Symbol,Price,Date,Volume,Rating,RatingVoteCount,OneYearEstimate
TFSCU,NULL,1440433202204,0,Not yet rated,NULL,N/A
FCTY,NULL,1440433202229,0,100% bullish,of 1 rating,$8.50
PIH,$6.9799,1440433202265,"5,700",100% bearish,of 1 rating,N/A
FLWS,$9.3,1440433202399,"101,442",100% bullish,of 5 ratings,$15
TFSCW,NULL,1440433202453,0,100% bearish,of 1 rating,N/A
FCCY,NULL,1440433202479,0,100% bullish,of 1 rating,$13
TFSCR,NULL,1440433202499,0,Not yet rated,NULL,N/A
SRCE,$29.71,1440433202634,"9,061",100% bullish,of 3 ratings,$33
DGLD,$76.021,1440433202665,"17,354",100% bearish,of 1 rating,N/A
VNET,$18,1440433202735,"976,365",60% bullish,of 5 ratings,$29.50
TWOU,$34.4,1440433202768,"135,625",50% bullish,of 2 ratings,$39
UGLD,$9.93,1440433202864,"263,038",100% bearish,of 1 rating,N/A
USLV,$13.5162,1440433202998,"318,413",86% bullish,of 7 ratings,N/A
JOBS,$24.82,1440433203028,"160,057",50% bullish,of 4 ratings,$36
TFSC,NULL,1440433203059,0,100% bearish,of 1 rating,N/A
DSLV,$65.505,1440433203084,"30,405",100% bearish,of 1 rating,N/A
SIXD,$1.34,1440433203412,"50,447",Not yet rated,NULL,N/A
EGHT,$8.05,1440433203437,"183,738",82% bullish,of 17 ratings,$11
AVHI,$13.6,1440433203508,"5,544",100% bearish,of 1 rating,$19
AAON,$21.05,1440433203567,"29,782",100% bearish,of 1 rating,$24
CAFD,$15.27,1440433203589,"177,315",Not yet rated,NULL,$25
SHLM,$34.01,1440433203621,"31,518",100% bearish,of 1 rating,$50
ABY,$19.38,1440433203641,"298,987",100% bearish,of 2 ratings,$46
ABAX,$46.83,1440433203670,"34,492",100% bearish,of 1 rating,$60
ABGB,$4.47,1440433203871,"44,039",67% bullish,of 3 ratings,$5.50
ABMD,$94.5,1440433204031,"469,330",75% bullish,of 4 ratings,$100.50
ABEOW,$1.5,1440433204057,"1,350",100% bullish,of 1 rating,N/A
ABEO,$4.6033,1440433204082,"109,468",67% bullish,of 3 ratings,$15.50
AXAS,$1.565,1440433204132,"415,737",78% bullish,of 9 ratings,$3.50
ACHC,$71.3899,1440433204326,"467,653",50% bullish,of 2 ratings,$92
ACTG,$8.58,1440433204358,"123,298",67% bullish,of 3 ratings,$18.50
ACST,$0.33,1440433204379,"9,915",100% bullish,of 2 ratings,N/A
AXDX,$18.26,1440433204419,"63,286",100% bearish,of 1 rating,N/A
ACAD,$35.415,1440433204457,"417,090",80% bullish,of 20 ratings,$48
XLRN,$27.8,1440433204525,"68,539",50% bullish,of 2 ratings,$57
ARAY,$6.45,1440433204556,"541,240",100% bearish,of 1 rating,$10.50
ANCX,$18.65,1440433204582,"14,318",Not yet rated,NULL,$19
VXDN,$2.6869,1440433204741,"420,412",100% bearish,of 1 rating,N/A
VXUP,$2.3895,1440433204768,"409,070",Not yet rated,NULL,N/A
ACRX,$4,1440433204898,"157,715",67% bearish,of 6 ratings,$5.50
AKAO,$6.2208,1440433205034,"86,866",75% bullish,of 4 ratings,$15
ACHN,$7.49,1440433205063,"1,313,912",90% bullish,of 21 ratings,$16
ACET,$23.4,1440433205164,"28,267",75% bullish,of 4 ratings,$30
ACNB,$20.1086,1440433205225,"12,944",Not yet rated,NULL,N/A
ACIW,$21.76,1440433205254,"125,040",50% bullish,of 2 ratings,$24
ACPW,$1.817,1440433205310,"49,363",100% bullish,of 4 ratings,$3.50
ACOR,$30,1440433205338,"147,281",67% bearish,of 3 ratings,$38.50
ACTS,$1.45,1440433205368,"28,800",100% bearish,of 1 rating,N/A
ATVI,$26.84,1440433205503,"2,433,530",68% bullish,of 84 ratings,$31.50
ACTA,$13.46,1440433205530,"42,326",67% bearish,of 3 ratings,$25
ACUR,$0.5901,1440433205701,"21,999",100% bullish,of 5 ratings,$1
ADMS,$19.35,1440433205829,"29,466",100% bearish,of 2 ratings,$36
ACXM,$20.02,1440433205856,"219,410",67% bullish,of 3 ratings,N/A
ADMP,$3.63,1440433205884,"26,999",50% bullish,of 2 ratings,$10
ADAP,$12.065,1440433206016,"48,466",67% bullish,of 3 ratings,$22
AEY,$2.2603,1440433206050,"4,500",100% bearish,of 2 ratings,N/A
ADBE,$77.24,1440433206102,"1,658,552",65% bullish,of 17 ratings,$90
ADEP,$6.56,1440433206148,"33,767",50% bullish,of 2 ratings,$10.75
ADUS,$28.77,1440433206178,"15,494",100% bearish,of 1 rating,$31
ADMA,$9.2575,1440433206307,"9,320",Not yet rated,NULL,$19
AMD,$1.77,1440433206404,"4,663,685",83% bullish,of 103 ratings,$2
ADRO,$18.605,1440433206450,"180,620",80% bullish,of 5 ratings,$45.50
ADTN,$15.32,1440433206484,"88,824",67% bullish,of 3 ratings,$17.125
AEIS,$24.09,1440433206535,"125,973",50% bullish,of 2 ratings,$32.50
ADXS,$14.41,1440433206741,"347,797",64% bullish,of 14 ratings,$27
ADXSW,$9.62,1440433206768,"6,078",100% bullish,of 1 rating,N/A
MULT,NULL,1440433206848,0,100% bearish,of 1 rating,N/A
AEGR,$17.71,1440433206952,"143,062",50% bullish,of 6 ratings,$26
YPRO,$23.2,1440433206977,400,100% bearish,of 1 rating,N/A
AEGN,$18.12,1440433207009,"43,077",100% bearish,of 1 rating,$21
AEHR,$2.211,1440433207108,"20,050",50% bullish,of 2 ratings,N/A
AVAV,$23.7903,1440433207250,"74,542",50% bullish,of 4 ratings,$31
AEPI,$55.56,1440433207278,"11,142",100% bearish,of 1 rating,N/A
AMTX,$2.75,1440433207299,"11,460",50% bullish,of 2 ratings,$26.11
AERI,$16.29,1440433207351,"266,198",75% bullish,of 4 ratings,$31.50
AEMD,$6.77,1440433207447,"18,468",Not yet rated,NULL,$27.50
AEZS,$0.0901,1440433207475,"5,490,448",90% bullish,of 21 ratings,$1.50
AFMD,$10.34,1440433207532,"79,108",50% bullish,of 4 ratings,$15
AGRX,$8.405,1440433207757,"17,766",100% bearish,of 1 rating,$17.50
AGEN,$6.82,1440433207793,"540,343",85% bullish,of 13 ratings,$14
AGIO,$83.11,1440433207883,"234,431",88% bullish,of 8 ratings,$114
AGYS,$9.47,1440433207910,"7,036",100% bearish,of 1 rating,N/A
AFFX,$9.02,1440433207945,"272,920",80% bullish,of 5 ratings,$12
AIMT,$20.3399,1440433207983,"51,411",Not yet rated,NULL,N/A
AGFSW,$1.85,1440433208044,"16,028",100% bearish,of 2 ratings,N/A
AGFS,$9.975,1440433208065,"32,684",100% bearish,of 1 rating,N/A
AMCN,$4.43,1440433208402,"717,679",83% bullish,of 6 ratings,N/A
AIRT,$21.83,1440433208433,16,100% bullish,of 1 rating,N/A
ATSG,$8.86,1440433208454,"83,905",67% bullish,of 3 ratings,$13
AIRM,$36.08,1440433208476,"72,696",80% bearish,of 5 ratings,$53
AIXG,$5.7601,1440433208534,"12,369",67% bearish,of 3 ratings,$5.25
AKAM,$67.66,1440433208611,"977,596",63% bullish,of 8 ratings,$77
AKER,$2.618,1440433208665,"21,468",Not yet rated,NULL,N/A
AKBA,$6.66,1440433208816,"94,451",100% bearish,of 1 rating,$18
AKRX,$39.41,1440433208855,"518,371",78% bullish,of 9 ratings,$56
ALSK,$2.08,1440433208916,"78,379",78% bullish,of 18 ratings,$2
ALRM,$15.995,1440433208949,"114,884",100% bearish,of 1 rating,$22
AMRI,$19.62,1440433209050,"124,270",75% bearish,of 4 ratings,$24
ADHD,$8.36,1440433209077,"123,307",50% bullish,of 4 ratings,$18
ABDC,$12.3199,1440433209106,"82,663",Not yet rated,NULL,$15
ALDX,$7.36,1440433209414,"9,738",100% bearish,of 1 rating,$14.50
ALDR,$37.2,1440433209461,"242,481",67% bearish,of 3 ratings,$62
ALXN,$171.92,1440433209607,"761,127",88% bullish,of 8 ratings,$223
ALIM,$3.11,1440433209739,"64,976",80% bullish,of 5 ratings,$10
ALGT,$214.61,1440433209767,"39,663",100% bearish,of 1 rating,$235
ALGN,$56.01,1440433209794,"147,442",100% bearish,of 2 ratings,$73
ALXA,$1.1,1440433209822,"7,160",83% bullish,of 6 ratings,$2.125
ALCO,$41.45,1440433209955,"3,479",50% bullish,of 2 ratings,N/A
ALKS,$59.43,1440433210001,"330,601",67% bullish,of 3 ratings,$75
AFOP,$17.0599,1440433210146,"141,813",75% bullish,of 8 ratings,$21
AIQ,$14.36,1440433210194,"6,274",67% bullish,of 3 ratings,N/A
AHGP,$35.48,1440433210279,"35,332",67% bullish,of 3 ratings,N/A
ALLB,$22.87,1440433210329,"1,595",Not yet rated,NULL,N/A
AMOT,$17.925,1440433210457,"35,437",100% bearish,of 1 rating,N/A
ARLP,$23.9941,1440433210483,"191,607",67% bearish,of 3 ratings,$32
ALQA,$4.28,1440433210737,"18,378",75% bullish,of 4 ratings,$8.50
AFAM,$44.91,1440433210807,"33,126",50% bullish,of 2 ratings,$44
ALLT,$5.25,1440433210838,"40,424",75% bullish,of 4 ratings,$6.25
ALNY,$97.94,1440433210902,"297,890",67% bullish,of 3 ratings,$148.50
AOSL,$7.42,1440433210972,"16,559",67% bullish,of 3 ratings,$9
AHPI,$1.4526,1440433211072,"1,189",50% bullish,of 2 ratings,N/A
MDRX,$13.445,1440433211227,"806,486",60% bullish,of 5 ratings,$16
ALTR,$47.46,1440433211340,"1,562,534",80% bearish,of 5 ratings,$54
ASPS,$27.49,1440433211398,"158,858",67% bullish,of 3 ratings,$46.50
SMCP,NULL,1440433211467,0,Not yet rated,NULL,N/A
AIMC,$25.19,1440433211540,"25,121",100% bearish,of 1 rating,$28.50
AMAG,$59.52,1440433211565,"269,026",100% bullish,of 2 ratings,$77.50
ATEC,$0.5521,1440433211592,"109,314",100% bullish,of 1 rating,$2
AMRK,$10.51,1440433211789,"2,029",50% bullish,of 2 ratings,$14
AYA,$21.31,1440433211815,"63,134",100% bearish,of 1 rating,$40
AMBC,$15.31,1440433211947,"100,112",100% bearish,of 1 rating,$16.50
AMZN,$487.2,1440433211973,"2,971,905",81% bullish,of 263 ratings,$646
AMBA,$92.79,1440433211994,"2,280,476",83% bullish,of 12 ratings,$102.50
EPAX,$2.66,1440433212186,"26,750",100% bearish,of 1 rating,N/A
AMCX,$67.69,1440433212338,"232,990",67% bullish,of 3 ratings,$87.50
AMRN,$2.05,1440433212402,"764,561",85% bullish,of 39 ratings,$8
AMDA,$0.4389,1440433212465,"989,977",90% bullish,of 10 ratings,$1
AMED,$39.44,1440433212595,"124,827",100% bearish,of 1 rating,$42
UHAL,$357,1440433212628,"13,646",100% bullish,of 2 ratings,$393.50
AMBCW,NULL,1440433212677,0,100% bearish,of 1 rating,N/A
AAL,$39.415,1440433212822,"6,172,345",93% bullish,of 88 ratings,$57
ATAX,$5.2317,1440433212872,"184,532",100% bullish,of 1 rating,$6.50
ASBI,$22.3002,1440433212958,650,Not yet rated,NULL,N/A
DOX,$57.445,1440433213007,"250,953",50% bullish,of 2 ratings,$60
AGNC,$19.62,1440433213051,"2,121,610",75% bullish,of 28 ratings,$22
AGNCB,$24.06,1440433213107,"3,803",Not yet rated,NULL,N/A
AGNCP,$25.2271,1440433213388,"10,643",Not yet rated,NULL,N/A
MTGEP,$24.2299,1440433213435,"5,300",Not yet rated,NULL,N/A
MTGE,$15.55,1440433213464,"234,044",75% bullish,of 4 ratings,$19.50
ACSF,$12.1299,1440433213567,"10,779",100% bearish,of 1 rating,$15
ANCI,$1.42,1440433213711,454,100% bearish,of 1 rating,N/A
AMOV,$17.35,1440433213744,"2,847",100% bearish,of 1 rating,N/A
AETI,$4.2,1440433213841,338,67% bearish,of 3 ratings,N/A
AMIC,NULL,1440433213866,0,Not yet rated,NULL,N/A
AMNB,$22.85,1440433213939,"8,184",Not yet rated,NULL,$25.50
ANAT,$99.31,1440433214010,"17,357",100% bullish,of 1 rating,N/A
APEI,$21.44,1440433214077,"17,840",100% bearish,of 1 rating,$25.50
ACAS,$13.465,1440433214180,"612,287",60% bullish,of 5 ratings,$16.75
ARII,$38.65,1440433214205,"101,069",67% bearish,of 3 ratings,$45
ASEI,$39.13,1440433214343,"13,023",100% bearish,of 1 rating,$52.50
AMRB,$9.99,1440433214493,"5,701",Not yet rated,NULL,$11
AMSC,$3.62,1440433214520,"52,270",50% bullish,of 4 ratings,N/A
AMSWA,$9.18,1440433214551,"32,945",100% bearish,of 2 ratings,$10.75
CRMT,$37.16,1440433214649,"18,176",100% bearish,of 1 rating,$39
ABCB,$27.23,1440433214676,"57,358",Not yet rated,NULL,$31
AMWD,$67.87,1440433214706,"94,175",50% bullish,of 2 ratings,$53
AMSF,$48.55,1440433214811,"18,435",Not yet rated,NULL,$57.50
ASRVP,$27.5,1440433214887,400,Not yet rated,NULL,N/A
ATLO,$24.29,1440433215026,"5,920",Not yet rated,NULL,N/A
AMGN,$152.919,1440433215052,"2,369,161",89% bullish,of 19 ratings,$185
ASRV,$3.22,1440433215073,700,100% bullish,of 2 ratings,N/A
FOLD,$14.16,1440433215113,"603,108",56% bullish,of 9 ratings,$21
AMKR,$4.73,1440433215204,"533,123",100% bearish,of 2 ratings,$5
AMPH,$13.61,1440433215294,"51,815",50% bullish,of 2 ratings,$20
AMRS,$1.6,1440433215558,"105,312",70% bullish,of 10 ratings,N/A
AFSI,$57.275,1440433215608,"370,227",60% bullish,of 5 ratings,$72
ANAD,$0.31,1440433215637,"123,663",100% bullish,of 2 ratings,$.50
AMSGP,NULL,1440433215658,0,Not yet rated,NULL,N/A
AMSG,$79.58,1440433215686,"196,752",100% bearish,of 1 rating,$85.50
ASYS,$5.1,1440433215717,"22,644",67% bullish,of 3 ratings,$12
ANAC,$126.68,1440433215738,"222,362",80% bullish,of 5 ratings,$180.50
ADI,$53.6001,1440433215936,"1,810,967",67% bullish,of 3 ratings,$69
ALOG,$80.01,1440433216007,"29,885",100% bearish,of 2 ratings,$100.50
AMCF,$0.27,1440433216144,"19,365",100% bullish,of 7 ratings,N/A
ANCB,$22.14,1440433216170,100,Not yet rated,NULL,$23
ANGI,$4.73,1440433216219,"325,377",64% bullish,of 11 ratings,$5.50
ABCW,$39.22,1440433216251,"4,832",67% bullish,of 3 ratings,N/A
ANGO,$14.57,1440433216351,"20,902",67% bullish,of 3 ratings,$19
ANIP,$49.55,1440433216377,"78,429",89% bullish,of 19 ratings,$66
ANSS,$88.92,1440433216505,"172,306",100% bearish,of 1 rating,$100
ANIK,$33.65,1440433216554,"43,629",60% bullish,of 5 ratings,$51.25
ANTH,$7.4104,1440433216600,"801,289",80% bullish,of 10 ratings,$13
ATRS,$1.84,1440433216634,"400,605",92% bullish,of 12 ratings,$4.50
ABAC,$0.6499,1440433216687,"20,314",100% bearish,of 1 rating,N/A
APOG,$50.32,1440433216877,"64,064",100% bullish,of 1 rating,$67
ATNY,$2.4,1440433216952,"3,301",50% bullish,of 2 ratings,$3.75
APIC,$6.3201,1440433216978,"88,187",100% bearish,of 1 rating,$19
AINV,$6.3994,1440433217034,"1,256,612",50% bullish,of 4 ratings,$8
APPF,$16,1440433217167,"24,936",50% bullish,of 2 ratings,$22
AAPL,$107.83,1440433217198,"60,578,476",86% bullish,of 2341 ratings,$150
APOL,$11,1440433217228,"442,067",87% bearish,of 68 ratings,$14
APDN,$3.0499,1440433217334,"40,387",Not yet rated,NULL,$9
ARCI,$1.3,1440433217363,362,Not yet rated,NULL,N/A
AGTC,$15.35,1440433217396,"21,942",50% bullish,of 2 ratings,$33
APDNW,$1.1442,1440433217468,"6,573",Not yet rated,NULL,N/A
AMAT,$15.305,1440433217497,"7,597,358",82% bullish,of 11 ratings,$23
AAOI,$19.13,1440433217649,"196,214",50% bullish,of 4 ratings,$26
AMCC,$5.33,1440433217678,"350,791",80% bullish,of 5 ratings,$8
AREX,$2.05,1440433217755,"394,557",100% bearish,of 1 rating,$3
APRI,$1.26,1440433217812,"84,292",83% bullish,of 6 ratings,$4.86
APTO,$4.69,1440433218017,"4,351",Not yet rated,NULL,$17
AQXP,$18.995,1440433218051,"323,814",50% bullish,of 2 ratings,$2
AQMS,$4.7,1440433218077,"5,586",Not yet rated,NULL,N/A
AUMA,$9.75,1440433218150,400,Not yet rated,NULL,N/A
AUMAU,$9.97,1440433218176,600,Not yet rated,NULL,N/A
ARDM,$6.9001,1440433218233,150,100% bullish,of 1 rating,$26
PETX,$17.05,1440433218261,"164,576",100% bearish,of 2 ratings,$26
AUMAW,NULL,1440433218281,0,Not yet rated,NULL,N/A
ARCW,$3.42,1440433218534,"2,886",100% bearish,of 2 ratings,$10.50
ABIO,$0.8537,1440433218564,"162,395",50% bullish,of 2 ratings,$3.75
ABUS,$6.97,1440433218691,"186,477",86% bullish,of 14 ratings,$23
RKDA,$5.6,1440433218716,"4,686",100% bearish,of 2 ratings,$10
ACGL,$68.8,1440433218742,"169,100",50% bullish,of 2 ratings,$72
ARCB,$29.09,1440433218788,"88,812",67% bearish,of 3 ratings,$39.50
ACAT,$25.89,1440433218969,"111,809",100% bearish,of 3 ratings,$33
ARCC,$14.94,1440433219002,"2,225,726",67% bearish,of 3 ratings,$17.875
ARNA,$2.8,1440433219031,"1,029,727",90% bullish,of 77 ratings,$5.50
ARDX,$17.21,1440433219101,"25,217",50% bullish,of 2 ratings,$24.50
AGII,$56.035,1440433219131,"59,114",Not yet rated,NULL,$59.50
ARGS,$6.06,1440433219230,"67,159",50% bullish,of 2 ratings,$19.50
AGIIL,$25.09,1440433219282,"5,851",Not yet rated,NULL,N/A
ARIS,$3.16,1440433219330,"1,829",Not yet rated,NULL,$4.50
ARIA,$6.67,1440433219435,"1,266,845",87% bullish,of 46 ratings,$9
ARKR,$24.5505,1440433219640,"2,600",50% bullish,of 2 ratings,N/A
ARTX,$1.4349,1440433219712,"154,063",88% bullish,of 16 ratings,$4.50
ARWA,NULL,1440433219773,0,Not yet rated,NULL,N/A
ARWAU,$10.2,1440433219804,400,100% bullish,of 1 rating,N/A
ARMH,$40.83,1440433219825,"1,225,594",54% bearish,of 13 ratings,$61
ARQL,$1.6112,1440433219880,"108,773",75% bullish,of 4 ratings,$5
ARWAR,NULL,1440433219909,0,Not yet rated,NULL,N/A
ARWAW,$0.1051,1440433219961,"1,436",Not yet rated,NULL,N/A
ARRY,$5.38,1440433220011,"626,475",100% bullish,of 7 ratings,$10
ARRS,$26.01,1440433220168,"426,887",50% bullish,of 2 ratings,$38
AROW,$26.9514,1440433220296,"17,041",Not yet rated,NULL,N/A
DWAT,$9.72,1440433220322,"4,353",100% bearish,of 1 rating,N/A
ARWR,$5.2,1440433220351,"774,758",75% bullish,of 4 ratings,$10.50
ARTW,$4.35,1440433220455,"2,393",75% bearish,of 4 ratings,N/A
ARTNA,$22.166,1440433220505,"10,586",100% bearish,of 1 rating,$29
ASBB,$23.75,1440433220611,400,Not yet rated,NULL,N/A
ASNA,$11.25,1440433220709,"1,234,215",50% bullish,of 2 ratings,$18
ASND,$17.89,1440433220742,"22,495",100% bullish,of 1 rating,$30
ASCMA,$27.76,1440433220770,"33,323",100% bearish,of 1 rating,$45
ASMI,NULL,1440433220798,0,NULL,NULL,NULL
APWC,$1.8001,1440433220840,"1,602",100% bearish,of 1 rating,N/A
ASTI,$0.111,1440433220904,"669,084",83% bullish,of 6 ratings,$3
ASML,$88.26,1440433221037,"1,003,226",50% bullish,of 4 ratings,$127
AZPN,$38.23,1440433221211,"361,001",50% bullish,of 2 ratings,$42
ASMB,$13.0499,1440433221255,"24,580",67% bullish,of 3 ratings,N/A
ASFI,$8.94,1440433221283,"7,112",100% bullish,of 1 rating,N/A
ASTE,$36.64,1440433221353,"23,572",100% bearish,of 1 rating,$48
ATRO,$52.04,1440433221380,"47,888",100% bearish,of 2 ratings,$80
ASUR,$5.452,1440433221508,"4,670",100% bearish,of 1 rating,$8
ALOT,$12.22,1440433221534,122,100% bearish,of 1 rating,N/A
ASTC,$1.96,1440433221560,"41,102",100% bullish,of 5 ratings,N/A
ATAI,$2.31,1440433221786,"10,625",100% bearish,of 1 rating,N/A
ATRA,$40.96,1440433221813,"94,846",50% bullish,of 2 ratings,$68
ATHN,$130.7,1440433221834,"160,562",67% bearish,of 3 ratings,$153
ATHX,$1.16,1440433221884,"162,501",89% bullish,of 9 ratings,$5
AFCB,$28.75,1440433221910,300,Not yet rated,NULL,N/A
AAPC,$10.1,1440433221978,313,Not yet rated,NULL,N/A
AAME,$3.5999,1440433222036,799,Not yet rated,NULL,N/A
ACFC,$5.8501,1440433222304,"30,612",Not yet rated,NULL,$6.50
AAWW,$40.28,1440433222332,"199,127",50% bullish,of 2 ratings,$65
ATNI,$73.12,1440433222357,"30,487",100% bearish,of 1 rating,$69.50
ATLC,$3.8301,1440433222387,"6,859",67% bullish,of 3 ratings,N/A
ATML,$6.83,1440433222460,"2,404,992",78% bullish,of 9 ratings,$9.50
ATOS,$0.7948,1440433222524,"123,360",100% bullish,of 7 ratings,$7
AFH,$16.45,1440433222552,"18,160",Not yet rated,NULL,$21.50
ATRC,$24.6,1440433222577,"107,146",100% bullish,of 1 rating,$30
ATRM,$2.919,1440433222756,105,50% bullish,of 2 ratings,N/A
ATRI,$381.17,1440433222855,562,Not yet rated,NULL,N/A
ATTU,$12.94,1440433222880,"65,198",100% bearish,of 1 rating,$20.50
LIFE,$13.62,1440433222910,"22,840",86% bullish,of 7 ratings,$43
AUBN,$26.5,1440433223011,857,Not yet rated,NULL,N/A
AUDC,$3.05,1440433223052,"53,149",80% bullish,of 5 ratings,$5
AUPH,$3.12,1440433223080,"24,298",100% bearish,of 1 rating,$8
EARS,$4.85,1440433223214,"57,932",100% bearish,of 2 ratings,$11.50
ABTL,$17.82,1440433223271,"87,841",100% bullish,of 4 ratings,$20.25
ADAT,$0.1248,1440433223301,"2,352",100% bullish,of 2 ratings,N/A
ADSK,$50.35,1440433223321,"1,176,987",83% bullish,of 6 ratings,$69.50
ADP,$77.18,1440433223405,"1,872,352",100% bearish,of 1 rating,$88
AAVL,$10.7,1440433223494,"149,488",100% bearish,of 1 rating,$20
AVGO,$113.03,1440433223542,"1,851,813",88% bullish,of 8 ratings,$160
AVNU,$12.5,1440433223624,"6,102",Not yet rated,NULL,$14
AVEO,$1.3165,1440433223768,"717,536",75% bullish,of 8 ratings,$3
AVNW,$1.18,1440433223842,"57,796",50% bullish,of 2 ratings,$2.20
AVID,$8.11,1440433223909,"270,607",100% bearish,of 1 rating,$20
CAR,$41.83,1440433223972,"1,216,565",80% bullish,of 5 ratings,$60
AWRE,$3.13,1440433224001,"8,166",67% bullish,of 3 ratings,N/A
ACLS,$3.28,1440433224054,"349,553",67% bullish,of 6 ratings,$4.75
AVGR,$14,1440433224082,"25,303",100% bearish,of 1 rating,$20
AXPW,$1.1435,1440433224108,"33,309",83% bullish,of 6 ratings,N/A
AXPWW,NULL,1440433224275,0,Not yet rated,NULL,N/A
AXGN,$3.92,1440433224306,"12,425",Not yet rated,NULL,$5
BCOM,$17.29,1440433224439,"1,000",100% bearish,of 1 rating,N/A
RILY,$9.66,1440433224466,405,Not yet rated,NULL,N/A
AXTI,$2.1142,1440433224490,"14,709",50% bullish,of 2 ratings,$2.75
BOSC,$2.22,1440433224599,"3,266",50% bullish,of 2 ratings,N/A
BEAV,$47.55,1440433224654,"448,313",67% bearish,of 3 ratings,$59
BIDU,$143.79,1440433224712,"3,945,373",81% bullish,of 88 ratings,$210
BLDP,$1.2,1440433224817,"479,181",91% bullish,of 22 ratings,$2.50
BWINA,NULL,1440433224843,0,Not yet rated,NULL,N/A
BWINB,$22.725,1440433224901,"11,076",Not yet rated,NULL,N/A
BCPC,$57.78,1440433224970,"41,042",100% bearish,of 1 rating,$75
BANF,$59.865,1440433224999,"2,420",Not yet rated,NULL,$68
BANFP,$27.38,1440433225106,603,Not yet rated,NULL,N/A
BOCH,$5.7,1440433225160,"7,084",Not yet rated,NULL,$6.50
BMRC,$47.9,1440433225301,"3,059",Not yet rated,NULL,$52
BKSC,$15.28,1440433225364,"3,921",Not yet rated,NULL,N/A
BKMU,$6.87,1440433225396,"32,508",Not yet rated,NULL,$8
BFIN,$11.82,1440433225533,"12,240",Not yet rated,NULL,$13
OZRK,$39.98,1440433225564,"293,453",67% bullish,of 3 ratings,$49.50
BOTJ,$11.11,1440433225589,"1,969",Not yet rated,NULL,N/A
BANR,$44.65,1440433225685,"15,070",100% bullish,of 3 ratings,$50
BZUN,$4.89,1440433225714,"424,561",50% bullish,of 2 ratings,$12.60
BWFG,$17.85,1440433225747,772,100% bearish,of 1 rating,N/A
TAPR,$28.49,1440433225844,"2,459",100% bearish,of 1 rating,N/A
BHAC,NULL,1440433225876,0,Not yet rated,NULL,N/A
BHACU,NULL,1440433225986,0,Not yet rated,NULL,N/A
BHACW,NULL,1440433226027,0,Not yet rated,NULL,N/A
BHACR,NULL,1440433226070,0,Not yet rated,NULL,N/A
BBSI,$33.96,1440433226203,"44,277",67% bearish,of 3 ratings,$62.50
BYBK,NULL,1440433226341,0,100% bearish,of 1 rating,N/A
BYLK,$12.65,1440433226407,"3,500",Not yet rated,NULL,$14
BV,$5.13,1440433226441,"149,638",67% bullish,of 6 ratings,$9
BCBP,$11.5,1440433226575,"6,199",Not yet rated,NULL,N/A
BDCV,$4.89,1440433226605,"4,764",100% bearish,of 1 rating,$10.19
BBCN,$14.49,1440433226629,"108,014",100% bearish,of 1 rating,$16
BSET,$28.42,1440433226659,"15,564",100% bearish,of 1 rating,$35
BSF,$8.79,1440433226793,"10,342",Not yet rated,NULL,N/A
BECN,$35.19,1440433226820,"115,844",50% bullish,of 2 ratings,$40
BBGI,NULL,1440433227000,0,100% bearish,of 1 rating,N/A
BBBY,$60.85,1440433227025,"1,039,123",71% bullish,of 7 ratings,$75
BEBE,$1.76,1440433227050,"64,457",75% bullish,of 4 ratings,$3.075
BELFA,$14.19,1440433227212,"1,210",100% bearish,of 1 rating,N/A
BLPH,$4.82,1440433227238,"12,500",100% bearish,of 1 rating,$12.50
BNCL,$12.56,1440433227367,"109,407",100% bullish,of 3 ratings,$12.50
BLCM,$17.21,1440433227392,"120,382",50% bullish,of 4 ratings,$40
BNTC,$7.9999,1440433227455,"4,910",100% bullish,of 1 rating,N/A
BELFB,$17.88,1440433227482,"8,582",100% bearish,of 1 rating,N/A
BNFT,$35.91,1440433227503,"27,852",67% bullish,of 3 ratings,$46
BGMD,$0.7804,1440433227541,"108,984",100% bullish,of 10 ratings,N/A
BGCP,$8.66,1440433227672,"620,237",88% bullish,of 8 ratings,$14
BGFV,$10.63,1440433227822,"56,755",57% bullish,of 7 ratings,$12
ORPN,$4.82,1440433227873,"24,295",100% bullish,of 1 rating,$28.50
BIND,$4.31,1440433227898,"58,243",75% bullish,of 4 ratings,$13.50
BASI,$1.45,1440433227978,"5,770",Not yet rated,NULL,N/A
BCDA,NULL,1440433228050,0,Not yet rated,NULL,N/A
BCRX,$12,1440433228114,"186,078",63% bullish,of 8 ratings,$18
BIOC,$1.99,1440433228144,"214,416",83% bullish,of 6 ratings,$3.85
BIOD,$0.68,1440433228215,"46,149",80% bullish,of 5 ratings,$4
BIIB,$292.15,1440433228244,"1,431,616",88% bullish,of 16 ratings,$400
BIOL,$1.363,1440433228312,"52,317",Not yet rated,NULL,N/A
BDSI,$6.4,1440433228341,"325,675",88% bullish,of 8 ratings,$17
BLFS,$1.9679,1440433228473,"51,659",100% bearish,of 1 rating,$4.75
BMRN,$123.82,1440433228507,"603,768",80% bullish,of 5 ratings,$160
BLRX,$1.3201,1440433228534,"225,965",100% bullish,of 12 ratings,$5
BVXV,$3.58,1440433228672,"30,443",Not yet rated,NULL,N/A
BRLI,NULL,1440433228773,0,NULL,NULL,NULL
BPTH,$1.06,1440433228818,"164,491",100% bullish,of 2 ratings,$5
BVXVW,$0.7,1440433228879,"23,742",100% bearish,of 1 rating,N/A
BBC,$30.17,1440433228950,"26,793",Not yet rated,NULL,N/A
BSTC,$48.49,1440433228977,"25,580",100% bearish,of 1 rating,$76
BIOS,$1.81,1440433229012,"345,179",71% bullish,of 7 ratings,$4
BSPM,$0.62,1440433229118,"47,531",50% bullish,of 2 ratings,N/A
BBP,$31.42,1440433229149,"62,302",Not yet rated,NULL,N/A
BOTA,$2.18,1440433229175,"48,707",88% bullish,of 8 ratings,N/A
BITI,$17.05,1440433229321,"6,424",100% bullish,of 1 rating,$28
BEAT,$14.13,1440433229406,"198,704",67% bearish,of 3 ratings,$15
TECH,$98.03,1440433229462,"64,544",100% bullish,of 1 rating,$117
BDMS,$12.693,1440433229597,100,100% bearish,of 1 rating,N/A
BBOX,$15.45,1440433229669,"17,691",100% bearish,of 1 rating,N/A
BLKB,$58.32,1440433229695,"30,910",100% bearish,of 2 ratings,$66
BJRI,$44.31,1440433229716,"99,007",50% bullish,of 2 ratings,$55
BDE,$7.3,1440433229758,"165,224",50% bullish,of 2 ratings,$9
HAWK,$40.7,1440433229860,"339,199",91% bullish,of 11 ratings,$49
BBRY,$7.25,1440433229892,"4,731,231",61% bullish,of 330 ratings,$9
ADRD,$21.505,1440433229913,"21,451",100% bearish,of 1 rating,N/A
ADRA,$25.44,1440433230106,"5,588",100% bearish,of 1 rating,N/A
BKCC,$8.95,1440433230141,"635,673",100% bullish,of 2 ratings,$10
ADRE,$28.55,1440433230184,"40,413",100% bearish,of 1 rating,N/A
ADRU,$21.25,1440433230284,"10,171",100% bearish,of 1 rating,N/A
BLMN,$20.05,1440433230335,"468,290",83% bullish,of 6 ratings,$27.50
BLBD,$11.57,1440433230441,"1,075",Not yet rated,NULL,N/A
BCOR,$13.52,1440433230468,"88,995",57% bullish,of 7 ratings,$15
BUFF,$26.49,1440433230549,"269,485",83% bullish,of 12 ratings,$31.50
NILE,$32.85,1440433230617,"61,390",50% bullish,of 2 ratings,$34
BLUE,$124.2,1440433230682,"317,833",71% bullish,of 7 ratings,$217.50
BBLU,$0.7601,1440433230708,"113,493",100% bullish,of 2 ratings,$4.43
BHBK,$14.04,1440433230729,"49,538",100% bullish,of 1 rating,$14.50
BKEP,$6.52,1440433230930,"19,152",100% bearish,of 1 rating,$8.50
BKEPP,$7.7,1440433230958,"2,350",100% bearish,of 1 rating,N/A
BPMC,$25.5,1440433230983,"97,544",50% bullish,of 2 ratings,$47.50
BNCN,$21.1,1440433231124,"20,984",Not yet rated,NULL,$23
BOBE,$43.98,1440433231264,"59,024",75% bullish,of 4 ratings,$57
BOFI,$123.34,1440433231292,"188,037",100% bullish,of 6 ratings,$144
BOKF,$60.71,1440433231320,"82,532",100% bearish,of 1 rating,$70.50
BONA,$11.03,1440433231346,"676,695",75% bullish,of 4 ratings,$8.50
WIFI,$7.75,1440433231372,"162,084",50% bullish,of 2 ratings,$13.50
BOJA,$20.48,1440433231510,"160,642",100% bullish,of 1 rating,$30
BAMM,$3.169,1440433231537,"45,302",60% bullish,of 5 ratings,N/A
BNSO,$1.2874,1440433231579,"5,915",100% bearish,of 1 rating,N/A
BPFH,$11.81,1440433231610,"122,595",100% bearish,of 1 rating,$14
BPFHP,NULL,1440433231714,0,100% bearish,of 1 rating,N/A
BPFHW,NULL,1440433231785,0,100% bearish,of 1 rating,N/A
EPAY,$25.46,1440433231843,"25,318",100% bearish,of 2 ratings,$30
BCLI,$2.78,1440433231991,"174,810",80% bullish,of 5 ratings,$12
BDBD,$8.35,1440433232017,"308,938",60% bullish,of 5 ratings,$10
BBRG,$12.38,1440433232059,"54,295",67% bullish,of 3 ratings,$14.50
BBEP,$2.22,1440433232098,"907,943",69% bullish,of 13 ratings,$5.625
BBEPP,$12.56,1440433232202,"33,853",100% bearish,of 1 rating,N/A
BDGE,$27.22,1440433232249,"5,144",Not yet rated,NULL,$31.75
BLIN,$1.2588,1440433232381,"5,700",50% bullish,of 2 ratings,$2.20
BRCM,$48.7,1440433232431,"1,981,209",75% bullish,of 12 ratings,$56
BRID,NULL,1440433232515,0,100% bearish,of 1 rating,N/A
BCOV,$5.29,1440433232569,"59,519",67% bullish,of 3 ratings,$10.20
BSFT,$31.13,1440433232597,"47,951",57% bullish,of 7 ratings,$40.50
BVSN,$5.65,1440433232618,"3,212",60% bearish,of 5 ratings,N/A
BYFC,$1.49,1440433232672,100,50% bullish,of 2 ratings,N/A
BWEN,$3.18,1440433232827,"16,790",100% bullish,of 3 ratings,$8
BRCD,$10.44,1440433232896,"1,623,630",92% bullish,of 13 ratings,$12
BRKR,$18.71,1440433232989,"132,307",100% bearish,of 2 ratings,$22
BRKS,$10.48,1440433233020,"43,747",67% bullish,of 3 ratings,$15.25
BRKL,$10.56,1440433233048,"114,490",100% bearish,of 1 rating,$10.75
BMTC,$29.22,1440433233127,"27,710",Not yet rated,NULL,$34
BLMT,$20.432,1440433233201,"3,172",Not yet rated,NULL,N/A
BSQR,$5.96,1440433233270,"52,867",67% bullish,of 3 ratings,N/A
BWLD,$191.96,1440433233303,"132,486",82% bullish,of 11 ratings,$205
BUR,$1.87,1440433233401,"12,102",100% bearish,of 1 rating,$8
BLDR,$14.74,1440433233502,"593,886",50% bullish,of 2 ratings,$22
CFFI,$35.01,1440433233540,744,100% bearish,of 1 rating,N/A
CHRW,$66.36,1440433233566,"1,070,963",Not yet rated,NULL,$72
CA,$27.05,1440433233631,"1,920,847",50% bullish,of 4 ratings,$33
CCMP,$43.69,1440433233714,"21,973",50% bullish,of 2 ratings,$59
CDNS,$19.65,1440433233854,"549,083",75% bullish,of 4 ratings,$22.50
CDZI,$7.23,1440433233958,"10,902",100% bearish,of 1 rating,N/A
CACQ,$7.02,1440433233983,"10,926",100% bearish,of 1 rating,$12.25
CSTE,$44.44,1440433234023,"242,774",100% bearish,of 1 rating,$65
CZR,$8.88,1440433234050,"825,492",60% bearish,of 5 ratings,$10.50
PRSS,$4.26,1440433234186,"14,692",80% bullish,of 5 ratings,$4.50
CLBS,$1.2786,1440433234212,"120,632",79% bullish,of 14 ratings,$4
CLMS,$10.71,1440433234295,"48,370",Not yet rated,NULL,$10.50
CHI,$10.26,1440433234375,"347,458",100% bearish,of 1 rating,N/A
CHY,$11.12,1440433234424,"452,709",Not yet rated,NULL,N/A
CCD,$18.92,1440433234453,"65,650",Not yet rated,NULL,N/A
CHW,$7.28,1440433234553,"262,366",100% bearish,of 1 rating,N/A
CGO,$11.6,1440433234615,"29,947",100% bearish,of 1 rating,N/A
CFGE,$10.43,1440433234654,"1,504",Not yet rated,NULL,N/A
CSQ,$9.56,1440433234748,"494,962",Not yet rated,NULL,N/A
CAMP,$15.27,1440433234837,"159,390",88% bullish,of 8 ratings,$25
CVGW,$55.1,1440433234867,"44,853",50% bullish,of 2 ratings,$58.50
CFNB,NULL,1440433234964,0,100% bearish,of 1 rating,N/A
CALA,$5.01,1440433235005,"183,061",100% bullish,of 3 ratings,$19.50
CALM,$48.66,1440433235047,"255,980",80% bullish,of 5 ratings,$65
CALD,$15.35,1440433235098,"99,330",100% bearish,of 1 rating,$20.50
CLMT,$24.32,1440433235125,"510,303",75% bullish,of 8 ratings,$31
CAMB,$9.95,1440433235288,100,Not yet rated,NULL,N/A
ABCD,$4.84,1440433235347,"38,296",83% bullish,of 6 ratings,N/A
CAMBU,NULL,1440433235371,0,100% bearish,of 1 rating,N/A
CAMBW,$0.1,1440433235534,"2,360",Not yet rated,NULL,N/A
CAC,$40.35,1440433235565,"3,725",Not yet rated,NULL,N/A
CAMT,$2.61,1440433235635,"73,984",73% bullish,of 11 ratings,$4
CSIQ,$17.3,1440433235665,"1,716,570",86% bullish,of 28 ratings,$45
CBNJ,$10.64,1440433235764,"42,874",100% bullish,of 1 rating,N/A
CGIX,$9.13,1440433235795,"24,203",67% bullish,of 3 ratings,$14.375
CPLA,$48.01,1440433235855,"20,185",67% bearish,of 3 ratings,$65
CPHC,$10.24,1440433235895,"4,211",100% bearish,of 1 rating,N/A
CBF,$29.42,1440433235996,"25,807",Not yet rated,NULL,$32
CSWC,$45.02,1440433236138,"23,586",Not yet rated,NULL,N/A
CPLP,$6.82,1440433236166,"406,186",71% bullish,of 7 ratings,$11
CCBG,$14.7614,1440433236187,"6,786",Not yet rated,NULL,$17.25
CPTA,$13.84,1440433236218,"65,720",100% bearish,of 1 rating,$18.50
CFFN,$11.94,1440433236361,"274,837",Not yet rated,NULL,$12.75
CAPN,$1.7,1440433236389,"101,199",100% bullish,of 1 rating,$10.85
CAPNW,$0.5001,1440433236444,300,Not yet rated,NULL,N/A
CPST,$0.3745,1440433236579,"526,837",95% bullish,of 22 ratings,$1.25
CARB,$11.15,1440433236662,"30,138",75% bullish,of 4 ratings,$12
CAPR,$4.14,1440433236692,"10,470",Not yet rated,NULL,$12
CARA,$20.12,1440433236717,"148,749",50% bullish,of 4 ratings,$25
CBYL,$5.8301,1440433236744,"18,095",100% bearish,of 1 rating,$20
CSII,$24.15,1440433237175,"65,888",100% bearish,of 2 ratings,$42.125
CECO,$3.62,1440433237276,"93,217",67% bearish,of 3 ratings,$6
CATM,$33.91,1440433237298,"107,913",100% bearish,of 1 rating,$44
CDNA,$6.32,1440433237333,"2,174",100% bearish,of 1 rating,$9
CRDC,$0.3795,1440433237358,"87,859",100% bullish,of 1 rating,$1.25
CFNL,$22.26,1440433237382,"40,553",Not yet rated,NULL,$24
CRME,$9.23,1440433237414,"20,099",89% bullish,of 9 ratings,$11.25
CTRE,$11.7,1440433237442,"136,296",50% bullish,of 2 ratings,N/A
CLBH,$12.55,1440433237725,923,Not yet rated,NULL,$16.50
CART,$5.35,1440433237756,120,100% bearish,of 1 rating,N/A
CARO,$15.32,1440433237787,"3,765",100% bearish,of 1 rating,$19
CKEC,$22.15,1440433237854,"79,684",50% bullish,of 2 ratings,$35.915
CRZO,$30.34,1440433237884,"455,053",67% bearish,of 3 ratings,$57
CARV,NULL,1440433238027,0,50% bullish,of 2 ratings,N/A
CRTN,NULL,1440433238060,0,100% bearish,of 1 rating,N/A
TAST,$11.71,1440433238090,"66,245",Not yet rated,NULL,$14.25
CASM,$1.1,1440433238156,"13,147",100% bullish,of 1 rating,$3.50
CACB,$5.31,1440433238186,"39,266",Not yet rated,NULL,$5.50
CSCD,$14.9,1440433238321,"36,434",100% bullish,of 2 ratings,$17
CASY,$104.53,1440433238406,"124,139",50% bullish,of 2 ratings,$99.50
CWST,$6.2,1440433238450,"90,754",50% bullish,of 2 ratings,$7.25
CASI,$1.45,1440433238475,"16,984",100% bullish,of 1 rating,$3.50
CASS,$46.41,1440433238622,"10,469",100% bearish,of 1 rating,N/A
CPRX,$3.43,1440433238931,"436,687",71% bullish,of 7 ratings,$7
CATB,$10.83,1440433238960,"11,921",100% bearish,of 1 rating,$28
CATYW,$8.92,1440433238990,700,100% bearish,of 1 rating,N/A
CATY,$29.4,1440433239012,"214,491",100% bearish,of 1 rating,$33.50
CVCO,$71.6316,1440433239033,"9,207",100% bearish,of 1 rating,N/A
CBFV,$20.65,1440433239071,"1,000",Not yet rated,NULL,N/A
CAVM,$65.99,1440433239166,"207,046",67% bearish,of 3 ratings,$72
CNLM,NULL,1440433239335,0,Not yet rated,NULL,N/A
CNLMR,NULL,1440433239391,0,Not yet rated,NULL,N/A
CNLMW,NULL,1440433239421,0,Not yet rated,NULL,N/A
CNLMU,$10.37,1440433239498,200,100% bullish,of 1 rating,N/A
CBOE,$61.37,1440433239524,"277,077",Not yet rated,NULL,$60
CECE,$9.34,1440433239879,"57,645",50% bullish,of 2 ratings,$16
CELG,$119.06,1440433239912,"3,709,168",92% bullish,of 13 ratings,$155.50
CDW,$38.21,1440433239934,"353,237",75% bullish,of 4 ratings,$44
CDK,$48.23,1440433239970,"679,390",67% bearish,of 3 ratings,$50
CPXX,$2.0742,1440433239992,"170,372",100% bullish,of 2 ratings,$7
CLDX,$13.69,1440433240012,"858,685",89% bullish,of 9 ratings,$36
CELGZ,$1.7876,1440433240055,"13,267",80% bullish,of 5 ratings,N/A
CLDN,$1.04,1440433240144,"97,500",71% bullish,of 7 ratings,$3
CLRB,$3.09,1440433240290,"2,840",100% bearish,of 1 rating,N/A
CLRBW,NULL,1440433240350,0,Not yet rated,NULL,N/A
CLLS,$28.75,1440433240421,"41,255",75% bullish,of 4 ratings,$51.50
CLSN,$1.8599,1440433240582,"90,810",80% bullish,of 10 ratings,$7.50
CYAD,$47.5597,1440433240607,"1,950",100% bullish,of 1 rating,$87.50
CBMG,$22.05,1440433240633,"45,836",50% bullish,of 2 ratings,N/A
CLTX,$2.66,1440433240689,"568,908",100% bullish,of 2 ratings,N/A
CEMP,$34.65,1440433240762,"297,636",71% bullish,of 7 ratings,$52
CSFL,$14.045,1440433240789,"113,979",Not yet rated,NULL,$15
CETV,$1.95,1440433240817,"46,136",67% bullish,of 3 ratings,$2.80
CFBK,$1.37,1440433241003,"4,901",Not yet rated,NULL,N/A
CENT,$11.61,1440433241081,"180,351",Not yet rated,NULL,$10
CENTA,$12.51,1440433241109,"114,285",Not yet rated,NULL,N/A
CENX,$4.98,1440433241257,"610,295",67% bullish,of 6 ratings,$9
CETX,$2.35,1440433241285,"7,207",Not yet rated,NULL,$5.60
CVCY,$11.132,1440433241306,300,Not yet rated,NULL,$12
CNBKA,$38.62,1440433241359,"1,920",50% bullish,of 2 ratings,N/A
CNTY,$6.14,1440433241538,"10,515",80% bullish,of 5 ratings,$7.75
CRNT,$1.28,1440433241676,"225,284",50% bullish,of 2 ratings,$2
CERE,$1.07,1440433241703,"215,155",88% bullish,of 8 ratings,N/A
CERU,$3.26,1440433241753,"31,358",75% bullish,of 4 ratings,$15
CERS,$4.6,1440433241778,"301,315",75% bullish,of 4 ratings,$7
CPHD,$48.9,1440433241835,"371,593",50% bullish,of 2 ratings,$66.50
CERN,$61.74,1440433241861,"1,172,971",67% bullish,of 3 ratings,$79
KOOL,$0.6471,1440433241935,"67,397",100% bullish,of 5 ratings,$7
CEVA,$18.15,1440433242005,"34,467",100% bearish,of 1 rating,$25
CYOU,$20.16,1440433242171,"131,480",50% bullish,of 6 ratings,$24
HOTR,$1.41,1440433242196,"68,006",100% bullish,of 2 ratings,$5
HOTRW,NULL,1440433242259,0,Not yet rated,NULL,N/A
GTLS,$22.988,1440433242330,"141,572",50% bullish,of 4 ratings,$40
CTHR,$1.34,1440433242357,"51,018",50% bullish,of 2 ratings,$2.50
CHFN,$12.47,1440433242384,"7,133",Not yet rated,NULL,$14
CHTR,$179.35,1440433242410,"835,164",100% bearish,of 2 ratings,$196
CHKP,$76.775,1440433242579,"832,952",50% bullish,of 4 ratings,$92
CHEKW,$1.0687,1440433242683,500,Not yet rated,NULL,N/A
CHEK,$3,1440433242712,"3,008",Not yet rated,NULL,$7.75
CHFC,$31.21,1440433242762,"16,178",100% bearish,of 1 rating,$36
CEMI,$3.88,1440433242787,"21,074",50% bullish,of 2 ratings,$7.50
CHMG,$26.59,1440433242816,560,Not yet rated,NULL,$30
CCXI,$6.73,1440433242919,"56,412",67% bullish,of 3 ratings,$14
CHKE,$25.78,1440433243111,"18,925",100% bearish,of 1 rating,$32.50
CHEV,$14.512,1440433243137,"5,103",Not yet rated,NULL,N/A
CHMA,$23.52,1440433243207,"92,512",Not yet rated,NULL,$40
CBNK,$16.51,1440433243233,300,100% bearish,of 1 rating,N/A
PLCE,$58.9,1440433243264,"179,546",100% bearish,of 1 rating,$71
CADC,$3.12,1440433243292,"5,520",78% bullish,of 9 ratings,N/A
CMRX,$47.47,1440433243361,"148,074",50% bullish,of 2 ratings,$57
CALI,$0.81,1440433243448,"9,700",67% bullish,of 3 ratings,N/A
CBAK,$1.55,1440433243663,"58,775",67% bullish,of 9 ratings,N/A
CBPO,$92.86,1440433243734,"210,357",75% bullish,of 8 ratings,$140.50
CCCL,$0.734,1440433243793,"3,104",100% bullish,of 6 ratings,N/A
CCCR,$0.8,1440433243889,"1,400",67% bearish,of 3 ratings,N/A
JRJC,$3.34,1440433243919,"237,104",82% bullish,of 11 ratings,N/A
CHOP,$1.27,1440433243947,"15,176",50% bullish,of 2 ratings,N/A
CAAS,$6.047,1440433243972,"27,664",93% bullish,of 14 ratings,$11.50
HGSH,$1.775,1440433244023,"13,670",67% bullish,of 3 ratings,N/A
CHLN,$1.7001,1440433244205,"7,533",67% bullish,of 3 ratings,N/A
CNIT,$1.26,1440433244241,"143,024",67% bullish,of 6 ratings,N/A
HTHT,$23.43,1440433244271,"25,694",50% bullish,of 2 ratings,$28.40
CHNR,$1.63,1440433244297,"5,508",100% bearish,of 1 rating,N/A
CREG,$0.65,1440433244333,"35,019",100% bullish,of 3 ratings,N/A
CJJD,$1.84,1440433244360,"39,600",100% bullish,of 1 rating,N/A
CPGI,$6.74,1440433244627,"2,944",Not yet rated,NULL,N/A
CSUN,$1.25,1440433244654,"39,516",80% bullish,of 5 ratings,N/A
CXDC,$6,1440433244731,"72,511",67% bullish,of 3 ratings,N/A
CNTF,$0.8095,1440433244788,"115,026",Not yet rated,NULL,N/A
CNYD,$3.09,1440433244813,"6,694",67% bullish,of 3 ratings,N/A
CCIH,$6.01,1440433244839,"237,098",67% bullish,of 6 ratings,$12.65
IMOS,$16.68,1440433245020,"94,188",60% bullish,of 5 ratings,$21.50
CNET,$0.7701,1440433245067,"53,404",50% bullish,of 2 ratings,N/A
CHSCL,$26.844,1440433245193,"23,603",Not yet rated,NULL,N/A
CHSCP,$29.9299,1440433245223,"7,433",Not yet rated,NULL,N/A
CHSCN,$26.54,1440433245244,"6,691",Not yet rated,NULL,N/A
CHSCM,$25.48,1440433245297,"39,422",Not yet rated,NULL,N/A
CHSCO,$27.93,1440433245378,"8,053",Not yet rated,NULL,N/A
CHDN,$132.6,1440433245403,"13,732",Not yet rated,NULL,$165
CHUY,$31.75,1440433245597,"117,610",50% bullish,of 2 ratings,$34
CDTX,$13.96,1440433245654,"7,616",Not yet rated,NULL,$22
CIFC,$6.86,1440433245729,"3,436",100% bearish,of 1 rating,N/A
CMCT,$15.1501,1440433245809,"1,284",100% bearish,of 1 rating,N/A
CINF,$52.45,1440433245865,"347,844",50% bullish,of 4 ratings,$50.50
CIDM,$0.609,1440433245908,"39,671",50% bullish,of 2 ratings,$2.10
CRUS,$28.24,1440433245944,"572,623",75% bullish,of 12 ratings,$44.50
CMPR,$68.38,1440433245974,"266,029",50% bullish,of 2 ratings,$72.50
CTAS,$83.17,1440433246006,"226,284",100% bearish,of 1 rating,$91
CPHR,$5.61,1440433246046,"11,045",100% bearish,of 1 rating,$17
CSCO,$25.94,1440433246222,"17,152,810",84% bullish,of 208 ratings,$32
CTRN,$27.44,1440433246297,"53,104",100% bearish,of 1 rating,$31.50
CZNC,$19.44,1440433246326,"3,972",Not yet rated,NULL,N/A
CZWI,$8.77,1440433246429,"8,300",Not yet rated,NULL,N/A
CZFC,NULL,1440433246456,0,Not yet rated,NULL,N/A
CIZN,$19.5,1440433246480,"1,073",Not yet rated,NULL,N/A
CHCO,$47.2,1440433246684,"17,382",Not yet rated,NULL,$46
CTXS,$69.7,1440433246712,"1,056,685",86% bullish,of 7 ratings,$80
CIVB,$10.15,1440433246742,300,Not yet rated,NULL,$11
CIVBP,$32.93,1440433246769,500,Not yet rated,NULL,N/A
CDTI,$1.47,1440433246844,"120,224",75% bullish,of 4 ratings,$3.20
CLNE,$4.185,1440433246902,"708,238",80% bullish,of 15 ratings,$9
CLNT,$1.6899,1440433246931,"4,516",75% bullish,of 8 ratings,N/A
CLFD,$17.02,1440433247031,"29,751",67% bullish,of 3 ratings,$18
CLRO,$11.56,1440433247110,"10,051",50% bullish,of 2 ratings,$14.25
CLIR,$4.63,1440433247166,"54,562",100% bullish,of 3 ratings,N/A
CBLI,$3.57,1440433247310,"39,769",60% bullish,of 5 ratings,N/A
CSBK,$13.69,1440433247360,"28,895",Not yet rated,NULL,N/A
CMFN,$11.91,1440433247443,"25,550",100% bearish,of 1 rating,$15.50
CME,$91.03,1440433247489,"886,650",67% bullish,of 3 ratings,$102
CLVS,$72.425,1440433247515,"178,032",60% bullish,of 5 ratings,$101.50
CNV,$4.53,1440433247698,"50,589",50% bullish,of 2 ratings,$7.15
CCNE,$16.97,1440433247728,"9,747",50% bullish,of 2 ratings,$21.50
CWAY,$11.21,1440433247762,"3,154",Not yet rated,NULL,N/A
CISG,$7.2,1440433247789,"153,682",100% bullish,of 5 ratings,$10
COBZ,$12.74,1440433247856,"36,976",100% bullish,of 1 rating,$14
COKE,$154.7,1440433247935,"33,457",79% bullish,of 19 ratings,N/A
CDRB,$9.85,1440433247961,"19,670",67% bullish,of 3 ratings,N/A
CDXS,$3.74,1440433247986,"29,842",64% bullish,of 11 ratings,$6
CVLY,$20.55,1440433248164,"3,883",Not yet rated,NULL,N/A
CTSH,$61.77,1440433248429,"1,834,697",90% bullish,of 10 ratings,$75
CGNT,$1.52,1440433248460,"65,486",100% bullish,of 2 ratings,$2
COHR,$56.79,1440433248482,"35,788",50% bullish,of 2 ratings,$72
JVA,$4.4899,1440433248514,"16,665",83% bullish,of 6 ratings,$7
CCOI,$28,1440433248535,"194,249",50% bullish,of 4 ratings,$35
CHRS,$29.51,1440433248564,"53,232",67% bearish,of 3 ratings,$37
CGNX,$35.23,1440433248589,"271,693",50% bullish,of 2 ratings,$47
COLL,$15.25,1440433248882,"41,310",100% bearish,of 1 rating,$26
COHU,$9.83,1440433248908,"37,881",100% bearish,of 1 rating,$14.25
CLRX,$0.5049,1440433248939,"17,198",50% bullish,of 2 ratings,N/A
CLCT,$17.5399,1440433248960,"37,115",100% bearish,of 1 rating,N/A
CLCD,$6.66,1440433249040,"17,058",100% bearish,of 1 rating,$20.50
CBAN,$9.07,1440433249092,"2,904",Not yet rated,NULL,N/A
CIGI,$43,1440433249117,"3,433",100% bearish,of 1 rating,$52
COLB,$30.37,1440433249411,"136,914",Not yet rated,NULL,$36
CBMX,$1.12,1440433249492,"56,912",83% bullish,of 6 ratings,$3.15
CMCO,$19.27,1440433249569,"22,165",60% bullish,of 5 ratings,$28
COLM,$60.65,1440433249595,"59,684",100% bearish,of 1 rating,$71
CMCSA,$56.08,1440433249667,"6,143,719",66% bullish,of 35 ratings,$69.50
CUBN,NULL,1440433249692,0,Not yet rated,NULL,N/A
CBSH,$44.36,1440433249723,"179,722",50% bullish,of 2 ratings,$46
CBSHP,$25.1,1440433249754,"4,955",100% bearish,of 1 rating,N/A
CMCSK,$56.7,1440433249820,"1,903,241",Not yet rated,NULL,$84
CSAL,$20.46,1440433249999,"400,325",75% bullish,of 4 ratings,$30
ESXB,$5.04,1440433250069,"3,250",Not yet rated,NULL,N/A
COMM,$28.895,1440433250094,"751,911",67% bearish,of 3 ratings,$35
CVGI,$4.68,1440433250124,"26,341",50% bullish,of 2 ratings,$6
JCS,$8.8599,1440433250149,"8,633",67% bullish,of 3 ratings,N/A
CYHHZ,$0.01,1440433250335,"227,589",100% bullish,of 1 rating,N/A
CTBI,$34.94,1440433250360,"19,691",Not yet rated,NULL,$36
COB,$10.48,1440433250521,"1,892",100% bullish,of 1 rating,$11.75
CVLT,$36.43,1440433250551,"154,571",75% bullish,of 4 ratings,$44.50
CWBC,NULL,1440433250628,0,Not yet rated,NULL,N/A
CID,NULL,1440433250659,0,Not yet rated,NULL,N/A
CIZ,$32.5499,1440433250760,"1,050",100% bearish,of 1 rating,N/A
CIL,NULL,1440433250781,0,Not yet rated,NULL,N/A
CSA,$32.53,1440433250834,"1,100",Not yet rated,NULL,N/A
CDC,$34.3,1440433250860,"9,834",Not yet rated,NULL,N/A
CSF,$36.33,1440433250995,"2,051",100% bearish,of 1 rating,N/A
CFO,$35.03,1440433251022,"26,629",100% bearish,of 1 rating,N/A
CFA,$34.62,1440433251150,"1,767",100% bearish,of 1 rating,N/A
CDL,NULL,1440433251234,0,Not yet rated,NULL,N/A
CSB,NULL,1440433251260,0,Not yet rated,NULL,N/A
CGEN,$4.8,1440433251285,"148,297",50% bullish,of 2 ratings,$11
CPSI,$45.02,1440433251482,"26,466",100% bearish,of 1 rating,$45.50
CTG,$6.6,1440433251508,"22,344",100% bearish,of 1 rating,$8.50
SCOR,$56,1440433251556,"117,833",100% bearish,of 1 rating,$66
CHCI,$0.6,1440433251642,"6,000",50% bullish,of 2 ratings,N/A
CNSI,$18.78,1440433251820,"51,432",100% bearish,of 2 ratings,$29
CNAT,$3.74,1440433251848,"113,511",83% bullish,of 6 ratings,$13
CMTL,$26.71,1440433251883,"11,570",100% bearish,of 2 ratings,$37
CNCE,$15.63,1440433251979,"58,757",75% bullish,of 4 ratings,$22
CXRX,$70.73,1440433252006,"2,430",100% bearish,of 1 rating,$90
CCUR,$5.02,1440433252134,"24,304",75% bullish,of 4 ratings,N/A
CDOR,$1.28,1440433252160,"3,420",100% bullish,of 1 rating,N/A
CDORO,$18,1440433252185,904,100% bearish,of 1 rating,N/A
CNFR,$10.0038,1440433252630,"6,454",Not yet rated,NULL,N/A
CNMD,$52.87,1440433252734,"183,587",Not yet rated,NULL,$59
CFMS,$20.15,1440433252903,"117,808",Not yet rated,NULL,$27
CTWS,$35.2494,1440433253037,"9,923",100% bearish,of 1 rating,$44
CNOB,$19.2,1440433253064,"14,889",100% bullish,of 1 rating,$23.50
CDORP,$6.65,1440433253085,"1,140",100% bearish,of 1 rating,N/A
CNXR,$6.6,1440433253106,"30,807",100% bearish,of 1 rating,$12
CNSL,$19.31,1440433253287,"77,479",100% bearish,of 1 rating,$23
CONN,$30.9001,1440433253313,"283,035",67% bullish,of 3 ratings,$48.50
CPSS,$5.77,1440433253501,"30,539",100% bullish,of 1 rating,$10
CFRXW,$1.88,1440433253555,"2,809",100% bearish,of 1 rating,N/A
CTCT,$24.13,1440433253577,"97,545",67% bullish,of 3 ratings,$37
CFRX,$4.8295,1440433253606,"33,543",Not yet rated,NULL,$14
CWCO,$10.48,1440433253708,"58,934",67% bullish,of 3 ratings,$14.50
CTRV,$3.9799,1440433253735,"19,248",Not yet rated,NULL,$6.40
CFRXZ,$0.44,1440433253806,"9,150",Not yet rated,NULL,N/A
CTRL,$8.01,1440433253911,"79,854",50% bullish,of 2 ratings,$11
CPRT,$34.06,1440433253965,"78,518",67% bearish,of 3 ratings,$40
CRBP,$1.91,1440433254139,"311,289",100% bullish,of 2 ratings,$6.25
CORT,$4.62,1440433254165,"136,927",67% bullish,of 3 ratings,$12
CORE,$59.51,1440433254195,"41,162",100% bearish,of 1 rating,$72
CORI,$10.04,1440433254221,"29,167",100% bearish,of 1 rating,$18
BVA,NULL,1440433254298,0,50% bullish,of 2 ratings,N/A
CRVL,$31.23,1440433254366,"23,600",100% bearish,of 1 rating,N/A
CSOD,$35.93,1440433254391,"168,034",50% bullish,of 2 ratings,$42
CSGP,$178.26,1440433254585,"77,522",50% bullish,of 2 ratings,$235
COSI,$1.09,1440433254613,"24,335",100% bullish,of 1 rating,N/A
CPAH,$0.4899,1440433254644,"9,000",50% bullish,of 2 ratings,N/A
COST,$136.75,1440433254671,"1,506,323",79% bullish,of 24 ratings,$154.50
ICBK,NULL,1440433254750,0,Not yet rated,NULL,$21
CVTI,$22.155,1440433254799,"68,731",67% bearish,of 3 ratings,$39
COVS,$2.62,1440433254939,"129,185",67% bullish,of 3 ratings,N/A
COWN,$5.115,1440433254979,"364,023",75% bullish,of 4 ratings,$7
COWNL,$26.75,1440433255005,"2,698",Not yet rated,NULL,N/A
CPSH,$2.15,1440433255066,"1,070",Not yet rated,NULL,N/A
CRAI,$21.75,1440433255136,"12,069",100% bearish,of 1 rating,$36
BREW,$7.4,1440433255194,"29,529",67% bullish,of 6 ratings,$15
CBRL,$141.06,1440433255223,"155,871",50% bullish,of 2 ratings,$155
CRAY,$20.35,1440433255381,"130,212",83% bullish,of 6 ratings,$38.50
GLDI,$11.0801,1440433255406,"13,427",100% bearish,of 1 rating,N/A
CACC,$196.4,1440433255554,"39,746",50% bullish,of 2 ratings,$158.50
SLVO,$10.1565,1440433255581,"28,785",100% bearish,of 1 rating,N/A
CREE,$26.82,1440433255609,"659,833",65% bullish,of 17 ratings,$29.50
CRESY,$9.67,1440433255712,"44,855",100% bearish,of 1 rating,$19
CRTO,$41.77,1440433255738,"337,802",67% bullish,of 6 ratings,$64
CROX,$13.745,1440433256460,"695,106",63% bullish,of 8 ratings,$16.50
CCRN,$14.41,1440433256563,"91,311",100% bearish,of 1 rating,$14.25
CRWS,$7.8926,1440433256721,"6,683",Not yet rated,NULL,$10
CRWN,$4.51,1440433256747,"55,145",75% bullish,of 4 ratings,N/A
CRDS,$1,1440433256776,"16,765",50% bullish,of 4 ratings,$4.50
CYRX,$2.885,1440433256878,"23,979",Not yet rated,NULL,$9
CYRXW,$0.8,1440433256906,"5,400",Not yet rated,NULL,N/A
CSGS,$31.22,1440433257008,"71,619",Not yet rated,NULL,$40
CSPI,$5.69,1440433257163,"10,950",67% bullish,of 3 ratings,N/A
CTIC,$1.66,1440433257193,"664,577",84% bullish,of 76 ratings,$5.75
CTCM,$1.73,1440433257222,"81,528",80% bearish,of 5 ratings,$3.90
CCLP,$13.44,1440433257251,"92,985",67% bearish,of 3 ratings,$21
CTIB,$3.55,1440433257323,"4,275",100% bearish,of 1 rating,N/A
CTRP,$60.85,1440433257351,"1,203,368",75% bullish,of 8 ratings,$92
CUI,$4.79,1440433257517,"29,104",50% bullish,of 2 ratings,$10
CUNB,$21.38,1440433257583,"4,206",Not yet rated,NULL,$24.50
CPIX,$5.79,1440433257870,"1,417",Not yet rated,NULL,N/A
CMLS,$1.3,1440433257916,"210,240",50% bullish,of 4 ratings,$6
CRIS,$2.485,1440433257952,"226,028",100% bullish,of 8 ratings,$6
CYAN,$6.8701,1440433258012,"2,300",100% bearish,of 1 rating,N/A
CUTR,$13.9301,1440433258045,"264,755",67% bearish,of 3 ratings,$18
CVBF,$16.25,1440433258076,"117,750",Not yet rated,NULL,$18
CVV,$10.798,1440433258101,"20,191",100% bullish,of 5 ratings,N/A
CYBR,$50.95,1440433258181,"1,366,166",86% bullish,of 7 ratings,$66
CYBX,$64.61,1440433258285,"140,424",50% bullish,of 4 ratings,$71.50
CYBE,$5.82,1440433258393,"10,196",100% bearish,of 1 rating,N/A
CYCC,$0.5399,1440433258424,"46,324",73% bullish,of 11 ratings,N/A
CYNA,$15.6734,1440433258471,"38,409",100% bullish,of 1 rating,$31.50
CBAY,$2.62,1440433258497,"29,104",100% bullish,of 1 rating,$4
CYCCP,NULL,1440433258522,0,100% bearish,of 1 rating,N/A
CYNO,$31.4,1440433258758,"84,972",67% bearish,of 3 ratings,$45.50
CYRN,$1.56,1440433258847,"66,028",67% bullish,of 3 ratings,$4
CONE,$32.47,1440433258899,"114,676",67% bearish,of 3 ratings,$35
CY,$9.705,1440433258929,"2,927,798",80% bullish,of 10 ratings,$15.50
CTSO,$6.7588,1440433258950,"106,528",Not yet rated,NULL,$15.625
CYTK,$6.63,1440433258971,"114,953",71% bullish,of 14 ratings,$13.50
CYTX,$0.348,1440433259012,"733,273",83% bullish,of 12 ratings,$5.50
CYTR,$2.15,1440433259033,"455,030",67% bullish,of 6 ratings,$10
DAEG,$0.3321,1440433259244,"1,220",100% bearish,of 1 rating,N/A
TVIX,$10.48,1440433259346,"13,253,293",81% bullish,of 16 ratings,N/A
TVIZ,$16.34,1440433259384,"10,600",100% bearish,of 1 rating,N/A
ZIV,$44,1440433259516,"137,652",Not yet rated,NULL,N/A
XIV,$33.365,1440433259593,"19,141,618",75% bearish,of 4 ratings,N/A
DARA,$0.863,1440433259620,"45,661",83% bullish,of 6 ratings,$1.50
DJCO,$202.132,1440433259696,833,Not yet rated,NULL,N/A
DAKT,$11.61,1440433259752,"78,359",50% bullish,of 2 ratings,$14
DTLK,$5.55,1440433259780,"32,342",100% bearish,of 1 rating,$9
DAIO,$2.5,1440433259825,"9,529",Not yet rated,NULL,N/A
DWCH,$4.87,1440433259851,"37,120",75% bullish,of 4 ratings,$8.25
DRAM,$1.3501,1440433259930,"5,931",78% bullish,of 9 ratings,N/A
DTEA,$13.29,1440433260077,"35,911",100% bearish,of 2 ratings,$24
PLAY,$33.89,1440433260132,"62,728",100% bullish,of 5 ratings,$42
DWSN,$4.0201,1440433260159,"26,051",67% bullish,of 3 ratings,$6
DBVT,$37.985,1440433260451,"55,362",100% bearish,of 1 rating,$53
TRAK,$62.875,1440433260606,"230,272",50% bullish,of 2 ratings,$62.50
DHRM,$1.58,1440433260631,"7,200",Not yet rated,NULL,N/A
TACOW,$4.14,1440433260680,"6,398",100% bullish,of 1 rating,N/A
DFRG,$14.99,1440433260764,"59,611",100% bearish,of 1 rating,$20
TACO,$12.82,1440433260811,"125,352",75% bullish,of 4 ratings,$20
DELTW,NULL,1440433260895,0,Not yet rated,NULL,N/A
DGAS,$20.293,1440433260943,"4,144",67% bearish,of 3 ratings,N/A
DCTH,$0.4502,1440433261024,"75,141",78% bullish,of 9 ratings,N/A
DENN,$11.5,1440433261113,"285,501",100% bullish,of 3 ratings,$15
XRAY,$52.64,1440433261153,"244,418",100% bullish,of 1 rating,$58
DELT,$2.44,1440433261207,200,Not yet rated,NULL,N/A
DEPO,$27.78,1440433261239,"585,656",60% bullish,of 5 ratings,$29
DSCI,$6.15,1440433261314,"48,307",50% bullish,of 2 ratings,$16
DERM,$23.98,1440433261447,"81,506",100% bearish,of 1 rating,$33.50
DEST,$11.21,1440433261472,"17,396",50% bullish,of 2 ratings,N/A
DSWL,$1.7698,1440433261749,"21,440",100% bullish,of 1 rating,N/A
DHXM,NULL,1440433261782,0,Not yet rated,NULL,N/A
DHIL,$184,1440433261805,729,Not yet rated,NULL,N/A
DXM,$0.2953,1440433261832,"75,164",50% bullish,of 2 ratings,N/A
DMND,$29.79,1440433261858,"85,164",75% bullish,of 12 ratings,$32
DXLG,$4.47,1440433261882,"37,778",100% bearish,of 1 rating,$8
DXCM,$86.7,1440433261917,"577,756",57% bullish,of 7 ratings,$98
FANG,$65,1440433262025,"623,486",50% bullish,of 2 ratings,$86
DRNA,$10.75,1440433262129,"52,364",67% bearish,of 3 ratings,$25
DCIX,$1.655,1440433262162,"47,621",50% bullish,of 4 ratings,$3.50
DGII,$9.85,1440433262188,"22,156",100% bearish,of 1 rating,$10
DMRC,$36.99,1440433262260,"55,846",100% bearish,of 1 rating,$44
DRAD,$3.81,1440433262346,"38,825",100% bullish,of 1 rating,$5.25
APPS,$2.39,1440433262570,"70,515",100% bearish,of 1 rating,$10.25
DGLY,$6.31,1440433262596,"209,847",50% bullish,of 6 ratings,$20
DIOD,$19.33,1440433262618,"80,794",75% bearish,of 4 ratings,$24
DPRX,$11.93,1440433262652,"7,935",100% bullish,of 2 ratings,$27.75
DISCA,$26.4,1440433262684,"1,179,324",67% bullish,of 3 ratings,$34
DISCB,$29.06,1440433262705,4,100% bearish,of 1 rating,$35
DCOM,$16.57,1440433262780,"38,017",100% bearish,of 2 ratings,$16.50
DISCK,$25.08,1440433262838,"1,365,841",100% bearish,of 1 rating,$32
DISH,$59.92,1440433262971,"927,550",69% bullish,of 13 ratings,$73
DVCR,$9.97,1440433263043,"9,882",100% bullish,of 1 rating,N/A
DSCO,$0.4001,1440433263103,"144,191",83% bullish,of 6 ratings,$2.75
BAGR,$2.86,1440433263128,"17,159",100% bearish,of 1 rating,$6
DLHC,$2.35,1440433263256,"11,531",100% bearish,of 1 rating,N/A
DNBF,$26.81,1440433263286,"8,061",Not yet rated,NULL,$27.50
DLTR,$75.9,1440433263386,"1,010,763",82% bullish,of 11 ratings,$88
DGICB,NULL,1440433263428,0,100% bearish,of 1 rating,N/A
DGICA,$14.33,1440433263475,"7,261",100% bearish,of 1 rating,$17
HILL,$9.675,1440433263521,"2,310,650",60% bearish,of 5 ratings,$9.75
DORM,$50.15,1440433263557,"141,109",100% bearish,of 1 rating,$56
DMLP,$13.48,1440433263582,"45,694",100% bearish,of 1 rating,N/A
DRWI,$0.2517,1440433263658,"126,664",60% bullish,of 5 ratings,$.45
DRWIW,NULL,1440433263760,0,Not yet rated,NULL,N/A
DWA,$19.32,1440433263805,"384,638",63% bullish,of 8 ratings,$26
DRYS,$0.336,1440433263831,"2,804,748",77% bullish,of 31 ratings,$.60
DSKX,$3.09,1440433263990,"116,066",100% bullish,of 1 rating,N/A
DSPG,$8.51,1440433264072,"15,609",100% bearish,of 1 rating,$13.50
CADT,$10.02,1440433264159,300,Not yet rated,NULL,N/A
CADTW,NULL,1440433264205,0,Not yet rated,NULL,N/A
CADTR,$0.2,1440433264232,"24,465",Not yet rated,NULL,N/A
CADTU,NULL,1440433264252,0,Not yet rated,NULL,N/A
DNKN,$50,1440433264274,"1,080,699",67% bullish,of 15 ratings,$56.50
DRRX,$2,1440433264309,"113,113",50% bullish,of 6 ratings,$3
DTSI,$25.75,1440433264449,"30,590",100% bearish,of 2 ratings,$39.50
DXPE,$28.61,1440433264577,"44,809",50% bullish,of 2 ratings,N/A
DYAX,$22.83,1440433264602,"291,503",89% bullish,of 9 ratings,$30
BOOM,$9.66,1440433264657,"27,801",67% bullish,of 3 ratings,$12
DYSL,$1.47,1440433264760,"15,155",100% bullish,of 2 ratings,N/A
DYNT,$2.84,1440433264789,"9,258",75% bullish,of 4 ratings,N/A
DVAX,$27.28,1440433264891,"139,195",70% bullish,of 10 ratings,$40
ETFC,$24.88,1440433264920,"1,811,913",57% bullish,of 14 ratings,$33
EBMT,$11.42,1440433265093,"39,825",Not yet rated,NULL,$13.50
EGLE,$6.06,1440433265245,"6,861",60% bullish,of 5 ratings,N/A
EGBN,$42.61,1440433265267,"63,217",Not yet rated,NULL,$48
EROC,$1.11,1440433265320,"263,545",50% bullish,of 2 ratings,$3
ELNK,$8.18,1440433265355,"288,338",60% bullish,of 5 ratings,$9.50
EGRX,$67.36,1440433265376,"150,238",67% bullish,of 3 ratings,$97
EACQU,NULL,1440433265454,0,Not yet rated,NULL,N/A
EWBC,$39.74,1440433265480,"835,731",100% bearish,of 1 rating,$50
EML,$16.64,1440433265563,"23,363",Not yet rated,NULL,N/A
EBAY,$25.63,1440433265667,"5,663,079",81% bullish,of 117 ratings,$48
EVBS,$6.4079,1440433265755,"3,845",Not yet rated,NULL,$7
EBIX,$26.52,1440433265828,"458,661",69% bullish,of 13 ratings,$40
ELON,$0.5386,1440433265885,"39,072",50% bullish,of 2 ratings,N/A
SATS,$42.96,1440433265983,"53,013",50% bullish,of 2 ratings,$60
ECTE,$1.41,1440433266030,"17,172",75% bullish,of 4 ratings,N/A
ECHO,$24.18,1440433266078,"166,437",67% bearish,of 3 ratings,$35.50
EEI,$10.83,1440433266172,"1,604",67% bearish,of 3 ratings,N/A
ESES,$3.05,1440433266202,"1,470",100% bearish,of 1 rating,$7
ECACU,$10.02,1440433266231,"20,000",Not yet rated,NULL,N/A
EDGW,$6.41,1440433266305,"92,015",100% bearish,of 1 rating,N/A
EDUC,$4.5,1440433266413,"2,170",100% bearish,of 1 rating,N/A
EDAP,$2.9999,1440433266439,"25,832",60% bullish,of 5 ratings,$4.50
EGAN,$3.24,1440433266572,"10,299",50% bullish,of 2 ratings,$6.25
EFUT,$4,1440433266602,"4,946",Not yet rated,NULL,N/A
EHTH,$13.59,1440433266703,"49,223",50% bullish,of 4 ratings,$16.50
LOCO,$11.762,1440433266919,"769,805",69% bullish,of 13 ratings,$20
EGLT,$10.89,1440433266945,"35,816",50% bullish,of 2 ratings,$21
EMITF,$1.16,1440433266967,"39,144",75% bullish,of 4 ratings,N/A
ESLT,$74.432,1440433266999,"16,240",67% bullish,of 3 ratings,N/A
ELRC,$10.41,1440433267134,"11,090",100% bearish,of 1 rating,N/A
ERI,$9.3,1440433267164,"30,429",100% bearish,of 1 rating,$10
ESIO,$4.43,1440433267197,"29,857",50% bullish,of 2 ratings,$10
EA,$65.035,1440433267300,"1,938,356",77% bullish,of 35 ratings,$80
EFII,$43,1440433267348,"139,343",80% bullish,of 5 ratings,$55
ELSE,$3.63,1440433267373,400,60% bullish,of 5 ratings,N/A
ELEC,NULL,1440433267434,0,Not yet rated,NULL,N/A
ELECU,NULL,1440433267566,0,Not yet rated,NULL,N/A
ELECW,NULL,1440433267704,0,Not yet rated,NULL,N/A
EBIO,$3.2101,1440433267738,"132,439",100% bearish,of 2 ratings,$8.35
RDEN,$10.3,1440433267836,"46,381",100% bearish,of 4 ratings,$15
LONG,$16.8,1440433267865,"49,186",67% bullish,of 3 ratings,$15.75
EMCI,$21.87,1440433267916,"9,711",Not yet rated,NULL,N/A
ESBK,NULL,1440433267947,0,Not yet rated,NULL,N/A
CAPX,$22.25,1440433267967,"1,100",Not yet rated,NULL,N/A
ELTK,$1.06,1440433268048,"6,830",67% bearish,of 3 ratings,N/A
EMCF,NULL,1440433268260,0,100% bearish,of 1 rating,N/A
EMKR,$7.15,1440433268322,"53,705",75% bullish,of 4 ratings,$8.50
EMMS,$1.1299,1440433268347,"96,199",67% bullish,of 6 ratings,N/A
EMMSP,NULL,1440433268373,0,100% bearish,of 1 rating,N/A
NYNY,$3.94,1440433268504,"53,757",50% bullish,of 2 ratings,N/A
ERS,$2.8,1440433268530,"2,602",Not yet rated,NULL,N/A
ENTA,$39.305,1440433268660,"100,078",50% bullish,of 2 ratings,$42
ECPG,$39.11,1440433268733,"45,312",100% bullish,of 2 ratings,$52
ECYT,$5,1440433268838,"104,642",83% bullish,of 6 ratings,$12
WIRE,$32.33,1440433268868,"44,042",100% bearish,of 1 rating,$37
WATT,$6.2501,1440433268898,"157,576",50% bullish,of 2 ratings,$13
ELGX,$12.84,1440433268919,"228,771",75% bullish,of 4 ratings,$17
ENDP,$75.68,1440433268941,"1,041,610",50% bullish,of 6 ratings,$104
EIGI,$15.21,1440433268982,"301,192",67% bearish,of 3 ratings,$22.50
EFOI,$15.55,1440433269345,"191,262",50% bullish,of 2 ratings,$20.50
EXXI,$1.35,1440433269371,"1,339,903",86% bullish,of 7 ratings,$3.50
ERII,$2.88,1440433269400,"42,197",80% bullish,of 5 ratings,$2.50
ENOC,$8.57,1440433269501,"131,251",75% bullish,of 4 ratings,$18
ENPH,$5.005,1440433269637,"599,706",75% bullish,of 4 ratings,$11
ENTG,$13.66,1440433269666,"265,380",100% bearish,of 1 rating,$18
ENFC,$18.01,1440433269692,"2,700",Not yet rated,NULL,N/A
ENG,$1.03,1440433269741,"30,150",100% bullish,of 3 ratings,N/A
EBTC,$20.47,1440433269796,"3,563",Not yet rated,NULL,N/A
ESGR,$149.99,1440433269827,"8,315",100% bearish,of 1 rating,$185
EFSC,$24.08,1440433269855,"16,124",Not yet rated,NULL,$27
ETRM,$0.2249,1440433269929,"724,960",69% bearish,of 35 ratings,$1.625
ENZN,$0.9381,1440433270014,"669,872",100% bullish,of 9 ratings,N/A
EGT,$2.1156,1440433270041,305,100% bullish,of 1 rating,N/A
ENTL,$21.62,1440433270068,"7,164",Not yet rated,NULL,$28
ENVI,$1.73,1440433270201,"11,616",67% bullish,of 3 ratings,N/A
EPRS,$4.775,1440433270458,"54,227",82% bullish,of 11 ratings,$15
PLUS,$76.75,1440433270490,"25,171",50% bullish,of 2 ratings,$88
ENZY,$8.92,1440433270521,"7,096",67% bullish,of 3 ratings,$9.50
EPIQ,$13.5,1440433270551,"40,697",100% bearish,of 1 rating,$18
EQFN,NULL,1440433270587,0,100% bearish,of 1 rating,N/A
EPZM,$18.55,1440433270617,"236,479",60% bullish,of 5 ratings,$34
EQIX,$264,1440433270647,"266,050",75% bullish,of 4 ratings,$312.50
EAC,$3.43,1440433270681,"27,518",100% bearish,of 1 rating,$8
ERIC,$9.68,1440433270852,"1,704,909",63% bullish,of 8 ratings,$12.20
ERIE,$83.02,1440433270951,"9,593",Not yet rated,NULL,$73
ESCR,$0.1501,1440433271011,"11,719",50% bullish,of 2 ratings,N/A
ESCA,$17.88,1440433271047,"13,155",100% bearish,of 1 rating,$22
ESMC,NULL,1440433271144,0,Not yet rated,NULL,N/A
ESCRP,$1.4001,1440433271169,779,100% bearish,of 1 rating,N/A
ESPR,$55.0625,1440433271194,"443,162",70% bearish,of 10 ratings,$123
ESSA,$12.53,1440433271345,"8,249",100% bearish,of 1 rating,N/A
EPIX,NULL,1440433271422,0,Not yet rated,NULL,N/A
ESSX,$0.4896,1440433271454,"16,000",50% bullish,of 2 ratings,N/A
ESND,$34.97,1440433271553,"45,611",100% bearish,of 2 ratings,$40
EEFT,$63.1,1440433271600,"78,825",100% bearish,of 1 rating,$67.50
CLWT,$2.3799,1440433271629,"15,107",100% bearish,of 1 rating,N/A
ETSY,$13.481,1440433271683,"390,685",80% bullish,of 5 ratings,$16
ESEA,$5.43,1440433271710,"1,857",100% bullish,of 1 rating,$15
EVEP,$7.01,1440433271853,"250,388",50% bullish,of 2 ratings,$15
EVK,$3.42,1440433271924,"9,100",75% bearish,of 4 ratings,N/A
EVLV,$2.07,1440433272055,"86,674",60% bullish,of 5 ratings,$6.50
EVOK,$3.67,1440433272083,"68,911",100% bearish,of 1 rating,$13.375
EXA,$10.6701,1440433272109,"8,594",100% bearish,of 1 rating,$13
EXAS,$20.24,1440433272138,"709,993",78% bullish,of 9 ratings,$31
EVOL,$5.83,1440433272247,"8,392",75% bullish,of 4 ratings,$10
EXEL,$5.3899,1440433272390,"2,930,139",81% bullish,of 16 ratings,$6
EXAC,$18.1,1440433272418,"14,174",100% bearish,of 1 rating,$22.50
EXFO,$2.65,1440433272559,"23,120",67% bearish,of 3 ratings,$3.95
EXLS,$37.05,1440433272585,"68,480",100% bullish,of 1 rating,$41
EXPE,$112.09,1440433272615,"991,981",64% bullish,of 11 ratings,$130
EXPD,$47.2354,1440433272644,"636,862",80% bullish,of 5 ratings,$51.50
EXPO,$42.12,1440433272754,"19,991",100% bearish,of 1 rating,$45.50
ESRX,$82.81,1440433272781,"2,613,809",67% bearish,of 6 ratings,$101
EXLP,$17.54,1440433272854,"126,758",100% bearish,of 1 rating,$27
EXTR,$2.84,1440433272955,"296,534",80% bullish,of 5 ratings,$3
EYEG,$3.85,1440433273087,"10,133",Not yet rated,NULL,N/A
EYEGW,NULL,1440433273111,0,Not yet rated,NULL,N/A
EZPW,$6.16,1440433273140,"104,219",50% bullish,of 4 ratings,$7.50
EZCH,$21.22,1440433273168,"90,921",75% bullish,of 8 ratings,$19.50
FFIV,$121.29,1440433273193,"416,895",63% bullish,of 8 ratings,$132
FB,$86.7902,1440433273522,"30,691,546",73% bullish,of 1066 ratings,$111
FCS,$13.45,1440433273548,"358,597",67% bearish,of 3 ratings,$17
FRP,$16.83,1440433273586,"18,491",100% bearish,of 1 rating,$18
FWM,$2.21,1440433273611,"149,866",100% bearish,of 2 ratings,$3.20
FALC,$1.5401,1440433273676,"11,277",63% bearish,of 8 ratings,N/A
FARM,$22.04,1440433273814,"15,239",100% bearish,of 1 rating,$35
FARO,$38.47,1440433274020,"66,635",50% bullish,of 2 ratings,$48
FFKT,$26.24,1440433274051,"2,624",Not yet rated,NULL,$29
FMNB,$7.99,1440433274073,"9,513",Not yet rated,NULL,N/A
FAST,$38.3,1440433274103,"1,868,328",80% bullish,of 5 ratings,$46
DAVE,$13.91,1440433274127,"29,622",100% bearish,of 1 rating,$15.50
FBSS,$15.3467,1440433274161,300,Not yet rated,NULL,N/A
FATE,$6.14,1440433274182,"67,976",50% bullish,of 2 ratings,$11
FNHC,$21.53,1440433274416,"20,617",100% bearish,of 1 rating,$35
FDML,$9.08,1440433274520,"80,559",50% bullish,of 4 ratings,$14
FEIC,$76.32,1440433274557,"114,706",50% bullish,of 2 ratings,$95.50
FHCO,$1.37,1440433274584,"134,743",50% bullish,of 4 ratings,N/A
FBRC,$21.8,1440433274605,"17,569",100% bearish,of 1 rating,$29
FCSC,$5.6,1440433274737,"122,730",100% bearish,of 1 rating,$8.125
FGEN,$23.23,1440433274795,"260,835",100% bearish,of 1 rating,$39
FENX,$9.82,1440433274892,"25,035",100% bullish,of 1 rating,$14.25
ONEQ,$184.2899,1440433274922,"90,707",100% bullish,of 1 rating,N/A
LION,$18.65,1440433274948,"73,791",100% bullish,of 1 rating,$20
FDUS,$13.9101,1440433274975,"122,886",50% bullish,of 2 ratings,$18
FSAM,$8.42,1440433275003,"11,502",100% bearish,of 1 rating,$11
FRGI,$51.97,1440433275138,"69,060",50% bullish,of 2 ratings,$70
FSC,$6.311,1440433275163,"556,335",75% bullish,of 4 ratings,$8
FSFR,$8.9,1440433275374,"48,747",100% bearish,of 1 rating,$11.50
FSCFL,$24.6194,1440433275405,704,Not yet rated,NULL,N/A
FITBI,$26.84,1440433275511,"17,284",Not yet rated,NULL,N/A
FNGN,$33,1440433275543,"140,920",67% bullish,of 3 ratings,$47
FITB,$19.1999,1440433275564,"3,074,312",54% bullish,of 13 ratings,$22
FNSR,$15.45,1440433275643,"453,288",71% bullish,of 7 ratings,$24.50
FISI,$24.74,1440433275696,"23,414",100% bullish,of 2 ratings,$24.50
FNJN,$1.5401,1440433275727,"38,475",100% bearish,of 1 rating,$5
FNTCU,NULL,1440433275825,0,Not yet rated,NULL,N/A
FNTC,NULL,1440433275855,0,Not yet rated,NULL,N/A
FNTCW,$0.32,1440433275956,"17,600",Not yet rated,NULL,N/A
FEYE,$37.95,1440433275987,"3,791,610",87% bullish,of 15 ratings,$55.50
FBNC,$16.8,1440433276024,"14,001",100% bullish,of 1 rating,$20
FNLC,$18.34,1440433276087,"11,878",100% bullish,of 1 rating,N/A
FRBA,$5.96,1440433276231,"2,700",Not yet rated,NULL,$8
BUSE,$6.25,1440433276282,"22,499",Not yet rated,NULL,$6.875
FCVA,$4.61,1440433276425,"5,105",Not yet rated,NULL,N/A
FCFS,$37.845,1440433276451,"104,555",100% bearish,of 3 ratings,$48
FCAP,$26.5,1440433276481,601,Not yet rated,NULL,N/A
FCNCA,$235.105,1440433276506,"2,270",Not yet rated,NULL,N/A
FBIZ,$43.75,1440433276532,"2,473",100% bearish,of 2 ratings,$52
FCBC,$17.3,1440433276663,"3,254",Not yet rated,NULL,$18
FCLF,$9.41,1440433276714,525,Not yet rated,NULL,N/A
FCCO,$11.8999,1440433276846,448,Not yet rated,NULL,$13.25
FCFP,$6.9,1440433276949,"5,314",Not yet rated,NULL,N/A
FDEF,$36.83,1440433276990,"9,505",Not yet rated,NULL,$38
FBNK,$16.5,1440433277022,"15,406",100% bearish,of 1 rating,$17.50
FFNM,$6.24,1440433277048,"3,100",Not yet rated,NULL,N/A
FFBC,$18.41,1440433277125,"56,084",67% bearish,of 3 ratings,$20.25
FFIN,$30.6,1440433277216,"81,322",50% bullish,of 2 ratings,$31.75
THFF,$32.98,1440433277259,"7,242",Not yet rated,NULL,$35
FFNW,$12.14,1440433277286,"20,061",Not yet rated,NULL,$14
FFBCW,NULL,1440433277359,0,100% bearish,of 1 rating,N/A
FFWM,$21.2,1440433277539,"37,195",Not yet rated,NULL,$24
INBK,$31.06,1440433277602,"25,240",50% bullish,of 2 ratings,$37
FIBK,$26.33,1440433277641,"44,520",Not yet rated,NULL,$32
FRME,$25.37,1440433277705,"84,711",Not yet rated,NULL,$26.50
FMBH,$22.5,1440433277778,300,Not yet rated,NULL,N/A
FNBC,$34.49,1440433277911,"16,915",Not yet rated,NULL,$41.50
FNFG,$9.015,1440433277971,"937,336",80% bullish,of 5 ratings,$9
FNWB,$11.9188,1440433278009,"14,734",Not yet rated,NULL,N/A
FMBI,$17.39,1440433278034,"185,360",Not yet rated,NULL,$20
FSGI,$2.44,1440433278100,"7,350",Not yet rated,NULL,N/A
FSLR,$46.02,1440433278132,"1,223,221",74% bullish,of 39 ratings,$65
FSFG,$30.53,1440433278153,"2,000",Not yet rated,NULL,N/A
FSBK,$7.57,1440433278186,425,100% bullish,of 1 rating,N/A
BICK,$17.84,1440433278401,250,100% bullish,of 1 rating,N/A
FBZ,$9.75,1440433278430,200,Not yet rated,NULL,N/A
FCAN,$22.57,1440433278482,513,Not yet rated,NULL,N/A
FV,$22.865,1440433278654,"6,426,362",100% bearish,of 1 rating,N/A
FCA,$17.43,1440433278783,"1,000",Not yet rated,NULL,N/A
FTCS,$36.0658,1440433278876,"177,402",100% bearish,of 1 rating,N/A
FEUZ,$30.26,1440433278908,"2,064",Not yet rated,NULL,N/A
FTSM,$59.8901,1440433278939,"15,045",100% bearish,of 1 rating,N/A
IFV,$17.285,1440433278964,"866,187",100% bearish,of 1 rating,N/A
FEMB,$42.17,1440433279005,300,Not yet rated,NULL,N/A
TDIV,$24.3099,1440433279035,"287,348",100% bearish,of 1 rating,N/A
MDIV,$19.0099,1440433279164,"576,516",Not yet rated,NULL,N/A
FGM,$35.07,1440433279292,"31,266",Not yet rated,NULL,N/A
FTGC,$21.76,1440433279322,"64,129",Not yet rated,NULL,N/A
HYLS,$48.9,1440433279428,"44,009",100% bearish,of 1 rating,N/A
FTHI,$18.93,1440433279454,48,Not yet rated,NULL,N/A
FHK,$31.53,1440433279585,"16,229",Not yet rated,NULL,N/A
FPXI,$26.07,1440433279641,40,Not yet rated,NULL,N/A
CU,$12.195,1440433279682,"13,250",100% bearish,of 1 rating,N/A
SKYY,$28.344,1440433279712,"124,959",100% bullish,of 1 rating,N/A
YDIV,$16.18,1440433279739,"6,154",Not yet rated,NULL,N/A
PLTM,$6.47,1440433279764,"37,782",100% bearish,of 1 rating,N/A
FJP,$43.9005,1440433279915,"9,046",Not yet rated,NULL,N/A
FTLB,$18.9828,1440433279940,"4,210",100% bearish,of 1 rating,N/A
LMBS,$50.45,1440433279967,800,Not yet rated,NULL,N/A
FMB,$51.1776,1440433280097,652,Not yet rated,NULL,N/A
QABA,$37.1701,1440433280126,"30,046",100% bearish,of 1 rating,N/A
CIBR,$17.85,1440433280227,"148,680",Not yet rated,NULL,N/A
QCLN,$14.63,1440433280382,"58,708",Not yet rated,NULL,N/A
FONE,$33.34,1440433280414,"1,275",Not yet rated,NULL,N/A
CARZ,$33.24,1440433280439,"8,441",100% bearish,of 1 rating,N/A
GRID,$28.8601,1440433280515,"1,780",100% bearish,of 1 rating,N/A
QQEW,$40.71,1440433280578,"195,387",Not yet rated,NULL,N/A
RDVY,$20.8603,1440433280603,"8,692",Not yet rated,NULL,N/A
AIRR,$16.05,1440433280681,"5,379",100% bearish,of 1 rating,N/A
QQXT,$39.465,1440433280742,"131,429",Not yet rated,NULL,N/A
QTEC,$39.05,1440433280809,"66,012",Not yet rated,NULL,N/A
QINC,$20.1587,1440433280834,600,Not yet rated,NULL,N/A
FTSL,$48.44,1440433280911,"26,610",100% bearish,of 1 rating,N/A
FKO,$19.5,1440433281115,100,Not yet rated,NULL,N/A
FDIV,$47.27,1440433281146,"2,376",100% bearish,of 1 rating,N/A
FSZ,$38.85,1440433281251,"23,872",Not yet rated,NULL,N/A
TUSA,$24.29,1440433281283,300,Not yet rated,NULL,N/A
FTW,$28.4,1440433281354,"2,686",Not yet rated,NULL,N/A
FUNC,$8.103,1440433281381,800,Not yet rated,NULL,N/A
FKU,$40.76,1440433281426,"50,697",Not yet rated,NULL,N/A
SVVC,$9.56,1440433281566,"18,076",50% bullish,of 2 ratings,$26
FISV,$83.68,1440433281656,"798,244",100% bearish,of 3 ratings,$90
FMER,$17.565,1440433281808,"634,113",50% bullish,of 2 ratings,$20
FSV,$30.52,1440433281858,"6,093",Not yet rated,NULL,$33.60
FIVE,$35.895,1440433281884,"149,108",75% bearish,of 4 ratings,$44
FLML,$19.72,1440433282221,"119,607",50% bullish,of 2 ratings,$30
FIVN,$4.13,1440433282300,"121,601",100% bullish,of 1 rating,$8.50
FPRX,$18.83,1440433282328,"113,324",50% bullish,of 2 ratings,$35
FLKS,$13.71,1440433282355,"28,938",50% bullish,of 2 ratings,$27
SKOR,$51.21,1440433282384,400,Not yet rated,NULL,N/A
FLXN,$23.89,1440433282486,"27,064",100% bearish,of 1 rating,$40
MBSD,$25.37,1440433282515,400,Not yet rated,NULL,N/A
FLXS,$29.4201,1440433282540,"21,380",100% bearish,of 2 ratings,N/A
FLIR,$27.92,1440433282686,"337,375",100% bearish,of 1 rating,$38.50
FLEX,$10.44,1440433282719,"900,555",63% bullish,of 8 ratings,$12
FLDM,$12.61,1440433282867,"95,928",67% bearish,of 3 ratings,$21.50
FOMX,$9.79,1440433282892,"84,762",50% bullish,of 2 ratings,$23.50
FFIC,$20.17,1440433282946,"15,294",Not yet rated,NULL,$21
FOGO,$18.07,1440433283050,"87,506",50% bullish,of 2 ratings,$25.50
FES,$0.9,1440433283078,"29,893",50% bullish,of 2 ratings,$1
FONR,$9.39,1440433283099,"6,440",100% bullish,of 1 rating,N/A
FORM,$6.11,1440433283230,"121,747",67% bullish,of 3 ratings,$10.50
FORR,$31.57,1440433283256,"13,179",Not yet rated,NULL,N/A
FTNT,$42.425,1440433283277,"1,009,972",80% bullish,of 10 ratings,$52
FBIO,$2.34,1440433283405,"199,986",83% bullish,of 6 ratings,N/A
FORTY,$28.05,1440433283434,"3,390",Not yet rated,NULL,N/A
FWRD,$45.98,1440433283509,"54,961",100% bearish,of 1 rating,$50
FORD,$1.023,1440433283534,"27,067",50% bullish,of 2 ratings,N/A
FWP,$25.05,1440433283671,"26,348",100% bearish,of 1 rating,$45
FOSL,$59.6,1440433283699,"396,866",50% bullish,of 4 ratings,$80
FMI,$20.7,1440433283834,"90,888",100% bearish,of 2 ratings,$27.50
FXCB,$17,1440433283864,"9,832",Not yet rated,NULL,$19
FRAN,$10.31,1440433283932,"195,225",50% bullish,of 4 ratings,$15
FREE,$0.4,1440433283962,"317,527",92% bullish,of 12 ratings,N/A
FOXF,$15.29,1440433284007,"17,840",100% bearish,of 1 rating,$19
FELE,$28.47,1440433284036,"137,656",50% bullish,of 4 ratings,$33
FRED,$14.25,1440433284178,"56,257",50% bullish,of 2 ratings,$16.50
FEIM,$10.6001,1440433284205,"1,875",100% bearish,of 1 rating,N/A
RAIL,$20.27,1440433284390,"54,135",100% bearish,of 1 rating,$24.50
FTR,$5.065,1440433284415,"7,086,639",78% bullish,of 27 ratings,$6.25
FRPT,$13.1,1440433284469,"225,221",67% bearish,of 3 ratings,$23.50
FSBW,$21.95,1440433284571,200,Not yet rated,NULL,N/A
FTRPR,$100.75,1440433284599,"10,341",100% bearish,of 1 rating,N/A
FRPH,$29.5,1440433284628,883,100% bearish,of 1 rating,N/A
FSYS,$6.15,1440433284731,"36,759",67% bullish,of 3 ratings,$10
FCEL,$0.707,1440433284771,"1,014,443",88% bullish,of 40 ratings,$2.65
FTD,$29.2,1440433284799,"25,421",100% bearish,of 1 rating,$40
FTEK,$2.0937,1440433284939,"38,488",75% bullish,of 4 ratings,N/A
FULLL,$25.02,1440433285003,"2,385",Not yet rated,NULL,N/A
FULL,$3.06,1440433285033,"73,420",67% bearish,of 3 ratings,$4.25
FLL,$1.51,1440433285135,"16,750",75% bullish,of 4 ratings,$2.825
FULT,$12.24,1440433285176,"463,377",100% bearish,of 1 rating,$13
FSNN,$2.5599,1440433285365,400,67% bullish,of 3 ratings,$6
FFHL,$0.88,1440433285436,"2,720",50% bullish,of 4 ratings,N/A
FXEN,$0.82,1440433285466,"50,994",75% bullish,of 4 ratings,$1.10
GK,$69.23,1440433285512,"33,323",Not yet rated,NULL,$78
WILC,$5,1440433285572,"14,512",100% bullish,of 2 ratings,N/A
FXENP,$15.0501,1440433285598,"3,100",100% bearish,of 1 rating,N/A
GAIA,$5.85,1440433285626,"25,242",50% bullish,of 2 ratings,$8.50
GLPG,$60.67,1440433285674,"35,036",100% bullish,of 1 rating,$75
GALTW,NULL,1440433285879,0,100% bullish,of 1 rating,N/A
GALTU,NULL,1440433285912,0,100% bearish,of 1 rating,N/A
GALT,$1.92,1440433285934,"121,523",80% bullish,of 5 ratings,N/A
GLMD,$7.6,1440433286011,"29,067",67% bullish,of 3 ratings,$20.50
GALE,$1.51,1440433286037,"1,651,313",89% bullish,of 47 ratings,$4
GLPI,$31.12,1440433286096,"307,302",100% bearish,of 1 rating,$37.50
GPIC,$10.25,1440433286228,"1,062",100% bearish,of 1 rating,N/A
GGAC,NULL,1440433286357,0,100% bearish,of 1 rating,N/A
GRMN,$37.98,1440433286386,"1,117,908",50% bullish,of 6 ratings,$48
GGACR,NULL,1440433286418,0,100% bullish,of 1 rating,N/A
GGACW,$0.0514,1440433286443,800,Not yet rated,NULL,N/A
GARS,$14.32,1440433286468,"74,615",Not yet rated,NULL,$16
GGACU,NULL,1440433286495,0,Not yet rated,NULL,N/A
GNCMA,$16.81,1440433286715,"92,161",100% bearish,of 1 rating,$12
GENC,$9.3,1440433286760,"4,052",100% bearish,of 1 rating,N/A
GFN,$3.4305,1440433286800,"14,315",100% bearish,of 2 ratings,$8
GFNCP,$85.05,1440433286863,448,Not yet rated,NULL,N/A
GENE,$2.23,1440433286934,"80,935",100% bullish,of 12 ratings,N/A
GFNSL,$24.7,1440433286959,"1,100",Not yet rated,NULL,N/A
GNMK,$9.26,1440433287103,"83,039",67% bullish,of 6 ratings,$14
GNCA,$12.33,1440433287157,"52,015",100% bearish,of 1 rating,$20
GNTX,$15.11,1440433287184,"955,673",Not yet rated,NULL,$20
GHDX,$25.43,1440433287204,"67,926",50% bullish,of 2 ratings,$30
THRM,$43.54,1440433287357,"206,028",75% bearish,of 4 ratings,$55.50
GTWN,NULL,1440433287387,0,Not yet rated,NULL,N/A
GNVC,$2.11,1440433287415,"13,602",90% bullish,of 10 ratings,$8.50
GEOS,$15.32,1440433287452,"62,154",100% bearish,of 3 ratings,$25.50
GERN,$3.125,1440433287547,"910,777",88% bullish,of 16 ratings,$5.25
GABC,$29.1111,1440433287578,"21,110",Not yet rated,NULL,$31.50
GEVO,$2.58,1440433287685,"769,530",75% bullish,of 12 ratings,$5
ROCK,$17.12,1440433287855,"83,751",80% bullish,of 5 ratings,$24
GIGM,$0.5795,1440433287883,"103,044",100% bullish,of 2 ratings,N/A
GIII,$63.53,1440433287913,"129,956",67% bullish,of 3 ratings,$75
GIGA,$1.31,1440433287939,"41,125",100% bearish,of 1 rating,N/A
GILT,$4.23,1440433288015,"14,198",50% bullish,of 2 ratings,N/A
GILD,$105.7479,1440433288114,"8,253,818",91% bullish,of 87 ratings,$129
GBCI,$25.78,1440433288191,"69,274",50% bullish,of 2 ratings,$31
GLAD,$8.3435,1440433288218,"124,479",50% bullish,of 2 ratings,$8.75
GLADO,$25.45,1440433288291,"2,037",Not yet rated,NULL,N/A
GOOD,$14.6,1440433288351,"132,370",Not yet rated,NULL,$19
GOODN,$25.25,1440433288380,"1,900",Not yet rated,NULL,N/A
GOODO,$25.1,1440433288483,200,Not yet rated,NULL,N/A
GOODP,$25.1,1440433288616,"1,500",Not yet rated,NULL,N/A
GAIN,$7.42,1440433288651,"315,687",100% bullish,of 2 ratings,$8.25
GAINN,$24.81,1440433288738,"21,750",Not yet rated,NULL,N/A
GAINO,$25.2999,1440433288791,"1,630",Not yet rated,NULL,N/A
GLBZ,$12.12,1440433288820,315,Not yet rated,NULL,N/A
GAINP,$25.75,1440433288850,"10,436",Not yet rated,NULL,N/A
GBT,$44,1440433288926,"106,279",100% bearish,of 1 rating,N/A
LAND,$9.26,1440433288991,"19,009",50% bullish,of 2 ratings,$13.75
ENT,$11.49,1440433289143,"144,196",100% bearish,of 1 rating,$18
GBLI,$25.07,1440433289198,"2,700",Not yet rated,NULL,N/A
GDEF,NULL,1440433289228,0,Not yet rated,NULL,N/A
GPACU,NULL,1440433289248,0,Not yet rated,NULL,N/A
GSOL,$8.13,1440433289334,"15,310",100% bearish,of 1 rating,N/A
QQQC,$17.47,1440433289377,"14,944",100% bearish,of 1 rating,N/A
ACTX,$12.67,1440433289402,"2,425",100% bullish,of 1 rating,N/A
SOCL,$16.68,1440433289570,"69,545",100% bullish,of 2 ratings,N/A
ALTY,$14.2899,1440433289635,"5,500",Not yet rated,NULL,N/A
YLCO,$12.15,1440433289762,985,Not yet rated,NULL,N/A
SRET,$13.296,1440433289788,"3,493",Not yet rated,NULL,N/A
GSM,$12.99,1440433289817,"89,595",50% bullish,of 2 ratings,$23
GBIM,$2.12,1440433289860,"45,361",50% bullish,of 2 ratings,N/A
GAI,$5.3,1440433289918,"4,972",50% bullish,of 2 ratings,N/A
GLBS,$1.0825,1440433290005,100,67% bullish,of 3 ratings,N/A
GLRI,$1.02,1440433290032,"9,219",100% bearish,of 1 rating,$6
GLYC,$6.87,1440433290224,"7,075",50% bullish,of 2 ratings,$14
GLNG,$34.545,1440433290260,"548,961",83% bullish,of 6 ratings,$58
GOGO,$15.918,1440433290281,"596,156",80% bullish,of 5 ratings,$25
GLUU,$4.191,1440433290315,"1,284,951",92% bullish,of 26 ratings,$9
GMLP,$18.29,1440433290367,"129,860",50% bullish,of 4 ratings,$32.50
GLDC,$4.07,1440433290426,300,50% bullish,of 2 ratings,N/A
GOGL,$2.69,1440433290627,"208,132",75% bullish,of 4 ratings,$5
GBDC,$16.41,1440433290653,"139,314",Not yet rated,NULL,$17.75
GDEN,$8.63,1440433290686,"5,500",50% bullish,of 2 ratings,N/A
GOOGL,$642.55,1440433290712,"1,665,562",88% bullish,of 1080 ratings,$749
GOOG,$611.93,1440433290737,"1,560,741",89% bullish,of 70 ratings,$825
GTIM,$6.43,1440433290784,"11,539",Not yet rated,NULL,$11.50
GPRO,$50.91,1440433290997,"4,676,417",78% bullish,of 58 ratings,$72
GPIAU,$9.99,1440433291051,"21,401",Not yet rated,NULL,N/A
GMAN,$4.205,1440433291084,"27,039",60% bullish,of 5 ratings,$8
GPIAW,NULL,1440433291180,0,Not yet rated,NULL,N/A
GPIA,$9.75,1440433291209,20,Not yet rated,NULL,N/A
GBSN,$1.285,1440433291238,"231,111",100% bearish,of 1 rating,$8.25
GRVY,$3.29,1440433291260,809,50% bullish,of 2 ratings,N/A
LOPE,$36.82,1440433291291,"108,572",100% bearish,of 2 ratings,$50
GLDD,$5.41,1440433291579,"148,200",100% bearish,of 4 ratings,$7.75
GBSNU,$17.5,1440433291641,"5,238",Not yet rated,NULL,N/A
GRBK,$12.69,1440433291772,"133,026",77% bullish,of 13 ratings,N/A
GNBC,$11.27,1440433291803,"37,160",100% bearish,of 1 rating,$17
GPP,$14.4099,1440433291826,"47,857",Not yet rated,NULL,$20.50
GPRE,$19.14,1440433291848,"320,631",67% bullish,of 6 ratings,$28.50
GSBC,$39.92,1440433291869,"9,604",100% bullish,of 1 rating,$44
GCBC,$27.51,1440433292096,190,100% bullish,of 1 rating,N/A
OMAB,$37.62,1440433292156,"51,655",100% bullish,of 1 rating,$44
GRPN,$4.071,1440433292187,"4,010,023",61% bullish,of 71 ratings,$6.75
GRIF,$30.04,1440433292215,747,100% bearish,of 1 rating,N/A
GGAL,$18.12,1440433292237,"222,516",80% bullish,of 5 ratings,$40
GRFS,$30.79,1440433292278,"136,323",50% bullish,of 2 ratings,$35
GLRE,$24.44,1440433292299,"77,528",50% bullish,of 2 ratings,$41
GSIG,$12.65,1440433292381,"22,973",100% bearish,of 2 ratings,N/A
GSIT,$4.75,1440433292515,52,100% bearish,of 1 rating,N/A
GTXI,$0.7351,1440433292695,"81,800",100% bullish,of 5 ratings,$.75
GSVC,$8.35,1440433292722,"163,578",50% bullish,of 2 ratings,$14.50
GFED,$14.37,1440433292900,100,Not yet rated,NULL,$17
GULTU,$0.278,1440433292982,"144,455",100% bearish,of 1 rating,N/A
GIFI,$11.96,1440433293011,"16,844",100% bearish,of 1 rating,$16
GBNK,$15.49,1440433293032,"6,977",100% bearish,of 1 rating,$18
GWPH,$103.69,1440433293070,"153,074",78% bullish,of 9 ratings,$148.50
GUID,$7.35,1440433293091,"74,973",100% bearish,of 3 ratings,$10
GURE,$1.58,1440433293164,"35,964",88% bullish,of 8 ratings,N/A
GPOR,$33.23,1440433293250,"644,314",75% bullish,of 4 ratings,$55
GWGH,NULL,1440433293317,0,100% bearish,of 1 rating,$15.05
GYRO,$2.9,1440433293402,200,100% bearish,of 1 rating,N/A
HEES,$16.62,1440433293428,"142,096",67% bearish,of 3 ratings,$31
HLG,$9.39,1440433293449,17,100% bearish,of 1 rating,N/A
HALO,$17.475,1440433293687,"548,216",67% bullish,of 3 ratings,$22.50
HBK,$13.2778,1440433293717,100,50% bullish,of 2 ratings,N/A
HALL,$11.4,1440433293748,"10,708",Not yet rated,NULL,N/A
HNRG,$7.15,1440433293769,"68,491",100% bearish,of 1 rating,$10
HBHC,$26.27,1440433293817,"265,116",50% bullish,of 2 ratings,$30
HBHCL,$24.11,1440433293852,"35,405",Not yet rated,NULL,N/A
HNH,$25.95,1440433293905,"4,926",100% bullish,of 1 rating,N/A
HNSN,$0.5001,1440433294094,"77,209",88% bullish,of 8 ratings,$.40
HQCL,$8.21,1440433294119,"18,448",67% bullish,of 3 ratings,$14
HAFC,$24.15,1440433294180,"54,619",100% bullish,of 2 ratings,$28.50
HMPR,$1.91,1440433294210,"111,073",100% bullish,of 1 rating,N/A
HDNG,$9.79,1440433294314,"10,721",50% bullish,of 4 ratings,N/A
HLIT,$5.65,1440433294466,"129,680",100% bearish,of 1 rating,$6.50
HRMNU,$10.19,1440433294543,300,Not yet rated,NULL,N/A
HRMN,NULL,1440433294572,0,Not yet rated,NULL,N/A
HRMNW,NULL,1440433294624,0,Not yet rated,NULL,N/A
HART,$0.8299,1440433294678,"102,501",100% bearish,of 1 rating,N/A
TINY,$2.4695,1440433294713,"20,875",50% bullish,of 2 ratings,$5.26
HBIO,$4.48,1440433294741,"45,904",Not yet rated,NULL,$10
HCAP,$12.14,1440433294766,"18,677",50% bullish,of 2 ratings,$15
HAS,$73.128,1440433294983,"816,703",63% bullish,of 8 ratings,$84.50
HCAPL,$25.13,1440433295008,"3,627",Not yet rated,NULL,N/A
HA,$22.77,1440433295033,"577,419",67% bullish,of 9 ratings,$27
HWKN,$37.12,1440433295167,"3,085",Not yet rated,NULL,N/A
HCOM,$22.27,1440433295196,704,100% bearish,of 1 rating,$28
HWBK,$13.117,1440433295237,660,100% bearish,of 1 rating,N/A
HAYN,$37.21,1440433295301,"36,237",100% bearish,of 1 rating,$59
HIIQ,$4.29,1440433295429,"8,816",50% bullish,of 2 ratings,$7
HCSG,$33.405,1440433295458,"192,393",50% bullish,of 4 ratings,$35
HDS,$32.22,1440433295479,"955,379",100% bearish,of 2 ratings,$39.50
HQY,$28.8,1440433295608,"127,181",67% bullish,of 3 ratings,$31
HWAY,$12.38,1440433295634,"124,838",100% bearish,of 1 rating,$15
HSTM,$24.84,1440433295655,"27,696",50% bullish,of 2 ratings,$33.75
HTLF,$35.96,1440433295849,"26,791",100% bullish,of 1 rating,$39.50
HTWR,$82.65,1440433295877,"36,770",50% bullish,of 2 ratings,$103
HTLD,$20.36,1440433295898,"188,020",Not yet rated,NULL,$22.50
HTBX,$5.16,1440433296031,"11,613",50% bullish,of 2 ratings,$15.50
HSII,$20,1440433296100,"23,743",100% bullish,of 3 ratings,$25
HELE,$85.45,1440433296128,"108,440",67% bearish,of 3 ratings,$100
HMNY,$2.1501,1440433296157,980,100% bearish,of 1 rating,N/A
HNNA,$24.6,1440433296203,"3,424",Not yet rated,NULL,N/A
HMTV,$12.81,1440433296289,"8,053",100% bearish,of 1 rating,$16
HERO,NULL,1440433296329,0,NULL,NULL,NULL
HSIC,$135.58,1440433296355,"250,827",83% bullish,of 6 ratings,$146
HCACU,$10.008,1440433296421,"1,500",Not yet rated,NULL,N/A
HTBK,$10.98,1440433296499,"19,631",Not yet rated,NULL,$12
HEOP,$7.4,1440433296668,"3,320",Not yet rated,NULL,$8.50
HFWA,$17.65,1440433296718,"21,102",100% bullish,of 1 rating,$20
HCCI,$11.32,1440433296769,"5,728",100% bearish,of 1 rating,$16.50
HSKA,$32.39,1440433296823,"18,127",100% bearish,of 1 rating,$38
MLHR,$27.99,1440433296860,"69,539",50% bullish,of 2 ratings,$33.50
HRTX,$36.79,1440433296898,"475,984",67% bullish,of 6 ratings,$41
HFFC,$15.86,1440433297050,657,Not yet rated,NULL,N/A
HPJ,$2.18,1440433297085,"51,216",75% bullish,of 4 ratings,$12.43
HIBB,$37.43,1440433297119,"183,595",100% bearish,of 1 rating,$48.50
HIHO,$3.8799,1440433297192,"26,421",Not yet rated,NULL,N/A
HIMX,$6.29,1440433297222,"965,700",86% bullish,of 21 ratings,$8.50
HIFS,$118.588,1440433297255,772,Not yet rated,NULL,N/A
HSGX,$5.46,1440433297354,"10,570",100% bearish,of 1 rating,$17
HMNF,$11.15,1440433297379,300,Not yet rated,NULL,N/A
HMSY,$10.28,1440433297606,"1,280,761",67% bullish,of 3 ratings,$19.35
HOLI,$16.58,1440433297649,"264,844",50% bullish,of 4 ratings,$27
HOLX,$38.38,1440433297681,"972,270",67% bullish,of 3 ratings,$42
HBCP,$24,1440433297779,400,Not yet rated,NULL,$29
HFBL,NULL,1440433297806,0,Not yet rated,NULL,N/A
HOMB,$38.94,1440433297868,"95,563",Not yet rated,NULL,$41
HMIN,$26.35,1440433297939,"200,461",100% bearish,of 2 ratings,$35
AWAY,$28.42,1440433297968,"526,413",67% bullish,of 3 ratings,$36
HMST,$21.83,1440433298007,"42,176",100% bullish,of 2 ratings,$27
HKTV,$4.413,1440433298069,"29,593",100% bearish,of 1 rating,N/A
HTBI,$18.22,1440433298153,"28,212",67% bullish,of 3 ratings,$18.625
HOFT,$24.32,1440433298285,"14,291",100% bearish,of 1 rating,N/A
HFBC,$11.4899,1440433298311,"4,805",Not yet rated,NULL,N/A
CETC,$0.735,1440433298443,"85,489",86% bullish,of 7 ratings,N/A
HBNC,$24.13,1440433298470,"15,701",100% bullish,of 1 rating,$27
HZNP,$28.9,1440433298513,"1,502,958",85% bullish,of 20 ratings,$40
ZINC,$7.24,1440433298603,"371,559",100% bearish,of 1 rating,$17
HRZN,$10.345,1440433298731,"48,515",100% bearish,of 1 rating,$14.25
HDP,$24.6,1440433298757,"141,969",67% bearish,of 3 ratings,$30.50
HMHC,$22.34,1440433298778,"259,795",Not yet rated,NULL,$27
HSNI,$60.38,1440433298938,"68,398",Not yet rated,NULL,$80
HWCC,$7.25,1440433298969,"69,800",100% bearish,of 1 rating,$9
HOVNP,$4.6375,1440433298996,"1,818",100% bearish,of 1 rating,N/A
HBMD,$14.07,1440433299025,"1,599",100% bearish,of 1 rating,N/A
HCBK,$9.3,1440433299128,"880,143",83% bullish,of 6 ratings,$8.61
HTGM,$5.18,1440433299186,"7,661",100% bearish,of 1 rating,$19.50
HUBG,$39.01,1440433299211,"68,936",100% bearish,of 1 rating,$43
HSON,$2.63,1440433299355,"6,675",100% bearish,of 1 rating,$5
HDSN,$2.89,1440433299487,"41,786",100% bullish,of 1 rating,$6.25
HBAN,$10.71,1440433299515,"4,333,880",76% bullish,of 17 ratings,$12.29
HBANP,$1332,1440433299536,96,100% bearish,of 1 rating,N/A
HURC,$29.58,1440433299667,"5,841",100% bearish,of 1 rating,N/A
HTCH,$1.54,1440433299695,"40,399",100% bearish,of 1 rating,$3.50
HBP,$3.04,1440433299724,"5,708",100% bullish,of 1 rating,N/A
HURN,$73.3199,1440433299749,"61,198",50% bullish,of 2 ratings,$80
HDRA,NULL,1440433299894,0,Not yet rated,NULL,N/A
HDRAR,NULL,1440433300025,0,Not yet rated,NULL,N/A
HDRAU,$10.2,1440433300063,200,Not yet rated,NULL,N/A
HDRAW,$0.25,1440433300108,11,Not yet rated,NULL,N/A
IDSY,$3.71,1440433300241,"14,643",100% bearish,of 1 rating,$7
IKGH,$1.5301,1440433300314,"16,074",75% bullish,of 4 ratings,N/A
HYGS,$7.413,1440433300343,"33,104",50% bullish,of 2 ratings,$13
IACI,$69.67,1440433300370,"364,248",75% bullish,of 4 ratings,$90
IBKC,$58.45,1440433300505,"93,025",100% bullish,of 1 rating,$70
ICFI,$34.38,1440433300535,"36,094",50% bullish,of 2 ratings,$48.50
IEP,$67.29,1440433300610,"102,565",75% bullish,of 4 ratings,$99
ICAD,$3.37,1440433300637,"61,139",50% bullish,of 2 ratings,$7.25
ICON,$12.3,1440433300808,"334,230",50% bullish,of 2 ratings,$18.50
ICUI,$112.435,1440433300888,"52,622",Not yet rated,NULL,$122
INVE,$4.49,1440433300916,"26,062",75% bullish,of 4 ratings,$4
IPWR,$7.23,1440433301047,"5,817",100% bullish,of 1 rating,$15
ICLR,$76.6199,1440433301079,"174,762",100% bearish,of 3 ratings,$85
IDXX,$72.86,1440433301179,"291,412",100% bearish,of 1 rating,$77
IDRA,$2.49,1440433301207,"460,565",89% bullish,of 9 ratings,$6.50
DSKY,$11.28,1440433301263,"295,032",67% bullish,of 6 ratings,$11.50
IROQ,$16.5,1440433301349,"3,301",100% bullish,of 1 rating,N/A
IRG,$4.65,1440433301376,"23,683",100% bearish,of 1 rating,$4.50
RXDX,$13.38,1440433301418,"99,072",100% bullish,of 1 rating,$20
IIVI,$17.17,1440433301447,"78,105",100% bearish,of 1 rating,$22
KANG,$13.97,1440433301514,"412,254",50% bullish,of 2 ratings,$22.55
IKAN,$2.725,1440433301676,"14,075",83% bullish,of 6 ratings,$5
IKNX,$11.33,1440433301738,400,100% bearish,of 1 rating,N/A
ILMN,$198.505,1440433301822,"660,841",80% bullish,of 5 ratings,$240
ISNS,$3.5676,1440433301876,"48,065",50% bullish,of 2 ratings,N/A
IMMR,$11.67,1440433301907,"55,770",80% bullish,of 5 ratings,$15.50
IMDZ,$15.74,1440433301983,"38,523",100% bearish,of 1 rating,$33
ICCC,$7.4,1440433302013,"4,695",100% bullish,of 1 rating,N/A
IMNP,$1.1899,1440433302042,"121,798",50% bullish,of 2 ratings,$6
IPXL,$42.0801,1440433302114,"193,107",67% bullish,of 3 ratings,$46.50
IMMU,$1.86,1440433302141,"217,721",86% bullish,of 7 ratings,$2
IMGN,$13.46,1440433302205,"534,679",75% bullish,of 4 ratings,$17.50
IMMY,$7.4161,1440433302286,"6,402",100% bearish,of 1 rating,$11
INCR,$41.04,1440433302389,"162,892",50% bullish,of 2 ratings,$53
INCY,$100.28,1440433302417,"507,018",50% bullish,of 6 ratings,$125.50
SAAS,$7.72,1440433302442,"144,328",50% bullish,of 2 ratings,$15
INDB,$45.61,1440433302604,"29,297",Not yet rated,NULL,$44
IBCP,$14.19,1440433302707,"47,132",100% bullish,of 1 rating,$14.50
IDSA,$3.52,1440433302742,"3,800",Not yet rated,NULL,N/A
INFI,$9.01,1440433302784,"345,222",50% bullish,of 4 ratings,$18
IBTX,$41.35,1440433302812,"16,689",100% bullish,of 2 ratings,$47.25
III,$3.98,1440433302838,"28,856",57% bullish,of 7 ratings,$6
INFN,$20.53,1440433302867,"1,153,185",71% bullish,of 7 ratings,$28
IPCC,$78.17,1440433302896,"12,433",Not yet rated,NULL,$77.50
IFON,$1.18,1440433303081,"40,733",75% bullish,of 4 ratings,N/A
INWK,$7.05,1440433303157,"51,982",50% bullish,of 2 ratings,$10
IMKTA,$51.89,1440433303216,"40,101",100% bearish,of 1 rating,N/A
INNL,$12.22,1440433303241,955,100% bearish,of 1 rating,$16.50
INOD,$2.4901,1440433303297,"1,600",100% bearish,of 1 rating,N/A
IPHS,$46.49,1440433303507,"36,417",100% bearish,of 1 rating,$60
ITEK,$12.66,1440433303583,"300,980",100% bearish,of 3 ratings,$20
IOSP,$47.92,1440433303609,"140,565",100% bearish,of 1 rating,N/A
INO,$6.95,1440433303641,"719,988",89% bullish,of 18 ratings,$20
INGN,$48.38,1440433303668,"120,392",100% bearish,of 1 rating,$50.50
ISSC,$2.88,1440433303689,"4,539",67% bearish,of 3 ratings,N/A
ISIG,$2.5999,1440433303817,"5,531",100% bearish,of 1 rating,N/A
INOV,$20.995,1440433303844,"98,798",100% bearish,of 1 rating,$33
NSIT,$25.675,1440433303915,"28,466",50% bullish,of 2 ratings,N/A
INSM,$23.4,1440433303975,"270,330",71% bullish,of 7 ratings,$31.50
IIIN,$17.315,1440433304047,"10,652",100% bearish,of 2 ratings,N/A
PODD,$28.15,1440433304249,"109,062",50% bullish,of 2 ratings,$35
IESC,$6.88,1440433304277,5,100% bearish,of 1 rating,N/A
ISSI,$22,1440433304308,"208,396",67% bullish,of 3 ratings,$19.75
NTEC,$5.75,1440433304329,"15,300",100% bearish,of 1 rating,N/A
IDTI,$17.72,1440433304412,"1,111,640",60% bullish,of 5 ratings,$25
INSY,$32.33,1440433304473,"242,546",75% bullish,of 4 ratings,$48
IART,$60.5,1440433304498,"83,599",100% bearish,of 1 rating,$71.50
IPCI,$2.06,1440433304569,"85,641",67% bullish,of 6 ratings,$7.75
IPAR,$26.33,1440433304642,"21,391",67% bullish,of 3 ratings,$38
INTC,$27.1,1440433304667,"21,534,194",82% bullish,of 238 ratings,$36
IQNT,$19.01,1440433304746,"90,844",86% bullish,of 7 ratings,$20
ININ,$36.96,1440433304889,"23,407",67% bearish,of 3 ratings,$57
ICLD,$1.82,1440433304977,"188,008",75% bullish,of 4 ratings,N/A
IBKR,$37.53,1440433305006,"531,351",100% bullish,of 1 rating,N/A
ICPT,$187.42,1440433305033,"151,406",70% bullish,of 10 ratings,$359.50
ICLDW,NULL,1440433305111,0,100% bearish,of 1 rating,N/A
TILE,$24.27,1440433305164,"128,352",67% bearish,of 3 ratings,$27
IDCC,$47.18,1440433305197,"156,234",80% bullish,of 5 ratings,$63
INAP,$8.09,1440433305299,"52,295",75% bullish,of 4 ratings,$11
IMI,$2.02,1440433305328,"13,804",67% bullish,of 3 ratings,$2.22
IBOC,$25.42,1440433305426,"46,535",100% bearish,of 1 rating,N/A
ISCA,$31.37,1440433305488,"20,976",100% bearish,of 1 rating,N/A
IGLD,$6.0099,1440433305513,"4,425",50% bullish,of 2 ratings,N/A
IIJI,$8.99,1440433305555,100,50% bullish,of 2 ratings,$11.50
XENT,$26.45,1440433305727,"110,860",50% bullish,of 2 ratings,$36.50
PTNT,$2.993,1440433305756,700,Not yet rated,NULL,N/A
INPH,$0.2844,1440433305830,"13,199",50% bullish,of 2 ratings,N/A
ISIL,$10.46,1440433305858,"634,770",50% bullish,of 6 ratings,$15
IVAC,$4.86,1440433305904,"4,986",100% bearish,of 1 rating,$6.625
INTX,$2.2153,1440433305931,"7,479",67% bullish,of 3 ratings,N/A
IILG,$19.69,1440433305956,"35,163",100% bearish,of 1 rating,$29
INTL,$26.44,1440433306221,"48,739",67% bearish,of 3 ratings,N/A
ITCI,$27.24,1440433306254,"154,737",75% bearish,of 4 ratings,$40
INTLL,$25.1999,1440433306288,"6,438",Not yet rated,NULL,N/A
INTU,$86.91,1440433306310,"1,689,194",86% bullish,of 7 ratings,$107.50
IIN,$6.177,1440433306349,"2,624",100% bearish,of 1 rating,$12
ISRG,$494.52,1440433306383,"83,317",67% bullish,of 3 ratings,$600
INVT,$0.2406,1440433306445,"167,521",67% bullish,of 3 ratings,N/A
SNAK,$8.55,1440433306591,"57,019",50% bullish,of 2 ratings,$14
ISTR,$15.51,1440433306726,2,100% bearish,of 1 rating,$18.50
ISBC,$11.7,1440433306794,"1,566,662",100% bullish,of 1 rating,$13.25
ITIC,NULL,1440433306828,0,100% bearish,of 2 ratings,N/A
IVTY,$12.46,1440433306870,"8,905",Not yet rated,NULL,$18
NVIV,$9.82,1440433306962,"372,064",50% bullish,of 4 ratings,$24.50
DFVL,$67.82,1440433307009,101,Not yet rated,NULL,N/A
DTUL,$66.22,1440433307038,200,Not yet rated,NULL,N/A
IPAS,$1.01,1440433307059,"62,327",67% bullish,of 3 ratings,N/A
IPGP,$83.88,1440433307264,"166,500",100% bearish,of 2 ratings,$109.50
IPCM,$79.46,1440433307310,"86,554",50% bullish,of 2 ratings,$80.125
IRIX,$7,1440433307406,"2,400",100% bearish,of 1 rating,N/A
IRMD,$25.15,1440433307435,"4,748",67% bearish,of 3 ratings,$25
IRDM,$6.84,1440433307539,"268,242",60% bullish,of 5 ratings,$11.50
IRDMB,$266.34,1440433307593,100,67% bearish,of 3 ratings,N/A
IRBT,$29.96,1440433307671,"131,425",67% bullish,of 6 ratings,$37
FCHI,NULL,1440433307798,0,NULL,NULL,NULL
IRWD,$11,1440433307831,"300,025",100% bearish,of 1 rating,$13
COMT,$31.31,1440433307858,"7,453",100% bearish,of 1 rating,N/A
GNMA,$50.52,1440433307882,"4,255",Not yet rated,NULL,N/A
IRCP,$24.75,1440433307911,"13,435",100% bullish,of 2 ratings,N/A
IFAS,NULL,1440433307937,0,NULL,NULL,NULL
IFGL,$27.95,1440433308080,"30,813",Not yet rated,NULL,N/A
IFNA,NULL,1440433308102,0,NULL,NULL,NULL
IFEU,$37.7501,1440433308150,"9,581",Not yet rated,NULL,N/A
ACWX,$39.54,1440433308310,"432,345",100% bearish,of 1 rating,N/A
ACWI,$54.64,1440433308383,"1,193,397",Not yet rated,NULL,N/A
AXJS,NULL,1440433308405,0,NULL,NULL,NULL
EMDI,NULL,1440433308460,0,NULL,NULL,NULL
AAXJ,$50.7,1440433308546,"1,091,687",Not yet rated,NULL,N/A
AAIT,NULL,1440433308571,0,NULL,NULL,NULL
EEMA,$47.035,1440433308601,"16,512",Not yet rated,NULL,N/A
EEME,NULL,1440433308699,0,NULL,NULL,NULL
EGRW,NULL,1440433308724,0,NULL,NULL,NULL
EMEY,NULL,1440433308758,0,NULL,NULL,NULL
EVAL,NULL,1440433308928,0,NULL,NULL,NULL
EEML,$26.15,1440433308985,236,Not yet rated,NULL,N/A
EUFN,$21.56,1440433309010,"182,872",100% bearish,of 1 rating,N/A
IEUS,$45.378,1440433309086,"5,504",100% bearish,of 1 rating,N/A
QAT,$19.96,1440433309166,35,Not yet rated,NULL,N/A
UAE,$16.69,1440433309306,"7,528",Not yet rated,NULL,N/A
IBB,$337.67,1440433309332,"1,565,551",63% bullish,of 8 ratings,N/A
SOXX,$79.57,1440433309416,"475,916",50% bullish,of 2 ratings,N/A
INDY,$26.33,1440433309481,"556,503",50% bullish,of 2 ratings,N/A
ICLN,$9.1001,1440433309508,"96,600",50% bullish,of 2 ratings,N/A
WOOD,$47.51,1440433309529,"69,879",50% bullish,of 2 ratings,N/A
EMIF,$27.41,1440433309563,"1,944",Not yet rated,NULL,N/A
ISHG,$81.48,1440433309588,"6,469",100% bearish,of 1 rating,N/A
ISLE,$16.47,1440433309841,"175,601",50% bullish,of 4 ratings,$16
ISIS,$45.78,1440433309876,"847,980",53% bullish,of 15 ratings,$67
IGOV,$93.69,1440433309938,"19,142",100% bearish,of 1 rating,N/A
ISRL,$125.52,1440433309963,100,100% bearish,of 1 rating,N/A
ITRI,$30.99,1440433310021,"182,509",Not yet rated,NULL,$37
ITRN,$23.405,1440433310260,"10,896",50% bullish,of 2 ratings,N/A
XXIA,$15.1,1440433310289,"124,651",71% bullish,of 7 ratings,$14.625
ITUS,$3.9093,1440433310310,"1,409",Not yet rated,NULL,N/A
IXYS,$10.335,1440433310347,"95,592",50% bullish,of 4 ratings,N/A
JBHT,$75.71,1440433310377,"359,596",50% bullish,of 4 ratings,$89.50
JJSF,$111.8,1440433310442,"34,564",100% bearish,of 1 rating,N/A
JASO,$7.25,1440433310474,"643,836",82% bullish,of 17 ratings,$10
MAYS,$59.1,1440433310502,200,Not yet rated,NULL,N/A
JKHY,$67.17,1440433310695,"157,236",50% bullish,of 2 ratings,$72
JAXB,NULL,1440433310942,0,100% bullish,of 1 rating,N/A
JACK,$79.72,1440433310968,"439,411",83% bullish,of 6 ratings,$105
JXSB,$23.7,1440433311030,"3,280",Not yet rated,NULL,N/A
JCOM,$69.38,1440433311056,"64,373",100% bullish,of 2 ratings,$77
JAGX,$2.7,1440433311077,710,Not yet rated,NULL,N/A
JAKK,$9.15,1440433311109,"342,025",60% bearish,of 5 ratings,$11
JRVR,$26.28,1440433311236,"17,602",Not yet rated,NULL,$32
JMBA,$13.3,1440433311266,"65,060",75% bullish,of 4 ratings,$18
ERW,NULL,1440433311368,0,Not yet rated,NULL,N/A
JASN,$4.675,1440433311398,"12,564",50% bullish,of 2 ratings,$9.50
JD,$24.67,1440433311451,"6,600,768",75% bullish,of 16 ratings,$36
JASNW,NULL,1440433311508,0,50% bullish,of 2 ratings,N/A
JAZZ,$170.37,1440433311535,"250,961",80% bullish,of 15 ratings,$206.50
JBLU,$21.855,1440433311608,"5,305,910",94% bullish,of 18 ratings,$27
JTPY,$2.91,1440433311666,"2,021",100% bearish,of 1 rating,N/A
JCTCF,$9.514,1440433312016,100,100% bullish,of 1 rating,N/A
WYIGU,$10,1440433312049,"3,483",Not yet rated,NULL,N/A
JBSS,$48.04,1440433312079,"10,923",67% bearish,of 3 ratings,N/A
DATE,$5.81,1440433312100,"122,222",75% bullish,of 4 ratings,$9
JOEZ,$0.1746,1440433312129,"173,861",92% bullish,of 12 ratings,N/A
JIVE,$4.16,1440433312154,"264,206",75% bullish,of 4 ratings,$5
JOUT,$22.85,1440433312179,"11,260",100% bearish,of 1 rating,$34
JUNO,$36.9001,1440433312443,"907,757",73% bullish,of 11 ratings,$71.50
JNP,$9.66,1440433312472,"29,758",100% bullish,of 3 ratings,$15
KTWO,$21.88,1440433312570,"61,757",100% bearish,of 1 rating,$28.50
KBIO,$1.87,1440433312598,"170,392",50% bullish,of 4 ratings,N/A
KALU,$81.1515,1440433312627,"42,731",67% bearish,of 3 ratings,$91
KMDA,$3.28,1440433312652,"25,064",50% bullish,of 2 ratings,$8
JST,$3.7901,1440433312677,"21,143",75% bullish,of 4 ratings,N/A
