Symbol,Price,Date,Volume,Rating,RatingVoteCount,OneYearEstimate
FCCY,$11.72,1440710102128,320,100% bullish,of 1 rating,$13
TFSCR,NULL,1440710102230,0,Not yet rated,NULL,N/A
TFSCU,NULL,1440710102285,0,Not yet rated,NULL,N/A
TFSCW,NULL,1440710102316,0,100% bearish,of 1 rating,N/A
FCTY,$7.76,1440710102337,"2,814",100% bullish,of 1 rating,$8.50
FLWS,$8.43,1440710102418,"1,277,183",80% bullish,of 5 ratings,$15
TFSC,NULL,1440710102551,0,100% bearish,of 1 rating,N/A
SRCE,$29.28,1440710102585,"39,017",100% bullish,of 3 ratings,$33
VNET,$17.97,1440710102683,"960,538",60% bullish,of 5 ratings,$29.50
TWOU,$35.15,1440710102716,"181,970",50% bullish,of 2 ratings,$39
DGLD,$83.29,1440710102751,"25,064",100% bullish,of 1 rating,N/A
DSLV,$71.67,1440710102781,"16,710",100% bearish,of 1 rating,N/A
UGLD,$9.05,1440710102810,"996,913",100% bearish,of 1 rating,N/A
JOBS,$26.9096,1440710102850,"345,041",50% bullish,of 4 ratings,$36
USLV,$12.05,1440710103030,"327,051",86% bullish,of 7 ratings,N/A
PIH,$7.71,1440710103055,"10,100",100% bearish,of 1 rating,N/A
SIXD,$2.88,1440710103235,"175,838",Not yet rated,NULL,N/A
AVHI,$13.57,1440710103284,"110,611",100% bearish,of 1 rating,$19
CAFD,$14.23,1440710103421,"627,767",Not yet rated,NULL,$25
SHLM,$33.99,1440710103486,"96,056",100% bearish,of 1 rating,$47
ABY,$21.89,1440710103553,"417,772",100% bearish,of 2 ratings,$46
AAON,$20.73,1440710103607,"105,792",100% bearish,of 1 rating,$24
EGHT,$7.85,1440710103635,"409,295",82% bullish,of 17 ratings,$11
ABAX,$47.16,1440710103662,"121,499",100% bearish,of 1 rating,$60
ABGB,$5.64,1440710103684,"215,632",67% bullish,of 3 ratings,$5.50
ABMD,$98.2,1440710103715,"361,568",75% bullish,of 4 ratings,$100.50
ABEOW,$1.72,1440710103985,"1,765",100% bullish,of 1 rating,N/A
ACTG,$9.33,1440710104039,"238,840",67% bullish,of 3 ratings,$18.50
AXAS,$1.86,1440710104066,"1,195,243",78% bullish,of 9 ratings,$3.50
ABEO,$4.7,1440710104120,"55,908",50% bullish,of 4 ratings,$15.50
ACHC,$74.32,1440710104220,"693,069",50% bullish,of 2 ratings,$92
ACAD,$37.91,1440710104373,"800,915",80% bullish,of 20 ratings,$48
ARAY,$6.44,1440710104414,"790,654",100% bearish,of 1 rating,$10.50
ACST,$0.339,1440710104470,"38,840",100% bullish,of 2 ratings,N/A
XLRN,$28.55,1440710104495,"124,056",50% bullish,of 2 ratings,$57
ANCX,$19.58,1440710104546,"18,905",Not yet rated,NULL,$20
AXDX,$18.59,1440710104638,"133,104",100% bearish,of 1 rating,N/A
VXDN,$1.91,1440710104672,"79,592",100% bearish,of 1 rating,N/A
ACRX,$4.18,1440710104716,"176,135",67% bearish,of 6 ratings,$5.50
VXUP,$1.5,1440710104854,"51,057",100% bearish,of 1 rating,N/A
ACET,$22.59,1440710104892,"134,400",75% bullish,of 4 ratings,$30
AKAO,$6.65,1440710104917,"55,372",75% bullish,of 4 ratings,$15
ACHN,$7.51,1440710105058,"1,754,893",90% bullish,of 21 ratings,$16
ACIW,$21.07,1440710105215,"618,018",67% bearish,of 3 ratings,$24
ACOR,$31.69,1440710105281,"676,500",67% bearish,of 3 ratings,$38.50
ACTS,$1.62,1440710105351,"51,641",100% bearish,of 1 rating,N/A
ACNB,$19.82,1440710105383,"3,126",Not yet rated,NULL,N/A
ATVI,$27.91,1440710105424,"4,314,001",68% bullish,of 84 ratings,$31.50
ACPW,$1.8,1440710105453,"13,406",100% bullish,of 4 ratings,$3.50
ACTA,$13.09,1440710105522,"101,358",67% bearish,of 3 ratings,$25
ACUR,$0.549,1440710105553,"118,162",100% bullish,of 5 ratings,$1
ADMS,$20.06,1440710105683,"44,813",100% bearish,of 2 ratings,$36
ACXM,$20.88,1440710105736,"313,597",67% bullish,of 3 ratings,N/A
ADMP,$3.64,1440710105945,"15,859",50% bullish,of 2 ratings,$10
ADUS,$28.51,1440710105982,"36,611",100% bearish,of 1 rating,$31
ADMA,$9.25,1440710106112,"6,150",Not yet rated,NULL,$19
ADEP,$6.79,1440710106140,"19,627",50% bullish,of 2 ratings,$10.75
AEY,$2.37,1440710106169,"7,215",100% bearish,of 2 ratings,N/A
ADAP,$11.28,1440710106194,"47,580",67% bullish,of 3 ratings,$22
ADBE,$78.91,1440710106223,"2,626,306",65% bullish,of 17 ratings,$90
ADTN,$15.63,1440710106322,"264,065",67% bullish,of 3 ratings,$17.125
AEIS,$24.59,1440710106354,"152,965",50% bullish,of 2 ratings,$32.50
AMD,$1.78,1440710106452,"8,269,988",83% bullish,of 103 ratings,$2
ADRO,$21.81,1440710106523,"184,152",80% bullish,of 5 ratings,$45.50
ADXSW,$10.3,1440710106583,"7,480",100% bullish,of 1 rating,N/A
ADXS,$14.97,1440710106728,"698,120",64% bullish,of 14 ratings,$27
MULT,$22.9,1440710106759,100,100% bearish,of 1 rating,N/A
YPRO,$22.99,1440710106858,113,100% bearish,of 1 rating,N/A
AEGR,$17.76,1440710106892,"379,386",50% bullish,of 6 ratings,$26
AEHR,$2.26,1440710106942,"2,050",50% bullish,of 2 ratings,N/A
AMTX,$2.73,1440710106970,"29,307",50% bullish,of 2 ratings,$26.11
AEGN,$18.03,1440710107026,"120,038",100% bearish,of 2 ratings,$21
AERI,$16.5,1440710107196,"496,566",75% bullish,of 4 ratings,$31.50
AVAV,$24,1440710107330,"84,544",50% bullish,of 4 ratings,$31
AEMD,$7.15,1440710107358,"176,485",Not yet rated,NULL,$27.50
AEPI,$54.4,1440710107387,"9,352",100% bearish,of 1 rating,N/A
AFMD,$10.14,1440710107408,"90,074",50% bullish,of 4 ratings,$15
AFFX,$9.66,1440710107542,"805,284",80% bullish,of 5 ratings,$12
AEZS,$0.0855,1440710107567,"7,062,749",90% bullish,of 21 ratings,$1.50
AGEN,$6.91,1440710107771,"652,795",85% bullish,of 13 ratings,$14
AIMT,$21.35,1440710107806,"49,058",Not yet rated,NULL,N/A
AGFS,$10.1908,1440710107906,"34,412",100% bearish,of 1 rating,N/A
AGIO,$90.02,1440710107935,"287,799",88% bullish,of 8 ratings,$114
AGYS,$9.8,1440710107967,"25,835",100% bearish,of 1 rating,N/A
AGRX,$8.43,1440710107989,"16,281",100% bearish,of 1 rating,$17.50
AGFSW,$2,1440710108070,"17,600",100% bearish,of 2 ratings,N/A
AIRM,$36.99,1440710108276,"216,632",80% bearish,of 5 ratings,$53
ATSG,$8.94,1440710108304,"131,156",67% bullish,of 3 ratings,$13
AIRT,$22.71,1440710108349,536,100% bullish,of 1 rating,N/A
AMCN,$4.59,1440710108440,"412,688",83% bullish,of 6 ratings,N/A
AKAM,$70.5,1440710108502,"1,345,054",63% bullish,of 8 ratings,$77
AKER,$2.79,1440710108753,"5,892",Not yet rated,NULL,N/A
ALRM,$16.9,1440710108784,"57,187",100% bearish,of 1 rating,$22
AIXG,$6.02,1440710108854,"25,723",67% bearish,of 3 ratings,$5.25
ABDC,$12.21,1440710108880,"91,352",Not yet rated,NULL,$15
ALSK,$2.04,1440710108910,"158,320",78% bullish,of 18 ratings,$2
AKBA,$6.47,1440710109055,"112,314",100% bearish,of 1 rating,$18
ADHD,$7.76,1440710109143,"137,797",50% bullish,of 4 ratings,$18
AMRI,$19.96,1440710109211,"131,544",75% bearish,of 4 ratings,$24
AKRX,$41.21,1440710109236,"795,009",78% bullish,of 9 ratings,$56
ALDR,$38.82,1440710109404,"255,073",67% bearish,of 3 ratings,$62
ALDX,$6.85,1440710109529,"7,841",100% bearish,of 1 rating,$14.50
ALXA,$1.18,1440710109630,"19,066",83% bullish,of 6 ratings,$2.125
ALXN,$179.82,1440710109715,"1,199,492",88% bullish,of 8 ratings,$223
ALKS,$61.17,1440710109768,"377,025",67% bullish,of 3 ratings,$75
ALGN,$56.82,1440710109847,"267,499",100% bearish,of 2 ratings,$73
AFOP,$18.7,1440710109879,"137,332",75% bullish,of 8 ratings,$21
ALIM,$3.37,1440710109913,"59,425",80% bullish,of 5 ratings,$10
ALCO,$42.3,1440710109981,"4,230",50% bullish,of 2 ratings,N/A
ALLB,$22.79,1440710110009,200,Not yet rated,NULL,N/A
AIQ,$13.6,1440710110035,"8,402",67% bullish,of 3 ratings,N/A
ARLP,$24.64,1440710110289,"264,835",67% bearish,of 3 ratings,$32
AHGP,$36.21,1440710110319,"161,356",67% bullish,of 3 ratings,N/A
ALGT,$209.79,1440710110381,"180,748",100% bearish,of 2 ratings,$235
AHPI,$1.45,1440710110417,604,50% bullish,of 2 ratings,N/A
AMOT,$18.57,1440710110517,"59,105",100% bearish,of 1 rating,N/A
MDRX,$13.68,1440710110646,"1,256,781",60% bullish,of 5 ratings,$16
AFAM,$45.45,1440710110734,"46,292",50% bullish,of 2 ratings,$44
ALQA,$4.31,1440710110759,"5,131",75% bullish,of 4 ratings,$8.50
SMCP,NULL,1440710110831,0,Not yet rated,NULL,N/A
ALNY,$104.9,1440710110858,"354,061",67% bullish,of 3 ratings,$148.50
ALLT,$5.025,1440710110887,"55,914",75% bullish,of 4 ratings,$6.25
ATEC,$0.57,1440710110912,"46,780",100% bullish,of 1 rating,$2
AOSL,$7.22,1440710111058,"54,865",67% bullish,of 3 ratings,$9
AIMC,$24.66,1440710111253,"67,041",100% bearish,of 2 ratings,$28.50
ALTR,$48.62,1440710111357,"2,269,701",80% bearish,of 5 ratings,$54
ASPS,$25.76,1440710111382,"215,620",67% bullish,of 3 ratings,$46.50
AMRN,$2.09,1440710111407,"1,590,636",85% bullish,of 39 ratings,$8
AMAG,$65.99,1440710111438,"403,919",100% bullish,of 2 ratings,$77.50
AMZN,$518.25,1440710111574,"3,976,706",81% bullish,of 264 ratings,$646
AMRK,NULL,1440710111614,0,50% bullish,of 2 ratings,$14
AYA,$20.58,1440710111645,"33,984",100% bearish,of 1 rating,$40
AMBCW,$7.75,1440710111710,"25,933",100% bearish,of 1 rating,N/A
AMBC,$15.97,1440710111815,"218,211",100% bearish,of 1 rating,$16.50
AMBA,$91.3,1440710111840,"1,900,286",83% bullish,of 12 ratings,$102.50
AMDA,$0.4835,1440710112138,"793,529",90% bullish,of 10 ratings,$1
DOX,$57.75,1440710112175,"401,467",67% bearish,of 3 ratings,$60
EPAX,$2.69,1440710112893,"18,600",100% bearish,of 1 rating,N/A
AMCX,$72.79,1440710112936,"683,124",67% bullish,of 3 ratings,$87.50
UHAL,$373.05,1440710113026,"12,011",100% bullish,of 2 ratings,$393.50
AGNCB,$24.23,1440710113189,"16,640",Not yet rated,NULL,N/A
AGNCP,$25.25,1440710113254,"4,400",Not yet rated,NULL,N/A
MTGE,$15.56,1440710113339,"298,318",75% bullish,of 4 ratings,$19.50
MTGEP,$24.5,1440710113471,"1,231",Not yet rated,NULL,N/A
ACSF,$12.16,1440710113497,"47,653",100% bearish,of 1 rating,$15
AGNC,$19.58,1440710113554,"2,138,378",71% bullish,of 28 ratings,$22
AMED,$38.98,1440710113632,"181,422",100% bearish,of 1 rating,$42
ACAS,$13.6322,1440710113688,"1,370,003",60% bullish,of 5 ratings,$16.75
ASBI,$22.63,1440710113884,"4,537",Not yet rated,NULL,N/A
ATAX,$5.18,1440710113992,"55,519",100% bullish,of 1 rating,$6.50
ANCI,$1.52,1440710114023,350,100% bearish,of 1 rating,N/A
AMOV,$18.41,1440710114053,"3,745",100% bearish,of 1 rating,N/A
AAL,$39.07,1440710114127,"8,575,928",93% bullish,of 88 ratings,$57
AETI,$3.49,1440710114538,"14,169",67% bearish,of 3 ratings,N/A
AMIC,$10.01,1440710114671,"1,768",Not yet rated,NULL,N/A
AMNB,$23.22,1440710114700,"8,993",Not yet rated,NULL,$25.50
AMSC,$4.51,1440710114806,"166,147",50% bullish,of 4 ratings,N/A
ANAT,$100.8302,1440710114832,"14,552",100% bullish,of 1 rating,N/A
APEI,$21.89,1440710114911,"71,859",100% bearish,of 1 rating,$25.50
AMSWA,$8.39,1440710115043,"48,154",100% bearish,of 2 ratings,$10.75
ARII,$38.64,1440710115101,"374,705",67% bearish,of 3 ratings,$45
CRMT,$36.12,1440710115202,"44,029",100% bearish,of 1 rating,$39
AMWD,$66.44,1440710115231,"90,829",50% bullish,of 2 ratings,$70
AMRB,$10.06,1440710115294,"1,779",Not yet rated,NULL,$11
ASRV,$3.3,1440710115483,"1,376",100% bullish,of 2 ratings,N/A
ASEI,$37.98,1440710115572,"34,541",100% bearish,of 1 rating,$52.50
AMSF,$46.85,1440710115629,"49,657",Not yet rated,NULL,$57.50
ABCB,$26.67,1440710115653,"85,858",Not yet rated,NULL,$31
ATLO,$24.29,1440710115823,"6,848",Not yet rated,NULL,N/A
AMKR,$5.05,1440710116002,"1,184,729",100% bearish,of 2 ratings,$5
AMGN,$155,1440710116061,"3,323,016",89% bullish,of 19 ratings,$185
ASRVP,NULL,1440710116128,0,Not yet rated,NULL,N/A
AMPH,$13.81,1440710116224,"154,484",50% bullish,of 2 ratings,$20
AMSG,$80.39,1440710116260,"265,359",100% bearish,of 1 rating,$85.50
AFSI,$58.7718,1440710116286,"294,367",60% bullish,of 5 ratings,$72
ASYS,$5.4,1440710116361,"44,893",67% bullish,of 3 ratings,$12
FOLD,$14.85,1440710116413,"881,881",56% bullish,of 9 ratings,$21
AMSGP,$151.88,1440710116494,111,Not yet rated,NULL,N/A
ANAC,$133.67,1440710116626,"320,795",80% bullish,of 5 ratings,$180.50
AMRS,$1.7,1440710116651,"56,333",70% bullish,of 10 ratings,N/A
ADI,$56.48,1440710116795,"3,067,000",67% bullish,of 3 ratings,$69
ANAD,$0.32,1440710116927,"257,880",100% bullish,of 2 ratings,$.50
ANCB,$22.1,1440710116959,"1,200",Not yet rated,NULL,$23
AMCF,$0.25,1440710116985,"1,100",100% bullish,of 7 ratings,N/A
ABCW,$41.29,1440710117013,"12,052",67% bullish,of 3 ratings,N/A
ALOG,$78.99,1440710117064,"59,340",100% bearish,of 2 ratings,$100.50
ANGI,$5.07,1440710117149,"634,018",64% bullish,of 11 ratings,$5.50
ANSS,$89.79,1440710117277,"275,863",100% bearish,of 1 rating,$100
ANGO,$14.58,1440710117303,"121,007",67% bullish,of 3 ratings,$19
ANIP,$50.09,1440710117382,"153,343",89% bullish,of 19 ratings,$66
ATRS,$1.71,1440710117431,"453,364",92% bullish,of 12 ratings,$4.50
ANIK,$35.61,1440710117516,"120,676",60% bullish,of 5 ratings,$51.25
ANTH,$7.55,1440710117569,"671,660",80% bullish,of 10 ratings,$13
ABAC,$0.788,1440710117670,"8,241",100% bearish,of 1 rating,N/A
APOL,$11.19,1440710117742,"880,950",87% bearish,of 68 ratings,$14
ATNY,$2.34,1440710117773,"2,800",50% bullish,of 2 ratings,$3.75
APOG,$50.76,1440710117842,"139,516",50% bullish,of 2 ratings,$67
APIC,$7.41,1440710117873,"123,570",100% bearish,of 1 rating,$19
APPF,$17,1440710117904,"50,686",50% bullish,of 2 ratings,$22
AINV,$6.57,1440710117977,"787,516",50% bullish,of 4 ratings,$8
AAPL,$112.92,1440710118105,"50,175,754",86% bullish,of 2350 ratings,$150
ARCI,NULL,1440710118186,0,Not yet rated,NULL,N/A
APDN,$3.37,1440710118241,"40,036",Not yet rated,NULL,$9
APDNW,$1.24,1440710118318,"5,400",Not yet rated,NULL,N/A
AMCC,$5.66,1440710118547,"521,821",80% bullish,of 5 ratings,$8
AAOI,$20.49,1440710118579,"221,339",50% bullish,of 4 ratings,$26
AGTC,$15.9,1440710118605,"72,329",50% bullish,of 2 ratings,$33
AMAT,$15.94,1440710118678,"12,287,123",82% bullish,of 11 ratings,$23
AQMS,$4.92,1440710118810,"19,383",Not yet rated,NULL,N/A
AREX,$2.05,1440710118841,"867,468",100% bearish,of 1 rating,$3
APTO,$5.08,1440710118863,"9,391",Not yet rated,NULL,$17
APRI,$1.27,1440710118885,"46,272",83% bullish,of 6 ratings,$4.86
AUMA,NULL,1440710119015,0,Not yet rated,NULL,N/A
AUMAU,$10,1440710119147,"8,316",Not yet rated,NULL,N/A
AUMAW,NULL,1440710119422,0,Not yet rated,NULL,N/A
ARDM,NULL,1440710119450,0,100% bullish,of 1 rating,$26
ABUS,$7.27,1440710119552,"321,644",86% bullish,of 14 ratings,$23
AQXP,$17.3199,1440710119702,"352,440",50% bullish,of 2 ratings,$2
RKDA,$6.08,1440710119727,"19,172",100% bearish,of 2 ratings,$10
ABIO,$0.896,1440710119757,"75,359",50% bullish,of 2 ratings,$3.75
ARCW,$3.51,1440710119806,"15,769",100% bearish,of 2 ratings,$10.50
ARDX,$17.63,1440710119859,"99,765",50% bullish,of 2 ratings,$24.50
ARCB,$28.99,1440710119945,"167,641",67% bearish,of 3 ratings,$39.50
ACAT,$26.07,1440710119991,"118,678",100% bearish,of 3 ratings,$33
ARNA,$2.65,1440710120074,"2,549,015",90% bullish,of 77 ratings,$5.50
ACGL,$68.0036,1440710120122,"385,734",50% bullish,of 2 ratings,$72
ARCC,$15.2861,1440710120177,"1,133,827",67% bearish,of 3 ratings,$17.875
PETX,$17.55,1440710120208,"222,429",100% bearish,of 2 ratings,$26
AGII,$55.4,1440710120256,"112,289",Not yet rated,NULL,$59.50
AGIIL,$25.68,1440710120384,"4,509",Not yet rated,NULL,N/A
ARGS,$6.2,1440710120591,"37,810",50% bullish,of 2 ratings,$19.50
ARIA,$6.98,1440710120712,"2,047,159",87% bullish,of 46 ratings,$9
ARIS,$4.02,1440710120737,"60,489",Not yet rated,NULL,$4.50
ARTX,$1.45,1440710120884,"68,893",88% bullish,of 16 ratings,$4.50
ARWAR,NULL,1440710120943,0,Not yet rated,NULL,N/A
ARMH,$42.72,1440710121223,"2,111,605",54% bearish,of 13 ratings,$61
ARWA,NULL,1440710121292,0,Not yet rated,NULL,N/A
ARRY,$5.84,1440710121365,"1,017,937",100% bullish,of 7 ratings,$10
ARQL,$1.76,1440710121395,"120,610",75% bullish,of 4 ratings,$5
ARKR,$25.45,1440710121416,204,50% bullish,of 2 ratings,N/A
ARWAW,$0.125,1440710121443,"9,610",Not yet rated,NULL,N/A
AROW,$27.16,1440710121719,"11,329",Not yet rated,NULL,N/A
ARTW,$4.29,1440710121920,603,75% bearish,of 4 ratings,N/A
ARWR,$5.67,1440710121957,"547,914",75% bullish,of 4 ratings,$10.50
ARTNA,$22.13,1440710121988,"18,523",100% bearish,of 1 rating,$29
ARRS,$26.33,1440710122016,"626,120",50% bullish,of 2 ratings,$38
DWAT,$9.9,1440710122037,"2,900",100% bearish,of 1 rating,N/A
ARWAU,NULL,1440710122067,0,100% bullish,of 1 rating,N/A
ASBB,$24.38,1440710122092,103,Not yet rated,NULL,N/A
ASTI,$0.1225,1440710122392,"1,628,304",83% bullish,of 6 ratings,$3
APWC,$1.63,1440710122464,"7,363",100% bearish,of 1 rating,N/A
ASCMA,$26.85,1440710122491,"89,419",100% bearish,of 1 rating,$45
ASML,$91.91,1440710122518,"978,999",50% bullish,of 4 ratings,$127
ASND,$20.05,1440710122552,"59,707",100% bullish,of 1 rating,$30
ASNA,$11.67,1440710122574,"1,748,486",50% bullish,of 2 ratings,$18
ASMI,NULL,1440710122619,0,NULL,NULL,NULL
AZPN,$37.61,1440710122748,"627,206",50% bullish,of 2 ratings,$42
ASMB,$12.97,1440710122897,"50,450",67% bullish,of 3 ratings,N/A
ASFI,$8.91,1440710122951,"4,215",100% bullish,of 1 rating,N/A
ALOT,$13.97,1440710123005,"1,758",100% bearish,of 1 rating,N/A
ASTE,$36.84,1440710123111,"82,136",100% bearish,of 1 rating,$48
ASUR,$5.58,1440710123178,"12,950",50% bullish,of 2 ratings,$8
ATRO,$53.6,1440710123240,"113,324",100% bearish,of 2 ratings,$80
ASTC,$1.99,1440710123330,"24,455",100% bullish,of 5 ratings,N/A
ATRA,$39.97,1440710123358,"138,811",50% bullish,of 2 ratings,$68
ATAI,$2.42,1440710123386,"2,222",100% bearish,of 1 rating,N/A
ATHN,$134.56,1440710123431,"218,652",67% bearish,of 3 ratings,$153
ATHX,$1.14,1440710123651,"135,051",89% bullish,of 9 ratings,$5
AAME,$3.57,1440710123695,"3,270",Not yet rated,NULL,N/A
AAPC,$10.1,1440710123720,24,Not yet rated,NULL,N/A
AFCB,$27.3,1440710123750,300,Not yet rated,NULL,N/A
ATNI,$70.91,1440710123852,"56,835",100% bearish,of 1 rating,$69.50
ACFC,$5.42,1440710123877,"49,556",100% bearish,of 1 rating,$6.50
AFH,$16.32,1440710124153,"56,873",Not yet rated,NULL,$21.50
AAWW,$41.18,1440710124184,"320,505",50% bullish,of 2 ratings,$65
ATML,$8.08,1440710124205,"3,785,705",78% bullish,of 9 ratings,$9.50
ATLC,$3.95,1440710124241,302,67% bullish,of 3 ratings,N/A
ATRI,$388.69,1440710124262,"8,225",Not yet rated,NULL,N/A
ATOS,$0.7375,1440710124338,"82,430",100% bullish,of 7 ratings,$7
ATRC,$26.27,1440710124474,"197,364",100% bullish,of 1 rating,$30
ATRM,$2.8,1440710124504,"11,305",50% bullish,of 2 ratings,N/A
LIFE,$15.55,1440710124607,"26,161",86% bullish,of 7 ratings,$43
ATTU,$13.26,1440710124655,"24,176",100% bearish,of 1 rating,$20.50
AUDC,$3.35,1440710125160,"113,022",80% bullish,of 5 ratings,$5
ADAT,$0.358,1440710125385,"446,415",100% bullish,of 2 ratings,N/A
ABTL,$18.01,1440710125438,"122,024",100% bullish,of 4 ratings,$20.25
ADP,$78.03,1440710125524,"2,050,674",100% bearish,of 1 rating,$88
ADSK,$47.01,1440710125571,"4,934,980",67% bullish,of 6 ratings,$69.50
AUPH,$3.03,1440710125652,"16,550",100% bearish,of 1 rating,$8
EARS,$4.91,1440710125748,"5,396",100% bearish,of 2 ratings,$11.50
AUBN,$26.51,1440710125793,800,Not yet rated,NULL,N/A
AVNU,$12.37,1440710125988,"12,006",Not yet rated,NULL,$14
AVGO,$126.21,1440710126017,"5,102,133",88% bullish,of 8 ratings,$165
AVEO,$1.4,1440710126064,"643,827",75% bullish,of 8 ratings,$3
AVID,$8.22,1440710126193,"318,201",100% bearish,of 1 rating,$20
AVNW,$1.13,1440710126227,"81,019",50% bullish,of 2 ratings,$2.20
CAR,$43.14,1440710126253,"1,454,049",80% bullish,of 5 ratings,$60
AAVL,$10.67,1440710126332,"263,914",100% bearish,of 1 rating,$20
ACLS,$3.15,1440710126503,"432,782",67% bullish,of 6 ratings,$4.75
AWRE,$3.2,1440710126531,"11,992",67% bullish,of 3 ratings,N/A
AVGR,$14.19,1440710126556,"16,548",100% bearish,of 1 rating,$20
AXPW,$1.07,1440710126606,"87,679",83% bullish,of 6 ratings,N/A
AXPWW,NULL,1440710126698,0,Not yet rated,NULL,N/A
AXGN,$4.4,1440710126753,"96,244",Not yet rated,NULL,$5
AXTI,$2.14,1440710126778,"14,777",50% bullish,of 2 ratings,$2.75
BCOM,$18.39,1440710126807,"1,425",100% bearish,of 1 rating,N/A
RILY,$9.78,1440710127033,600,Not yet rated,NULL,N/A
BOSC,$2.24,1440710127058,"5,601",50% bullish,of 2 ratings,N/A
BEAV,$49.12,1440710127084,"834,663",67% bearish,of 3 ratings,$59
BIDU,$152.1,1440710127116,"3,129,012",81% bullish,of 88 ratings,$210
BWINA,NULL,1440710127214,0,Not yet rated,NULL,N/A
BCPC,$57.78,1440710127241,"122,145",100% bearish,of 1 rating,$75
BWINB,$22.97,1440710127476,"8,534",Not yet rated,NULL,N/A
BLDP,$1.24,1440710127501,"356,568",91% bullish,of 22 ratings,$2.50
BANFP,NULL,1440710127572,0,Not yet rated,NULL,N/A
BANF,$59.93,1440710127598,"11,765",Not yet rated,NULL,$68
BKMU,$7.01,1440710127656,"113,184",Not yet rated,NULL,$8
BOCH,$5.81,1440710127683,"17,461",Not yet rated,NULL,$6.50
BMRC,$48.06,1440710127729,"12,630",Not yet rated,NULL,$52
OZRK,$41.6,1440710127926,"495,089",67% bullish,of 3 ratings,$49.50
BKSC,$16.5,1440710127952,"7,796",Not yet rated,NULL,N/A
BOTJ,$11.1,1440710127985,917,Not yet rated,NULL,N/A
BWFG,$18,1440710128086,"3,002",100% bearish,of 1 rating,N/A
BANR,$43.56,1440710128112,"53,236",100% bullish,of 3 ratings,$50
BFIN,$12.08,1440710128164,"24,622",Not yet rated,NULL,$13
TAPR,$33.03,1440710128348,570,100% bearish,of 1 rating,N/A
BZUN,$5.18,1440710128374,"314,819",50% bullish,of 2 ratings,$11.50
BHAC,$9.81,1440710128431,"2,700",Not yet rated,NULL,N/A
BHACU,NULL,1440710128707,0,Not yet rated,NULL,N/A
BHACW,$0.135,1440710128761,"2,402",Not yet rated,NULL,N/A
BHACR,NULL,1440710128789,0,Not yet rated,NULL,N/A
BBSI,$34.58,1440710128814,"58,473",67% bearish,of 3 ratings,$62.50
BYLK,$12.98,1440710128866,505,Not yet rated,NULL,$14
BYBK,$4.88,1440710128948,200,100% bearish,of 1 rating,N/A
BSET,$28.45,1440710129002,"36,390",100% bearish,of 1 rating,$35
BV,$5.05,1440710129029,"391,590",67% bullish,of 6 ratings,$9
BCBP,$11.62,1440710129057,505,Not yet rated,NULL,N/A
BBCN,$14.31,1440710129204,"307,249",100% bearish,of 1 rating,$16
BDCV,$4.85,1440710129337,"35,589",100% bearish,of 1 rating,$10.19
BSF,$8.64,1440710129368,"13,423",Not yet rated,NULL,N/A
BECN,$35.28,1440710129390,"350,846",50% bullish,of 2 ratings,$40
BBGI,$4.1616,1440710129442,300,100% bullish,of 1 rating,N/A
BEBE,$1.87,1440710129469,"163,288",75% bullish,of 4 ratings,$3.075
BBBY,$62.5,1440710129763,"2,179,176",71% bullish,of 7 ratings,$75
BLCM,$17.33,1440710129796,"144,702",50% bullish,of 4 ratings,$40
BLPH,$5.09,1440710129864,"13,236",100% bearish,of 1 rating,$12.50
BELFA,NULL,1440710129889,0,100% bearish,of 1 rating,N/A
BNTC,$8.25,1440710129920,"28,993",100% bullish,of 1 rating,N/A
BNCL,$12.47,1440710129947,"306,099",100% bullish,of 3 ratings,$12.50
BGMD,$0.752,1440710129968,"142,326",100% bullish,of 10 ratings,N/A
BELFB,$17.77,1440710130109,"32,842",100% bearish,of 1 rating,N/A
BNFT,$34.62,1440710130240,"123,902",67% bullish,of 3 ratings,$46
BGCP,$8.85,1440710130331,"1,534,849",88% bullish,of 8 ratings,$14
BGFV,$10.93,1440710130368,"124,386",57% bullish,of 7 ratings,$12
BIND,$4.43,1440710130472,"66,563",75% bullish,of 4 ratings,$13.50
BASI,$1.64,1440710130501,500,Not yet rated,NULL,N/A
ORPN,$5.61,1440710130572,"31,350",100% bullish,of 1 rating,$28.50
BCDA,NULL,1440710130602,0,Not yet rated,NULL,N/A
BIOC,$1.95,1440710130628,"337,605",83% bullish,of 6 ratings,$3.85
BIOD,$0.6692,1440710130761,"83,997",80% bullish,of 5 ratings,$4
BCRX,$11.21,1440710130786,"404,240",63% bullish,of 8 ratings,$18
BLFS,$2.02,1440710131025,"17,935",100% bearish,of 1 rating,$4.75
BIOL,$1.43,1440710131061,"30,831",Not yet rated,NULL,N/A
BDSI,$6.64,1440710131124,"740,216",88% bullish,of 8 ratings,$17
BIIB,$304.49,1440710131349,"1,727,629",88% bullish,of 16 ratings,$400
BLRX,$1.36,1440710131857,"75,990",100% bullish,of 12 ratings,$5
BVXVW,$0.701,1440710132191,"6,400",100% bearish,of 1 rating,N/A
BMRN,$130.89,1440710132224,"613,406",80% bullish,of 5 ratings,$160
BRLI,NULL,1440710132327,0,NULL,NULL,NULL
BVXV,$3.62,1440710132348,"1,750",Not yet rated,NULL,N/A
BBC,$31.07,1440710132377,"9,522",Not yet rated,NULL,N/A
BPTH,$1.07,1440710132431,"46,305",100% bullish,of 2 ratings,$5
BIOS,$2.35,1440710132456,"811,449",71% bullish,of 7 ratings,$4
BBP,$32.9,1440710132646,"18,809",Not yet rated,NULL,N/A
BITI,$16.95,1440710132716,"10,918",100% bullish,of 1 rating,$28
BDMS,$12.65,1440710133378,"3,847",100% bearish,of 1 rating,N/A
BSTC,$49.99,1440710133463,"60,860",100% bearish,of 1 rating,$76
BSPM,$0.6789,1440710133599,"12,275",50% bullish,of 2 ratings,N/A
BEAT,$14.52,1440710133726,"763,842",67% bearish,of 3 ratings,$15
BOTA,$2.14,1440710133786,"19,799",88% bullish,of 8 ratings,N/A
TECH,$96.5,1440710133829,"219,414",100% bullish,of 1 rating,$117
BJRI,$44.39,1440710134586,"215,537",50% bullish,of 2 ratings,$55
HAWK,$40.59,1440710134657,"474,072",91% bullish,of 11 ratings,$49
BBOX,$14.85,1440710134682,"140,057",100% bearish,of 1 rating,N/A
BDE,$7.4,1440710134714,"166,054",50% bullish,of 2 ratings,$9
BLKB,$57.74,1440710134757,"165,965",100% bearish,of 2 ratings,$66
BBRY,$7.18,1440710134927,"3,893,474",61% bullish,of 330 ratings,$9
BKCC,$9.3427,1440710134953,"461,285",50% bullish,of 2 ratings,$10
BLMN,$20.07,1440710135018,"1,008,709",83% bullish,of 6 ratings,$27.50
ADRA,$27.3825,1440710135083,398,100% bearish,of 1 rating,N/A
BCOR,$13.66,1440710135111,"185,320",57% bullish,of 7 ratings,$15
ADRE,$30.21,1440710135148,"178,659",100% bearish,of 1 rating,N/A
BLBD,$11.8,1440710135215,"25,996",Not yet rated,NULL,N/A
ADRD,$21.88,1440710135424,"11,193",100% bearish,of 1 rating,N/A
ADRU,$21.76,1440710135526,"3,662",100% bearish,of 1 rating,N/A
BUFF,$26.05,1440710135824,"147,572",83% bullish,of 12 ratings,$31.50
BBLU,$0.79,1440710135894,"91,250",100% bullish,of 2 ratings,$4.43
NILE,$33.61,1440710135993,"128,696",50% bullish,of 2 ratings,$34
BHBK,$13.82,1440710136023,"61,734",100% bullish,of 1 rating,$14.50
BKEPP,$7.6,1440710136097,"5,423",100% bearish,of 1 rating,N/A
BPMC,$26.87,1440710136125,"55,624",50% bullish,of 2 ratings,$47.50
BLUE,$133.36,1440710136150,"343,908",71% bullish,of 7 ratings,$217.50
BKEP,$6.24,1440710136175,"26,149",100% bearish,of 1 rating,$8.50
BNCN,$20.33,1440710136485,"89,525",Not yet rated,NULL,$24
BOBE,$43.65,1440710136516,"129,592",75% bullish,of 4 ratings,$57
BOFI,$121.5,1440710136543,"157,390",100% bullish,of 6 ratings,$144
BONA,$11.78,1440710136619,"114,609",75% bullish,of 4 ratings,$8.50
BOJA,$21.34,1440710136672,"167,384",100% bullish,of 1 rating,$30
BOKF,$61.4423,1440710136697,"227,140",100% bearish,of 1 rating,$69
WIFI,$7.5,1440710136757,"138,869",50% bullish,of 2 ratings,$13.50
BNSO,$1.2901,1440710137003,"2,500",100% bearish,of 1 rating,N/A
BAMM,$3.18,1440710137144,"9,447",60% bullish,of 5 ratings,N/A
EPAY,$26.67,1440710137176,"400,551",100% bearish,of 2 ratings,$30
BPFHW,NULL,1440710137204,0,100% bearish,of 1 rating,N/A
BPFHP,$25.07,1440710137237,"3,550",100% bearish,of 1 rating,N/A
BPFH,$11.79,1440710137274,"411,165",100% bearish,of 1 rating,$14
BBRG,$12.43,1440710137302,"68,562",67% bullish,of 3 ratings,$14.50
BDBD,$8.1,1440710137330,"624,710",60% bullish,of 5 ratings,$10
BCLI,$2.9,1440710137458,"33,209",80% bullish,of 5 ratings,$12
BBEPP,$13.7,1440710137669,"26,059",100% bearish,of 1 rating,N/A
BLIN,$1.31,1440710137735,"4,390",100% bullish,of 2 ratings,$2.20
BBEP,$2.63,1440710137761,"2,028,062",69% bullish,of 13 ratings,$5.625
BDGE,$26.25,1440710137795,"13,808",Not yet rated,NULL,$31.75
BRID,$8.8,1440710137821,100,100% bearish,of 1 rating,N/A
BRCM,$51.65,1440710137891,"5,195,791",75% bullish,of 12 ratings,$56
BCOV,$5.22,1440710138035,"124,453",67% bullish,of 3 ratings,$10.20
BSFT,$31.46,1440710138115,"303,586",57% bullish,of 7 ratings,$40.50
BVSN,$6,1440710138180,"48,115",60% bearish,of 5 ratings,N/A
BRCD,$10.5986,1440710138213,"3,271,590",92% bullish,of 13 ratings,$11.50
BYFC,NULL,1440710138244,0,50% bullish,of 2 ratings,N/A
BWEN,$3.12,1440710138275,"27,731",100% bullish,of 3 ratings,$8
BRKL,$10.5,1440710138346,"290,742",100% bearish,of 1 rating,$10.75
BRKS,$10.26,1440710138373,"123,784",67% bullish,of 3 ratings,$15.25
BRKR,$18.73,1440710138510,"417,653",100% bearish,of 2 ratings,$22
BMTC,$29.14,1440710138633,"63,189",Not yet rated,NULL,$34
BWLD,$195.64,1440710138768,"243,604",82% bullish,of 11 ratings,$205
BLMT,$20.67,1440710138810,"8,301",Not yet rated,NULL,N/A
BLDR,$14.36,1440710138835,"1,044,667",67% bullish,of 3 ratings,$22
CHRW,$67.82,1440710138898,"960,853",Not yet rated,NULL,$72
BSQR,$6.1278,1440710138923,"49,932",67% bullish,of 3 ratings,N/A
CFFI,$35.04,1440710138975,"1,106",100% bearish,of 1 rating,N/A
BUR,$1.83,1440710139066,"6,726",100% bearish,of 1 rating,$8
CCMP,$43.39,1440710139104,"91,049",50% bullish,of 2 ratings,$59
CA,$27.13,1440710139149,"2,006,154",50% bullish,of 4 ratings,$33
CDZI,$7.71,1440710139235,"60,982",100% bearish,of 1 rating,N/A
CACQ,$7.29,1440710139383,"72,416",100% bearish,of 1 rating,$12.25
CZR,$8.71,1440710139421,"2,921,336",60% bearish,of 5 ratings,$10.50
CDNS,$19.94,1440710139446,"1,692,743",75% bullish,of 4 ratings,$22.50
CSTE,$40.62,1440710139471,"412,917",50% bullish,of 2 ratings,$65
PRSS,$4.42,1440710139631,"9,941",80% bullish,of 5 ratings,$4.50
CLBS,$1.36,1440710139700,"159,700",79% bullish,of 14 ratings,$4
CLMS,$10.57,1440710139833,"62,714",Not yet rated,NULL,$10.50
CHY,$11.39,1440710139867,"225,444",Not yet rated,NULL,N/A
CFGE,$10.57,1440710139888,"1,210",Not yet rated,NULL,N/A
CHI,$10.63,1440710139924,"187,771",100% bearish,of 1 rating,N/A
CCD,$18.84,1440710139974,"189,863",Not yet rated,NULL,N/A
CHW,$7.68,1440710140018,"190,252",100% bearish,of 1 rating,N/A
CGO,$12.19,1440710140110,"18,843",100% bearish,of 1 rating,N/A
CSQ,$9.96,1440710140158,"286,773",Not yet rated,NULL,N/A
CAMP,$16.34,1440710140364,"333,745",88% bullish,of 8 ratings,$25
CVGW,$60.5,1440710140422,"183,182",50% bullish,of 2 ratings,$58.50
CFNB,$13.31,1440710140588,465,100% bearish,of 1 rating,N/A
CALA,$5.59,1440710140644,"563,777",100% bullish,of 3 ratings,$19.50
CALD,$15.51,1440710140673,"378,524",100% bearish,of 1 rating,$21
CAMBU,NULL,1440710140739,0,100% bearish,of 1 rating,N/A
ABCD,$5.15,1440710140773,"123,524",83% bullish,of 6 ratings,N/A
CALM,$50.42,1440710140811,"429,884",80% bullish,of 5 ratings,$65
CLMT,$25.61,1440710140840,"233,515",75% bullish,of 8 ratings,$31
CAMB,$10.05,1440710140901,200,Not yet rated,NULL,N/A
CAMBW,NULL,1440710141080,0,Not yet rated,NULL,N/A
CAC,$40.64,1440710141167,"5,347",Not yet rated,NULL,N/A
CAMT,$2.64,1440710141194,"40,687",73% bullish,of 11 ratings,$4
CSIQ,$18.2501,1440710141222,"1,888,385",86% bullish,of 28 ratings,$42.50
CGIX,$9.74,1440710141324,"45,317",67% bullish,of 3 ratings,$14.375
CPHC,NULL,1440710141405,0,100% bearish,of 1 rating,N/A
CBNJ,$10.85,1440710141535,"16,013",100% bullish,of 1 rating,N/A
CBF,$29.01,1440710141592,"721,254",Not yet rated,NULL,$32
CPLP,$6.88,1440710141623,"396,312",71% bullish,of 7 ratings,$11
CCBG,$14.77,1440710141656,"9,973",Not yet rated,NULL,$17.25
CPLA,$48.03,1440710141682,"125,694",67% bearish,of 3 ratings,$65
CSWC,$45.75,1440710141730,"7,020",Not yet rated,NULL,N/A
CPTA,$13.91,1440710141761,"38,276",100% bearish,of 1 rating,$18.50
CAPN,$2.24,1440710141977,"338,326",100% bullish,of 1 rating,$10.85
CFFN,$12.01,1440710142051,"427,871",Not yet rated,NULL,$12.75
CAPNW,$0.6969,1440710142421,100,Not yet rated,NULL,N/A
CBYL,$5.09,1440710142474,"61,208",100% bearish,of 1 rating,$20
CAPR,$4.32,1440710142506,"23,464",Not yet rated,NULL,$12
CPST,$0.371,1440710142527,"513,824",95% bullish,of 22 ratings,$1.25
CARB,$11.22,1440710142565,"92,946",75% bullish,of 4 ratings,$12
CARA,$19,1440710142586,"156,477",50% bullish,of 4 ratings,$25
CRDC,$0.3538,1440710142615,"88,404",100% bullish,of 1 rating,$1.25
CFNL,$21.85,1440710142658,"123,330",Not yet rated,NULL,$24
CATM,$34.49,1440710142861,"161,073",100% bearish,of 1 rating,$44
CDNA,$6.95,1440710142888,"5,139",100% bearish,of 1 rating,$9
CRME,$8.81,1440710142955,"13,438",89% bullish,of 9 ratings,$11.25
CSII,$24.01,1440710142980,"323,081",100% bearish,of 2 ratings,$42.125
CTRE,$11.47,1440710143160,"302,229",50% bullish,of 2 ratings,$13.50
CECO,$3.51,1440710143192,"292,426",67% bearish,of 3 ratings,$6
CLBH,$12.75,1440710143291,100,Not yet rated,NULL,$16.50
CARO,$15.5,1440710143363,944,100% bearish,of 1 rating,$19
CRZO,$32.51,1440710143396,"1,152,476",67% bearish,of 3 ratings,$55.50
CKEC,$23.37,1440710143417,"166,718",50% bullish,of 2 ratings,$35.915
TAST,$12.57,1440710143453,"427,289",Not yet rated,NULL,$14.25
CART,$5.35,1440710143505,100,100% bearish,of 1 rating,N/A
CRTN,$2.52,1440710143563,"5,363",100% bearish,of 1 rating,N/A
CARV,$7.16,1440710143702,"2,039",50% bullish,of 2 ratings,N/A
CASM,$1.13,1440710143807,"15,133",100% bullish,of 1 rating,$3.50
CACB,$5.28,1440710143834,"39,809",Not yet rated,NULL,$5.50
CSCD,$14.96,1440710143998,"32,713",100% bullish,of 2 ratings,$17
CWST,$6.1,1440710144093,"227,599",50% bullish,of 2 ratings,$7.25
CASS,$48.08,1440710144124,"19,245",100% bearish,of 1 rating,N/A
CATB,$11.93,1440710144149,"12,868",100% bearish,of 1 rating,$28
CASY,$105.69,1440710144174,"316,220",50% bullish,of 2 ratings,$99.50
CASI,$1.39,1440710144310,"8,556",100% bullish,of 1 rating,$3.50
CATY,$29.48,1440710144344,"645,065",100% bearish,of 1 rating,$33.50
CPRX,$3.66,1440710144398,"771,690",71% bullish,of 7 ratings,$7
CATYW,NULL,1440710144440,0,100% bearish,of 1 rating,N/A
CAVM,$69.04,1440710144530,"345,988",67% bearish,of 3 ratings,$72
CVCO,$70.18,1440710144630,"28,441",100% bearish,of 1 rating,N/A
CBFV,$20.9399,1440710144730,"4,000",Not yet rated,NULL,$25
CNLM,NULL,1440710144826,0,Not yet rated,NULL,N/A
CNLMW,NULL,1440710144855,0,Not yet rated,NULL,N/A
CNLMU,NULL,1440710144885,0,100% bullish,of 1 rating,N/A
CNLMR,NULL,1440710144906,0,Not yet rated,NULL,N/A
CDK,$48.97,1440710144995,"343,984",67% bearish,of 3 ratings,$50
CBOE,$63.38,1440710145041,"399,891",Not yet rated,NULL,$60
CECE,$9.48,1440710145175,"115,702",50% bullish,of 2 ratings,$16
CDW,$40.1,1440710145202,"1,016,321",75% bullish,of 4 ratings,$44
CELG,$123.04,1440710145347,"3,843,959",92% bullish,of 13 ratings,$155.50
CELGZ,$1.75,1440710145373,"20,100",80% bullish,of 5 ratings,N/A
CPXX,$2.06,1440710145452,"86,091",100% bullish,of 2 ratings,$7
CLDN,$1.07,1440710145512,"131,327",71% bullish,of 7 ratings,$3
CLDX,$15.11,1440710145616,"1,083,649",89% bullish,of 9 ratings,$36
CLRB,$3.09,1440710145682,831,100% bearish,of 1 rating,N/A
CLRBW,NULL,1440710145708,0,Not yet rated,NULL,N/A
CLSN,$1.99,1440710145765,"72,942",80% bullish,of 10 ratings,$7.50
CLLS,$32.72,1440710145791,"84,888",75% bullish,of 4 ratings,$51.50
CBMG,$22.85,1440710145843,"36,723",50% bullish,of 2 ratings,N/A
CYAD,$49.01,1440710145945,"3,300",100% bullish,of 1 rating,$87.50
CLTX,$2.28,1440710146022,"620,587",100% bullish,of 2 ratings,N/A
CEMP,$34.4,1440710146073,"460,203",71% bullish,of 7 ratings,$52
CETX,$2.35,1440710146222,"17,074",Not yet rated,NULL,$5.60
CETV,$2.09,1440710146253,"155,960",67% bullish,of 3 ratings,$2.80
CENT,$12.05,1440710146387,"133,053",Not yet rated,NULL,$10
CSFL,$13.63,1440710146422,"135,220",Not yet rated,NULL,$15
CFBK,$1.37,1440710146447,890,Not yet rated,NULL,N/A
CVCY,$11.25,1440710146522,"2,094",Not yet rated,NULL,$12
CENTA,$12.45,1440710146543,"227,315",Not yet rated,NULL,N/A
CENX,$5.42,1440710146624,"2,799,412",67% bullish,of 6 ratings,$9
CNTY,$5.71,1440710146671,"34,034",80% bullish,of 5 ratings,$7.75
CNBKA,$41.87,1440710146845,"1,664",50% bullish,of 2 ratings,N/A
CRNT,$1.37,1440710146885,"55,121",50% bullish,of 2 ratings,$2
CERE,$1.17,1440710146911,"174,674",88% bullish,of 8 ratings,N/A
CPHD,$49.33,1440710146940,"357,300",67% bearish,of 3 ratings,$66.50
CERN,$61.44,1440710147071,"1,822,402",67% bullish,of 3 ratings,$79
CERU,$3.53,1440710147263,"22,339",75% bullish,of 4 ratings,$15
HOTRW,$0.1607,1440710147290,550,Not yet rated,NULL,N/A
KOOL,$0.625,1440710147311,"13,556",100% bullish,of 5 ratings,$7
CERS,$4.93,1440710147348,"570,979",75% bullish,of 4 ratings,$7
CYOU,$20.64,1440710147380,"100,130",50% bullish,of 6 ratings,$24
GTLS,$23.26,1440710147446,"237,277",50% bullish,of 4 ratings,$40
HOTR,$1.52,1440710147475,"94,353",100% bullish,of 2 ratings,$5
CEVA,$18.54,1440710147526,"70,212",100% bearish,of 1 rating,$25
CTHR,$1.31,1440710147757,"14,874",50% bullish,of 2 ratings,$2.50
CHTR,$180.3425,1440710147784,"575,963",100% bearish,of 2 ratings,$196
CHFN,$12.42,1440710147948,"22,160",Not yet rated,NULL,$14
CEMI,$3.98,1440710148003,"20,076",50% bullish,of 2 ratings,$7.50
CHEK,$2.14,1440710148134,"11,138",Not yet rated,NULL,$7.75
CHKP,$79.6995,1440710148165,"1,010,000",50% bullish,of 4 ratings,$92
CHEKW,NULL,1440710148186,0,Not yet rated,NULL,N/A
CHFC,$31.08,1440710148220,"73,165",100% bearish,of 1 rating,$36
CCXI,$6.89,1440710148318,"47,756",67% bullish,of 3 ratings,$14
CHKE,$25.96,1440710148390,"16,527",100% bearish,of 1 rating,$32.50
CHMG,$26.47,1440710148450,102,Not yet rated,NULL,$30
CHEV,$14.33,1440710148479,702,Not yet rated,NULL,N/A
CBNK,$16.35,1440710148587,203,100% bearish,of 1 rating,N/A
CMRX,$50.5,1440710148720,"258,549",50% bullish,of 2 ratings,$57
CHMA,$25.92,1440710148748,"63,629",Not yet rated,NULL,$40
PLCE,$59.46,1440710148785,"241,374",100% bearish,of 1 rating,$69
CADC,$3.03,1440710148849,"5,000",78% bullish,of 9 ratings,N/A
CAAS,$6.38,1440710148923,"35,653",93% bullish,of 14 ratings,$11.50
CALI,$0.86,1440710149028,"2,623",67% bullish,of 3 ratings,N/A
CBPO,$99.3467,1440710149166,"124,593",75% bullish,of 8 ratings,$140.50
CBAK,$1.92,1440710149189,"17,994",67% bullish,of 9 ratings,N/A
JRJC,$3.54,1440710149218,"190,468",82% bullish,of 11 ratings,N/A
CCCR,$0.71,1440710149249,"16,609",67% bearish,of 3 ratings,N/A
CCCL,$0.765,1440710149278,"31,513",100% bullish,of 6 ratings,N/A
CHOP,$1.21,1440710149318,"1,634",50% bullish,of 2 ratings,N/A
HGSH,$1.67,1440710149425,"21,933",67% bullish,of 3 ratings,N/A
HTHT,$26.02,1440710149659,"111,693",50% bullish,of 2 ratings,$28.40
CNIT,$1.44,1440710149684,"102,896",67% bullish,of 6 ratings,N/A
CHLN,$2.05,1440710149711,"7,656",67% bullish,of 3 ratings,N/A
CJJD,$1.84,1440710149739,"41,684",100% bullish,of 1 rating,N/A
CHNR,$1.68,1440710149764,"1,316",100% bearish,of 1 rating,N/A
CREG,$0.7,1440710149897,"33,099",100% bullish,of 3 ratings,N/A
CPGI,$6.83,1440710149969,"1,044",Not yet rated,NULL,N/A
CSUN,$1.42,1440710150041,"30,929",80% bullish,of 5 ratings,N/A
CXDC,$5.81,1440710150113,"54,864",67% bearish,of 3 ratings,N/A
CNTF,$0.845,1440710150177,"116,574",Not yet rated,NULL,N/A
CCIH,$6.47,1440710150203,"234,260",67% bullish,of 6 ratings,$12.65
CNYD,$3.52,1440710150244,"35,686",67% bullish,of 3 ratings,N/A
CNET,$0.8699,1440710150373,"200,546",50% bullish,of 2 ratings,N/A
IMOS,$16.9627,1440710150400,"260,039",60% bullish,of 5 ratings,$21.50
CHSCM,$26.1,1440710150529,"19,610",Not yet rated,NULL,N/A
CHSCL,$26.95,1440710150560,"12,277",Not yet rated,NULL,N/A
CHSCN,$27.07,1440710150586,"7,851",Not yet rated,NULL,N/A
CHSCO,$28.21,1440710150658,"9,556",Not yet rated,NULL,N/A
CHUY,$30.87,1440710150795,"178,079",50% bullish,of 2 ratings,$34
CHDN,$133.77,1440710150821,"34,171",Not yet rated,NULL,$165
CHSCP,$30.7,1440710150859,"8,106",Not yet rated,NULL,N/A
CMCT,$15.82,1440710151029,544,100% bearish,of 1 rating,N/A
CDTX,$14.44,1440710151060,"15,688",Not yet rated,NULL,$22
CIFC,$7.2,1440710151088,"3,514",100% bearish,of 1 rating,N/A
CMPR,$70.12,1440710151192,"286,472",50% bullish,of 2 ratings,$72.50
CINF,$53.18,1440710151287,"627,146",50% bullish,of 4 ratings,$50.50
CTAS,$85.5,1440710151315,"397,015",100% bearish,of 1 rating,$91
CIDM,$0.5601,1440710151446,"142,989",50% bullish,of 2 ratings,$2.10
CRUS,$30.14,1440710151476,"1,089,255",75% bullish,of 12 ratings,$44.50
CPHR,$5.57,1440710151497,"7,861",100% bearish,of 1 rating,$17
CSCO,$26.17,1440710151532,"24,717,703",84% bullish,of 209 ratings,$32
CTRN,$26.75,1440710151641,"66,875",100% bearish,of 1 rating,$31.50
CTXS,$69.59,1440710151874,"1,242,930",86% bullish,of 7 ratings,$80
CZNC,$19.76,1440710151908,"14,111",Not yet rated,NULL,N/A
CZFC,$12.68,1440710151936,900,Not yet rated,NULL,N/A
CZWI,$8.95,1440710151962,218,Not yet rated,NULL,N/A
CIZN,$19.47,1440710151989,372,Not yet rated,NULL,N/A
CHCO,$47.26,1440710152027,"49,652",Not yet rated,NULL,$46
CIVBP,NULL,1440710152121,0,Not yet rated,NULL,N/A
CIVB,$10.155,1440710152145,"2,338",Not yet rated,NULL,$11
CDTI,$1.59,1440710152327,"127,149",75% bullish,of 4 ratings,$3.20
CLNT,$1.36,1440710152422,"13,661",75% bullish,of 8 ratings,N/A
CLNE,$4.9,1440710152452,"1,289,582",80% bullish,of 15 ratings,$9
CLFD,$16.81,1440710152556,"39,526",67% bullish,of 3 ratings,$18
CLRO,$11.46,1440710152586,"6,625",50% bullish,of 2 ratings,$14.25
CSBK,$13.62,1440710152637,"75,465",Not yet rated,NULL,N/A
CBLI,$3.75,1440710152658,"17,413",60% bullish,of 5 ratings,N/A
CLIR,$4.45,1440710152690,"72,795",100% bullish,of 3 ratings,N/A
CME,$93.77,1440710152849,"1,191,594",67% bullish,of 3 ratings,$102
CLVS,$76.08,1440710152875,"364,508",60% bullish,of 5 ratings,$101.50
CMFN,$11.7,1440710152905,"45,647",100% bearish,of 1 rating,$15.50
CCNE,$16.7,1440710153006,"10,538",50% bullish,of 2 ratings,$21.50
CNV,$4.42,1440710153083,"60,373",50% bullish,of 2 ratings,$7.15
CISG,$7.79,1440710153108,"64,104",100% bullish,of 5 ratings,$10
COKE,$155.83,1440710153298,"21,035",79% bullish,of 19 ratings,N/A
CWAY,$11.19,1440710153331,"3,752",Not yet rated,NULL,N/A
COBZ,$12.79,1440710153431,"49,976",100% bullish,of 1 rating,$14
CDRB,$12.88,1440710153457,"6,531",67% bullish,of 3 ratings,N/A
CDXS,$3.61,1440710153486,"27,892",64% bullish,of 11 ratings,$6
CVLY,$20.53,1440710153515,"1,027",Not yet rated,NULL,N/A
CCOI,$27.35,1440710153543,"491,265",50% bullish,of 4 ratings,$35
CGNT,$1.5,1440710153568,"24,027",100% bullish,of 2 ratings,$2
CGNX,$35.11,1440710153704,"527,292",50% bullish,of 2 ratings,$47
JVA,$4.64,1440710153778,"17,538",83% bullish,of 6 ratings,$7
COHR,$57.02,1440710153911,"84,263",50% bullish,of 2 ratings,$72
CTSH,$63.8,1440710153965,"2,813,600",90% bullish,of 10 ratings,$75
CHRS,$28.54,1440710154039,"155,948",67% bearish,of 3 ratings,$37
CLRX,$0.554,1440710154138,"38,505",50% bullish,of 2 ratings,N/A
COHU,$9.43,1440710154189,"106,032",100% bearish,of 1 rating,$14.25
COLL,$15.27,1440710154214,"37,457",100% bearish,of 1 rating,$26
CLCT,$18.5,1440710154267,"18,255",100% bearish,of 1 rating,N/A
CIGI,$43.21,1440710154366,"5,801",100% bearish,of 1 rating,$52
CBAN,$9,1440710154397,"1,100",Not yet rated,NULL,N/A
CLCD,$6.35,1440710154439,"26,214",100% bearish,of 1 rating,$20.50
COLM,$61.65,1440710154595,"94,363",100% bearish,of 1 rating,$71
COLB,$30.05,1440710154624,"215,228",Not yet rated,NULL,$36
CMCO,$18.38,1440710154690,"64,921",60% bullish,of 5 ratings,$28
CBMX,$1.09,1440710154752,"10,537",83% bullish,of 6 ratings,$3.15
CMCSK,$56.9647,1440710155017,"2,523,760",Not yet rated,NULL,$84
CBSHP,$24.52,1440710155047,822,100% bearish,of 1 rating,N/A
CMCSA,$56.73,1440710155080,"9,657,308",66% bullish,of 35 ratings,$69.50
CUBN,NULL,1440710155147,0,Not yet rated,NULL,N/A
CVGI,$4.88,1440710155175,"67,160",50% bullish,of 2 ratings,$6
CSAL,$20.68,1440710155204,"386,935",75% bullish,of 4 ratings,$30
COMM,$30.73,1440710155231,"883,625",67% bearish,of 3 ratings,$35
CBSH,$44.7,1440710155252,"232,543",50% bullish,of 2 ratings,$46
JCS,$9.08,1440710155492,205,67% bullish,of 3 ratings,N/A
ESXB,$5.1,1440710155541,"1,421",Not yet rated,NULL,N/A
CYHHZ,$0.01,1440710155585,"28,172",100% bullish,of 1 rating,N/A
CTBI,$34.61,1440710155631,"29,777",Not yet rated,NULL,$36
CWBC,$6.79,1440710155656,"5,104",Not yet rated,NULL,N/A
COB,$10.31,1440710155903,"14,917",100% bullish,of 1 rating,$11.75
CSF,$36.21,1440710156052,"4,205",100% bearish,of 1 rating,N/A
CIZ,$33.47,1440710156083,"4,278",100% bearish,of 1 rating,N/A
CIL,$33.87,1440710156103,900,Not yet rated,NULL,N/A
CDC,$34.8,1440710156140,"15,134",Not yet rated,NULL,N/A
CSA,NULL,1440710156169,0,Not yet rated,NULL,N/A
CID,$33.74,1440710156195,300,Not yet rated,NULL,N/A
CVLT,$35.99,1440710156230,"420,952",75% bullish,of 4 ratings,$44.50
CFO,$35.3,1440710156324,"14,239",100% bearish,of 1 rating,N/A
CFA,$35.71,1440710156503,"15,307",100% bearish,of 1 rating,N/A
CDL,NULL,1440710156548,0,Not yet rated,NULL,N/A
CGEN,$4.88,1440710156730,"86,381",50% bullish,of 2 ratings,$11
CSB,NULL,1440710156754,0,Not yet rated,NULL,N/A
CHCI,$0.7201,1440710156793,"6,679",50% bullish,of 2 ratings,N/A
CPSI,$45.23,1440710156829,"56,189",100% bearish,of 1 rating,$45.50
CMTL,$25.29,1440710156958,"86,634",100% bearish,of 2 ratings,$37
SCOR,$53.74,1440710156989,"240,671",100% bearish,of 1 rating,$66
CTG,$6.74,1440710157061,"38,772",100% bearish,of 1 rating,$8.50
CNAT,$3.68,1440710157092,"74,456",83% bullish,of 6 ratings,$13
CNSI,$18.73,1440710157204,"72,975",100% bearish,of 2 ratings,$29
CNCE,$15.59,1440710157234,"138,352",75% bullish,of 4 ratings,$22
CCUR,$4.68,1440710157264,"39,097",75% bullish,of 4 ratings,N/A
CXRX,$72.8,1440710157289,"3,800",100% bearish,of 1 rating,$90
CDOR,$1.32,1440710157367,"2,790",100% bullish,of 1 rating,N/A
CDORO,$17,1440710157527,324,100% bearish,of 1 rating,N/A
CFMS,$19.24,1440710157629,"162,463",Not yet rated,NULL,$27
CDORP,NULL,1440710157668,0,100% bearish,of 1 rating,N/A
CNMD,$53.23,1440710157693,"124,508",Not yet rated,NULL,$59
CTWS,$34.56,1440710157718,"23,797",100% bearish,of 1 rating,$44
CNFR,$10.49,1440710157861,"1,724",Not yet rated,NULL,N/A
CNOB,$19.52,1440710157942,"64,529",100% bullish,of 1 rating,$23.50
CNXR,$6.61,1440710157968,"261,044",100% bearish,of 1 rating,$12
CNSL,$19.37,1440710158010,"235,604",100% bearish,of 1 rating,$23
CONN,$29.98,1440710158043,"374,810",67% bullish,of 3 ratings,$48.50
CTCT,$24.4,1440710158144,"177,740",67% bullish,of 3 ratings,$37
CWCO,$10.39,1440710158172,"65,936",67% bullish,of 3 ratings,$14.50
CPSS,$5.73,1440710158201,"48,202",100% bullish,of 1 rating,$10
CFRX,$5.02,1440710158306,"16,064",Not yet rated,NULL,$14
CFRXW,$1.74,1440710158366,"1,829",100% bearish,of 1 rating,N/A
CFRXZ,$0.5,1440710158503,"9,700",Not yet rated,NULL,N/A
CTRV,$3.77,1440710158608,"5,545",Not yet rated,NULL,$6.40
CRBP,$1.93,1440710158671,"328,772",100% bullish,of 2 ratings,$6.25
CPRT,$34.72,1440710158697,"265,200",67% bearish,of 3 ratings,$40
CTRL,$8.22,1440710158734,"131,817",50% bullish,of 2 ratings,$11
BVA,NULL,1440710158830,0,50% bullish,of 2 ratings,N/A
CORT,$5.07,1440710158863,"280,002",67% bullish,of 3 ratings,$12
CORE,$59.24,1440710158901,"124,139",100% bearish,of 1 rating,$72
CORI,$10.72,1440710158963,"59,756",100% bearish,of 1 rating,$18
CSOD,$36.02,1440710159032,"726,141",50% bullish,of 2 ratings,$42
CRVL,$31.29,1440710159165,"29,436",100% bearish,of 1 rating,N/A
CSGP,$178.9464,1440710159228,"87,629",50% bullish,of 2 ratings,$235
COST,$140.01,1440710159253,"1,628,245",79% bullish,of 24 ratings,$154.50
COSI,$1.2,1440710159281,"141,913",100% bullish,of 1 rating,N/A
ICBK,$18.54,1440710159431,500,Not yet rated,NULL,$21
CVTI,$23.34,1440710159462,"97,091",67% bearish,of 3 ratings,$39
CPAH,$0.47,1440710159564,"4,029",50% bullish,of 2 ratings,N/A
COWNL,NULL,1440710159657,0,Not yet rated,NULL,N/A
COVS,$2.61,1440710159685,"107,167",67% bullish,of 3 ratings,N/A
COWN,$5.05,1440710159718,"1,410,844",75% bullish,of 4 ratings,$7
CPSH,$2.24,1440710159834,"2,300",Not yet rated,NULL,N/A
CRAI,$21.45,1440710159864,"35,792",100% bearish,of 1 rating,$36
CBRL,$146.34,1440710159973,"208,566",50% bullish,of 2 ratings,$155
BREW,$7.56,1440710160034,"29,718",67% bullish,of 6 ratings,$15
CRAY,$20.41,1440710160071,"277,128",83% bullish,of 6 ratings,$38.50
CACC,$197.9096,1440710160162,"68,229",50% bullish,of 2 ratings,$158.50
GLDI,$10.95,1440710160259,"12,167",100% bearish,of 1 rating,N/A
CREE,$26.93,1440710160400,"923,664",65% bullish,of 17 ratings,$29.50
CRTO,$43.6,1440710160441,"251,333",67% bullish,of 6 ratings,$64
SLVO,$9.95,1440710160468,"15,623",100% bearish,of 1 rating,N/A
CRESY,$10.38,1440710160498,"29,451",100% bearish,of 1 rating,$19
CROX,$14.15,1440710160535,"978,391",63% bullish,of 8 ratings,$16.50
CCRN,$13.93,1440710160635,"184,072",100% bearish,of 1 rating,$14.25
CRWS,$8.1,1440710160703,"7,063",Not yet rated,NULL,$10
CRDS,$1,1440710160740,"70,940",75% bullish,of 4 ratings,$4.50
CRWN,$4.45,1440710160935,"59,872",75% bullish,of 4 ratings,N/A
CYRXW,$0.869,1440710160964,"2,900",Not yet rated,NULL,N/A
CYRX,$2.87,1440710160989,"19,771",Not yet rated,NULL,$9
CSGS,$30.46,1440710161015,"156,614",Not yet rated,NULL,$40
CTCM,$1.75,1440710161148,"219,058",80% bearish,of 5 ratings,$3.90
CSPI,$5.74,1440710161205,"16,462",67% bullish,of 3 ratings,N/A
CCLP,$14.25,1440710161279,"61,950",67% bearish,of 3 ratings,$20
CTIC,$1.57,1440710161338,"1,089,648",84% bullish,of 76 ratings,$5.75
CTIB,$3.55,1440710161414,"3,399",100% bearish,of 1 rating,N/A
CTRP,$69.96,1440710161477,"1,860,668",75% bullish,of 8 ratings,$92
CUNB,$21.07,1440710161582,"18,624",Not yet rated,NULL,$24.50
CUI,$4.92,1440710161614,"13,678",50% bullish,of 2 ratings,$10
CPIX,$6.01,1440710161635,"3,300",Not yet rated,NULL,N/A
CMLS,$1.45,1440710161663,"328,420",50% bullish,of 4 ratings,$6
CUTR,$14.33,1440710161881,"57,373",67% bearish,of 3 ratings,$18
CRIS,$2.5,1440710161912,"380,342",100% bullish,of 8 ratings,$6
CVV,$10.79,1440710162022,"4,524",100% bullish,of 5 ratings,N/A
CYAN,$7.5,1440710162095,"8,402",100% bearish,of 1 rating,N/A
CVBF,$16,1440710162124,"436,317",Not yet rated,NULL,$18
CYBR,$50.9999,1440710162149,"1,084,964",75% bullish,of 8 ratings,$66
CYBX,$66.81,1440710162227,"282,532",50% bullish,of 4 ratings,$71.50
CYCCP,NULL,1440710162382,0,100% bearish,of 1 rating,N/A
CYBE,$6.2,1440710162411,"17,455",100% bearish,of 1 rating,N/A
CYCC,$0.5201,1440710162475,"20,047",73% bullish,of 11 ratings,N/A
CYNO,$31.41,1440710162510,"322,569",67% bearish,of 3 ratings,$45.50
CBAY,$2.56,1440710162609,"35,570",100% bullish,of 1 rating,$4
CYNA,$16.15,1440710162791,"17,169",100% bullish,of 1 rating,$31.50
CYRN,$1.72,1440710162944,"24,475",67% bullish,of 3 ratings,$4
CONE,$32.18,1440710162982,"369,532",67% bearish,of 3 ratings,$35.50
CYTK,$6.78,1440710163042,"133,606",71% bullish,of 14 ratings,$13.50
CYTX,$0.29,1440710163175,"2,099,365",83% bullish,of 12 ratings,$5.50
CY,$9.88,1440710163203,"4,173,351",80% bullish,of 10 ratings,$15.50
CYTR,$2.32,1440710163225,"437,979",67% bullish,of 6 ratings,$10
CTSO,$6.34,1440710163246,"38,386",Not yet rated,NULL,$15.625
DAEG,$0.36,1440710163377,696,100% bearish,of 1 rating,N/A
TVIX,$12.56,1440710163427,"16,231,257",81% bullish,of 16 ratings,N/A
TVIZ,$18.1,1440710163455,"7,542",100% bearish,of 1 rating,N/A
XIV,$27.97,1440710163595,"25,841,761",75% bearish,of 4 ratings,N/A
DJCO,$194.69,1440710163625,"1,001",Not yet rated,NULL,N/A
DAKT,$8.53,1440710163646,"464,239",50% bullish,of 2 ratings,$14
ZIV,$41.81,1440710163674,"247,971",Not yet rated,NULL,N/A
DAIO,$2.58,1440710164027,"1,277",Not yet rated,NULL,N/A
DWCH,$5.1,1440710164056,"33,104",75% bullish,of 4 ratings,$8.25
DARA,$0.8401,1440710164078,"51,090",83% bullish,of 6 ratings,$1.50
DTLK,$5.76,1440710164112,"65,566",100% bearish,of 1 rating,$9
DTEA,$12.72,1440710164134,"36,649",100% bearish,of 2 ratings,$24
PLAY,$35,1440710164208,"350,237",100% bullish,of 5 ratings,$42
DRAM,$1.22,1440710164279,"29,128",78% bullish,of 9 ratings,N/A
DBVT,$41.33,1440710164351,"133,858",100% bearish,of 1 rating,$53
TRAK,$62.89,1440710164483,"326,832",50% bullish,of 2 ratings,$62.50
DHRM,$1.5,1440710164515,"25,021",Not yet rated,NULL,N/A
DFRG,$14.49,1440710164616,"93,289",100% bearish,of 1 rating,$20
DWSN,$4.25,1440710164641,"32,519",67% bullish,of 3 ratings,N/A
TACO,$13.11,1440710164670,"111,448",75% bullish,of 4 ratings,$20
DCTH,$0.41,1440710164866,"115,579",78% bullish,of 9 ratings,N/A
TACOW,$4.03,1440710164896,"16,422",100% bullish,of 1 rating,N/A
DGAS,$20.16,1440710164922,"11,092",67% bearish,of 3 ratings,N/A
DELT,$2.68,1440710165061,"4,200",Not yet rated,NULL,N/A
DENN,$11.53,1440710165091,"594,253",100% bullish,of 3 ratings,$15
XRAY,$53.26,1440710165168,"488,664",100% bullish,of 1 rating,$58
DELTW,NULL,1440710165195,0,Not yet rated,NULL,N/A
DSCI,$5.91,1440710165250,"54,893",50% bullish,of 2 ratings,$16
DEPO,$28.8,1440710165329,"587,929",60% bullish,of 5 ratings,$29
DEST,$11.33,1440710165389,"93,099",50% bullish,of 2 ratings,N/A
DXLG,$5.31,1440710165489,"213,208",100% bearish,of 1 rating,$8
DERM,$26.33,1440710165518,"85,171",100% bearish,of 1 rating,$33.50
DSWL,$1.73,1440710165597,660,100% bullish,of 1 rating,N/A
DXM,$0.2418,1440710165767,"295,232",50% bullish,of 2 ratings,N/A
DXCM,$93.7582,1440710165793,"660,985",57% bullish,of 7 ratings,$98
DHXM,NULL,1440710165930,0,Not yet rated,NULL,N/A
DMND,$28.99,1440710165952,"313,319",75% bullish,of 12 ratings,$32
DCIX,$1.65,1440710165986,"99,048",50% bullish,of 4 ratings,$3.50
DHIL,$193.7,1440710166007,"5,858",Not yet rated,NULL,N/A
FANG,$65.7,1440710166037,"809,302",50% bullish,of 2 ratings,$86.50
DRNA,$10.24,1440710166166,"61,257",67% bearish,of 3 ratings,$25
DGII,$9.87,1440710166196,"117,388",100% bearish,of 1 rating,$10
DMRC,$34.92,1440710166271,"37,272",100% bearish,of 1 rating,$44
DRAD,$3.67,1440710166329,"18,312",100% bullish,of 1 rating,$5.25
DGLY,$8.11,1440710166354,"196,714",50% bullish,of 6 ratings,$20
APPS,$2.35,1440710166546,"101,566",100% bearish,of 1 rating,$10.25
DISCB,$27.0801,1440710166728,200,100% bearish,of 1 rating,$35
DISCA,$26.91,1440710166759,"1,844,228",67% bullish,of 3 ratings,$34
DPRX,$13.18,1440710166780,"7,027",100% bullish,of 2 ratings,$27.75
DCOM,$16.83,1440710166810,"155,431",100% bearish,of 2 ratings,$16.50
DSCO,$0.3725,1440710166863,"241,035",83% bullish,of 6 ratings,$2.75
DIOD,$20.09,1440710166884,"136,449",75% bearish,of 4 ratings,$24
DISCK,$25.32,1440710167148,"1,443,223",100% bearish,of 1 rating,$32
BAGR,$2.79,1440710167195,"26,491",100% bearish,of 1 rating,$6
DLHC,$2.47,1440710167221,"2,234",100% bearish,of 1 rating,N/A
DISH,$59.11,1440710167275,"1,256,888",69% bullish,of 13 ratings,$73
DNBF,$26.3,1440710167301,300,Not yet rated,NULL,$27.50
DVCR,$10.8,1440710167349,"4,724",100% bullish,of 1 rating,N/A
DLTR,$76.79,1440710167530,"3,407,748",82% bullish,of 11 ratings,$88
DGICA,$14.43,1440710167577,"13,194",100% bearish,of 1 rating,$17
DMLP,$14.45,1440710167675,"40,853",100% bearish,of 1 rating,N/A
DORM,$50.81,1440710167706,"117,408",100% bearish,of 1 rating,$56
DGICB,NULL,1440710167730,0,100% bearish,of 1 rating,N/A
HILL,$9.67,1440710167754,"846,836",60% bearish,of 5 ratings,$9.75
DRWIW,$0.049,1440710167888,800,Not yet rated,NULL,N/A
DRWI,$0.22,1440710167950,"89,926",60% bullish,of 5 ratings,$.45
DWA,$20.32,1440710167991,"783,857",63% bullish,of 8 ratings,$26
DRYS,$0.45,1440710168092,"5,937,696",77% bullish,of 31 ratings,$.60
DSKX,$3.1037,1440710168310,"137,107",100% bullish,of 1 rating,N/A
DSPG,$8.61,1440710168345,"87,539",100% bearish,of 1 rating,$13.50
CADTU,NULL,1440710168370,0,Not yet rated,NULL,N/A
CADTR,$0.2,1440710168402,"10,800",Not yet rated,NULL,N/A
CADT,NULL,1440710168435,0,Not yet rated,NULL,N/A
DTSI,$26.59,1440710168461,"66,332",100% bearish,of 2 ratings,$39.50
CADTW,NULL,1440710168496,0,Not yet rated,NULL,N/A
DNKN,$51.53,1440710168539,"699,879",67% bullish,of 15 ratings,$56.50
DRRX,$2.02,1440710168731,"172,111",50% bullish,of 6 ratings,$3
DXPE,$26.32,1440710168933,"347,429",50% bullish,of 2 ratings,N/A
DYAX,$23.89,1440710168965,"729,173",89% bullish,of 9 ratings,$30
DYSL,$1.47,1440710168989,"59,325",100% bullish,of 2 ratings,N/A
BOOM,$9.71,1440710169017,"80,692",67% bullish,of 3 ratings,$12
DVAX,$28.45,1440710169148,"321,067",70% bullish,of 10 ratings,$40
DYNT,$3,1440710169223,"11,447",75% bullish,of 4 ratings,N/A
EBMT,$11.5,1440710169248,"2,802",Not yet rated,NULL,$13.50
ETFC,$26.59,1440710169377,"3,186,051",57% bullish,of 14 ratings,$32.50
EGBN,$41.94,1440710169408,"127,692",Not yet rated,NULL,$48
EROC,$1.39,1440710169430,"387,059",50% bullish,of 2 ratings,$3
EGLE,$6.69,1440710169510,"19,777",60% bullish,of 5 ratings,N/A
ELNK,$8.42,1440710169562,"529,052",60% bullish,of 5 ratings,$9.50
EWBC,$40.15,1440710169643,"794,572",100% bearish,of 1 rating,$50
EGRX,$80.99,1440710169696,"281,054",67% bullish,of 3 ratings,$97
EACQU,NULL,1440710169835,0,Not yet rated,NULL,N/A
EBAY,$27.08,1440710170015,"10,067,428",81% bullish,of 117 ratings,$48
ELON,$0.5401,1440710170302,"46,429",50% bullish,of 2 ratings,N/A
EML,$16.57,1440710170331,"2,222",Not yet rated,NULL,N/A
EVBS,$6.545,1440710170434,"1,300",Not yet rated,NULL,$7
EBIX,$28.08,1440710170466,"278,056",69% bullish,of 13 ratings,$40
SATS,$44.62,1440710170506,"61,113",50% bullish,of 2 ratings,$60
EEI,$10.96,1440710170532,"11,246",67% bearish,of 3 ratings,N/A
ECHO,$23.19,1440710170606,"537,626",67% bearish,of 3 ratings,$35.50
ECTE,$1.53,1440710170664,"1,734",75% bullish,of 4 ratings,N/A
ECACU,$10.06,1440710170711,200,Not yet rated,NULL,N/A
ESES,$3.41,1440710170840,"1,800",100% bearish,of 1 rating,$7
EDAP,$3.59,1440710170868,"117,651",60% bullish,of 5 ratings,$4.50
EDGW,$6.99,1440710170926,"9,580",100% bearish,of 1 rating,N/A
EGAN,$3.5,1440710171193,"1,093,761",50% bullish,of 2 ratings,$6.25
EFUT,$4.32,1440710171234,"3,197",Not yet rated,NULL,N/A
EHTH,$14.1,1440710171261,"90,599",50% bullish,of 4 ratings,$16.50
EGLT,$10.4,1440710171282,"25,593",50% bullish,of 2 ratings,$21
EDUC,$5.24,1440710171320,"9,180",100% bearish,of 1 rating,N/A
EMITF,$1.25,1440710171414,"11,794",75% bullish,of 4 ratings,N/A
ESLT,$77.06,1440710171444,"5,613",67% bullish,of 3 ratings,N/A
LOCO,$12.42,1440710171543,"682,149",69% bullish,of 13 ratings,$20
ERI,$9.5,1440710171573,"99,638",100% bearish,of 1 rating,$10
ELRC,$10.42,1440710171673,"32,428",100% bearish,of 1 rating,N/A
ESIO,$4.4,1440710171757,"86,850",50% bullish,of 2 ratings,$10
EFII,$44.08,1440710171814,"232,911",80% bullish,of 5 ratings,$55
EA,$67.16,1440710171859,"1,845,591",77% bullish,of 35 ratings,$80
ELEC,NULL,1440710172019,0,Not yet rated,NULL,N/A
ELECU,NULL,1440710172186,0,Not yet rated,NULL,N/A
ELECW,NULL,1440710172213,0,Not yet rated,NULL,N/A
ESBK,$19.79,1440710172238,600,Not yet rated,NULL,N/A
ELSE,$4.01,1440710172270,"2,647",60% bullish,of 5 ratings,N/A
RDEN,$10.58,1440710172371,"58,509",100% bearish,of 4 ratings,$15
CAPX,$22.83,1440710172396,"6,100",Not yet rated,NULL,N/A
EBIO,$3.63,1440710172544,"450,270",100% bearish,of 2 ratings,$8.35
LONG,$17,1440710172678,"40,213",67% bullish,of 3 ratings,$15.75
ELTK,$1.24,1440710172704,"93,989",67% bearish,of 3 ratings,N/A
EMKR,$6.87,1440710172836,"88,835",75% bullish,of 4 ratings,$8.50
EMCF,$23.2999,1440710172880,300,100% bearish,of 1 rating,N/A
EMCI,$22.95,1440710172909,"22,912",Not yet rated,NULL,N/A
EMMS,$1.13,1440710173006,"49,767",83% bullish,of 6 ratings,N/A
EMMSP,NULL,1440710173036,0,100% bearish,of 1 rating,N/A
NYNY,$4.25,1440710173100,"29,523",50% bullish,of 2 ratings,N/A
ERS,$2.77,1440710173136,"2,500",Not yet rated,NULL,N/A
ECPG,$39.26,1440710173161,"147,907",100% bullish,of 2 ratings,$52
WIRE,$31.2,1440710173293,"96,975",100% bearish,of 1 rating,$37
ENTA,$42.03,1440710173394,"156,598",50% bullish,of 2 ratings,$42
ENDP,$79,1440710173556,"959,220",50% bullish,of 6 ratings,$104
ECYT,$5.19,1440710173588,"154,006",83% bullish,of 6 ratings,$12
ELGX,$12.96,1440710173614,"430,845",75% bullish,of 4 ratings,$17
EIGI,$15.54,1440710173639,"307,403",67% bearish,of 3 ratings,$22.50
WATT,$6.5,1440710173690,"97,236",50% bullish,of 2 ratings,$13
EFOI,$19.57,1440710173853,"1,467,290",50% bullish,of 2 ratings,$20.50
EXXI,$1.71,1440710173943,"2,123,566",86% bullish,of 7 ratings,$3.50
ENPH,$4.63,1440710174008,"441,334",75% bullish,of 4 ratings,$11
ERII,$2.68,1440710174039,"30,825",80% bullish,of 5 ratings,$2.50
ENG,$1.02,1440710174106,"20,370",100% bullish,of 3 ratings,N/A
ESGR,$145.85,1440710174139,"38,602",100% bearish,of 1 rating,$185
ENOC,$8.33,1440710174166,"278,456",75% bullish,of 4 ratings,$18
ENFC,$17.91,1440710174201,"1,604",Not yet rated,NULL,N/A
ENTG,$13.68,1440710174397,"515,432",100% bearish,of 1 rating,$18
ENTL,$21.99,1440710174502,"13,570",Not yet rated,NULL,$28
ETRM,$0.2698,1440710174590,"857,019",69% bearish,of 35 ratings,$1.625
ENVI,$1.84,1440710174665,"47,860",67% bullish,of 3 ratings,N/A
EGT,$2.24,1440710174731,906,100% bullish,of 1 rating,N/A
EFSC,$23.6,1440710174756,"47,536",Not yet rated,NULL,$27
EBTC,$21.92,1440710174922,"6,167",Not yet rated,NULL,N/A
ENZN,$1.06,1440710174980,"515,108",100% bullish,of 9 ratings,N/A
ENZY,$9.14,1440710175006,"5,779",67% bullish,of 3 ratings,$9.50
EPZM,$17.5,1440710175076,"296,469",60% bullish,of 5 ratings,$34
EPIQ,$13.02,1440710175101,"76,652",100% bearish,of 1 rating,$18
EPRS,$4.95,1440710175132,"64,371",82% bullish,of 11 ratings,$15
PLUS,$75.08,1440710175158,"69,549",50% bullish,of 2 ratings,$88
EQIX,$266.14,1440710175290,"355,629",75% bullish,of 4 ratings,$312.50
EQFN,$8.03,1440710175425,300,100% bearish,of 1 rating,N/A
ERIC,$9.9,1440710175487,"1,226,439",67% bullish,of 9 ratings,$12.20
ESCA,$17.25,1440710175621,"10,132",100% bearish,of 1 rating,$22
ESCRP,$1.4,1440710175695,"3,300",100% bearish,of 1 rating,N/A
EAC,$3.31,1440710175751,"9,623",100% bearish,of 1 rating,$8
ESCR,$0.14,1440710175778,"277,450",50% bullish,of 2 ratings,N/A
ERIE,$82.6765,1440710175825,"14,617",Not yet rated,NULL,$73
ESMC,$1.3,1440710175856,"2,806",Not yet rated,NULL,N/A
ESSA,$12.83,1440710175905,752,100% bearish,of 1 rating,N/A
EPIX,NULL,1440710175956,0,Not yet rated,NULL,N/A
ESPR,$52.49,1440710175996,"499,515",70% bearish,of 10 ratings,$123
ETSY,$14.29,1440710176135,"539,954",80% bullish,of 5 ratings,$16
ESND,$34.07,1440710176194,"85,459",100% bearish,of 2 ratings,$40
ESSX,$0.36,1440710176219,"175,521",50% bullish,of 2 ratings,N/A
CLWT,$2.5401,1440710176374,300,100% bullish,of 1 rating,N/A
EEFT,$65.44,1440710176400,"217,282",100% bearish,of 1 rating,$67.50
EVEP,$8.08,1440710176528,"327,492",50% bullish,of 2 ratings,$15
ESEA,$5.41,1440710176554,"2,269",100% bullish,of 1 rating,$15
EVOK,$3.9,1440710176618,"23,087",100% bearish,of 1 rating,$13.375
EVLV,$2.63,1440710176692,"192,108",60% bullish,of 5 ratings,$6
EVK,$3.75,1440710176779,300,75% bearish,of 4 ratings,N/A
EXA,$11.1,1440710176824,"5,302",100% bearish,of 1 rating,$13
EXAS,$22.19,1440710176862,"847,375",78% bullish,of 9 ratings,$31
EVOL,$6.06,1440710176993,"4,725",75% bullish,of 4 ratings,$10
EXAC,$18.27,1440710177028,"76,695",100% bearish,of 1 rating,$22.50
EXFO,$2.95,1440710177083,"20,652",67% bearish,of 3 ratings,$3.95
EXEL,$6.09,1440710177226,"6,541,098",81% bullish,of 16 ratings,$6
EXLS,$37.17,1440710177275,"266,931",50% bullish,of 2 ratings,$41
EXPD,$49.92,1440710177360,"1,178,421",80% bullish,of 5 ratings,$52
EXPE,$117.45,1440710177417,"797,613",64% bullish,of 11 ratings,$130
EYEG,$3.82,1440710177700,"9,151",Not yet rated,NULL,N/A
EXTR,$2.75,1440710177726,"591,341",80% bullish,of 5 ratings,$3
EYEGW,$0.7,1440710177885,183,Not yet rated,NULL,N/A
EXPO,$42.44,1440710177915,"90,703",100% bearish,of 1 rating,$45.50
EXLP,$18.86,1440710177939,"140,868",100% bearish,of 1 rating,$25
EZCH,$21.92,1440710177967,"175,988",75% bullish,of 8 ratings,$19.50
ESRX,$85.2,1440710178018,"2,541,068",67% bearish,of 6 ratings,$101
FFIV,$122.79,1440710178149,"702,916",63% bullish,of 8 ratings,$132
EZPW,$5.75,1440710178288,"285,143",50% bullish,of 4 ratings,$7.50
FB,$90.35,1440710178384,"26,115,500",73% bullish,of 1068 ratings,$111
FWM,$2.39,1440710178431,"121,245",100% bearish,of 2 ratings,$3.20
FCS,$12.96,1440710178459,"697,392",67% bearish,of 3 ratings,$17
DAVE,$14.61,1440710178487,"5,025",100% bearish,of 1 rating,$15.50
FALC,$1.7,1440710178643,"131,099",63% bearish,of 8 ratings,N/A
FRP,$15.87,1440710178669,"140,274",100% bearish,of 1 rating,$18
FFKT,$25.61,1440710178817,"9,790",Not yet rated,NULL,$29
FARM,$21.65,1440710178894,"51,463",100% bearish,of 1 rating,$35
FARO,$37.72,1440710178921,"54,878",50% bullish,of 2 ratings,$48
FMNB,$8.12,1440710178952,"11,575",Not yet rated,NULL,N/A
FAST,$38.98,1440710179051,"1,845,077",80% bullish,of 5 ratings,$45.50
FATE,$6.67,1440710179078,"24,004",50% bullish,of 2 ratings,$11
FBRC,$21.84,1440710179112,"45,270",100% bearish,of 1 rating,$29
FBSS,NULL,1440710179206,0,Not yet rated,NULL,N/A
FEIC,$75.1,1440710179420,"285,597",50% bullish,of 2 ratings,$95.50
FNHC,$21.77,1440710179452,"44,020",100% bearish,of 1 rating,$35
FDML,$8.45,1440710179517,"248,528",50% bullish,of 4 ratings,$14
FHCO,$1.34,1440710179650,"6,688",50% bullish,of 4 ratings,N/A
FCSC,$5.59,1440710179679,"79,557",100% bearish,of 1 rating,$8.125
FENX,$9.52,1440710179723,"24,383",100% bullish,of 1 rating,$14.25
FGEN,$23.84,1440710179784,"165,763",100% bearish,of 1 rating,$39
ONEQ,$189.36,1440710180052,"29,089",100% bullish,of 1 rating,N/A
FRGI,$52.26,1440710180084,"136,337",50% bullish,of 2 ratings,$70
FDUS,$14.55,1440710180122,"56,377",50% bullish,of 2 ratings,$18
FSAM,$8.24,1440710180153,"14,350",100% bearish,of 1 rating,$10.25
FSC,$6.38,1440710180188,"697,378",60% bullish,of 5 ratings,$8
FSFR,$8.89,1440710180216,"70,592",100% bearish,of 1 rating,$11.50
LION,$18.91,1440710180286,"80,989",100% bullish,of 1 rating,$20
FSCFL,$24.49,1440710180350,"11,281",Not yet rated,NULL,N/A
FITB,$19.94,1440710180674,"7,692,399",54% bullish,of 13 ratings,$22
FISI,$24.5,1440710180721,"74,552",100% bullish,of 2 ratings,$24.50
FNSR,$15.72,1440710180756,"673,825",71% bullish,of 7 ratings,$24.50
FITBI,$27.48,1440710180802,"20,120",Not yet rated,NULL,N/A
FNJN,$1.89,1440710180856,"63,434",100% bearish,of 1 rating,$5
FNGN,$33.2,1440710180881,"280,963",67% bullish,of 3 ratings,$47
FNTC,$9.79,1440710180909,301,Not yet rated,NULL,N/A
FNTCU,$10.125,1440710180930,"5,300",Not yet rated,NULL,N/A
FNTCW,NULL,1440710181065,0,Not yet rated,NULL,N/A
FEYE,$39.25,1440710181142,"3,076,314",87% bullish,of 15 ratings,$55.50
FNLC,$18.57,1440710181249,"19,206",100% bullish,of 1 rating,N/A
FRBA,$6.0773,1440710181279,"2,300",Not yet rated,NULL,$8
BUSE,$6.35,1440710181321,"59,239",Not yet rated,NULL,$6.875
FBNC,$17.03,1440710181380,"31,511",100% bullish,of 1 rating,$20
FBIZ,$43.97,1440710181512,"13,057",100% bearish,of 2 ratings,$52
FCVA,$4.6201,1440710181586,"1,932",Not yet rated,NULL,N/A
FCLF,NULL,1440710181730,0,Not yet rated,NULL,N/A
FCAP,$26.54,1440710181763,"1,211",Not yet rated,NULL,N/A
FCFS,$39.68,1440710181785,"138,416",100% bearish,of 3 ratings,$48
FCNCA,$236.17,1440710181829,"9,676",Not yet rated,NULL,N/A
FCBC,$17.45,1440710181855,"19,748",Not yet rated,NULL,$18
FCFP,$6.823,1440710182018,250,Not yet rated,NULL,N/A
FCCO,$12.05,1440710182047,"5,208",Not yet rated,NULL,$13.25
FBNK,$16.96,1440710182150,"36,153",100% bearish,of 1 rating,$17.50
FDEF,$37.71,1440710182304,"31,938",Not yet rated,NULL,$38
FFNM,$6.18,1440710182334,"4,781",Not yet rated,NULL,N/A
FFBC,$18.24,1440710182410,"180,430",67% bearish,of 3 ratings,$20.25
FFBCW,NULL,1440710182442,0,100% bearish,of 1 rating,N/A
FFIN,$30.56,1440710182494,"175,922",50% bullish,of 2 ratings,$31.75
FFNW,$11.9,1440710182548,"14,021",Not yet rated,NULL,$14
THFF,$32.99,1440710182578,"20,383",Not yet rated,NULL,$35
INBK,$29.54,1440710182652,"7,612",50% bullish,of 2 ratings,$37
FFWM,$21.44,1440710182679,"32,572",Not yet rated,NULL,$24
FIBK,$26.3,1440710182848,"86,393",Not yet rated,NULL,$32
FMBH,NULL,1440710182877,0,Not yet rated,NULL,N/A
FRME,$25.88,1440710182899,"150,523",Not yet rated,NULL,$26.50
FMBI,$17.44,1440710182952,"318,458",Not yet rated,NULL,$20
FNBC,$34.21,1440710183048,"72,738",Not yet rated,NULL,$40
FNFG,$9.12,1440710183074,"2,214,275",80% bullish,of 5 ratings,$9
FNWB,$11.83,1440710183204,"4,056",Not yet rated,NULL,N/A
FSFG,NULL,1440710183333,0,Not yet rated,NULL,N/A
FSLR,$47.84,1440710183363,"1,417,174",72% bullish,of 39 ratings,$65
FSBK,$7.8,1440710183391,"3,728",100% bullish,of 1 rating,N/A
BICK,$19.79,1440710183420,"10,041",100% bullish,of 1 rating,N/A
FSGI,$2.46,1440710183446,"3,291",Not yet rated,NULL,N/A
FBZ,NULL,1440710183516,0,Not yet rated,NULL,N/A
FTCS,$36.67,1440710183613,"20,446",100% bearish,of 1 rating,N/A
FCAN,$23.95,1440710183644,"3,251",Not yet rated,NULL,N/A
FCA,$19.8,1440710183828,"2,396",Not yet rated,NULL,N/A
IFV,$17.96,1440710183890,"662,340",100% bearish,of 1 rating,N/A
FEMB,NULL,1440710183970,0,Not yet rated,NULL,N/A
FV,$23.6,1440710183999,"4,286,379",100% bearish,of 1 rating,N/A
FEUZ,$31.452,1440710184065,318,Not yet rated,NULL,N/A
FTSM,$59.85,1440710184095,"15,925",100% bearish,of 1 rating,N/A
TDIV,$24.77,1440710184150,"101,037",100% bearish,of 1 rating,N/A
MDIV,$19.19,1440710184201,"174,952",Not yet rated,NULL,N/A
FGM,$35.91,1440710184306,"28,582",Not yet rated,NULL,N/A
FTGC,$22.19,1440710184393,"354,786",Not yet rated,NULL,N/A
FTHI,$19.37,1440710184435,"2,600",Not yet rated,NULL,N/A
HYLS,$49.66,1440710184460,"29,876",100% bearish,of 1 rating,N/A
FHK,$33.67,1440710184594,"24,642",Not yet rated,NULL,N/A
FPXI,$27.42,1440710184676,753,Not yet rated,NULL,N/A
YDIV,$16.46,1440710184701,"6,330",Not yet rated,NULL,N/A
SKYY,$29.08,1440710184872,"54,189",100% bullish,of 1 rating,N/A
PLTM,$6.17,1440710185084,"19,478",100% bearish,of 1 rating,N/A
FMB,$51.2399,1440710185115,350,Not yet rated,NULL,N/A
CU,$12.73,1440710185151,"5,168",100% bearish,of 1 rating,N/A
FJP,$47.67,1440710185173,"6,378",Not yet rated,NULL,N/A
FTLB,$19.25,1440710185215,"1,967",100% bearish,of 1 rating,N/A
LMBS,$50.15,1440710185242,647,Not yet rated,NULL,N/A
QABA,$37.27,1440710185268,"16,757",100% bearish,of 1 rating,N/A
CIBR,$17.99,1440710185398,"100,225",Not yet rated,NULL,N/A
QCLN,$14.7,1440710185483,"19,033",Not yet rated,NULL,N/A
FONE,$34.94,1440710185589,"2,037",Not yet rated,NULL,N/A
GRID,NULL,1440710185615,0,100% bearish,of 1 rating,N/A
CARZ,$34.78,1440710185642,"5,852",100% bearish,of 1 rating,N/A
QQEW,$42.04,1440710185822,"197,277",Not yet rated,NULL,N/A
QQXT,$40.78,1440710185851,"34,387",Not yet rated,NULL,N/A
RDVY,$21.26,1440710185926,"11,733",Not yet rated,NULL,N/A
AIRR,$16.08,1440710185957,"19,080",100% bearish,of 1 rating,N/A
QINC,$20.2205,1440710186013,220,Not yet rated,NULL,N/A
FTSL,$48.805,1440710186060,"42,889",100% bearish,of 1 rating,N/A
QTEC,$40.25,1440710186085,"65,044",Not yet rated,NULL,N/A
FDIV,$46.8,1440710186215,"6,891",100% bearish,of 1 rating,N/A
FKO,$23,1440710186347,247,Not yet rated,NULL,N/A
FTW,$31.905,1440710186395,100,Not yet rated,NULL,N/A
FSZ,$39.09,1440710186531,"7,201",Not yet rated,NULL,N/A
TUSA,$24.8499,1440710186597,"2,179",Not yet rated,NULL,N/A
FKU,$41.56,1440710186624,"10,514",Not yet rated,NULL,N/A
SVVC,$9.41,1440710186755,"14,327",50% bullish,of 2 ratings,$26
FUNC,$8.14,1440710186787,502,Not yet rated,NULL,N/A
FMER,$17.79,1440710186888,"1,239,003",50% bullish,of 2 ratings,$20
FISV,$86.56,1440710186925,"1,315,505",100% bearish,of 3 ratings,$90
FIVE,$37.6,1440710187018,"557,730",75% bearish,of 4 ratings,$44
FPRX,$18.76,1440710187045,"207,913",50% bullish,of 2 ratings,$35
FIVN,$4.17,1440710187066,"134,377",100% bullish,of 1 rating,$8.50
FSV,$31.39,1440710187099,"4,698",Not yet rated,NULL,$33.60
FLXN,$24.71,1440710187234,"83,894",100% bearish,of 1 rating,$40
FLKS,$12.16,1440710187260,"28,446",50% bullish,of 2 ratings,$27
FLML,$22.49,1440710187306,"211,176",50% bullish,of 2 ratings,$30
MBSD,$24.93,1440710187601,"1,404",Not yet rated,NULL,N/A
SKOR,NULL,1440710187664,0,Not yet rated,NULL,N/A
FLEX,$10.5844,1440710187697,"2,073,135",63% bullish,of 8 ratings,$12
FFIC,$19.79,1440710187734,"64,915",Not yet rated,NULL,$21
FOGO,$18.31,1440710187767,"65,243",50% bullish,of 2 ratings,$25.50
FLXS,$31.4,1440710187788,"14,726",100% bearish,of 2 ratings,N/A
FLIR,$28.62,1440710187809,"1,162,358",100% bearish,of 1 rating,$38.50
FLDM,$11.38,1440710187830,"609,053",67% bearish,of 3 ratings,$15
FOMX,$10.09,1440710188149,"107,136",50% bullish,of 2 ratings,$23.50
FONR,$9.8,1440710188198,"11,271",100% bullish,of 1 rating,N/A
FES,$0.95,1440710188291,"65,928",50% bullish,of 2 ratings,$1
FORTY,NULL,1440710188323,0,100% bearish,of 1 rating,N/A
FORM,$6.34,1440710188428,"219,654",67% bullish,of 3 ratings,$10.50
FORD,$2.38,1440710188536,"8,191,460",67% bullish,of 3 ratings,N/A
FORR,$32.13,1440710188563,"44,445",Not yet rated,NULL,N/A
FTNT,$42.66,1440710188584,"957,421",80% bullish,of 10 ratings,$52
FBIO,$2.66,1440710188619,"43,609",83% bullish,of 6 ratings,N/A
FWRD,$45.16,1440710188714,"249,816",100% bearish,of 1 rating,$50
FWP,$26.72,1440710188749,"32,491",100% bearish,of 1 rating,$45
FMI,$22.91,1440710188774,"182,048",100% bearish,of 2 ratings,$27.50
FXCB,$17.1,1440710188852,"34,130",Not yet rated,NULL,$19
FOSL,$61.14,1440710188927,"682,310",60% bearish,of 5 ratings,$80
FOXF,$15.23,1440710188986,"35,704",100% bearish,of 1 rating,$19
FRAN,$11.1,1440710189063,"399,777",50% bullish,of 4 ratings,$15
FREE,$0.365,1440710189301,"545,559",92% bullish,of 12 ratings,N/A
FELE,$28.54,1440710189326,"222,491",50% bullish,of 4 ratings,$33
FRED,$12.7,1440710189365,"367,947",50% bullish,of 2 ratings,$16.50
FTR,$4.93,1440710189396,"16,022,145",78% bullish,of 27 ratings,$6.25
RAIL,$19.93,1440710189479,"80,213",100% bearish,of 1 rating,$24.50
FEIM,$10.91,1440710189506,"4,411",100% bearish,of 1 rating,N/A
FRPT,$12.69,1440710189531,"413,795",67% bearish,of 3 ratings,$23.50
FRPH,$31,1440710189663,"5,417",100% bearish,of 1 rating,N/A
FSBW,$23.0001,1440710189761,"1,537",Not yet rated,NULL,N/A
FTD,$29.69,1440710189856,"69,221",100% bearish,of 1 rating,$40
FSYS,$6.53,1440710189887,"25,484",67% bullish,of 3 ratings,$10
FTRPR,$98.45,1440710189991,"6,795",100% bearish,of 1 rating,N/A
FTEK,$2.07,1440710190021,"44,398",75% bullish,of 4 ratings,N/A
FCEL,$0.74,1440710190126,"1,217,384",88% bullish,of 41 ratings,$2.65
FULLL,NULL,1440710190286,0,Not yet rated,NULL,N/A
FSNN,$2.28,1440710190320,300,67% bullish,of 3 ratings,$6
FLL,$1.5,1440710190343,"9,037",75% bullish,of 4 ratings,$3.50
FULL,$3.3,1440710190372,"159,876",67% bearish,of 3 ratings,$4.25
FFHL,$0.8545,1440710190424,"1,000",50% bullish,of 4 ratings,N/A
FULT,$12.1,1440710190476,"676,945",100% bearish,of 1 rating,$13
GK,$67.61,1440710190558,"62,005",Not yet rated,NULL,$78
FXENP,NULL,1440710190616,0,100% bearish,of 1 rating,N/A
FXEN,$0.8484,1440710190689,"30,477",75% bullish,of 4 ratings,$1.10
WILC,$4.79,1440710190714,"2,355",100% bullish,of 2 ratings,N/A
GAIA,$6.01,1440710190793,"18,310",50% bullish,of 2 ratings,$8.50
GLPG,$61,1440710190857,"14,402",100% bullish,of 1 rating,$75
GALT,$1.86,1440710191014,"67,914",80% bullish,of 5 ratings,N/A
GALTW,NULL,1440710191044,0,100% bullish,of 1 rating,N/A
GALTU,NULL,1440710191073,0,100% bearish,of 1 rating,N/A
GALE,$1.49,1440710191148,"704,955",89% bullish,of 47 ratings,$4
GLMD,$8.97,1440710191172,"10,152",67% bullish,of 3 ratings,$20.50
GPIC,$9.62,1440710191200,812,100% bearish,of 1 rating,N/A
GLPI,$31.4063,1440710191230,"472,460",100% bearish,of 1 rating,$37.50
GRMN,$38.16,1440710191337,"961,263",50% bullish,of 6 ratings,$46.50
GGAC,$9.9,1440710191400,"22,030",100% bearish,of 1 rating,N/A
GGACR,$0.24,1440710191531,"419,354",100% bullish,of 1 rating,N/A
GGACU,$10.3,1440710191580,"13,700",Not yet rated,NULL,N/A
GGACW,$0.16,1440710191604,"426,090",Not yet rated,NULL,N/A
GARS,$14.23,1440710191741,"31,412",Not yet rated,NULL,$16
GENC,$9.39,1440710191877,805,100% bearish,of 1 rating,N/A
GNCMA,$17,1440710192083,"223,509",100% bearish,of 1 rating,$12
GFNCP,$91.01,1440710192335,440,Not yet rated,NULL,N/A
GENE,$2.12,1440710192361,"165,541",100% bullish,of 12 ratings,N/A
GFNSL,$25.7499,1440710192382,"2,900",Not yet rated,NULL,N/A
GFN,$3.63,1440710192414,"7,868",100% bearish,of 2 ratings,$8
GNMK,$9.43,1440710192693,"88,773",67% bullish,of 6 ratings,$14
GHDX,$26.73,1440710192827,"131,627",50% bullish,of 2 ratings,$30
GNCA,$12.27,1440710192886,"99,366",100% bearish,of 1 rating,$20
GNTX,$15.44,1440710193043,"2,015,182",Not yet rated,NULL,$20
THRM,$44.92,1440710193207,"210,226",75% bearish,of 4 ratings,$55.50
GTWN,NULL,1440710193269,0,Not yet rated,NULL,N/A
GNVC,$2.48,1440710193295,"4,600",90% bullish,of 10 ratings,$8.50
GEOS,$15.77,1440710193428,"154,992",100% bearish,of 3 ratings,$21
GABC,$29.24,1440710193459,"15,766",Not yet rated,NULL,$31
GERN,$3.08,1440710193484,"1,330,232",88% bullish,of 16 ratings,$5.25
GEVO,$2.35,1440710193559,"341,094",75% bullish,of 12 ratings,$5
ROCK,$16.51,1440710193626,"118,191",80% bullish,of 5 ratings,$24
GIGM,$0.55,1440710193757,"41,648",100% bullish,of 2 ratings,N/A
GILT,$4.38,1440710193784,"8,627",50% bullish,of 2 ratings,N/A
GILD,$108,1440710193817,"9,267,732",91% bullish,of 87 ratings,$129
GIGA,$1.43,1440710193847,"13,510",100% bearish,of 1 rating,N/A
GIII,$68.51,1440710193919,"213,607",67% bullish,of 3 ratings,$75
GBCI,$25.63,1440710194063,"327,946",50% bullish,of 2 ratings,$31
GLAD,$8.63,1440710194094,"250,192",50% bullish,of 2 ratings,$8.75
GLADO,$25.5899,1440710194195,"1,940",Not yet rated,NULL,N/A
GOOD,$14.52,1440710194220,"71,937",Not yet rated,NULL,$19
GOODO,$25.0601,1440710194374,"1,019",Not yet rated,NULL,N/A
GOODN,$25.33,1440710194404,900,Not yet rated,NULL,N/A
GAINN,$25.1,1440710194452,"5,685",Not yet rated,NULL,N/A
GAIN,$7.35,1440710194503,"100,873",100% bullish,of 2 ratings,$8.25
GAINO,$25.33,1440710194584,600,Not yet rated,NULL,N/A
GOODP,$25.05,1440710194616,400,Not yet rated,NULL,N/A
GAINP,$25.73,1440710194637,"2,129",Not yet rated,NULL,N/A
LAND,$9.34,1440710194721,"33,889",50% bullish,of 2 ratings,$13.75
GLBZ,NULL,1440710194854,0,Not yet rated,NULL,N/A
GBT,$42.2,1440710194879,"51,010",100% bearish,of 1 rating,N/A
ENT,$11.59,1440710194917,"173,706",100% bearish,of 1 rating,$18
GDEF,NULL,1440710194951,0,Not yet rated,NULL,N/A
GPACU,$10.05,1440710195048,"3,901",Not yet rated,NULL,N/A
GBLI,$26.57,1440710195073,"10,464",Not yet rated,NULL,N/A
GSOL,$7.91,1440710195345,"18,276",100% bearish,of 1 rating,N/A
ALTY,$14.35,1440710195393,658,Not yet rated,NULL,N/A
ACTX,$13.18,1440710195430,"4,751",100% bullish,of 1 rating,N/A
QQQC,$19.6,1440710195459,"6,807",100% bearish,of 1 rating,N/A
SOCL,$17.63,1440710195532,"24,944",100% bullish,of 2 ratings,N/A
SRET,$13.22,1440710195556,"4,201",Not yet rated,NULL,N/A
GAI,$5.8,1440710196015,48,50% bullish,of 2 ratings,N/A
GSM,$13.66,1440710196044,"442,656",50% bullish,of 2 ratings,$23
YLCO,NULL,1440710196069,0,Not yet rated,NULL,N/A
GBIM,$2.23,1440710196091,"19,521",50% bullish,of 2 ratings,N/A
GLUU,$4.41,1440710196126,"1,991,968",92% bullish,of 26 ratings,$9
GLBS,$0.98,1440710196148,"13,400",67% bullish,of 3 ratings,N/A
GLRI,$0.92,1440710196222,"34,311",100% bearish,of 1 rating,$4.25
GLYC,$7.07,1440710196405,"5,025",50% bullish,of 2 ratings,$14
GOGO,$15.5,1440710196542,"492,879",80% bullish,of 5 ratings,$25
GMLP,$17.86,1440710196582,"311,517",50% bullish,of 4 ratings,$32.50
GLNG,$36.4,1440710196607,"788,930",83% bullish,of 6 ratings,$58
GLDC,$4.15,1440710196633,510,50% bullish,of 2 ratings,N/A
GDEN,$9.04,1440710196672,"2,107",50% bullish,of 2 ratings,N/A
GOGL,$2.88,1440710196698,"361,248",75% bullish,of 4 ratings,$5
GTIM,$6.75,1440710196828,"33,873",Not yet rated,NULL,$11.50
GBDC,$16.58,1440710196960,"122,872",Not yet rated,NULL,$17.75
GPRO,$48.05,1440710196994,"5,321,571",78% bullish,of 58 ratings,$72
GOOG,$637.24,1440710197016,"2,148,342",89% bullish,of 70 ratings,$825
GOOGL,$667.5,1440710197072,"1,583,262",88% bullish,of 1080 ratings,$749
GPIA,NULL,1440710197103,0,Not yet rated,NULL,N/A
GMAN,$3.56,1440710197124,"94,940",60% bullish,of 5 ratings,$8.50
GPIAU,NULL,1440710197205,0,Not yet rated,NULL,N/A
GBSN,$0.38,1440710197450,"8,360,904",50% bullish,of 2 ratings,$8.25
GPIAW,$0.975,1440710197545,"4,500",Not yet rated,NULL,N/A
GSBC,$39.7,1440710197616,"28,952",100% bullish,of 1 rating,$44
LOPE,$37.29,1440710197643,"213,181",100% bearish,of 2 ratings,$50
GRVY,$3.1,1440710197674,"3,850",50% bullish,of 2 ratings,N/A
GBSNU,NULL,1440710197701,0,NULL,NULL,NULL
GLDD,$5.29,1440710197722,"178,282",100% bearish,of 4 ratings,$7.75
GRBK,$12.13,1440710197813,"208,300",77% bullish,of 13 ratings,N/A
GNBC,$11.64,1440710197979,"11,965",100% bearish,of 1 rating,$16.50
GRIF,$32.94,1440710198083,"1,189",100% bearish,of 1 rating,N/A
GPP,$13.52,1440710198114,"54,349",Not yet rated,NULL,$20.50
GCBC,NULL,1440710198152,0,100% bullish,of 1 rating,N/A
GLRE,$24.99,1440710198177,"184,277",50% bullish,of 2 ratings,$41
GPRE,$19.73,1440710198219,"543,199",67% bullish,of 6 ratings,$28.50
OMAB,$40.98,1440710198518,"28,531",100% bullish,of 1 rating,$44
GRFS,$30.79,1440710198555,"268,612",50% bullish,of 2 ratings,$35
GSIG,$12.9,1440710198585,"40,919",100% bearish,of 2 ratings,N/A
GRPN,$4.29,1440710198610,"6,558,166",61% bullish,of 71 ratings,$6.75
GGAL,$19.72,1440710198646,"210,565",80% bullish,of 5 ratings,$40
GTXI,$0.83,1440710198673,"27,869",100% bullish,of 5 ratings,$.75
GSIT,$4.66,1440710198697,"10,304",100% bearish,of 1 rating,N/A
GSVC,$8.9,1440710198887,"60,910",50% bullish,of 2 ratings,$14.50
GBNK,$15.48,1440710198918,"19,211",100% bearish,of 1 rating,$18
GFED,$14.67,1440710199019,442,Not yet rated,NULL,$17
GULTU,$0.3,1440710199052,"278,271",100% bearish,of 1 rating,N/A
GUID,$7.19,1440710199078,"132,329",100% bearish,of 3 ratings,$10
GIFI,$11.73,1440710199103,"30,726",100% bearish,of 1 rating,$16
GPOR,$35.2135,1440710199271,"1,542,043",75% bullish,of 4 ratings,$55
GURE,$1.67,1440710199303,"26,420",88% bullish,of 8 ratings,N/A
GWPH,$107.2504,1440710199337,"151,518",78% bullish,of 9 ratings,$148.50
GWGH,NULL,1440710199398,0,100% bearish,of 1 rating,$15.05
GYRO,NULL,1440710199472,0,100% bearish,of 1 rating,N/A
HEES,$18.52,1440710199497,"597,058",67% bearish,of 3 ratings,$31
HLG,$9,1440710199526,"3,174",100% bearish,of 1 rating,N/A
HNRG,$7.45,1440710199630,"109,658",100% bearish,of 1 rating,$10
HALL,$11.25,1440710199696,"18,595",Not yet rated,NULL,N/A
HALO,$18.04,1440710199721,"812,681",67% bullish,of 3 ratings,$22.50
HMPR,$1.87,1440710200100,"32,023",100% bullish,of 1 rating,N/A
HBHC,$27.25,1440710200165,"885,193",50% bullish,of 2 ratings,$30
HBHCL,$24.45,1440710200231,"16,792",Not yet rated,NULL,N/A
HNH,$25.22,1440710200258,"34,566",100% bullish,of 1 rating,N/A
HBK,$13.8,1440710200282,500,50% bullish,of 2 ratings,N/A
HNSN,$0.51,1440710200388,"71,567",88% bullish,of 8 ratings,$.40
HAFC,$23.98,1440710200436,"150,816",100% bullish,of 2 ratings,$28.50
HQCL,$12.48,1440710200573,"37,923",67% bullish,of 3 ratings,$14
HRMNU,$10.09,1440710200638,"4,500",Not yet rated,NULL,N/A
HRMN,NULL,1440710200668,0,Not yet rated,NULL,N/A
HLIT,$5.67,1440710200698,"299,840",100% bearish,of 1 rating,$6.50
TINY,$2.45,1440710200724,"24,287",50% bullish,of 2 ratings,$5.26
HBIO,$4.33,1440710200855,"60,054",Not yet rated,NULL,$10
HRMNW,NULL,1440710200883,0,Not yet rated,NULL,N/A
HART,$0.9,1440710200988,"62,394",100% bearish,of 1 rating,N/A
HCAPL,$25.15,1440710201272,"1,950",Not yet rated,NULL,N/A
HCAP,$12.24,1440710201304,"16,420",50% bullish,of 2 ratings,$15
HDNG,$9.63,1440710201330,"11,625",50% bullish,of 4 ratings,N/A
HCOM,$21.92,1440710201376,"22,250",100% bearish,of 1 rating,$28
HAS,$75.13,1440710201413,"677,125",63% bullish,of 8 ratings,$84.50
HWBK,$13.65,1440710201505,900,100% bearish,of 1 rating,N/A
HWKN,$36.74,1440710201531,"24,607",Not yet rated,NULL,N/A
HDS,$32.7916,1440710201554,"2,704,706",100% bearish,of 2 ratings,$39.50
HIIQ,$4.91,1440710201707,"213,311",50% bullish,of 2 ratings,$7
HCSG,$33.37,1440710201848,"222,864",50% bullish,of 4 ratings,$35
HQY,$29.36,1440710201874,"181,717",67% bullish,of 3 ratings,$31
HA,$22.77,1440710201903,"743,154",67% bullish,of 9 ratings,$27
HAYN,$38.37,1440710201933,"70,009",100% bearish,of 1 rating,$59
HSTM,$25.04,1440710201959,"91,715",50% bullish,of 2 ratings,$33.75
HWAY,$11.94,1440710202035,"197,544",100% bearish,of 1 rating,$15
HTLD,$20.45,1440710202169,"404,607",Not yet rated,NULL,$22.50
HTLF,$35.74,1440710202301,"36,155",100% bullish,of 1 rating,$39.50
HTWR,$86.38,1440710202336,"181,322",50% bullish,of 2 ratings,$103
HELE,$85.25,1440710202403,"137,795",67% bearish,of 3 ratings,$100
HSII,$19.66,1440710202428,"55,840",100% bullish,of 3 ratings,$25
HMNY,NULL,1440710202456,0,100% bearish,of 1 rating,N/A
HTBX,$5.15,1440710202481,"7,475",50% bullish,of 2 ratings,$15.50
HMTV,$13.56,1440710202646,"23,963",100% bearish,of 1 rating,$16
HNNA,$24.725,1440710202730,"6,531",Not yet rated,NULL,N/A
HCACU,$9.94,1440710202793,"1,418",Not yet rated,NULL,N/A
HERO,NULL,1440710202819,0,NULL,NULL,NULL
HSIC,$138.68,1440710202861,"380,165",83% bullish,of 6 ratings,$146
HFWA,$17.49,1440710202886,"41,588",100% bullish,of 1 rating,$20
HTBK,$10.63,1440710202921,"37,118",Not yet rated,NULL,$12
HCCI,$11.06,1440710203150,"34,679",100% bearish,of 1 rating,$16.50
HEOP,$7.67,1440710203194,"15,988",Not yet rated,NULL,$8.50
MLHR,$26.99,1440710203282,"416,852",50% bullish,of 2 ratings,$33.50
HRTX,$36,1440710203323,"376,945",67% bullish,of 6 ratings,$41
HSKA,$33.49,1440710203383,"29,373",100% bearish,of 1 rating,$38
HFFC,$15.99,1440710203409,"3,204",Not yet rated,NULL,N/A
HPJ,$2.19,1440710203435,"47,402",75% bullish,of 4 ratings,$12.43
HIBB,$38.68,1440710203467,"262,034",100% bearish,of 1 rating,$46.50
HIHO,$3.9,1440710203567,"7,696",Not yet rated,NULL,N/A
HIFS,$117.96,1440710203736,"4,159",Not yet rated,NULL,N/A
HSGX,$6.13,1440710203825,903,100% bearish,of 1 rating,$17
HIMX,$6.74,1440710203864,"696,618",86% bullish,of 21 ratings,$8.50
HMNF,$11.14,1440710203928,"3,550",Not yet rated,NULL,N/A
HMSY,$10.07,1440710204002,"1,029,380",67% bullish,of 3 ratings,$19.35
HOLX,$39.31,1440710204083,"1,555,957",67% bullish,of 3 ratings,$42
HOLI,$17.89,1440710204135,"214,655",50% bullish,of 4 ratings,$27
HOMB,$37.87,1440710204247,"275,087",Not yet rated,NULL,$42
HBCP,$24.5,1440710204274,"1,969",Not yet rated,NULL,$29
AWAY,$28.5707,1440710204301,"878,772",67% bullish,of 3 ratings,$36
HFBL,$21.54,1440710204343,300,Not yet rated,NULL,N/A
HMIN,$27.5,1440710204479,"194,716",100% bearish,of 2 ratings,$35
HTBI,$18.1,1440710204505,"42,266",67% bullish,of 3 ratings,$18.625
HMST,$21.89,1440710204546,"115,090",100% bullish,of 2 ratings,$27
HKTV,$4.61,1440710204636,"29,158",100% bearish,of 1 rating,N/A
CETC,$0.72,1440710204766,"82,368",86% bullish,of 7 ratings,N/A
HZNP,$30.5,1440710204855,"1,979,593",85% bullish,of 20 ratings,$40
HFBC,$11.23,1440710204895,"2,760",Not yet rated,NULL,N/A
HBNC,$23.32,1440710204920,"10,986",100% bullish,of 1 rating,$27
HOFT,$23.33,1440710204944,"41,289",100% bearish,of 1 rating,N/A
ZINC,$7.45,1440710205091,"687,260",100% bearish,of 1 rating,$17
HDP,$24.27,1440710205165,"239,273",67% bearish,of 3 ratings,$30.50
HRZN,$10.14,1440710205221,"31,900",50% bullish,of 2 ratings,$14.25
HMHC,$22.75,1440710205270,"1,125,817",Not yet rated,NULL,$27
HWCC,$7.35,1440710205404,"70,329",100% bearish,of 1 rating,$9
HOVNP,$4.49,1440710205433,"3,213",100% bearish,of 1 rating,N/A
HBMD,$14.48,1440710205461,"2,156",100% bearish,of 1 rating,N/A
HTGM,$5.65,1440710205844,"38,705",100% bearish,of 1 rating,$19.50
HSON,$2.6,1440710205870,"13,371",100% bearish,of 1 rating,$5
HSNI,$62.22,1440710205904,"178,338",Not yet rated,NULL,$80
HCBK,$9.45,1440710205944,"1,612,129",83% bullish,of 6 ratings,$8.61
HUBG,$37.74,1440710206038,"215,954",100% bearish,of 1 rating,$43
HBAN,$10.86,1440710206066,"7,228,316",76% bullish,of 17 ratings,$12.29
HDSN,$3.05,1440710206087,"5,955",100% bullish,of 1 rating,$6.25
HURC,$30.59,1440710206217,"15,333",100% bearish,of 1 rating,N/A
HURN,$73.27,1440710206297,"135,326",50% bullish,of 2 ratings,$80
HBANP,$1355,1440710206323,66,100% bearish,of 1 rating,N/A
HBP,$3.06,1440710206380,"1,472",100% bullish,of 1 rating,N/A
HTCH,$1.43,1440710206458,"65,004",100% bearish,of 1 rating,$3.50
HDRAR,NULL,1440710206485,0,Not yet rated,NULL,N/A
HDRA,$9.69,1440710206512,"11,400",Not yet rated,NULL,N/A
HDRAU,$10.11,1440710206644,"4,500",Not yet rated,NULL,N/A
HDRAW,$0.264,1440710206729,"5,226",Not yet rated,NULL,N/A
HYGS,$8.76,1440710206807,"27,221",50% bullish,of 2 ratings,$13
IACI,$71.66,1440710206891,"537,939",75% bullish,of 4 ratings,$90
IDSY,$3.8,1440710206937,"10,880",100% bearish,of 1 rating,$7
IKGH,$1.77,1440710206963,"160,691",75% bullish,of 4 ratings,N/A
IEP,$74.1,1440710207023,"120,096",75% bullish,of 4 ratings,$99
IBKC,$59.92,1440710207048,"142,135",100% bullish,of 1 rating,$70
ICAD,$3.78,1440710207190,"108,076",100% bullish,of 2 ratings,$7.25
ICLR,$78.848,1440710207322,"383,498",100% bearish,of 3 ratings,$85
ICFI,$34.04,1440710207347,"41,800",50% bullish,of 2 ratings,$48.50
ICON,$13.34,1440710207423,"716,782",50% bullish,of 2 ratings,$18.50
ICUI,$113.45,1440710207480,"130,125",Not yet rated,NULL,$122
IPWR,$7.27,1440710207527,"2,810",100% bullish,of 1 rating,$15
INVE,$3.98,1440710207625,"41,335",75% bullish,of 4 ratings,$4
IDRA,$2.89,1440710207737,"1,860,527",89% bullish,of 9 ratings,$6.50
IDXX,$73.42,1440710207784,"246,947",100% bearish,of 1 rating,$77
IROQ,$16.99,1440710207842,206,100% bullish,of 1 rating,N/A
DSKY,$11.03,1440710207913,"145,825",67% bullish,of 6 ratings,$11.50
IIVI,$16.77,1440710207971,"699,651",100% bearish,of 1 rating,$22
IRG,$4.56,1440710207997,"8,780",100% bearish,of 1 rating,$4.25
RXDX,$13.52,1440710208046,"146,142",100% bullish,of 1 rating,$20
KANG,$15.95,1440710208181,"270,221",50% bullish,of 2 ratings,$22.55
IKAN,$2.72,1440710208209,"33,071",83% bullish,of 6 ratings,$5
IKNX,NULL,1440710208278,0,100% bearish,of 1 rating,N/A
ISNS,$3.93,1440710208440,"4,134",50% bullish,of 2 ratings,N/A
ICCC,$7.36,1440710208469,"11,588",100% bullish,of 1 rating,N/A
IMMR,$11.86,1440710208491,"94,707",80% bullish,of 5 ratings,$15.50
ILMN,$201.94,1440710208624,"946,041",80% bullish,of 5 ratings,$245
IMNP,$1.32,1440710208667,"85,143",50% bullish,of 2 ratings,$6
IMDZ,$16.44,1440710208767,"67,116",100% bearish,of 1 rating,$33
IMGN,$14.28,1440710208794,"573,089",75% bullish,of 4 ratings,$17.50
IMMU,$1.96,1440710208822,"599,136",86% bullish,of 7 ratings,$2
IPXL,$43.97,1440710208948,"494,035",67% bullish,of 3 ratings,$46.50
SAAS,$7.6,1440710209045,"297,693",50% bullish,of 2 ratings,$15
IMMY,$7.69,1440710209070,"15,991",100% bearish,of 1 rating,$11
INCR,$42.09,1440710209144,"226,520",50% bullish,of 2 ratings,$53
INCY,$113.85,1440710209207,"936,953",50% bullish,of 6 ratings,$125.50
IBCP,$14.1,1440710209245,"70,743",100% bullish,of 1 rating,$14.50
INDB,$44.34,1440710209287,"62,917",Not yet rated,NULL,$44
IBTX,$40.63,1440710209388,"17,366",100% bullish,of 2 ratings,$47.25
IDSA,$3.72,1440710209414,"5,809",Not yet rated,NULL,N/A
INFN,$22.51,1440710209547,"1,693,194",71% bullish,of 7 ratings,$28
IPCC,$77.36,1440710209653,"23,864",Not yet rated,NULL,$77.50
INFI,$9.12,1440710209711,"315,149",50% bullish,of 4 ratings,$18
IFON,$1.23,1440710209737,"83,079",75% bullish,of 4 ratings,N/A
III,$3.96,1440710209781,"105,250",57% bullish,of 7 ratings,$6
IMKTA,$50.87,1440710209867,"61,421",100% bearish,of 1 rating,N/A
INWK,$7.06,1440710210012,"92,036",50% bullish,of 2 ratings,$10
INNL,$11.67,1440710210144,6,100% bearish,of 1 rating,$16.50
IPHS,$48.15,1440710210197,"96,948",100% bearish,of 1 rating,$60
INOD,$2.33,1440710210230,"41,620",100% bearish,of 1 rating,N/A
ISSC,$2.88,1440710210275,"1,460",67% bearish,of 3 ratings,N/A
IOSP,$47.69,1440710210303,"229,582",100% bearish,of 1 rating,N/A
ITEK,$12.2175,1440710210332,"395,078",100% bearish,of 3 ratings,$20
INGN,$47.41,1440710210357,"102,059",100% bearish,of 1 rating,$50.50
INO,$7.25,1440710210673,"1,068,174",89% bullish,of 18 ratings,$20
INOV,$21.06,1440710210700,"662,294",100% bearish,of 1 rating,$33
NSIT,$25.53,1440710210767,"109,396",50% bullish,of 2 ratings,N/A
IIIN,$17.05,1440710210839,"37,038",100% bearish,of 2 ratings,N/A
ISIG,$2.7,1440710210864,"265,876",100% bearish,of 1 rating,N/A
PODD,$29.35,1440710210909,"196,780",67% bearish,of 3 ratings,$35
INSM,$25.13,1440710210934,"277,013",71% bullish,of 7 ratings,$31.50
NTEC,$5.68,1440710211066,"3,801",100% bearish,of 1 rating,N/A
INSY,$33.25,1440710211101,"393,564",75% bullish,of 4 ratings,$48
IART,$60.54,1440710211255,"180,879",100% bearish,of 1 rating,$71.50
IDTI,$19.4,1440710211284,"4,006,721",60% bullish,of 5 ratings,$25
ISSI,$21.88,1440710211339,"132,490",67% bullish,of 3 ratings,$19.75
IESC,$6.93,1440710211360,"19,681",100% bearish,of 1 rating,N/A
IQNT,$18.79,1440710211393,"188,548",86% bullish,of 7 ratings,$20
INTC,$27.72,1440710211415,"23,881,763",82% bullish,of 238 ratings,$36
IPCI,$2.17,1440710211572,"88,505",67% bullish,of 6 ratings,$8
IBKR,$39.81,1440710211785,"636,223",100% bullish,of 1 rating,N/A
IPAR,$25.4,1440710211810,"84,127",67% bullish,of 3 ratings,$38
ININ,$35.39,1440710211843,"115,514",67% bearish,of 3 ratings,$57
ICLD,$1.82,1440710211976,"171,805",75% bullish,of 4 ratings,N/A
IDCC,$49.51,1440710212002,"285,981",80% bullish,of 5 ratings,$63
ICLDW,NULL,1440710212026,0,100% bearish,of 1 rating,N/A
INAP,$7.83,1440710212062,"180,248",75% bullish,of 4 ratings,$11
ICPT,$191.08,1440710212231,"123,607",70% bullish,of 10 ratings,$359.50
IBOC,$25.06,1440710212408,"136,498",100% bearish,of 1 rating,N/A
IIJI,$10.07,1440710212461,190,50% bullish,of 2 ratings,$11.50
IMI,$2.1,1440710212488,"87,007",67% bullish,of 3 ratings,$2.22
ISCA,$31.49,1440710212542,"90,883",100% bearish,of 1 rating,N/A
IGLD,$6.94,1440710212617,"3,400",50% bullish,of 2 ratings,N/A
PTNT,$2.98,1440710212693,"1,600",Not yet rated,NULL,N/A
TILE,$23.93,1440710212720,"593,654",100% bearish,of 3 ratings,$27
INPH,$0.28,1440710212960,"63,259",50% bullish,of 2 ratings,N/A
INTX,$1.91,1440710212991,"51,642",67% bullish,of 3 ratings,N/A
XENT,$25.44,1440710213061,"130,184",50% bullish,of 2 ratings,$36.50
IILG,$19.78,1440710213087,"151,802",100% bearish,of 1 rating,$29
ISIL,$10.59,1440710213156,"927,307",50% bullish,of 6 ratings,$15
INTLL,NULL,1440710213216,0,Not yet rated,NULL,N/A
IVAC,$4.7,1440710213290,"57,631",100% bearish,of 1 rating,$6.625
INTL,$25.83,1440710213350,"56,452",67% bearish,of 3 ratings,N/A
ITCI,$25.96,1440710213420,"287,406",75% bearish,of 4 ratings,$40
IIN,$6.07,1440710213451,"1,900",100% bearish,of 1 rating,$12
INVT,$0.2705,1440710213561,"13,897",67% bullish,of 3 ratings,N/A
INTU,$86.6,1440710213635,"2,159,608",86% bullish,of 7 ratings,$107.50
ISRG,$515.57,1440710213707,"141,180",67% bullish,of 3 ratings,$600
SNAK,$8.4,1440710213732,"98,855",50% bullish,of 2 ratings,$14
ISBC,$11.75,1440710213958,"2,190,927",100% bullish,of 1 rating,$13.25
ISTR,$15.62,1440710214018,"5,117",100% bearish,of 1 rating,$18.50
ITIC,NULL,1440710214045,0,100% bearish,of 2 ratings,N/A
IVTY,$14.1,1440710214087,"22,246",Not yet rated,NULL,$18
NVIV,$9.33,1440710214116,"195,091",50% bullish,of 4 ratings,$24.50
IPAS,$1.08,1440710214175,"75,065",67% bullish,of 3 ratings,N/A
DTUL,NULL,1440710214221,0,Not yet rated,NULL,N/A
DFVL,NULL,1440710214437,0,Not yet rated,NULL,N/A
IPGP,$85.81,1440710214504,"547,376",100% bearish,of 2 ratings,$109.50
IPCM,$79.14,1440710214574,"181,722",50% bullish,of 2 ratings,$80.125
IRMD,$25.34,1440710214634,"9,500",67% bearish,of 3 ratings,$25
IRIX,$6.72,1440710214663,"8,550",100% bearish,of 1 rating,N/A
IRDM,$7.11,1440710214689,"564,352",60% bullish,of 5 ratings,$11.50
IRWD,$11.05,1440710214968,"880,343",100% bearish,of 1 rating,$13
IRDMB,$279.2,1440710214997,554,67% bearish,of 3 ratings,N/A
IRBT,$28.48,1440710215019,"197,483",67% bullish,of 6 ratings,$37
IRCP,NULL,1440710215150,0,100% bullish,of 2 ratings,N/A
GNMA,$50.25,1440710215198,"4,341",Not yet rated,NULL,N/A
FCHI,NULL,1440710215220,0,NULL,NULL,NULL
COMT,$32.83,1440710215286,"31,987",100% bearish,of 1 rating,N/A
IFAS,NULL,1440710215413,0,NULL,NULL,NULL
IFNA,NULL,1440710215436,0,NULL,NULL,NULL
IFEU,$38.24,1440710215463,"7,404",Not yet rated,NULL,N/A
IFGL,$28.87,1440710215625,"250,674",Not yet rated,NULL,N/A
ACWI,$56.51,1440710215761,"2,119,332",Not yet rated,NULL,N/A
AXJS,NULL,1440710215787,0,NULL,NULL,NULL
AAXJ,$54.27,1440710215816,"1,102,232",Not yet rated,NULL,N/A
ACWX,$41.17,1440710215861,"1,184,998",100% bearish,of 1 rating,N/A
AAIT,NULL,1440710215885,0,NULL,NULL,NULL
EEME,NULL,1440710216046,0,NULL,NULL,NULL
EEMA,$51.06,1440710216077,"38,856",Not yet rated,NULL,N/A
EMDI,NULL,1440710216187,0,NULL,NULL,NULL
EMEY,NULL,1440710216216,0,NULL,NULL,NULL
EGRW,NULL,1440710216242,0,NULL,NULL,NULL
EVAL,NULL,1440710216319,0,NULL,NULL,NULL
EEML,$27.92,1440710216343,"9,006",Not yet rated,NULL,N/A
QAT,$21.6,1440710216516,"13,695",Not yet rated,NULL,N/A
IEUS,$45.47,1440710216645,"4,169",100% bearish,of 1 rating,N/A
EUFN,$22.05,1440710216675,"60,371",100% bearish,of 1 rating,N/A
UAE,$18.3,1440710216751,"17,620",Not yet rated,NULL,N/A
IBB,$351,1440710216777,"1,456,939",63% bullish,of 8 ratings,N/A
SOXX,$82.77,1440710216802,"692,426",50% bullish,of 2 ratings,N/A
ICLN,$9.66,1440710216855,"22,300",50% bullish,of 2 ratings,N/A
EMIF,$29.12,1440710216984,"4,166",Not yet rated,NULL,N/A
WOOD,$48.13,1440710217450,"9,339",50% bullish,of 2 ratings,N/A
INDY,$27.98,1440710217578,"291,675",50% bullish,of 2 ratings,N/A
ISHG,$79.6,1440710217604,"16,680",100% bearish,of 1 rating,N/A
ISIS,$51.56,1440710217625,"1,139,313",53% bullish,of 15 ratings,$67
IGOV,$90.865,1440710217672,"16,724",100% bearish,of 1 rating,N/A
ISLE,$16.87,1440710217697,"251,165",50% bullish,of 4 ratings,$16
IXYS,$10.83,1440710217999,"90,102",50% bullish,of 4 ratings,N/A
ISRL,$124.63,1440710218045,278,100% bearish,of 1 rating,N/A
ITRN,$24.18,1440710218071,"16,603",50% bullish,of 2 ratings,N/A
MAYS,NULL,1440710218101,0,Not yet rated,NULL,N/A
ITUS,$4.08,1440710218127,"9,184",Not yet rated,NULL,N/A
ITRI,$29.64,1440710218152,"331,850",Not yet rated,NULL,$37
JJSF,$114.43,1440710218206,"34,374",100% bearish,of 1 rating,N/A
XXIA,$15.04,1440710218290,"321,422",71% bullish,of 7 ratings,$14.625
JBHT,$73.51,1440710219122,"722,869",50% bullish,of 4 ratings,$89.50
JCOM,$69.21,1440710219300,"171,558",100% bullish,of 2 ratings,$77
JKHY,$67.82,1440710219432,"410,762",50% bullish,of 2 ratings,$72
JASO,$7.97,1440710219465,"846,098",82% bullish,of 17 ratings,$10
JAGX,$4.15,1440710219496,"15,594",Not yet rated,NULL,N/A
JAXB,NULL,1440710219586,0,100% bullish,of 1 rating,N/A
JXSB,NULL,1440710219613,0,Not yet rated,NULL,N/A
JAKK,$9.3,1440710219635,"681,808",60% bearish,of 5 ratings,$11
JACK,$81.49,1440710219692,"314,259",83% bullish,of 6 ratings,$105
JASNW,NULL,1440710219822,0,50% bullish,of 2 ratings,N/A
ERW,NULL,1440710219926,0,Not yet rated,NULL,N/A
JMBA,$13.61,1440710219966,"84,180",75% bullish,of 4 ratings,$18
JRVR,$26.6,1440710220057,"51,493",Not yet rated,NULL,$32
JASN,$4.8861,1440710220129,"9,904",50% bullish,of 2 ratings,$9.50
JD,$27.2,1440710220162,"6,170,230",75% bullish,of 16 ratings,$36
JAZZ,$170.77,1440710220264,"244,261",80% bullish,of 15 ratings,$206.50
JBLU,$22.38,1440710220391,"6,142,519",94% bullish,of 18 ratings,$27
JTPY,$2.89,1440710220494,"1,564",100% bearish,of 1 rating,N/A
DATE,$5.9,1440710220621,"111,515",75% bullish,of 4 ratings,$9
JST,$3.85,1440710220721,"38,232",75% bullish,of 4 ratings,N/A
JBSS,$53.28,1440710220781,"36,732",67% bearish,of 3 ratings,N/A
JCTCF,$9.5,1440710220810,"2,400",100% bullish,of 1 rating,N/A
JOEZ,$0.169,1440710220911,"106,474",92% bullish,of 12 ratings,N/A
JIVE,$4.32,1440710220942,"351,907",75% bullish,of 4 ratings,$5
WYIGU,$10,1440710221000,"3,300",Not yet rated,NULL,N/A
JNP,$11,1440710221051,"68,801",100% bullish,of 3 ratings,$15
JUNO,$37.33,1440710221183,"821,092",73% bullish,of 11 ratings,$71.50
JOUT,$22.59,1440710221257,"10,868",100% bearish,of 1 rating,$34
KTWO,$21.5,1440710221322,"67,815",100% bearish,of 1 rating,$28.50
KALU,$82.15,1440710221388,"151,378",67% bearish,of 3 ratings,$91
KBIO,$1.97,1440710221580,"27,678",50% bullish,of 4 ratings,N/A
KNDI,$6.62,1440710221753,"375,785",86% bullish,of 22 ratings,N/A
KPTI,$13.96,1440710221792,"221,647",67% bearish,of 3 ratings,$39
