Symbol,Price,Date,Volume,Rating,RatingVoteCount,OneYearEstimate
PIH,$7.43,1441743602464,"1,037",100% bearish,of 1 rating,N/A
TFSCU,NULL,1441743602491,0,Not yet rated,NULL,N/A
FLWS,$8.44,1441743602524,"281,409",80% bullish,of 5 ratings,$15
TFSCR,$0.3723,1441743602545,"1,000",Not yet rated,NULL,N/A
FCTY,$7.9,1441743602620,620,100% bullish,of 1 rating,$8.50
TFSC,NULL,1441743602674,0,100% bearish,of 1 rating,N/A
SRCE,$30.66,1441743602699,"21,569",100% bullish,of 3 ratings,$33
DGLD,$82.99,1441743602752,"3,837",100% bullish,of 1 rating,N/A
USLV,$12.97,1441743603064,"173,232",86% bullish,of 7 ratings,N/A
TFSCW,$0.3,1441743603194,"6,000",100% bearish,of 1 rating,N/A
TWOU,$35.7643,1441743603222,"336,598",50% bullish,of 2 ratings,$39
UGLD,$8.97,1441743603249,"54,160",100% bearish,of 1 rating,N/A
VNET,$18.3015,1441743603275,"396,319",60% bullish,of 5 ratings,$35
JOBS,$26.51,1441743603296,"81,222",50% bullish,of 4 ratings,$36
FCCY,$11.64,1441743603434,"1,132",100% bullish,of 1 rating,$13
DSLV,$66.8125,1441743603589,"38,923",100% bearish,of 1 rating,N/A
CAFD,$14.2,1441743604144,"117,078",Not yet rated,NULL,$24.50
SIXD,$3.29,1441743604175,"136,081",Not yet rated,NULL,N/A
ABGB,$5.89,1441743604333,"77,005",67% bullish,of 3 ratings,$5.50
ABY,$19.8503,1441743604540,"2,193,414",100% bearish,of 2 ratings,$46
SHLM,$32.3,1441743604594,"132,626",100% bearish,of 1 rating,$47
AVHI,$13.56,1441743604615,"19,664",100% bearish,of 1 rating,$19
AAON,$19.71,1441743604744,"82,034",100% bearish,of 1 rating,$24
ABEOW,$1.7101,1441743604773,100,100% bullish,of 1 rating,N/A
EGHT,$7.95,1441743604794,"279,260",82% bullish,of 17 ratings,$11
ABAX,$48.3365,1441743604816,"65,939",100% bearish,of 1 rating,$60
ABMD,$95.3796,1441743605138,"337,299",75% bullish,of 4 ratings,$100.50
AXAS,$1.66,1441743605167,"986,518",78% bullish,of 9 ratings,$3.50
ABEO,$4.73,1441743605199,"43,134",50% bullish,of 4 ratings,$15.50
ACTG,$9.1745,1441743605223,"295,006",67% bullish,of 3 ratings,$18.50
ACAD,$41.7,1441743605474,"679,784",80% bullish,of 20 ratings,$48
ARAY,$6.57,1441743605608,"367,485",100% bearish,of 1 rating,$10.50
ACHC,$73.9306,1441743605634,"261,120",50% bullish,of 2 ratings,$92
ACST,$0.3123,1441743605655,"21,438",100% bullish,of 2 ratings,N/A
ANCX,$20.27,1441743605688,"18,389",Not yet rated,NULL,$20
VXUP,$1.57,1441743605718,"32,375",100% bearish,of 1 rating,N/A
XLRN,$31.3,1441743605821,"134,038",50% bullish,of 2 ratings,$57
VXDN,$1.9,1441743605891,"10,422",100% bearish,of 1 rating,N/A
AXDX,$17.36,1441743605992,"146,280",100% bearish,of 1 rating,N/A
ACRX,$4.09,1441743606017,"552,374",67% bearish,of 6 ratings,$7
AKAO,$6.97,1441743606214,"44,623",75% bullish,of 4 ratings,$15
ACET,$22.91,1441743606239,"95,691",75% bullish,of 4 ratings,$30
ACHN,$7.9739,1441743606311,"4,038,631",90% bullish,of 21 ratings,$16
ACTS,$1.6,1441743606407,"14,264",100% bearish,of 1 rating,N/A
ACOR,$33.36,1441743606437,"201,306",67% bearish,of 3 ratings,$38.50
ACNB,$19.99,1441743606508,"2,220",Not yet rated,NULL,N/A
ACPW,$1.89,1441743606534,"37,736",100% bullish,of 4 ratings,$3.25
ACIW,$21.72,1441743606589,"208,762",67% bearish,of 3 ratings,$24
ATVI,$28.87,1441743606735,"5,938,768",67% bullish,of 84 ratings,$31.50
ACUR,$2.98,1441743606764,"9,592",100% bullish,of 5 ratings,$5
ACTA,$14.08,1441743606785,"65,164",67% bearish,of 3 ratings,$25
ACXM,$20.9,1441743606916,"146,444",67% bullish,of 3 ratings,N/A
ADMP,$3.64,1441743607238,"15,650",50% bullish,of 2 ratings,$10
ADAP,$11.21,1441743607321,"29,642",67% bullish,of 3 ratings,$22
AEY,$2.38,1441743607378,"1,188",100% bearish,of 2 ratings,N/A
ADEP,$7.79,1441743607410,"53,252",50% bullish,of 2 ratings,$10.75
ADMS,$19.5666,1441743607450,"58,456",100% bearish,of 2 ratings,$36
ADBE,$79.78,1441743607475,"1,597,369",61% bullish,of 18 ratings,$90
ADMA,$8.9,1441743607505,"9,265",Not yet rated,NULL,$19
ADUS,$29.4756,1441743607540,"42,038",100% bearish,of 1 rating,$31
ADRO,$19.24,1441743607875,"232,735",80% bullish,of 5 ratings,$45.50
ADTN,$15.5,1441743607958,"323,362",67% bullish,of 3 ratings,$17.125
ADXSW,$10.15,1441743607986,850,100% bullish,of 1 rating,N/A
ADXS,$13.8948,1441743608007,"453,975",64% bullish,of 14 ratings,$27
AMD,$1.88,1441743608043,"4,381,806",83% bullish,of 103 ratings,$2
AEIS,$24.7,1441743608136,"218,728",50% bullish,of 2 ratings,$32.50
MULT,NULL,1441743608161,0,100% bearish,of 1 rating,N/A
AEGR,$18.05,1441743608332,"237,785",50% bullish,of 6 ratings,$26
AEPI,$61.2015,1441743608405,"33,909",100% bearish,of 1 rating,N/A
AEHR,$2.28,1441743608436,260,50% bullish,of 2 ratings,N/A
AEGN,$18.12,1441743608471,"134,576",100% bearish,of 2 ratings,$21
YPRO,$22.96,1441743608498,"10,671",100% bearish,of 1 rating,N/A
AMTX,$3.05,1441743608542,"10,306",50% bullish,of 2 ratings,N/A
AERI,$16.43,1441743608569,"376,741",75% bullish,of 4 ratings,$31.50
AVAV,$20.57,1441743608739,"150,510",50% bullish,of 4 ratings,$28
AEZS,$0.0783,1441743608923,"10,092,802",90% bullish,of 21 ratings,$1.50
AEMD,$7.24,1441743608952,"84,501",Not yet rated,NULL,$27.50
AFMD,$10.47,1441743609032,"140,092",50% bullish,of 4 ratings,$15
AFFX,$9.4033,1441743609097,"436,017",80% bullish,of 5 ratings,$12.50
AGEN,$7.0531,1441743609126,"457,171",85% bullish,of 13 ratings,$14
AGRX,$8.71,1441743609158,"72,266",100% bearish,of 1 rating,$17.50
AGIO,$88.5564,1441743609262,"209,849",88% bullish,of 8 ratings,$114
AGYS,$9.56,1441743609317,"17,640",100% bearish,of 1 rating,N/A
AGFS,$10.3,1441743609393,"114,359",100% bearish,of 1 rating,N/A
AGFSW,$2.25,1441743609479,"11,400",100% bearish,of 2 ratings,N/A
AIMT,$22.82,1441743609556,"172,347",Not yet rated,NULL,$35.50
AIRM,$36.76,1441743609586,"218,613",80% bearish,of 5 ratings,$53
AIRT,$22.89,1441743609685,"3,045",100% bullish,of 1 rating,N/A
ATSG,$8.8683,1441743609815,"134,019",67% bullish,of 3 ratings,$13
AMCN,$4.63,1441743609903,"252,504",83% bullish,of 6 ratings,N/A
AKBA,$12,1441743610076,"258,346",100% bearish,of 1 rating,$18
AKRX,$39.92,1441743610150,"426,439",78% bullish,of 9 ratings,$56
AKER,$2.79,1441743610180,"3,630",Not yet rated,NULL,N/A
AIXG,$6.91,1441743610207,"32,190",67% bearish,of 3 ratings,$5.25
ALSK,$2.29,1441743610229,"97,856",78% bullish,of 18 ratings,$2
ALRM,$16.22,1441743610258,"130,828",100% bearish,of 1 rating,$22
AKAM,$74.28,1441743610279,"1,204,944",63% bullish,of 8 ratings,$77.50
AMRI,$20.65,1441743610492,"195,500",75% bearish,of 4 ratings,$24
ABDC,$12.87,1441743610522,"32,223",Not yet rated,NULL,$15
ALDR,$42.14,1441743610729,"306,436",67% bearish,of 3 ratings,$62
ADHD,$7.83,1441743610759,"115,834",50% bullish,of 4 ratings,$18
ALXN,$176.93,1441743610818,"1,049,741",88% bullish,of 8 ratings,$223.50
ALDX,$7.16,1441743610861,"14,150",100% bearish,of 1 rating,$14.50
ALCO,$41.92,1441743610892,"14,091",50% bullish,of 2 ratings,N/A
ALXA,$1.4,1441743611093,"58,990",83% bullish,of 6 ratings,$2.125
ALGT,$209.7149,1441743611120,"81,268",100% bearish,of 2 ratings,$235
ALKS,$67.2995,1441743611148,"705,186",67% bullish,of 3 ratings,$75
ALGN,$55.4,1441743611325,"402,000",100% bearish,of 2 ratings,$73
ALIM,$2.96,1441743611391,"113,119",80% bullish,of 5 ratings,$10
AFOP,$19.0815,1441743611604,"141,109",75% bullish,of 8 ratings,$21
AHGP,$35.81,1441743611631,"30,643",67% bullish,of 3 ratings,N/A
AIQ,$14.69,1441743611652,"10,543",67% bullish,of 3 ratings,N/A
ARLP,$25.07,1441743611688,"86,542",67% bearish,of 3 ratings,$32
ALLB,$23.33,1441743611709,320,Not yet rated,NULL,N/A
AHPI,$1.46,1441743611779,14,50% bullish,of 2 ratings,N/A
AMOT,$17.8895,1441743611968,"116,298",100% bearish,of 1 rating,N/A
ALLT,$5.16,1441743612015,"32,232",75% bullish,of 4 ratings,$6.25
ALQA,$4.45,1441743612098,"10,292",75% bullish,of 4 ratings,$8.50
AFAM,$45.32,1441743612155,"53,938",50% bullish,of 2 ratings,$44
AOSL,$8.31,1441743612207,"34,105",67% bullish,of 3 ratings,$9
ALNY,$102.2683,1441743612229,"525,485",67% bullish,of 3 ratings,$151.50
MDRX,$13.36,1441743612253,"2,390,480",60% bullish,of 5 ratings,$16
SMCP,$23.4,1441743612483,850,Not yet rated,NULL,N/A
ATEC,$0.522,1441743612519,"144,559",100% bullish,of 1 rating,$2
ALTR,$50.2,1441743612616,"4,016,220",67% bearish,of 6 ratings,$54
ASPS,$26.4986,1441743612649,"143,247",67% bullish,of 3 ratings,$46.50
AIMC,$23.75,1441743612680,"95,489",100% bearish,of 2 ratings,$28.50
AMRN,$2.38,1441743612706,"889,227",85% bullish,of 40 ratings,$8
AMAG,$61.3088,1441743612744,"397,315",100% bullish,of 2 ratings,$75
AMRK,$10.88,1441743612768,"51,354",50% bullish,of 2 ratings,$14
AMZN,$517.35,1441743613011,"2,182,039",81% bullish,of 269 ratings,$646
AMBC,$16.3783,1441743613036,"321,101",100% bearish,of 1 rating,$16.50
AMBA,$72.8,1441743613107,"1,777,667",71% bullish,of 14 ratings,$102.50
AMBCW,NULL,1441743613455,0,100% bearish,of 1 rating,N/A
EPAX,$2.71,1441743613482,"64,886",100% bearish,of 1 rating,N/A
AMCX,$74.54,1441743613504,"594,187",67% bullish,of 3 ratings,$87.50
AYA,$20.87,1441743613542,"12,821",100% bearish,of 1 rating,$40
DOX,$57.1028,1441743613634,"578,809",67% bearish,of 3 ratings,$60
AMDA,$0.415,1441743613661,"3,338,859",90% bullish,of 10 ratings,$1
ASBI,$23.15,1441743613718,"11,879",Not yet rated,NULL,N/A
AAL,$40.8,1441743614072,"6,625,769",93% bullish,of 88 ratings,$57
UHAL,$374.8,1441743614103,"22,696",100% bullish,of 2 ratings,$393.50
ATAX,$5.29,1441743614132,"71,644",100% bullish,of 1 rating,$6.50
AMOV,$17.95,1441743614157,"1,238",100% bearish,of 1 rating,N/A
AMED,$41.36,1441743614187,"200,145",100% bearish,of 1 rating,$42
AGNC,$19.09,1441743614215,"2,296,730",71% bullish,of 28 ratings,$22
AGNCB,$24.3,1441743614263,"7,154",Not yet rated,NULL,N/A
AGNCP,$25.4,1441743614345,"3,451",Not yet rated,NULL,N/A
MTGEP,$24.3899,1441743614512,"1,175",Not yet rated,NULL,N/A
MTGE,$15.21,1441743614539,"287,192",75% bullish,of 4 ratings,$19.50
ACAS,$13.9526,1441743614607,"1,350,233",60% bullish,of 5 ratings,$16.75
ACSF,$12.21,1441743614632,"8,694",100% bearish,of 1 rating,$15
ANCI,$1.22,1441743614766,"9,543",100% bearish,of 1 rating,N/A
AMNB,$23.26,1441743614832,"18,358",Not yet rated,NULL,$25.50
AETI,$3,1441743614928,"5,341",67% bearish,of 3 ratings,N/A
ANAT,$98.2739,1441743614971,"58,451",100% bullish,of 1 rating,N/A
ARII,$40.5426,1441743615013,"189,878",67% bearish,of 3 ratings,$45
AMIC,$9.76,1441743615040,306,100% bearish,of 1 rating,N/A
AMRB,$10.01,1441743615065,"4,421",Not yet rated,NULL,$11
APEI,$22.33,1441743615234,"43,819",100% bearish,of 1 rating,$25.50
ASEI,$38.96,1441743615368,"26,740",100% bearish,of 1 rating,$52.50
AMSWA,$9.1,1441743615396,"30,861",100% bearish,of 2 ratings,$10.75
AMSC,$5.2,1441743615435,"52,837",50% bullish,of 4 ratings,N/A
AMWD,$68.68,1441743615468,"101,074",50% bullish,of 2 ratings,$70
CRMT,$35.34,1441743615567,"15,294",100% bearish,of 1 rating,$38
ABCB,$27.6907,1441743615699,"71,703",Not yet rated,NULL,$31
AMSF,$47.19,1441743615730,"25,699",Not yet rated,NULL,$57.50
ASRV,$3.22,1441743615784,"4,292",100% bullish,of 2 ratings,N/A
ATLO,$23.24,1441743615840,"10,390",Not yet rated,NULL,N/A
ASRVP,NULL,1441743615866,0,Not yet rated,NULL,N/A
AMKR,$5.52,1441743615998,"827,252",100% bearish,of 2 ratings,$5
FOLD,$16.9454,1441743616028,"1,463,951",56% bullish,of 9 ratings,$21
AMGN,$152.8513,1441743616049,"3,116,438",89% bullish,of 19 ratings,$185
AMSG,$80.98,1441743616322,"260,791",100% bearish,of 1 rating,$85.50
AMPH,$14.1332,1441743616353,"170,626",50% bullish,of 2 ratings,$20
AMSGP,$140.55,1441743616374,147,Not yet rated,NULL,N/A
AMRS,$1.78,1441743616458,"144,239",70% bullish,of 10 ratings,N/A
AFSI,$58.7213,1441743616509,"317,081",60% bullish,of 5 ratings,$72
ASYS,$5.28,1441743616559,"23,066",67% bullish,of 3 ratings,$12
ANAC,$135.1985,1441743616604,"238,059",80% bullish,of 5 ratings,$180.50
ADI,$57.73,1441743616632,"2,444,426",75% bullish,of 4 ratings,$69
ANAD,$0.28,1441743616835,"457,482",100% bullish,of 2 ratings,$.50
ALOG,$82.57,1441743616922,"50,843",100% bearish,of 2 ratings,$100.50
ANCB,$21.77,1441743616975,"5,369",Not yet rated,NULL,$23
ANGI,$5.21,1441743617085,"305,928",64% bullish,of 11 ratings,$5.50
AMCF,NULL,1441743617109,0,NULL,NULL,NULL
ABCW,$42,1441743617140,"25,510",67% bullish,of 3 ratings,N/A
ANGO,$14.52,1441743617168,"49,295",67% bullish,of 3 ratings,$19
ANIP,$53.95,1441743617241,"87,289",89% bullish,of 19 ratings,$66
ANSS,$92.47,1441743617417,"249,085",100% bearish,of 1 rating,$100
ANIK,$36.47,1441743617447,"65,839",60% bullish,of 5 ratings,$51.25
ATRS,$1.82,1441743617473,"326,351",92% bullish,of 12 ratings,$4.50
ANTH,$7.4671,1441743617619,"412,366",80% bullish,of 10 ratings,$13
APOG,$54.121,1441743617652,"87,269",50% bullish,of 2 ratings,$67
ABAC,$0.79,1441743617678,"1,060",100% bearish,of 1 rating,N/A
APIC,$8,1441743617752,"118,868",100% bearish,of 1 rating,$19
ATNY,$2.39,1441743617883,"14,187",50% bullish,of 2 ratings,$3.75
APPF,$16.84,1441743617935,"54,065",50% bullish,of 2 ratings,$22
APOL,$11.44,1441743617964,"857,354",87% bearish,of 68 ratings,$14
AINV,$6.491,1441743618063,"646,300",50% bullish,of 4 ratings,$8
AAPL,$112.31,1441743618159,"34,358,411",86% bullish,of 2368 ratings,$150
APDNW,$1.5,1441743618191,"14,435",Not yet rated,NULL,N/A
ARCI,$1.18,1441743618217,"5,438",Not yet rated,NULL,N/A
APDN,$3.525,1441743618242,"41,933",Not yet rated,NULL,$9
AGTC,$16.96,1441743618431,"31,340",50% bullish,of 2 ratings,$33
AMAT,$15.727,1441743618456,"9,190,756",82% bullish,of 11 ratings,$23
AAOI,$21.66,1441743618715,"204,461",50% bullish,of 4 ratings,$26
AMCC,$5.8884,1441743618743,"344,986",80% bullish,of 5 ratings,$8
AREX,$2.58,1441743618764,"908,203",50% bullish,of 2 ratings,$3
APRI,$1.71,1441743618795,"181,562",83% bullish,of 6 ratings,$4.86
APTO,$5.38,1441743618927,"5,714",Not yet rated,NULL,$17
AUMAU,NULL,1441743619274,0,Not yet rated,NULL,N/A
AUMA,NULL,1441743619308,0,Not yet rated,NULL,N/A
AUMAW,NULL,1441743619349,0,Not yet rated,NULL,N/A
AQXP,$14.83,1441743619406,"159,353",67% bearish,of 3 ratings,$2
AQMS,$5.07,1441743619433,"13,856",Not yet rated,NULL,N/A
ARDM,$7.3,1441743619491,"1,134",100% bullish,of 1 rating,$26
ABUS,$7.0461,1441743619512,"211,974",86% bullish,of 14 ratings,$21.50
PETX,$17.7125,1441743619533,"150,452",100% bearish,of 2 ratings,$26
ARCW,$3.21,1441743619876,"21,254",100% bearish,of 2 ratings,$10.50
ABIO,$6.62,1441743619910,"119,142",50% bullish,of 2 ratings,$26.242
RKDA,$5.46,1441743619969,"27,042",100% bearish,of 2 ratings,$10
ARCB,$29.3237,1441743620003,"94,696",67% bearish,of 3 ratings,$39.50
ACAT,$25.19,1441743620028,"184,922",100% bearish,of 3 ratings,$33
ACGL,$69.65,1441743620164,"492,882",50% bullish,of 2 ratings,$72
ARDX,$20.46,1441743620296,"196,888",50% bullish,of 2 ratings,$24.50
ARNA,$2.76,1441743620326,"1,101,255",90% bullish,of 78 ratings,$5.50
AGII,$54.91,1441743620355,"63,463",Not yet rated,NULL,$59.50
ARGS,$6.22,1441743620380,"22,805",50% bullish,of 2 ratings,$19.50
ARCC,$15.55,1441743620416,"1,014,832",67% bearish,of 3 ratings,$17.75
AGIIL,$25.36,1441743620488,"5,758",Not yet rated,NULL,N/A
ARIS,$3.74,1441743620518,"14,901",Not yet rated,NULL,$4.50
ARIA,$7.97,1441743620594,"2,717,616",87% bullish,of 46 ratings,$9
ARKR,$25,1441743620741,"6,482",50% bullish,of 2 ratings,N/A
ARMH,$44.37,1441743620851,"1,117,539",54% bearish,of 13 ratings,$60
ARTX,$1.37,1441743620956,"83,733",88% bullish,of 16 ratings,$4.50
ARWA,NULL,1441743620982,0,Not yet rated,NULL,N/A
ARWAR,NULL,1441743621037,0,Not yet rated,NULL,N/A
ARWAW,NULL,1441743621187,0,Not yet rated,NULL,N/A
ARQL,$1.7,1441743621293,"98,135",75% bullish,of 4 ratings,$5
ARWAU,NULL,1441743621386,0,100% bullish,of 1 rating,N/A
ARRS,$26.73,1441743621426,"701,721",50% bullish,of 2 ratings,$38
ARRY,$5.87,1441743621455,"1,005,965",100% bullish,of 7 ratings,$10
ARWR,$5.48,1441743621587,"766,772",75% bullish,of 4 ratings,$10.50
AROW,$27.27,1441743621619,"10,014",Not yet rated,NULL,N/A
DWAT,$9.77,1441743621643,"8,710",100% bearish,of 1 rating,N/A
ARTW,$3.97,1441743621720,607,75% bearish,of 4 ratings,N/A
ARTNA,$21.62,1441743621823,"12,214",100% bearish,of 1 rating,$29
ASBB,$25.2,1441743621902,124,Not yet rated,NULL,N/A
ASND,$19.79,1441743622065,"20,288",50% bullish,of 2 ratings,$30
ASNA,$12.3,1441743622103,"2,401,089",50% bullish,of 2 ratings,$17.50
ASCMA,$28.51,1441743622201,"85,125",100% bearish,of 1 rating,$45
ASMI,NULL,1441743622229,0,NULL,NULL,NULL
APWC,$1.75,1441743622249,306,100% bearish,of 1 rating,N/A
ASTI,$0.2494,1441743622382,"3,066,534",83% bullish,of 6 ratings,$3
AZPN,$39.4274,1441743622410,"357,150",50% bullish,of 2 ratings,$42
ASML,$93.88,1441743622431,"407,910",50% bullish,of 4 ratings,$127
ASMB,$13.66,1441743622465,"34,905",67% bullish,of 3 ratings,N/A
ASFI,$8.7,1441743622600,"5,400",100% bullish,of 1 rating,N/A
ASTE,$37.99,1441743622626,"131,825",100% bearish,of 1 rating,$49
ALOT,$13.91,1441743622771,722,100% bearish,of 1 rating,N/A
ATRO,$50.49,1441743622977,"94,006",100% bearish,of 2 ratings,$80
ASTC,$2.3,1441743623004,"23,192",100% bullish,of 5 ratings,N/A
ASUR,$5.67,1441743623062,"6,656",50% bullish,of 2 ratings,$8
ATHN,$135.6602,1441743623095,"266,485",67% bearish,of 3 ratings,$153
ATRA,$43.76,1441743623149,"137,559",50% bullish,of 2 ratings,$68
ATAI,$2.31,1441743623193,"14,842",100% bearish,of 1 rating,N/A
AAPC,$10.1,1441743623220,400,Not yet rated,NULL,N/A
AFCB,NULL,1441743623278,0,Not yet rated,NULL,N/A
ATHX,$1.18,1441743623366,"134,078",89% bullish,of 9 ratings,$5
AAME,$3.53,1441743623600,"1,770",Not yet rated,NULL,N/A
ACFC,$5.57,1441743623644,"10,238",100% bearish,of 1 rating,$6.50
ATNI,$73.69,1441743623671,"39,252",100% bearish,of 1 rating,$69.50
AAWW,$38.86,1441743623701,"152,775",50% bullish,of 2 ratings,$65
ATLC,$3.85,1441743623800,"4,322",67% bullish,of 3 ratings,N/A
AFH,$16.11,1441743623827,"55,480",Not yet rated,NULL,$21.50
ATML,$8.08,1441743623965,"2,903,225",78% bullish,of 9 ratings,$9.50
ATOS,$0.88,1441743623997,"97,002",100% bullish,of 7 ratings,$7
ATRC,$24.34,1441743624065,"114,882",100% bullish,of 1 rating,$30
ATRI,$380.37,1441743624094,"5,766",Not yet rated,NULL,N/A
ATRM,$2.99,1441743624258,423,50% bullish,of 2 ratings,N/A
AUBN,$26.99,1441743624284,828,Not yet rated,NULL,N/A
ATTU,$13.33,1441743624363,"9,316",100% bearish,of 1 rating,$20.50
AUDC,$3.24,1441743624424,"28,850",80% bullish,of 5 ratings,$5
LIFE,$15.71,1441743624495,"32,597",86% bullish,of 7 ratings,$43
AUPH,$3.44,1441743624520,"10,481",100% bearish,of 1 rating,$8
EARS,$4.445,1441743624756,"69,010",100% bearish,of 2 ratings,$8.49
ADAT,$0.335,1441743624818,"259,791",100% bullish,of 2 ratings,N/A
ABTL,$19.19,1441743624845,"60,788",100% bullish,of 4 ratings,$20.25
ADSK,$46.81,1441743624884,"2,795,812",67% bullish,of 6 ratings,$66
ADP,$78.2,1441743624911,"1,381,430",100% bearish,of 1 rating,$88
AAVL,$10.529,1441743624980,"336,708",100% bearish,of 1 rating,$20
AVNU,$13,1441743625054,"8,576",Not yet rated,NULL,$14
AVGO,$129.16,1441743625112,"2,166,295",88% bullish,of 8 ratings,$165
AVNW,$1.22,1441743625215,"32,274",50% bullish,of 2 ratings,N/A
AVID,$8.6995,1441743625419,"203,929",100% bearish,of 1 rating,$20
AVGR,$15.93,1441743625445,"35,963",100% bearish,of 1 rating,$20
AVEO,$1.37,1441743625579,"329,716",75% bullish,of 8 ratings,$3
AWRE,$3.22,1441743625633,"7,427",67% bullish,of 3 ratings,N/A
AXPW,$1.86,1441743625660,"407,745",86% bullish,of 7 ratings,N/A
CAR,$43.5351,1441743625681,"847,747",67% bullish,of 6 ratings,$60
ACLS,$3.445,1441743625715,"1,351,468",67% bullish,of 6 ratings,$4.75
AXPWW,$0.95,1441743625736,45,Not yet rated,NULL,N/A
AXGN,$4.88,1441743625937,"69,277",Not yet rated,NULL,$5
BOSC,$2.29,1441743626043,"31,564",50% bullish,of 2 ratings,N/A
RILY,NULL,1441743626175,0,Not yet rated,NULL,N/A
BCOM,$19.52,1441743626202,109,100% bearish,of 1 rating,N/A
BEAV,$50,1441743626229,"396,683",67% bearish,of 3 ratings,$59
AXTI,$2.14,1441743626258,"20,758",50% bullish,of 2 ratings,$2.75
BIDU,$148.18,1441743626368,"2,785,903",81% bullish,of 88 ratings,$210
BCPC,$57.55,1441743626628,"61,388",100% bearish,of 1 rating,$75
BLDP,$1.35,1441743626688,"152,572",91% bullish,of 22 ratings,$2.50
BWINA,$22.88,1441743626713,291,Not yet rated,NULL,N/A
BANF,$60.88,1441743626760,"11,020",Not yet rated,NULL,$68
BWINB,$22.45,1441743626788,"13,103",Not yet rated,NULL,N/A
BKMU,$7.11,1441743626809,"69,142",Not yet rated,NULL,$8
BANFP,$26.859,1441743626960,110,Not yet rated,NULL,N/A
BOCH,$5.79,1441743627089,"14,189",Not yet rated,NULL,$6.50
BMRC,$48.67,1441743627152,"4,255",Not yet rated,NULL,$52
BKSC,$16.5,1441743627180,"12,298",Not yet rated,NULL,N/A
BOTJ,$10.95,1441743627202,"1,887",Not yet rated,NULL,N/A
BFIN,$12.14,1441743627254,"29,127",Not yet rated,NULL,$13
BWFG,$18.02,1441743627338,"7,605",100% bearish,of 1 rating,N/A
OZRK,$42.13,1441743627506,"313,477",67% bullish,of 3 ratings,$49.50
BZUN,$5.34,1441743627638,"71,648",50% bullish,of 2 ratings,$11.50
BANR,$44.77,1441743627663,"51,676",100% bullish,of 3 ratings,$50
TAPR,$33.44,1441743627868,365,100% bearish,of 1 rating,N/A
BHAC,NULL,1441743627918,0,Not yet rated,NULL,N/A
BHACR,NULL,1441743628046,0,Not yet rated,NULL,N/A
BHACU,NULL,1441743628077,0,Not yet rated,NULL,N/A
BBSI,$34.7912,1441743628099,"33,473",67% bearish,of 3 ratings,$62.50
BSET,$30.21,1441743628180,"44,876",100% bearish,of 1 rating,$35
BHACW,NULL,1441743628229,0,Not yet rated,NULL,N/A
BYBK,$5.14,1441743628322,"15,600",100% bearish,of 1 rating,N/A
BV,$5.09,1441743628349,"388,843",67% bullish,of 6 ratings,$8.75
BYLK,$12.89,1441743628378,"10,081",Not yet rated,NULL,$14
BBCN,$14.62,1441743628514,"288,222",100% bearish,of 1 rating,$16
BCBP,$11.54,1441743628564,561,Not yet rated,NULL,N/A
BDCV,$4.85,1441743628744,"5,039",100% bearish,of 1 rating,$10.19
BBGI,$4.19,1441743628812,"2,519",100% bearish,of 1 rating,N/A
BECN,$36.24,1441743628838,"265,839",50% bullish,of 2 ratings,$40
BSF,$8.79,1441743628877,"16,487",Not yet rated,NULL,N/A
BBBY,$63.33,1441743628972,"1,055,579",71% bullish,of 7 ratings,$75
BELFA,$15.34,1441743629004,"1,915",100% bearish,of 1 rating,N/A
BEBE,$1.19,1441743629029,"258,621",75% bullish,of 4 ratings,$2.125
BELFB,$18.38,1441743629054,"27,209",100% bearish,of 1 rating,N/A
BLPH,$4.29,1441743629103,"20,744",100% bearish,of 1 rating,$12.50
BLCM,$16.6982,1441743629247,"199,147",50% bullish,of 4 ratings,$40
BNCL,$12.72,1441743629307,"552,930",100% bullish,of 3 ratings,$12.50
BGMD,$0.64,1441743629488,"354,943",100% bullish,of 10 ratings,N/A
BNTC,$7.3,1441743629535,"4,211",100% bullish,of 1 rating,N/A
BNFT,$36.2257,1441743629563,"66,282",67% bullish,of 3 ratings,$46
BGCP,$8.9962,1441743629731,"1,037,335",88% bullish,of 8 ratings,$14
BIND,$4.95,1441743629769,"59,073",75% bullish,of 4 ratings,$13.50
BGFV,$11.51,1441743629818,"132,657",57% bullish,of 7 ratings,$12
ORPN,$5.66,1441743629845,"6,310",100% bullish,of 1 rating,$28.50
BCDA,NULL,1441743629866,0,Not yet rated,NULL,N/A
BASI,$1.63,1441743630002,425,Not yet rated,NULL,N/A
BIOC,$2.17,1441743630054,"319,634",83% bullish,of 6 ratings,$3.85
BCRX,$11.9957,1441743630182,"412,986",63% bullish,of 8 ratings,$18
BIOD,$0.75,1441743630268,"57,030",80% bullish,of 5 ratings,$4
BIIB,$308.75,1441743630293,"1,049,713",88% bullish,of 16 ratings,$400
BDSI,$6.66,1441743630319,"608,290",88% bullish,of 8 ratings,$17
BIOL,$1.56,1441743630546,"16,649",Not yet rated,NULL,N/A
BLRX,$1.735,1441743630618,"148,279",100% bullish,of 12 ratings,$5
BLFS,$2.37,1441743630647,"72,807",50% bullish,of 2 ratings,$4.75
BRLI,NULL,1441743630666,0,NULL,NULL,NULL
BMRN,$132.4904,1441743630696,"528,394",80% bullish,of 5 ratings,$160
BVXV,$4.11,1441743630729,"109,068",Not yet rated,NULL,N/A
BPTH,$1.15,1441743630798,"42,234",100% bullish,of 2 ratings,$5
BBC,$32.83,1441743631049,"12,691",Not yet rated,NULL,N/A
BVXVW,$0.88,1441743631080,"4,800",100% bearish,of 1 rating,N/A
BBP,$33.13,1441743631101,"5,297",Not yet rated,NULL,N/A
BSTC,$50.0351,1441743631180,"47,595",100% bearish,of 1 rating,$76
BIOS,$2.51,1441743631235,"530,361",71% bullish,of 7 ratings,$4
BOTA,$2.13,1441743631422,"24,129",88% bullish,of 8 ratings,N/A
BSPM,$0.64,1441743631451,"2,710",50% bullish,of 2 ratings,N/A
TECH,$94.37,1441743631490,"202,407",100% bullish,of 1 rating,$117
BITI,$17.175,1441743631515,"37,490",100% bullish,of 1 rating,$28
BEAT,$16.11,1441743631541,"565,191",67% bearish,of 3 ratings,$15
BDMS,$12.72,1441743631581,106,100% bearish,of 1 rating,N/A
BBOX,$14.6,1441743631674,"62,628",100% bearish,of 1 rating,N/A
BJRI,$45.79,1441743631699,"176,334",50% bullish,of 2 ratings,$55
BDE,$7.35,1441743631864,"59,288",50% bullish,of 2 ratings,$9
BBRY,$7.3957,1441743632001,"2,484,643",61% bullish,of 331 ratings,$9
BLKB,$58.3151,1441743632068,"95,229",100% bearish,of 2 ratings,$66
BKCC,$9.4805,1441743632198,"179,079",50% bullish,of 2 ratings,$10
ADRA,$26.66,1441743632225,"1,621",100% bearish,of 1 rating,N/A
HAWK,$40.3269,1441743632245,"308,678",91% bullish,of 11 ratings,$49
ADRD,$21.83,1441743632280,"3,437",100% bearish,of 1 rating,N/A
ADRU,$21.55,1441743632375,"1,908",100% bearish,of 1 rating,N/A
ADRE,$29.16,1441743632449,"6,324",100% bearish,of 1 rating,N/A
BCOR,$13.29,1441743632596,"178,035",57% bullish,of 7 ratings,$15
BLMN,$20.92,1441743632627,"515,969",83% bullish,of 6 ratings,$27.50
BLBD,$11.49,1441743632648,"18,244",Not yet rated,NULL,N/A
BUFF,$23.04,1441743632678,"963,848",77% bullish,of 13 ratings,$31.50
BBLU,$0.875,1441743632699,"84,301",100% bullish,of 2 ratings,$4.43
BHBK,$14.12,1441743632908,"26,114",100% bullish,of 1 rating,$14.50
NILE,$33.44,1441743632934,"46,284",50% bullish,of 2 ratings,$34
BPMC,$29.86,1441743633064,"51,061",50% bullish,of 2 ratings,$47.50
BKEP,$6.48,1441743633092,"16,665",100% bearish,of 1 rating,$8.50
BLUE,$135.5289,1441743633113,"585,638",71% bullish,of 7 ratings,$217.50
BKEPP,$7.81,1441743633141,"4,120",100% bearish,of 1 rating,N/A
BOBE,$46.16,1441743633290,"251,331",75% bullish,of 4 ratings,$57
BNCN,$21.55,1441743633340,"49,112",Not yet rated,NULL,$24
BOFI,$116.7024,1441743633377,"223,140",100% bullish,of 6 ratings,$144
BONA,$11.34,1441743633560,"116,591",75% bullish,of 4 ratings,$8.50
BOKF,$63.57,1441743633591,"100,044",100% bearish,of 1 rating,$69
BOJA,$21.13,1441743633648,"54,567",100% bullish,of 1 rating,$30
BAMM,$3.21,1441743633669,"3,036",60% bullish,of 5 ratings,N/A
WIFI,$7.7754,1441743633690,"203,024",50% bullish,of 2 ratings,$13.50
BNSO,$1.27,1441743633727,"2,163",100% bearish,of 1 rating,N/A
BPFH,$12.0044,1441743633869,"286,603",100% bearish,of 1 rating,$14
BPFHW,NULL,1441743634047,0,100% bearish,of 1 rating,N/A
EPAY,$26.58,1441743634073,"116,937",100% bearish,of 2 ratings,$30
BPFHP,$25.34,1441743634095,"4,100",100% bearish,of 1 rating,N/A
BDBD,$8.38,1441743634120,"377,011",60% bullish,of 5 ratings,$10
BCLI,$3.21,1441743634260,"67,121",80% bullish,of 5 ratings,$12
BBRG,$12.52,1441743634286,"48,432",67% bullish,of 3 ratings,$14.50
BDGE,$26.82,1441743634419,"22,741",Not yet rated,NULL,$31.75
BBEPP,$14.7,1441743634479,"33,867",50% bullish,of 2 ratings,N/A
BLIN,$1.57,1441743634504,"46,278",50% bullish,of 2 ratings,$2.20
BBEP,$2.78,1441743634547,"1,140,066",69% bullish,of 13 ratings,$5.625
BCOV,$5.18,1441743634575,"44,302",67% bullish,of 3 ratings,$10.20
BRID,$8.6,1441743634596,408,100% bearish,of 1 rating,N/A
BRCM,$52.45,1441743634642,"1,705,377",69% bullish,of 13 ratings,$56
BSFT,$32.7324,1441743634828,"116,224",57% bullish,of 7 ratings,$40.50
BYFC,$1.43,1441743634971,"1,770",50% bullish,of 2 ratings,N/A
BVSN,$6.05,1441743635028,"1,941",60% bearish,of 5 ratings,N/A
BRKL,$10.57,1441743635129,"211,504",100% bearish,of 1 rating,$12
BRCD,$10.3057,1441743635154,"1,617,682",92% bullish,of 13 ratings,$12
BWEN,$3.24,1441743635181,"24,310",75% bullish,of 4 ratings,$8
BRKS,$10.46,1441743635358,"96,101",67% bullish,of 3 ratings,$15.25
BMTC,$29.85,1441743635384,"120,440",Not yet rated,NULL,$34
BLMT,$21.23,1441743635450,"10,628",Not yet rated,NULL,N/A
BRKR,$18.0683,1441743635513,"525,966",100% bearish,of 2 ratings,$22
BSQR,$6.39,1441743635538,"115,230",67% bullish,of 3 ratings,N/A
BWLD,$201.7,1441743635594,"227,962",82% bullish,of 11 ratings,$205
BUR,$1.78,1441743635752,"8,251",100% bearish,of 1 rating,$8
BLDR,$15.6942,1441743635790,"896,653",67% bullish,of 3 ratings,$22
CFFI,$36.31,1441743635921,520,100% bearish,of 1 rating,N/A
CHRW,$68.6844,1441743635950,"1,076,909",Not yet rated,NULL,$72
CA,$28.08,1441743635978,"2,475,710",50% bullish,of 4 ratings,$33
CCMP,$42.78,1441743636056,"76,550",50% bullish,of 2 ratings,$59
CDZI,$7.9,1441743636160,"27,043",100% bearish,of 1 rating,N/A
CDNS,$20.85,1441743636191,"1,607,096",75% bullish,of 4 ratings,$22.50
CACQ,$7.28,1441743636296,"149,185",100% bearish,of 1 rating,$12.25
CZR,$9.6,1441743636390,"620,015",60% bearish,of 5 ratings,$10.50
PRSS,$4.29,1441743636428,"47,226",80% bullish,of 5 ratings,$4.50
CSTE,$40.1113,1441743636454,"236,749",50% bullish,of 2 ratings,$65
CLBS,$1.84,1441743636482,"113,042",79% bullish,of 14 ratings,$4
CHY,$10.99,1441743636612,"284,110",Not yet rated,NULL,N/A
CLMS,$9.85,1441743636701,"72,070",Not yet rated,NULL,$10.50
CHI,$10.29,1441743636807,"234,321",100% bearish,of 1 rating,N/A
CFGE,$10.52,1441743636848,16,Not yet rated,NULL,N/A
CCD,$19.26,1441743636943,"85,761",Not yet rated,NULL,N/A
CGO,$12,1441743637049,"15,494",100% bearish,of 1 rating,N/A
CHW,$7.43,1441743637075,"248,781",100% bearish,of 1 rating,N/A
CSQ,$9.71,1441743637101,"313,302",Not yet rated,NULL,N/A
CFNB,$13.23,1441743637312,3,100% bearish,of 1 rating,N/A
CAMP,$16.22,1441743637338,"197,927",88% bullish,of 8 ratings,$25
CVGW,$49.67,1441743637363,"98,779",50% bullish,of 2 ratings,$58
CALA,$6.44,1441743637419,"305,702",67% bullish,of 3 ratings,$19.50
CLMT,$25.83,1441743637548,"153,533",75% bullish,of 8 ratings,$31
CALD,$16.91,1441743637574,"421,077",100% bearish,of 1 rating,$21
CALM,$55.5397,1441743637648,"375,717",80% bullish,of 5 ratings,$63.50
CAMBU,NULL,1441743637786,0,100% bearish,of 1 rating,N/A
ABCD,$5.13,1441743637815,"72,084",83% bullish,of 6 ratings,N/A
CAMBW,$0.26,1441743637916,"191,976",Not yet rated,NULL,N/A
CAMB,$10.06,1441743638045,"23,450",Not yet rated,NULL,N/A
CAC,$40.53,1441743638075,"5,874",Not yet rated,NULL,N/A
CSIQ,$18.9,1441743638100,"902,828",86% bullish,of 28 ratings,$42.50
CAMT,$2.75,1441743638122,"26,235",73% bullish,of 11 ratings,$4
CPHC,$10.37,1441743638210,114,100% bearish,of 1 rating,N/A
CBNJ,$11.31,1441743638343,"71,011",100% bearish,of 1 rating,N/A
CGIX,$10.22,1441743638369,"27,478",67% bullish,of 3 ratings,$14.375
CBF,$31.2345,1441743638498,"58,068",Not yet rated,NULL,$32
CCBG,$15.12,1441743638528,"10,725",Not yet rated,NULL,$17.25
CPLA,$49.84,1441743638553,"68,548",67% bearish,of 3 ratings,$65
CPLP,$6.93,1441743638631,"151,034",71% bullish,of 7 ratings,$11
CSWC,$45.11,1441743638812,"12,495",Not yet rated,NULL,N/A
CFFN,$11.9393,1441743638840,"468,667",Not yet rated,NULL,$12.75
CPTA,$14.3,1441743638882,"43,214",100% bearish,of 1 rating,$18.25
CAPN,$2.53,1441743638985,"4,289,754",100% bullish,of 1 rating,$10.85
CARA,$19.29,1441743639089,"181,529",50% bullish,of 4 ratings,$25
CAPNW,$0.73,1441743639116,"17,021",Not yet rated,NULL,N/A
CPST,$0.3893,1441743639143,"325,318",95% bullish,of 22 ratings,$1.25
CAPR,$4.26,1441743639164,"11,001",Not yet rated,NULL,$12
CARB,$11.09,1441743639308,"35,934",75% bullish,of 4 ratings,$12
CBYL,$5.7,1441743639336,"25,202",100% bearish,of 1 rating,$20
CFNL,$22.5,1441743639413,"66,015",Not yet rated,NULL,$24
CRDC,$0.335,1441743639469,"88,889",100% bullish,of 1 rating,$1.25
CSII,$23.1857,1441743639571,"200,784",100% bearish,of 2 ratings,$42.125
CRME,$9.5,1441743639635,"12,113",89% bullish,of 9 ratings,$11.25
CATM,$34,1441743639662,"139,737",100% bearish,of 1 rating,$44
CDNA,$7.07,1441743639815,"5,543",100% bearish,of 1 rating,$9
CECO,$3.97,1441743639917,"471,508",67% bearish,of 3 ratings,$6
CKEC,$23,1441743639980,"151,735",50% bullish,of 2 ratings,$35.915
CLBH,$12.87,1441743640005,"6,100",Not yet rated,NULL,$16.50
CTRE,$11.01,1441743640033,"178,481",50% bullish,of 2 ratings,$13.50
CART,$5.44,1441743640061,"1,402",100% bearish,of 1 rating,N/A
CRZO,$36.82,1441743640086,"914,087",67% bearish,of 3 ratings,$54.50
TAST,$12.8591,1441743640384,"164,101",Not yet rated,NULL,$14.25
CARO,$15.22,1441743640517,"2,182",100% bearish,of 1 rating,$19
CRTN,$2.3,1441743640542,62,100% bearish,of 1 rating,N/A
CASM,$1.21,1441743640569,"11,087",100% bullish,of 1 rating,$3.50
CACB,$5.36,1441743640590,"40,920",Not yet rated,NULL,$5.50
CARV,$6.86,1441743640622,"9,422",50% bullish,of 2 ratings,N/A
CSCD,$15.85,1441743640719,"33,882",100% bullish,of 2 ratings,$17
CASY,$108.75,1441743640875,"265,209",50% bullish,of 2 ratings,$99.50
CWST,$6.65,1441743640968,"160,692",50% bullish,of 2 ratings,$7.25
CASI,$1.22,1441743641001,"37,382",100% bullish,of 1 rating,$3.50
CATB,$10.81,1441743641030,"26,282",100% bearish,of 1 rating,$28
CASS,$49.08,1441743641056,"13,515",100% bearish,of 1 rating,N/A
CATY,$29.76,1441743641085,"393,158",100% bearish,of 1 rating,$33.50
CPRX,$3.89,1441743641132,"273,157",71% bullish,of 7 ratings,$7
CATYW,NULL,1441743641221,0,100% bearish,of 1 rating,N/A
CVCO,$72.0842,1441743641415,"28,530",100% bearish,of 1 rating,N/A
CAVM,$71.6009,1441743641570,"358,723",67% bearish,of 3 ratings,$72
CBFV,$20.3,1441743641596,"4,937",Not yet rated,NULL,$25
CNLM,$9.99,1441743641617,"7,500",Not yet rated,NULL,N/A
CNLMW,$0.3,1441743641752,"1,900",Not yet rated,NULL,N/A
CNLMR,NULL,1441743641779,0,Not yet rated,NULL,N/A
CNLMU,NULL,1441743641808,0,100% bullish,of 1 rating,N/A
CDW,$40.0417,1441743641910,"1,028,556",75% bullish,of 4 ratings,$44
CBOE,$64.45,1441743642010,"395,724",Not yet rated,NULL,$63
CPXX,$2.48,1441743642059,"281,548",100% bullish,of 2 ratings,$7
CECE,$8.8,1441743642089,"236,393",50% bullish,of 2 ratings,$16
CDK,$49.96,1441743642120,"249,174",67% bearish,of 3 ratings,$50
CELG,$122.4,1441743642147,"3,191,370",92% bullish,of 13 ratings,$156
CELGZ,$1.8,1441743642220,"6,601",80% bullish,of 5 ratings,N/A
CLDN,$1.24,1441743642291,"192,614",63% bullish,of 8 ratings,$3
CLRB,$3.06,1441743642540,"2,936",100% bearish,of 1 rating,N/A
CLRBW,NULL,1441743642589,0,Not yet rated,NULL,N/A
CLLS,$32.58,1441743642615,"43,852",75% bullish,of 4 ratings,$51.50
CLDX,$14.5469,1441743642644,"494,334",89% bullish,of 9 ratings,$36
CLSN,$2.15,1441743642745,"122,547",80% bullish,of 10 ratings,$7.50
CBMG,$23.81,1441743642845,"43,516",50% bullish,of 2 ratings,N/A
CYAD,$44,1441743642871,"2,431",100% bullish,of 1 rating,$87.50
CLTX,$1.96,1441743642900,"61,436",100% bullish,of 2 ratings,N/A
CETV,$2.11,1441743643080,"60,257",67% bullish,of 3 ratings,$2.80
CETX,$2.57,1441743643106,"13,850",Not yet rated,NULL,$5.60
CEMP,$35.2939,1441743643127,"606,600",71% bullish,of 7 ratings,$52
CSFL,$14.12,1441743643162,"90,560",Not yet rated,NULL,$15
CFBK,$1.36,1441743643267,"3,006",Not yet rated,NULL,N/A
CENT,$14.57,1441743643346,"308,970",Not yet rated,NULL,$10
CVCY,$11.68,1441743643596,"1,052",Not yet rated,NULL,$12
CNBKA,$40.22,1441743643664,"2,942",50% bullish,of 2 ratings,N/A
CENTA,$14.99,1441743643693,"237,471",Not yet rated,NULL,N/A
CENX,$5.42,1441743643722,"1,180,170",67% bullish,of 6 ratings,$9
CNTY,$5.95,1441743643751,"72,564",80% bullish,of 5 ratings,$7.75
CPHD,$51.0265,1441743643791,"515,097",67% bearish,of 3 ratings,$66
CRNT,$1.37,1441743643853,"164,008",50% bullish,of 2 ratings,$2
CERE,$1.11,1441743643948,"138,797",88% bullish,of 8 ratings,N/A
CERN,$62.38,1441743644005,"1,623,764",67% bullish,of 3 ratings,$79
CERU,$4.4,1441743644092,"19,076",75% bullish,of 4 ratings,$14
KOOL,$0.64,1441743644151,"15,288",100% bullish,of 5 ratings,$7
CERS,$5.34,1441743644248,"538,220",75% bullish,of 4 ratings,$7
CYOU,$18.8473,1441743644275,"94,779",50% bullish,of 6 ratings,$24
CEVA,$19.44,1441743644301,"37,596",100% bearish,of 1 rating,$25
HOTR,$1.39,1441743644438,"165,625",100% bullish,of 2 ratings,$5
HOTRW,$0.15,1441743644477,"9,063",Not yet rated,NULL,N/A
CTHR,$1.24,1441743644605,"5,020",50% bullish,of 2 ratings,$2.50
CHTR,$185.1436,1441743644649,"595,062",67% bearish,of 3 ratings,$202
CHFN,$12.17,1441743644690,"15,803",Not yet rated,NULL,$14
GTLS,$23.31,1441743644739,"185,503",50% bullish,of 4 ratings,$40
CHKP,$77.8732,1441743644765,"581,040",50% bullish,of 4 ratings,$92
CHEK,$2.61,1441743644940,"6,628",Not yet rated,NULL,$7.75
CEMI,$4.16,1441743644971,"1,765",50% bullish,of 2 ratings,$7.50
CHEKW,NULL,1441743644997,0,Not yet rated,NULL,N/A
CHFC,$30.8536,1441743645215,"152,213",100% bearish,of 1 rating,$36
CCXI,$6.41,1441743645245,"74,245",67% bullish,of 3 ratings,$14
CHEV,$14.53,1441743645344,"12,251",Not yet rated,NULL,N/A
CHMG,$26.39,1441743645380,796,Not yet rated,NULL,$30
CBNK,$16.3,1441743645402,"4,910",100% bearish,of 1 rating,N/A
CHKE,$25.43,1441743645431,"17,163",100% bearish,of 1 rating,$32.50
CHMA,$28.51,1441743645480,"82,546",Not yet rated,NULL,$40
PLCE,$59.01,1441743645505,"174,042",100% bearish,of 1 rating,$69
CADC,NULL,1441743645722,0,78% bullish,of 9 ratings,N/A
CMRX,$52.23,1441743645779,"195,013",50% bullish,of 2 ratings,$57
CBAK,$2.07,1441743645885,"37,168",67% bullish,of 9 ratings,N/A
CALI,$0.811,1441743645912,"1,438",67% bullish,of 3 ratings,N/A
CBPO,$99.37,1441743645988,"100,397",75% bullish,of 8 ratings,$140.50
CAAS,$5.9,1441743646120,"18,450",93% bullish,of 14 ratings,$11.50
CCCR,$0.69,1441743646146,600,67% bearish,of 3 ratings,N/A
CCCL,$0.8743,1441743646167,"16,353",100% bullish,of 6 ratings,N/A
CHOP,$1.07,1441743646391,"2,693",50% bullish,of 2 ratings,N/A
HGSH,$1.81,1441743646422,"10,130",67% bullish,of 3 ratings,N/A
CHLN,$1.7,1441743646452,"8,376",67% bullish,of 3 ratings,N/A
JRJC,$3.55,1441743646476,"44,672",82% bullish,of 11 ratings,N/A
CNIT,$1.23,1441743646524,"194,318",67% bullish,of 6 ratings,N/A
CHNR,$1.72,1441743646611,"4,206",100% bearish,of 1 rating,N/A
CJJD,$1.84,1441743646642,"10,692",100% bullish,of 1 rating,N/A
HTHT,$25.7188,1441743646743,"65,708",50% bullish,of 2 ratings,$28.40
CREG,$0.64,1441743646894,"10,388",100% bullish,of 3 ratings,N/A
CPGI,$6.79,1441743646919,400,Not yet rated,NULL,N/A
CNTF,$0.7958,1441743647088,"16,189",Not yet rated,NULL,N/A
CNYD,$3.05,1441743647109,"13,100",67% bullish,of 3 ratings,N/A
CSUN,$1.33,1441743647143,"21,485",80% bullish,of 5 ratings,N/A
CNET,$0.83,1441743647164,"8,815",50% bullish,of 2 ratings,N/A
CXDC,$6.11,1441743647197,"27,930",67% bearish,of 3 ratings,N/A
CCIH,$7.7965,1441743647218,"106,626",67% bullish,of 6 ratings,$12.65
CHSCL,$27.2,1441743647346,"81,373",Not yet rated,NULL,N/A
IMOS,$19.48,1441743647374,"216,486",60% bullish,of 5 ratings,$21.50
CHSCO,$28.54,1441743647633,"6,680",Not yet rated,NULL,N/A
CHSCM,$26.3,1441743647663,"21,268",Not yet rated,NULL,N/A
CHSCP,$30.34,1441743647764,"17,281",Not yet rated,NULL,N/A
CHDN,$138.0945,1441743647824,"45,042",Not yet rated,NULL,$165
CHSCN,$26.99,1441743647854,"4,658",Not yet rated,NULL,N/A
CDTX,$15.04,1441743647893,"17,361",Not yet rated,NULL,$22
CHUY,$31.53,1441743647953,"87,172",50% bullish,of 2 ratings,$34
CIFC,$7.37,1441743647980,"9,555",100% bearish,of 1 rating,N/A
CMCT,$18.43,1441743648044,"24,314",100% bearish,of 1 rating,N/A
CMPR,$73.0383,1441743648120,"162,752",50% bullish,of 2 ratings,$72.50
CINF,$53.17,1441743648254,"994,782",50% bullish,of 4 ratings,$50.50
CTAS,$85.798,1441743648314,"396,884",100% bearish,of 1 rating,$91
CIDM,$0.586,1441743648342,"36,763",50% bullish,of 2 ratings,$2.10
CPHR,$5.19,1441743648383,"3,799",100% bearish,of 1 rating,$17
CSCO,$26.3,1441743648471,"15,346,674",83% bullish,of 210 ratings,$32
CRUS,$30.74,1441743648496,"587,561",75% bullish,of 12 ratings,$44.50
CTRN,$25.4455,1441743648691,"57,197",100% bearish,of 1 rating,$31.50
CZFC,$12.83,1441743648766,"5,312",Not yet rated,NULL,N/A
CZNC,$19.56,1441743648797,"10,183",Not yet rated,NULL,N/A
CZWI,$8.84,1441743648823,"7,377",Not yet rated,NULL,N/A
CHCO,$47.8,1441743648897,"35,182",Not yet rated,NULL,$46
CIZN,$19.58,1441743648962,133,Not yet rated,NULL,N/A
CIVB,$10.04,1441743648998,641,Not yet rated,NULL,$11
CTXS,$69.84,1441743649023,"1,746,210",86% bullish,of 7 ratings,$80
CIVBP,$32.2,1441743649203,125,Not yet rated,NULL,N/A
CDTI,$1.62,1441743649281,"24,038",75% bullish,of 4 ratings,$3.20
CLFD,$17.09,1441743649427,"29,481",67% bullish,of 3 ratings,$18
CLRO,$11.4,1441743649465,"4,482",50% bullish,of 2 ratings,$14.25
CLNE,$5.02,1441743649490,"627,981",80% bullish,of 15 ratings,$9
CLNT,$1.54,1441743649559,"1,316",75% bullish,of 8 ratings,N/A
CLIR,$5.25,1441743649586,"53,840",100% bullish,of 3 ratings,N/A
CBLI,$4.37,1441743649616,"30,313",60% bullish,of 5 ratings,N/A
CSBK,$13.82,1441743649651,"62,500",Not yet rated,NULL,N/A
CLVS,$83.8182,1441743649857,"335,330",60% bullish,of 5 ratings,$101.50
CMFN,$11.26,1441743649878,"10,771",100% bearish,of 1 rating,$15.50
CME,$93.8931,1441743649959,"840,553",67% bullish,of 3 ratings,$102
CCNE,$17.14,1441743650008,"9,379",50% bullish,of 2 ratings,$21.50
CISG,$7.9385,1441743650035,"50,453",100% bullish,of 5 ratings,$10
CNV,$4.33,1441743650056,"40,276",50% bullish,of 2 ratings,$7.15
CWAY,$11.15,1441743650199,"5,470",Not yet rated,NULL,N/A
COKE,$163.69,1441743650343,"21,379",79% bullish,of 19 ratings,N/A
COBZ,$12.9603,1441743650376,"46,482",100% bullish,of 1 rating,$14
CDRB,$9.63,1441743650477,"17,276",67% bullish,of 3 ratings,N/A
CDXS,$3.62,1441743650507,"13,225",64% bullish,of 11 ratings,$6
JVA,$4.89,1441743650535,"17,554",83% bullish,of 6 ratings,$7
CVLY,$20.83,1441743650564,100,Not yet rated,NULL,N/A
CCOI,$27.3639,1441743650608,"400,665",50% bullish,of 4 ratings,$35
CGNT,$1.46,1441743650742,"15,797",100% bullish,of 2 ratings,$2
CGNX,$36.12,1441743650848,"372,182",50% bullish,of 2 ratings,$47
CTSH,$62.9368,1441743651020,"2,263,401",90% bullish,of 10 ratings,$75
COHR,$56.22,1441743651059,"58,140",50% bullish,of 2 ratings,$72
CHRS,$25.7323,1441743651123,"169,948",67% bearish,of 3 ratings,$37
CLRX,$0.7101,1441743651194,"29,910",50% bullish,of 2 ratings,N/A
CLCT,$17.62,1441743651220,"20,890",100% bearish,of 1 rating,N/A
COHU,$9.53,1441743651258,"88,633",100% bearish,of 1 rating,$14.25
CIGI,$42.52,1441743651387,"19,367",100% bearish,of 1 rating,$52
COLL,$14.82,1441743651414,"83,132",100% bearish,of 1 rating,$26
CBAN,$8.89,1441743651435,"1,236",Not yet rated,NULL,N/A
COLB,$30.35,1441743651581,"101,098",Not yet rated,NULL,$36
CMCO,$19.11,1441743651679,"50,298",60% bullish,of 5 ratings,$28
COLM,$62.81,1441743651704,"80,919",100% bearish,of 1 rating,$71
CLCD,$6.41,1441743651730,"16,824",100% bearish,of 1 rating,$20.50
CBMX,$1.11,1441743651771,"24,652",83% bullish,of 6 ratings,$3.15
CMCSK,$57.96,1441743652010,"3,249,524",Not yet rated,NULL,$84
CMCSA,$56.7822,1441743652036,"7,823,004",66% bullish,of 35 ratings,$69.50
CUBN,$13.8,1441743652177,"4,300",Not yet rated,NULL,N/A
CBSHP,$25.5,1441743652210,"16,517",100% bearish,of 1 rating,N/A
CBSH,$44.67,1441743652231,"344,391",50% bullish,of 2 ratings,$46
CVGI,$4.96,1441743652266,"123,652",50% bullish,of 2 ratings,$6
COMM,$33.3058,1441743652290,"899,599",67% bearish,of 3 ratings,$35
CSAL,$20.21,1441743652324,"563,447",75% bullish,of 4 ratings,$30
JCS,$8.89,1441743652429,"1,360",67% bullish,of 3 ratings,N/A
CYHHZ,$0.012,1441743652608,"26,444",100% bullish,of 1 rating,N/A
CTBI,$35.18,1441743652634,"19,562",Not yet rated,NULL,$36
ESXB,$5.03,1441743652659,"3,360",Not yet rated,NULL,N/A
CWBC,$6.98,1441743652710,20,Not yet rated,NULL,N/A
CVLT,$35.97,1441743652861,"368,819",75% bullish,of 4 ratings,$44.50
COB,$10.72,1441743652890,"9,810",100% bullish,of 1 rating,$11.75
CIL,NULL,1441743652946,0,Not yet rated,NULL,N/A
CSA,NULL,1441743653016,0,Not yet rated,NULL,N/A
CIZ,$32.73,1441743653043,320,100% bearish,of 1 rating,N/A
CID,NULL,1441743653063,0,Not yet rated,NULL,N/A
CDC,$34.46,1441743653104,952,Not yet rated,NULL,N/A
CSF,NULL,1441743653236,0,100% bearish,of 1 rating,N/A
CFO,$35.55,1441743653275,"4,536",100% bearish,of 1 rating,N/A
CFA,NULL,1441743653363,0,100% bearish,of 1 rating,N/A
CDL,$33.48,1441743653461,"7,410",Not yet rated,NULL,N/A
CSB,NULL,1441743653536,0,Not yet rated,NULL,N/A
CGEN,$5.14,1441743653606,"162,025",50% bullish,of 2 ratings,$11
CTG,$6.63,1441743653691,"21,375",100% bearish,of 1 rating,$8.50
CPSI,$45.11,1441743653787,"56,141",100% bearish,of 1 rating,$45.50
SCOR,$47.9793,1441743653817,"291,412",100% bearish,of 1 rating,$66
CMTL,$26.32,1441743653848,"34,155",100% bearish,of 2 ratings,$37
CNSI,$18.47,1441743653871,"130,407",100% bearish,of 2 ratings,$29
CHCI,$0.67,1441743653954,"24,089",50% bullish,of 2 ratings,N/A
CNAT,$3.99,1441743654086,"78,291",83% bullish,of 6 ratings,$13
CNCE,$16.59,1441743654117,"258,065",75% bullish,of 4 ratings,$22
CXRX,$74.87,1441743654201,"29,737",100% bearish,of 1 rating,$90
CCUR,$5.29,1441743654226,"11,492",75% bullish,of 4 ratings,N/A
CDOR,$1.26,1441743654426,"3,944",100% bullish,of 1 rating,N/A
CDORO,NULL,1441743654467,0,100% bearish,of 1 rating,N/A
CFMS,$14,1441743654493,"235,162",100% bearish,of 1 rating,$26.50
CNFR,$10.01,1441743654627,"10,280",Not yet rated,NULL,N/A
CNMD,$51.87,1441743654698,"55,085",Not yet rated,NULL,$59
CTWS,$34.46,1441743654759,"17,732",100% bearish,of 1 rating,$44
CDORP,$6.3,1441743654797,"2,000",100% bearish,of 1 rating,N/A
CNOB,$19,1441743654826,"35,566",100% bullish,of 1 rating,$23.50
CNXR,$6.89,1441743655046,"69,251",100% bearish,of 1 rating,$12
CONN,$29.98,1441743655092,"621,278",67% bullish,of 3 ratings,$48.50
CNSL,$19.77,1441743655179,"135,946",100% bearish,of 1 rating,$23
CWCO,$10.63,1441743655203,"49,749",67% bullish,of 3 ratings,$14.50
CPSS,$5.47,1441743655371,"21,307",100% bullish,of 1 rating,$10
CTCT,$25.1027,1441743655429,"139,266",67% bullish,of 3 ratings,$37
CFRXW,NULL,1441743655527,0,100% bearish,of 1 rating,N/A
CFRX,$5.01,1441743655556,"21,147",Not yet rated,NULL,$14
CTRV,$3.46,1441743655660,"5,201",Not yet rated,NULL,$6.40
CTRL,$8.64,1441743655730,"113,038",50% bullish,of 2 ratings,$11
CFRXZ,NULL,1441743655763,0,Not yet rated,NULL,N/A
CRBP,$1.82,1441743655797,"101,795",100% bullish,of 2 ratings,$6.25
CORT,$4.96,1441743655860,"232,768",67% bullish,of 3 ratings,$12
CPRT,$35.35,1441743655933,"285,216",67% bearish,of 3 ratings,$40
BVA,$3.64,1441743656136,"2,932",50% bullish,of 2 ratings,N/A
CORI,$11.02,1441743656196,"41,027",100% bearish,of 1 rating,$18
CSOD,$37.74,1441743656231,"336,143",50% bullish,of 2 ratings,$42
CRVL,$31.64,1441743656268,"30,988",100% bearish,of 1 rating,N/A
CORE,$59.5022,1441743656295,"44,476",100% bearish,of 1 rating,$72
COSI,$1.16,1441743656322,"1,169,362",100% bullish,of 1 rating,N/A
CSGP,$179.43,1441743656454,"124,208",50% bullish,of 2 ratings,$235
COST,$141.43,1441743656481,"1,084,991",79% bullish,of 24 ratings,$154.50
CPAH,$0.4001,1441743656556,"4,300",50% bullish,of 2 ratings,N/A
ICBK,$18.83,1441743656643,"2,905",Not yet rated,NULL,$21
COVS,$2.52,1441743656697,"107,224",67% bullish,of 3 ratings,N/A
COWNL,NULL,1441743656833,0,Not yet rated,NULL,N/A
CVTI,$22.58,1441743656859,"123,275",67% bearish,of 3 ratings,$39
COWN,$5.0881,1441743656995,"839,982",75% bullish,of 4 ratings,$7
CPSH,$2.38,1441743657028,"15,272",Not yet rated,NULL,N/A
CRAI,$23.37,1441743657075,"21,276",100% bearish,of 1 rating,$36
BREW,$7.99,1441743657102,"17,467",67% bullish,of 6 ratings,$15
CBRL,$149.2,1441743657131,"114,630",50% bullish,of 2 ratings,$155
GLDI,$11,1441743657264,"14,212",100% bearish,of 1 rating,N/A
CACC,$200.437,1441743657290,"56,753",50% bullish,of 2 ratings,$158.50
CRAY,$21.4973,1441743657314,"182,799",83% bullish,of 6 ratings,$38.50
SLVO,$10.18,1441743657451,"8,703",100% bearish,of 1 rating,N/A
CREE,$27,1441743657476,"781,691",65% bullish,of 17 ratings,$29.50
CRESY,$10.3,1441743657613,"22,044",100% bearish,of 1 rating,$19
CRTO,$35.95,1441743657641,"983,439",67% bullish,of 6 ratings,$64
CROX,$13.97,1441743657686,"544,511",63% bullish,of 8 ratings,$16.50
CRDS,$1.21,1441743657827,"49,599",50% bullish,of 4 ratings,$3.375
CCRN,$14.52,1441743657852,"177,444",100% bearish,of 1 rating,$14.25
CRWS,$8.19,1441743657877,"18,909",Not yet rated,NULL,$10
CRWN,$5.28,1441743658054,"165,387",75% bullish,of 4 ratings,N/A
CYRXW,$0.78,1441743658181,"9,952",Not yet rated,NULL,N/A
CCLP,$13.8201,1441743658215,"54,918",67% bearish,of 3 ratings,$20
CYRX,$2.96,1441743658236,"46,936",Not yet rated,NULL,$9
CTCM,$1.725,1441743658311,"170,520",80% bearish,of 5 ratings,$3.90
CSGS,$30.04,1441743658371,"146,592",Not yet rated,NULL,$40
CSPI,$5.79,1441743658397,522,67% bullish,of 3 ratings,N/A
CTIC,$1.58,1441743658418,"483,228",84% bullish,of 76 ratings,$5.75
CTRP,$66.7081,1441743658627,"1,389,062",75% bullish,of 8 ratings,$92.50
CTIB,$3.72,1441743658705,"1,014",100% bearish,of 1 rating,N/A
CUNB,$21.96,1441743658773,"30,476",Not yet rated,NULL,$24.50
CPIX,$6.04,1441743658834,"6,826",Not yet rated,NULL,N/A
CRIS,$2.64,1441743658923,"187,782",100% bullish,of 8 ratings,$6
CUTR,$15.15,1441743658954,"26,081",67% bearish,of 3 ratings,$18
CUI,$5.31,1441743658980,"13,618",50% bullish,of 2 ratings,$10
CMLS,$1.29,1441743659009,"235,177",50% bullish,of 4 ratings,$6
CVBF,$16.55,1441743659114,"394,380",Not yet rated,NULL,$18
CYAN,$6.26,1441743659244,"4,205",100% bearish,of 1 rating,N/A
CYBR,$48.19,1441743659301,"906,566",75% bullish,of 8 ratings,$68.50
CVV,$11.53,1441743659340,"19,651",100% bullish,of 5 ratings,N/A
CYBX,$67.78,1441743659433,"332,363",50% bullish,of 4 ratings,$71.50
CYCCP,$5.5,1441743659519,"1,128",100% bearish,of 1 rating,N/A
CYBE,$6.74,1441743659650,"7,084",100% bearish,of 1 rating,N/A
CYCC,$0.59,1441743659680,"80,304",73% bullish,of 11 ratings,N/A
CYNA,$16.2,1441743659786,"5,654",50% bullish,of 2 ratings,$31.50
CYNO,$34.1177,1441743659839,"139,721",67% bearish,of 3 ratings,$45.50
CBAY,$2.94,1441743659861,"710,528",100% bullish,of 2 ratings,$4
CYRN,$1.79,1441743659943,"11,245",67% bullish,of 3 ratings,$4
CY,$10.41,1441743660076,"4,992,409",80% bullish,of 10 ratings,$15.50
CONE,$32.58,1441743660104,"237,956",67% bearish,of 3 ratings,$35.50
CYTK,$7.51,1441743660125,"312,044",71% bullish,of 14 ratings,$13.50
CYTX,$0.38,1441743660156,"2,170,318",83% bullish,of 12 ratings,$5.50
CYTR,$2.65,1441743660283,"589,989",67% bullish,of 6 ratings,$10
CTSO,$7.37,1441743660310,"31,174",Not yet rated,NULL,$15.625
DAEG,$0.37,1441743660364,"6,508",100% bearish,of 1 rating,N/A
TVIX,$13.91,1441743660519,"8,924,340",81% bullish,of 16 ratings,N/A
ZIV,$36.46,1441743660570,"76,322",Not yet rated,NULL,N/A
XIV,$24.75,1441743660597,"13,965,776",75% bearish,of 4 ratings,N/A
TVIZ,$22.44,1441743660745,"1,307",100% bearish,of 1 rating,N/A
DJCO,$196.82,1441743660771,"1,856",Not yet rated,NULL,N/A
DAKT,$8.53,1441743660919,"136,387",50% bullish,of 2 ratings,$12
DARA,$0.86,1441743660999,"18,025",83% bullish,of 6 ratings,$1.50
DTLK,$5.67,1441743661026,"75,916",100% bearish,of 1 rating,$9
DAIO,$2.6,1441743661057,"7,196",Not yet rated,NULL,N/A
DRAM,$1.4,1441743661203,"19,928",78% bullish,of 9 ratings,N/A
PLAY,$40.15,1441743661264,"530,884",83% bullish,of 6 ratings,$42
DWCH,$4.86,1441743661336,"31,331",75% bullish,of 4 ratings,$8.25
DTEA,$13.4201,1441743661394,"154,693",100% bearish,of 2 ratings,$24
DWSN,$4.4,1441743661467,"6,860",67% bullish,of 3 ratings,N/A
DBVT,$37.3747,1441743661618,"84,425",100% bearish,of 1 rating,$53
TRAK,$62.87,1441743661644,"256,917",50% bullish,of 2 ratings,$62.50
TACO,$14.2081,1441743661779,"569,928",75% bullish,of 4 ratings,$20
DFRG,$13.9493,1441743661844,"281,438",100% bearish,of 1 rating,$20
DCTH,$0.504,1441743661908,"680,727",78% bullish,of 9 ratings,N/A
DHRM,$1.59,1441743661989,"3,790",Not yet rated,NULL,N/A
DGAS,$20.37,1441743662017,"2,919",67% bearish,of 3 ratings,N/A
TACOW,$5.1,1441743662045,"51,225",100% bullish,of 1 rating,N/A
DELTW,$0.17,1441743662176,"3,000",Not yet rated,NULL,N/A
DELT,$2.4,1441743662248,"6,924",Not yet rated,NULL,N/A
DENN,$11.38,1441743662379,"262,390",100% bullish,of 3 ratings,$15
DEPO,$27.48,1441743662425,"983,850",60% bullish,of 5 ratings,$29
XRAY,$52.41,1441743662450,"461,859",100% bullish,of 1 rating,$58
DERM,$26.6072,1441743662595,"68,242",100% bearish,of 1 rating,$33.50
DSCI,$6.2765,1441743662620,"37,485",50% bullish,of 2 ratings,$16
DEST,$10.35,1441743662668,"46,303",50% bullish,of 2 ratings,N/A
DXLG,$6.5294,1441743662822,"96,072",100% bearish,of 1 rating,$8
DSWL,$1.53,1441743662850,"6,973",100% bullish,of 1 rating,N/A
DXM,$0.43,1441743662871,"1,716,059",50% bullish,of 2 ratings,N/A
DXCM,$90.5038,1441743662904,"607,885",57% bullish,of 7 ratings,$98
DHIL,$191.3,1441743663036,"3,880",100% bearish,of 1 rating,N/A
DHXM,$6.37,1441743663068,"3,400",100% bearish,of 1 rating,N/A
DMND,$30.87,1441743663608,"88,010",75% bullish,of 12 ratings,$32
DRNA,$11.19,1441743663651,"96,032",67% bearish,of 3 ratings,$25
FANG,$67.31,1441743663681,"440,337",50% bullish,of 2 ratings,$86
DGII,$10.29,1441743663710,"73,761",100% bearish,of 1 rating,$11
DCIX,$1.56,1441743663735,"38,716",50% bullish,of 4 ratings,$3.50
DRAD,$3.85,1441743663779,"15,283",100% bullish,of 1 rating,$5.25
DMRC,$38.96,1441743663807,"53,643",100% bearish,of 1 rating,$44
DGLY,$7.26,1441743663994,"78,094",50% bullish,of 6 ratings,$20
DCOM,$16.86,1441743664312,"63,993",100% bearish,of 2 ratings,$16
APPS,$2.13,1441743664343,"158,279",100% bearish,of 1 rating,$10.25
DIOD,$23.37,1441743664405,"252,032",75% bearish,of 4 ratings,$28
DISCB,$27.35,1441743664433,300,100% bearish,of 1 rating,$35
DISCA,$27.3778,1441743664462,"1,978,744",67% bullish,of 3 ratings,$34
DPRX,$14.19,1441743664568,"16,861",100% bullish,of 2 ratings,$27.75
DISCK,$25.81,1441743664593,"1,054,354",100% bearish,of 1 rating,$32
DISH,$60.55,1441743664838,"635,071",69% bullish,of 13 ratings,$73
DLHC,$2.58,1441743664865,190,100% bearish,of 1 rating,N/A
DSCO,$0.425,1441743664893,"70,753",83% bullish,of 6 ratings,$2.75
BAGR,$2.76,1441743664919,"12,064",100% bearish,of 1 rating,$6
DVCR,$10.87,1441743664944,"4,740",100% bullish,of 1 rating,N/A
DNBF,$26.26,1441743665078,710,Not yet rated,NULL,$27.50
DLTR,$68.79,1441743665118,"2,631,296",82% bullish,of 11 ratings,$85
DGICA,$13.77,1441743665259,"34,668",100% bearish,of 1 rating,$17
DGICB,NULL,1441743665358,0,100% bearish,of 1 rating,N/A
DORM,$50.4,1441743665385,"121,392",100% bearish,of 1 rating,$56
DMLP,$15.02,1441743665413,"25,205",100% bearish,of 1 rating,N/A
HILL,$9.68,1441743665517,"862,174",60% bearish,of 5 ratings,$9.75
DRWI,$0.171,1441743665595,"552,234",60% bullish,of 5 ratings,$.45
DRWIW,$0.045,1441743665644,"16,600",Not yet rated,NULL,N/A
DWA,$21.2,1441743665884,"363,223",63% bullish,of 8 ratings,$26
DSKX,$3.38,1441743665919,"63,389",100% bullish,of 1 rating,N/A
DRYS,$0.4515,1441743665967,"1,441,454",77% bullish,of 31 ratings,$.60
DSPG,$8.96,1441743665994,"25,352",100% bearish,of 1 rating,$13.50
CADT,$10,1441743666024,200,Not yet rated,NULL,N/A
CADTR,NULL,1441743666123,0,Not yet rated,NULL,N/A
CADTU,$10.26,1441743666354,402,Not yet rated,NULL,N/A
DTSI,$27.1991,1441743666379,"72,923",100% bearish,of 2 ratings,$39.50
CADTW,NULL,1441743666433,0,Not yet rated,NULL,N/A
DNKN,$49.44,1441743666512,"404,287",67% bullish,of 15 ratings,$56.50
DXPE,$30.31,1441743666588,"97,664",50% bullish,of 2 ratings,N/A
DRRX,$2.18,1441743666616,"165,690",50% bullish,of 6 ratings,$3
DYAX,$22.5999,1441743666747,"513,968",89% bullish,of 9 ratings,$30
BOOM,$9.96,1441743666883,"69,341",67% bullish,of 3 ratings,$12
DVAX,$29.4197,1441743667012,"199,221",70% bullish,of 10 ratings,$40
DYSL,$1.5,1441743667039,"15,784",100% bullish,of 2 ratings,N/A
ETFC,$27.27,1441743667060,"3,419,451",57% bullish,of 14 ratings,$32.50
DYNT,$3.08,1441743667093,318,75% bullish,of 4 ratings,N/A
EGBN,$42.1206,1441743667239,"66,656",Not yet rated,NULL,$48
EBMT,$11.67,1441743667310,"4,639",Not yet rated,NULL,$13.50
EGLE,$6.67,1441743667455,"23,716",60% bullish,of 5 ratings,N/A
EGRX,$83.1001,1441743667584,"212,159",67% bullish,of 3 ratings,$97
EROC,$1.49,1441743667613,"114,451",50% bullish,of 2 ratings,$3
ELNK,$8.65,1441743667659,"284,837",60% bullish,of 5 ratings,$9.50
EACQU,$10.15,1441743667718,"15,276",Not yet rated,NULL,N/A
EWBC,$39.94,1441743667798,"587,682",100% bearish,of 1 rating,$50
EML,$15.97,1441743667934,"1,246",Not yet rated,NULL,N/A
EVBS,$6.75,1441743667989,"20,103",Not yet rated,NULL,$7
ECTE,$1.48,1441743668283,"2,212",75% bullish,of 4 ratings,N/A
SATS,$44.16,1441743668318,"46,103",50% bullish,of 2 ratings,$60
ECHO,$23.56,1441743668339,"231,040",67% bearish,of 3 ratings,$34.50
EBAY,$26.335,1441743668360,"9,558,617",81% bullish,of 117 ratings,$33
ELON,$0.58,1441743668395,"64,092",50% bullish,of 2 ratings,N/A
EEI,$11.97,1441743668422,"2,454",67% bearish,of 3 ratings,N/A
ECACU,$10.1,1441743668553,"95,590",Not yet rated,NULL,N/A
EBIX,$28.48,1441743668698,"230,372",69% bullish,of 13 ratings,$40
ESES,$3.39,1441743668802,"5,082",100% bearish,of 1 rating,$7
EDAP,$3.65,1441743668840,"19,196",60% bullish,of 5 ratings,$4.50
EDGW,$7.2,1441743668865,"1,275",100% bearish,of 1 rating,N/A
EDUC,$7,1441743668903,"27,433",100% bearish,of 1 rating,N/A
EFUT,$4.61,1441743668995,"2,859",Not yet rated,NULL,N/A
EGAN,$4.04,1441743669088,"20,937",50% bullish,of 2 ratings,$6.25
EGLT,$13.49,1441743669129,"48,714",50% bullish,of 2 ratings,$21
EHTH,$14.54,1441743669230,"100,074",50% bullish,of 4 ratings,$17
EMITF,$1.26,1441743669290,"63,908",75% bullish,of 4 ratings,N/A
LOCO,$12.5352,1441743669320,"372,010",69% bullish,of 13 ratings,$19.50
ELRC,$10.51,1441743669349,"26,822",100% bearish,of 1 rating,N/A
ESLT,$79.73,1441743669374,"8,063",67% bullish,of 3 ratings,N/A
ERI,$9.35,1441743669423,"75,584",100% bearish,of 1 rating,$10
EA,$68.5,1441743669718,"2,036,309",78% bullish,of 36 ratings,$80
ELSE,$3.95,1441743669809,"1,098",60% bullish,of 5 ratings,N/A
ELECU,$10.05,1441743669865,"4,700",Not yet rated,NULL,N/A
EFII,$44.19,1441743669901,"123,572",80% bullish,of 5 ratings,$55
ELEC,NULL,1441743669948,0,Not yet rated,NULL,N/A
ELECW,NULL,1441743669998,0,Not yet rated,NULL,N/A
ESIO,$4.65,1441743670023,"39,050",50% bullish,of 2 ratings,$10
RDEN,$11.33,1441743670155,"54,251",100% bearish,of 4 ratings,$15
EBIO,$3.34,1441743670208,"104,702",100% bearish,of 2 ratings,$8.35
CAPX,NULL,1441743670336,0,Not yet rated,NULL,N/A
ESBK,$19.63,1441743670363,808,Not yet rated,NULL,N/A
LONG,$16.95,1441743670391,"7,360",67% bullish,of 3 ratings,$15.75
ELTK,$1.27,1441743670418,"35,667",67% bearish,of 3 ratings,N/A
EMCI,$22.41,1441743670574,"13,934",Not yet rated,NULL,N/A
EMCF,$23,1441743670621,212,100% bearish,of 1 rating,N/A
EMKR,$6.9,1441743670753,"122,891",75% bullish,of 4 ratings,$8.50
NYNY,$4.77,1441743670851,"49,391",50% bullish,of 2 ratings,N/A
EMMSP,NULL,1441743670876,0,100% bearish,of 1 rating,N/A
EMMS,$1.31,1441743670897,"33,713",67% bullish,of 6 ratings,N/A
ERS,$3.49,1441743671043,"1,874",Not yet rated,NULL,N/A
ENTA,$40.42,1441743671085,"184,102",50% bullish,of 2 ratings,$42
WIRE,$33.31,1441743671171,"81,434",100% bearish,of 1 rating,$37
ECPG,$37.39,1441743671208,"149,624",100% bullish,of 2 ratings,$52
ENDP,$76.2222,1441743671233,"1,131,472",50% bullish,of 6 ratings,$101.50
EIGI,$14.8762,1441743671306,"224,596",67% bearish,of 3 ratings,$22.50
ECYT,$5.1731,1441743671333,"229,372",83% bullish,of 6 ratings,$12
ELGX,$13.2293,1441743671364,"363,777",75% bullish,of 4 ratings,$17
WATT,$6.88,1441743671498,"28,233",50% bullish,of 2 ratings,$13
EFOI,$26.65,1441743671554,"1,329,613",67% bullish,of 3 ratings,$24.50
EXXI,$1.73,1441743671751,"960,273",86% bullish,of 7 ratings,$3.50
ERII,$2.56,1441743671777,"30,316",80% bullish,of 5 ratings,$2.50
ENOC,$9.0653,1441743671923,"182,197",75% bullish,of 4 ratings,$18
ENG,$1.04,1441743671969,"4,488",100% bullish,of 3 ratings,N/A
ENPH,$4.6,1441743671994,"406,519",75% bullish,of 4 ratings,$10
ESGR,$151.02,1441743672053,"32,241",100% bearish,of 1 rating,$185
ENTL,$22.81,1441743672153,"27,280",Not yet rated,NULL,$28
ENTG,$13.6758,1441743672179,"514,574",100% bearish,of 1 rating,$18
ENFC,$17.65,1441743672207,344,Not yet rated,NULL,N/A
EBTC,$21.5,1441743672235,"5,188",Not yet rated,NULL,N/A
EFSC,$23.74,1441743672418,"24,460",Not yet rated,NULL,$27
EGT,$1.91,1441743672492,"14,559",100% bullish,of 1 rating,N/A
ETRM,$0.275,1441743672517,"1,215,518",69% bearish,of 35 ratings,$1.625
ENVI,$1.94,1441743672559,"156,525",67% bullish,of 3 ratings,N/A
ENZN,$1.02,1441743672700,"100,739",100% bullish,of 9 ratings,N/A
ENZY,$10.49,1441743672832,"189,669",67% bullish,of 3 ratings,$9.50
EPZM,$20.0715,1441743672867,"236,014",60% bullish,of 5 ratings,$34
EQIX,$279.28,1441743672889,"648,239",75% bullish,of 4 ratings,$312.50
EPRS,$5.55,1441743672923,"29,071",82% bullish,of 11 ratings,$15
PLUS,$75.46,1441743672944,"31,836",50% bullish,of 2 ratings,$88
EPIQ,$12.52,1441743672973,"52,947",100% bearish,of 1 rating,$18
EQFN,$8.31,1441743673004,"5,278",100% bearish,of 1 rating,N/A
ERIC,$9.81,1441743673193,"1,149,082",67% bullish,of 9 ratings,$12.20
EAC,$3.44,1441743673218,"7,548",100% bearish,of 1 rating,$8
ESCA,$18.16,1441743673423,"10,350",100% bearish,of 1 rating,$22
ERIE,$80.69,1441743673576,"24,004",Not yet rated,NULL,$73
ESMC,$1.3,1441743673888,"2,128",Not yet rated,NULL,N/A
ESCRP,$1.36,1441743673924,"69,162",100% bearish,of 1 rating,N/A
ESCR,$0.36,1441743673961,"623,674",50% bullish,of 2 ratings,N/A
ESSX,$0.47,1441743674020,"25,837",50% bullish,of 2 ratings,N/A
EPIX,$6.07,1441743674044,"1,350",Not yet rated,NULL,N/A
ESSA,$12.88,1441743674079,"2,189",100% bearish,of 1 rating,N/A
ESND,$33.89,1441743674100,"92,456",100% bearish,of 2 ratings,$40
ESPR,$46.44,1441743674121,"284,737",70% bearish,of 10 ratings,$115
CLWT,$2.5599,1441743674307,200,100% bearish,of 1 rating,N/A
ETSY,$14.36,1441743674333,"174,035",80% bullish,of 5 ratings,$16
EVK,$3.65,1441743674592,48,75% bearish,of 4 ratings,N/A
EEFT,$68.48,1441743674617,"126,356",100% bearish,of 1 rating,$67.50
EVEP,$8.07,1441743674762,"145,486",50% bullish,of 2 ratings,$14
EVLV,$2.54,1441743674895,"271,132",60% bullish,of 5 ratings,$4.625
EVOL,$5.42,1441743674929,"26,919",75% bullish,of 4 ratings,$10
EXA,$10.23,1441743674950,"26,226",100% bearish,of 1 rating,$13
ESEA,$4.45,1441743674982,"1,091",100% bullish,of 1 rating,$15
EVOK,$3.48,1441743675010,"14,092",100% bearish,of 1 rating,$13.375
EXAS,$20.8042,1441743675039,"778,230",78% bullish,of 9 ratings,$31
EXAC,$18.89,1441743675141,"18,277",100% bearish,of 1 rating,$22.50
EXEL,$5.8743,1441743675304,"3,491,306",81% bullish,of 16 ratings,$6
EXPE,$114.46,1441743675330,"555,547",64% bullish,of 11 ratings,$130
EXFO,$3.06,1441743675373,"3,075",67% bearish,of 3 ratings,$3.95
EXLS,$37.46,1441743675459,"81,948",50% bullish,of 2 ratings,$41
EXPD,$48.86,1441743675488,"1,547,067",80% bullish,of 5 ratings,$52
EXPO,$43.35,1441743675591,"68,162",100% bearish,of 1 rating,$45.50
ESRX,$84.51,1441743675793,"2,786,069",67% bearish,of 6 ratings,$101
EXLP,$18.32,1441743675819,"69,222",100% bearish,of 1 rating,$25
EXTR,$3.18,1441743675842,"638,839",80% bullish,of 5 ratings,$3
EYEGW,$1,1441743675870,"2,850",Not yet rated,NULL,N/A
EZCH,$23.3558,1441743675900,"100,534",75% bullish,of 8 ratings,$19
EZPW,$6.1,1441743676055,"160,492",50% bullish,of 4 ratings,$7
FFIV,$121.71,1441743676112,"299,001",63% bullish,of 8 ratings,$132
EYEG,$4.39,1441743676190,"51,963",Not yet rated,NULL,N/A
FB,$89.4,1441743676219,"17,139,087",74% bullish,of 1078 ratings,$111
FCS,$14.04,1441743676348,"989,642",67% bearish,of 3 ratings,$17
FRP,$15.49,1441743676527,"76,277",100% bearish,of 1 rating,$18
FALC,$1.77,1441743676553,"26,321",63% bearish,of 8 ratings,N/A
FWM,$2.26,1441743676583,"121,199",100% bearish,of 2 ratings,$3.20
FFKT,$25.86,1441743676619,"6,654",Not yet rated,NULL,$29
FARM,$22.14,1441743676644,"23,624",100% bearish,of 1 rating,$35
DAVE,$14.95,1441743676685,"12,045",100% bearish,of 1 rating,$15.50
FAST,$38.84,1441743676784,"1,626,615",80% bullish,of 5 ratings,$43
FMNB,$8.32,1441743676871,"17,071",Not yet rated,NULL,N/A
FATE,$6.32,1441743677061,"15,595",50% bullish,of 2 ratings,$11
FARO,$37.53,1441743677086,"61,696",50% bullish,of 2 ratings,$48
FBRC,$22.11,1441743677230,"16,328",100% bearish,of 1 rating,$29
FBSS,$15.63,1441743677259,2,Not yet rated,NULL,N/A
FNHC,$21.748,1441743677316,"43,955",100% bearish,of 1 rating,$35
FEIC,$76.26,1441743677344,"167,048",50% bullish,of 2 ratings,$95.50
FDML,$8.28,1441743677369,"232,961",50% bullish,of 4 ratings,$14
FHCO,$1.41,1441743677524,"19,276",50% bullish,of 4 ratings,N/A
FCSC,$6,1441743677550,"95,196",100% bearish,of 1 rating,$8.125
FGEN,$26.24,1441743677697,"619,504",100% bearish,of 1 rating,$39
ONEQ,$189.14,1441743677725,"12,968",100% bullish,of 1 rating,N/A
FDUS,$14.49,1441743677752,"19,031",50% bullish,of 2 ratings,$18
FENX,$9.68,1441743677776,"66,093",100% bullish,of 1 rating,$14.25
LION,$19.9932,1441743677881,"56,844",100% bullish,of 1 rating,$20
FSAM,$7.69,1441743677977,"36,477",100% bearish,of 1 rating,$10.25
FRGI,$52.293,1441743678033,"45,243",50% bullish,of 2 ratings,$70
FSCFL,$24.63,1441743678108,"4,618",Not yet rated,NULL,N/A
FSC,$6.54,1441743678140,"621,321",60% bullish,of 5 ratings,$8
FITB,$19.81,1441743678247,"2,625,450",54% bullish,of 13 ratings,$22
FITBI,$27.5,1441743678272,"65,406",Not yet rated,NULL,N/A
FSFR,$8.84,1441743678299,"56,654",100% bearish,of 1 rating,$11.50
FNSR,$15.3452,1441743678535,"509,843",71% bullish,of 7 ratings,$24
FNJN,$1.7,1441743678562,"6,097",100% bearish,of 1 rating,$5
FNGN,$29.94,1441743678595,"245,085",67% bullish,of 3 ratings,$47
FISI,$24.52,1441743678616,"13,569",100% bullish,of 2 ratings,$24.50
FNTC,NULL,1441743678697,0,Not yet rated,NULL,N/A
FEYE,$38.0697,1441743678747,"2,218,193",88% bullish,of 16 ratings,$55.50
FNTCW,NULL,1441743678879,0,Not yet rated,NULL,N/A
FNTCU,NULL,1441743678904,0,Not yet rated,NULL,N/A
FBNC,$16.98,1441743679030,"19,632",100% bullish,of 1 rating,$20
BUSE,$19.37,1441743679132,"79,907",Not yet rated,NULL,$6.875
FNLC,$18.75,1441743679239,"7,880",100% bullish,of 1 rating,N/A
FRBA,$6.14,1441743679268,"2,890",Not yet rated,NULL,$8
FCAP,$26.26,1441743679335,"1,916",Not yet rated,NULL,N/A
FCVA,$4.75,1441743679362,254,Not yet rated,NULL,N/A
FBIZ,$23,1441743679399,"27,263",100% bearish,of 2 ratings,$26
FCFS,$39.44,1441743679550,"44,797",100% bearish,of 3 ratings,$47
FCNCA,$231.655,1441743679575,"9,821",Not yet rated,NULL,N/A
FCLF,$9.34,1441743679709,252,Not yet rated,NULL,N/A
FCBC,$17.57,1441743679738,"23,476",Not yet rated,NULL,$18
FCCO,$12.23,1441743679760,"1,092",Not yet rated,NULL,$13.25
FCFP,$6.88,1441743679897,"1,785",Not yet rated,NULL,N/A
FBNK,$16.9,1441743679922,"45,273",100% bearish,of 1 rating,$17.50
FFNM,$6.4,1441743680100,"2,132",Not yet rated,NULL,N/A
FDEF,$37.21,1441743680126,"14,011",Not yet rated,NULL,$38
FFBC,$18.6,1441743680160,"94,972",67% bearish,of 3 ratings,$20.25
FFBCW,NULL,1441743680201,0,100% bearish,of 1 rating,N/A
THFF,$32.73,1441743680330,"25,381",Not yet rated,NULL,$35
FFIN,$30.54,1441743680354,"113,816",50% bullish,of 2 ratings,$31.75
FFNW,$12.1,1441743680437,"12,264",Not yet rated,NULL,$14
FFWM,$21.9,1441743680583,"46,805",Not yet rated,NULL,$24
FIBK,$26.5318,1441743680661,"52,148",Not yet rated,NULL,$32
INBK,$29.39,1441743680720,"12,713",50% bullish,of 2 ratings,$37
FRME,$26.288,1441743680745,"90,669",Not yet rated,NULL,$26.50
FMBH,$22.24,1441743680829,100,Not yet rated,NULL,N/A
FNBC,$34.5,1441743680930,"56,560",Not yet rated,NULL,$40
FMBI,$17.6768,1441743680955,"172,136",Not yet rated,NULL,$20
FNFG,$9.29,1441743681163,"1,123,140",80% bullish,of 5 ratings,$9
FSFG,$30.92,1441743681191,813,Not yet rated,NULL,N/A
FSLR,$49.1,1441743681232,"872,512",72% bullish,of 39 ratings,$65
FSGI,$2.46,1441743681264,"11,732",Not yet rated,NULL,N/A
FNWB,$12.2,1441743681327,"5,236",Not yet rated,NULL,N/A
BICK,$19.2799,1441743681359,420,100% bullish,of 1 rating,N/A
FSBK,$7.89,1441743681429,892,100% bullish,of 1 rating,N/A
FBZ,$9.493,1441743681458,400,Not yet rated,NULL,N/A
FTCS,$36.24,1441743681723,"10,991",100% bearish,of 1 rating,N/A
FCAN,$24.61,1441743681754,351,Not yet rated,NULL,N/A
FCA,$19.87,1441743681785,730,Not yet rated,NULL,N/A
FV,$23.51,1441743681855,"1,138,741",100% bearish,of 1 rating,N/A
IFV,$17.75,1441743681987,"222,316",100% bearish,of 1 rating,N/A
FEMB,$41.09,1441743682020,"4,300",Not yet rated,NULL,N/A
FEUZ,$30.93,1441743682116,700,Not yet rated,NULL,N/A
FTSM,$59.95,1441743682140,"87,762",100% bearish,of 1 rating,N/A
MDIV,$19.01,1441743682167,"108,175",Not yet rated,NULL,N/A
TDIV,$25,1441743682304,"46,370",100% bearish,of 1 rating,N/A
FTHI,$19.47,1441743682329,479,Not yet rated,NULL,N/A
FGM,$36.12,1441743682357,"92,295",Not yet rated,NULL,N/A
FTGC,$22.46,1441743682467,"39,382",Not yet rated,NULL,N/A
HYLS,$49.71,1441743682497,"164,011",100% bearish,of 1 rating,N/A
FPXI,$26.15,1441743682633,255,Not yet rated,NULL,N/A
FHK,$33.73,1441743682658,"1,900",Not yet rated,NULL,N/A
SKYY,$28.81,1441743682839,"32,082",100% bullish,of 1 rating,N/A
YDIV,$16.3299,1441743682884,699,Not yet rated,NULL,N/A
PLTM,$6.16,1441743682910,340,100% bearish,of 1 rating,N/A
CU,$13,1441743682940,"5,828",100% bearish,of 1 rating,N/A
FJP,$45.22,1441743682971,"58,246",Not yet rated,NULL,N/A
FTLB,$19.3899,1441743683049,362,100% bearish,of 1 rating,N/A
LMBS,NULL,1441743683074,0,Not yet rated,NULL,N/A
FMB,$51.21,1441743683100,"8,267",Not yet rated,NULL,N/A
QABA,$37.64,1441743683256,"28,405",100% bearish,of 1 rating,N/A
FONE,$35.21,1441743683359,374,Not yet rated,NULL,N/A
CIBR,$17.69,1441743683441,"28,684",Not yet rated,NULL,N/A
QCLN,$15.44,1441743683547,"12,698",Not yet rated,NULL,N/A
GRID,$31.11,1441743683676,70,100% bearish,of 1 rating,N/A
RDVY,$20.9,1441743683701,"3,682",Not yet rated,NULL,N/A
CARZ,$34.9,1441743683765,"3,875",100% bearish,of 1 rating,N/A
QTEC,$40.51,1441743683842,"9,135",Not yet rated,NULL,N/A
AIRR,$16.55,1441743683876,"2,666",100% bearish,of 1 rating,N/A
QQEW,$42.03,1441743683969,"25,483",Not yet rated,NULL,N/A
FTSL,$48.87,1441743684018,"30,979",100% bearish,of 1 rating,N/A
QQXT,$40.39,1441743684046,"11,704",Not yet rated,NULL,N/A
QINC,$20,1441743684197,300,Not yet rated,NULL,N/A
FDIV,$47.4,1441743684277,834,100% bearish,of 1 rating,N/A
FKO,NULL,1441743684301,0,Not yet rated,NULL,N/A
FSZ,$38.53,1441743684446,"17,718",Not yet rated,NULL,N/A
FTW,$31.2121,1441743684530,167,Not yet rated,NULL,N/A
TUSA,$24.83,1441743684563,998,Not yet rated,NULL,N/A
FKU,$41.76,1441743684663,"6,134",Not yet rated,NULL,N/A
FUNC,$8.11,1441743684689,"4,247",Not yet rated,NULL,N/A
SVVC,$9.43,1441743684721,"10,200",50% bullish,of 2 ratings,$26
FMER,$17.7,1441743684825,"419,314",50% bullish,of 2 ratings,$20
FSV,$32.15,1441743684853,"8,089",Not yet rated,NULL,$33.60
FIVE,$34.26,1441743684922,"884,595",75% bearish,of 4 ratings,$43.50
FISV,$86.57,1441743685026,"1,074,440",100% bearish,of 3 ratings,$90
FLML,$22.6457,1441743685118,"163,860",50% bullish,of 2 ratings,$30
FPRX,$20.7,1441743685153,"177,255",50% bullish,of 2 ratings,$35
FIVN,$3.7,1441743685178,"87,276",100% bullish,of 1 rating,$8.50
FLKS,$12.46,1441743685474,"43,826",50% bullish,of 2 ratings,$27
FLXN,$12.92,1441743685538,"118,818",100% bearish,of 1 rating,$40
SKOR,$50.44,1441743685573,"4,759",Not yet rated,NULL,N/A
FLEX,$10.518,1441743685602,"1,815,958",63% bullish,of 8 ratings,$12
FLXS,$30.29,1441743685670,"10,899",100% bearish,of 2 ratings,N/A
MBSD,$24.93,1441743685698,"3,600",Not yet rated,NULL,N/A
FLIR,$28.97,1441743685730,"579,753",100% bearish,of 2 ratings,$38.50
FLDM,$11.18,1441743685861,"292,216",67% bearish,of 3 ratings,$15
FFIC,$19.73,1441743685996,"36,258",Not yet rated,NULL,$20.50
FOMX,$9.894,1441743686027,"59,436",50% bullish,of 2 ratings,$23.50
FOGO,$19,1441743686125,"46,415",50% bullish,of 2 ratings,$25.50
FONR,$10.71,1441743686152,"30,530",100% bullish,of 1 rating,N/A
FES,$0.86,1441743686216,"41,356",50% bullish,of 2 ratings,$1
FORTY,NULL,1441743686298,0,100% bearish,of 1 rating,N/A
FORM,$6.7944,1441743686344,"137,773",67% bullish,of 3 ratings,$10.50
FORR,$31.14,1441743686375,"26,748",Not yet rated,NULL,N/A
FTNT,$43.3,1441743686519,"855,914",80% bullish,of 10 ratings,$52
FBIO,$2.58,1441743686583,"51,536",83% bullish,of 6 ratings,N/A
FWRD,$44.69,1441743686657,"95,770",100% bearish,of 1 rating,$50
FORD,$1.65,1441743686684,"959,168",67% bullish,of 3 ratings,N/A
FWP,$26.845,1441743686713,"34,925",100% bearish,of 1 rating,$45
FOSL,$61.21,1441743686814,"473,657",60% bearish,of 5 ratings,$80
FMI,$23.4508,1441743686839,"132,958",100% bearish,of 2 ratings,$27.50
FXCB,$17.11,1441743687012,"8,301",Not yet rated,NULL,$19
FOXF,$15.39,1441743687076,"62,485",100% bearish,of 1 rating,$19
FRAN,$12.4,1441743687146,"1,174,525",50% bullish,of 4 ratings,$15
FELE,$27.84,1441743687175,"193,336",50% bullish,of 4 ratings,$33
FREE,$0.33,1441743687201,"535,803",92% bullish,of 12 ratings,N/A
FRED,$12.84,1441743687276,"148,136",50% bullish,of 2 ratings,$15.50
RAIL,$20.25,1441743687363,"68,888",100% bearish,of 1 rating,$24.50
FTR,$5.44,1441743687436,"9,969,894",78% bullish,of 27 ratings,$6.25
FRPT,$12.59,1441743687504,"161,593",67% bearish,of 3 ratings,$23.50
FEIM,$11.08,1441743687579,"3,268",100% bearish,of 1 rating,N/A
FSBW,$23.05,1441743687638,854,Not yet rated,NULL,N/A
FTRPR,$105.81,1441743687667,"213,832",100% bearish,of 1 rating,N/A
FRPH,$30.5,1441743687771,"10,950",100% bearish,of 1 rating,N/A
FCEL,$0.903,1441743687975,"1,344,881",88% bullish,of 41 ratings,$2.65
FSYS,$6.29,1441743688004,"121,519",67% bullish,of 3 ratings,$8.50
FTEK,$2.02,1441743688087,"14,809",75% bullish,of 4 ratings,N/A
FTD,$28.77,1441743688145,"73,866",100% bearish,of 1 rating,$40
FULL,$3.12,1441743688191,"26,881",67% bearish,of 3 ratings,$4.25
FLL,$1.41,1441743688218,"18,438",75% bullish,of 4 ratings,$3.50
FULLL,$25.3,1441743688243,911,Not yet rated,NULL,N/A
FSNN,$2.25,1441743688418,"11,540",67% bullish,of 3 ratings,$6
FULT,$12.03,1441743688466,"415,488",100% bearish,of 1 rating,$13
FXENP,$15.01,1441743688707,799,100% bearish,of 1 rating,N/A
GK,$68.12,1441743688732,"47,548",Not yet rated,NULL,$78
GAIA,$5.98,1441743688798,"18,185",50% bullish,of 2 ratings,$8.50
WILC,$4.72,1441743688927,615,100% bullish,of 2 ratings,N/A
FXEN,$0.977,1441743688955,"26,517",75% bullish,of 4 ratings,$1.10
GLPG,$59.08,1441743688976,"35,716",100% bullish,of 1 rating,$75
FFHL,NULL,1441743689007,0,50% bullish,of 4 ratings,N/A
GALT,$2.2,1441743689033,"139,806",80% bullish,of 5 ratings,N/A
GALE,$1.59,1441743689162,"426,108",89% bullish,of 47 ratings,$4
GALTU,NULL,1441743689260,0,100% bearish,of 1 rating,N/A
GALTW,$0.65,1441743689287,400,100% bullish,of 1 rating,N/A
GLMD,$8.2,1441743689312,"11,094",67% bullish,of 3 ratings,$20.50
GLPI,$30.82,1441743689461,"218,936",100% bearish,of 1 rating,$37.50
GRMN,$37.67,1441743689744,"634,457",50% bullish,of 6 ratings,$46.50
GGACR,$0.23,1441743689775,"17,200",100% bullish,of 1 rating,N/A
GGACU,NULL,1441743689805,0,Not yet rated,NULL,N/A
GGAC,$9.92,1441743689835,162,100% bearish,of 1 rating,N/A
GPIC,$9.78,1441743689875,"2,558",100% bearish,of 1 rating,N/A
GGACW,$0.15,1441743689909,"80,070",Not yet rated,NULL,N/A
GENC,$9.04,1441743689934,"1,090",100% bearish,of 1 rating,N/A
GNCMA,$17.23,1441743690004,"101,590",100% bearish,of 1 rating,$12
GFNCP,$88.5,1441743690208,105,Not yet rated,NULL,N/A
GFN,$3.76,1441743690235,"15,399",100% bearish,of 2 ratings,$8
GARS,$14.56,1441743690260,"24,213",Not yet rated,NULL,$16
GENE,$2.43,1441743690400,"85,130",100% bullish,of 12 ratings,N/A
GFNSL,$25.5,1441743690536,"1,845",Not yet rated,NULL,N/A
GNMK,$9.896,1441743690563,"49,165",67% bullish,of 6 ratings,$14
GNCA,$11.1,1441743690584,"52,099",100% bearish,of 1 rating,$20
THRM,$45.43,1441743690643,"232,075",75% bearish,of 4 ratings,$55.50
GNTX,$16.01,1441743690712,"2,009,472",Not yet rated,NULL,$20
GHDX,$25.57,1441743690741,"122,748",50% bullish,of 2 ratings,$30
GTWN,$18.39,1441743690845,6,Not yet rated,NULL,N/A
GNVC,$2.63,1441743690870,"22,234",90% bullish,of 10 ratings,$8.50
GABC,$28.78,1441743691018,"12,464",Not yet rated,NULL,$31.50
GEOS,$16.56,1441743691047,"87,070",100% bearish,of 3 ratings,$21
GERN,$3.38,1441743691153,"1,738,660",88% bullish,of 17 ratings,$5.25
GEVO,$2.3,1441743691218,"460,706",75% bullish,of 12 ratings,$5
ROCK,$16.56,1441743691346,"109,122",80% bullish,of 5 ratings,$24
GIGM,$0.5399,1441743691373,"39,771",100% bullish,of 2 ratings,N/A
GIGA,$1.32,1441743691394,"114,219",100% bearish,of 1 rating,N/A
GIII,$69.39,1441743691542,"241,050",67% bullish,of 3 ratings,$79
GILT,$4.19,1441743691594,"6,080",50% bullish,of 2 ratings,N/A
GILD,$104.9,1441743691615,"6,773,055",91% bullish,of 89 ratings,$129
GBCI,$26.42,1441743691645,"108,221",50% bullish,of 2 ratings,$31
GLAD,$8.91,1441743691779,"132,047",50% bullish,of 2 ratings,$8.75
GLADO,$25.5,1441743691827,"4,100",Not yet rated,NULL,N/A
GOOD,$14,1441743691959,"65,002",Not yet rated,NULL,$19
GOODO,$25.14,1441743692088,300,Not yet rated,NULL,N/A
GAIN,$7.47,1441743692143,"68,002",100% bullish,of 2 ratings,$8.25
GOODN,$25.55,1441743692173,369,Not yet rated,NULL,N/A
GAINN,$25.17,1441743692219,"43,301",Not yet rated,NULL,N/A
GOODP,$25.2,1441743692271,400,Not yet rated,NULL,N/A
GAINP,$25.6,1441743692320,"2,467",Not yet rated,NULL,N/A
LAND,$9.24,1441743692451,"28,078",50% bullish,of 2 ratings,$13.75
GAINO,$25.35,1441743692481,"1,500",Not yet rated,NULL,N/A
GLBZ,$12.05,1441743692615,421,Not yet rated,NULL,N/A
GDEF,$10.65,1441743692773,800,Not yet rated,NULL,N/A
GBT,$52.29,1441743692803,"169,811",100% bearish,of 1 rating,N/A
ENT,$11.2544,1441743692857,"103,023",100% bearish,of 1 rating,$18
GBLI,$27.47,1441743692906,"9,086",Not yet rated,NULL,N/A
GPACU,$10.1,1441743692961,"500,012",Not yet rated,NULL,N/A
ACTX,NULL,1441743693038,0,100% bullish,of 1 rating,N/A
GSOL,$8.34,1441743693170,"10,252",100% bearish,of 1 rating,N/A
QQQC,$19.27,1441743693197,506,100% bearish,of 1 rating,N/A
ALTY,$14.33,1441743693335,133,Not yet rated,NULL,N/A
SRET,$12.91,1441743693400,141,Not yet rated,NULL,N/A
SOCL,$17.4,1441743693435,"28,804",100% bullish,of 2 ratings,N/A
YLCO,$11.6199,1441743693572,"1,700",Not yet rated,NULL,N/A
GAI,$6.15,1441743693602,588,50% bullish,of 2 ratings,N/A
GSM,$14.36,1441743693676,"324,998",50% bullish,of 2 ratings,$22
GBIM,$2.67,1441743693700,"3,536",50% bullish,of 2 ratings,N/A
GLRI,$0.931,1441743694059,"32,059",100% bearish,of 1 rating,$4.25
GOGO,$15.8318,1441743694107,"292,107",80% bullish,of 5 ratings,$25
GLYC,$6.98,1441743694137,"30,812",50% bullish,of 2 ratings,$14
GLUU,$4.64,1441743694160,"1,107,177",92% bullish,of 26 ratings,$9
GLNG,$38.5,1441743694182,"562,052",83% bullish,of 6 ratings,$55.50
GLBS,$1.25,1441743694216,"10,553",67% bullish,of 3 ratings,N/A
GMLP,$20.36,1441743694244,"140,935",50% bullish,of 4 ratings,$29
GLDC,$4,1441743694411,"1,205",50% bullish,of 2 ratings,N/A
GDEN,$9.05,1441743694468,"2,323",50% bullish,of 2 ratings,N/A
GOGL,$2.92,1441743694500,"156,575",75% bullish,of 4 ratings,$5
GBDC,$17.13,1441743694647,"183,421",Not yet rated,NULL,$17.75
GTIM,$6.84,1441743694732,"30,373",Not yet rated,NULL,$11.50
GPRO,$37.47,1441743694840,"7,609,567",78% bullish,of 60 ratings,$71
GOOGL,$643.51,1441743694885,"1,103,560",88% bullish,of 1083 ratings,$749
GOOG,$614.21,1441743694915,"1,574,603",87% bullish,of 75 ratings,$787.50
GPIA,NULL,1441743694970,0,100% bearish,of 1 rating,N/A
GMAN,$3.71,1441743695018,"19,254",60% bullish,of 5 ratings,$8.50
GPIAU,$9.96,1441743695042,800,Not yet rated,NULL,N/A
LOPE,$37.73,1441743695272,"82,366",100% bearish,of 2 ratings,$50
GPIAW,NULL,1441743695300,0,Not yet rated,NULL,N/A
GBSNU,NULL,1441743695318,0,NULL,NULL,NULL
GRVY,$3.74,1441743695339,"1,399",50% bullish,of 2 ratings,N/A
GBSN,$0.16,1441743695486,"5,369,894",50% bullish,of 2 ratings,$8.25
GLDD,$5.4253,1441743695560,"104,312",100% bearish,of 4 ratings,$7.75
GNBC,$11.88,1441743695631,"38,214",100% bearish,of 1 rating,$16.50
GSBC,$41.09,1441743695659,"17,226",100% bullish,of 1 rating,$44
GRBK,$11.8854,1441743695738,"124,597",77% bullish,of 13 ratings,N/A
GPP,$13.75,1441743695947,"54,829",Not yet rated,NULL,$20.50
GPRE,$20.46,1441743695972,"402,369",67% bullish,of 6 ratings,$28.50
GCBC,$28.74,1441743696147,435,100% bullish,of 1 rating,N/A
GRIF,$29.08,1441743696172,"12,334",100% bearish,of 1 rating,N/A
GLRE,$24.78,1441743696200,"83,721",50% bullish,of 2 ratings,$34
GRPN,$4.25,1441743696226,"5,315,882",61% bullish,of 71 ratings,$6.75
GRFS,$31.85,1441743696250,"316,373",50% bullish,of 2 ratings,$35
GSIG,$12.77,1441743696466,"42,712",100% bearish,of 2 ratings,N/A
GGAL,$20.2685,1441743696524,"184,798",80% bullish,of 5 ratings,$40
OMAB,$41.13,1441743696552,"25,746",100% bullish,of 1 rating,$44
GTXI,$0.908,1441743696623,"5,720",100% bullish,of 5 ratings,$.75
GSIT,$4.5648,1441743696653,"20,970",100% bearish,of 1 rating,N/A
GSVC,$8.96,1441743696707,"22,618",50% bullish,of 2 ratings,$15.75
GFED,$14.35,1441743696854,"4,925",Not yet rated,NULL,$17
GBNK,$15.62,1441743696881,"22,867",100% bearish,of 1 rating,$18
GUID,$6.7824,1441743697107,"37,062",100% bearish,of 3 ratings,$10
GULTU,$0.3301,1441743697134,"143,444",100% bearish,of 1 rating,N/A
GIFI,$12.16,1441743697155,"49,045",100% bearish,of 1 rating,$16
GWPH,$105.6445,1441743697192,"73,696",78% bullish,of 9 ratings,$148.50
GURE,$1.58,1441743697213,"36,339",88% bullish,of 8 ratings,N/A
GPOR,$33.25,1441743697287,"1,150,703",75% bullish,of 4 ratings,$54
GYRO,$32.7,1441743697368,"9,851",100% bearish,of 1 rating,N/A
GWGH,$7.94,1441743697442,"1,790",100% bearish,of 1 rating,$15.05
HLG,$9,1441743697575,"3,400",100% bearish,of 1 rating,N/A
HNRG,$7.18,1441743697647,"64,185",100% bearish,of 1 rating,$10
HEES,$19.8997,1441743697719,"354,380",67% bearish,of 3 ratings,$31
HALL,$11.44,1441743697852,"36,367",Not yet rated,NULL,N/A
HALO,$17.5291,1441743697883,"496,745",67% bullish,of 3 ratings,$22.50
HBK,$13.63,1441743697983,10,50% bullish,of 2 ratings,N/A
HMPR,$1.9,1441743698011,"236,859",100% bullish,of 1 rating,N/A
HBHC,$27.89,1441743698041,"282,782",50% bullish,of 2 ratings,$30
HNH,$24.67,1441743698141,"9,952",100% bullish,of 1 rating,N/A
HBHCL,$24.2,1441743698217,"64,494",Not yet rated,NULL,N/A
HAFC,$24.57,1441743698248,"156,026",100% bullish,of 2 ratings,$28.50
HQCL,$12.47,1441743698317,"3,337",67% bullish,of 3 ratings,$14
HNSN,$0.552,1441743698407,"126,507",88% bullish,of 8 ratings,$.40
HDNG,$10.53,1441743698541,"15,382",50% bullish,of 4 ratings,N/A
HLIT,$5.68,1441743698643,"211,891",100% bearish,of 1 rating,$6.50
HRMN,NULL,1441743698777,0,Not yet rated,NULL,N/A
HRMNW,NULL,1441743698825,0,Not yet rated,NULL,N/A
HRMNU,NULL,1441743698850,0,Not yet rated,NULL,N/A
TINY,$2.48,1441743699040,"15,708",50% bullish,of 2 ratings,$5.26
HART,$1.34,1441743699065,"117,123",100% bearish,of 1 rating,N/A
HCAP,$11.95,1441743699087,"4,926",50% bullish,of 2 ratings,$15
HBIO,$4.47,1441743699120,"77,830",100% bearish,of 1 rating,$10
HAS,$76.29,1441743699141,"971,536",63% bullish,of 8 ratings,$84.50
HCAPL,$25.41,1441743699227,"1,105",Not yet rated,NULL,N/A
HA,$24.52,1441743699357,"409,809",67% bullish,of 9 ratings,$27
HCOM,$21.5,1441743699461,"11,644",100% bearish,of 1 rating,$28
HWBK,$13.81,1441743699663,"3,263",100% bearish,of 1 rating,N/A
HWKN,$38.21,1441743699688,"16,060",Not yet rated,NULL,N/A
HAYN,$37.25,1441743699736,"29,250",100% bearish,of 1 rating,$59
HQY,$30.53,1441743699898,"200,185",67% bullish,of 3 ratings,$35
HDS,$33.25,1441743699925,"2,284,084",100% bearish,of 2 ratings,$39.50
HSTM,$24.5654,1441743699946,"70,749",50% bullish,of 2 ratings,$33.75
HIIQ,$4.81,1441743699978,"5,761",50% bullish,of 2 ratings,$7
HCSG,$33.3,1441743700004,"159,881",50% bullish,of 4 ratings,$35
HWAY,$11.66,1441743700178,"267,697",100% bearish,of 1 rating,$15
HTWR,$66.8894,1441743700261,"271,609",50% bullish,of 2 ratings,$97.50
HTLF,$36.36,1441743700420,"31,725",100% bullish,of 1 rating,$39.50
HELE,$85.7966,1441743700873,"124,773",67% bearish,of 3 ratings,$100
HSII,$20.34,1441743700899,"25,490",100% bullish,of 3 ratings,$25
HTBX,$3.99,1441743700928,"22,265",50% bullish,of 2 ratings,$15.50
HMTV,$13.3,1441743701030,"9,899",100% bearish,of 1 rating,$16
HTLD,$20.57,1441743701071,"212,735",Not yet rated,NULL,$22.50
HNNA,$24.42,1441743701111,"16,477",100% bearish,of 1 rating,N/A
HMNY,$2.18,1441743701138,"8,743",100% bearish,of 1 rating,N/A
HCACU,$9.92,1441743701163,"107,894",Not yet rated,NULL,N/A
HERO,NULL,1441743701293,0,NULL,NULL,NULL
HSIC,$136.59,1441743701320,"358,328",83% bullish,of 6 ratings,$146
HEOP,$7.93,1441743701495,"25,176",Not yet rated,NULL,$8.50
HFWA,$17.99,1441743701593,"33,167",100% bullish,of 1 rating,$20
MLHR,$27.54,1441743701701,"153,446",50% bullish,of 2 ratings,$33.50
HCCI,$12.09,1441743701728,"79,967",100% bearish,of 1 rating,$16.50
HTBK,$10.88,1441743701749,"60,602",Not yet rated,NULL,$12
HRTX,$40.2822,1441743701875,"1,306,050",57% bullish,of 7 ratings,$41
HFFC,$16.2,1441743701900,"4,452",Not yet rated,NULL,N/A
HSKA,$32.9297,1441743701927,"24,685",100% bearish,of 1 rating,$38
HIBB,$39.6,1441743701948,"199,853",100% bearish,of 1 rating,$46.50
HIHO,$5.15,1441743702100,"96,303",Not yet rated,NULL,N/A
HPJ,$2.25,1441743702131,"40,907",75% bullish,of 4 ratings,$12.43
HIMX,$7.51,1441743702180,"1,121,451",86% bullish,of 21 ratings,$8.25
HIFS,$112.61,1441743702229,"4,916",Not yet rated,NULL,N/A
HMNF,$11.63,1441743702360,438,Not yet rated,NULL,N/A
HSGX,$6.17,1441743702385,"5,416",100% bearish,of 1 rating,$17
HMSY,$10.13,1441743702518,"569,065",67% bullish,of 3 ratings,$19.35
HOLX,$39.5,1441743702744,"2,888,477",50% bullish,of 4 ratings,$42
HBCP,$24.6,1441743702790,"3,763",Not yet rated,NULL,$29
HOMB,$38.46,1441743702878,"126,194",Not yet rated,NULL,$42
HOLI,$16.62,1441743702911,"275,710",50% bullish,of 4 ratings,$27
AWAY,$28.4577,1441743703008,"423,842",75% bullish,of 4 ratings,$36
HFBL,$22.4,1441743703056,"7,420",Not yet rated,NULL,N/A
HMST,$22.47,1441743703282,"52,171",100% bullish,of 2 ratings,$27
HMIN,$25.12,1441743703346,"56,628",100% bearish,of 2 ratings,$35
HKTV,$4.17,1441743703426,"56,027",100% bearish,of 1 rating,N/A
HTBI,$18.1268,1441743703451,"79,343",67% bullish,of 3 ratings,$18.625
CETC,$0.7928,1441743703589,"32,356",86% bullish,of 7 ratings,N/A
HBNC,$23.88,1441743703691,"24,074",100% bullish,of 1 rating,$27
HZNP,$29.5439,1441743703715,"1,208,382",85% bullish,of 20 ratings,$40
HFBC,$10.99,1441743703792,"19,038",Not yet rated,NULL,N/A
HDP,$24.1988,1441743703933,"298,133",67% bearish,of 3 ratings,$30.50
ZINC,$7.5406,1441743703962,"348,908",100% bearish,of 1 rating,$17
HRZN,$10.32,1441743704005,"14,475",50% bullish,of 2 ratings,$14.25
HMHC,$22.9,1441743704064,"343,841",Not yet rated,NULL,$27
HOFT,$25.38,1441743704211,"48,366",100% bearish,of 1 rating,N/A
HWCC,$7.63,1441743704242,"39,833",100% bearish,of 1 rating,$9
HOVNP,$4.76,1441743704494,"6,074",100% bearish,of 1 rating,N/A
HBMD,$13.79,1441743704595,"9,800",100% bearish,of 1 rating,N/A
HSNI,$59.82,1441743704620,"138,219",Not yet rated,NULL,$80
HUBG,$38.44,1441743704645,"144,638",100% bearish,of 1 rating,$43
HTGM,$6.19,1441743704676,"7,452",100% bearish,of 1 rating,$19.50
HCBK,$9.5475,1441743704882,"1,280,148",83% bullish,of 6 ratings,$8.61
HDSN,$3.05,1441743704969,"12,867",100% bullish,of 1 rating,$6.25
HBAN,$10.84,1441743705133,"4,308,023",76% bullish,of 17 ratings,$12.29
HBANP,$1329,1441743705230,15,100% bearish,of 1 rating,N/A
HURC,$29.91,1441743705278,"7,130",100% bearish,of 1 rating,N/A
HURN,$73.7233,1441743705359,"66,540",50% bullish,of 2 ratings,$80
HTCH,$1.5,1441743705393,"48,074",100% bearish,of 1 rating,$3.50
HSON,$2.77,1441743705448,"67,622",100% bearish,of 1 rating,$5
HBP,$3.14,1441743705494,344,100% bullish,of 1 rating,N/A
HDRA,NULL,1441743705779,0,Not yet rated,NULL,N/A
HDRAR,NULL,1441743705875,0,Not yet rated,NULL,N/A
HDRAW,NULL,1441743705936,0,Not yet rated,NULL,N/A
HYGS,$8.56,1441743705962,"12,317",50% bullish,of 2 ratings,$13
IDSY,$3.8,1441743705983,"12,710",100% bearish,of 1 rating,$7
HDRAU,NULL,1441743706012,0,Not yet rated,NULL,N/A
IACI,$69.8918,1441743706143,"454,782",80% bullish,of 5 ratings,$90
IKGH,$1.51,1441743706288,"45,073",75% bullish,of 4 ratings,N/A
IBKC,$61.2,1441743706316,"81,619",100% bullish,of 1 rating,$70
IEP,$69.43,1441743706449,"84,773",75% bullish,of 4 ratings,$99
ICFI,$33.67,1441743706476,"32,593",50% bullish,of 2 ratings,$48.50
ICAD,$4.02,1441743706501,"22,359",50% bullish,of 2 ratings,$7.25
ICLR,$77.8292,1441743706556,"283,295",100% bearish,of 3 ratings,$85
ICUI,$111.67,1441743706727,"89,423",Not yet rated,NULL,$122
ICON,$13.34,1441743706754,"574,043",50% bullish,of 2 ratings,$18.50
IPWR,$7.92,1441743706821,"7,334",100% bullish,of 1 rating,$15
IDRA,$3.02,1441743706924,"885,497",89% bullish,of 9 ratings,$6.50
INVE,$4.35,1441743707101,"19,890",75% bullish,of 4 ratings,$4
IDXX,$74.76,1441743707125,"329,626",100% bearish,of 1 rating,$76
DSKY,$10.8009,1441743707154,"100,484",67% bullish,of 6 ratings,$11.50
IROQ,$16.82,1441743707179,496,100% bullish,of 1 rating,N/A
IRG,$5.2,1441743707204,"13,851",100% bearish,of 1 rating,$4.25
IIVI,$16.86,1441743707337,"116,527",100% bearish,of 1 rating,$22
RXDX,$16.4,1441743707436,"185,174",100% bullish,of 1 rating,$20
KANG,$15.1341,1441743707483,"246,351",50% bullish,of 2 ratings,$23.10
ISNS,$4.24,1441743707666,"16,167",50% bullish,of 2 ratings,N/A
IKNX,$11.97,1441743707695,22,100% bearish,of 1 rating,N/A
ILMN,$198.42,1441743707740,"1,009,773",80% bullish,of 5 ratings,$245
IKAN,$2.74,1441743707802,"26,704",83% bullish,of 6 ratings,$5
IMMR,$12.7225,1441743707881,"154,035",80% bullish,of 5 ratings,$15.50
ICCC,$6.83,1441743707907,"5,975",100% bullish,of 1 rating,N/A
IMNP,$1.36,1441743707980,"163,111",50% bullish,of 2 ratings,$6
IMDZ,$15.3083,1441743708038,"85,615",100% bearish,of 1 rating,$33
IMGN,$13.3411,1441743708394,"818,944",75% bullish,of 4 ratings,$17.50
IMMU,$2.33,1441743708434,"2,371,348",86% bullish,of 7 ratings,$2
INCR,$43.1,1441743708592,"244,987",50% bullish,of 2 ratings,$53
IPXL,$44.4151,1441743708617,"1,436,295",67% bullish,of 3 ratings,$46.50
IMMY,$7.69,1441743708641,"4,259",100% bearish,of 1 rating,$11
IBCP,$14.19,1441743708940,"58,125",100% bullish,of 1 rating,$14.50
INDB,$44.95,1441743708966,"36,074",Not yet rated,NULL,$44
IBTX,$41.3,1441743709008,"17,162",100% bullish,of 2 ratings,$47.25
SAAS,$7.2728,1441743709033,"548,021",50% bullish,of 2 ratings,$15
IDSA,$3.69,1441743709095,132,Not yet rated,NULL,N/A
INFN,$20.5374,1441743709225,"2,858,159",71% bullish,of 7 ratings,$28
INCY,$118.6418,1441743709253,"436,796",50% bullish,of 6 ratings,$125.50
IPCC,$75.89,1441743709279,"20,851",Not yet rated,NULL,$77.50
INFI,$8.83,1441743709469,"333,555",50% bullish,of 4 ratings,$16.50
III,$3.74,1441743709515,"46,940",57% bullish,of 7 ratings,$6
IFON,$1.26,1441743709543,"24,841",75% bullish,of 4 ratings,N/A
INWK,$7.0657,1441743709756,"61,255",50% bullish,of 2 ratings,$10
INNL,$11.81,1441743709833,"43,835",100% bearish,of 1 rating,$16.50
IMKTA,$49.6514,1441743709918,"77,546",100% bearish,of 1 rating,N/A
INOD,$2.3,1441743709946,"27,409",100% bearish,of 1 rating,N/A
IPHS,$45.63,1441743709966,"54,038",100% bearish,of 1 rating,$60
IOSP,$49.41,1441743709998,"120,040",100% bearish,of 1 rating,N/A
ISSC,$2.71,1441743710027,"24,457",67% bearish,of 3 ratings,N/A
INGN,$52.47,1441743710101,"191,424",100% bearish,of 1 rating,$50.50
ITEK,$13.0511,1441743710296,"221,647",100% bearish,of 3 ratings,$20
NSIT,$25.05,1441743710329,"89,754",50% bullish,of 2 ratings,N/A
INO,$7.12,1441743710359,"644,424",89% bullish,of 18 ratings,$20
ISIG,$2.59,1441743710462,"8,542",100% bearish,of 1 rating,N/A
INSM,$24.7302,1441743710607,"282,337",71% bullish,of 7 ratings,$31.50
INOV,$21.46,1441743710652,"190,922",100% bearish,of 1 rating,$33
IIIN,$17.79,1441743710798,"30,725",100% bearish,of 2 ratings,N/A
INSY,$35.01,1441743710931,"695,928",75% bullish,of 4 ratings,$48
PODD,$28.8754,1441743710956,"160,651",67% bearish,of 3 ratings,$35
NTEC,$5.65,1441743711099,"4,648",100% bearish,of 1 rating,N/A
IART,$63.23,1441743712948,"117,465",100% bearish,of 2 ratings,$71.50
IDTI,$19.82,1441743713079,"1,544,521",60% bullish,of 5 ratings,$25
INTC,$29.5,1441743713211,"19,535,500",82% bullish,of 238 ratings,$36
ISSI,$21.9,1441743713245,"119,799",67% bullish,of 3 ratings,$19.75
IESC,$7.08,1441743713342,"3,903",100% bearish,of 1 rating,N/A
IQNT,$19.1789,1441743713931,"201,393",86% bullish,of 7 ratings,$20
IPCI,$2.26,1441743714084,"14,063",67% bullish,of 6 ratings,$8
ININ,$36.02,1441743714160,"52,141",67% bearish,of 3 ratings,$57
ICLD,$2.02,1441743714186,"233,084",75% bullish,of 4 ratings,N/A
IPAR,$25.02,1441743714242,"68,419",67% bullish,of 3 ratings,$38
IBKR,$38.57,1441743714268,"326,910",100% bullish,of 1 rating,N/A
ICLDW,NULL,1441743714314,0,100% bearish,of 1 rating,N/A
IDCC,$48.65,1441743714339,"140,258",80% bullish,of 5 ratings,$63
ICPT,$194.0916,1441743714360,"166,222",70% bullish,of 10 ratings,$359.50
IBOC,$25.44,1441743714555,"101,609",100% bearish,of 1 rating,N/A
TILE,$24.41,1441743714586,"222,063",100% bearish,of 3 ratings,$27
INAP,$9.36,1441743714611,"121,735",75% bullish,of 4 ratings,$11
IIJI,$8.58,1441743714759,320,50% bullish,of 2 ratings,$12.50
ISCA,$32.67,1441743714785,"44,099",100% bearish,of 1 rating,N/A
IMI,$2,1441743714810,"25,464",67% bullish,of 3 ratings,$2.22
IGLD,$7.38,1441743715036,"1,175",50% bullish,of 2 ratings,N/A
XENT,$25.4307,1441743715118,"166,378",50% bullish,of 2 ratings,$36.50
INPH,$0.319,1441743715151,"6,223",50% bullish,of 2 ratings,N/A
PTNT,$3.01,1441743715177,"1,118",Not yet rated,NULL,N/A
INTL,$25.93,1441743715250,"37,954",67% bearish,of 3 ratings,N/A
IILG,$19.58,1441743715275,"59,563",100% bearish,of 1 rating,$29
INTX,$1.96,1441743715331,"8,970",67% bullish,of 3 ratings,N/A
ISIL,$10.84,1441743715438,"546,142",50% bullish,of 6 ratings,$15
INTLL,$25.71,1441743715573,600,Not yet rated,NULL,N/A
ITCI,$27.54,1441743715598,"158,302",75% bearish,of 4 ratings,$40
IVAC,$4.89,1441743715645,"13,939",100% bearish,of 1 rating,$6.625
IIN,$6.63,1441743715743,"2,166",100% bearish,of 1 rating,$12
INTU,$87.1415,1441743715845,"1,268,477",86% bullish,of 7 ratings,$107.50
ISRG,$520.64,1441743715943,"226,332",67% bullish,of 3 ratings,$600
ISTR,$15.93,1441743715985,"4,462",100% bearish,of 1 rating,$18.50
SNAK,$8.24,1441743716010,"53,636",50% bullish,of 2 ratings,$14
INVT,$0.33,1441743716148,"56,621",67% bullish,of 3 ratings,N/A
ISBC,$12,1441743716175,"1,046,944",100% bullish,of 1 rating,$13.25
NVIV,$10.96,1441743716202,"335,040",50% bullish,of 4 ratings,$24.50
ITIC,$69.94,1441743716233,118,100% bearish,of 2 ratings,N/A
IVTY,$14.33,1441743716366,"14,038",Not yet rated,NULL,$18
IPAS,$1.08,1441743716393,"5,246",67% bullish,of 3 ratings,N/A
DTUL,NULL,1441743716555,0,Not yet rated,NULL,N/A
DFVL,NULL,1441743716848,0,Not yet rated,NULL,N/A
IPCM,$79.22,1441743716880,"128,651",50% bullish,of 2 ratings,$80.125
IPGP,$83.28,1441743716913,"349,115",67% bearish,of 3 ratings,$109.50
IRMD,$24.64,1441743716933,"12,199",67% bearish,of 3 ratings,$25
IRDM,$6.85,1441743716977,"345,450",60% bullish,of 5 ratings,$11.50
IRBT,$30.5,1441743717008,"161,883",67% bullish,of 6 ratings,$37
IRDMB,$269,1441743717063,175,67% bearish,of 3 ratings,N/A
IRIX,$6.86,1441743717206,"2,767",100% bearish,of 1 rating,N/A
IRWD,$11.2493,1441743717351,"865,036",100% bearish,of 1 rating,$13
FCHI,NULL,1441743717378,0,NULL,NULL,NULL
GNMA,$50.01,1441743717398,"4,842",Not yet rated,NULL,N/A
COMT,$33.49,1441743717426,"41,824",100% bearish,of 1 rating,N/A
IRCP,NULL,1441743717483,0,100% bullish,of 2 ratings,N/A
IFAS,NULL,1441743717633,0,NULL,NULL,NULL
IFEU,$37.82,1441743717660,"1,375",Not yet rated,NULL,N/A
IFNA,NULL,1441743717986,0,NULL,NULL,NULL
ACWX,$40.24,1441743718081,"675,296",100% bearish,of 1 rating,N/A
AXJS,NULL,1441743718125,0,NULL,NULL,NULL
AAXJ,$52.97,1441743718153,"602,167",Not yet rated,NULL,N/A
IFGL,$28.14,1441743718183,"68,734",Not yet rated,NULL,N/A
AAIT,NULL,1441743718284,0,NULL,NULL,NULL
EEMA,$49.71,1441743718418,"19,703",Not yet rated,NULL,N/A
EMDI,NULL,1441743718476,0,NULL,NULL,NULL
EEME,NULL,1441743718500,0,NULL,NULL,NULL
ACWI,$55.1786,1441743718521,"1,862,394",Not yet rated,NULL,N/A
EMEY,NULL,1441743718539,0,NULL,NULL,NULL
EGRW,NULL,1441743718669,0,NULL,NULL,NULL
EEML,NULL,1441743718713,0,Not yet rated,NULL,N/A
EUFN,$21.63,1441743718853,"134,005",100% bearish,of 1 rating,N/A
QAT,$21.55,1441743718880,"3,656",Not yet rated,NULL,N/A
EVAL,NULL,1441743718901,0,NULL,NULL,NULL
IEUS,$45.42,1441743719008,"1,715",100% bearish,of 1 rating,N/A
UAE,$17.52,1441743719215,"1,655",Not yet rated,NULL,N/A
IBB,$351.27,1441743719298,"940,801",67% bullish,of 9 ratings,N/A
SOXX,$84.81,1441743719402,"336,855",50% bullish,of 2 ratings,N/A
EMIF,$28.16,1441743719430,"2,957",Not yet rated,NULL,N/A
ICLN,$9.42,1441743719462,"16,508",50% bullish,of 2 ratings,N/A
WOOD,$47.94,1441743719560,"4,296",50% bullish,of 2 ratings,N/A
INDY,$26.68,1441743719584,"764,425",50% bullish,of 2 ratings,N/A
ISHG,$79.65,1441743719618,"2,800",100% bearish,of 1 rating,N/A
ISIS,$53.6138,1441743719825,"616,438",53% bullish,of 15 ratings,$67
IGOV,$91.25,1441743719906,"18,780",100% bearish,of 1 rating,N/A
ISRL,$122.86,1441743719953,781,100% bearish,of 1 rating,N/A
ITRI,$29.05,1441743719980,"159,085",100% bearish,of 1 rating,$37
ISLE,$19.7554,1441743720006,"409,845",50% bullish,of 4 ratings,$17
ITRN,$23.74,1441743720144,957,50% bullish,of 2 ratings,N/A
ITUS,$4.16,1441743720243,"15,771",Not yet rated,NULL,N/A
XXIA,$15.17,1441743720275,"573,617",71% bullish,of 7 ratings,$14.625
IXYS,$11.54,1441743720449,"63,820",50% bullish,of 4 ratings,N/A
MAYS,$55,1441743720479,231,Not yet rated,NULL,N/A
JBHT,$76.64,1441743720507,"460,784",50% bullish,of 4 ratings,$89.50
JJSF,$115.38,1441743720528,"39,166",100% bearish,of 1 rating,N/A
JCOM,$68.53,1441743720550,"118,818",100% bullish,of 2 ratings,$77
JASO,$7.97,1441743720697,"549,329",82% bullish,of 17 ratings,$10
JKHY,$68.35,1441743720758,"216,021",67% bearish,of 3 ratings,$72
JXSB,NULL,1441743720900,0,Not yet rated,NULL,N/A
JAXB,$13.94,1441743720929,398,100% bullish,of 1 rating,N/A
JAGX,$3.24,1441743720998,"10,276",Not yet rated,NULL,$10.50
JACK,$79.79,1441743721026,"224,141",71% bullish,of 7 ratings,$105
JRVR,$28,1441743721202,"27,495",Not yet rated,NULL,$32
JMBA,$14.1729,1441743721249,"94,657",75% bullish,of 4 ratings,$18
JASN,$4.84,1441743721382,"7,492",50% bullish,of 2 ratings,$9.50
JASNW,NULL,1441743721411,0,50% bullish,of 2 ratings,N/A
ERW,NULL,1441743721431,0,Not yet rated,NULL,N/A
JAKK,$9.7968,1441743721453,"593,568",60% bearish,of 5 ratings,$11
JAZZ,$165.9566,1441743721587,"235,268",80% bullish,of 15 ratings,$206.50
JD,$23.81,1441743721614,"17,844,815",75% bullish,of 16 ratings,$36
JTPY,$2.96,1441743721657,"13,152",100% bearish,of 1 rating,N/A
JBLU,$24.879,1441743721850,"8,030,490",94% bullish,of 18 ratings,$27
JCTCF,$9.58,1441743721875,8,100% bullish,of 1 rating,N/A
DATE,$5.81,1441743721936,"93,265",75% bullish,of 4 ratings,$9
WYIGU,$9.95,1441743722102,"3,100",100% bearish,of 1 rating,N/A
JOEZ,$0.1701,1441743722159,"303,852",92% bullish,of 12 ratings,N/A
JST,$3.67,1441743722185,"6,401",75% bullish,of 4 ratings,N/A
JIVE,$4.63,1441743722206,"1,765,632",75% bullish,of 4 ratings,$5
JBSS,$51.5682,1441743722240,"36,895",67% bearish,of 3 ratings,N/A
JNP,$13.6,1441743722428,"97,230",100% bullish,of 3 ratings,$15
JOUT,$23.8,1441743722476,"24,322",100% bearish,of 1 rating,$34
KALU,$82.84,1441743722691,"102,187",67% bearish,of 3 ratings,$91
