Symbol,Price,Date,Volume,Rating,RatingVoteCount,OneYearEstimate
FCTY,$7.98,1441131302809,"1,500",100% bullish,of 1 rating,$8.50
TFSC,NULL,1441131302836,0,100% bearish,of 1 rating,N/A
TFSCU,NULL,1441131302857,0,Not yet rated,NULL,N/A
PIH,$7.5401,1441131302888,"2,350",100% bearish,of 1 rating,N/A
TFSCW,$0.26,1441131302909,"1,600",100% bearish,of 1 rating,N/A
FLWS,$8.46,1441131302930,"217,052",80% bullish,of 5 ratings,$15
FCCY,$11.575,1441131302965,514,100% bullish,of 1 rating,$13
TFSCR,NULL,1441131302986,0,Not yet rated,NULL,N/A
DSLV,$69.6115,1441131303134,"7,358",100% bearish,of 1 rating,N/A
TWOU,$34.31,1441131303164,"104,689",50% bullish,of 2 ratings,$39
UGLD,$9.4505,1441131303203,"159,180",100% bearish,of 1 rating,N/A
SRCE,$29.29,1441131303237,"13,907",100% bullish,of 3 ratings,$33
USLV,$12.5609,1441131303258,"98,481",86% bullish,of 7 ratings,N/A
DGLD,$80.02,1441131303293,"7,103",100% bearish,of 1 rating,N/A
VNET,$17.31,1441131303321,"260,290",60% bullish,of 5 ratings,$35
JOBS,$25.42,1441131303346,"73,672",50% bullish,of 4 ratings,$36
CAFD,$14.7,1441131303698,"72,719",Not yet rated,NULL,$25
SIXD,$2.57,1441131303730,"63,201",Not yet rated,NULL,N/A
EGHT,$7.68,1441131303773,"160,939",82% bullish,of 17 ratings,$11
ABAX,$46.86,1441131303798,"110,603",100% bearish,of 1 rating,$60
SHLM,$33.4699,1441131303828,"28,325",100% bearish,of 1 rating,$47
AAON,$20.04,1441131303857,"35,228",100% bearish,of 1 rating,$24
ABY,$22,1441131303925,"304,546",100% bearish,of 2 ratings,$46
AVHI,$13.97,1441131303954,"8,352",100% bearish,of 1 rating,$19
ABGB,$5.75,1441131304053,"45,452",67% bullish,of 3 ratings,$5.50
AXAS,$1.8276,1441131304122,"633,439",78% bullish,of 9 ratings,$3.50
ACTG,$9.0467,1441131304183,"103,533",67% bullish,of 3 ratings,$18.50
ABEOW,$1.6001,1441131304223,550,100% bullish,of 1 rating,N/A
ABEO,$4.625,1441131304250,"61,175",50% bullish,of 4 ratings,$15.50
ABMD,$92.899,1441131304275,"210,896",75% bullish,of 4 ratings,$100.50
ACHC,$70.9,1441131304411,"152,468",50% bullish,of 2 ratings,$92
ACST,$0.3377,1441131304556,"9,101",100% bullish,of 2 ratings,N/A
ACAD,$36.32,1441131304650,"283,164",80% bullish,of 20 ratings,$48
XLRN,$28.73,1441131304684,"31,989",50% bullish,of 2 ratings,$57
AXDX,$19.6,1441131304705,"63,277",100% bearish,of 1 rating,N/A
VXDN,$1.68,1441131304739,"121,644",100% bearish,of 1 rating,N/A
ANCX,$19.925,1441131304762,"7,090",Not yet rated,NULL,$20
ARAY,$6.72,1441131304791,"213,794",100% bearish,of 1 rating,$10.50
VXUP,$1.8,1441131304837,"89,446",100% bearish,of 1 rating,N/A
ACRX,$4.33,1441131305013,"146,734",67% bearish,of 6 ratings,$5.50
AKAO,$6.92,1441131305109,"13,734",75% bullish,of 4 ratings,$15
ACHN,$7.14,1441131305138,"816,280",90% bullish,of 21 ratings,$16
ACET,$21.99,1441131305160,"32,710",75% bullish,of 4 ratings,$30
ACIW,$20.96,1441131305189,"127,181",67% bearish,of 3 ratings,$24
ACNB,$19.9099,1441131305210,"2,707",Not yet rated,NULL,N/A
ACOR,$31.51,1441131305351,"255,784",67% bearish,of 3 ratings,$38.50
ACTA,$13.9,1441131305481,"39,002",67% bearish,of 3 ratings,$25
ATVI,$27.77,1441131305511,"3,651,953",67% bullish,of 84 ratings,$31.50
ACPW,$1.95,1441131305618,"28,357",100% bullish,of 4 ratings,$3.25
ACUR,$2.8903,1441131305645,"8,459",100% bullish,of 5 ratings,$5
ACXM,$20.6,1441131305671,"83,124",67% bullish,of 3 ratings,N/A
ACTS,$1.64,1441131305695,"5,608",100% bearish,of 1 rating,N/A
ADMP,$3.65,1441131305835,"6,952",50% bullish,of 2 ratings,$10
ADMS,$19.83,1441131305862,"26,093",100% bearish,of 2 ratings,$36
ADAP,$11.47,1441131305892,"57,996",67% bullish,of 3 ratings,$22
AEY,$2.39,1441131305935,"7,665",100% bearish,of 2 ratings,N/A
ADUS,$28.15,1441131306004,"25,067",100% bearish,of 1 rating,$31
ADBE,$76.7,1441131306030,"836,960",65% bullish,of 17 ratings,$90
ADMA,$9.15,1441131306062,"2,845",Not yet rated,NULL,$19
ADEP,$6.66,1441131306113,"57,199",50% bullish,of 2 ratings,$10.75
ADTN,$15.89,1441131306244,"118,403",67% bullish,of 3 ratings,$17.125
ADRO,$19.28,1441131306435,"110,187",80% bullish,of 5 ratings,$45.50
ADXSW,$9.75,1441131306466,"6,278",100% bullish,of 1 rating,N/A
AEIS,$23.93,1441131306487,"73,560",50% bullish,of 2 ratings,$32.50
AMD,$1.775,1441131306534,"2,065,889",83% bullish,of 103 ratings,$2
MULT,NULL,1441131306561,0,100% bearish,of 1 rating,N/A
ADXS,$13.84,1441131306765,"259,861",64% bullish,of 14 ratings,$27
AEGR,$17.3,1441131306822,"155,187",50% bullish,of 6 ratings,$26
AEHR,$2.38,1441131306859,"5,937",50% bullish,of 2 ratings,N/A
AEPI,$53.71,1441131306890,"6,325",100% bearish,of 1 rating,N/A
AMTX,$2.89,1441131306924,"4,464",50% bullish,of 2 ratings,$26.11
YPRO,$22.95,1441131306995,"1,582",100% bearish,of 1 rating,N/A
AERI,$15.41,1441131307020,"266,549",75% bullish,of 4 ratings,$31.50
AEGN,$18.14,1441131307232,"44,980",100% bearish,of 2 ratings,$21
AVAV,$23.42,1441131307260,"31,300",50% bullish,of 4 ratings,$31
AFMD,$9.99,1441131307408,"43,309",50% bullish,of 4 ratings,$15
AEZS,$0.0868,1441131307433,"4,671,073",90% bullish,of 21 ratings,$1.50
AEMD,$7.4346,1441131307458,"14,243",Not yet rated,NULL,$27.50
AFFX,$9.04,1441131307505,"115,545",80% bullish,of 5 ratings,$12.50
AGEN,$6.9,1441131307538,"238,221",85% bullish,of 13 ratings,$14
AGYS,$10.14,1441131307635,"10,727",100% bearish,of 1 rating,N/A
AGRX,$8.4,1441131307665,"7,770",100% bearish,of 1 rating,$17.50
AIMT,$21.575,1441131307729,"66,679",Not yet rated,NULL,$35.50
AGFS,$9.84,1441131307764,"30,105",100% bearish,of 1 rating,N/A
AGFSW,$2.01,1441131307804,500,100% bearish,of 2 ratings,N/A
AIRM,$36.04,1441131307867,"118,422",80% bearish,of 5 ratings,$53
AIRT,$22.3,1441131307938,504,100% bullish,of 1 rating,N/A
AGIO,$84.41,1441131307996,"99,157",88% bullish,of 8 ratings,$114
ATSG,$8.79,1441131308131,"57,506",67% bullish,of 3 ratings,$13
AIXG,$6.31,1441131308260,"3,036",67% bearish,of 3 ratings,$5.25
AMCN,$4.45,1441131308285,"100,959",83% bullish,of 6 ratings,N/A
AKBA,$7.48,1441131308311,"140,335",100% bearish,of 1 rating,$18
AKAM,$70.4013,1441131308348,"675,901",63% bullish,of 8 ratings,$77.50
AKRX,$39.14,1441131308478,"260,749",78% bullish,of 9 ratings,$56
AKER,$2.5486,1441131308505,120,Not yet rated,NULL,N/A
ALRM,$15.93,1441131308575,"80,466",100% bearish,of 1 rating,$22
AMRI,$19.56,1441131308660,"76,878",75% bearish,of 4 ratings,$24
ABDC,$12.93,1441131308719,"3,500",Not yet rated,NULL,$15
ALSK,$2.19,1441131308799,"52,029",78% bullish,of 18 ratings,$2
ADHD,$8.2,1441131308851,"65,891",50% bullish,of 4 ratings,$18
ALDR,$38.49,1441131308902,"160,302",67% bearish,of 3 ratings,$62
ALDX,$6.8,1441131308927,"3,125",100% bearish,of 1 rating,$14.50
ALXA,$1.21,1441131309060,"17,580",83% bullish,of 6 ratings,$2.125
ALXN,$172.112,1441131309114,"704,076",88% bullish,of 8 ratings,$223
ALCO,$42.19,1441131309139,"2,972",50% bullish,of 2 ratings,N/A
ALGN,$54.42,1441131309274,"320,824",100% bearish,of 2 ratings,$73
ALLB,$22.82,1441131309354,202,Not yet rated,NULL,N/A
ALIM,$3.1,1441131309388,"41,880",80% bullish,of 5 ratings,$10
ALKS,$60.46,1441131309419,"535,078",67% bullish,of 3 ratings,$75
ALGT,$196.55,1441131309487,"92,180",100% bearish,of 2 ratings,$235
AFOP,$18.62,1441131309514,"98,615",75% bullish,of 8 ratings,$21
AIQ,$14.03,1441131309550,"5,254",67% bullish,of 3 ratings,N/A
ARLP,$25.506,1441131309717,"73,338",67% bearish,of 3 ratings,$32
AHPI,$1.45,1441131309762,400,50% bullish,of 2 ratings,N/A
AHGP,$35.66,1441131309816,"29,187",67% bullish,of 3 ratings,N/A
ALQA,$4.69,1441131309843,"19,345",75% bullish,of 4 ratings,$8.50
AMOT,$18.33,1441131309868,"54,547",100% bearish,of 1 rating,N/A
ALLT,$5.18,1441131309894,"22,864",75% bullish,of 4 ratings,$6.25
MDRX,$13.33,1441131310032,"624,183",60% bullish,of 5 ratings,$16
ALNY,$99.1499,1441131310073,"307,067",67% bullish,of 3 ratings,$151.50
AFAM,$44.08,1441131310175,"36,284",50% bullish,of 2 ratings,$44
SMCP,$22.9899,1441131310280,"2,400",Not yet rated,NULL,N/A
ATEC,$0.5826,1441131310306,"16,015",100% bullish,of 1 rating,$2
ALTR,$47.92,1441131310331,"1,042,021",80% bearish,of 5 ratings,$54
AOSL,$7.54,1441131310357,"26,501",67% bullish,of 3 ratings,$9
ASPS,$26.19,1441131310491,"104,606",67% bullish,of 3 ratings,$46.50
AIMC,$24.135,1441131310518,"34,838",100% bearish,of 2 ratings,$28.50
AMRN,$2.175,1441131310692,"633,086",85% bullish,of 39 ratings,$8
AMZN,$499.36,1441131310720,"1,059,473",81% bullish,of 265 ratings,$646
AYA,$20.5,1441131310795,"10,480",100% bearish,of 1 rating,$40
AMBC,$16.07,1441131310855,"56,990",100% bearish,of 1 rating,$16.50
AMRK,$10.6,1441131310880,600,50% bullish,of 2 ratings,$14
AMAG,$61.11,1441131310927,"232,797",100% bullish,of 2 ratings,$77.50
AMCX,$69.96,1441131311057,"108,846",67% bullish,of 3 ratings,$87.50
AMBA,$89.4215,1441131311087,"1,954,894",83% bullish,of 12 ratings,$102.50
AMBCW,NULL,1441131311128,0,100% bearish,of 1 rating,N/A
EPAX,$2.675,1441131311156,"40,573",100% bearish,of 1 rating,N/A
DOX,$56.25,1441131311184,"116,374",67% bearish,of 3 ratings,$60
AMDA,$0.48,1441131311215,"250,346",90% bullish,of 10 ratings,$1
AMED,$38.66,1441131311348,"145,769",100% bearish,of 1 rating,$42
UHAL,$366.38,1441131311379,"4,252",100% bullish,of 2 ratings,$393.50
ASBI,$22.7999,1441131311480,500,Not yet rated,NULL,N/A
ATAX,$5.36,1441131311507,"26,140",100% bullish,of 1 rating,$6.50
AAL,$39.59,1441131311641,"5,836,955",93% bullish,of 88 ratings,$57
AMOV,$17.85,1441131311662,"2,310",100% bearish,of 1 rating,N/A
AGNCB,$24.1655,1441131311743,"13,846",Not yet rated,NULL,N/A
MTGE,$15.22,1441131311877,"270,062",75% bullish,of 4 ratings,$19.50
AGNCP,$25.3172,1441131311909,"3,942",Not yet rated,NULL,N/A
MTGEP,$24.2745,1441131311941,550,Not yet rated,NULL,N/A
AGNC,$19.07,1441131311967,"977,917",71% bullish,of 28 ratings,$22
ACSF,$12.36,1441131312009,"12,541",100% bearish,of 1 rating,$15
ACAS,$13.631,1441131312041,"463,795",60% bullish,of 5 ratings,$16.75
ANCI,NULL,1441131312115,0,100% bearish,of 1 rating,N/A
AETI,NULL,1441131312174,0,67% bearish,of 3 ratings,N/A
AMIC,NULL,1441131312246,0,100% bearish,of 1 rating,N/A
AMNB,$23.32,1441131312427,"3,414",Not yet rated,NULL,$25.50
ANAT,$98.04,1441131312512,"17,780",100% bullish,of 1 rating,N/A
APEI,$21.72,1441131312557,"32,739",100% bearish,of 1 rating,$25.50
ARII,$40.21,1441131312582,"106,979",67% bearish,of 3 ratings,$45
AMRB,$9.8601,1441131312607,"3,747",Not yet rated,NULL,$11
AMWD,$65.01,1441131312642,"40,411",50% bullish,of 2 ratings,$70
ASEI,$38.82,1441131312737,"8,848",100% bearish,of 1 rating,$52.50
AMSWA,$8.76,1441131312763,"34,437",100% bearish,of 2 ratings,$10.75
AMSC,$5.1,1441131312836,"125,885",50% bullish,of 4 ratings,N/A
ABCB,$26.45,1441131313027,"22,622",Not yet rated,NULL,$31
ASRVP,NULL,1441131313055,0,Not yet rated,NULL,N/A
CRMT,$36.33,1441131313076,"25,003",100% bearish,of 1 rating,$39
ASRV,$3.22,1441131313106,"13,187",100% bullish,of 2 ratings,N/A
AMSF,$45.95,1441131313127,"6,819",Not yet rated,NULL,$57.50
AMGN,$148.5,1441131313262,"1,881,659",89% bullish,of 19 ratings,$185
ATLO,$23.45,1441131313328,"2,966",Not yet rated,NULL,N/A
FOLD,$14.46,1441131313357,"822,957",56% bullish,of 9 ratings,$21
AMSG,$76.087,1441131313460,"83,328",100% bearish,of 1 rating,$85.50
AMPH,$13.3,1441131313499,"118,796",50% bullish,of 2 ratings,$20
AFSI,$56.21,1441131313589,"187,653",60% bullish,of 5 ratings,$72
ASYS,$5.57,1441131313615,"15,518",67% bullish,of 3 ratings,$12
AMKR,$5.135,1441131313636,"882,199",100% bearish,of 2 ratings,$5
AMSGP,$148.51,1441131313683,400,Not yet rated,NULL,N/A
ANAC,$128.8012,1441131313844,"142,100",80% bullish,of 5 ratings,$180.50
ANAD,$0.3303,1441131314005,"127,171",100% bullish,of 2 ratings,$.50
ADI,$53.89,1441131314045,"1,068,243",75% bullish,of 4 ratings,$69
ALOG,$79.47,1441131314074,"22,563",100% bearish,of 2 ratings,$100.50
ANCB,$21.5,1441131314099,"1,100",Not yet rated,NULL,$23
AMRS,$1.785,1441131314125,"61,587",70% bullish,of 10 ratings,N/A
AMCF,$0.21,1441131314148,"7,670",100% bullish,of 7 ratings,N/A
ABCW,$40.04,1441131314295,"14,461",67% bullish,of 3 ratings,N/A
ANGI,$5.17,1441131314371,"146,238",64% bullish,of 11 ratings,$5.50
ANGO,$14.5,1441131314423,"31,280",67% bullish,of 3 ratings,$19
ANIK,$35.1,1441131314521,"54,571",60% bullish,of 5 ratings,$51.25
ANIP,$50.94,1441131314553,"127,467",89% bullish,of 19 ratings,$66
ANSS,$86.61,1441131314621,"154,407",100% bearish,of 1 rating,$100
ATRS,$1.86,1441131314649,"404,013",92% bullish,of 12 ratings,$4.50
ANTH,$6.84,1441131314714,"309,294",80% bullish,of 10 ratings,$13
ATNY,NULL,1441131314804,0,50% bullish,of 2 ratings,$3.75
ABAC,$0.76,1441131314861,"5,628",100% bearish,of 1 rating,N/A
APOG,$50.11,1441131314887,"52,897",50% bullish,of 2 ratings,$67
APIC,$6.36,1441131314943,"48,857",100% bearish,of 1 rating,$19
AINV,$6.365,1441131315039,"676,519",50% bullish,of 4 ratings,$8
APOL,$11,1441131315070,"452,297",87% bearish,of 68 ratings,$14
AAPL,$109.7299,1441131315095,"24,510,894",86% bullish,of 2358 ratings,$150
APPF,$15.47,1441131315120,"18,131",50% bullish,of 2 ratings,$22
APDN,$3.49,1441131315294,"28,817",Not yet rated,NULL,$9
AMAT,$15.67,1441131315380,"6,316,824",82% bullish,of 11 ratings,$23
APDNW,$1.48,1441131315430,"11,080",Not yet rated,NULL,N/A
AMCC,$5.68,1441131315455,"151,815",80% bullish,of 5 ratings,$8
AREX,$2.34,1441131315516,"422,187",50% bullish,of 2 ratings,$3
AGTC,$15.91,1441131315584,"32,213",50% bullish,of 2 ratings,$33
AAOI,$19.86,1441131315610,"93,141",50% bullish,of 4 ratings,$26
ARCI,$1.218,1441131315744,"1,020",Not yet rated,NULL,N/A
APRI,$1.74,1441131315802,"698,993",83% bullish,of 6 ratings,$4.86
AQXP,$16.75,1441131315907,"76,224",50% bullish,of 2 ratings,$2
AUMA,$9.9,1441131315971,100,Not yet rated,NULL,N/A
AQMS,$4.8,1441131316042,"7,415",Not yet rated,NULL,N/A
APTO,$5.21,1441131316071,"1,000",Not yet rated,NULL,$17
AUMAW,NULL,1441131316143,0,Not yet rated,NULL,N/A
AUMAU,NULL,1441131316205,0,Not yet rated,NULL,N/A
ARDM,$6.8209,1441131316268,"1,000",100% bullish,of 1 rating,$26
PETX,$17.6,1441131316332,"101,247",100% bearish,of 2 ratings,$26
ABUS,$6.86,1441131316359,"202,463",86% bullish,of 14 ratings,$23
ARCW,$3.61,1441131316389,"4,413",100% bearish,of 2 ratings,$10.50
ABIO,$0.8997,1441131316493,"13,028",50% bullish,of 2 ratings,$3.75
ARNA,$2.58,1441131316854,"883,689",90% bullish,of 78 ratings,$5.50
ARCB,$28.01,1441131316884,"71,552",67% bearish,of 3 ratings,$39.50
ACGL,$67.71,1441131316914,"214,569",50% bullish,of 2 ratings,$72
ACAT,$25.66,1441131316936,"27,600",100% bearish,of 3 ratings,$33
ARCC,$15.42,1441131316969,"933,075",67% bearish,of 3 ratings,$17.75
ARDX,$18.83,1441131316990,"37,466",50% bullish,of 2 ratings,$24.50
RKDA,$6.285,1441131317019,"5,527",100% bearish,of 2 ratings,$10
AGII,$55.14,1441131317070,"27,575",Not yet rated,NULL,$59.50
AGIIL,$25.34,1441131317203,158,Not yet rated,NULL,N/A
ARGS,$6.19,1441131317248,"34,222",50% bullish,of 2 ratings,$19.50
ARIA,$9.12,1441131317333,"2,416,678",87% bullish,of 46 ratings,$9
ARIS,$3.65,1441131317367,"8,556",Not yet rated,NULL,$4.50
ARTX,$1.47,1441131317388,"99,385",88% bullish,of 16 ratings,$4.50
ARMH,$41.39,1441131317427,"492,580",54% bearish,of 13 ratings,$60
ARKR,$24.74,1441131317461,42,50% bullish,of 2 ratings,N/A
ARWAR,NULL,1441131317707,0,Not yet rated,NULL,N/A
ARWAU,$10.2,1441131317738,200,100% bullish,of 1 rating,N/A
ARQL,$1.61,1441131317768,"48,415",75% bullish,of 4 ratings,$5
ARWA,NULL,1441131317794,0,Not yet rated,NULL,N/A
ARRY,$5.76,1441131317838,"539,887",100% bullish,of 7 ratings,$10
ARWAW,NULL,1441131317867,0,Not yet rated,NULL,N/A
ARRS,$25.85,1441131317968,"394,675",50% bullish,of 2 ratings,$38
DWAT,$9.6645,1441131318048,"8,900",100% bearish,of 1 rating,N/A
ARWR,$5.72,1441131318080,"282,984",75% bullish,of 4 ratings,$10.50
AROW,$27.06,1441131318104,"13,145",Not yet rated,NULL,N/A
ARTNA,$21.7925,1441131318189,"8,218",100% bearish,of 1 rating,$29
ASBB,$24.11,1441131318291,100,Not yet rated,NULL,N/A
ASNA,$12.05,1441131318359,"886,334",50% bullish,of 2 ratings,$18
ASND,$19.49,1441131318428,"29,207",50% bullish,of 2 ratings,$30
ASCMA,$27.36,1441131318464,"26,473",100% bearish,of 1 rating,$45
ARTW,$3.99,1441131318494,"11,316",75% bearish,of 4 ratings,N/A
ASTI,$0.2106,1441131318597,"14,684,088",83% bullish,of 6 ratings,$3
ASMI,NULL,1441131318623,0,NULL,NULL,NULL
APWC,$1.72,1441131318655,100,100% bearish,of 1 rating,N/A
AZPN,$37.47,1441131318757,"140,310",50% bullish,of 2 ratings,$42
ASML,$89.39,1441131318779,"275,279",50% bullish,of 4 ratings,$127
ASMB,$13.76,1441131318810,"28,155",67% bullish,of 3 ratings,N/A
ASFI,$8.87,1441131318835,"6,800",100% bullish,of 1 rating,N/A
ASUR,$5.42,1441131319136,"3,448",50% bullish,of 2 ratings,$8
ASTE,$38.26,1441131319170,"28,786",100% bearish,of 1 rating,$49
ALOT,$13.59,1441131319192,"1,196",100% bearish,of 1 rating,N/A
ATRO,$49.87,1441131319226,"37,445",100% bearish,of 2 ratings,$80
ATAI,$2.325,1441131319270,"24,786",100% bearish,of 1 rating,N/A
ATRA,$39.42,1441131319295,"55,425",50% bullish,of 2 ratings,$68
ASTC,$2.0884,1441131319320,"15,571",100% bullish,of 5 ratings,N/A
ATHN,$130.2,1441131319543,"79,462",67% bearish,of 3 ratings,$153
AAPC,$10.1,1441131319581,8,Not yet rated,NULL,N/A
AAME,$3.59,1441131319612,"1,003",Not yet rated,NULL,N/A
ATHX,$1.13,1441131319649,"61,051",89% bullish,of 9 ratings,$5
ACFC,$5.395,1441131319683,"17,797",100% bearish,of 1 rating,$6.50
AFCB,NULL,1441131319703,0,Not yet rated,NULL,N/A
ATLC,$3.9,1441131319740,"2,690",67% bullish,of 3 ratings,N/A
ATNI,$71.15,1441131319778,"19,036",100% bearish,of 1 rating,$69.50
AFH,$15.82,1441131320115,"37,437",Not yet rated,NULL,$21.50
AAWW,$38.765,1441131320147,"120,489",50% bullish,of 2 ratings,$65
ATOS,$0.7602,1441131320168,"23,928",100% bullish,of 7 ratings,$7
ATRC,$23.95,1441131320212,"52,887",100% bullish,of 1 rating,$30
ATTU,$12.74,1441131320253,"45,070",100% bearish,of 1 rating,$20.50
ATML,$7.895,1441131320300,"4,976,996",78% bullish,of 9 ratings,$9.50
ATRM,$2.72,1441131320326,400,50% bullish,of 2 ratings,N/A
LIFE,$14.0499,1441131320347,"32,301",86% bullish,of 7 ratings,$43
AUDC,$3.34,1441131320533,"41,474",80% bullish,of 5 ratings,$5
AUBN,$26.95,1441131320571,233,Not yet rated,NULL,N/A
AUPH,$3.4899,1441131320640,"42,306",100% bearish,of 1 rating,$8
EARS,$4.7,1441131320667,"13,054",100% bearish,of 2 ratings,$11
ADAT,$0.285,1441131320695,"74,724",100% bullish,of 2 ratings,N/A
ATRI,$382.61,1441131320720,506,Not yet rated,NULL,N/A
ADSK,$45.9,1441131320892,"1,573,365",67% bullish,of 6 ratings,$66
ABTL,$17.65,1441131320917,"33,993",100% bullish,of 4 ratings,$20.25
AVGO,$120.78,1441131320969,"1,532,338",88% bullish,of 8 ratings,$165
ADP,$75.39,1441131320998,"774,677",100% bearish,of 1 rating,$88
AAVL,$10.28,1441131321105,"121,552",100% bearish,of 1 rating,$20
AVNU,$12.58,1441131321133,"10,340",Not yet rated,NULL,$14
AVNW,$1.18,1441131321158,"19,450",50% bullish,of 2 ratings,N/A
AVEO,$1.385,1441131321184,"394,637",75% bullish,of 8 ratings,$3
AVID,$8.365,1441131321325,"226,005",100% bearish,of 1 rating,$20
AWRE,$3.2275,1441131321370,"4,937",67% bullish,of 3 ratings,N/A
AVGR,$14.75,1441131321401,"12,004",100% bearish,of 1 rating,$20
CAR,$43.23,1441131321458,"534,286",80% bullish,of 5 ratings,$60
ACLS,$3.17,1441131321501,"162,694",67% bullish,of 6 ratings,$4.75
AXPW,$1.8499,1441131321563,"1,598,590",83% bullish,of 6 ratings,N/A
AXPWW,$1.0001,1441131321668,100,Not yet rated,NULL,N/A
AXGN,$4.64,1441131321726,"38,218",Not yet rated,NULL,$5
AXTI,$2.21,1441131321806,"6,507",50% bullish,of 2 ratings,$2.75
BCOM,NULL,1441131321865,0,100% bearish,of 1 rating,N/A
RILY,NULL,1441131321904,0,Not yet rated,NULL,N/A
BOSC,$2.1501,1441131321929,200,50% bullish,of 2 ratings,N/A
BEAV,$47.77,1441131322001,"496,130",67% bearish,of 3 ratings,$59
BIDU,$144,1441131322151,"1,656,295",81% bullish,of 88 ratings,$210
BLDP,$1.34,1441131322206,"155,133",91% bullish,of 22 ratings,$2.50
BWINA,NULL,1441131322235,0,Not yet rated,NULL,N/A
BCPC,$57.69,1441131322289,"39,799",100% bearish,of 1 rating,$75
BWINB,$22.6,1441131322340,"3,000",Not yet rated,NULL,N/A
BANF,$58.56,1441131322394,"11,623",Not yet rated,NULL,$68
BANFP,NULL,1441131322418,0,Not yet rated,NULL,N/A
BKMU,$7.06,1441131322484,"14,938",Not yet rated,NULL,$8
BOCH,$5.75,1441131322555,"4,534",Not yet rated,NULL,$6.50
BMRC,$47.75,1441131322701,"1,834",Not yet rated,NULL,$52
BOTJ,$11.11,1441131322770,25,Not yet rated,NULL,N/A
OZRK,$40,1441131322800,"220,550",67% bullish,of 3 ratings,$49.50
BFIN,$12.165,1441131322830,"5,950",Not yet rated,NULL,$13
BKSC,NULL,1441131322864,0,Not yet rated,NULL,N/A
BWFG,$18.18,1441131322896,300,100% bearish,of 1 rating,N/A
BZUN,$4.96,1441131322963,"103,357",50% bullish,of 2 ratings,$11.50
BANR,$43.22,1441131322990,"29,472",100% bullish,of 3 ratings,$50
TAPR,$33.6,1441131323122,150,100% bearish,of 1 rating,N/A
BHACU,NULL,1441131323215,0,Not yet rated,NULL,N/A
BHAC,$9.82,1441131323253,520,Not yet rated,NULL,N/A
BHACR,NULL,1441131323298,0,Not yet rated,NULL,N/A
BHACW,NULL,1441131323384,0,Not yet rated,NULL,N/A
BBSI,$34.6,1441131323513,"21,542",67% bearish,of 3 ratings,$62.50
BYBK,$5.01,1441131323538,713,100% bearish,of 1 rating,N/A
BSET,$28.315,1441131323569,"18,628",100% bearish,of 1 rating,$35
BBCN,$13.96,1441131323609,"87,555",100% bearish,of 1 rating,$16
BYLK,$12.91,1441131323635,"12,301",Not yet rated,NULL,$14
BV,$5.21,1441131323673,"220,317",67% bullish,of 6 ratings,$9
BCBP,$11.54,1441131323714,892,Not yet rated,NULL,N/A
BDCV,$4.94,1441131323851,"7,381",100% bearish,of 1 rating,$10.19
BECN,$35.06,1441131323878,"74,844",50% bullish,of 2 ratings,$40
BBGI,$4.25,1441131324008,549,100% bearish,of 1 rating,N/A
BEBE,$1.3,1441131324090,"339,920",75% bullish,of 4 ratings,$2.125
BELFB,$17.42,1441131324187,"11,482",100% bearish,of 1 rating,N/A
BSF,$8.57,1441131324216,"2,613",Not yet rated,NULL,N/A
BLPH,$4.64,1441131324241,"22,984",100% bearish,of 1 rating,$12.50
BBBY,$60.79,1441131324265,"563,788",71% bullish,of 7 ratings,$75
BELFA,$14.87,1441131324409,218,100% bearish,of 1 rating,N/A
BNCL,$12.315,1441131324438,"185,224",100% bullish,of 3 ratings,$12.50
BNFT,$35.4,1441131324469,"65,187",67% bullish,of 3 ratings,$46
BLCM,$16.67,1441131324505,"48,816",50% bullish,of 4 ratings,$40
BNTC,$7.66,1441131324572,"7,447",100% bullish,of 1 rating,N/A
BGFV,$11,1441131324715,"55,080",57% bullish,of 7 ratings,$12
BGMD,$0.6901,1441131324740,"18,897",100% bullish,of 10 ratings,N/A
BGCP,$8.705,1441131324769,"449,071",88% bullish,of 8 ratings,$14
ORPN,$5.74,1441131324870,"4,000",100% bullish,of 1 rating,$28.50
BIOC,$1.9663,1441131325003,"80,493",83% bullish,of 6 ratings,$3.85
BCDA,NULL,1441131325041,0,Not yet rated,NULL,N/A
BASI,$1.64,1441131325070,"2,625",Not yet rated,NULL,N/A
BIOD,$0.7096,1441131325096,"106,320",80% bullish,of 5 ratings,$4
BCRX,$11.15,1441131325133,"301,486",63% bullish,of 8 ratings,$18
BIND,$4.7708,1441131325163,"86,527",75% bullish,of 4 ratings,$13.50
BDSI,$6.534,1441131325185,"481,222",88% bullish,of 8 ratings,$17
BIIB,$297.31,1441131325241,"754,914",88% bullish,of 16 ratings,$400
BLFS,$2.61,1441131325374,"348,316",100% bearish,of 1 rating,$4.75
BIOL,$1.55,1441131325407,"20,004",Not yet rated,NULL,N/A
BLRX,$1.52,1441131325506,"67,478",100% bullish,of 12 ratings,$5
BMRN,$125.63,1441131325535,"404,419",80% bullish,of 5 ratings,$160
BRLI,NULL,1441131325636,0,NULL,NULL,NULL
BVXVW,$0.7,1441131325665,"4,500",100% bearish,of 1 rating,N/A
BVXV,$3.53,1441131325774,"5,812",Not yet rated,NULL,N/A
BPTH,$1.1579,1441131325799,"251,552",100% bullish,of 2 ratings,$5
BIOS,$2.34,1441131325835,"457,492",71% bullish,of 7 ratings,$4
BBP,$32.08,1441131325929,"23,905",Not yet rated,NULL,N/A
BBC,$30.9,1441131325985,"12,147",Not yet rated,NULL,N/A
BSPM,$0.65,1441131326010,"6,760",50% bullish,of 2 ratings,N/A
BEAT,$14.63,1441131326183,"252,669",67% bearish,of 3 ratings,$15
BOTA,$2.2097,1441131326217,"24,460",88% bullish,of 8 ratings,N/A
TECH,$92.71,1441131326243,"48,373",100% bullish,of 1 rating,$117
BSTC,$48.31,1441131326269,"12,758",100% bearish,of 1 rating,$76
BITI,$17,1441131326322,"4,586",100% bullish,of 1 rating,$28
BDMS,NULL,1441131326452,0,100% bearish,of 1 rating,N/A
BBOX,$14.81,1441131326581,"43,563",100% bearish,of 1 rating,N/A
HAWK,$38.14,1441131326674,"172,664",91% bullish,of 11 ratings,$49
BKCC,$9.31,1441131326708,"108,621",50% bullish,of 2 ratings,$10
BJRI,$43.07,1441131326730,"75,440",50% bullish,of 2 ratings,$55
BDE,$7.17,1441131326761,"43,744",50% bullish,of 2 ratings,$9
BBRY,$7.43,1441131326801,"1,558,571",61% bullish,of 330 ratings,$9
BLKB,$55.78,1441131326831,"49,777",100% bearish,of 2 ratings,$66
ADRA,$26.2301,1441131327032,"7,362",100% bearish,of 1 rating,N/A
ADRE,$29.0631,1441131327059,"2,489",100% bearish,of 1 rating,N/A
BLMN,$20.61,1441131327106,"491,505",83% bullish,of 6 ratings,$27.50
ADRD,$21.3836,1441131327134,"75,681",100% bearish,of 1 rating,N/A
ADRU,$21.1812,1441131327235,100,100% bearish,of 1 rating,N/A
BCOR,$13.475,1441131327266,"92,100",57% bullish,of 7 ratings,$15
BLBD,$11.75,1441131327405,"5,096",Not yet rated,NULL,N/A
BHBK,$13.65,1441131327540,"45,213",100% bullish,of 1 rating,$14.50
NILE,$33.6,1441131327569,"35,190",50% bullish,of 2 ratings,$34
BBLU,$0.7782,1441131327590,"37,291",100% bullish,of 2 ratings,$4.43
BLUE,$129.24,1441131327611,"189,356",71% bullish,of 7 ratings,$217.50
BUFF,$24.26,1441131327649,"393,688",83% bullish,of 12 ratings,$31.50
BKEP,$6.18,1441131327669,"5,293",100% bearish,of 1 rating,$8.50
BKEPP,$7.4,1441131327816,100,100% bearish,of 1 rating,N/A
BPMC,$27.045,1441131327908,"23,094",50% bullish,of 2 ratings,$47.50
BNCN,$20.4,1441131327966,"31,734",Not yet rated,NULL,$24
WIFI,$7.37,1441131327991,"44,603",50% bullish,of 2 ratings,$13.50
BOBE,$44.38,1441131328040,"76,850",75% bullish,of 4 ratings,$57
BOJA,$20.82,1441131328131,"65,002",100% bullish,of 1 rating,$30
BOFI,$111.26,1441131328220,"114,695",100% bullish,of 6 ratings,$144
BOKF,$60.5499,1441131328272,"116,148",100% bearish,of 1 rating,$69
BPFH,$11.37,1441131328297,"154,718",100% bearish,of 1 rating,$14
BONA,$11.4,1441131328352,"97,398",75% bullish,of 4 ratings,$8.50
BNSO,$1.282,1441131328408,"1,800",100% bearish,of 1 rating,N/A
BAMM,$3.18,1441131328429,"9,974",60% bullish,of 5 ratings,N/A
BPFHW,NULL,1441131328464,0,100% bearish,of 1 rating,N/A
BPFHP,$25,1441131328569,"2,940",100% bearish,of 1 rating,N/A
EPAY,$26.46,1441131328703,"57,044",100% bearish,of 2 ratings,$30
BDBD,$8.37,1441131328729,"382,167",60% bullish,of 5 ratings,$10
BCLI,$3.07,1441131328807,"26,956",80% bullish,of 5 ratings,$12
BBEP,$2.73,1441131328937,"843,313",69% bullish,of 13 ratings,$5.625
BDGE,$26.03,1441131329036,"4,575",Not yet rated,NULL,$31.75
BLIN,NULL,1441131329062,0,100% bullish,of 2 ratings,$2.20
BBRG,$12.09,1441131329091,"37,045",67% bullish,of 3 ratings,$14.50
BBEPP,$14.15,1441131329117,"19,431",100% bearish,of 1 rating,N/A
BRID,NULL,1441131329138,0,100% bearish,of 1 rating,N/A
BCOV,$5.26,1441131329273,"56,370",67% bullish,of 3 ratings,$10.20
BRCM,$49.91,1441131329309,"2,858,395",69% bullish,of 13 ratings,$56
BYFC,$1.45,1441131329403,502,50% bullish,of 2 ratings,N/A
BSFT,$31.71,1441131329439,"84,021",57% bullish,of 7 ratings,$40.50
BVSN,$5.883,1441131329502,"1,800",60% bearish,of 5 ratings,N/A
BWEN,$3.16,1441131329532,"6,293",75% bullish,of 4 ratings,$8
BRCD,$10.26,1441131329682,"1,530,476",92% bullish,of 13 ratings,$11.50
BMTC,$28.72,1441131329745,"20,317",Not yet rated,NULL,$34
BRKS,$10.36,1441131329779,"56,429",67% bullish,of 3 ratings,$15.25
BRKL,$10.125,1441131329813,"235,222",100% bearish,of 1 rating,$10.75
BWLD,$190.76,1441131329944,"149,750",82% bullish,of 11 ratings,$205
BLMT,$20.7,1441131329983,"5,349",Not yet rated,NULL,N/A
BSQR,$6.04,1441131330014,"32,531",67% bullish,of 3 ratings,N/A
BRKR,$17.91,1441131330044,"121,661",100% bearish,of 2 ratings,$22
BUR,$1.797,1441131330117,"4,294",100% bearish,of 1 rating,$8
BLDR,$14.3,1441131330146,"339,103",67% bullish,of 3 ratings,$22
CFFI,$35.0792,1441131330250,649,100% bearish,of 1 rating,N/A
CHRW,$66.3,1441131330305,"517,954",Not yet rated,NULL,$72
CCMP,$42.33,1441131330387,"17,021",50% bullish,of 2 ratings,$59
CDNS,$19.805,1441131330475,"721,804",75% bullish,of 4 ratings,$22.50
CA,$26.56,1441131330502,"803,146",50% bullish,of 4 ratings,$33
CACQ,$7.152,1441131330635,"16,667",100% bearish,of 1 rating,$12.25
PRSS,$4.26,1441131330661,"4,136",80% bullish,of 5 ratings,$4.50
CDZI,$8.07,1441131330683,"6,848",100% bearish,of 1 rating,N/A
CZR,$9.25,1441131330718,"391,338",60% bearish,of 5 ratings,$10.50
CSTE,$39.09,1441131330746,"47,604",50% bullish,of 2 ratings,$65
CLMS,$10.21,1441131330818,"32,660",Not yet rated,NULL,$10.50
CLBS,$1.65,1441131330878,"230,198",79% bullish,of 14 ratings,$4
CHY,$11.21,1441131331028,"221,309",Not yet rated,NULL,N/A
CHI,$10.45,1441131331059,"160,624",100% bearish,of 1 rating,N/A
CFGE,$10.34,1441131331129,80,Not yet rated,NULL,N/A
CCD,$18.98,1441131331161,"47,712",Not yet rated,NULL,N/A
CGO,$11.88,1441131331236,"19,054",100% bearish,of 1 rating,N/A
CHW,$7.4383,1441131331295,"67,754",100% bearish,of 1 rating,N/A
CAMP,$16.04,1441131331368,"222,942",88% bullish,of 8 ratings,$25
CSQ,$9.69,1441131331397,"225,485",Not yet rated,NULL,N/A
CFNB,$13.26,1441131331418,101,100% bearish,of 1 rating,N/A
CVGW,$56.91,1441131331453,"43,565",50% bullish,of 2 ratings,$62
CALA,$5.6,1441131331554,"174,788",100% bullish,of 3 ratings,$19.50
CALM,$51.7,1441131331584,"240,189",80% bullish,of 5 ratings,$63.50
CALD,$15.79,1441131331623,"196,444",100% bearish,of 1 rating,$21
CLMT,$25.4831,1441131331762,"96,517",75% bullish,of 8 ratings,$31
ABCD,$5.03,1441131331790,"73,910",83% bullish,of 6 ratings,N/A
CAMB,$9.95,1441131331815,"1,856",Not yet rated,NULL,N/A
CAMBU,NULL,1441131331866,0,100% bearish,of 1 rating,N/A
CAMT,$2.62,1441131331999,"21,359",73% bullish,of 11 ratings,$4
CAC,$40.01,1441131332027,"2,682",Not yet rated,NULL,N/A
CAMBW,NULL,1441131332048,0,Not yet rated,NULL,N/A
CSIQ,$18.17,1441131332080,"862,008",86% bullish,of 28 ratings,$42.50
CBNJ,$11.07,1441131332194,"5,785",100% bearish,of 1 rating,N/A
CPHC,NULL,1441131332278,0,100% bearish,of 1 rating,N/A
CPLA,$48.42,1441131332310,"46,929",67% bearish,of 3 ratings,$65
CCBG,$15.1,1441131332382,"14,690",Not yet rated,NULL,$17.25
CBF,$30.25,1441131332407,"85,731",Not yet rated,NULL,$32
CGIX,$9.64,1441131332481,"7,575",67% bullish,of 3 ratings,$14.375
CPLP,$7.04,1441131332544,"113,137",71% bullish,of 7 ratings,$11
CSWC,$44.55,1441131332569,"9,703",Not yet rated,NULL,N/A
CFFN,$11.71,1441131332698,"444,154",Not yet rated,NULL,$12.75
CPTA,$13.69,1441131332755,"23,082",100% bearish,of 1 rating,$18.50
CAPN,$2.23,1441131332787,"49,013",100% bullish,of 1 rating,$10.85
CAPNW,NULL,1441131332816,0,Not yet rated,NULL,N/A
CAPR,$4.71,1441131332842,"7,923",Not yet rated,NULL,$12
CARA,$18.6,1441131332883,"57,922",50% bullish,of 4 ratings,$25
CPST,$0.3852,1441131332976,"486,829",95% bullish,of 22 ratings,$1.25
CARB,$11.06,1441131333118,"63,672",75% bullish,of 4 ratings,$12
CBYL,$5.06,1441131333175,"7,786",100% bearish,of 1 rating,$20
CRDC,$0.32,1441131333206,"145,261",100% bullish,of 1 rating,$1.25
CFNL,$21.62,1441131333278,"36,731",Not yet rated,NULL,$24
CRME,$9.11,1441131333304,"5,700",89% bullish,of 9 ratings,$11.25
CATM,$33.78,1441131333385,"98,145",100% bearish,of 1 rating,$44
CSII,$23.98,1441131333434,"137,548",100% bearish,of 2 ratings,$42.125
CECO,$3.665,1441131333523,"83,139",67% bearish,of 3 ratings,$6
CTRE,$10.81,1441131333587,"82,685",50% bullish,of 2 ratings,$13.50
CDNA,$6.84,1441131333617,"2,703",100% bearish,of 1 rating,$9
CARO,$15.4899,1441131333653,"2,680",100% bearish,of 1 rating,$19
CLBH,$12.59,1441131333679,"3,209",Not yet rated,NULL,$16.50
CKEC,$23.19,1441131333707,"66,252",50% bullish,of 2 ratings,$35.915
CRZO,$35.005,1441131333895,"549,191",67% bearish,of 3 ratings,$54.50
CART,NULL,1441131333920,0,100% bearish,of 1 rating,N/A
TAST,$12.73,1441131333979,"64,996",Not yet rated,NULL,$14.25
CRTN,$2.51,1441131334111,404,100% bearish,of 1 rating,N/A
CASM,$1.18,1441131334138,"42,384",100% bullish,of 1 rating,$3.50
CACB,$5.32,1441131334159,"10,983",Not yet rated,NULL,$5.50
CARV,$5.8101,1441131334198,100,50% bullish,of 2 ratings,N/A
CWST,$6.115,1441131334294,"21,073",50% bullish,of 2 ratings,$7.25
CASY,$104.51,1441131334322,"90,232",50% bullish,of 2 ratings,$99.50
CSCD,$15.08,1441131334350,"5,305",100% bullish,of 2 ratings,$17
CASI,$1.4101,1441131334518,"3,248",100% bullish,of 1 rating,$3.50
CASS,$47.5,1441131334546,"4,968",100% bearish,of 1 rating,N/A
CATB,$10.91,1441131334582,"8,406",100% bearish,of 1 rating,$28
CATYW,NULL,1441131334675,0,100% bearish,of 1 rating,N/A
CATY,$28.55,1441131334700,"242,136",100% bearish,of 1 rating,$33.50
CPRX,$3.65,1441131334844,"214,318",71% bullish,of 7 ratings,$7
CVCO,$71.79,1441131334948,"12,005",100% bearish,of 1 rating,N/A
CBFV,$21.4308,1441131335080,"1,350",Not yet rated,NULL,$25
CNLMW,$0.3,1441131335110,"3,100",Not yet rated,NULL,N/A
CAVM,$66.13,1441131335131,"143,119",67% bearish,of 3 ratings,$72
CNLM,NULL,1441131335159,0,Not yet rated,NULL,N/A
CNLMU,NULL,1441131335180,0,100% bullish,of 1 rating,N/A
CNLMR,$0.34,1441131335213,114,Not yet rated,NULL,N/A
CDK,$48.34,1441131335412,"236,566",67% bearish,of 3 ratings,$50
CDW,$38.56,1441131335439,"316,762",75% bullish,of 4 ratings,$44
CELG,$116.48,1441131335523,"2,191,822",92% bullish,of 13 ratings,$155.50
CBOE,$62.72,1441131335574,"164,259",Not yet rated,NULL,$60
CECE,$9.34,1441131335622,"33,882",50% bullish,of 2 ratings,$16
CPXX,$2.23,1441131335651,"50,713",100% bullish,of 2 ratings,$7
CLDN,$1.175,1441131335755,"131,403",71% bullish,of 7 ratings,$3
CLDX,$14.47,1441131335939,"449,048",89% bullish,of 9 ratings,$36
CLRB,$3.06,1441131335975,"2,860",100% bearish,of 1 rating,N/A
CLLS,$33.1799,1441131336043,"42,996",75% bullish,of 4 ratings,$51.50
CELGZ,$1.68,1441131336072,"9,000",80% bullish,of 5 ratings,N/A
CLRBW,NULL,1441131336101,0,Not yet rated,NULL,N/A
CBMG,$23.35,1441131336126,"59,493",50% bullish,of 2 ratings,N/A
CLSN,$2.1,1441131336157,"11,220",80% bullish,of 10 ratings,$7.50
CLTX,$2.5,1441131336258,"98,103",100% bullish,of 2 ratings,N/A
CYAD,$47.165,1441131336313,"1,008",100% bullish,of 1 rating,$87.50
CETX,$2.4218,1441131336584,"14,666",Not yet rated,NULL,$5.60
CSFL,$13.41,1441131336714,"44,386",Not yet rated,NULL,$15
CENT,$12.39,1441131336763,"42,100",Not yet rated,NULL,$10
CFBK,$1.34,1441131336788,200,Not yet rated,NULL,N/A
CVCY,$11.28,1441131336823,"1,255",Not yet rated,NULL,$12
CEMP,$33.04,1441131336844,"214,717",71% bullish,of 7 ratings,$52
CENX,$5.45,1441131336920,"963,229",67% bullish,of 6 ratings,$9
CETV,$2.1,1441131336945,"30,009",67% bullish,of 3 ratings,$2.80
CNBKA,$40.3,1441131337105,100,50% bullish,of 2 ratings,N/A
CERE,$1.12,1441131337186,"177,969",88% bullish,of 8 ratings,N/A
CRNT,$1.425,1441131337214,"62,239",50% bullish,of 2 ratings,$2
CENTA,$12.65,1441131337242,"85,112",Not yet rated,NULL,N/A
CNTY,$5.77,1441131337272,"4,591",80% bullish,of 5 ratings,$7.75
CPHD,$47.4,1441131337376,"196,349",67% bearish,of 3 ratings,$66.50
CERN,$59.985,1441131337539,"663,850",67% bullish,of 3 ratings,$79
CERU,$4.17,1441131337599,"33,278",75% bullish,of 4 ratings,$14
CEVA,$19.2,1441131337624,"29,670",100% bearish,of 1 rating,$25
KOOL,$0.691,1441131337686,"54,737",100% bullish,of 5 ratings,$7
CERS,$4.74,1441131337711,"153,035",75% bullish,of 4 ratings,$7
HOTRW,NULL,1441131337759,0,Not yet rated,NULL,N/A
CYOU,$19.05,1441131337847,"78,436",50% bullish,of 6 ratings,$24
HOTR,$1.365,1441131337903,"141,486",100% bullish,of 2 ratings,$5
GTLS,$23.93,1441131337955,"196,434",50% bullish,of 4 ratings,$40
CHTR,$178.27,1441131338035,"444,881",100% bearish,of 2 ratings,$202
CTHR,$1.2501,1441131338088,"1,869",50% bullish,of 2 ratings,$2.50
CHFN,$12.46,1441131338179,"3,727",Not yet rated,NULL,$14
CHKP,$77.4495,1441131338217,"656,827",50% bullish,of 4 ratings,$92
CHEK,$2.06,1441131338242,"1,600",Not yet rated,NULL,$7.75
CHEKW,NULL,1441131338310,0,Not yet rated,NULL,N/A
CHFC,$31.03,1441131338454,"14,803",100% bearish,of 1 rating,$36
CHMG,$26.35,1441131338587,700,Not yet rated,NULL,$30
CEMI,$4.19,1441131338620,"7,814",50% bullish,of 2 ratings,$7.50
CCXI,$6.08,1441131338669,"35,718",67% bullish,of 3 ratings,$14
CHEV,$14.47,1441131338754,404,Not yet rated,NULL,N/A
CHMA,$25.9,1441131338798,"55,792",Not yet rated,NULL,$40
PLCE,$58.55,1441131338824,"77,419",100% bearish,of 1 rating,$69
CHKE,$25.82,1441131338845,"9,716",100% bearish,of 1 rating,$32.50
CBNK,$16.39,1441131339055,600,100% bearish,of 1 rating,N/A
CMRX,$48.19,1441131339084,"72,330",50% bullish,of 2 ratings,$57
CADC,$2.89,1441131339123,"1,000",78% bullish,of 9 ratings,N/A
CALI,$0.85,1441131339187,"10,357",67% bullish,of 3 ratings,N/A
CBAK,$1.8699,1441131339338,"22,560",67% bullish,of 9 ratings,N/A
CAAS,$6.07,1441131339413,"8,238",93% bullish,of 14 ratings,$11.50
CBPO,$93.59,1441131339445,"80,048",75% bullish,of 8 ratings,$140.50
CCCR,$0.66,1441131339466,"1,800",67% bearish,of 3 ratings,N/A
CHOP,$1.14,1441131339487,"8,999",50% bullish,of 2 ratings,N/A
CCCL,$0.7799,1441131339530,"1,200",100% bullish,of 6 ratings,N/A
JRJC,$3.45,1441131339551,"61,349",82% bullish,of 11 ratings,N/A
CHLN,$1.9431,1441131339639,"2,100",67% bullish,of 3 ratings,N/A
HGSH,$1.84,1441131339682,"7,500",67% bullish,of 3 ratings,N/A
CJJD,$1.88,1441131339775,"1,600",100% bullish,of 1 rating,N/A
CNIT,$1.24,1441131339828,"70,442",67% bullish,of 6 ratings,N/A
HTHT,$25.52,1441131339907,"41,896",50% bullish,of 2 ratings,$28.40
CHNR,$1.5605,1441131340050,500,100% bearish,of 1 rating,N/A
CXDC,$5.89,1441131340124,"19,662",67% bearish,of 3 ratings,N/A
CREG,$0.665,1441131340193,"6,649",100% bullish,of 3 ratings,N/A
CPGI,$6.84,1441131340221,200,Not yet rated,NULL,N/A
CNET,$0.8537,1441131340416,"14,665",50% bullish,of 2 ratings,N/A
IMOS,$18.76,1441131340446,"105,262",60% bullish,of 5 ratings,$21.50
CHSCL,$27.121,1441131340475,"7,326",Not yet rated,NULL,N/A
CCIH,$7.3701,1441131340501,"140,098",67% bullish,of 6 ratings,$12.65
CSUN,$1.4397,1441131340531,"5,647",80% bullish,of 5 ratings,N/A
CNYD,$3.15,1441131340637,"3,602",67% bullish,of 3 ratings,N/A
CHSCM,$26.3014,1441131340695,"9,284",Not yet rated,NULL,N/A
CHSCN,$26.8356,1441131340798,"9,450",Not yet rated,NULL,N/A
CHSCO,$28.34,1441131340929,"2,841",Not yet rated,NULL,N/A
CHSCP,$30.5267,1441131340954,269,Not yet rated,NULL,N/A
CHDN,$132.59,1441131341097,"23,559",Not yet rated,NULL,$165
CDTX,$14.44,1441131341132,"18,948",Not yet rated,NULL,$22
CIFC,$7.19,1441131341233,"1,600",100% bearish,of 1 rating,N/A
CNTF,$0.8197,1441131341261,"46,179",Not yet rated,NULL,N/A
CMCT,$15.3,1441131341291,808,100% bearish,of 1 rating,N/A
CHUY,$30.39,1441131341317,"44,356",50% bullish,of 2 ratings,$34
CMPR,$68.29,1441131341395,"108,082",50% bullish,of 2 ratings,$72.50
CIDM,$0.5601,1441131341456,"110,827",50% bullish,of 2 ratings,$2.10
CINF,$51,1441131341563,"192,908",50% bullish,of 4 ratings,$50.50
CTAS,$83.55,1441131341696,"146,088",100% bearish,of 1 rating,$91
CRUS,$29.11,1441131341722,"261,951",75% bullish,of 12 ratings,$44.50
CSCO,$25.3,1441131341749,"11,097,216",83% bullish,of 210 ratings,$32
CPHR,$5.2,1441131341780,"7,350",100% bearish,of 1 rating,$17
CTRN,$26.03,1441131341872,"27,183",100% bearish,of 1 rating,$31.50
CTXS,$65.89,1441131342018,"661,523",86% bullish,of 7 ratings,$80
CZFC,$12.7,1441131342048,200,Not yet rated,NULL,N/A
CIZN,NULL,1441131342069,0,Not yet rated,NULL,N/A
CZNC,$19.72,1441131342103,"1,700",Not yet rated,NULL,N/A
CZWI,$8.95,1441131342124,100,Not yet rated,NULL,N/A
CIVB,$10.061,1441131342200,"4,219",Not yet rated,NULL,$11
CDTI,$1.58,1441131342343,"69,680",75% bullish,of 4 ratings,$3.20
CHCO,$46.56,1441131342377,"14,226",Not yet rated,NULL,$46
CLNE,$5.159,1441131342414,"417,397",80% bullish,of 15 ratings,$9
CIVBP,NULL,1441131342475,0,Not yet rated,NULL,N/A
CLNT,$1.43,1441131342559,"14,455",75% bullish,of 8 ratings,N/A
CLIR,$4.695,1441131342691,"18,095",100% bullish,of 3 ratings,N/A
CLRO,$11.303,1441131342717,"1,352",50% bullish,of 2 ratings,$14.25
CBLI,$4.04,1441131342754,"26,857",60% bullish,of 5 ratings,N/A
CSBK,$13.68,1441131342785,"27,615",Not yet rated,NULL,N/A
CCNE,$16.97,1441131342850,"6,197",50% bullish,of 2 ratings,$21.50
CLFD,$16.9688,1441131342877,"47,862",67% bullish,of 3 ratings,$18
CLVS,$79.28,1441131342903,"278,623",60% bullish,of 5 ratings,$101.50
CME,$91.47,1441131343065,"470,388",67% bullish,of 3 ratings,$102
CMFN,$11.5087,1441131343106,"3,666",100% bearish,of 1 rating,$15.50
CISG,$7.6,1441131343170,"35,054",100% bullish,of 5 ratings,$10
CNV,$4.44,1441131343242,"25,382",50% bullish,of 2 ratings,$7.15
COBZ,$12.54,1441131343312,"16,153",100% bullish,of 1 rating,$14
CWAY,$11.12,1441131343368,"2,604",Not yet rated,NULL,N/A
COKE,$153.03,1441131343470,"12,756",79% bullish,of 19 ratings,N/A
CDXS,$3.62,1441131343498,"6,670",64% bullish,of 11 ratings,$6
CVLY,$21,1441131343523,366,Not yet rated,NULL,N/A
CDRB,$11.64,1441131343551,"6,895",67% bullish,of 3 ratings,N/A
CCOI,$27.39,1441131343691,"100,275",50% bullish,of 4 ratings,$35
JVA,$4.6299,1441131343722,"4,668",83% bullish,of 6 ratings,$7
CGNX,$34.44,1441131343795,"139,100",50% bullish,of 2 ratings,$47
CTSH,$61.3299,1441131343823,"1,623,537",90% bullish,of 10 ratings,$75
CGNT,$1.5272,1441131343852,"2,500",100% bullish,of 2 ratings,$2
COHR,$56.17,1441131343952,"25,774",50% bullish,of 2 ratings,$72
CHRS,$27.13,1441131344081,"21,078",67% bearish,of 3 ratings,$37
CLRX,$0.6699,1441131344174,"109,422",50% bullish,of 2 ratings,N/A
COHU,$9.47,1441131344210,"32,206",100% bearish,of 1 rating,$14.25
CIGI,$44.12,1441131344250,"38,809",100% bearish,of 1 rating,$52
CLCT,$17.8927,1441131344280,"38,909",100% bearish,of 1 rating,N/A
COLL,$13.05,1441131344301,"59,150",100% bearish,of 1 rating,$26
CLCD,$6.1799,1441131344382,"30,282",100% bearish,of 1 rating,$20.50
CBAN,$8.8,1441131344436,400,Not yet rated,NULL,N/A
COLB,$28.96,1441131344466,"52,361",Not yet rated,NULL,$36
COLM,$59.84,1441131344567,"34,412",100% bearish,of 1 rating,$71
CMCO,$18.53,1441131344603,"31,846",60% bullish,of 5 ratings,$28
CBMX,$1.12,1441131344733,"13,801",83% bullish,of 6 ratings,$3.15
CMCSA,$55.33,1441131344758,"4,144,155",66% bullish,of 35 ratings,$69.50
CMCSK,$56.44,1441131344937,"1,502,548",Not yet rated,NULL,$84
CBSH,$43.1,1441131344970,"88,417",50% bullish,of 2 ratings,$46
COMM,$31.77,1441131345070,"598,373",67% bearish,of 3 ratings,$35
CBSHP,$25.41,1441131345098,"1,556",100% bearish,of 1 rating,N/A
CVGI,$4.93,1441131345131,"78,095",50% bullish,of 2 ratings,$6
CSAL,$20.1,1441131345153,"292,910",75% bullish,of 4 ratings,$30
JCS,$8.88,1441131345174,900,67% bullish,of 3 ratings,N/A
CUBN,NULL,1441131345194,0,Not yet rated,NULL,N/A
ESXB,$5.01,1441131345363,"5,200",Not yet rated,NULL,N/A
CTBI,$34.33,1441131345412,"10,104",Not yet rated,NULL,$36
CWBC,$6.71,1441131345498,"1,212",Not yet rated,NULL,N/A
CYHHZ,$0.01,1441131345523,"24,400",100% bullish,of 1 rating,N/A
CVLT,$35.025,1441131345718,"110,792",75% bullish,of 4 ratings,$44.50
COB,$10.36,1441131345746,"4,551",100% bullish,of 1 rating,$11.75
CIL,NULL,1441131345787,0,Not yet rated,NULL,N/A
CSF,$36.06,1441131345915,"1,760",100% bearish,of 1 rating,N/A
CSA,NULL,1441131345943,0,Not yet rated,NULL,N/A
CDC,$33.86,1441131345973,"6,441",Not yet rated,NULL,N/A
CIZ,$32.4899,1441131346013,572,100% bearish,of 1 rating,N/A
CID,$32.66,1441131346074,900,Not yet rated,NULL,N/A
CDL,NULL,1441131346110,0,Not yet rated,NULL,N/A
CFA,$34.72,1441131346139,700,100% bearish,of 1 rating,N/A
CSB,$32.45,1441131346273,850,Not yet rated,NULL,N/A
CFO,$34.64,1441131346298,"106,400",100% bearish,of 1 rating,N/A
CPSI,$45.57,1441131346554,"28,741",100% bearish,of 1 rating,$45.50
CTG,$6.58,1441131346586,"20,295",100% bearish,of 1 rating,$8.50
CGEN,$4.94,1441131346615,"32,443",50% bullish,of 2 ratings,$11
SCOR,$49,1441131346638,"174,640",100% bearish,of 1 rating,$66
CMTL,$26.16,1441131346671,"15,509",100% bearish,of 2 ratings,$37
CHCI,$0.69,1441131346697,100,50% bullish,of 2 ratings,N/A
CNSI,$18.31,1441131346776,"23,334",100% bearish,of 2 ratings,$29
CXRX,$76.61,1441131346869,382,100% bearish,of 1 rating,$90
CCUR,$5.52,1441131346907,"23,146",75% bullish,of 4 ratings,N/A
CNAT,$3.72,1441131347039,"96,718",83% bullish,of 6 ratings,$13
CDOR,$1.35,1441131347064,"3,333",100% bullish,of 1 rating,N/A
CDORP,$6.51,1441131347092,"2,699",100% bearish,of 1 rating,N/A
CNCE,$15.72,1441131347113,"96,573",75% bullish,of 4 ratings,$22
CDORO,NULL,1441131347141,0,100% bearish,of 1 rating,N/A
CNXR,$7.0475,1441131347439,"35,970",100% bearish,of 1 rating,$12
CFMS,$15.5801,1441131347476,"176,944",100% bearish,of 1 rating,$27
CNFR,$10.1899,1441131347497,"5,507",Not yet rated,NULL,N/A
CONN,$28.42,1441131347518,"227,560",67% bullish,of 3 ratings,$48.50
CNMD,$50.895,1441131347540,"33,394",Not yet rated,NULL,$59
CTWS,$34.99,1441131347584,"9,323",100% bearish,of 1 rating,$44
CNSL,$19.34,1441131347632,"50,187",100% bearish,of 1 rating,$23
CNOB,$18.78,1441131347658,"32,375",100% bullish,of 1 rating,$23.50
CWCO,$10.38,1441131347952,"23,294",67% bullish,of 3 ratings,$14.50
CPSS,$5.5701,1441131347978,"17,359",100% bullish,of 1 rating,$10
CTCT,$24.17,1441131348003,"78,744",67% bullish,of 3 ratings,$37
CFRX,$4.9292,1441131348146,"13,635",Not yet rated,NULL,$14
CFRXZ,$0.49,1441131348176,"8,233",Not yet rated,NULL,N/A
CFRXW,$1.82,1441131348197,500,100% bearish,of 1 rating,N/A
CTRL,$8.56,1441131348228,"194,208",50% bullish,of 2 ratings,$11
CTRV,$3.76,1441131348276,"34,087",Not yet rated,NULL,$6.40
CORT,$4.92,1441131348379,"156,042",67% bullish,of 3 ratings,$12
CRBP,$1.8799,1441131348407,"118,238",100% bullish,of 2 ratings,$6.25
CORI,$10.5262,1441131348443,"28,471",100% bearish,of 1 rating,$18
CPRT,$34.07,1441131348536,"305,602",67% bearish,of 3 ratings,$40
CORE,$59.12,1441131348667,"47,029",100% bearish,of 1 rating,$72
BVA,$3.58,1441131348695,200,50% bullish,of 2 ratings,N/A
CSOD,$35.715,1441131348720,"234,127",50% bullish,of 2 ratings,$42
CRVL,$29.99,1441131348875,"25,519",100% bearish,of 1 rating,N/A
COST,$138.06,1441131348980,"835,231",79% bullish,of 24 ratings,$154.50
CSGP,$171.99,1441131349047,"66,264",50% bullish,of 2 ratings,$235
COSI,$1.13,1441131349076,"56,188",100% bullish,of 1 rating,N/A
CVTI,$22.6,1441131349130,"56,586",67% bearish,of 3 ratings,$39
CPAH,NULL,1441131349164,0,50% bullish,of 2 ratings,N/A
COVS,$2.68,1441131349262,"19,669",67% bullish,of 3 ratings,N/A
ICBK,$18.6,1441131349287,400,Not yet rated,NULL,$21
COWN,$5.05,1441131349332,"441,498",75% bullish,of 4 ratings,$7
CPSH,$2.35,1441131349463,800,Not yet rated,NULL,N/A
COWNL,$26.31,1441131349488,700,Not yet rated,NULL,N/A
CRAI,$22.8,1441131349513,"15,735",100% bearish,of 1 rating,$36
BREW,$7.82,1441131349688,"12,037",67% bullish,of 6 ratings,$15
CBRL,$143.13,1441131349723,"109,014",50% bullish,of 2 ratings,$155
CRAY,$20.695,1441131349749,"102,250",83% bullish,of 6 ratings,$38.50
CACC,$200.67,1441131349823,"61,359",50% bullish,of 2 ratings,$158.50
GLDI,$11.0449,1441131349849,"3,266",100% bearish,of 1 rating,N/A
CREE,$26.6,1441131349927,"525,256",65% bullish,of 17 ratings,$29.50
CRESY,$10.46,1441131350070,"12,408",100% bearish,of 1 rating,$19
CROX,$14.18,1441131350097,"246,155",63% bullish,of 8 ratings,$16.50
CRDS,$1,1441131350172,"3,900",75% bullish,of 4 ratings,$4.50
CRTO,$37.21,1441131350226,"422,120",67% bullish,of 6 ratings,$64
SLVO,$10.001,1441131350257,"1,408",100% bearish,of 1 rating,N/A
CCRN,$14.1,1441131350287,"129,257",100% bearish,of 1 rating,$14.25
CRWS,$8.09,1441131350359,"1,500",Not yet rated,NULL,$10
CRWN,$5.005,1441131350384,"274,255",75% bullish,of 4 ratings,N/A
CYRX,$2.84,1441131350563,"20,928",Not yet rated,NULL,$9
CSPI,$5.78,1441131350640,"1,813",67% bullish,of 3 ratings,N/A
CYRXW,$0.74,1441131350667,"21,600",Not yet rated,NULL,N/A
CSGS,$30.28,1441131350697,"65,017",Not yet rated,NULL,$40
CTCM,$1.7399,1441131350738,"359,132",80% bearish,of 5 ratings,$3.90
CCLP,$14.6,1441131350764,"34,873",67% bearish,of 3 ratings,$20
CTIC,$1.55,1441131350800,"208,919",84% bullish,of 76 ratings,$5.75
CTIB,$3.6201,1441131351020,"2,553",100% bearish,of 1 rating,N/A
CTRP,$65.06,1441131351097,"620,760",75% bullish,of 8 ratings,$92.50
CUNB,$21.5,1441131351127,"13,386",Not yet rated,NULL,$24.50
CUI,$5.165,1441131351160,"9,402",50% bullish,of 2 ratings,$10
CMLS,$1.3,1441131351232,"294,801",50% bullish,of 4 ratings,$6
CPIX,$6.1252,1441131351264,"1,900",Not yet rated,NULL,N/A
CRIS,$2.54,1441131351285,"71,236",100% bullish,of 8 ratings,$6
CUTR,$14.853,1441131351331,"46,869",67% bearish,of 3 ratings,$18
CVV,$11.47,1441131351623,"4,681",100% bullish,of 5 ratings,N/A
CYBX,$63.59,1441131351671,"102,403",50% bullish,of 4 ratings,$71.50
CVBF,$15.72,1441131351696,"241,815",Not yet rated,NULL,$18
CYAN,$7.1,1441131351721,"2,636",100% bearish,of 1 rating,N/A
CYBE,$6.81,1441131351905,"2,765",100% bearish,of 1 rating,N/A
CYCC,$0.57,1441131352049,"29,102",73% bullish,of 11 ratings,N/A
CBAY,$2.62,1441131352118,"30,042",100% bullish,of 1 rating,$4
CYNA,$15.84,1441131352152,"10,274",50% bullish,of 2 ratings,$31.50
CYNO,$30.35,1441131352173,"145,456",67% bearish,of 3 ratings,$45.50
CY,$9.805,1441131352194,"2,977,210",80% bullish,of 10 ratings,$15.50
CYBR,$50.42,1441131352233,"529,169",75% bullish,of 8 ratings,$66
CYCCP,NULL,1441131352257,0,100% bearish,of 1 rating,N/A
CYRN,$1.76,1441131352328,"26,530",67% bullish,of 3 ratings,$4
CONE,$30.72,1441131352459,"109,959",67% bearish,of 3 ratings,$35.50
CYTK,$6.9,1441131352530,"104,510",71% bullish,of 14 ratings,$13.50
CYTX,$0.375,1441131352603,"1,314,099",83% bullish,of 12 ratings,$5.50
DAEG,$0.37,1441131352738,5,100% bearish,of 1 rating,N/A
CYTR,$2.3325,1441131352775,"181,239",67% bullish,of 6 ratings,$10
CTSO,$6.96,1441131352798,"19,704",Not yet rated,NULL,$15.625
ZIV,$35.692,1441131352828,"150,371",Not yet rated,NULL,N/A
TVIX,$18.23,1441131352868,"9,102,105",81% bullish,of 16 ratings,N/A
XIV,$22.71,1441131352896,"15,639,048",75% bearish,of 4 ratings,N/A
TVIZ,$23.38,1441131352917,"9,512",100% bearish,of 1 rating,N/A
DJCO,NULL,1441131353107,0,Not yet rated,NULL,N/A
DAKT,$8.47,1441131353138,"82,830",50% bullish,of 2 ratings,$12
DARA,$0.8401,1441131353274,"38,390",83% bullish,of 6 ratings,$1.50
DAIO,$2.6001,1441131353301,"5,950",Not yet rated,NULL,N/A
DWCH,$5.05,1441131353444,"17,175",75% bullish,of 4 ratings,$8.25
DTLK,$5.75,1441131353576,"12,150",100% bearish,of 1 rating,$9
DRAM,$1.5199,1441131353658,"6,314",78% bullish,of 9 ratings,N/A
PLAY,$34.28,1441131353716,"85,109",100% bullish,of 5 ratings,$42
DWSN,$4.5,1441131353815,"13,113",67% bullish,of 3 ratings,N/A
DTEA,$13.1,1441131353851,"32,491",100% bearish,of 2 ratings,$24
TRAK,$62.72,1441131353888,"293,638",50% bullish,of 2 ratings,$62.50
DBVT,$38.4,1441131353945,"54,711",100% bearish,of 1 rating,$53
TACO,$12.47,1441131353970,"67,043",75% bullish,of 4 ratings,$20
TACOW,$3.77,1441131354106,300,100% bullish,of 1 rating,N/A
DFRG,$14.36,1441131354135,"51,620",100% bearish,of 1 rating,$20
DGAS,$20.36,1441131354210,"2,416",67% bearish,of 3 ratings,N/A
DCTH,$0.4223,1441131354270,"21,761",78% bullish,of 9 ratings,N/A
DHRM,$1.6104,1441131354295,"4,718",Not yet rated,NULL,N/A
DENN,$11.01,1441131354427,"173,861",100% bullish,of 3 ratings,$15
DELT,NULL,1441131354476,0,Not yet rated,NULL,N/A
DELTW,NULL,1441131354500,0,Not yet rated,NULL,N/A
XRAY,$50.73,1441131354629,"207,089",100% bullish,of 1 rating,$58
DEPO,$26.41,1441131354697,"287,946",60% bullish,of 5 ratings,$29
DSCI,$5.8,1441131354764,"34,989",50% bullish,of 2 ratings,$16
DERM,$26.115,1441131354792,"35,950",100% bearish,of 1 rating,$33.50
DEST,$11.2,1441131354823,"12,544",50% bullish,of 2 ratings,N/A
DSWL,$1.6001,1441131354926,"10,586",100% bullish,of 1 rating,N/A
DXLG,$6.02,1441131354953,"66,224",100% bearish,of 1 rating,$8
DXM,$0.2547,1441131355015,"275,246",50% bullish,of 2 ratings,N/A
DXCM,$88.272,1441131355040,"418,653",57% bullish,of 7 ratings,$98
DHXM,NULL,1441131355344,0,Not yet rated,NULL,N/A
FANG,$65.62,1441131355410,"406,982",50% bullish,of 2 ratings,$86.50
DHIL,$191.11,1441131355436,"4,774",Not yet rated,NULL,N/A
DMND,$29.7125,1441131355471,"72,749",75% bullish,of 12 ratings,$32
DRNA,$10.81,1441131355496,"49,942",67% bearish,of 3 ratings,$25
DGII,$10.19,1441131355526,"52,345",100% bearish,of 1 rating,$11
DCIX,$1.66,1441131355564,"3,607",50% bullish,of 4 ratings,$3.50
DMRC,$37.27,1441131355594,"19,793",100% bearish,of 1 rating,$44
APPS,$2.555,1441131355789,"136,230",100% bearish,of 1 rating,$10.25
DCOM,$16.55,1441131355887,"33,198",100% bearish,of 2 ratings,$16
DIOD,$19.01,1441131355951,"54,223",75% bearish,of 4 ratings,$24
DRAD,$3.84,1441131355983,"7,041",100% bullish,of 1 rating,$5.25
DGLY,$7.89,1441131356029,"54,807",50% bullish,of 6 ratings,$20
DISCB,NULL,1441131356087,0,100% bearish,of 1 rating,$35
DISCA,$26.095,1441131356180,"1,036,414",67% bullish,of 3 ratings,$34
DPRX,$14.75,1441131356258,"17,050",100% bullish,of 2 ratings,$27.75
DISCK,$24.905,1441131356289,"750,961",100% bearish,of 1 rating,$32
DSCO,$0.4101,1441131356388,"126,838",83% bullish,of 6 ratings,$2.75
BAGR,$2.72,1441131356483,"10,110",100% bearish,of 1 rating,$6
DLHC,NULL,1441131356509,0,100% bearish,of 1 rating,N/A
DISH,$59.05,1441131356530,"519,234",69% bullish,of 13 ratings,$73
DVCR,$10.94,1441131356565,"12,100",100% bullish,of 1 rating,N/A
DNBF,$25.83,1441131356664,"1,000",Not yet rated,NULL,$27.50
DGICA,$14.34,1441131356827,"9,646",100% bearish,of 1 rating,$17
DLTR,$69.93,1441131356852,"5,268,902",82% bullish,of 11 ratings,$88
DORM,$50.1,1441131356922,"133,747",100% bearish,of 1 rating,$56
DGICB,NULL,1441131357009,0,100% bearish,of 1 rating,N/A
DMLP,$14.44,1441131357051,"7,039",100% bearish,of 1 rating,N/A
HILL,$9.675,1441131357076,"501,970",60% bearish,of 5 ratings,$9.75
DRWI,$0.1996,1441131357108,"68,875",60% bullish,of 5 ratings,$.45
DRWIW,$0.03,1441131357211,117,Not yet rated,NULL,N/A
DSKX,$3.3453,1441131357390,"13,652",100% bullish,of 1 rating,N/A
DWA,$19.62,1441131357416,"189,089",63% bullish,of 8 ratings,$26
DRYS,$0.4504,1441131357458,"1,678,529",77% bullish,of 31 ratings,$.60
DSPG,$8.72,1441131357483,"10,822",100% bearish,of 1 rating,$13.50
CADT,NULL,1441131357546,0,Not yet rated,NULL,N/A
CADTR,NULL,1441131357746,0,Not yet rated,NULL,N/A
DXPE,$29.75,1441131357838,"97,974",50% bullish,of 2 ratings,N/A
CADTW,NULL,1441131357868,0,Not yet rated,NULL,N/A
DNKN,$48.645,1441131357889,"920,021",67% bullish,of 15 ratings,$56.50
DTSI,$25.82,1441131357930,"25,903",100% bearish,of 2 ratings,$39.50
CADTU,NULL,1441131357950,0,Not yet rated,NULL,N/A
DRRX,$2.06,1441131357971,"46,622",50% bullish,of 6 ratings,$3
BOOM,$11.31,1441131358018,"20,966",67% bullish,of 3 ratings,$12
DYAX,$22.05,1441131358110,"265,871",89% bullish,of 9 ratings,$30
DYSL,$1.5,1441131358292,"51,187",100% bullish,of 2 ratings,N/A
DYNT,$3.09,1441131358317,300,75% bullish,of 4 ratings,N/A
DVAX,$27.5,1441131358488,"148,482",70% bullish,of 10 ratings,$40
EGBN,$41.15,1441131358531,"16,674",Not yet rated,NULL,$48
EGLE,$7.02,1441131358560,"5,804",60% bullish,of 5 ratings,N/A
EBMT,$11.54,1441131358585,300,Not yet rated,NULL,$13.50
ETFC,$24.909,1441131358657,"1,574,051",57% bullish,of 14 ratings,$32.50
EGRX,$75.82,1441131358762,"101,646",67% bullish,of 3 ratings,$97
EWBC,$38.7,1441131358843,"322,746",100% bearish,of 1 rating,$50
EACQU,$10.15,1441131358868,300,Not yet rated,NULL,N/A
ELNK,$8.26,1441131358919,"162,807",60% bullish,of 5 ratings,$9.50
EROC,$1.57,1441131358950,"93,225",50% bullish,of 2 ratings,$3
EVBS,$6.5001,1441131359053,"3,000",Not yet rated,NULL,$7
EML,$16.24,1441131359078,"35,653",Not yet rated,NULL,N/A
ECHO,$22.34,1441131359375,"98,826",67% bearish,of 3 ratings,$34.50
EBIX,$28.12,1441131359411,"87,163",69% bullish,of 13 ratings,$40
ELON,$0.56,1441131359433,"56,574",50% bullish,of 2 ratings,N/A
EBAY,$26.525,1441131359467,"5,273,381",81% bullish,of 117 ratings,$34
ECTE,$1.49,1441131359488,"5,758",75% bullish,of 4 ratings,N/A
SATS,$43.85,1441131359522,"43,232",50% bullish,of 2 ratings,$60
ESES,$3.31,1441131359543,880,100% bearish,of 1 rating,$7
EEI,$11.6195,1441131359620,"4,023",67% bearish,of 3 ratings,N/A
EDGW,$7.11,1441131359719,"1,500",100% bearish,of 1 rating,N/A
EDAP,$3.66,1441131359752,"6,900",60% bullish,of 5 ratings,$4.50
ECACU,NULL,1441131359793,0,Not yet rated,NULL,N/A
EFUT,$4.607,1441131359854,400,Not yet rated,NULL,N/A
EGAN,$3.61,1441131359962,"9,174",50% bullish,of 2 ratings,$6.25
EDUC,$6.3001,1441131360017,"25,429",100% bearish,of 1 rating,N/A
EGLT,$11.954,1441131360067,"52,229",50% bullish,of 2 ratings,$21
EMITF,$1.23,1441131360199,858,75% bullish,of 4 ratings,N/A
ESLT,$77.25,1441131360225,"6,795",67% bullish,of 3 ratings,N/A
LOCO,$12.84,1441131360252,"320,330",69% bullish,of 13 ratings,$19.50
EHTH,$14.18,1441131360279,"54,587",50% bullish,of 4 ratings,$16.50
ELRC,$10.5,1441131360411,"10,713",100% bearish,of 1 rating,N/A
ERI,$9.385,1441131360442,"40,275",100% bearish,of 1 rating,$10
EFII,$42.78,1441131360482,"76,768",80% bullish,of 5 ratings,$55
EA,$63.455,1441131360543,"1,656,763",78% bullish,of 36 ratings,$80
ESIO,$4.54,1441131360571,"18,438",50% bullish,of 2 ratings,$10
ELSE,NULL,1441131360602,0,60% bullish,of 5 ratings,N/A
ELEC,NULL,1441131360722,0,Not yet rated,NULL,N/A
ELECW,NULL,1441131360945,0,Not yet rated,NULL,N/A
RDEN,$10.75,1441131360971,"48,238",100% bearish,of 4 ratings,$15
EBIO,$3.52,1441131361000,"171,354",100% bearish,of 2 ratings,$8.35
ELECU,NULL,1441131361026,0,Not yet rated,NULL,N/A
CAPX,$22.416,1441131361099,200,Not yet rated,NULL,N/A
ESBK,NULL,1441131361171,0,Not yet rated,NULL,N/A
ELTK,$1.28,1441131361200,"17,956",67% bearish,of 3 ratings,N/A
EMCI,$22.65,1441131361344,"7,380",Not yet rated,NULL,N/A
EMKR,$6.85,1441131361370,"55,179",75% bullish,of 4 ratings,$8.50
LONG,$16.98,1441131361391,"10,178",67% bullish,of 3 ratings,$15.75
EMMS,$1.16,1441131361421,200,83% bullish,of 6 ratings,N/A
EMCF,$23.48,1441131361446,200,100% bearish,of 1 rating,N/A
EMMSP,NULL,1441131361611,0,100% bearish,of 1 rating,N/A
ERS,$2.99,1441131361688,"6,115",Not yet rated,NULL,N/A
NYNY,$4.1985,1441131361714,"5,324",50% bullish,of 2 ratings,N/A
ENTA,$37.53,1441131361784,"81,001",50% bullish,of 2 ratings,$42
WIRE,$31.68,1441131361843,"43,858",100% bearish,of 1 rating,$37
ECPG,$38.675,1441131361869,"90,316",100% bullish,of 2 ratings,$52
ENDP,$74.29,1441131361921,"1,048,733",50% bullish,of 6 ratings,$104
ECYT,$5.14,1441131362049,"113,114",83% bullish,of 6 ratings,$12
WATT,$7.22,1441131362119,"60,069",50% bullish,of 2 ratings,$13
ELGX,$12.795,1441131362153,"134,517",75% bullish,of 4 ratings,$17
EIGI,$14.92,1441131362178,"336,229",67% bearish,of 3 ratings,$22.50
EFOI,$23.06,1441131362254,"552,764",50% bullish,of 2 ratings,$24.50
ERII,$2.63,1441131362356,"5,538",80% bullish,of 5 ratings,$2.50
EXXI,$1.805,1441131362491,"697,696",86% bullish,of 7 ratings,$3.50
ENPH,$4.52,1441131362541,"307,052",75% bullish,of 4 ratings,$11
ENOC,$9.0799,1441131362623,"94,995",75% bullish,of 4 ratings,$18
ENG,$1.01,1441131362654,"18,500",100% bullish,of 3 ratings,N/A
ESGR,$148.15,1441131362685,"16,109",100% bearish,of 1 rating,$185
ENTG,$13.44,1441131362759,"183,093",100% bearish,of 1 rating,$18
ENFC,$17.49,1441131362784,438,Not yet rated,NULL,N/A
ETRM,$0.2731,1441131362927,"211,862",69% bearish,of 35 ratings,$1.625
ENTL,$21.14,1441131362986,"16,640",Not yet rated,NULL,$28
EFSC,$23.69,1441131363011,"13,718",Not yet rated,NULL,$27
EBTC,$21.15,1441131363057,700,Not yet rated,NULL,N/A
ENVI,$1.82,1441131363145,"3,757",67% bullish,of 3 ratings,N/A
EGT,$2,1441131363202,"2,500",100% bullish,of 1 rating,N/A
ENZN,$0.978,1441131363307,"142,556",100% bullish,of 9 ratings,N/A
EPIQ,$12.55,1441131363339,"11,573",100% bearish,of 1 rating,$18
ENZY,$9.82,1441131363440,"20,920",67% bullish,of 3 ratings,$9.50
EPZM,$19.7923,1441131363496,"140,069",60% bullish,of 5 ratings,$34
PLUS,$74.51,1441131363526,"28,871",50% bullish,of 2 ratings,$88
EPRS,$5.02,1441131363547,"24,275",82% bullish,of 11 ratings,$15
EQIX,$263.01,1441131363676,"311,954",75% bullish,of 4 ratings,$312.50
EAC,$3.495,1441131363769,"7,308",100% bearish,of 1 rating,$8
EQFN,$8.07,1441131363837,800,100% bearish,of 1 rating,N/A
ERIC,$9.558,1441131363922,"1,128,742",67% bullish,of 9 ratings,$12.20
ERIE,$80.8442,1441131363955,"5,480",Not yet rated,NULL,$73
ESCA,$17.72,1441131364059,700,100% bearish,of 1 rating,$22
ESCRP,$1.5299,1441131364085,"1,000",100% bearish,of 1 rating,N/A
ESCR,$0.1397,1441131364110,"210,998",50% bullish,of 2 ratings,N/A
ESMC,$1.3801,1441131364168,110,Not yet rated,NULL,N/A
ESSA,$12.97,1441131364249,"2,800",100% bearish,of 1 rating,N/A
ESPR,$47.54,1441131364295,"525,912",70% bearish,of 10 ratings,$122.50
EPIX,$6,1441131364320,362,Not yet rated,NULL,N/A
ESSX,$0.487,1441131364395,"36,883",50% bullish,of 2 ratings,N/A
ESND,$33.63,1441131364423,"42,857",100% bearish,of 2 ratings,$40
CLWT,$2.496,1441131364504,300,100% bullish,of 1 rating,N/A
ETSY,$14.15,1441131364607,"152,765",80% bullish,of 5 ratings,$16
EEFT,$62.71,1441131364710,"46,503",100% bearish,of 1 rating,$67.50
EVEP,$8.664,1441131364740,"141,919",50% bullish,of 2 ratings,$15
ESEA,$4.96,1441131364762,420,100% bullish,of 1 rating,$15
EVK,$3.77,1441131364836,890,75% bearish,of 4 ratings,N/A
EVLV,$2.66,1441131364941,"29,980",60% bullish,of 5 ratings,$4.625
EVOK,$3.564,1441131364970,"27,225",100% bearish,of 1 rating,$13.375
EXA,$10.71,1441131365070,"4,147",100% bearish,of 1 rating,$13
EXAC,$19.05,1441131365100,"14,853",100% bearish,of 1 rating,$22.50
EVOL,$5.9599,1441131365196,"1,900",75% bullish,of 4 ratings,$10
EXAS,$21.83,1441131365241,"376,831",78% bullish,of 9 ratings,$31
EXEL,$5.525,1441131365332,"4,037,512",81% bullish,of 16 ratings,$6
EXLS,$35.98,1441131365360,"42,950",50% bullish,of 2 ratings,$41
EXFO,$3,1441131365385,391,67% bearish,of 3 ratings,$3.95
EXPD,$48.43,1441131365519,"583,294",80% bullish,of 5 ratings,$52
EXPE,$111.14,1441131365544,"603,054",64% bullish,of 11 ratings,$130
EXPO,$42.26,1441131365623,"21,163",100% bearish,of 1 rating,$45.50
ESRX,$81.745,1441131365863,"1,990,898",67% bearish,of 6 ratings,$101
EXTR,$2.98,1441131365891,"418,644",80% bullish,of 5 ratings,$3
EXLP,$20.4361,1441131365912,"52,748",100% bearish,of 1 rating,$25
EYEG,$3.78,1441131366082,"18,419",Not yet rated,NULL,N/A
EYEGW,$1.06,1441131366143,"1,800",Not yet rated,NULL,N/A
EZCH,$22.73,1441131366247,"62,329",75% bullish,of 8 ratings,$19.50
EZPW,$6.3592,1441131366474,"126,682",50% bullish,of 4 ratings,$7
FFIV,$118.805,1441131366532,"376,019",63% bullish,of 8 ratings,$132
FB,$87.49,1441131366630,"13,965,864",73% bullish,of 1072 ratings,$111
FCS,$13.315,1441131366658,"187,146",67% bearish,of 3 ratings,$17
FRP,$15.93,1441131366874,"19,641",100% bearish,of 1 rating,$18
FALC,$1.72,1441131366911,"16,500",63% bearish,of 8 ratings,N/A
FWM,$2.205,1441131366943,"56,397",100% bearish,of 2 ratings,$3.20
FARM,$22.38,1441131367005,"24,245",100% bearish,of 1 rating,$35
FFKT,$25.84,1441131367039,"4,320",Not yet rated,NULL,$29
DAVE,$14.27,1441131367069,"5,029",100% bearish,of 1 rating,$15.50
FMNB,$8.16,1441131367095,"2,616",Not yet rated,NULL,N/A
FAST,$37.485,1441131367121,"715,398",80% bullish,of 5 ratings,$45.50
FARO,$38.3,1441131367352,"38,046",50% bullish,of 2 ratings,$48
FATE,$6.54,1441131367377,"10,260",50% bullish,of 2 ratings,$11
FNHC,$21.55,1441131367504,"24,697",100% bearish,of 1 rating,$35
FDML,$9.14,1441131367563,"125,129",50% bullish,of 4 ratings,$14
FBSS,$15.8,1441131367603,274,Not yet rated,NULL,N/A
FEIC,$73.8425,1441131367632,"61,869",50% bullish,of 2 ratings,$95.50
FBRC,$21.8,1441131367662,"28,540",100% bearish,of 1 rating,$29
FENX,$9.89,1441131367736,"28,175",100% bullish,of 1 rating,$14.25
FCSC,$5.46,1441131367763,"34,162",100% bearish,of 1 rating,$8.125
FHCO,$1.43,1441131367788,"11,012",50% bullish,of 4 ratings,N/A
ONEQ,$183.62,1441131367934,"12,140",100% bullish,of 1 rating,N/A
FGEN,$23.15,1441131367960,"93,985",100% bearish,of 1 rating,$39
FDUS,$14.7,1441131368018,"11,454",50% bullish,of 2 ratings,$18
LION,$18.7,1441131368161,"64,733",100% bullish,of 1 rating,$20
FRGI,$50.44,1441131368186,"48,920",50% bullish,of 2 ratings,$70
FSAM,$8.2,1441131368237,"3,268",100% bearish,of 1 rating,$10.25
FSCFL,$24.74,1441131368318,"3,707",Not yet rated,NULL,N/A
FSFR,$8.7601,1441131368383,"17,770",100% bearish,of 1 rating,$11.50
FITB,$19.205,1441131368453,"3,216,296",54% bullish,of 13 ratings,$22
FITBI,$27.4501,1441131368525,"2,648",Not yet rated,NULL,N/A
FSC,$6.555,1441131368610,"353,536",60% bullish,of 5 ratings,$8
FNGN,$31.015,1441131368641,"181,737",67% bullish,of 3 ratings,$47
FISI,$24.6,1441131368672,"9,046",100% bullish,of 2 ratings,$24.50
FNJN,$1.7882,1441131368698,"25,321",100% bearish,of 1 rating,$5
FNSR,$15.2503,1441131368772,"228,135",71% bullish,of 7 ratings,$24
FNTC,NULL,1441131368827,0,Not yet rated,NULL,N/A
FNTCW,NULL,1441131368872,0,Not yet rated,NULL,N/A
FEYE,$37.03,1441131369007,"1,229,996",88% bullish,of 16 ratings,$55.50
FNTCU,NULL,1441131369139,0,Not yet rated,NULL,N/A
FNLC,$18.57,1441131369164,"4,326",100% bullish,of 1 rating,N/A
FBNC,$16.57,1441131369211,"5,426",100% bullish,of 1 rating,$20
FRBA,$6.03,1441131369294,"2,638",Not yet rated,NULL,$8
BUSE,$6.3,1441131369346,"63,731",Not yet rated,NULL,$6.875
FCAP,$26.5,1441131369377,200,Not yet rated,NULL,N/A
FCVA,$4.8,1441131369481,835,Not yet rated,NULL,N/A
FCNCA,$227.93,1441131369586,"1,977",Not yet rated,NULL,N/A
FCFS,$39.59,1441131369612,"52,866",100% bearish,of 3 ratings,$47
FBIZ,$22.1,1441131369667,"11,770",100% bearish,of 2 ratings,$26
FCLF,$9.19,1441131369743,"1,500",Not yet rated,NULL,N/A
FCCO,$12.25,1441131369835,"14,494",Not yet rated,NULL,$13.25
FCFP,$6.9001,1441131369919,"2,800",Not yet rated,NULL,N/A
FCBC,$17.39,1441131369946,"3,361",Not yet rated,NULL,$18
FBNK,$16.55,1441131369967,"11,024",100% bearish,of 1 rating,$17.50
FFNM,$6.39,1441131370100,200,Not yet rated,NULL,N/A
FDEF,$36.49,1441131370159,"8,733",Not yet rated,NULL,$38
FFBC,$17.93,1441131370231,"58,605",67% bearish,of 3 ratings,$20.25
FFBCW,NULL,1441131370257,0,100% bearish,of 1 rating,N/A
THFF,$32.49,1441131370287,"8,297",Not yet rated,NULL,$35
FFIN,$29.84,1441131370446,"49,125",50% bullish,of 2 ratings,$31.75
FFWM,$21.05,1441131370477,"4,274",Not yet rated,NULL,$24
FFNW,$12.18,1441131370579,"15,272",Not yet rated,NULL,$14
FIBK,$25.97,1441131370660,"58,058",Not yet rated,NULL,$32
FRME,$25.6,1441131370764,"104,617",Not yet rated,NULL,$26.50
FMBI,$16.87,1441131370791,"126,922",Not yet rated,NULL,$20
FMBH,NULL,1441131370815,0,Not yet rated,NULL,N/A
INBK,$30.8,1441131370840,"9,056",50% bullish,of 2 ratings,$37
FNWB,$11.957,1441131371073,"5,390",Not yet rated,NULL,N/A
FNBC,$34.18,1441131371102,"22,765",Not yet rated,NULL,$40
FNFG,$8.895,1441131371135,"1,006,412",80% bullish,of 5 ratings,$9
FSGI,$2.48,1441131371160,"2,244",Not yet rated,NULL,N/A
FSLR,$47.81,1441131371237,"712,898",72% bullish,of 39 ratings,$65
FSFG,$30.94,1441131371264,100,Not yet rated,NULL,N/A
BICK,NULL,1441131371315,0,100% bullish,of 1 rating,N/A
FSBK,$7.69,1441131371396,500,100% bullish,of 1 rating,N/A
FBZ,NULL,1441131371554,0,Not yet rated,NULL,N/A
FCAN,$24.22,1441131371706,150,Not yet rated,NULL,N/A
FTCS,$35.5,1441131371864,"7,468",100% bearish,of 1 rating,N/A
FCA,$18.76,1441131371995,"4,850",Not yet rated,NULL,N/A
FEMB,NULL,1441131372069,0,Not yet rated,NULL,N/A
FV,$22.7469,1441131372096,"1,794,431",100% bearish,of 1 rating,N/A
IFV,$17.3201,1441131372116,"321,002",100% bearish,of 1 rating,N/A
FTSM,$59.96,1441131372368,"29,815",100% bearish,of 1 rating,N/A
FEUZ,$30.5139,1441131372396,"1,624",Not yet rated,NULL,N/A
TDIV,$24.1942,1441131372423,"46,794",100% bearish,of 1 rating,N/A
MDIV,$18.9704,1441131372444,"102,658",Not yet rated,NULL,N/A
FTGC,$22.37,1441131372576,"36,468",Not yet rated,NULL,N/A
HYLS,$49.4799,1441131372604,"17,803",100% bearish,of 1 rating,N/A
FTHI,$18.94,1441131372625,226,Not yet rated,NULL,N/A
FGM,$34.985,1441131372646,"10,211",Not yet rated,NULL,N/A
FHK,$32.37,1441131372780,"2,824",Not yet rated,NULL,N/A
FPXI,$26.49,1441131372805,300,Not yet rated,NULL,N/A
YDIV,$16.277,1441131372968,"2,569",Not yet rated,NULL,N/A
CU,$12.6199,1441131373017,"4,440",100% bearish,of 1 rating,N/A
PLTM,$6.1901,1441131373100,"2,716",100% bearish,of 1 rating,N/A
FJP,$44.84,1441131373124,"12,936",Not yet rated,NULL,N/A
SKYY,$28.25,1441131373149,"52,725",100% bullish,of 1 rating,N/A
FTLB,$18.9971,1441131373174,"1,760",100% bearish,of 1 rating,N/A
LMBS,$50.27,1441131373303,600,Not yet rated,NULL,N/A
FMB,$51.1743,1441131373402,402,Not yet rated,NULL,N/A
CIBR,$17.3645,1441131373428,"43,356",Not yet rated,NULL,N/A
QABA,$36.492,1441131373453,"11,284",100% bearish,of 1 rating,N/A
FONE,NULL,1441131373604,0,Not yet rated,NULL,N/A
QCLN,$14.83,1441131373675,"12,129",Not yet rated,NULL,N/A
GRID,$31.16,1441131373808,320,100% bearish,of 1 rating,N/A
CARZ,$33.87,1441131373866,"1,675",100% bearish,of 1 rating,N/A
RDVY,$20.63,1441131374119,"2,145",Not yet rated,NULL,N/A
QTEC,$39.2395,1441131374321,"16,737",Not yet rated,NULL,N/A
QQXT,$39.3627,1441131374346,"10,545",Not yet rated,NULL,N/A
QQEW,$40.705,1441131374408,"74,167",Not yet rated,NULL,N/A
QINC,$20.02,1441131374471,100,Not yet rated,NULL,N/A
FKO,$22.33,1441131374573,300,Not yet rated,NULL,N/A
FDIV,$46.5375,1441131374604,200,100% bearish,of 1 rating,N/A
FTSL,$48.83,1441131374630,"23,984",100% bearish,of 1 rating,N/A
AIRR,$16.29,1441131374733,"4,963",100% bearish,of 1 rating,N/A
FSZ,$38.5,1441131374834,"8,369",Not yet rated,NULL,N/A
FTW,$30.92,1441131374854,100,Not yet rated,NULL,N/A
TUSA,NULL,1441131374884,0,Not yet rated,NULL,N/A
FKU,$40.62,1441131374911,"11,715",Not yet rated,NULL,N/A
FUNC,NULL,1441131375012,0,Not yet rated,NULL,N/A
SVVC,$9.23,1441131375049,"10,954",50% bullish,of 2 ratings,$26
FMER,$17.195,1441131375140,"507,153",50% bullish,of 2 ratings,$20
FSV,$31.4559,1441131375198,"14,900",Not yet rated,NULL,$33.60
FISV,$83,1441131375331,"342,669",100% bearish,of 3 ratings,$90
FIVE,$37.25,1441131375356,"523,094",75% bearish,of 4 ratings,$44
FPRX,$18.38,1441131375391,"148,813",50% bullish,of 2 ratings,$35
SKOR,$50.76,1441131375559,800,Not yet rated,NULL,N/A
FLML,$21.42,1441131375590,"67,731",50% bullish,of 2 ratings,$30
FIVN,$4.025,1441131375611,"66,683",100% bullish,of 1 rating,$8.50
FLXN,$24.64,1441131375651,"44,872",100% bearish,of 1 rating,$40
FLKS,$11.66,1441131375673,"15,233",50% bullish,of 2 ratings,$27
FLXS,$30.427,1441131375760,"9,993",100% bearish,of 2 ratings,N/A
FLEX,$10.245,1441131375786,"874,723",63% bullish,of 8 ratings,$12
MBSD,$25.14,1441131375921,408,Not yet rated,NULL,N/A
FLIR,$28.1,1441131376026,"331,355",100% bearish,of 2 ratings,$38.50
FFIC,$19.2525,1441131376161,"21,651",Not yet rated,NULL,$20.50
FOGO,$19.2625,1441131376197,"41,403",50% bullish,of 2 ratings,$25.50
FLDM,$11.65,1441131376228,"121,642",67% bearish,of 3 ratings,$15
FOMX,$9.93,1441131376262,"45,992",50% bullish,of 2 ratings,$23.50
FORTY,$29.65,1441131376365,238,100% bearish,of 1 rating,N/A
FONR,$9.52,1441131376394,"1,885",100% bullish,of 1 rating,N/A
FORM,$6.57,1441131376415,"86,163",67% bullish,of 3 ratings,$10.50
FES,$0.93,1441131376448,"5,850",50% bullish,of 2 ratings,$1
FTNT,$40.805,1441131376603,"474,077",80% bullish,of 10 ratings,$52
FBIO,$2.66,1441131376735,"26,663",83% bullish,of 6 ratings,N/A
FWRD,$44.09,1441131376762,"64,198",100% bearish,of 1 rating,$50
FORR,$30.84,1441131376790,"12,475",Not yet rated,NULL,N/A
FORD,$1.69,1441131376811,"2,811,766",67% bullish,of 3 ratings,N/A
FOSL,$60.09,1441131376939,"338,800",60% bearish,of 5 ratings,$80
FWP,$26.03,1441131376964,"7,403",100% bearish,of 1 rating,$45
FMI,$22.97,1441131377264,"73,780",100% bearish,of 2 ratings,$27.50
FXCB,$17.19,1441131377347,"8,763",Not yet rated,NULL,$19
FOXF,$15.05,1441131377382,"25,651",100% bearish,of 1 rating,$19
FELE,$27.895,1441131377410,"117,699",50% bullish,of 4 ratings,$33
FRED,$12.82,1441131377447,"64,201",50% bullish,of 2 ratings,$15.50
FREE,$0.3801,1441131377480,"225,243",92% bullish,of 12 ratings,N/A
RAIL,$20.83,1441131377552,"35,741",100% bearish,of 1 rating,$24.50
FRAN,$11.15,1441131377577,"182,054",50% bullish,of 4 ratings,$15
FEIM,$10.92,1441131377708,"3,500",100% bearish,of 1 rating,N/A
FRPT,$12.86,1441131377867,"126,882",67% bearish,of 3 ratings,$23.50
FSBW,$22.99,1441131377934,800,Not yet rated,NULL,N/A
FRPH,$30.97,1441131377996,"1,301",100% bearish,of 1 rating,N/A
FTRPR,$100.11,1441131378030,"1,645",100% bearish,of 1 rating,N/A
FTR,$5.025,1441131378051,"5,478,888",78% bullish,of 27 ratings,$6.25
FTD,$29.58,1441131378130,"37,832",100% bearish,of 1 rating,$40
FSYS,$6.655,1441131378159,"112,515",67% bullish,of 3 ratings,$10
FULL,$3.12,1441131378189,"16,136",67% bearish,of 3 ratings,$4.25
FCEL,$0.867,1441131378294,"2,050,299",88% bullish,of 41 ratings,$2.65
FULLL,$24.99,1441131378372,770,Not yet rated,NULL,N/A
FTEK,$1.99,1441131378430,"64,969",75% bullish,of 4 ratings,N/A
FULT,$11.74,1441131378457,"227,417",100% bearish,of 1 rating,$13
FLL,$1.49,1441131378485,462,75% bullish,of 4 ratings,$3.50
FSNN,$2.1,1441131378510,"1,075",67% bullish,of 3 ratings,$6
FFHL,$0.9703,1441131378699,"1,480",50% bullish,of 4 ratings,N/A
FXEN,$0.98,1441131378730,"25,859",75% bullish,of 4 ratings,$1.10
WILC,$4.9899,1441131378834,154,100% bullish,of 2 ratings,N/A
FXENP,$15.86,1441131378864,"1,067",100% bearish,of 1 rating,N/A
GAIA,$6.02,1441131378886,"3,200",50% bullish,of 2 ratings,$8.50
GK,$65.8,1441131378966,"20,256",Not yet rated,NULL,$78
GLPG,$58.85,1441131379019,"11,535",100% bullish,of 1 rating,$75
GALT,$2.22,1441131379110,"21,667",80% bullish,of 5 ratings,N/A
GALTU,NULL,1441131379144,0,100% bearish,of 1 rating,N/A
GALTW,NULL,1441131379239,0,100% bullish,of 1 rating,N/A
GLPI,$30.61,1441131379285,"360,096",100% bearish,of 1 rating,$37.50
GLMD,$8.17,1441131379340,"11,756",67% bullish,of 3 ratings,$20.50
GALE,$1.605,1441131379416,"1,209,424",89% bullish,of 47 ratings,$4
GPIC,$9.5,1441131379506,786,100% bearish,of 1 rating,N/A
GRMN,$36.77,1441131379536,"403,140",50% bullish,of 6 ratings,$46.50
GGAC,NULL,1441131379640,0,100% bearish,of 1 rating,N/A
GGACR,$0.26,1441131379665,200,100% bullish,of 1 rating,N/A
GGACU,$10.22,1441131379692,100,Not yet rated,NULL,N/A
GENC,$9.0134,1441131379826,620,100% bearish,of 1 rating,N/A
GGACW,$0.15,1441131379901,"1,263",Not yet rated,NULL,N/A
GARS,$14.47,1441131379929,"14,110",Not yet rated,NULL,$16
GNCMA,$16.41,1441131380003,"52,285",100% bearish,of 1 rating,$12
GFNCP,$91.475,1441131380061,800,Not yet rated,NULL,N/A
GFNSL,$25.4,1441131380161,"1,200",Not yet rated,NULL,N/A
GFN,$3.66,1441131380190,"4,000",100% bearish,of 2 ratings,$8
GNMK,$9.93,1441131380262,"42,687",67% bullish,of 6 ratings,$14
GENE,$2.345,1441131380287,"125,779",100% bullish,of 12 ratings,N/A
GHDX,$26.27,1441131380419,"87,610",50% bullish,of 2 ratings,$30
THRM,$44.72,1441131380638,"99,237",75% bearish,of 4 ratings,$55.50
GNCA,$11.41,1441131380668,"61,540",100% bearish,of 1 rating,$20
GNTX,$15.24,1441131380697,"687,783",Not yet rated,NULL,$20
GNVC,$2.32,1441131380718,"17,664",90% bullish,of 10 ratings,$8.50
GTWN,NULL,1441131380752,0,Not yet rated,NULL,N/A
GEOS,$17.52,1441131380778,"45,671",100% bearish,of 3 ratings,$21
GABC,$28.56,1441131380843,"6,458",Not yet rated,NULL,$31
ROCK,$16.045,1441131381015,"190,084",80% bullish,of 5 ratings,$24
GIGM,$0.53,1441131381056,"10,598",100% bullish,of 2 ratings,N/A
GEVO,$2.3863,1441131381089,"179,639",75% bullish,of 12 ratings,$5
GERN,$2.97,1441131381115,"787,894",88% bullish,of 16 ratings,$5.25
GIGA,$1.47,1441131381160,"146,104",100% bearish,of 1 rating,N/A
GIII,$67.1,1441131381193,"158,553",67% bullish,of 3 ratings,$75
GILT,$4.121,1441131381316,"3,430",50% bullish,of 2 ratings,N/A
GILD,$102.285,1441131381341,"4,088,079",91% bullish,of 87 ratings,$129
GBCI,$25.15,1441131381487,"121,049",50% bullish,of 2 ratings,$31
GLAD,$8.84,1441131381514,"129,468",50% bullish,of 2 ratings,$8.75
GOODO,$25,1441131381683,1,Not yet rated,NULL,N/A
GOODN,$25.61,1441131381753,300,Not yet rated,NULL,N/A
GOOD,$14.34,1441131381779,"32,459",Not yet rated,NULL,$19
GLADO,$25.55,1441131381810,100,Not yet rated,NULL,N/A
GOODP,$25.2,1441131381836,942,Not yet rated,NULL,N/A
GAIN,$7.365,1441131381911,"56,744",100% bullish,of 2 ratings,$8.25
GAINN,$24.8652,1441131381977,"19,224",Not yet rated,NULL,N/A
GAINO,$25.17,1441131382124,842,Not yet rated,NULL,N/A
LAND,$9.0324,1441131382220,"42,040",50% bullish,of 2 ratings,$13.75
GBT,$49.33,1441131382246,"39,765",100% bearish,of 1 rating,N/A
GAINP,$25.85,1441131382276,501,Not yet rated,NULL,N/A
GDEF,$10.54,1441131382303,678,Not yet rated,NULL,N/A
ENT,$11.06,1441131382378,"200,314",100% bearish,of 1 rating,$18
GLBZ,$11.25,1441131382481,457,Not yet rated,NULL,N/A
GBLI,$26.92,1441131382509,"9,142",Not yet rated,NULL,N/A
GSOL,$8.31,1441131382574,"14,458",100% bearish,of 1 rating,N/A
GPACU,NULL,1441131382637,0,Not yet rated,NULL,N/A
ACTX,NULL,1441131382704,0,100% bullish,of 1 rating,N/A
QQQC,$18.427,1441131382733,"3,610",100% bearish,of 1 rating,N/A
ALTY,$14.31,1441131382768,200,Not yet rated,NULL,N/A
SOCL,$17.1499,1441131382793,"13,349",100% bullish,of 2 ratings,N/A
GAI,$6.8,1441131382993,"17,288",50% bullish,of 2 ratings,N/A
SRET,$12.855,1441131383090,507,Not yet rated,NULL,N/A
YLCO,$11.6199,1441131383116,"1,363",Not yet rated,NULL,N/A
GBIM,$2.58,1441131383144,"7,253",50% bullish,of 2 ratings,N/A
GSM,$13.41,1441131383176,"264,028",50% bullish,of 2 ratings,$22
GLRI,$1.18,1441131383201,"2,180",100% bearish,of 1 rating,$4.25
GLBS,NULL,1441131383275,0,67% bullish,of 3 ratings,N/A
GLUU,$4.32,1441131383334,"692,222",92% bullish,of 26 ratings,$9
GOGO,$15.5,1441131383500,"221,509",80% bullish,of 5 ratings,$25
GLNG,$38.23,1441131383525,"384,483",83% bullish,of 6 ratings,$55.50
GLDC,$3.97,1441131383588,"4,260",50% bullish,of 2 ratings,N/A
GLYC,$7.03,1441131383621,"6,668",50% bullish,of 2 ratings,$14
GDEN,$9.04,1441131383652,"1,200",50% bullish,of 2 ratings,N/A
GMLP,$19.75,1441131383721,"59,395",50% bullish,of 4 ratings,$29
GOGL,$3.0212,1441131383964,"59,992",75% bullish,of 4 ratings,$5
GBDC,$17.015,1441131384067,"165,584",Not yet rated,NULL,$17.75
GTIM,$6.65,1441131384141,"14,386",Not yet rated,NULL,$11.50
GPRO,$43.25,1441131384167,"6,875,776",78% bullish,of 58 ratings,$72
GOOGL,$631.1175,1441131384197,"565,049",88% bullish,of 1082 ratings,$749
GOOG,$600.449,1441131384247,"970,513",88% bullish,of 72 ratings,$825
GPIAU,NULL,1441131384299,0,Not yet rated,NULL,N/A
GPIA,NULL,1441131384379,0,100% bearish,of 1 rating,N/A
GPIAW,NULL,1441131384432,0,Not yet rated,NULL,N/A
GBSN,$0.2955,1441131384566,"2,714,705",50% bullish,of 2 ratings,$8.25
GMAN,$3.725,1441131384625,"13,602",60% bullish,of 5 ratings,$8.50
GRVY,$3.29,1441131384652,"8,100",50% bullish,of 2 ratings,N/A
GBSNU,NULL,1441131384670,0,NULL,NULL,NULL
GLDD,$5.31,1441131384805,"56,825",100% bearish,of 4 ratings,$7.75
LOPE,$36.705,1441131384831,"121,299",100% bearish,of 2 ratings,$50
GSBC,$39.84,1441131384867,"14,301",100% bullish,of 1 rating,$44
GPP,$14.19,1441131385116,"21,298",Not yet rated,NULL,$20.50
GRBK,$11.71,1441131385145,"72,882",77% bullish,of 13 ratings,N/A
GNBC,$11.73,1441131385166,"4,523",100% bearish,of 1 rating,$16.50
GPRE,$20.6,1441131385195,"207,819",67% bullish,of 6 ratings,$28.50
GLRE,$25.105,1441131385232,"86,123",50% bullish,of 2 ratings,$41
GRIF,NULL,1441131385327,0,100% bearish,of 1 rating,N/A
GCBC,$28.497,1441131385359,456,100% bullish,of 1 rating,N/A
GRFS,$29.86,1441131385390,"170,564",50% bullish,of 2 ratings,$35
GRPN,$4.31,1441131385416,"2,471,050",61% bullish,of 71 ratings,$6.75
GGAL,$18.91,1441131385459,"106,244",80% bullish,of 5 ratings,$40
OMAB,$40.75,1441131385637,"12,630",100% bullish,of 1 rating,$44
GSIG,$12.67,1441131385671,"6,307",100% bearish,of 2 ratings,N/A
GSVC,$8.73,1441131385768,"29,344",50% bullish,of 2 ratings,$15.75
GSIT,$4.62,1441131385817,"10,954",100% bearish,of 1 rating,N/A
GTXI,$0.87,1441131385865,"4,150",100% bullish,of 5 ratings,$.75
GBNK,$15.58,1441131385911,"8,383",100% bearish,of 1 rating,$18
GIFI,$12.8,1441131386063,"19,976",100% bearish,of 1 rating,$16
GUID,$6.86,1441131386100,"47,898",100% bearish,of 3 ratings,$10
GPOR,$34.7,1441131386167,"644,612",75% bullish,of 4 ratings,$54
GWPH,$104.91,1441131386198,"82,000",78% bullish,of 9 ratings,$148.50
GFED,NULL,1441131386226,0,Not yet rated,NULL,$17
GULTU,$0.3325,1441131386302,"16,110",100% bearish,of 1 rating,N/A
GURE,$1.7,1441131386331,"7,245",88% bullish,of 8 ratings,N/A
GWGH,$8.15,1441131386466,200,100% bearish,of 1 rating,$15.05
GYRO,$28.55,1441131386611,"80,054",100% bearish,of 1 rating,N/A
HEES,$19.37,1441131386669,"166,038",67% bearish,of 3 ratings,$31
HALL,$11.39,1441131386747,"6,162",Not yet rated,NULL,N/A
HLG,$9,1441131386802,"10,262",100% bearish,of 1 rating,N/A
HALO,$16.8701,1441131386827,"351,071",67% bullish,of 3 ratings,$22.50
HBK,$13.6,1441131386854,"1,553",50% bullish,of 2 ratings,N/A
HNRG,$7.685,1441131386891,"31,421",100% bearish,of 1 rating,$10
HMPR,$1.84,1441131387020,"11,600",100% bullish,of 1 rating,N/A
HAFC,$23.49,1441131387187,"57,294",100% bullish,of 2 ratings,$28.50
HBHCL,$24.2,1441131387213,"21,582",Not yet rated,NULL,N/A
HBHC,$26.76,1441131387234,"189,455",50% bullish,of 2 ratings,$30
HNH,$24.475,1441131387274,"10,783",100% bullish,of 1 rating,N/A
HNSN,$0.5373,1441131387295,"34,030",88% bullish,of 8 ratings,$.40
HDNG,$10.0989,1441131387608,"6,040",50% bullish,of 4 ratings,N/A
HLIT,$5.67,1441131387643,"78,440",100% bearish,of 1 rating,$6.50
HQCL,$12.46,1441131387668,"14,871",67% bullish,of 3 ratings,$14
HART,$1.263,1441131387919,"183,584",100% bearish,of 1 rating,N/A
HBIO,$4.28,1441131387983,"14,401",100% bearish,of 1 rating,$10
HRMN,NULL,1441131388003,0,Not yet rated,NULL,N/A
HRMNU,NULL,1441131388024,0,Not yet rated,NULL,N/A
HCAP,$12.12,1441131388058,"9,542",50% bullish,of 2 ratings,$15
TINY,$2.44,1441131388080,"16,810",50% bullish,of 2 ratings,$5.26
HAS,$72.65,1441131388112,"394,092",63% bullish,of 8 ratings,$84.50
HRMNW,NULL,1441131388132,0,Not yet rated,NULL,N/A
HCAPL,NULL,1441131388267,0,Not yet rated,NULL,N/A
HCOM,$21.71,1441131388340,"2,605",100% bearish,of 1 rating,$28
HA,$22.49,1441131388367,"217,110",67% bullish,of 9 ratings,$27
HWBK,NULL,1441131388400,0,100% bearish,of 1 rating,N/A
HWKN,$37.89,1441131388496,"14,613",Not yet rated,NULL,N/A
HDS,$31.93,1441131388699,"670,619",100% bearish,of 2 ratings,$39.50
HIIQ,$4.865,1441131388792,"22,440",50% bullish,of 2 ratings,$7
HQY,$28.94,1441131388857,"66,073",67% bullish,of 3 ratings,$35
HCSG,$32.99,1441131388889,"103,691",50% bullish,of 4 ratings,$35
HSTM,$23.97,1441131388920,"28,174",50% bullish,of 2 ratings,$33.75
HAYN,$37.85,1441131388946,"12,588",100% bearish,of 1 rating,$59
HTLD,$19.84,1441131388974,"205,112",Not yet rated,NULL,$22.50
HWAY,$11.81,1441131388995,"114,199",100% bearish,of 1 rating,$15
HTWR,$82.66,1441131389168,"51,296",50% bullish,of 2 ratings,$103
HTBX,$3.98,1441131389195,"135,965",50% bullish,of 2 ratings,$15.50
HELE,$82.12,1441131389348,"69,905",67% bearish,of 3 ratings,$100
HTLF,$35.41,1441131389375,"9,175",100% bullish,of 1 rating,$39.50
HSII,$19.535,1441131389419,"19,564",100% bullish,of 3 ratings,$25
HMNY,NULL,1441131389507,0,100% bearish,of 1 rating,N/A
HMTV,$13.35,1441131389533,"13,678",100% bearish,of 1 rating,$16
HERO,NULL,1441131389612,0,NULL,NULL,NULL
HCACU,NULL,1441131389668,0,Not yet rated,NULL,N/A
HSIC,$133.23,1441131389696,"125,868",83% bullish,of 6 ratings,$146
HNNA,$24.7,1441131389717,"2,277",Not yet rated,NULL,N/A
HTBK,$10.29,1441131389848,"42,818",Not yet rated,NULL,$12
HCCI,$11.47,1441131389878,"18,855",100% bearish,of 1 rating,$16.50
HFWA,$17.22,1441131389906,"20,123",100% bullish,of 1 rating,$20
HEOP,$7.68,1441131389941,"8,177",Not yet rated,NULL,$8.50
MLHR,$26.365,1441131389977,"72,845",50% bullish,of 2 ratings,$33.50
HSKA,$33.915,1441131390113,"10,329",100% bearish,of 1 rating,$38
HRTX,$36.74,1441131390140,"921,930",57% bullish,of 7 ratings,$41
HPJ,$2.19,1441131390283,"7,331",75% bullish,of 4 ratings,$12.43
HFFC,$15.87,1441131390311,702,Not yet rated,NULL,N/A
HIHO,$4.125,1441131390348,"18,009",Not yet rated,NULL,N/A
HIFS,$116.03,1441131390487,"1,000",Not yet rated,NULL,N/A
HIBB,$39.07,1441131390513,"89,485",100% bearish,of 1 rating,$46.50
HIMX,$6.68,1441131390543,"571,873",86% bullish,of 21 ratings,$8.50
HMSY,$9.84,1441131390653,"295,311",67% bullish,of 3 ratings,$19.35
HSGX,$6.04,1441131390683,"3,132",100% bearish,of 1 rating,$17
HMNF,$11.689,1441131390704,"1,101",Not yet rated,NULL,N/A
HOLI,$16.81,1441131390883,"100,723",50% bullish,of 4 ratings,$27
HBCP,$24.73,1441131390909,429,Not yet rated,NULL,$29
HOLX,$37.415,1441131390930,"1,168,236",50% bullish,of 4 ratings,$42
HMIN,$25.86,1441131391061,"73,900",100% bearish,of 2 ratings,$35
HOMB,$36.63,1441131391086,"39,159",Not yet rated,NULL,$42
AWAY,$27.945,1441131391156,"307,402",67% bullish,of 3 ratings,$36
HFBL,$21.647,1441131391228,"1,298",Not yet rated,NULL,N/A
HMST,$21.665,1441131391386,"78,109",100% bullish,of 2 ratings,$27
HTBI,$18.045,1441131391417,"82,980",67% bullish,of 3 ratings,$18.625
HKTV,$4.356,1441131391514,"27,650",100% bearish,of 1 rating,N/A
HZNP,$28.84,1441131391612,"648,350",85% bullish,of 20 ratings,$40
HBNC,$23.58,1441131391638,"13,685",100% bullish,of 1 rating,$27
CETC,$0.7372,1441131391667,"49,698",86% bullish,of 7 ratings,N/A
HOFT,$23.44,1441131391697,"20,005",100% bearish,of 1 rating,N/A
HRZN,$10.47,1441131391806,"11,837",50% bullish,of 2 ratings,$14.25
HFBC,$11.37,1441131391832,"25,502",Not yet rated,NULL,N/A
ZINC,$7.785,1441131391892,"273,701",100% bearish,of 1 rating,$17
HDP,$23,1441131391921,"100,357",67% bearish,of 3 ratings,$30.50
HMHC,$22.43,1441131392023,"838,174",Not yet rated,NULL,$27
HWCC,$7.405,1441131392179,"108,646",100% bearish,of 1 rating,$9
HTGM,$5.88,1441131392430,"1,900",100% bearish,of 1 rating,$19.50
HBMD,$14.4,1441131392456,"2,400",100% bearish,of 1 rating,N/A
HOVNP,$4.07,1441131392476,"1,600",100% bearish,of 1 rating,N/A
HSNI,$59.64,1441131392521,"90,116",Not yet rated,NULL,$80
HUBG,$37.09,1441131392623,"62,010",100% bearish,of 1 rating,$43
HDSN,$3.13,1441131392762,"1,552",100% bullish,of 1 rating,$6.25
HCBK,$8.86,1441131392791,"1,029,599",83% bullish,of 6 ratings,$8.61
HSON,$2.6399,1441131392923,"3,020",100% bearish,of 1 rating,$5
HBAN,$10.49,1441131392951,"2,364,313",76% bullish,of 17 ratings,$12.29
HURC,$29.95,1441131392982,"3,739",100% bearish,of 1 rating,N/A
HBANP,NULL,1441131393080,0,100% bearish,of 1 rating,N/A
HURN,$71,1441131393137,"138,532",50% bullish,of 2 ratings,$80
HBP,$3.1397,1441131393318,"2,280",100% bullish,of 1 rating,N/A
HDRA,NULL,1441131393363,0,Not yet rated,NULL,N/A
HDRAR,NULL,1441131393389,0,Not yet rated,NULL,N/A
HTCH,$1.4199,1441131393426,"155,843",100% bearish,of 1 rating,$3.50
HYGS,$9.0499,1441131393453,"11,406",50% bullish,of 2 ratings,$13
HDRAU,$0.05,1441131393519,0,Not yet rated,NULL,N/A
HDRAW,NULL,1441131393547,0,Not yet rated,NULL,N/A
IDSY,$3.73,1441131393583,"7,000",100% bearish,of 1 rating,$7
IACI,$69.06,1441131393740,"308,418",80% bullish,of 5 ratings,$90
IKGH,$1.43,1441131393771,"43,530",75% bullish,of 4 ratings,N/A
IEP,$71.1124,1441131393903,"32,744",75% bullish,of 4 ratings,$99
ICFI,$33.29,1441131393953,"88,140",50% bullish,of 2 ratings,$48.50
ICAD,$3.71,1441131393978,"7,580",100% bullish,of 2 ratings,$7.25
IBKC,$58.8,1441131394004,"64,511",100% bullish,of 1 rating,$70
ICON,$13.23,1441131394132,"284,490",50% bullish,of 2 ratings,$28
ICLR,$75.29,1441131394161,"140,762",100% bearish,of 3 ratings,$85
IPWR,$7.3,1441131394230,"1,200",100% bullish,of 1 rating,$15
ICUI,$110.42,1441131394260,"32,056",Not yet rated,NULL,$122
INVE,$4.68,1441131394285,"20,077",75% bullish,of 4 ratings,$4
IDRA,$2.91,1441131394310,"630,992",89% bullish,of 9 ratings,$6.50
IDXX,$70.43,1441131394484,"270,496",100% bearish,of 1 rating,$76
DSKY,$10.98,1441131394538,"15,778",67% bullish,of 6 ratings,$11.50
IROQ,$16.97,1441131394641,600,100% bullish,of 1 rating,N/A
IRG,$4.92,1441131394670,"16,055",100% bearish,of 1 rating,$4.25
IIVI,$16.635,1441131394742,"43,026",100% bearish,of 1 rating,$22
RXDX,$13.52,1441131394770,"50,836",100% bullish,of 1 rating,$20
KANG,$15.43,1441131394831,"313,511",50% bullish,of 2 ratings,$23.10
ILMN,$194.93,1441131394987,"597,257",80% bullish,of 5 ratings,$245
IKAN,$2.73,1441131395039,"12,188",83% bullish,of 6 ratings,$5
IKNX,NULL,1441131395069,0,100% bearish,of 1 rating,N/A
IMMR,$11.19,1441131395119,"178,852",80% bullish,of 5 ratings,$15.50
ISNS,$4.2399,1441131395170,"16,078",50% bullish,of 2 ratings,N/A
IMDZ,$15.68,1441131395264,"28,806",100% bearish,of 1 rating,$33
ICCC,$6.73,1441131395294,"10,373",100% bullish,of 1 rating,N/A
IMNP,$1.27,1441131395321,"84,400",50% bullish,of 2 ratings,$6
IMGN,$13.08,1441131395400,"249,465",75% bullish,of 4 ratings,$17.50
IMMU,$2.15,1441131395507,"418,581",86% bullish,of 7 ratings,$2
INCY,$116.405,1441131395684,"465,376",50% bullish,of 6 ratings,$125.50
INCR,$41.29,1441131395718,"297,166",50% bullish,of 2 ratings,$53
IPXL,$40.88,1441131395739,"175,407",67% bullish,of 3 ratings,$46.50
IMMY,$7.77,1441131395769,"1,500",100% bearish,of 1 rating,$11
IBCP,$13.84,1441131395818,"57,188",100% bullish,of 1 rating,$14.50
INDB,$43.69,1441131395947,"22,516",Not yet rated,NULL,$44
IBTX,$39.75,1441131396030,"8,384",100% bullish,of 2 ratings,$47.25
INFI,$8.6,1441131396079,"135,385",50% bullish,of 4 ratings,$16.50
SAAS,$7.17,1441131396163,"222,404",50% bullish,of 2 ratings,$15
IDSA,$3.46,1441131396344,100,Not yet rated,NULL,N/A
III,$3.66,1441131396481,"33,549",57% bullish,of 7 ratings,$6
INFN,$21.5799,1441131396502,"432,955",71% bullish,of 7 ratings,$28
IMKTA,$49.19,1441131396562,"24,071",100% bearish,of 1 rating,N/A
IFON,$1.25,1441131396591,"20,059",75% bullish,of 4 ratings,N/A
IPCC,$75.77,1441131396633,"5,055",Not yet rated,NULL,$77.50
INWK,$7.07,1441131396701,"34,015",50% bullish,of 2 ratings,$10
IPHS,$46.905,1441131396959,"56,468",100% bearish,of 1 rating,$60
INOD,$2.346,1441131396992,"2,200",100% bearish,of 1 rating,N/A
INNL,$12.54,1441131397013,"3,776",100% bearish,of 1 rating,$16.50
IOSP,$48.385,1441131397052,"68,448",100% bearish,of 1 rating,N/A
ISSC,$2.84,1441131397073,"2,875",67% bearish,of 3 ratings,N/A
INGN,$49.1318,1441131397094,"74,250",100% bearish,of 1 rating,$50.50
INOV,$21.6099,1441131397159,"148,644",100% bearish,of 1 rating,$33
ITEK,$12.43,1441131397230,"152,024",100% bearish,of 3 ratings,$20
INO,$7.18,1441131397411,"358,211",89% bullish,of 18 ratings,$20
ISIG,$2.68,1441131397541,"2,250",100% bearish,of 1 rating,N/A
NSIT,$24.84,1441131397566,"57,439",50% bullish,of 2 ratings,N/A
INSM,$23.84,1441131397623,"113,356",71% bullish,of 7 ratings,$31.50
PODD,$28.38,1441131397699,"109,985",67% bearish,of 3 ratings,$35
INSY,$32.72,1441131397728,"362,118",75% bullish,of 4 ratings,$48
IIIN,$16.92,1441131397753,"31,969",100% bearish,of 2 ratings,N/A
NTEC,$5.54,1441131397779,"1,781",100% bearish,of 1 rating,N/A
IDTI,$18.48,1441131397917,"708,380",60% bullish,of 5 ratings,$25
IESC,$7.12,1441131397947,"1,112",100% bearish,of 1 rating,N/A
IART,$58.57,1441131398048,"76,715",100% bearish,of 2 ratings,$71.50
IQNT,$18.21,1441131398085,"80,070",86% bullish,of 7 ratings,$20
ISSI,$21.905,1441131398181,"50,950",67% bullish,of 3 ratings,$19.75
INTC,$27.87,1441131398213,"14,191,067",82% bullish,of 238 ratings,$36
IPCI,$2.1799,1441131398398,"27,563",67% bullish,of 6 ratings,$8
ININ,$35.74,1441131398423,"38,407",67% bearish,of 3 ratings,$57
ICPT,$184.29,1441131398496,"125,884",70% bullish,of 10 ratings,$359.50
IPAR,$24.86,1441131398558,"18,356",67% bullish,of 3 ratings,$38
IBKR,$38.42,1441131398631,"354,075",100% bullish,of 1 rating,N/A
ICLD,$1.8103,1441131398690,"51,099",75% bullish,of 4 ratings,N/A
ICLDW,$1.18,1441131398766,425,100% bearish,of 1 rating,N/A
IMI,$2.045,1441131398825,"13,863",67% bullish,of 3 ratings,$2.22
TILE,$23.43,1441131398850,"132,446",100% bearish,of 3 ratings,$27
IDCC,$48.96,1441131398898,"151,084",80% bullish,of 5 ratings,$63
INAP,$8.97,1441131399037,"393,206",75% bullish,of 4 ratings,$11
ISCA,$31.695,1441131399134,"46,303",100% bearish,of 1 rating,N/A
IGLD,$6.92,1441131399165,"3,500",50% bullish,of 2 ratings,N/A
IIJI,NULL,1441131399220,0,50% bullish,of 2 ratings,$11.50
IBOC,$24.6,1441131399268,"29,280",100% bearish,of 1 rating,N/A
INPH,$0.27,1441131399318,"2,900",50% bullish,of 2 ratings,N/A
PTNT,$2.94,1441131399346,105,Not yet rated,NULL,N/A
XENT,$26.25,1441131399486,"171,253",50% bullish,of 2 ratings,$36.50
ISIL,$10.41,1441131399521,"323,485",50% bullish,of 6 ratings,$15
IILG,$19.38,1441131399549,"56,711",100% bearish,of 1 rating,$29
INTX,$1.97,1441131399581,"46,512",67% bullish,of 3 ratings,N/A
IVAC,$4.61,1441131399614,"20,904",100% bearish,of 1 rating,$6.625
INTL,$26,1441131399680,"41,489",67% bearish,of 3 ratings,N/A
INTLL,$25.6,1441131399817,300,Not yet rated,NULL,N/A
ITCI,$27.25,1441131399915,"319,435",75% bearish,of 4 ratings,$40
ISRG,$503.76,1441131399946,"109,904",67% bullish,of 3 ratings,$600
IIN,$6.25,1441131400000,"1,000",100% bearish,of 1 rating,$12
INTU,$84.5999,1441131400050,"696,223",86% bullish,of 7 ratings,$107.50
SNAK,$8.46,1441131400183,"71,350",50% bullish,of 2 ratings,$14
INVT,$0.3399,1441131400214,"58,833",67% bullish,of 3 ratings,N/A
ISTR,$15.63,1441131400271,946,100% bearish,of 1 rating,$18.50
ITIC,$71,1441131400298,200,100% bearish,of 2 ratings,N/A
ISBC,$11.4,1441131400327,"1,083,453",100% bullish,of 1 rating,$13.25
NVIV,$9.12,1441131400379,"72,881",50% bullish,of 4 ratings,$24.50
IPAS,$1.08,1441131400483,"5,700",67% bullish,of 3 ratings,N/A
DTUL,$64.48,1441131400508,"1,062",Not yet rated,NULL,N/A
IVTY,$13.58,1441131400558,"3,964",Not yet rated,NULL,$18
DFVL,$66.06,1441131400659,830,Not yet rated,NULL,N/A
IPCM,$79.4201,1441131400734,"45,054",50% bullish,of 2 ratings,$80.125
IPGP,$82.15,1441131400879,"140,455",67% bearish,of 3 ratings,$109.50
IRMD,$23.62,1441131400912,"25,361",67% bearish,of 3 ratings,$25
IRDM,$7.09,1441131400947,"283,953",60% bullish,of 5 ratings,$11.50
IRIX,$6.5,1441131401009,"32,405",100% bearish,of 1 rating,N/A
IRWD,$10.95,1441131401041,"499,317",100% bearish,of 1 rating,$13
IRBT,$29.02,1441131401068,"67,709",67% bullish,of 6 ratings,$37
IRDMB,$274.9056,1441131401108,400,67% bearish,of 3 ratings,N/A
FCHI,NULL,1441131401243,0,NULL,NULL,NULL
COMT,$33.4144,1441131401303,"6,892",100% bearish,of 1 rating,N/A
IRCP,NULL,1441131401348,0,100% bullish,of 2 ratings,N/A
GNMA,$50.245,1441131401374,"3,680",Not yet rated,NULL,N/A
IFAS,NULL,1441131401421,0,NULL,NULL,NULL
IFGL,$27.5301,1441131401577,"54,155",Not yet rated,NULL,N/A
IFEU,$37.055,1441131401602,"34,994",Not yet rated,NULL,N/A
IFNA,NULL,1441131401637,0,NULL,NULL,NULL
ACWX,$39.547,1441131401734,"361,553",100% bearish,of 1 rating,N/A
ACWI,$54.31,1441131401775,"1,092,848",Not yet rated,NULL,N/A
AAIT,NULL,1441131401839,0,NULL,NULL,NULL
AXJS,NULL,1441131401870,0,NULL,NULL,NULL
AAXJ,$51.7762,1441131401913,"495,256",Not yet rated,NULL,N/A
EMDI,NULL,1441131401943,0,NULL,NULL,NULL
EEMA,$48.96,1441131401973,"13,907",Not yet rated,NULL,N/A
EEME,NULL,1441131402046,0,NULL,NULL,NULL
EMEY,NULL,1441131402069,0,NULL,NULL,NULL
EGRW,NULL,1441131402149,0,NULL,NULL,NULL
EEML,$27.25,1441131402282,"1,379",Not yet rated,NULL,N/A
EVAL,NULL,1441131402307,0,NULL,NULL,NULL
QAT,$21.49,1441131402449,"21,916",Not yet rated,NULL,N/A
EUFN,$21.191,1441131402488,"100,749",100% bearish,of 1 rating,N/A
UAE,$18.08,1441131402514,"18,559",Not yet rated,NULL,N/A
IEUS,$44.351,1441131402544,"15,186",100% bearish,of 1 rating,N/A
SOXX,$80.56,1441131402644,"155,358",50% bullish,of 2 ratings,N/A
IBB,$335.55,1441131402675,"765,099",63% bullish,of 8 ratings,N/A
EMIF,$27.78,1441131402719,"56,470",Not yet rated,NULL,N/A
WOOD,$47.12,1441131402865,"3,665",50% bullish,of 2 ratings,N/A
ICLN,$9.2376,1441131402934,"10,842",50% bullish,of 2 ratings,N/A
ISHG,$79.9826,1441131402961,"7,171",100% bearish,of 1 rating,N/A
INDY,$26.58,1441131402981,"108,523",50% bullish,of 2 ratings,N/A
ISIS,$48.83,1441131403112,"806,759",53% bullish,of 15 ratings,$67
IGOV,$91.3899,1441131403214,"120,665",100% bearish,of 1 rating,N/A
ISLE,$17.87,1441131403256,"204,438",50% bullish,of 4 ratings,$16
ITUS,$4,1441131403301,"1,600",Not yet rated,NULL,N/A
ITRI,$29.59,1441131403351,"84,925",100% bearish,of 1 rating,$37
ISRL,NULL,1441131403379,0,100% bearish,of 1 rating,N/A
IXYS,$11.3,1441131403400,"89,810",50% bullish,of 4 ratings,N/A
ITRN,$23.5,1441131403430,800,50% bullish,of 2 ratings,N/A
XXIA,$15.17,1441131403601,"107,859",71% bullish,of 7 ratings,$14.625
JJSF,$112.62,1441131403674,"8,663",100% bearish,of 1 rating,N/A
MAYS,NULL,1441131403701,0,Not yet rated,NULL,N/A
JBHT,$71.5,1441131403727,"358,333",50% bullish,of 4 ratings,$89.50
JCOM,$67.175,1441131403861,"89,839",100% bullish,of 2 ratings,$77
JKHY,$65.38,1441131403895,"283,506",67% bearish,of 3 ratings,$72
JASO,$7.985,1441131403937,"502,562",82% bullish,of 17 ratings,$10
JACK,$76.68,1441131403994,"145,314",83% bullish,of 6 ratings,$105
JAXB,$13.69,1441131404100,"3,278",100% bullish,of 1 rating,N/A
JAGX,$3,1441131404133,"1,550",Not yet rated,NULL,$10.50
JXSB,$24.2,1441131404164,"2,121",Not yet rated,NULL,N/A
JMBA,$13.92,1441131404199,"60,512",75% bullish,of 4 ratings,$18
JAKK,$9.42,1441131404231,"117,742",60% bearish,of 5 ratings,$11
JASN,$4.9,1441131404467,"5,968",50% bullish,of 2 ratings,$9.50
ERW,NULL,1441131404530,0,Not yet rated,NULL,N/A
JRVR,$27.06,1441131404558,"17,897",Not yet rated,NULL,$32
JASNW,NULL,1441131404596,0,50% bullish,of 2 ratings,N/A
JAZZ,$165.01,1441131404633,"115,775",80% bullish,of 15 ratings,$206.50
JD,$25.23,1441131404732,"3,286,607",75% bullish,of 16 ratings,$36
JBLU,$22.15,1441131404778,"2,170,983",94% bullish,of 18 ratings,$27
JTPY,$3,1441131404984,705,100% bearish,of 1 rating,N/A
JST,$3.796,1441131405013,"5,703",75% bullish,of 4 ratings,N/A
JIVE,$4.55,1441131405036,"129,728",75% bullish,of 4 ratings,$5
JCTCF,NULL,1441131405072,0,100% bullish,of 1 rating,N/A
DATE,$6.06,1441131405093,"23,189",75% bullish,of 4 ratings,$9
WYIGU,NULL,1441131405172,0,100% bearish,of 1 rating,N/A
JOEZ,$0.1655,1441131405206,"13,614",92% bullish,of 12 ratings,N/A
JBSS,$51.135,1441131405308,"8,238",67% bearish,of 3 ratings,N/A
JOUT,$24.58,1441131405387,"1,226",100% bearish,of 1 rating,$34
JNP,$10.65,1441131405439,"8,056",100% bullish,of 3 ratings,$15
JUNO,$35.09,1441131405490,"284,730",73% bullish,of 11 ratings,$71.50
KTWO,$20.84,1441131405515,"40,638",100% bearish,of 1 rating,$28.50
KMDA,$3.49,1441131405766,"9,070",50% bullish,of 2 ratings,$8
KNDI,$6.48,1441131405801,"174,699",86% bullish,of 22 ratings,N/A
KBIO,$2.14,1441131405823,"48,035",50% bullish,of 4 ratings,N/A
KALU,$82.09,1441131405844,"48,103",67% bearish,of 3 ratings,$91
KCAP,$4.66,1441131405892,"46,503",75% bullish,of 4 ratings,$6
KCLI,$46.435,1441131405973,"2,900",Not yet rated,NULL,N/A
KBSF,NULL,1441131405999,0,100% bullish,of 1 rating,N/A
KPTI,$13.56,1441131406020,"85,824",67% bearish,of 3 ratings,$39
KRNY,$11.28,1441131406160,"239,226",100% bearish,of 1 rating,$12
KELYB,NULL,1441131406289,0,50% bullish,of 2 ratings,N/A
