Symbol,Price,Date,Volume,Rating,RatingVoteCount,OneYearEstimate
TFSCU,NULL,1440612902936,0,Not yet rated,NULL,N/A
PIH,$7.1311,1440612902962,"2,400",100% bearish,of 1 rating,N/A
FCTY,$7.85,1440612902995,"2,967",100% bullish,of 1 rating,$8.50
TFSCR,NULL,1440612903022,0,Not yet rated,NULL,N/A
TFSC,$9.73,1440612903097,"7,100",100% bearish,of 1 rating,N/A
FCCY,$11.59,1440612903122,"2,164",100% bullish,of 1 rating,$13
FLWS,$9.47,1440612903148,"283,264",100% bullish,of 5 ratings,$15
TFSCW,NULL,1440612903172,0,100% bearish,of 1 rating,N/A
UGLD,$9.08,1440612903331,"144,008",100% bearish,of 1 rating,N/A
SRCE,$29.23,1440612903361,"13,605",100% bullish,of 3 ratings,$33
VNET,$17.36,1440612903389,"553,525",60% bullish,of 5 ratings,$29.50
TWOU,$34.79,1440612903458,"94,725",50% bullish,of 2 ratings,$39
USLV,$11.32,1440612903552,"516,153",86% bullish,of 7 ratings,N/A
DGLD,$82.8525,1440612903586,"13,968",100% bullish,of 1 rating,N/A
DSLV,$77.1945,1440612903655,"16,772",100% bearish,of 1 rating,N/A
JOBS,$27.17,1440612903716,"53,057",50% bullish,of 4 ratings,$36
AVHI,$13.98,1440612903941,"10,320",100% bearish,of 1 rating,$19
SIXD,$3.05,1440612903978,"362,557",Not yet rated,NULL,N/A
SHLM,$32.66,1440612904007,"47,115",100% bearish,of 1 rating,$50
CAFD,$13.87,1440612904035,"142,699",Not yet rated,NULL,$25
EGHT,$7.6,1440612904107,"187,890",82% bullish,of 17 ratings,$11
ABAX,$46.46,1440612904170,"59,412",100% bearish,of 1 rating,$60
ABY,$20.85,1440612904227,"436,170",100% bearish,of 2 ratings,$46
ABEO,$4.47,1440612904259,"68,743",50% bullish,of 4 ratings,$15.50
AAON,$20.19,1440612904332,"84,076",100% bearish,of 1 rating,$24
ABGB,$6.335,1440612904359,"171,398",67% bullish,of 3 ratings,$5.50
ABEOW,$1.85,1440612904401,"2,286",100% bullish,of 1 rating,N/A
ABMD,$96.17,1440612904544,"171,697",75% bullish,of 4 ratings,$100.50
ACTG,$8.82,1440612904685,"162,425",67% bullish,of 3 ratings,$18.50
ACAD,$34.78,1440612904716,"305,880",80% bullish,of 20 ratings,$48
AXAS,$1.58,1440612904756,"451,586",78% bullish,of 9 ratings,$3.50
ACHC,$69.24,1440612904815,"384,329",50% bullish,of 2 ratings,$92
AXDX,$18.11,1440612904842,"98,589",100% bearish,of 1 rating,N/A
ACST,$0.345,1440612904891,"10,793",100% bullish,of 2 ratings,N/A
ANCX,$19.92,1440612904917,"14,739",Not yet rated,NULL,$20
XLRN,$27.91,1440612905047,"76,226",50% bullish,of 2 ratings,$57
VXDN,$1.782,1440612905191,"22,649",100% bearish,of 1 rating,N/A
ACRX,$4.07,1440612905216,"104,799",67% bearish,of 6 ratings,$5.50
VXUP,$1.65,1440612905241,"45,969",100% bearish,of 1 rating,N/A
ARAY,$6.35,1440612905380,"404,358",100% bearish,of 1 rating,$10.50
AKAO,$6.77,1440612905480,"63,594",75% bullish,of 4 ratings,$15
ACET,$22.41,1440612905533,"45,961",75% bullish,of 4 ratings,$30
ACOR,$31.25,1440612905607,"451,187",67% bearish,of 3 ratings,$38.50
ACHN,$7.01,1440612905633,"842,839",90% bullish,of 21 ratings,$16
ACIW,$20.59,1440612905664,"214,116",67% bearish,of 3 ratings,$24
ACNB,$19.77,1440612905710,"2,200",Not yet rated,NULL,N/A
ACTS,$1.57,1440612905766,"15,598",100% bearish,of 1 rating,N/A
ATVI,$26.4,1440612905874,"2,208,245",68% bullish,of 84 ratings,$31.50
ACPW,$1.8,1440612905901,"20,456",100% bullish,of 4 ratings,$3.50
ACUR,$0.52,1440612905981,"32,597",100% bullish,of 5 ratings,$1
ACTA,$12.97,1440612906151,"28,190",67% bearish,of 3 ratings,$25
ADMS,$19.36,1440612906224,"30,126",100% bearish,of 2 ratings,$36
ADMP,$3.43,1440612906389,"24,081",50% bullish,of 2 ratings,$10
ADEP,$6.5,1440612906416,"31,781",50% bullish,of 2 ratings,$10.75
ADUS,$28.01,1440612906450,"24,954",100% bearish,of 1 rating,$31
ACXM,$20.0501,1440612906482,"137,558",67% bullish,of 3 ratings,N/A
AEY,$2.2503,1440612906548,"1,945",100% bearish,of 2 ratings,N/A
ADMA,$9.258,1440612906573,"1,504",Not yet rated,NULL,$19
ADAP,$11.3,1440612906603,"23,946",67% bullish,of 3 ratings,$22
ADBE,$76.02,1440612906704,"928,144",65% bullish,of 17 ratings,$90
ADRO,$18.69,1440612906783,"169,703",80% bullish,of 5 ratings,$45.50
ADTN,$15.14,1440612906880,"117,402",67% bullish,of 3 ratings,$17.125
AEIS,$23.79,1440612906916,"63,959",50% bullish,of 2 ratings,$32.50
AMD,$1.69,1440612907054,"4,587,619",83% bullish,of 103 ratings,$2
ADXS,$12.955,1440612907079,"603,335",64% bullish,of 14 ratings,$27
ADXSW,$8.47,1440612907158,"28,605",100% bullish,of 1 rating,N/A
MULT,NULL,1440612907301,0,100% bearish,of 1 rating,N/A
YPRO,$23.0316,1440612907374,800,100% bearish,of 1 rating,N/A
AEGR,$17.17,1440612907434,"123,877",50% bullish,of 6 ratings,$26
AVAV,$23.16,1440612907565,"34,622",50% bullish,of 4 ratings,$31
AEGN,$17.725,1440612907594,"45,469",100% bearish,of 2 ratings,$21
AEHR,NULL,1440612907615,0,50% bullish,of 2 ratings,N/A
AMTX,$2.5148,1440612907637,"12,902",50% bullish,of 2 ratings,$26.11
AERI,$15.52,1440612907767,"156,247",75% bullish,of 4 ratings,$31.50
AEPI,$53.9,1440612907799,"5,272",100% bearish,of 1 rating,N/A
AEZS,$0.0827,1440612907829,"2,472,377",90% bullish,of 21 ratings,$1.50
AEMD,$6.9,1440612907896,"5,530",Not yet rated,NULL,$27.50
AFMD,$9.5599,1440612907962,"118,837",50% bullish,of 4 ratings,$15
AFFX,$8.98,1440612907994,"140,969",80% bullish,of 5 ratings,$12
AGEN,$6.53,1440612908326,"543,235",85% bullish,of 13 ratings,$14
AGRX,$8.41,1440612908354,"4,899",100% bearish,of 1 rating,$17.50
AGFS,$9.92,1440612908386,"19,321",100% bearish,of 1 rating,N/A
AGYS,$9.54,1440612908417,"15,870",100% bearish,of 1 rating,N/A
AGFSW,$1.86,1440612908446,"5,203",100% bearish,of 2 ratings,N/A
AIMT,$21.09,1440612908480,"103,845",Not yet rated,NULL,N/A
AIRM,$35.055,1440612908515,"101,802",80% bearish,of 5 ratings,$53
AGIO,$84.4,1440612908543,"216,388",88% bullish,of 8 ratings,$114
ATSG,$8.68,1440612908731,"94,719",67% bullish,of 3 ratings,$13
AIRT,$21.23,1440612908790,711,100% bullish,of 1 rating,N/A
AMCN,$4.41,1440612908816,"449,011",83% bullish,of 6 ratings,N/A
AIXG,$5.79,1440612908972,"13,638",67% bearish,of 3 ratings,$5.25
AKAM,$66.285,1440612909054,"684,610",63% bullish,of 8 ratings,$77
AKBA,$6.1699,1440612909079,"80,688",100% bearish,of 1 rating,$18
ALRM,$15.9601,1440612909237,"85,397",100% bearish,of 1 rating,$22
ALSK,$2.01,1440612909268,"63,098",78% bullish,of 18 ratings,$2
ABDC,$11.97,1440612909341,"55,652",Not yet rated,NULL,$15
AKRX,$38.02,1440612909372,"453,161",78% bullish,of 9 ratings,$56
AMRI,$19.63,1440612909398,"283,257",75% bearish,of 4 ratings,$24
AKER,$2.5,1440612909426,"55,800",Not yet rated,NULL,N/A
ADHD,$7.8199,1440612909581,"84,157",50% bullish,of 4 ratings,$18
ALDR,$36.95,1440612909609,"177,847",67% bearish,of 3 ratings,$62
ALXN,$167.5781,1440612909678,"497,822",88% bullish,of 8 ratings,$223
ALDX,$6.64,1440612909703,"7,459",100% bearish,of 1 rating,$14.50
ALXA,$1.1036,1440612909908,"12,369",83% bullish,of 6 ratings,$2.125
ALCO,$40.99,1440612909934,"4,570",50% bullish,of 2 ratings,N/A
ALGT,$213.105,1440612910067,"40,408",100% bearish,of 2 ratings,$235
ALKS,$57.861,1440612910088,"287,608",67% bullish,of 3 ratings,$75
ALIM,$3.12,1440612910125,"31,039",80% bullish,of 5 ratings,$10
AFOP,$18.2514,1440612910151,"62,369",75% bullish,of 8 ratings,$21
ALLB,$22.5,1440612910176,300,Not yet rated,NULL,N/A
ALGN,$55.2,1440612910224,"229,691",100% bearish,of 2 ratings,$73
AHGP,$34.55,1440612910326,"23,910",67% bullish,of 3 ratings,N/A
ARLP,$24.2,1440612910354,"52,350",67% bearish,of 3 ratings,$32
AIQ,$13.34,1440612910537,"11,122",67% bullish,of 3 ratings,N/A
AHPI,NULL,1440612910591,0,50% bullish,of 2 ratings,N/A
AMOT,$18.29,1440612910630,"37,938",100% bearish,of 1 rating,N/A
ALQA,$4.18,1440612910673,"9,487",75% bullish,of 4 ratings,$8.50
ALLT,$4.91,1440612910760,"66,628",75% bullish,of 4 ratings,$6.25
MDRX,$13.09,1440612910808,"900,686",60% bullish,of 5 ratings,$16
AFAM,$45.08,1440612910941,"38,553",50% bullish,of 2 ratings,$44
ALNY,$98.68,1440612910983,"230,674",67% bullish,of 3 ratings,$148.50
AOSL,$7.27,1440612911075,"36,451",67% bullish,of 3 ratings,$9
ALTR,$46.97,1440612911106,"886,129",80% bearish,of 5 ratings,$54
SMCP,NULL,1440612911173,0,Not yet rated,NULL,N/A
ASPS,$25.03,1440612911203,"132,987",67% bullish,of 3 ratings,$46.50
ATEC,$0.5799,1440612911281,"121,383",100% bullish,of 1 rating,$2
AIMC,$24.3,1440612911335,"27,306",100% bearish,of 2 ratings,$28.50
AMAG,$61.11,1440612911443,"215,050",100% bullish,of 2 ratings,$77.50
AMRN,$1.865,1440612911572,"666,345",85% bullish,of 39 ratings,$8
AMZN,$488.84,1440612911647,"1,962,617",81% bullish,of 264 ratings,$646
AMRK,$10.36,1440612911672,470,50% bullish,of 2 ratings,$14
AYA,$19.5,1440612911805,"10,123",100% bearish,of 1 rating,$40
AMBC,$15.4,1440612911837,"97,811",100% bearish,of 1 rating,$16.50
AMBA,$85.805,1440612911875,"1,194,213",83% bullish,of 12 ratings,$102.50
AMBCW,$7,1440612911934,"3,000",100% bearish,of 1 rating,N/A
EPAX,$2.69,1440612911967,"46,621",100% bearish,of 1 rating,N/A
AMCX,$69.03,1440612912019,"468,675",67% bullish,of 3 ratings,$87.50
DOX,$55.62,1440612912078,"364,205",67% bearish,of 3 ratings,$60
AMED,$37.83,1440612912284,"67,339",100% bearish,of 1 rating,$42
AMDA,$0.4597,1440612912409,"684,421",90% bullish,of 10 ratings,$1
ATAX,$5.1032,1440612912440,"82,121",100% bullish,of 1 rating,$6.50
UHAL,$365.41,1440612912471,"6,590",100% bullish,of 2 ratings,$393.50
ASBI,$22.16,1440612912500,"2,500",Not yet rated,NULL,N/A
AMOV,$17.3,1440612912540,"4,100",100% bearish,of 1 rating,N/A
AGNC,$19.27,1440612912573,"1,863,137",71% bullish,of 28 ratings,$22
AAL,$37.938,1440612912597,"5,277,193",93% bullish,of 88 ratings,$57
AGNCP,$25.25,1440612912788,"2,900",Not yet rated,NULL,N/A
MTGEP,$24.5,1440612912876,600,Not yet rated,NULL,N/A
AGNCB,$24.1,1440612912947,"12,248",Not yet rated,NULL,N/A
ACSF,$12.02,1440612913005,"15,635",100% bearish,of 1 rating,$15
MTGE,$15.29,1440612913031,"140,319",75% bullish,of 4 ratings,$19.50
ANCI,$1.53,1440612913052,"2,800",100% bearish,of 1 rating,N/A
ACAS,$13.21,1440612913084,"828,928",60% bullish,of 5 ratings,$16.75
AETI,$3.97,1440612913326,"1,116",67% bearish,of 3 ratings,N/A
AMIC,NULL,1440612913413,0,Not yet rated,NULL,N/A
ANAT,$99.54,1440612913501,"16,922",100% bullish,of 1 rating,N/A
AMRB,$9.95,1440612913526,"7,804",Not yet rated,NULL,$11
APEI,$21.01,1440612913547,"17,611",100% bearish,of 1 rating,$25.50
ARII,$38.11,1440612913580,"107,725",67% bearish,of 3 ratings,$45
AMNB,$22.8,1440612913685,"3,217",Not yet rated,NULL,$25.50
AMSC,$4.04,1440612913854,"82,335",50% bullish,of 4 ratings,N/A
ABCB,$26.29,1440612913881,"57,881",Not yet rated,NULL,$31
AMSWA,$8.55,1440612914045,"10,456",100% bearish,of 2 ratings,$10.75
AMWD,$64.56,1440612914075,"79,910",50% bullish,of 2 ratings,$70
CRMT,$36.13,1440612914123,"14,255",100% bearish,of 1 rating,$39
ASEI,$37.0466,1440612914155,"17,975",100% bearish,of 1 rating,$52.50
ASRV,$3.2,1440612914177,"22,386",100% bullish,of 2 ratings,N/A
AMSF,$46.49,1440612914253,"18,381",Not yet rated,NULL,$57.50
ASRVP,NULL,1440612914444,0,Not yet rated,NULL,N/A
ATLO,$23.35,1440612914587,"1,764",Not yet rated,NULL,N/A
AMGN,$149.82,1440612914613,"1,751,797",89% bullish,of 19 ratings,$185
AMKR,$4.54,1440612914640,"825,852",100% bearish,of 2 ratings,$5
FOLD,$13.55,1440612914768,"584,878",56% bullish,of 9 ratings,$21
AMSG,$77.82,1440612914795,"209,824",100% bearish,of 1 rating,$85.50
AMSGP,NULL,1440612914823,0,Not yet rated,NULL,N/A
AFSI,$57.404,1440612914848,"303,416",60% bullish,of 5 ratings,$72
AMPH,$13.3,1440612914876,"92,223",50% bullish,of 2 ratings,$20
AMRS,$1.6,1440612915043,"44,626",70% bullish,of 10 ratings,N/A
ASYS,$4.9,1440612915078,"26,644",67% bullish,of 3 ratings,$12
ADI,$52.53,1440612915175,"1,131,278",67% bullish,of 3 ratings,$69
ANAC,$127.74,1440612915204,"172,357",80% bullish,of 5 ratings,$180.50
ANAD,$0.3378,1440612915232,"148,109",100% bullish,of 2 ratings,$.50
ALOG,$78.52,1440612915254,"19,852",100% bearish,of 2 ratings,$100.50
ANCB,$22.45,1440612915590,900,Not yet rated,NULL,$23
ANGI,$4.76,1440612915655,"178,754",64% bullish,of 11 ratings,$5.50
AMCF,$0.2476,1440612915720,"1,900",100% bullish,of 7 ratings,N/A
ANIK,$33.73,1440612915810,"30,954",60% bullish,of 5 ratings,$51.25
ANIP,$48.66,1440612915851,"77,557",89% bullish,of 19 ratings,$66
ABCW,$39,1440612915879,"6,488",67% bullish,of 3 ratings,N/A
ANGO,$14.63,1440612915907,"17,371",67% bullish,of 3 ratings,$19
ANSS,$86.69,1440612915932,"202,961",100% bearish,of 1 rating,$100
ATRS,$1.68,1440612916074,"375,637",92% bullish,of 12 ratings,$4.50
APIC,$6.06,1440612916291,"51,603",100% bearish,of 1 rating,$19
ANTH,$6.555,1440612916317,"427,691",80% bullish,of 10 ratings,$13
ABAC,$0.6999,1440612916344,"1,000",100% bearish,of 1 rating,N/A
APOL,$10.78,1440612916506,"597,992",87% bearish,of 68 ratings,$14
AINV,$6.36,1440612916535,"446,326",50% bullish,of 4 ratings,$8
ATNY,$2.34,1440612916563,"8,400",50% bullish,of 2 ratings,$3.75
AAPL,$106.76,1440612916696,"33,598,861",86% bullish,of 2349 ratings,$150
APOG,$48.94,1440612916758,"87,730",50% bullish,of 2 ratings,$67
ARCI,NULL,1440612916782,0,Not yet rated,NULL,N/A
AGTC,$15.08,1440612916962,"66,699",50% bullish,of 2 ratings,$33
APPF,$16.33,1440612916993,"20,505",50% bullish,of 2 ratings,$22
APDNW,$1.1,1440612917013,"1,100",Not yet rated,NULL,N/A
APDN,$3.17,1440612917047,"21,365",Not yet rated,NULL,$9
AMCC,$5.42,1440612917180,"236,274",80% bullish,of 5 ratings,$8
AMAT,$15,1440612917207,"12,070,754",82% bullish,of 11 ratings,$23
AAOI,$19.52,1440612917276,"94,587",50% bullish,of 4 ratings,$26
APRI,$1.19,1440612917411,"40,314",83% bullish,of 6 ratings,$4.86
AREX,$1.73,1440612917493,"253,607",100% bearish,of 1 rating,$3
APTO,$4.72,1440612917521,"1,318",Not yet rated,NULL,$17
AUMA,NULL,1440612917664,0,Not yet rated,NULL,N/A
AUMAW,NULL,1440612917746,0,Not yet rated,NULL,N/A
AUMAU,NULL,1440612917826,0,Not yet rated,NULL,N/A
AQMS,$4.89,1440612917856,"14,417",Not yet rated,NULL,N/A
ARDM,$6.95,1440612917885,202,100% bullish,of 1 rating,$26
AQXP,$17.7401,1440612917912,"148,040",50% bullish,of 2 ratings,$2
PETX,$16.78,1440612917990,"245,604",100% bearish,of 2 ratings,$26
ABUS,$6.62,1440612918061,"191,166",86% bullish,of 14 ratings,$23
ABIO,$0.88,1440612918162,"68,277",50% bullish,of 2 ratings,$3.75
ARCW,$3.5199,1440612918236,"14,161",100% bearish,of 2 ratings,$10.50
RKDA,$5.86,1440612918295,"5,641",100% bearish,of 2 ratings,$10
ARCB,$27.69,1440612918320,"121,787",67% bearish,of 3 ratings,$39.50
ACGL,$67.12,1440612918557,"84,790",50% bullish,of 2 ratings,$72
ACAT,$25.05,1440612918660,"38,745",100% bearish,of 3 ratings,$33
ARDX,$17.49,1440612918688,"55,630",50% bullish,of 2 ratings,$24.50
ARNA,$2.58,1440612918709,"1,345,917",90% bullish,of 77 ratings,$5.50
AGII,$55.81,1440612918747,"45,372",Not yet rated,NULL,$59.50
ARCC,$14.8651,1440612918840,"938,336",67% bearish,of 3 ratings,$17.875
AGIIL,$25.56,1440612918869,"9,783",Not yet rated,NULL,N/A
ARGS,$6.14,1440612918971,"23,381",50% bullish,of 2 ratings,$19.50
ARIS,$3.91,1440612919078,"123,530",Not yet rated,NULL,$4.50
ARIA,$6.3999,1440612919110,"1,661,041",87% bullish,of 46 ratings,$9
ARKR,$24.5,1440612919181,500,50% bullish,of 2 ratings,N/A
ARMH,$40.81,1440612919206,"2,927,116",54% bearish,of 13 ratings,$61
ARTX,$1.35,1440612919266,"156,465",88% bullish,of 16 ratings,$4.50
ARWAR,$0.27,1440612919530,800,Not yet rated,NULL,N/A
ARQL,$1.6,1440612919561,"103,739",75% bullish,of 4 ratings,$5
ARWAU,NULL,1440612919585,0,100% bullish,of 1 rating,N/A
ARWA,NULL,1440612919620,0,Not yet rated,NULL,N/A
ARWAW,NULL,1440612919650,0,Not yet rated,NULL,N/A
ARRS,$25.37,1440612919671,"388,526",50% bullish,of 2 ratings,$38
DWAT,$9.607,1440612919702,915,100% bearish,of 1 rating,N/A
ARRY,$5.47,1440612919752,"684,980",100% bullish,of 7 ratings,$10
AROW,$26.89,1440612919956,"10,829",Not yet rated,NULL,N/A
ARWR,$5.3501,1440612920033,"363,874",75% bullish,of 4 ratings,$10.50
ARTNA,$22.12,1440612920058,"6,797",100% bearish,of 1 rating,$29
ASND,$19.78,1440612920271,"72,506",100% bullish,of 1 rating,$30
ARTW,$4.396,1440612920301,"3,518",75% bearish,of 4 ratings,N/A
ASBB,$24.74,1440612920331,74,Not yet rated,NULL,N/A
ASNA,$11.05,1440612920380,"1,190,188",50% bullish,of 2 ratings,$18
ASTI,$0.11,1440612920405,"976,550",83% bullish,of 6 ratings,$3
ASML,$87.41,1440612920434,"422,401",50% bullish,of 4 ratings,$127
ASCMA,$26.76,1440612920545,"23,151",100% bearish,of 1 rating,$45
APWC,$1.81,1440612920608,200,100% bearish,of 1 rating,N/A
ASMI,NULL,1440612920637,0,NULL,NULL,NULL
AZPN,$36.64,1440612920663,"274,055",50% bullish,of 2 ratings,$42
ASMB,$12.2784,1440612920713,"19,068",67% bullish,of 3 ratings,N/A
ASFI,$8.83,1440612920802,"10,417",100% bullish,of 1 rating,N/A
ASTE,$36.27,1440612920843,"20,100",100% bearish,of 1 rating,$48
ALOT,$12.55,1440612921091,"17,897",100% bearish,of 1 rating,N/A
ATRO,$49.85,1440612921139,"67,465",100% bearish,of 2 ratings,$80
ATAI,$2.3101,1440612921226,"4,325",100% bearish,of 1 rating,N/A
ASTC,$1.9,1440612921254,"14,264",100% bullish,of 5 ratings,N/A
ASUR,$5.3,1440612921280,"8,700",50% bullish,of 2 ratings,$8
ATHN,$128.64,1440612921309,"73,552",67% bearish,of 3 ratings,$153
ATRA,$38.3363,1440612921330,"37,147",50% bullish,of 2 ratings,$68
AFCB,$27.3,1440612921362,100,Not yet rated,NULL,N/A
AAME,$3.6,1440612921640,798,Not yet rated,NULL,N/A
ATLC,$3.86,1440612921674,"9,462",67% bullish,of 3 ratings,N/A
ATNI,$69.89,1440612921708,"24,494",100% bearish,of 1 rating,$69.50
ACFC,$5.78,1440612921734,"73,435",Not yet rated,NULL,$6.50
AAPC,NULL,1440612921768,0,Not yet rated,NULL,N/A
ATHX,$1.09,1440612921805,"131,208",89% bullish,of 9 ratings,$5
AAWW,$39.19,1440612921830,"115,370",50% bullish,of 2 ratings,$65
ATML,$7.6,1440612922111,"3,561,981",78% bullish,of 9 ratings,$9.50
AFH,$16.27,1440612922137,"22,446",Not yet rated,NULL,$21.50
ATRI,$371.85,1440612922187,824,Not yet rated,NULL,N/A
ATOS,$0.72,1440612922215,"78,709",100% bullish,of 7 ratings,$7
ATRC,$25.08,1440612922236,"69,306",100% bullish,of 1 rating,$30
ATRM,$2.83,1440612922273,500,50% bullish,of 2 ratings,N/A
LIFE,$14.18,1440612922364,"20,738",86% bullish,of 7 ratings,$43
ATTU,$13.28,1440612922403,"38,106",100% bearish,of 1 rating,$20.50
AUBN,$27.45,1440612922543,"1,696",Not yet rated,NULL,N/A
AUPH,$3.0908,1440612922588,"3,325",100% bearish,of 1 rating,$8
ADAT,$0.3498,1440612922676,"1,560,713",100% bullish,of 2 ratings,N/A
EARS,$4.73,1440612922707,"5,359",100% bearish,of 2 ratings,$11.50
AUDC,$3.095,1440612922734,"18,453",80% bullish,of 5 ratings,$5
ABTL,$16.83,1440612922807,"34,032",100% bullish,of 4 ratings,$20.25
AVGO,$114.125,1440612922953,"1,511,865",88% bullish,of 8 ratings,$165
ADSK,$48.52,1440612922987,"986,644",67% bullish,of 6 ratings,$69.50
ADP,$76.33,1440612923044,"1,316,918",100% bearish,of 1 rating,$88
AVEO,$1.245,1440612923073,"528,374",75% bullish,of 8 ratings,$3
AAVL,$10.12,1440612923098,"153,653",100% bearish,of 1 rating,$20
AVNW,$1.18,1440612923336,"14,196",50% bullish,of 2 ratings,$2.20
AVNU,$12.1,1440612923409,"4,586",Not yet rated,NULL,$14
AVID,$7.97,1440612923438,"135,984",100% bearish,of 1 rating,$20
ACLS,$3.08,1440612923471,"235,771",67% bullish,of 6 ratings,$4.75
CAR,$40,1440612923573,"1,556,817",80% bullish,of 5 ratings,$60
AVGR,$14.1,1440612923601,"12,338",100% bearish,of 1 rating,$20
AXPW,$1.0501,1440612923747,"35,533",83% bullish,of 6 ratings,N/A
AWRE,$3.07,1440612923787,"9,778",67% bullish,of 3 ratings,N/A
AXGN,$3.75,1440612923826,"26,788",Not yet rated,NULL,$5
AXPWW,$0.88,1440612923878,"1,646",Not yet rated,NULL,N/A
AXTI,$2.126,1440612923959,"52,335",50% bullish,of 2 ratings,$2.75
BCOM,$18.25,1440612923984,"2,230",100% bearish,of 1 rating,N/A
RILY,$9.9999,1440612924026,"1,696",Not yet rated,NULL,N/A
BIDU,$139.735,1440612924249,"3,481,464",81% bullish,of 88 ratings,$210
BOSC,$2.26,1440612924279,544,50% bullish,of 2 ratings,N/A
BEAV,$46.14,1440612924354,"400,711",67% bearish,of 3 ratings,$59
BLDP,$1.1701,1440612924380,"381,376",91% bullish,of 22 ratings,$2.50
BCPC,$56.07,1440612924422,"47,985",100% bearish,of 1 rating,$75
BWINA,NULL,1440612924517,0,Not yet rated,NULL,N/A
BWINB,$22.84,1440612924570,"5,833",Not yet rated,NULL,N/A
BANF,$59.1,1440612924702,"2,910",Not yet rated,NULL,$68
BANFP,NULL,1440612924741,0,Not yet rated,NULL,N/A
BKSC,$15.7155,1440612924776,903,Not yet rated,NULL,N/A
BOCH,$5.72,1440612924872,"5,920",Not yet rated,NULL,$6.50
BKMU,$6.91,1440612924899,"20,051",Not yet rated,NULL,$8
BMRC,$47.91,1440612924955,"7,570",Not yet rated,NULL,$52
OZRK,$40.6067,1440612925161,"240,099",67% bullish,of 3 ratings,$49.50
BFIN,$11.83,1440612925187,"5,864",Not yet rated,NULL,$13
BANR,$43.05,1440612925240,"14,114",100% bullish,of 3 ratings,$50
BWFG,$18,1440612925268,"1,800",100% bearish,of 1 rating,N/A
BOTJ,NULL,1440612925320,0,Not yet rated,NULL,N/A
TAPR,$32.26,1440612925410,"4,467",100% bearish,of 1 rating,N/A
BHACR,NULL,1440612925553,0,Not yet rated,NULL,N/A
BHAC,NULL,1440612925696,0,Not yet rated,NULL,N/A
BHACW,NULL,1440612925727,0,Not yet rated,NULL,N/A
BZUN,$4.7,1440612925756,"180,425",50% bullish,of 2 ratings,$11.50
BBSI,$33.6,1440612925778,"38,610",67% bearish,of 3 ratings,$62.50
BHACU,NULL,1440612925829,0,Not yet rated,NULL,N/A
BSET,$28.97,1440612925913,"19,658",100% bearish,of 1 rating,$35
BYBK,$5,1440612926046,375,100% bearish,of 1 rating,N/A
BBCN,$14.085,1440612926121,"89,540",100% bearish,of 1 rating,$16
BYLK,$12.71,1440612926226,"1,000",Not yet rated,NULL,$14
BECN,$34.16,1440612926359,"199,128",50% bullish,of 2 ratings,$40
BV,$4.94,1440612926385,"197,656",67% bullish,of 6 ratings,$9
BDCV,$4.73,1440612926410,"28,478",100% bearish,of 1 rating,$10.19
BCBP,NULL,1440612926442,0,Not yet rated,NULL,N/A
BSF,$8.29,1440612926516,"3,223",Not yet rated,NULL,N/A
BBGI,$4.08,1440612926722,100,100% bearish,of 1 rating,N/A
BEBE,$1.7,1440612926752,"39,529",75% bullish,of 4 ratings,$3.075
BBBY,$60.35,1440612926823,"986,878",71% bullish,of 7 ratings,$75
BELFA,$14.71,1440612926890,"3,307",100% bearish,of 1 rating,N/A
BLPH,$5.16,1440612926921,"18,827",100% bearish,of 1 rating,$12.50
BELFB,$17.69,1440612926947,"9,866",100% bearish,of 1 rating,N/A
BLCM,$16.06,1440612927020,"98,749",50% bullish,of 4 ratings,$40
BNCL,$12.26,1440612927079,"215,186",100% bullish,of 3 ratings,$12.50
BNTC,$8,1440612927331,"14,461",100% bullish,of 1 rating,N/A
BNFT,$34.5,1440612927361,"65,769",67% bullish,of 3 ratings,$46
BGMD,$0.75,1440612927382,"34,300",100% bullish,of 10 ratings,N/A
BIND,$4.29,1440612927403,"34,720",75% bullish,of 4 ratings,$13.50
BGCP,$8.415,1440612927442,"569,877",88% bullish,of 8 ratings,$14
ORPN,$5.2506,1440612927464,"5,591",100% bullish,of 1 rating,$28.50
BGFV,$10.51,1440612927538,"43,196",57% bullish,of 7 ratings,$12
BCDA,NULL,1440612927740,0,Not yet rated,NULL,N/A
BCRX,$10.54,1440612927766,"257,223",63% bullish,of 8 ratings,$18
BIOC,$1.8399,1440612927801,"192,382",83% bullish,of 6 ratings,$3.85
BIOD,$0.675,1440612927894,"39,484",80% bullish,of 5 ratings,$4
BDSI,$6.23,1440612927924,"457,734",88% bullish,of 8 ratings,$17
BIIB,$290.3,1440612927950,"1,032,186",88% bullish,of 16 ratings,$400
BASI,$1.64,1440612927976,"3,202",Not yet rated,NULL,N/A
BIOL,$1.37,1440612928208,"25,282",Not yet rated,NULL,N/A
BLRX,$1.3099,1440612928235,"69,598",100% bullish,of 12 ratings,$5
BMRN,$122.67,1440612928261,"339,429",80% bullish,of 5 ratings,$160
BLFS,$1.9801,1440612928401,"1,973",100% bearish,of 1 rating,$4.75
BVXVW,NULL,1440612928430,0,100% bearish,of 1 rating,N/A
BRLI,NULL,1440612928449,0,NULL,NULL,NULL
BVXV,$3.5,1440612928505,"3,300",Not yet rated,NULL,N/A
BIOS,$2.175,1440612928638,"646,918",71% bullish,of 7 ratings,$4
BPTH,$1.03,1440612928766,"24,947",100% bullish,of 2 ratings,$5
BBC,$29.25,1440612928791,"11,318",Not yet rated,NULL,N/A
BSTC,$47.16,1440612928837,"21,473",100% bearish,of 1 rating,$76
BBP,$30.9299,1440612928934,"6,121",Not yet rated,NULL,N/A
BSPM,$0.64,1440612929000,"14,548",50% bullish,of 2 ratings,N/A
BOTA,$2.165,1440612929069,"27,939",88% bullish,of 8 ratings,N/A
TECH,$93.81,1440612929097,"69,794",100% bullish,of 1 rating,$117
BEAT,$13.89,1440612929123,"333,064",67% bearish,of 3 ratings,$15
BITI,$17,1440612929267,"10,452",100% bullish,of 1 rating,$28
BDMS,NULL,1440612929371,0,100% bearish,of 1 rating,N/A
BJRI,$43.72,1440612929435,"106,930",50% bullish,of 2 ratings,$55
BBOX,$15,1440612929563,"32,988",100% bearish,of 1 rating,N/A
BDE,$7.15,1440612929589,"28,280",50% bullish,of 2 ratings,$9
BBRY,$6.745,1440612929646,"2,146,149",61% bullish,of 330 ratings,$9
BLKB,$57.97,1440612929720,"49,122",100% bearish,of 2 ratings,$66
ADRA,$26.38,1440612929851,885,100% bearish,of 1 rating,N/A
HAWK,$39.43,1440612929877,"359,256",91% bullish,of 11 ratings,$49
BKCC,$9.04,1440612929927,"175,881",100% bullish,of 2 ratings,$10
ADRD,$21.3799,1440612930007,"7,784",100% bearish,of 1 rating,N/A
ADRE,$28.61,1440612930091,"13,811",100% bearish,of 1 rating,N/A
ADRU,$21.132,1440612930224,446,100% bearish,of 1 rating,N/A
BLMN,$19.335,1440612930277,"467,662",83% bullish,of 6 ratings,$27.50
BCOR,$13.29,1440612930332,"75,669",57% bullish,of 7 ratings,$15
BLBD,$12.1,1440612930360,"15,135",Not yet rated,NULL,N/A
BBLU,$0.7854,1440612930437,"64,408",100% bullish,of 2 ratings,$4.43
BHBK,$13.87,1440612930582,"66,781",100% bullish,of 1 rating,$14.50
BUFF,$26.27,1440612930611,"107,987",83% bullish,of 12 ratings,$31.50
NILE,$32.16,1440612930719,"59,825",50% bullish,of 2 ratings,$34
BKEP,$5.7801,1440612930770,"26,188",100% bearish,of 1 rating,$8.50
BPMC,$25.6675,1440612930796,"68,209",50% bullish,of 2 ratings,$47.50
BLUE,$125.1,1440612930853,"257,252",71% bullish,of 7 ratings,$217.50
BKEPP,$7.02,1440612930930,"39,977",100% bearish,of 1 rating,N/A
BNCN,$19.97,1440612931059,"27,373",Not yet rated,NULL,$24
BOBE,$42.5175,1440612931123,"56,183",75% bullish,of 4 ratings,$57
WIFI,$7.39,1440612931160,"132,408",50% bullish,of 2 ratings,$13.50
BOKF,$58.3,1440612931292,"129,639",100% bearish,of 1 rating,$69
BOFI,$118.91,1440612931313,"78,508",100% bullish,of 6 ratings,$144
BOJA,$20.66,1440612931346,"83,998",100% bullish,of 1 rating,$30
BONA,$11.48,1440612931398,"54,066",75% bullish,of 4 ratings,$8.50
BNSO,$1.3341,1440612931531,240,100% bearish,of 1 rating,N/A
BAMM,$3.2,1440612931576,"1,651",60% bullish,of 5 ratings,N/A
BPFHP,NULL,1440612931663,0,100% bearish,of 1 rating,N/A
EPAY,$24.78,1440612931733,"50,689",100% bearish,of 2 ratings,$30
BPFH,$11.59,1440612931796,"172,368",100% bearish,of 1 rating,$14
BPFHW,$5,1440612931822,"1,100",100% bearish,of 1 rating,N/A
BDBD,$7.99,1440612931848,"276,120",60% bullish,of 5 ratings,$10
BCLI,$2.86,1440612932032,"18,732",80% bullish,of 5 ratings,$12
BBEP,$2.5,1440612932166,"789,870",69% bullish,of 13 ratings,$5.625
BBEPP,$12.83,1440612932225,"11,831",100% bearish,of 1 rating,N/A
BLIN,NULL,1440612932328,0,50% bullish,of 2 ratings,$2.20
BBRG,$12.31,1440612932349,"42,483",67% bullish,of 3 ratings,$14.50
BRID,NULL,1440612932427,0,100% bearish,of 1 rating,N/A
BDGE,$26.32,1440612932501,"6,567",Not yet rated,NULL,$31.75
BCOV,$5.12,1440612932531,"34,332",67% bullish,of 3 ratings,$10.20
BRCM,$49.14,1440612932633,"2,652,031",75% bullish,of 12 ratings,$56
BSFT,$30.17,1440612932715,"121,811",57% bullish,of 7 ratings,$40.50
BYFC,$1.47,1440612932766,"1,000",50% bullish,of 2 ratings,N/A
BRCD,$10.405,1440612932987,"3,290,219",92% bullish,of 13 ratings,$11.50
BVSN,$5.7009,1440612933013,"2,501",60% bearish,of 5 ratings,N/A
BRKS,$10.08,1440612933040,"28,313",67% bullish,of 3 ratings,$15.25
BWEN,$3.16,1440612933061,"8,000",100% bullish,of 3 ratings,$8
BRKL,$10.49,1440612933193,"78,785",100% bearish,of 1 rating,$10.75
BRKR,$18.31,1440612933218,"98,943",100% bearish,of 2 ratings,$22
BMTC,$28.51,1440612933407,"49,732",Not yet rated,NULL,$34
BSQR,$5.79,1440612933491,"16,065",67% bullish,of 3 ratings,N/A
BWLD,$189.61,1440612933520,"151,763",82% bullish,of 11 ratings,$205
CFFI,NULL,1440612933552,0,100% bearish,of 1 rating,N/A
BLDR,$13.52,1440612933621,"525,645",50% bullish,of 2 ratings,$22
BLMT,$20.59,1440612933646,937,Not yet rated,NULL,N/A
BUR,$1.8,1440612933774,"7,251",100% bearish,of 1 rating,$8
CHRW,$66.3092,1440612933801,"668,418",Not yet rated,NULL,$72
CA,$26.2225,1440612933870,"1,280,159",50% bullish,of 4 ratings,$33
CDNS,$19.0799,1440612934027,"685,797",75% bullish,of 4 ratings,$22.50
CCMP,$42.5,1440612934078,"33,779",50% bullish,of 2 ratings,$59
CZR,$8.46,1440612934130,"258,789",60% bearish,of 5 ratings,$10.50
CACQ,$7.03,1440612934154,"9,817",100% bearish,of 1 rating,$12.25
CSTE,$38.67,1440612934298,"567,166",100% bearish,of 1 rating,$65
PRSS,$4.37,1440612934327,"4,570",80% bullish,of 5 ratings,$4.50
CDZI,$7.76,1440612934349,"41,412",100% bearish,of 1 rating,N/A
CLBS,$1.29,1440612934485,"58,867",79% bullish,of 14 ratings,$4
CHY,$11.0299,1440612934527,"188,346",Not yet rated,NULL,N/A
CLMS,$10.2949,1440612934589,"30,432",Not yet rated,NULL,$10.50
CFGE,NULL,1440612934764,0,Not yet rated,NULL,N/A
CCD,$18.8001,1440612934807,"297,460",Not yet rated,NULL,N/A
CHW,$7.395,1440612934834,"109,535",100% bearish,of 1 rating,N/A
CSQ,$9.4899,1440612934964,"285,999",Not yet rated,NULL,N/A
CHI,$10.27,1440612934989,"222,638",100% bearish,of 1 rating,N/A
CGO,$11.7047,1440612935026,"21,809",100% bearish,of 1 rating,N/A
CAMP,$15.6,1440612935055,"137,107",88% bullish,of 8 ratings,$25
CFNB,NULL,1440612935205,0,100% bearish,of 1 rating,N/A
CVGW,$58.35,1440612935255,"121,232",50% bullish,of 2 ratings,$58.50
CALA,$4.6732,1440612935335,"255,807",100% bullish,of 3 ratings,$19.50
CALD,$15.21,1440612935404,"169,125",100% bearish,of 1 rating,$20.50
CLMT,$24.711,1440612935467,"130,925",75% bullish,of 8 ratings,$31
CALM,$47.87,1440612935598,"393,614",80% bullish,of 5 ratings,$65
CAMB,$10.05,1440612935813,200,Not yet rated,NULL,N/A
CAC,$40.15,1440612935849,"2,224",Not yet rated,NULL,N/A
ABCD,$4.9599,1440612935871,"48,399",83% bullish,of 6 ratings,N/A
CAMBU,NULL,1440612935946,0,100% bearish,of 1 rating,N/A
CAMBW,NULL,1440612935977,0,Not yet rated,NULL,N/A
CAMT,$2.598,1440612936008,"20,662",73% bullish,of 11 ratings,$4
CPHC,$10.23,1440612936080,100,100% bearish,of 1 rating,N/A
CSIQ,$16.66,1440612936105,"1,617,249",86% bullish,of 28 ratings,$42.50
CGIX,$9.67,1440612936241,"30,579",67% bullish,of 3 ratings,$14.375
CBNJ,$10.8999,1440612936344,"23,311",100% bullish,of 1 rating,N/A
CBF,$28.64,1440612936390,"88,689",Not yet rated,NULL,$32
CPLA,$47.54,1440612936520,"38,743",67% bearish,of 3 ratings,$65
CCBG,$14.85,1440612936548,"5,880",Not yet rated,NULL,$17.25
CSWC,$44.78,1440612936654,"9,536",Not yet rated,NULL,N/A
CPTA,$13.66,1440612936791,"43,303",100% bearish,of 1 rating,$18.50
CPLP,$6.45,1440612936818,"321,913",71% bullish,of 7 ratings,$11
CAPN,$1.67,1440612936861,"57,688",100% bullish,of 1 rating,$10.85
CPST,$0.3628,1440612936891,"429,605",95% bullish,of 22 ratings,$1.25
CFFN,$11.75,1440612936916,"362,531",Not yet rated,NULL,$12.75
CAPNW,$0.4999,1440612936963,"9,600",Not yet rated,NULL,N/A
CAPR,$4.04,1440612937098,"21,053",Not yet rated,NULL,$12
CARA,$17.35,1440612937152,"284,816",50% bullish,of 4 ratings,$25
CARB,$11.03,1440612937232,"65,771",75% bullish,of 4 ratings,$12
CBYL,$5.22,1440612937280,"3,511",100% bearish,of 1 rating,$20
CRME,$8.71,1440612937435,"9,012",89% bullish,of 9 ratings,$11.25
CRDC,$0.38,1440612937483,"67,332",100% bullish,of 1 rating,$1.25
CFNL,$21.58,1440612937509,"35,257",Not yet rated,NULL,$24
CTRE,$11.27,1440612937684,"99,640",50% bullish,of 2 ratings,$13.50
CSII,$22.71,1440612937712,"73,058",100% bearish,of 2 ratings,$42.125
CATM,$33.81,1440612937784,"53,076",100% bearish,of 1 rating,$44
CECO,$3.46,1440612937816,"132,586",67% bearish,of 3 ratings,$6
CDNA,$6.5,1440612937860,"5,900",100% bearish,of 1 rating,$9
CARO,$15.061,1440612937917,250,100% bearish,of 1 rating,$19
CKEC,$22.25,1440612937955,"71,897",50% bullish,of 2 ratings,$35.915
CLBH,$12.52,1440612938047,"2,699",Not yet rated,NULL,$16.50
CART,$5.35,1440612938216,210,100% bearish,of 1 rating,N/A
CRZO,$28.245,1440612938371,"408,641",67% bearish,of 3 ratings,$55.50
TAST,$11.9,1440612938574,"82,159",Not yet rated,NULL,$14.25
CARV,$7.18,1440612938638,"17,550",50% bullish,of 2 ratings,N/A
CACB,$5.3,1440612938732,"22,531",Not yet rated,NULL,$5.50
CSCD,$15,1440612938764,"36,551",100% bullish,of 2 ratings,$17
CRTN,$2.51,1440612938864,500,100% bearish,of 1 rating,N/A
CASY,$103.535,1440612938891,"88,775",50% bullish,of 2 ratings,$99.50
CASM,$1.12,1440612938930,"5,800",100% bullish,of 1 rating,$3.50
CASS,$48.75,1440612939078,"7,525",100% bearish,of 1 rating,N/A
CWST,$5.97,1440612939104,"29,963",50% bullish,of 2 ratings,$7.25
CATY,$28.45,1440612939236,"223,440",100% bearish,of 1 rating,$33.50
CASI,$1.439,1440612939263,"1,290",100% bullish,of 1 rating,$3.50
CATB,$10.9,1440612939303,"17,171",100% bearish,of 1 rating,$28
CATYW,NULL,1440612939328,0,100% bearish,of 1 rating,N/A
CPRX,$3.36,1440612939350,"318,789",71% bullish,of 7 ratings,$7
CVCO,$71.58,1440612939477,"10,992",100% bearish,of 1 rating,N/A
CAVM,$65.98,1440612939513,"288,460",67% bearish,of 3 ratings,$72
CNLMR,NULL,1440612939745,0,Not yet rated,NULL,N/A
CNLM,NULL,1440612939803,0,Not yet rated,NULL,N/A
CBFV,$20.25,1440612939874,"5,675",Not yet rated,NULL,$25
CNLMW,NULL,1440612939899,0,Not yet rated,NULL,N/A
CBOE,$61.61,1440612939943,"224,286",Not yet rated,NULL,$60
CNLMU,NULL,1440612939968,0,100% bullish,of 1 rating,N/A
CDK,$47.0514,1440612939997,"420,103",67% bearish,of 3 ratings,$50
CDW,$38.45,1440612940102,"453,527",75% bullish,of 4 ratings,$44
CECE,$9.22,1440612940183,"38,260",50% bullish,of 2 ratings,$16
CELG,$114.92,1440612940324,"2,057,160",92% bullish,of 13 ratings,$155.50
CELGZ,$1.63,1440612940353,"19,700",80% bullish,of 5 ratings,N/A
CLDX,$13.63,1440612940391,"637,812",89% bullish,of 9 ratings,$36
CLRB,$3.11,1440612940482,803,100% bearish,of 1 rating,N/A
CLDN,$1.04,1440612940507,"59,147",71% bullish,of 7 ratings,$3
CPXX,$2.0001,1440612940565,"102,915",100% bullish,of 2 ratings,$7
CLLS,$30.01,1440612940805,"97,845",75% bullish,of 4 ratings,$51.50
CLRBW,$0.88,1440612940861,600,Not yet rated,NULL,N/A
CLTX,$2.5092,1440612940906,"177,332",100% bullish,of 2 ratings,N/A
CBMG,$22.38,1440612940940,"41,067",50% bullish,of 2 ratings,N/A
CEMP,$33,1440612940967,"264,340",71% bullish,of 7 ratings,$52
CYAD,$50.5737,1440612940988,"1,700",100% bullish,of 1 rating,$87.50
CLSN,$1.89,1440612941323,"72,272",80% bullish,of 10 ratings,$7.50
CETV,$1.99,1440612941481,"45,635",67% bullish,of 3 ratings,$2.80
CFBK,$1.37,1440612941507,"3,100",Not yet rated,NULL,N/A
CSFL,$13.7,1440612941527,"41,886",Not yet rated,NULL,$15
CETX,$2.28,1440612941557,"5,600",Not yet rated,NULL,$5.60
CENTA,$12.5,1440612941689,"102,970",Not yet rated,NULL,N/A
CENX,$4.265,1440612941778,"1,179,188",67% bullish,of 6 ratings,$9
CVCY,$11,1440612941908,"1,200",Not yet rated,NULL,$12
CNTY,$5.7899,1440612941946,"9,286",80% bullish,of 5 ratings,$7.75
CNBKA,$41.98,1440612941968,782,50% bullish,of 2 ratings,N/A
CENT,$11.94,1440612942000,"25,502",Not yet rated,NULL,$10
CPHD,$47.53,1440612942039,"240,398",67% bearish,of 3 ratings,$66.50
CRNT,$1.34,1440612942071,"22,046",50% bullish,of 2 ratings,$2
CERE,$1.15,1440612942205,"181,850",88% bullish,of 8 ratings,N/A
CERN,$60.305,1440612942271,"966,423",67% bullish,of 3 ratings,$79
CYOU,$19.35,1440612942675,"91,965",50% bullish,of 6 ratings,$24
CERS,$4.68,1440612942724,"195,662",75% bullish,of 4 ratings,$7
CERU,$3.33,1440612942754,"10,103",75% bullish,of 4 ratings,$15
CTHR,$1.27,1440612942786,"2,152",50% bullish,of 2 ratings,$2.50
HOTR,$1.46,1440612942815,"79,183",100% bullish,of 2 ratings,$5
KOOL,$0.642,1440612942840,"31,921",100% bullish,of 5 ratings,$7
HOTRW,NULL,1440612942865,0,Not yet rated,NULL,N/A
CEVA,$17.94,1440612942895,"24,529",100% bearish,of 1 rating,$25
GTLS,$21.89,1440612943150,"81,415",50% bullish,of 4 ratings,$40
CHKP,$78.59,1440612943183,"656,374",50% bullish,of 4 ratings,$92
CHFN,$12.17,1440612943280,"3,198",Not yet rated,NULL,$14
CHTR,$173.6,1440612943423,"430,677",100% bearish,of 2 ratings,$196
CHEKW,NULL,1440612943494,0,Not yet rated,NULL,N/A
CHEK,$2,1440612943519,"41,233",Not yet rated,NULL,$7.75
CHFC,$31,1440612943700,"15,082",100% bearish,of 1 rating,$36
CHMG,$26.6999,1440612943799,"1,000",Not yet rated,NULL,$30
CHEV,$14.4,1440612943830,350,Not yet rated,NULL,N/A
CEMI,$3.66,1440612943861,"58,012",50% bullish,of 2 ratings,$7.50
PLCE,$57.38,1440612943931,"263,294",100% bearish,of 1 rating,$71
CHMA,$23.3052,1440612943959,"26,443",Not yet rated,NULL,$40
CHKE,$25.99,1440612944009,"18,591",100% bearish,of 1 rating,$32.50
CCXI,$6.73,1440612944059,"29,868",67% bullish,of 3 ratings,$14
CADC,NULL,1440612944347,0,78% bullish,of 9 ratings,N/A
CMRX,$47.95,1440612944401,"140,255",50% bullish,of 2 ratings,$57
CBNK,$16.48,1440612944427,636,100% bearish,of 1 rating,N/A
CALI,$0.8601,1440612944448,"4,223",67% bullish,of 3 ratings,N/A
CBPO,$93.02,1440612944611,"93,346",75% bullish,of 8 ratings,$140.50
CBAK,$1.7887,1440612944755,"31,764",67% bullish,of 9 ratings,N/A
CCCL,$0.73,1440612944813,"23,700",100% bullish,of 6 ratings,N/A
CAAS,$5.76,1440612944839,"15,870",93% bullish,of 14 ratings,$11.50
CCCR,$0.84,1440612944867,"14,211",67% bearish,of 3 ratings,N/A
JRJC,$3,1440612944897,"104,108",82% bullish,of 11 ratings,N/A
CHOP,$1.268,1440612945002,"14,375",50% bullish,of 2 ratings,N/A
HGSH,$1.67,1440612945024,"3,400",67% bullish,of 3 ratings,N/A
CHLN,$2.08,1440612945104,"6,131",67% bullish,of 3 ratings,N/A
CJJD,$1.7,1440612945351,"27,610",100% bullish,of 1 rating,N/A
HTHT,$24.1,1440612945382,"71,936",50% bullish,of 2 ratings,$28.40
CHNR,$1.6701,1440612945441,"2,382",100% bearish,of 1 rating,N/A
CNIT,$1.39,1440612945486,"44,740",67% bullish,of 6 ratings,N/A
CREG,$0.6624,1440612945526,"7,330",100% bullish,of 3 ratings,N/A
CPGI,$6.88,1440612945551,400,Not yet rated,NULL,N/A
CXDC,$5.76,1440612945738,"37,137",67% bearish,of 3 ratings,N/A
CSUN,$1.3901,1440612945767,"14,875",80% bullish,of 5 ratings,N/A
CNTF,$0.77,1440612945788,"31,806",Not yet rated,NULL,N/A
CCIH,$6.27,1440612945979,"195,372",67% bullish,of 6 ratings,$12.65
IMOS,$16.5601,1440612946111,"130,230",60% bullish,of 5 ratings,$21.50
CNET,$0.7803,1440612946151,"21,013",50% bullish,of 2 ratings,N/A
CNYD,$3.013,1440612946178,"2,616",67% bullish,of 3 ratings,N/A
CHSCM,$25.83,1440612946198,"10,109",Not yet rated,NULL,N/A
CHSCL,$26.91,1440612946326,"19,605",Not yet rated,NULL,N/A
CHSCO,$28.03,1440612946399,"10,626",Not yet rated,NULL,N/A
CHSCN,$26.5123,1440612946453,"2,363",Not yet rated,NULL,N/A
CDTX,$14.13,1440612946555,"8,004",Not yet rated,NULL,$22
CHSCP,$30.3708,1440612946582,"2,133",Not yet rated,NULL,N/A
CHUY,$30.42,1440612946637,"72,831",50% bullish,of 2 ratings,$34
CIFC,$7,1440612946662,"1,702",100% bearish,of 1 rating,N/A
CHDN,$131.27,1440612946715,"11,341",Not yet rated,NULL,$165
CMPR,$67.07,1440612946926,"126,792",50% bullish,of 2 ratings,$72.50
CMCT,$15,1440612946972,620,100% bearish,of 1 rating,N/A
CINF,$51.53,1440612947000,"246,928",50% bullish,of 4 ratings,$50.50
CIDM,$0.58,1440612947144,"66,737",50% bullish,of 2 ratings,$2.10
CRUS,$27.83,1440612947170,"356,559",75% bullish,of 12 ratings,$44.50
CSCO,$25.0411,1440612947196,"19,593,689",84% bullish,of 208 ratings,$32
CTAS,$82.61,1440612947253,"182,572",100% bearish,of 1 rating,$91
CTRN,$26.3,1440612947352,"54,543",100% bearish,of 1 rating,$31.50
CZNC,$19.59,1440612947377,"5,904",Not yet rated,NULL,N/A
CPHR,$5.35,1440612947453,"10,199",100% bearish,of 1 rating,$17
CZWI,$8.99,1440612947525,600,Not yet rated,NULL,N/A
CTXS,$66.87,1440612947586,"581,553",86% bullish,of 7 ratings,$80
CIZN,$19.33,1440612947613,902,Not yet rated,NULL,N/A
CZFC,NULL,1440612947663,0,Not yet rated,NULL,N/A
CHCO,$46.73,1440612947851,"13,951",Not yet rated,NULL,$46
CIVB,$10.05,1440612947880,"3,400",Not yet rated,NULL,$11
CLNE,$4.2642,1440612948031,"485,069",80% bullish,of 15 ratings,$9
CIVBP,NULL,1440612948095,0,Not yet rated,NULL,N/A
CLIR,$4.53,1440612948120,"38,952",100% bullish,of 3 ratings,N/A
CDTI,$1.48,1440612948202,"28,273",75% bullish,of 4 ratings,$3.20
CLFD,$16.89,1440612948306,"23,345",67% bullish,of 3 ratings,$18
CLRO,$11.5,1440612948349,"36,586",50% bullish,of 2 ratings,$14.25
CLNT,$1.37,1440612948550,"7,062",75% bullish,of 8 ratings,N/A
CBLI,$3.58,1440612948643,"34,081",60% bullish,of 5 ratings,N/A
CLVS,$68.298,1440612948675,"415,410",60% bullish,of 5 ratings,$101.50
CSBK,$13.73,1440612948709,"39,019",Not yet rated,NULL,N/A
CMFN,$10.72,1440612948777,"16,083",100% bearish,of 1 rating,$15.50
CME,$90.42,1440612948848,"528,245",67% bullish,of 3 ratings,$102
CCNE,$16.65,1440612948875,"2,136",50% bullish,of 2 ratings,$21.50
CISG,$7.505,1440612949075,"58,197",100% bullish,of 5 ratings,$10
CWAY,$11.21,1440612949215,"2,278",Not yet rated,NULL,N/A
COKE,$159.61,1440612949307,"6,975",79% bullish,of 19 ratings,N/A
CNV,$4.27,1440612949328,"16,060",50% bullish,of 2 ratings,$7.15
COBZ,$12.73,1440612949411,"21,655",100% bullish,of 1 rating,$14
CVLY,$20.25,1440612949459,100,Not yet rated,NULL,N/A
CDRB,$12.17,1440612949554,"9,284",67% bullish,of 3 ratings,N/A
CGNX,$33.35,1440612949821,"409,760",50% bullish,of 2 ratings,$47
JVA,$4.3745,1440612949847,"4,448",83% bullish,of 6 ratings,$7
CDXS,$3.42,1440612949882,"23,255",64% bullish,of 11 ratings,$6
CTSH,$60.67,1440612949903,"1,674,053",90% bullish,of 10 ratings,$75
CCOI,$27.18,1440612949936,"186,195",50% bullish,of 4 ratings,$35
COHR,$55.8,1440612949986,"50,038",50% bullish,of 2 ratings,$72
CGNT,$1.4784,1440612950037,"23,335",100% bullish,of 2 ratings,$2
COHU,$9.2401,1440612950190,"84,898",100% bearish,of 1 rating,$14.25
CLRX,$0.54,1440612950281,"30,017",50% bullish,of 2 ratings,N/A
CLCT,$18.4999,1440612950319,"4,144",100% bearish,of 1 rating,N/A
CHRS,$27.42,1440612950344,"114,421",67% bearish,of 3 ratings,$37
COLL,$14.77,1440612950380,"29,512",100% bearish,of 1 rating,$26
CIGI,$41.81,1440612950509,"5,454",100% bearish,of 1 rating,$52
CLCD,$6.46,1440612950603,"48,629",100% bearish,of 1 rating,$20.50
CBAN,NULL,1440612950631,0,Not yet rated,NULL,N/A
COLB,$29.24,1440612950661,"31,488",Not yet rated,NULL,$36
CMCO,$17.94,1440612950766,"41,242",60% bullish,of 5 ratings,$28
CMCSA,$54.5,1440612950795,"4,806,491",66% bullish,of 35 ratings,$69.50
COLM,$59.85,1440612950827,"39,995",100% bearish,of 1 rating,$71
CBMX,$1.1,1440612950924,"20,727",83% bullish,of 6 ratings,$3.15
CMCSK,$55.25,1440612951076,"1,571,348",Not yet rated,NULL,$84
CBSHP,$25.32,1440612951162,"1,553",100% bearish,of 1 rating,N/A
CBSH,$43.22,1440612951187,"128,741",50% bullish,of 2 ratings,$46
CUBN,$13.5,1440612951213,718,Not yet rated,NULL,N/A
COMM,$29,1440612951355,"350,420",67% bearish,of 3 ratings,$35
CVGI,$4.713,1440612951383,"75,009",50% bullish,of 2 ratings,$6
CSAL,$20.26,1440612951513,"244,986",75% bullish,of 4 ratings,$30
ESXB,$5.0175,1440612951542,"2,104",Not yet rated,NULL,N/A
CWBC,NULL,1440612951648,0,Not yet rated,NULL,N/A
CTBI,$34.27,1440612951681,"9,101",Not yet rated,NULL,$36
CYHHZ,$0.011,1440612951710,"70,098",100% bullish,of 1 rating,N/A
JCS,$8.65,1440612951811,"1,554",67% bullish,of 3 ratings,N/A
COB,$10.3478,1440612951979,"2,236",100% bullish,of 1 rating,$11.75
CVLT,$34.37,1440612952160,"222,854",75% bullish,of 4 ratings,$44.50
CIZ,$32.7588,1440612952192,586,100% bearish,of 1 rating,N/A
CIL,$32.83,1440612952343,400,Not yet rated,NULL,N/A
CSF,$35.62,1440612952373,"1,345",100% bearish,of 1 rating,N/A
CDC,$33.36,1440612952401,"13,885",Not yet rated,NULL,N/A
CID,$33.02,1440612952431,700,Not yet rated,NULL,N/A
CSA,$31.8999,1440612952471,150,Not yet rated,NULL,N/A
CFO,$33.8944,1440612952563,"7,991",100% bearish,of 1 rating,N/A
CFA,$34.1586,1440612952666,"3,540",100% bearish,of 1 rating,N/A
CDL,NULL,1440612952746,0,Not yet rated,NULL,N/A
CGEN,$4.77,1440612952779,"60,754",50% bullish,of 2 ratings,$11
CPSI,$44.52,1440612952805,"36,736",100% bearish,of 1 rating,$45.50
CSB,$32.44,1440612952885,1,Not yet rated,NULL,N/A
SCOR,$53.17,1440612953034,"157,291",100% bearish,of 1 rating,$66
CTG,$6.42,1440612953061,"13,624",100% bearish,of 1 rating,$8.50
CHCI,$0.7101,1440612953265,"41,347",50% bullish,of 2 ratings,N/A
CNSI,$18.29,1440612953291,"154,982",100% bearish,of 2 ratings,$29
CNAT,$3.55,1440612953343,"59,063",83% bullish,of 6 ratings,$13
CMTL,$25.51,1440612953420,"23,713",100% bearish,of 2 ratings,$37
CXRX,$69.54,1440612953448,"1,745",100% bearish,of 1 rating,$90
CCUR,$4.75,1440612953477,"40,356",75% bullish,of 4 ratings,N/A
CNCE,$15.2,1440612953577,"56,195",75% bullish,of 4 ratings,$22
CDORO,NULL,1440612953676,0,100% bearish,of 1 rating,N/A
CDOR,$1.26,1440612953730,400,100% bullish,of 1 rating,N/A
CDORP,$6.37,1440612953896,"1,210",100% bearish,of 1 rating,N/A
CNMD,$52.95,1440612953952,"41,784",Not yet rated,NULL,$59
CNFR,$10.2562,1440612954000,"8,186",Not yet rated,NULL,N/A
CFMS,$19.45,1440612954033,"132,947",Not yet rated,NULL,$27
CNOB,$19.04,1440612954129,"14,246",100% bullish,of 1 rating,$23.50
CTWS,$34.38,1440612954154,"4,471",100% bearish,of 1 rating,$44
CNXR,$6.46,1440612954179,"15,882",100% bearish,of 1 rating,$12
CWCO,$10.22,1440612954379,"29,354",67% bullish,of 3 ratings,$14.50
CNSL,$19.245,1440612954478,"62,691",100% bearish,of 1 rating,$23
CFRX,$5.0197,1440612954534,"26,928",Not yet rated,NULL,$14
CONN,$30.2,1440612954561,"319,288",67% bullish,of 3 ratings,$48.50
CPSS,$5.6801,1440612954582,"19,495",100% bullish,of 1 rating,$10
CFRXW,$1.89,1440612954617,800,100% bearish,of 1 rating,N/A
CTCT,$23.9,1440612954714,"99,614",67% bullish,of 3 ratings,$37
CFRXZ,NULL,1440612954846,0,Not yet rated,NULL,N/A
CTRV,$3.8,1440612954910,"7,400",Not yet rated,NULL,$6.40
CTRL,$7.81,1440612954987,"67,620",50% bullish,of 2 ratings,$11
CORT,$4.73,1440612955040,"317,218",67% bullish,of 3 ratings,$12
CPRT,$33.64,1440612955086,"90,338",67% bearish,of 3 ratings,$40
BVA,$3.85,1440612955146,200,50% bullish,of 2 ratings,N/A
CRBP,$1.83,1440612955173,"182,156",100% bullish,of 2 ratings,$6.25
CORE,$59.3,1440612955302,"57,347",100% bearish,of 1 rating,$72
CORI,$10.16,1440612955330,"32,512",100% bearish,of 1 rating,$18
CRVL,$30.19,1440612955460,"11,018",100% bearish,of 1 rating,N/A
CSOD,$34.86,1440612955489,"216,316",50% bullish,of 2 ratings,$42
CSGP,$172.13,1440612955543,"72,579",50% bullish,of 2 ratings,$235
COST,$135.5,1440612955686,"869,071",79% bullish,of 24 ratings,$154.50
COSI,$0.9901,1440612955711,"149,560",100% bullish,of 1 rating,N/A
CPAH,NULL,1440612955840,0,50% bullish,of 2 ratings,N/A
CVTI,$22.05,1440612955925,"88,434",67% bearish,of 3 ratings,$39
ICBK,$18.21,1440612955951,200,Not yet rated,NULL,$21
COWN,$4.95,1440612956083,"719,006",75% bullish,of 4 ratings,$7
COWNL,$26.6,1440612956114,"8,095",Not yet rated,NULL,N/A
COVS,$2.51,1440612956139,"46,939",67% bullish,of 3 ratings,N/A
CPSH,$2.17,1440612956215,"16,080",Not yet rated,NULL,N/A
CBRL,$141.27,1440612956358,"113,407",50% bullish,of 2 ratings,$155
CRAI,$21.62,1440612956386,"9,389",100% bearish,of 1 rating,$36
CRAY,$19.835,1440612956443,"133,580",83% bullish,of 6 ratings,$38.50
BREW,$7.38,1440612956528,"44,224",67% bullish,of 6 ratings,$15
CACC,$195.88,1440612956594,"62,154",50% bullish,of 2 ratings,$158.50
SLVO,$9.688,1440612956693,"65,164",100% bearish,of 1 rating,N/A
GLDI,$10.9305,1440612956721,"14,852",100% bearish,of 1 rating,N/A
CRESY,$9.504,1440612956910,"18,259",100% bearish,of 1 rating,$19
CRTO,$41.43,1440612957008,"145,251",67% bullish,of 6 ratings,$64
CREE,$25.43,1440612957035,"545,911",65% bullish,of 17 ratings,$29.50
CRDS,$1.02,1440612957180,"14,600",50% bullish,of 4 ratings,$4.50
CROX,$13.55,1440612957211,"584,009",63% bullish,of 8 ratings,$16.50
CRWS,$7.94,1440612957239,"4,300",Not yet rated,NULL,$10
CCRN,$13.71,1440612957308,"47,709",100% bearish,of 1 rating,$14.25
CYRX,$2.84,1440612957504,"10,793",Not yet rated,NULL,$9
CRWN,$4.51,1440612957532,"34,412",75% bullish,of 4 ratings,N/A
CSGS,$29.98,1440612957726,"51,825",Not yet rated,NULL,$40
CTCM,$1.7099,1440612957754,"63,422",80% bearish,of 5 ratings,$3.90
CYRXW,$0.811,1440612957780,"19,200",Not yet rated,NULL,N/A
CCLP,$13.17,1440612957923,"29,555",67% bearish,of 3 ratings,$20
CSPI,$5.88,1440612957983,"1,050",67% bullish,of 3 ratings,N/A
CTIC,$1.51,1440612958012,"930,418",84% bullish,of 76 ratings,$5.75
CTRP,$63.21,1440612958087,"805,319",75% bullish,of 8 ratings,$92
CUNB,$21.1,1440612958114,"6,128",Not yet rated,NULL,$24.50
CTIB,NULL,1440612958139,0,100% bearish,of 1 rating,N/A
CUI,$4.98,1440612958271,"11,183",50% bullish,of 2 ratings,$10
CMLS,$1.355,1440612958351,"298,740",50% bullish,of 4 ratings,$6
CRIS,$2.3,1440612958483,"243,375",100% bullish,of 8 ratings,$6
CUTR,$14.22,1440612958512,"27,487",67% bearish,of 3 ratings,$18
CPIX,$6.14,1440612958538,"63,800",Not yet rated,NULL,N/A
CVV,$10.55,1440612958667,"10,518",100% bullish,of 5 ratings,N/A
CVBF,$15.54,1440612958693,"118,332",Not yet rated,NULL,$18
CYBX,$66.36,1440612958864,"149,554",50% bullish,of 4 ratings,$71.50
CYBR,$47.99,1440612958890,"659,777",71% bullish,of 7 ratings,$66
CYCC,$0.51,1440612958919,"117,627",73% bullish,of 11 ratings,N/A
CYAN,$7.2601,1440612959023,820,100% bearish,of 1 rating,N/A
CYBE,$5.86,1440612959075,"3,535",100% bearish,of 1 rating,N/A
CYNA,$16.2,1440612959158,"29,242",100% bullish,of 1 rating,$31.50
CYNO,$32.26,1440612959207,"35,521",67% bearish,of 3 ratings,$45.50
CBAY,$2.552,1440612959232,"45,231",100% bullish,of 1 rating,$4
CYCCP,$5.5,1440612959259,300,100% bearish,of 1 rating,N/A
CY,$9.12,1440612959423,"2,626,373",80% bullish,of 10 ratings,$15.50
CYRN,$1.65,1440612959490,"14,950",67% bullish,of 3 ratings,$4
CYTX,$0.3285,1440612959622,"1,053,951",83% bullish,of 12 ratings,$5.50
CONE,$30.98,1440612959649,"126,295",67% bearish,of 3 ratings,$35
CYTR,$2.13,1440612959670,"308,220",67% bullish,of 6 ratings,$10
CYTK,$6.54,1440612959705,"97,719",71% bullish,of 14 ratings,$13.50
CTSO,$6.42,1440612959811,"44,265",Not yet rated,NULL,$15.625
TVIX,$13.87,1440612959919,"17,834,481",81% bullish,of 16 ratings,N/A
TVIZ,$18.75,1440612960023,"5,620",100% bearish,of 1 rating,N/A
DAEG,$0.3596,1440612960073,"5,596",100% bearish,of 1 rating,N/A
ZIV,$40.5,1440612960099,"77,197",Not yet rated,NULL,N/A
XIV,$26.82,1440612960166,"18,965,223",75% bearish,of 4 ratings,N/A
DAKT,$8.26,1440612960230,"320,101",50% bullish,of 2 ratings,$14
DJCO,$191.3,1440612960307,301,Not yet rated,NULL,N/A
DARA,$0.85,1440612960366,"82,983",83% bullish,of 6 ratings,$1.50
DTLK,$5.45,1440612960454,"58,304",100% bearish,of 1 rating,$9
DAIO,$2.57,1440612960534,"1,900",Not yet rated,NULL,N/A
DRAM,$1.1297,1440612960566,"17,050",78% bullish,of 9 ratings,N/A
PLAY,$32.98,1440612960600,"142,290",100% bullish,of 5 ratings,$42
DTEA,$12.98,1440612960670,"34,348",100% bearish,of 2 ratings,$24
DWCH,$4.86,1440612960694,"13,504",75% bullish,of 4 ratings,$8.25
DBVT,$37.5,1440612960845,"22,707",100% bearish,of 1 rating,$53
DWSN,$4.273,1440612960944,"18,191",67% bullish,of 3 ratings,N/A
TRAK,$62.8,1440612961034,"349,237",50% bullish,of 2 ratings,$62.50
DFRG,$14.11,1440612961222,"91,979",100% bearish,of 1 rating,$20
TACO,$12.806,1440612961248,"113,907",75% bullish,of 4 ratings,$20
TACOW,$3.95,1440612961276,"12,500",100% bullish,of 1 rating,N/A
DHRM,$1.424,1440612961410,"4,087",Not yet rated,NULL,N/A
DELT,$2.65,1440612961436,400,Not yet rated,NULL,N/A
DCTH,$0.3758,1440612961567,"405,959",78% bullish,of 9 ratings,N/A
DGAS,$20.49,1440612961598,"16,347",67% bearish,of 3 ratings,N/A
DELTW,NULL,1440612961624,0,Not yet rated,NULL,N/A
DENN,$11.25,1440612961702,"115,437",100% bullish,of 3 ratings,$15
XRAY,$51.66,1440612961808,"229,618",100% bullish,of 1 rating,$58
DEPO,$27.71,1440612961841,"206,270",60% bullish,of 5 ratings,$29
DSCI,$5.72,1440612961873,"21,703",50% bullish,of 2 ratings,$16
DERM,$24.46,1440612961972,"54,800",100% bearish,of 1 rating,$33.50
DXLG,$4.5,1440612962072,"150,971",100% bearish,of 1 rating,$8
DEST,$11.3,1440612962206,"49,087",50% bullish,of 2 ratings,N/A
DSWL,$1.6801,1440612962231,"58,127",100% bullish,of 1 rating,N/A
DXCM,$90.17,1440612962275,"294,613",57% bullish,of 7 ratings,$98
DXM,$0.3181,1440612962379,"64,469",50% bullish,of 2 ratings,N/A
DMND,$27.89,1440612962410,"142,049",75% bullish,of 12 ratings,$32
DHXM,NULL,1440612962431,0,Not yet rated,NULL,N/A
DHIL,$190,1440612962503,"1,352",Not yet rated,NULL,N/A
FANG,$60.59,1440612962647,"317,409",50% bullish,of 2 ratings,$86.50
DRNA,$9.97,1440612962685,"24,315",67% bearish,of 3 ratings,$25
DCIX,$1.57,1440612962736,"52,693",50% bullish,of 4 ratings,$3.50
DMRC,$33.84,1440612962880,"92,384",100% bearish,of 1 rating,$44
DGLY,$7.8216,1440612962955,"357,392",50% bullish,of 6 ratings,$20
DGII,$9.61,1440612962981,"12,482",100% bearish,of 1 rating,$10
DRAD,$3.73,1440612963049,"5,170",100% bullish,of 1 rating,$5.25
DCOM,$16.48,1440612963115,"50,864",100% bearish,of 2 ratings,$16.50
APPS,$2.3,1440612963189,"77,075",100% bearish,of 1 rating,$10.25
DIOD,$19.14,1440612963259,"54,014",75% bearish,of 4 ratings,$24
DPRX,$12.32,1440612963290,"3,502",100% bullish,of 2 ratings,$27.75
DISCA,$26.09,1440612963394,"1,146,612",67% bullish,of 3 ratings,$34
DISCK,$24.71,1440612963500,"862,943",100% bearish,of 1 rating,$32
DISCB,$25.45,1440612963525,12,100% bearish,of 1 rating,$35
DISH,$57.57,1440612963679,"548,879",69% bullish,of 13 ratings,$73
DSCO,$0.3651,1440612963709,"178,676",83% bullish,of 6 ratings,$2.75
DVCR,$10.6,1440612963730,100,100% bullish,of 1 rating,N/A
BAGR,$2.7,1440612963871,"22,565",100% bearish,of 1 rating,$6
DNBF,$26.15,1440612964001,"2,394",Not yet rated,NULL,$27.50
DGICB,NULL,1440612964054,0,100% bearish,of 1 rating,N/A
DGICA,$14.14,1440612964080,"5,115",100% bearish,of 1 rating,$17
DLHC,$2.3801,1440612964101,"3,321",100% bearish,of 1 rating,N/A
DMLP,$13.7,1440612964135,"19,232",100% bearish,of 1 rating,N/A
DLTR,$75.39,1440612964161,"786,028",82% bullish,of 11 ratings,$88
HILL,$9.67,1440612964293,"1,579,373",60% bearish,of 5 ratings,$9.75
DWA,$19.62,1440612964567,"410,048",63% bullish,of 8 ratings,$26
DRWI,$0.229,1440612964596,"65,300",60% bullish,of 5 ratings,$.45
DORM,$49.97,1440612964698,"97,428",100% bearish,of 1 rating,$56
DRYS,$0.3426,1440612964741,"1,528,931",77% bullish,of 31 ratings,$.60
DRWIW,$0.046,1440612964771,"1,400",Not yet rated,NULL,N/A
CADT,NULL,1440612964791,0,Not yet rated,NULL,N/A
DSPG,$8.41,1440612964825,"14,825",100% bearish,of 1 rating,$13.50
DSKX,$3.06,1440612964876,"98,661",100% bullish,of 1 rating,N/A
CADTR,NULL,1440612965179,0,Not yet rated,NULL,N/A
CADTU,NULL,1440612965218,0,Not yet rated,NULL,N/A
CADTW,NULL,1440612965311,0,Not yet rated,NULL,N/A
DTSI,$26.1,1440612965336,"26,949",100% bearish,of 2 ratings,$39.50
DXPE,$26.73,1440612965364,"73,942",50% bullish,of 2 ratings,N/A
DRRX,$1.9,1440612965389,"229,590",50% bullish,of 6 ratings,$3
DNKN,$50.23,1440612965562,"429,275",67% bullish,of 15 ratings,$56.50
DYAX,$22.21,1440612965645,"290,750",89% bullish,of 9 ratings,$30
BOOM,$9.01,1440612965746,"54,424",67% bullish,of 3 ratings,$12
DYNT,$2.98,1440612965775,"3,448",75% bullish,of 4 ratings,N/A
DVAX,$25.78,1440612965803,"84,135",70% bullish,of 10 ratings,$40
ETFC,$24.68,1440612965881,"1,479,664",57% bullish,of 14 ratings,$33
DYSL,$1.4301,1440612965943,"89,874",100% bullish,of 2 ratings,N/A
EBMT,$11.19,1440612966046,"1,945",Not yet rated,NULL,$13.50
EGBN,$41.16,1440612966153,"57,333",Not yet rated,NULL,$48
EGRX,$77.56,1440612966195,"240,624",67% bullish,of 3 ratings,$97
EGLE,$6.36,1440612966257,"5,650",60% bullish,of 5 ratings,N/A
EROC,$1.24,1440612966475,"197,596",50% bullish,of 2 ratings,$3
EML,$16.79,1440612966504,"3,757",Not yet rated,NULL,N/A
EWBC,$37.61,1440612966531,"1,056,759",100% bearish,of 1 rating,$50
ELNK,$8.05,1440612966560,"339,843",60% bullish,of 5 ratings,$9.50
EACQU,$10.2,1440612966582,"1,000",Not yet rated,NULL,N/A
EVBS,$6.5,1440612966616,"1,518",Not yet rated,NULL,$7
EBAY,$25.45,1440612966719,"4,708,229",81% bullish,of 117 ratings,$48
ELON,$0.546,1440612966901,"68,761",50% bullish,of 2 ratings,N/A
ECHO,$22.89,1440612966962,"121,684",67% bearish,of 3 ratings,$35.50
EBIX,$26.58,1440612967098,"114,754",69% bullish,of 13 ratings,$40
ECTE,$1.402,1440612967125,"11,286",75% bullish,of 4 ratings,N/A
SATS,$42.75,1440612967154,"65,467",50% bullish,of 2 ratings,$60
EEI,$10.99,1440612967251,402,67% bearish,of 3 ratings,N/A
ECACU,$10.06,1440612967294,"4,100",Not yet rated,NULL,N/A
ESES,$3.0501,1440612967319,286,100% bearish,of 1 rating,$7
EDAP,$3.48,1440612967347,"74,287",60% bullish,of 5 ratings,$4.50
EDGW,$6.89,1440612967481,"13,897",100% bearish,of 1 rating,N/A
EGAN,$3.25,1440612967627,"24,351",50% bullish,of 2 ratings,$6.25
EHTH,$13.54,1440612967731,"34,311",50% bullish,of 4 ratings,$16.50
LOCO,$11.67,1440612967761,"327,723",69% bullish,of 13 ratings,$20
EFUT,$4.2843,1440612967789,400,Not yet rated,NULL,N/A
EDUC,$4.9,1440612967814,"1,233",100% bearish,of 1 rating,N/A
EGLT,$10.46,1440612967861,"24,646",50% bullish,of 2 ratings,$21
EMITF,$1.24,1440612968010,"5,065",75% bullish,of 4 ratings,N/A
ESLT,$74.4255,1440612968208,"13,254",67% bullish,of 3 ratings,N/A
ESIO,$4.205,1440612968235,"88,253",50% bullish,of 2 ratings,$10
ERI,$9.41,1440612968256,"39,159",100% bearish,of 1 rating,$10
ELRC,$10.4,1440612968297,"18,512",100% bearish,of 1 rating,N/A
ELSE,$3.85,1440612968324,206,60% bullish,of 5 ratings,N/A
EFII,$42.805,1440612968391,"108,178",80% bullish,of 5 ratings,$55
EA,$64.37,1440612968422,"1,626,966",77% bullish,of 35 ratings,$80
ELEC,NULL,1440612968521,0,Not yet rated,NULL,N/A
ELECU,NULL,1440612968722,0,Not yet rated,NULL,N/A
ELECW,NULL,1440612968753,0,Not yet rated,NULL,N/A
EBIO,$3.16,1440612968852,"286,248",100% bearish,of 2 ratings,$8.35
CAPX,NULL,1440612968877,0,Not yet rated,NULL,N/A
LONG,$16.6,1440612969013,"60,906",67% bullish,of 3 ratings,$15.75
ESBK,$19.5136,1440612969052,"1,500",Not yet rated,NULL,N/A
ELTK,$1.16,1440612969078,"30,233",67% bearish,of 3 ratings,N/A
RDEN,$10.46,1440612969113,"39,305",100% bearish,of 4 ratings,$15
EMCF,NULL,1440612969210,0,100% bearish,of 1 rating,N/A
EMCI,$22.79,1440612969240,"12,347",Not yet rated,NULL,N/A
EMKR,$6.93,1440612969313,"61,359",75% bullish,of 4 ratings,$8.50
EMMS,$1.14,1440612969338,"27,462",67% bullish,of 6 ratings,N/A
ERS,$2.7948,1440612969529,"5,700",Not yet rated,NULL,N/A
EMMSP,NULL,1440612969554,0,100% bearish,of 1 rating,N/A
NYNY,$4.1192,1440612969579,"29,623",50% bullish,of 2 ratings,N/A
ENTA,$39.15,1440612969836,"73,316",50% bullish,of 2 ratings,$42
ECPG,$38.4,1440612969888,"55,729",100% bullish,of 2 ratings,$52
WIRE,$30.63,1440612969987,"20,668",100% bearish,of 1 rating,$37
ECYT,$4.98,1440612970012,"141,862",83% bullish,of 6 ratings,$12
ENDP,$73.92,1440612970062,"670,888",50% bullish,of 6 ratings,$104
EFOI,$17.535,1440612970158,"628,804",50% bullish,of 2 ratings,$20.50
ELGX,$12.31,1440612970194,"268,173",75% bullish,of 4 ratings,$17
WATT,$6.09,1440612970296,"120,256",50% bullish,of 2 ratings,$13
EIGI,$14.82,1440612970322,"397,818",67% bearish,of 3 ratings,$22.50
EXXI,$1.445,1440612970356,"733,552",86% bullish,of 7 ratings,$3.50
ERII,$2.661,1440612970547,"53,403",80% bullish,of 5 ratings,$2.50
ENG,$0.9901,1440612970568,"39,053",100% bullish,of 3 ratings,N/A
ENOC,$8.25,1440612970651,"88,273",75% bullish,of 4 ratings,$18
ENFC,$17.82,1440612970820,800,Not yet rated,NULL,N/A
ESGR,$144.615,1440612970856,"18,675",100% bearish,of 1 rating,$185
ENPH,$4.49,1440612970881,"354,406",75% bullish,of 4 ratings,$11
ENTL,$21.68,1440612971042,"9,865",Not yet rated,NULL,$28
ENTG,$13.29,1440612971068,"179,851",100% bearish,of 1 rating,$18
ETRM,$0.237,1440612971109,"475,262",69% bearish,of 35 ratings,$1.625
ENVI,$1.83,1440612971237,"2,280",67% bullish,of 3 ratings,N/A
EBTC,$21,1440612971271,"1,704",Not yet rated,NULL,N/A
EFSC,$23.6,1440612971323,"15,007",Not yet rated,NULL,$27
EGT,$2.0999,1440612971348,693,100% bullish,of 1 rating,N/A
ENZN,$0.96,1440612971520,"166,760",100% bullish,of 9 ratings,N/A
EPIQ,$12.96,1440612971673,"35,188",100% bearish,of 1 rating,$18
EPRS,$4.7,1440612971747,"40,433",82% bullish,of 11 ratings,$15
ENZY,$9.0999,1440612971773,"3,641",67% bullish,of 3 ratings,$9.50
PLUS,$75.27,1440612971799,"16,248",50% bullish,of 2 ratings,$88
EPZM,$17,1440612971849,"80,385",60% bullish,of 5 ratings,$34
EQIX,$254.87,1440612971995,"254,741",75% bullish,of 4 ratings,$312.50
EQFN,NULL,1440612972022,0,100% bearish,of 1 rating,N/A
ESCR,$0.1599,1440612972234,"3,978",50% bullish,of 2 ratings,N/A
ESCA,$16.904,1440612972328,"5,282",100% bearish,of 1 rating,$22
ERIE,$80.93,1440612972359,"6,683",Not yet rated,NULL,$73
ERIC,$9.535,1440612972387,"1,777,961",67% bullish,of 9 ratings,$12.20
EAC,$3.25,1440612972429,"8,211",100% bearish,of 1 rating,$8
ESMC,NULL,1440612972464,0,Not yet rated,NULL,N/A
ESCRP,$1.17,1440612972530,"2,002",100% bearish,of 1 rating,N/A
ESPR,$51.4399,1440612972622,"475,783",70% bearish,of 10 ratings,$123
ESSA,$12.68,1440612972756,"3,450",100% bearish,of 1 rating,N/A
ESND,$33.31,1440612972858,"45,137",100% bearish,of 2 ratings,$40
EPIX,$4.85,1440612972885,"2,100",Not yet rated,NULL,N/A
ESSX,$0.4199,1440612972916,"14,438",50% bullish,of 2 ratings,N/A
ETSY,$12.82,1440612972937,"236,134",80% bullish,of 5 ratings,$16
CLWT,$2.56,1440612973072,500,100% bearish,of 1 rating,N/A
ESEA,$5.69,1440612973126,200,100% bullish,of 1 rating,$15
EEFT,$63.9,1440612973152,"79,755",100% bearish,of 1 rating,$67.50
EVEP,$7.23,1440612973281,"189,843",50% bullish,of 2 ratings,$15
EVK,$3.63,1440612973349,"4,350",75% bearish,of 4 ratings,N/A
EVLV,$2.14,1440612973378,"73,583",60% bullish,of 5 ratings,$6.50
EVOK,$3.881,1440612973448,"51,584",100% bearish,of 1 rating,$13.375
EXAS,$20.135,1440612973591,"355,478",78% bullish,of 9 ratings,$31
EXA,$10.94,1440612973656,"5,043",100% bearish,of 1 rating,$13
EXAC,$18.06,1440612973750,"10,116",100% bearish,of 1 rating,$22.50
EXEL,$5.3,1440612973782,"1,844,491",81% bullish,of 16 ratings,$6
EVOL,$5.84,1440612973810,"5,864",75% bullish,of 4 ratings,$10
EXLS,$35.14,1440612973880,"37,298",50% bullish,of 2 ratings,$41
EXFO,$2.7,1440612973944,"2,400",67% bearish,of 3 ratings,$3.95
EXPE,$111.71,1440612973974,"593,978",64% bullish,of 11 ratings,$130
EXPD,$48.4,1440612974106,"791,980",80% bullish,of 5 ratings,$52
EXPO,$41.69,1440612974131,"30,935",100% bearish,of 1 rating,$45.50
ESRX,$82.21,1440612974300,"1,531,152",67% bearish,of 6 ratings,$101
EXLP,$17.99,1440612974330,"55,018",100% bearish,of 1 rating,$25
EXTR,$2.675,1440612974357,"265,451",80% bullish,of 5 ratings,$3
EZCH,$20.665,1440612974434,"40,400",75% bullish,of 8 ratings,$19.50
EYEG,$3.716,1440612974514,"27,205",Not yet rated,NULL,N/A
EYEGW,NULL,1440612974585,0,Not yet rated,NULL,N/A
FRP,$15.375,1440612974738,"83,368",100% bearish,of 1 rating,$18
FFIV,$120.4,1440612974797,"369,050",63% bullish,of 8 ratings,$132
EZPW,$5.86,1440612974826,"188,345",50% bullish,of 4 ratings,$7.50
FCS,$13.07,1440612974869,"280,375",67% bearish,of 3 ratings,$17
FB,$84.8605,1440612974898,"16,502,583",73% bullish,of 1066 ratings,$111
FALC,$1.5965,1440612974958,"23,143",63% bearish,of 8 ratings,N/A
FWM,$2.385,1440612974985,"53,868",100% bearish,of 2 ratings,$3.20
DAVE,$14.09,1440612975126,"4,637",100% bearish,of 1 rating,$15.50
FARM,$21.62,1440612975314,"11,819",100% bearish,of 1 rating,$35
FFKT,$26.12,1440612975341,"5,180",Not yet rated,NULL,$29
FAST,$37.805,1440612975415,"960,106",80% bullish,of 5 ratings,$45.50
FMNB,$7.97,1440612975440,"1,850",Not yet rated,NULL,N/A
FARO,$37.36,1440612975466,"34,285",50% bullish,of 2 ratings,$48
FBRC,$22.1622,1440612975599,"18,893",100% bearish,of 1 rating,$29
FATE,$6.41,1440612975642,"20,521",50% bullish,of 2 ratings,$11
FBSS,$15.5,1440612975733,400,Not yet rated,NULL,N/A
FEIC,$73.79,1440612975800,"74,226",50% bullish,of 2 ratings,$95.50
FENX,$9.54,1440612975883,"50,868",100% bullish,of 1 rating,$14.25
FDML,$8.1936,1440612975916,"76,275",50% bullish,of 4 ratings,$14
FNHC,$21.66,1440612975943,"87,106",100% bearish,of 1 rating,$35
FHCO,$1.3201,1440612976026,"22,949",50% bullish,of 4 ratings,N/A
FGEN,$22.62,1440612976302,"97,139",100% bearish,of 1 rating,$39
FDUS,$13.68,1440612976335,"36,061",50% bullish,of 2 ratings,$18
ONEQ,$180.6,1440612976369,"24,308",100% bullish,of 1 rating,N/A
FCSC,$5.325,1440612976394,"72,504",100% bearish,of 1 rating,$8.125
FRGI,$50.51,1440612976433,"47,739",50% bullish,of 2 ratings,$70
FSAM,$8.04,1440612976460,"6,478",100% bearish,of 1 rating,$10.25
LION,$18.58,1440612976486,"57,196",100% bullish,of 1 rating,$20
FSC,$6.115,1440612976616,"415,944",60% bullish,of 5 ratings,$8
FSCFL,$24.11,1440612976806,"4,270",Not yet rated,NULL,N/A
FSFR,$8.655,1440612976951,"45,140",100% bearish,of 1 rating,$11.50
FITBI,$27.24,1440612977003,"5,745",Not yet rated,NULL,N/A
FISI,$24.61,1440612977024,"3,591",100% bullish,of 2 ratings,$24.50
FNGN,$31.85,1440612977045,"161,428",67% bullish,of 3 ratings,$47
FITB,$18.84,1440612977080,"4,982,936",54% bullish,of 13 ratings,$22
FNSR,$15.215,1440612977214,"509,117",71% bullish,of 7 ratings,$24.50
FNJN,$1.6499,1440612977432,"18,212",100% bearish,of 1 rating,$5
FEYE,$37.0884,1440612977476,"1,950,662",87% bullish,of 15 ratings,$55.50
FNTCW,NULL,1440612977502,0,Not yet rated,NULL,N/A
FNTC,NULL,1440612977572,0,Not yet rated,NULL,N/A
FNTCU,$10.15,1440612977638,10,Not yet rated,NULL,N/A
FRBA,$6.05,1440612977664,"10,900",Not yet rated,NULL,$8
FBNC,$16.765,1440612977692,"1,776",100% bullish,of 1 rating,$20
FNLC,$18.49,1440612977740,"4,658",100% bullish,of 1 rating,N/A
FBIZ,$44.01,1440612977968,"16,666",100% bearish,of 2 ratings,$52
BUSE,$6.34,1440612978001,"14,392",Not yet rated,NULL,$6.875
FCVA,$4.6,1440612978103,845,Not yet rated,NULL,N/A
FCFS,$38.09,1440612978150,"114,033",100% bearish,of 3 ratings,$48
FCLF,NULL,1440612978177,0,Not yet rated,NULL,N/A
FCNCA,$230,1440612978198,"1,035",Not yet rated,NULL,N/A
FCAP,$27.02,1440612978230,202,Not yet rated,NULL,N/A
FCBC,$17.07,1440612978367,"9,772",Not yet rated,NULL,$18
FCCO,$11.81,1440612978570,"1,904",Not yet rated,NULL,$13.25
FBNK,$16.7,1440612978642,"15,985",100% bearish,of 1 rating,$17.50
FFNM,$6.37,1440612978669,200,Not yet rated,NULL,N/A
FDEF,$37.32,1440612978727,"13,702",Not yet rated,NULL,$38
FFBC,$17.8,1440612978809,"75,487",67% bearish,of 3 ratings,$20.25
FCFP,$6.9,1440612978859,201,Not yet rated,NULL,N/A
FFBCW,NULL,1440612978893,0,100% bearish,of 1 rating,N/A
FFNW,$11.85,1440612979025,"18,599",Not yet rated,NULL,$14
FFIN,$29.95,1440612979054,"49,426",50% bullish,of 2 ratings,$31.75
THFF,$32.98,1440612979075,"5,784",Not yet rated,NULL,$35
FFWM,$20.5,1440612979207,"12,644",Not yet rated,NULL,$24
INBK,$29.81,1440612979267,"6,327",50% bullish,of 2 ratings,$37
FRME,$25.36,1440612979363,"57,610",Not yet rated,NULL,$26.50
FIBK,$26.17,1440612979432,"34,766",Not yet rated,NULL,$32
FMBI,$16.95,1440612979494,"102,639",Not yet rated,NULL,$20
FMBH,$21.56,1440612979528,174,Not yet rated,NULL,N/A
FNBC,$33.58,1440612979591,"15,202",Not yet rated,NULL,$40
FNFG,$8.65,1440612979758,"1,030,911",80% bullish,of 5 ratings,$9
FNWB,$11.63,1440612979829,"5,768",Not yet rated,NULL,N/A
FSFG,$30.79,1440612979925,780,Not yet rated,NULL,N/A
FSLR,$45.12,1440612979956,"767,669",74% bullish,of 39 ratings,$65
FSGI,$2.49,1440612980012,"6,572",Not yet rated,NULL,N/A
BICK,$18.78,1440612980111,300,100% bullish,of 1 rating,N/A
FSBK,$7.5101,1440612980141,"4,308",100% bullish,of 1 rating,N/A
FCAN,$22.9399,1440612980168,225,Not yet rated,NULL,N/A
FBZ,$9.74,1440612980195,200,Not yet rated,NULL,N/A
FTCS,$35.4982,1440612980345,"11,747",100% bearish,of 1 rating,N/A
FCA,$18.58,1440612980370,"2,365",Not yet rated,NULL,N/A
FV,$22.5,1440612980439,"1,705,053",100% bearish,of 1 rating,N/A
IFV,$17.4317,1440612980537,"651,493",100% bearish,of 1 rating,N/A
TDIV,$23.692,1440612980670,"195,417",100% bearish,of 1 rating,N/A
FEMB,$41.88,1440612980701,18,Not yet rated,NULL,N/A
FEUZ,$31.2,1440612980755,"10,810",Not yet rated,NULL,N/A
FTGC,$21.6596,1440612980806,"18,486",Not yet rated,NULL,N/A
FTSM,$59.89,1440612980837,"7,325",100% bearish,of 1 rating,N/A
FGM,$35.35,1440612980863,"39,624",Not yet rated,NULL,N/A
FTHI,$18.71,1440612980918,"8,800",Not yet rated,NULL,N/A
MDIV,$18.724,1440612980949,"208,426",Not yet rated,NULL,N/A
HYLS,$48.7936,1440612981050,"23,238",100% bearish,of 1 rating,N/A
YDIV,NULL,1440612981198,0,Not yet rated,NULL,N/A
FHK,$32.2,1440612981228,"28,296",Not yet rated,NULL,N/A
FPXI,NULL,1440612981268,0,Not yet rated,NULL,N/A
SKYY,$27.8701,1440612981326,"46,317",100% bullish,of 1 rating,N/A
FJP,$46.1301,1440612981486,"49,680",Not yet rated,NULL,N/A
CU,$11.898,1440612981529,"6,367",100% bearish,of 1 rating,N/A
PLTM,$6.14,1440612981557,"6,307",100% bearish,of 1 rating,N/A
FMB,$51.04,1440612981630,325,Not yet rated,NULL,N/A
FTLB,NULL,1440612981690,0,100% bearish,of 1 rating,N/A
LMBS,$50.11,1440612981770,200,Not yet rated,NULL,N/A
CIBR,$17.5399,1440612981821,"55,499",Not yet rated,NULL,N/A
QABA,$36.2,1440612981846,"7,479",100% bearish,of 1 rating,N/A
FONE,$33.7899,1440612981873,100,Not yet rated,NULL,N/A
QCLN,$14.1,1440612982049,"15,552",Not yet rated,NULL,N/A
CARZ,$33.5713,1440612982081,"2,698",100% bearish,of 1 rating,N/A
GRID,NULL,1440612982101,0,100% bearish,of 1 rating,N/A
QQEW,$40.287,1440612982185,"105,684",Not yet rated,NULL,N/A
QTEC,$38.352,1440612982248,"28,048",Not yet rated,NULL,N/A
RDVY,$20.375,1440612982283,"7,273",Not yet rated,NULL,N/A
QQXT,$39.0399,1440612982313,"20,164",Not yet rated,NULL,N/A
AIRR,$15.6,1440612982385,"1,328",100% bearish,of 1 rating,N/A
FTSL,$48.4129,1440612982556,"71,407",100% bearish,of 1 rating,N/A
FKO,$22.59,1440612982599,300,Not yet rated,NULL,N/A
QINC,$19.552,1440612982689,"4,121",Not yet rated,NULL,N/A
FDIV,$46.42,1440612982763,934,100% bearish,of 1 rating,N/A
FSZ,$38.95,1440612982790,"51,201",Not yet rated,NULL,N/A
TUSA,$24.02,1440612982848,"6,738",Not yet rated,NULL,N/A
FTW,NULL,1440612982976,0,Not yet rated,NULL,N/A
FKU,$40.71,1440612983028,"23,287",Not yet rated,NULL,N/A
FUNC,$8.11,1440612983190,300,Not yet rated,NULL,N/A
FSV,$31.0099,1440612983275,"7,256",Not yet rated,NULL,$33.60
SVVC,$9.325,1440612983301,"7,328",50% bullish,of 2 ratings,$26
FIVE,$35.495,1440612983362,"311,278",75% bearish,of 4 ratings,$44
FISV,$82.38,1440612983434,"698,235",100% bearish,of 3 ratings,$90
FMER,$17.42,1440612983462,"648,822",50% bullish,of 2 ratings,$20
FPRX,$18.0308,1440612983490,"208,512",50% bullish,of 2 ratings,$35
FIVN,$4.01,1440612983623,"110,983",100% bullish,of 1 rating,$8.50
FLML,$20.88,1440612983755,"57,214",50% bullish,of 2 ratings,$30
FLKS,$12.24,1440612983782,"24,091",50% bullish,of 2 ratings,$27
SKOR,$50.2,1440612983917,100,Not yet rated,NULL,N/A
FLXN,$22.8,1440612983947,"37,595",100% bearish,of 1 rating,$40
MBSD,$24.9,1440612983969,700,Not yet rated,NULL,N/A
FLXS,$30.5213,1440612983998,"9,585",100% bearish,of 2 ratings,N/A
FLEX,$10.135,1440612984024,"1,132,570",63% bullish,of 8 ratings,$12
FLDM,$11.57,1440612984270,"172,344",67% bearish,of 3 ratings,$21.50
FLIR,$27.23,1440612984322,"328,323",100% bearish,of 1 rating,$38.50
FFIC,$19.78,1440612984411,"49,351",Not yet rated,NULL,$21
FOGO,$18.0728,1440612984467,"26,592",50% bullish,of 2 ratings,$25.50
FOMX,$9.39,1440612984545,"57,887",50% bullish,of 2 ratings,$23.50
FONR,$9.55,1440612984577,"29,557",100% bullish,of 1 rating,N/A
FES,$0.927,1440612984598,"29,970",50% bullish,of 2 ratings,$1
FORM,$6.16,1440612984627,"129,912",67% bullish,of 3 ratings,$10.50
FORTY,$29.58,1440612984874,831,100% bearish,of 1 rating,N/A
FORR,$30.98,1440612984908,"20,485",Not yet rated,NULL,N/A
FTNT,$41.9,1440612984934,"466,152",80% bullish,of 10 ratings,$52
FBIO,$2.5,1440612984977,"49,970",83% bullish,of 6 ratings,N/A
FWP,$25.165,1440612985004,"33,903",100% bearish,of 1 rating,$45
FWRD,$45.19,1440612985064,"50,320",100% bearish,of 1 rating,$50
FORD,$1.6201,1440612985135,"7,726,625",67% bullish,of 3 ratings,N/A
FOSL,$57.765,1440612985242,"453,005",60% bearish,of 5 ratings,$80
FMI,$20.96,1440612985326,"71,966",100% bearish,of 2 ratings,$27.50
FELE,$27.82,1440612985387,"70,551",50% bullish,of 4 ratings,$33
FXCB,$17.06,1440612985471,"4,928",Not yet rated,NULL,$19
FRED,$13,1440612985636,"82,670",50% bullish,of 2 ratings,$16.50
FREE,$0.335,1440612985661,"206,871",92% bullish,of 12 ratings,N/A
FOXF,$15.28,1440612985691,"29,427",100% bearish,of 1 rating,$19
FRAN,$10.74,1440612985712,"331,338",50% bullish,of 4 ratings,$15
RAIL,$19.3,1440612985844,"47,541",100% bearish,of 1 rating,$24.50
FTR,$4.7972,1440612985871,"11,826,885",78% bullish,of 27 ratings,$6.25
FEIM,$10.51,1440612985926,"2,086",100% bearish,of 1 rating,N/A
FRPT,$12.16,1440612985955,"154,020",67% bearish,of 3 ratings,$23.50
FTRPR,$96.59,1440612986278,"53,819",100% bearish,of 1 rating,N/A
FRPH,$30.56,1440612986309,"1,739",100% bearish,of 1 rating,N/A
FSYS,$6.15,1440612986338,"21,292",67% bullish,of 3 ratings,$10
FSBW,$22.75,1440612986366,"1,138",Not yet rated,NULL,N/A
FTD,$28.83,1440612986438,"34,023",100% bearish,of 1 rating,$40
FCEL,$0.722,1440612986521,"405,412",88% bullish,of 41 ratings,$2.65
FTEK,$2.03,1440612986547,"54,118",75% bullish,of 4 ratings,N/A
FULL,$3.0701,1440612986723,"16,509",67% bearish,of 3 ratings,$4.25
FULT,$11.78,1440612986764,"384,244",100% bearish,of 1 rating,$13
FULLL,$25.15,1440612986927,272,Not yet rated,NULL,N/A
FFHL,$0.883,1440612986953,"1,100",50% bullish,of 4 ratings,N/A
FLL,$1.4799,1440612986982,"15,214",75% bullish,of 4 ratings,$3.50
FXEN,$0.7894,1440612987003,"29,070",75% bullish,of 4 ratings,$1.10
FSNN,$2.2,1440612987032,"8,200",67% bullish,of 3 ratings,$6
FXENP,$15.86,1440612987198,560,100% bearish,of 1 rating,N/A
WILC,$4.82,1440612987372,"6,061",100% bullish,of 2 ratings,N/A
GALT,$1.7501,1440612987454,"39,233",80% bullish,of 5 ratings,N/A
GK,$65.86,1440612987483,"34,879",Not yet rated,NULL,$78
GLPG,$61.13,1440612987504,"44,939",100% bullish,of 1 rating,$75
GAIA,$5.8,1440612987532,"5,112",50% bullish,of 2 ratings,$8.50
GALTU,NULL,1440612987666,0,100% bearish,of 1 rating,N/A
GLMD,$8.79,1440612987800,"44,174",67% bullish,of 3 ratings,$20.50
GALE,$1.485,1440612987856,"1,010,132",89% bullish,of 47 ratings,$4
GALTW,NULL,1440612987882,0,100% bullish,of 1 rating,N/A
GRMN,$37.24,1440612987931,"408,761",50% bullish,of 6 ratings,$46.50
GPIC,$10,1440612988008,459,100% bearish,of 1 rating,N/A
GGACR,NULL,1440612988111,0,100% bullish,of 1 rating,N/A
GLPI,$31.13,1440612988247,"255,646",100% bearish,of 1 rating,$37.50
GGAC,$9.85,1440612988315,189,100% bearish,of 1 rating,N/A
GGACU,$10.02,1440612988344,872,Not yet rated,NULL,N/A
GGACW,$0.11,1440612988385,"17,010",Not yet rated,NULL,N/A
GARS,$14.01,1440612988421,"20,647",Not yet rated,NULL,$16
GFN,$3.53,1440612988486,"9,702",100% bearish,of 2 ratings,$8
GNCMA,$16.55,1440612988513,"76,785",100% bearish,of 1 rating,$12
GENC,$9.25,1440612988538,520,100% bearish,of 1 rating,N/A
GFNSL,$25.63,1440612988763,"1,000",Not yet rated,NULL,N/A
GNMK,$9.29,1440612988785,"60,994",67% bullish,of 6 ratings,$14
GENE,$2.04,1440612988816,"71,053",100% bullish,of 12 ratings,N/A
GFNCP,$92,1440612988865,100,Not yet rated,NULL,N/A
GNCA,$12.16,1440612989005,"41,916",100% bearish,of 1 rating,$20
GHDX,$24.9056,1440612989060,"53,987",50% bullish,of 2 ratings,$30
GNTX,$15.02,1440612989108,"1,012,605",Not yet rated,NULL,$20
THRM,$41.865,1440612989189,"259,090",75% bearish,of 4 ratings,$55.50
GTWN,NULL,1440612989263,0,Not yet rated,NULL,N/A
GNVC,$2.3,1440612989291,"13,408",90% bullish,of 10 ratings,$8.50
GEOS,$14.05,1440612989320,"56,514",100% bearish,of 3 ratings,$21
GABC,$29.17,1440612989419,"5,855",Not yet rated,NULL,$31
GEVO,$2.2201,1440612989505,"362,119",75% bullish,of 12 ratings,$5
ROCK,$16.23,1440612989561,"31,243",80% bullish,of 5 ratings,$24
GERN,$2.92,1440612989586,"1,170,217",88% bullish,of 16 ratings,$5.25
GILT,$4.25,1440612989766,"7,235",50% bullish,of 2 ratings,N/A
GIGA,$1.4455,1440612989796,"3,868",100% bearish,of 1 rating,N/A
GIII,$64.41,1440612989818,"59,492",67% bullish,of 3 ratings,$75
GILD,$104.415,1440612989947,"4,971,629",91% bullish,of 87 ratings,$129
GLAD,$8.27,1440612989975,"76,098",50% bullish,of 2 ratings,$8.75
GIGM,$0.5621,1440612989996,"4,700",100% bullish,of 2 ratings,N/A
GBCI,$24.72,1440612990024,"249,707",50% bullish,of 2 ratings,$31
GLADO,$25.4,1440612990188,725,Not yet rated,NULL,N/A
GOODN,$25.27,1440612990381,300,Not yet rated,NULL,N/A
GOOD,$14.19,1440612990409,"59,184",Not yet rated,NULL,$19
GOODP,$25.25,1440612990430,15,Not yet rated,NULL,N/A
GAIN,$7.23,1440612990464,"103,748",100% bullish,of 2 ratings,$8.25
GOODO,$25,1440612990558,400,Not yet rated,NULL,N/A
GAINO,$25.1301,1440612990714,"1,837",Not yet rated,NULL,N/A
GAINN,$25.19,1440612990742,"16,589",Not yet rated,NULL,N/A
GBT,$40.25,1440612990875,"107,054",100% bearish,of 1 rating,N/A
LAND,$9.16,1440612990954,"11,184",50% bullish,of 2 ratings,$13.75
GAINP,$26,1440612990982,"2,644",Not yet rated,NULL,N/A
GLBZ,$11.62,1440612991011,850,Not yet rated,NULL,N/A
GBLI,$26.78,1440612991172,"2,201",Not yet rated,NULL,N/A
GDEF,NULL,1440612991202,0,Not yet rated,NULL,N/A
GPACU,NULL,1440612991232,0,Not yet rated,NULL,N/A
GSOL,$8.11,1440612991260,"14,317",100% bearish,of 1 rating,N/A
ENT,$11,1440612991331,"250,569",100% bearish,of 1 rating,$18
ACTX,$12.5599,1440612991515,100,100% bullish,of 1 rating,N/A
QQQC,$18.0328,1440612991542,"3,390",100% bearish,of 1 rating,N/A
SOCL,$16.86,1440612991613,"37,335",100% bullish,of 2 ratings,N/A
SRET,NULL,1440612991675,0,Not yet rated,NULL,N/A
GAI,$5.8,1440612991711,946,50% bullish,of 2 ratings,N/A
ALTY,NULL,1440612991854,0,Not yet rated,NULL,N/A
GLBS,$1.0101,1440612991988,"2,500",67% bullish,of 3 ratings,N/A
YLCO,NULL,1440612992057,0,Not yet rated,NULL,N/A
GLRI,$1.02,1440612992119,"6,150",100% bearish,of 1 rating,$4.25
GBIM,$2.06,1440612992150,"19,603",50% bullish,of 2 ratings,N/A
GLUU,$4.16,1440612992172,"866,391",92% bullish,of 26 ratings,$9
GSM,$12.32,1440612992193,"300,120",50% bullish,of 2 ratings,$23
GLYC,$6.64,1440612992447,"10,517",50% bullish,of 2 ratings,$14
GOGO,$15.02,1440612992503,"371,598",80% bullish,of 5 ratings,$25
GMLP,$17.1505,1440612992531,"86,667",50% bullish,of 4 ratings,$32.50
GLNG,$33.5699,1440612992600,"349,358",83% bullish,of 6 ratings,$58
GLDC,$4.0001,1440612992673,100,50% bullish,of 2 ratings,N/A
GDEN,$9.08,1440612992744,"16,806",50% bullish,of 2 ratings,N/A
GBDC,$16.45,1440612992771,"105,926",Not yet rated,NULL,$17.75
GOGL,$2.56,1440612992792,"179,150",75% bullish,of 4 ratings,$5
GTIM,$6.49,1440612992975,"21,784",Not yet rated,NULL,$11.50
GPRO,$44.83,1440612993034,"4,895,065",78% bullish,of 58 ratings,$72
GOOGL,$641.58,1440612993061,"1,051,374",88% bullish,of 1080 ratings,$749
GOOG,$610.6675,1440612993102,"1,075,124",89% bullish,of 70 ratings,$825
GMAN,$4.08,1440612993134,"75,208",60% bullish,of 5 ratings,$8.50
GPIA,NULL,1440612993234,0,Not yet rated,NULL,N/A
GPIAU,NULL,1440612993308,0,Not yet rated,NULL,N/A
GPIAW,NULL,1440612993514,0,Not yet rated,NULL,N/A
LOPE,$36.14,1440612993541,"74,219",100% bearish,of 2 ratings,$50
GRVY,$3.25,1440612993562,550,50% bullish,of 2 ratings,N/A
GBSNU,NULL,1440612993588,0,NULL,NULL,NULL
GBSN,$0.3181,1440612993616,"5,988,567",100% bearish,of 1 rating,$8.25
GSBC,$39.27,1440612993773,"6,312",100% bullish,of 1 rating,$44
GLDD,$5.21,1440612993799,"94,321",100% bearish,of 4 ratings,$7.75
GRBK,$12.07,1440612993987,"85,585",77% bullish,of 13 ratings,N/A
GPRE,$18.02,1440612994060,"195,005",67% bullish,of 6 ratings,$28.50
GNBC,$11.2,1440612994092,"7,302",100% bearish,of 1 rating,$16.50
GCBC,$28.5,1440612994120,14,100% bullish,of 1 rating,N/A
GLRE,$23.53,1440612994141,"61,101",50% bullish,of 2 ratings,$41
GPP,$13.2,1440612994190,"34,160",Not yet rated,NULL,$20.50
GRIF,$30.75,1440612994342,300,100% bearish,of 1 rating,N/A
GRFS,$30.21,1440612994374,"54,892",50% bullish,of 2 ratings,$35
GRPN,$4.07,1440612994500,"4,286,217",61% bullish,of 71 ratings,$6.75
GGAL,$18.0295,1440612994554,"101,558",80% bullish,of 5 ratings,$40
OMAB,$38.0501,1440612994605,"21,694",100% bullish,of 1 rating,$44
GSIG,$12.5301,1440612994631,"36,570",100% bearish,of 2 ratings,N/A
GSIT,$4.7,1440612994687,"2,203",100% bearish,of 1 rating,N/A
GTXI,$0.7884,1440612994819,"11,276",100% bullish,of 5 ratings,$.75
GSVC,$8.2789,1440612994844,"18,696",50% bullish,of 2 ratings,$14.50
GBNK,$15.42,1440612994980,"7,310",100% bearish,of 1 rating,$18
GUID,$6.7,1440612995006,"64,207",100% bearish,of 3 ratings,$10
GFED,$14.61,1440612995141,500,Not yet rated,NULL,$17
GULTU,$0.3,1440612995170,"60,800",100% bearish,of 1 rating,N/A
GURE,$1.59,1440612995199,"10,978",88% bullish,of 8 ratings,N/A
GIFI,$11.17,1440612995220,"25,034",100% bearish,of 1 rating,$16
GWPH,$99.835,1440612995376,"58,081",78% bullish,of 9 ratings,$148.50
GPOR,$32.41,1440612995397,"610,358",75% bullish,of 4 ratings,$55
GWGH,$7.1101,1440612995481,"1,400",100% bearish,of 1 rating,$15.05
HEES,$17.07,1440612995579,"184,123",67% bearish,of 3 ratings,$31
HLG,NULL,1440612995643,0,100% bearish,of 1 rating,N/A
GYRO,NULL,1440612995679,0,100% bearish,of 1 rating,N/A
HALL,$10.8933,1440612995745,"8,031",Not yet rated,NULL,N/A
HNRG,$7.58,1440612995784,"90,849",100% bearish,of 1 rating,$10
HBK,$13.74,1440612995916,304,50% bullish,of 2 ratings,N/A
HALO,$16.77,1440612995948,"561,713",67% bullish,of 3 ratings,$22.50
HBHC,$25.945,1440612995969,"134,633",50% bullish,of 2 ratings,$30
HMPR,$1.8301,1440612996044,"22,793",100% bullish,of 1 rating,N/A
HNH,$26,1440612996209,"1,844",100% bullish,of 1 rating,N/A
HBHCL,$24.25,1440612996274,"18,361",Not yet rated,NULL,N/A
HAFC,$23.61,1440612996304,"70,686",100% bullish,of 2 ratings,$28.50
HNSN,$0.4996,1440612996382,"27,674",88% bullish,of 8 ratings,$.40
HDNG,$9.53,1440612996412,"10,669",50% bullish,of 4 ratings,N/A
HQCL,$11.6068,1440612996438,"49,634",67% bullish,of 3 ratings,$14
HLIT,$5.54,1440612996512,"135,097",100% bearish,of 1 rating,$6.50
HRMNU,NULL,1440612996654,0,Not yet rated,NULL,N/A
HRMNW,NULL,1440612996737,0,Not yet rated,NULL,N/A
HART,$0.8799,1440612996786,"71,675",100% bearish,of 1 rating,N/A
HRMN,NULL,1440612996817,0,Not yet rated,NULL,N/A
HBIO,$4.47,1440612996884,"33,433",Not yet rated,NULL,$10
TINY,$2.492,1440612996911,"3,650",50% bullish,of 2 ratings,$5.26
HCAP,$12.0501,1440612996938,"3,164",50% bullish,of 2 ratings,$15
HCAPL,$25.24,1440612997113,"2,230",Not yet rated,NULL,N/A
HAS,$71.985,1440612997174,"511,771",63% bullish,of 8 ratings,$84.50
HA,$22.4,1440612997247,"242,556",67% bullish,of 9 ratings,$27
HWKN,$35.46,1440612997354,"13,066",Not yet rated,NULL,N/A
HCOM,$22.04,1440612997388,"7,277",100% bearish,of 1 rating,$28
HAYN,$35.63,1440612997416,"21,613",100% bearish,of 1 rating,$59
HWBK,NULL,1440612997436,0,100% bearish,of 1 rating,N/A
HDS,$31.495,1440612997498,"1,303,688",100% bearish,of 2 ratings,$39.50
HCSG,$32.85,1440612997663,"86,586",50% bullish,of 4 ratings,$35
HQY,$28.28,1440612997722,"63,521",67% bullish,of 3 ratings,$31
HWAY,$11.96,1440612997796,"106,332",100% bearish,of 1 rating,$15
HSTM,$24.34,1440612997823,"18,867",50% bullish,of 2 ratings,$33.75
HTLD,$20.17,1440612997878,"148,065",Not yet rated,NULL,$22.50
HTLF,$35.71,1440612998011,"13,741",100% bullish,of 1 rating,$39.50
HTWR,$80.635,1440612998036,"58,091",50% bullish,of 2 ratings,$103
HTBX,$5.05,1440612998168,"16,566",50% bullish,of 2 ratings,$15.50
HSII,$19.7,1440612998335,"49,152",100% bullish,of 3 ratings,$25
HELE,$83.48,1440612998398,"87,373",67% bearish,of 3 ratings,$100
HNNA,$24.497,1440612998433,"5,682",Not yet rated,NULL,N/A
HCACU,$9.9505,1440612998483,"2,000",Not yet rated,NULL,N/A
HMNY,$2.27,1440612998508,200,100% bearish,of 1 rating,N/A
HMTV,$13.51,1440612998563,"29,150",100% bearish,of 1 rating,$16
HIIQ,$4.27,1440612998696,"5,546",50% bullish,of 2 ratings,$7
HERO,NULL,1440612998736,0,NULL,NULL,NULL
HSIC,$134.55,1440612998797,"117,724",83% bullish,of 6 ratings,$146
HTBK,$10.72,1440612998824,"14,191",Not yet rated,NULL,$12
HEOP,$7.61,1440612998970,"2,892",Not yet rated,NULL,$8.50
HFWA,$17.53,1440612998999,"8,346",100% bullish,of 1 rating,$20
HCCI,$10.94,1440612999025,"17,513",100% bearish,of 1 rating,$16.50
MLHR,$26.44,1440612999165,"109,245",50% bullish,of 2 ratings,$33.50
HSKA,$32.89,1440612999211,"13,509",100% bearish,of 1 rating,$38
HRTX,$32.5,1440612999270,"399,560",67% bullish,of 6 ratings,$41
HFFC,$15.85,1440612999352,"2,540",Not yet rated,NULL,N/A
HIBB,$37.76,1440612999429,"216,874",100% bearish,of 1 rating,$46.50
HPJ,$2.164,1440612999457,"18,999",75% bullish,of 4 ratings,$12.43
HIMX,$6.325,1440612999529,"475,903",86% bullish,of 21 ratings,$8.50
HIHO,$3.75,1440612999705,"10,910",Not yet rated,NULL,N/A
HSGX,$5.62,1440612999746,"1,300",100% bearish,of 1 rating,$17
HIFS,$115.76,1440612999777,"1,082",Not yet rated,NULL,N/A
HMNF,$11.1422,1440612999847,"2,677",Not yet rated,NULL,N/A
HMSY,$9.75,1440612999872,"653,892",67% bullish,of 3 ratings,$19.35
HOLI,$17,1440613000012,"132,511",50% bullish,of 4 ratings,$27
HOLX,$38.1125,1440613000078,"979,059",67% bullish,of 3 ratings,$42
HBCP,$24.35,1440613000103,"2,047",Not yet rated,NULL,$29
AWAY,$27.41,1440613000248,"340,216",67% bullish,of 3 ratings,$36
HMST,$21.71,1440613000318,"66,127",100% bullish,of 2 ratings,$27
HMIN,$26.27,1440613000350,"67,923",100% bearish,of 2 ratings,$35
HOMB,$37.08,1440613000379,"89,286",Not yet rated,NULL,$42
HFBL,$21.54,1440613000445,200,Not yet rated,NULL,N/A
HKTV,$4.43,1440613000473,"23,145",100% bearish,of 1 rating,N/A
HTBI,$17.96,1440613000543,"13,333",67% bullish,of 3 ratings,$18.625
CETC,$0.69,1440613000642,"47,273",86% bullish,of 7 ratings,N/A
HOFT,$23.32,1440613000746,"11,574",100% bearish,of 1 rating,N/A
HBNC,$22.93,1440613000774,"9,458",100% bullish,of 1 rating,$27
HFBC,$10.96,1440613000849,"4,417",Not yet rated,NULL,N/A
HZNP,$28.03,1440613000904,"696,888",85% bullish,of 20 ratings,$40
ZINC,$7,1440613000980,"212,557",100% bearish,of 1 rating,$17
HRZN,$10.06,1440613001061,"31,415",50% bullish,of 2 ratings,$14.25
HDP,$23,1440613001160,"195,650",67% bearish,of 3 ratings,$30.50
HOVNP,$4.38,1440613001260,"2,500",100% bearish,of 1 rating,N/A
HWCC,$7.22,1440613001289,"22,159",100% bearish,of 1 rating,$9
HMHC,$22.11,1440613001319,"661,875",Not yet rated,NULL,$27
HBMD,$14.28,1440613001393,300,100% bearish,of 1 rating,N/A
HTGM,$5.67,1440613001519,"7,311",100% bearish,of 1 rating,$19.50
HSNI,$60.22,1440613001548,"92,849",Not yet rated,NULL,$80
HUBG,$37.0301,1440613001683,"30,280",100% bearish,of 1 rating,$43
HCBK,$9,1440613001766,"969,047",83% bullish,of 6 ratings,$8.61
HSON,$2.53,1440613001838,"4,003",100% bearish,of 1 rating,$5
HDSN,$3.04,1440613001929,"5,889",100% bullish,of 1 rating,$6.25
HBANP,$1350,1440613002120,25,100% bearish,of 1 rating,N/A
HBAN,$10.37,1440613002149,"3,674,588",76% bullish,of 17 ratings,$12.29
HURN,$72.5899,1440613002177,"88,263",50% bullish,of 2 ratings,$80
HTCH,$1.45,1440613002219,"43,908",100% bearish,of 1 rating,$3.50
HURC,$29.21,1440613002250,"3,400",100% bearish,of 1 rating,N/A
HBP,$3.06,1440613002349,"6,673",100% bullish,of 1 rating,N/A
HDRAR,NULL,1440613002510,0,Not yet rated,NULL,N/A
HDRAW,NULL,1440613002583,0,Not yet rated,NULL,N/A
HDRAU,NULL,1440613002653,0,Not yet rated,NULL,N/A
HDRA,NULL,1440613002714,0,Not yet rated,NULL,N/A
HYGS,$7.76,1440613002740,"15,545",50% bullish,of 2 ratings,$13
IDSY,$3.73,1440613002761,"76,557",100% bearish,of 1 rating,$7
IKGH,$1.5084,1440613002967,"8,072",75% bullish,of 4 ratings,N/A
IACI,$68.07,1440613003111,"341,978",75% bullish,of 4 ratings,$90
IBKC,$57.96,1440613003152,"82,113",100% bullish,of 1 rating,$70
IEP,$68.55,1440613003182,"54,659",75% bullish,of 4 ratings,$99
ICFI,$33.81,1440613003240,"25,839",50% bullish,of 2 ratings,$48.50
ICLR,$77.06,1440613003280,"228,259",100% bearish,of 3 ratings,$85
ICON,$12.59,1440613003308,"409,172",50% bullish,of 2 ratings,$18.50
ICAD,$3.34,1440613003338,"66,830",50% bullish,of 2 ratings,$7.25
ICUI,$112.12,1440613003682,"26,446",Not yet rated,NULL,$122
INVE,$4.27,1440613003707,"14,238",75% bullish,of 4 ratings,$4
IPWR,$7.02,1440613003781,"8,889",100% bullish,of 1 rating,$15
IDRA,$2.64,1440613003918,"520,400",89% bullish,of 9 ratings,$6.50
IRG,$4.56,1440613003945,"17,441",100% bearish,of 1 rating,$4.50
DSKY,$10.62,1440613003971,"81,042",67% bullish,of 6 ratings,$11.50
IROQ,$16.76,1440613003993,"1,235",100% bullish,of 1 rating,N/A
IDXX,$70.76,1440613004026,"152,119",100% bearish,of 1 rating,$77
IIVI,$16.81,1440613004121,"63,195",100% bearish,of 1 rating,$22
KANG,$14.88,1440613004153,"223,576",50% bullish,of 2 ratings,$22.55
RXDX,$12.52,1440613004227,"52,859",100% bullish,of 1 rating,$20
IKAN,$2.7201,1440613004390,"29,212",83% bullish,of 6 ratings,$5
ISNS,$3.94,1440613004417,"7,900",50% bullish,of 2 ratings,N/A
IMMR,$11.69,1440613004546,"46,328",80% bullish,of 5 ratings,$15.50
IKNX,$11.95,1440613004707,100,100% bearish,of 1 rating,N/A
ILMN,$190.93,1440613004735,"1,367,345",80% bullish,of 5 ratings,$240
ICCC,$7.66,1440613005104,"7,043",100% bullish,of 1 rating,N/A
IMGN,$13.07,1440613005181,"441,461",75% bullish,of 4 ratings,$17.50
IMMY,$7.3,1440613005208,"6,902",100% bearish,of 1 rating,$11
IMDZ,$14.76,1440613005235,"51,096",100% bearish,of 1 rating,$33
SAAS,$7.27,1440613005285,"123,213",50% bullish,of 2 ratings,$15
IMMU,$1.84,1440613005308,"276,843",86% bullish,of 7 ratings,$2
IPXL,$42.59,1440613005333,"230,418",67% bullish,of 3 ratings,$46.50
IMNP,$1.205,1440613005473,"106,296",50% bullish,of 2 ratings,$6
IBTX,$39.37,1440613005636,"20,101",100% bullish,of 2 ratings,$47.25
INCR,$41.4,1440613005666,"85,412",50% bullish,of 2 ratings,$53
INCY,$103.88,1440613005693,"409,419",50% bullish,of 6 ratings,$125.50
INDB,$43.6022,1440613005720,"30,492",Not yet rated,NULL,$44
IBCP,$14.04,1440613005771,"40,270",100% bullish,of 1 rating,$14.50
IDSA,$3.35,1440613005860,"5,156",Not yet rated,NULL,N/A
INFI,$8.55,1440613006072,"225,288",50% bullish,of 4 ratings,$18
III,$3.96,1440613006136,"9,220",57% bullish,of 7 ratings,$6
IPCC,$77.64,1440613006162,"6,156",Not yet rated,NULL,$77.50
INFN,$20.59,1440613006192,"1,339,078",71% bullish,of 7 ratings,$28
IFON,$1.2024,1440613006292,"10,680",75% bullish,of 4 ratings,N/A
IMKTA,$51,1440613006320,"31,746",100% bearish,of 1 rating,N/A
INWK,$6.85,1440613006420,"55,475",50% bullish,of 2 ratings,$10
INOD,$2.39,1440613006548,"10,620",100% bearish,of 1 rating,N/A
INNL,$12.4,1440613006579,"1,365",100% bearish,of 1 rating,$16.50
IPHS,$46.17,1440613006609,"36,956",100% bearish,of 1 rating,$60
IOSP,$47.255,1440613006654,"138,318",100% bearish,of 1 rating,N/A
ISSC,$2.86,1440613006680,"5,138",67% bearish,of 3 ratings,N/A
ITEK,$11.451,1440613006813,"330,781",100% bearish,of 3 ratings,$20
INGN,$46.1076,1440613006875,"63,632",100% bearish,of 1 rating,$50.50
INOV,$20.65,1440613006976,"225,171",100% bearish,of 1 rating,$33
INO,$6.55,1440613007119,"428,112",89% bullish,of 18 ratings,$20
ISIG,$2.6,1440613007178,"7,300",100% bearish,of 1 rating,N/A
NSIT,$25.34,1440613007254,"71,699",50% bullish,of 2 ratings,N/A
INSY,$31.75,1440613007397,"188,758",75% bullish,of 4 ratings,$48
IIIN,$17.19,1440613007426,"26,563",100% bearish,of 2 ratings,N/A
NTEC,$5.55,1440613007455,"37,299",100% bearish,of 1 rating,N/A
PODD,$28.67,1440613007485,"124,210",67% bearish,of 3 ratings,$35
INSM,$23.0401,1440613007507,"153,309",71% bullish,of 7 ratings,$31.50
IDTI,$17.46,1440613007590,"811,081",60% bullish,of 5 ratings,$25
IART,$58.41,1440613007660,"173,337",100% bearish,of 1 rating,$71.50
IESC,$7.25,1440613007791,"1,893",100% bearish,of 1 rating,N/A
ISSI,$21.94,1440613007837,"123,675",67% bullish,of 3 ratings,$19.75
INTC,$26.85,1440613007973,"15,956,965",82% bullish,of 238 ratings,$36
IPCI,$2.11,1440613007999,"42,993",67% bullish,of 6 ratings,$8
IQNT,$18.19,1440613008026,"86,132",86% bullish,of 7 ratings,$20
IBKR,$37.15,1440613008174,"235,306",100% bullish,of 1 rating,N/A
ININ,$34.71,1440613008199,"29,467",67% bearish,of 3 ratings,$57
IPAR,$25.575,1440613008246,"17,379",67% bullish,of 3 ratings,$38
ICPT,$176.29,1440613008273,"158,847",70% bullish,of 10 ratings,$359.50
IMI,$1.99,1440613008418,"100,335",67% bullish,of 3 ratings,$2.22
ICLD,$1.74,1440613008463,"101,460",75% bullish,of 4 ratings,N/A
ICLDW,NULL,1440613008497,0,100% bearish,of 1 rating,N/A
IDCC,$47.48,1440613008529,"90,821",80% bullish,of 5 ratings,$63
TILE,$23.49,1440613008631,"252,427",100% bearish,of 3 ratings,$27
INAP,$7.82,1440613008659,"70,926",75% bullish,of 4 ratings,$11
IBOC,$24.5,1440613008920,"43,590",100% bearish,of 1 rating,N/A
IIJI,$10.13,1440613008972,100,50% bullish,of 2 ratings,$11.50
PTNT,$2.98,1440613009078,"10,502",Not yet rated,NULL,N/A
IGLD,$6.9701,1440613009116,"3,215",50% bullish,of 2 ratings,N/A
INPH,$0.29,1440613009141,"12,900",50% bullish,of 2 ratings,N/A
ISCA,$30.33,1440613009290,"63,179",100% bearish,of 1 rating,N/A
INTX,$2.04,1440613009317,"126,718",67% bullish,of 3 ratings,N/A
XENT,$25.2808,1440613009338,"66,307",50% bullish,of 2 ratings,$36.50
IILG,$19.48,1440613009375,"52,924",100% bearish,of 1 rating,$29
ISIL,$10.06,1440613009469,"272,228",50% bullish,of 6 ratings,$15
INTL,$25.8,1440613009613,"34,816",67% bearish,of 3 ratings,N/A
IVAC,$4.67,1440613009721,"12,861",100% bearish,of 1 rating,$6.625
INTLL,$25.6499,1440613009747,"3,925",Not yet rated,NULL,N/A
ITCI,$25.166,1440613009879,"316,534",75% bearish,of 4 ratings,$40
IIN,$6.02,1440613009930,100,100% bearish,of 1 rating,$12
INTU,$82.48,1440613010031,"1,539,065",86% bullish,of 7 ratings,$107.50
ISRG,$502.875,1440613010074,"70,172",67% bullish,of 3 ratings,$600
ISTR,$15.63,1440613010120,"2,102",100% bearish,of 1 rating,$18.50
ISBC,$11.37,1440613010147,"906,569",100% bullish,of 1 rating,$13.25
SNAK,$8.32,1440613010172,"86,905",50% bullish,of 2 ratings,$14
INVT,$0.2699,1440613010430,"26,302",67% bullish,of 3 ratings,N/A
ITIC,$71,1440613010485,600,100% bearish,of 2 ratings,N/A
DTUL,NULL,1440613010562,0,Not yet rated,NULL,N/A
IVTY,$13.51,1440613010589,"5,454",Not yet rated,NULL,$18
NVIV,$9.47,1440613010646,"106,053",50% bullish,of 4 ratings,$24.50
IPAS,$1.07,1440613010725,"2,484",67% bullish,of 3 ratings,N/A
DFVL,NULL,1440613010826,0,Not yet rated,NULL,N/A
IRIX,$6.75,1440613010962,"34,107",100% bearish,of 1 rating,N/A
IRMD,$25.55,1440613010993,"4,558",67% bearish,of 3 ratings,$25
IPGP,$83.5,1440613011021,"138,982",100% bearish,of 2 ratings,$109.50
IRDM,$6.89,1440613011050,"223,208",60% bullish,of 5 ratings,$11.50
IPCM,$79.09,1440613011093,"73,115",50% bullish,of 2 ratings,$80.125
IRBT,$27.69,1440613011150,"151,127",67% bullish,of 6 ratings,$37
IRDMB,$271.95,1440613011282,906,67% bearish,of 3 ratings,N/A
IRCP,NULL,1440613011357,0,100% bullish,of 2 ratings,N/A
IRWD,$10.775,1440613011486,"396,101",100% bearish,of 1 rating,$13
COMT,$31.0956,1440613011516,"4,772",100% bearish,of 1 rating,N/A
GNMA,$50.2,1440613011537,"2,688",Not yet rated,NULL,N/A
FCHI,NULL,1440613011616,0,NULL,NULL,NULL
IFNA,NULL,1440613011759,0,NULL,NULL,NULL
IFGL,$27.99,1440613011784,"48,514",Not yet rated,NULL,N/A
ACWX,$39.77,1440613011918,"876,227",100% bearish,of 1 rating,N/A
AAIT,NULL,1440613011956,0,NULL,NULL,NULL
ACWI,$54.17,1440613011981,"1,418,707",Not yet rated,NULL,N/A
IFEU,$37.71,1440613012006,"34,236",Not yet rated,NULL,N/A
AAXJ,$51.48,1440613012062,"1,843,559",Not yet rated,NULL,N/A
IFAS,NULL,1440613012084,0,NULL,NULL,NULL
AXJS,NULL,1440613012300,0,NULL,NULL,NULL
EEMA,$48.32,1440613012325,"7,577",Not yet rated,NULL,N/A
EMDI,NULL,1440613012351,0,NULL,NULL,NULL
EMEY,NULL,1440613012456,0,NULL,NULL,NULL
EEME,NULL,1440613012488,0,NULL,NULL,NULL
EGRW,NULL,1440613012533,0,NULL,NULL,NULL
EEML,$26.53,1440613012748,"2,086",Not yet rated,NULL,N/A
EVAL,NULL,1440613012777,0,NULL,NULL,NULL
QAT,$20.285,1440613012831,688,Not yet rated,NULL,N/A
IBB,$331.1283,1440613012859,"675,847",63% bullish,of 8 ratings,N/A
IEUS,$44.9632,1440613012889,"5,051",100% bearish,of 1 rating,N/A
SOXX,$78.1252,1440613012921,"338,009",50% bullish,of 2 ratings,N/A
EUFN,$21.51,1440613012987,"342,455",100% bearish,of 1 rating,N/A
UAE,$16.815,1440613013082,300,Not yet rated,NULL,N/A
ICLN,$9.0701,1440613013286,"9,359",50% bullish,of 2 ratings,N/A
EMIF,$27.373,1440613013315,"30,946",Not yet rated,NULL,N/A
WOOD,$46.8199,1440613013419,"5,799",50% bullish,of 2 ratings,N/A
INDY,$26.96,1440613013526,"81,424",50% bullish,of 2 ratings,N/A
ISRL,$125,1440613013552,115,100% bearish,of 1 rating,N/A
ISHG,$80.2413,1440613013584,"23,793",100% bearish,of 1 rating,N/A
ISLE,$16.16,1440613013685,"106,899",50% bullish,of 4 ratings,$16
ISIS,$47.41,1440613013710,"831,554",53% bullish,of 15 ratings,$67
IGOV,$91.88,1440613013743,"36,819",100% bearish,of 1 rating,N/A
ITRI,$29.57,1440613013841,"151,481",Not yet rated,NULL,$37
ITRN,$23.58,1440613013870,"1,286",50% bullish,of 2 ratings,N/A
XXIA,$14.885,1440613014007,"122,037",71% bullish,of 7 ratings,$14.625
ITUS,NULL,1440613014053,0,Not yet rated,NULL,N/A
JJSF,$113.34,1440613014199,"21,074",100% bearish,of 1 rating,N/A
IXYS,$10.39,1440613014256,"43,082",50% bullish,of 4 ratings,N/A
MAYS,NULL,1440613014402,0,Not yet rated,NULL,N/A
JBHT,$72.45,1440613014431,"628,235",50% bullish,of 4 ratings,$89.50
JCOM,$66.7,1440613014478,"145,541",100% bullish,of 2 ratings,$77
JASO,$7.38,1440613014535,"460,872",82% bullish,of 17 ratings,$10
JACK,$78.925,1440613014576,"170,070",83% bullish,of 6 ratings,$105
JKHY,$67.37,1440613014601,"394,104",50% bullish,of 2 ratings,$72
JAXB,$12.28,1440613014744,"64,500",100% bullish,of 1 rating,N/A
JXSB,$23.71,1440613014797,600,Not yet rated,NULL,N/A
JRVR,$26.38,1440613014993,"27,854",Not yet rated,NULL,$32
JAGX,$2.78,1440613015020,"2,000",Not yet rated,NULL,N/A
JMBA,$13.29,1440613015041,"72,194",75% bullish,of 4 ratings,$18
JAKK,$9.23,1440613015070,"205,908",60% bearish,of 5 ratings,$11
JASN,$4.81,1440613015236,"10,393",50% bullish,of 2 ratings,$9.50
JAZZ,$161.39,1440613015315,"153,786",80% bullish,of 15 ratings,$206.50
ERW,NULL,1440613015369,0,Not yet rated,NULL,N/A
JD,$25.0375,1440613015395,"3,932,203",75% bullish,of 16 ratings,$36
JBLU,$21.79,1440613015459,"2,861,030",94% bullish,of 18 ratings,$27
JTPY,$2.92,1440613015488,920,100% bearish,of 1 rating,N/A
JASNW,NULL,1440613015524,0,50% bullish,of 2 ratings,N/A
JCTCF,$9.5,1440613015651,100,100% bullish,of 1 rating,N/A
JST,$3.7716,1440613015680,"27,103",75% bullish,of 4 ratings,N/A
DATE,$5.6801,1440613015705,"89,236",75% bullish,of 4 ratings,$9
WYIGU,$10.01,1440613015913,"64,843",Not yet rated,NULL,N/A
JIVE,$4.27,1440613016013,"258,322",75% bullish,of 4 ratings,$5
JOEZ,$0.1801,1440613016083,"155,254",92% bullish,of 12 ratings,N/A
JBSS,$52.46,1440613016219,"19,174",67% bearish,of 3 ratings,N/A
JUNO,$35.185,1440613016272,"615,202",73% bullish,of 11 ratings,$71.50
KTWO,$20.88,1440613016348,"62,235",100% bearish,of 1 rating,$28.50
JNP,$9.4688,1440613016406,"10,945",100% bullish,of 3 ratings,$15
KBIO,$2.03,1440613016432,"149,895",50% bullish,of 4 ratings,N/A
JOUT,$22.77,1440613016463,"5,886",100% bearish,of 1 rating,$34
KALU,$78.585,1440613016566,"45,902",67% bearish,of 3 ratings,$91
KMDA,$3.2999,1440613016634,"2,900",50% bullish,of 2 ratings,$8
KCLI,$46.0388,1440613016723,"7,436",Not yet rated,NULL,N/A
KNDI,$6.11,1440613016763,"190,829",86% bullish,of 22 ratings,N/A
KPTI,$12.93,1440613016792,"98,830",67% bearish,of 3 ratings,$39
KCAP,$4.47,1440613016899,"79,963",75% bullish,of 4 ratings,$6
KBSF,$4,1440613016928,401,100% bullish,of 1 rating,N/A
