Symbol,Price,Date,Volume,Rating,RatingVoteCount,OneYearEstimate
PIH,$7.71,1440706202434,"10,000",100% bearish,of 1 rating,N/A
FCTY,$7.75,1440706202477,"2,800",100% bullish,of 1 rating,$8.50
TFSCU,NULL,1440706202527,0,Not yet rated,NULL,N/A
TFSCW,NULL,1440706202553,0,100% bearish,of 1 rating,N/A
TFSC,NULL,1440706202579,0,100% bearish,of 1 rating,N/A
TFSCR,NULL,1440706202600,0,Not yet rated,NULL,N/A
FLWS,$8.35,1440706202622,"1,199,644",80% bullish,of 5 ratings,$15
FCCY,$11.72,1440706202653,310,100% bullish,of 1 rating,$13
VNET,$18.005,1440706202886,"862,583",60% bullish,of 5 ratings,$29.50
SRCE,$29.3,1440706202944,"29,769",100% bullish,of 3 ratings,$33
USLV,$12.09,1440706202980,"320,590",86% bullish,of 7 ratings,N/A
JOBS,$27.1838,1440706203012,"341,253",50% bullish,of 4 ratings,$36
DGLD,$83.27,1440706203042,"24,964",100% bullish,of 1 rating,N/A
TWOU,$35.14,1440706203063,"156,767",50% bullish,of 2 ratings,$39
DSLV,$71.6777,1440706203094,"16,570",100% bearish,of 1 rating,N/A
SIXD,$2.91,1440706203415,"163,132",Not yet rated,NULL,N/A
CAFD,$14.23,1440706203441,"280,524",Not yet rated,NULL,$25
EGHT,$7.85,1440706203499,"312,149",82% bullish,of 17 ratings,$11
UGLD,$9.07,1440706203576,"995,613",100% bearish,of 1 rating,N/A
AVHI,$13.48,1440706203652,"103,213",100% bearish,of 1 rating,$19
AAON,$20.73,1440706203677,"61,409",100% bearish,of 1 rating,$24
ABGB,$5.67,1440706203715,"208,730",67% bullish,of 3 ratings,$5.50
SHLM,$33.92,1440706203757,"65,123",100% bearish,of 1 rating,$47
ABY,$21.9,1440706203851,"376,499",100% bearish,of 2 ratings,$46
ABEO,$4.7,1440706203883,"51,291",50% bullish,of 4 ratings,$15.50
ABAX,$47.14,1440706203920,"93,397",100% bearish,of 1 rating,$60
ABMD,$98.2,1440706203987,"293,250",75% bullish,of 4 ratings,$100.50
AXAS,$1.85,1440706204093,"1,104,092",78% bullish,of 9 ratings,$3.50
ABEOW,$1.655,1440706204123,"1,761",100% bullish,of 1 rating,N/A
ACHC,$74.24,1440706204193,"609,899",50% bullish,of 2 ratings,$92
ACTG,$10.26,1440706204219,"202,450",67% bullish,of 3 ratings,$18.50
ACST,$0.35,1440706204609,"37,640",100% bullish,of 2 ratings,N/A
AXDX,$18.57,1440706204648,"109,873",100% bearish,of 1 rating,N/A
ACAD,$37.81,1440706204680,"672,446",80% bullish,of 20 ratings,$48
ARAY,$6.44,1440706204708,"708,182",100% bearish,of 1 rating,$10.50
VXDN,$1.91,1440706204744,"79,146",100% bearish,of 1 rating,N/A
ANCX,$19.58,1440706204775,"15,204",Not yet rated,NULL,$20
VXUP,$1.54,1440706204881,"50,377",100% bearish,of 1 rating,N/A
ACET,$22.4819,1440706204983,"104,628",75% bullish,of 4 ratings,$30
ACRX,$4.31,1440706205083,"166,647",67% bearish,of 6 ratings,$5.50
AKAO,$6.645,1440706205132,"52,872",75% bullish,of 4 ratings,$15
ACHN,$7.5,1440706205237,"1,349,399",90% bullish,of 21 ratings,$16
XLRN,$28.2237,1440706205314,"93,565",50% bullish,of 2 ratings,$57
ACIW,$21.01,1440706205340,"416,304",67% bearish,of 3 ratings,$24
ACTS,$1.62,1440706205414,"50,841",100% bearish,of 1 rating,N/A
ACOR,$31.66,1440706205445,"544,948",67% bearish,of 3 ratings,$38.50
ATVI,$27.93,1440706205513,"3,707,394",68% bullish,of 84 ratings,$31.50
ACNB,$19.82,1440706205541,"2,026",Not yet rated,NULL,N/A
ACPW,$1.82,1440706205565,"13,206",100% bullish,of 4 ratings,$3.50
ACTA,$13.09,1440706205746,"81,415",67% bearish,of 3 ratings,$25
ACUR,$0.55,1440706205773,"116,926",100% bullish,of 5 ratings,$1
ADMP,$3.6879,1440706206031,"15,839",50% bullish,of 2 ratings,$10
ADMS,$20.07,1440706206101,"39,601",100% bearish,of 2 ratings,$36
ACXM,$20.87,1440706206126,"216,732",67% bullish,of 3 ratings,N/A
ADAP,$11.24,1440706206172,"43,608",67% bullish,of 3 ratings,$22
ADEP,$6.78,1440706206265,"18,587",50% bullish,of 2 ratings,$10.75
ADMA,$9.25,1440706206325,"5,950",Not yet rated,NULL,$19
AEY,$2.35,1440706206397,"6,413",100% bearish,of 2 ratings,N/A
ADUS,$28.48,1440706206453,"29,344",100% bearish,of 1 rating,$31
ADBE,$78.78,1440706206478,"2,057,298",65% bullish,of 17 ratings,$90
ADRO,$21.8,1440706206527,"171,315",80% bullish,of 5 ratings,$45.50
ADTN,$15.61,1440706206552,"196,977",67% bullish,of 3 ratings,$17.125
AEIS,$24.64,1440706206618,"101,386",50% bullish,of 2 ratings,$32.50
AMD,$1.775,1440706206692,"6,982,688",83% bullish,of 103 ratings,$2
ADXS,$14.92,1440706206822,"596,073",64% bullish,of 14 ratings,$27
ADXSW,$10.4,1440706206896,"7,330",100% bullish,of 1 rating,N/A
MULT,$22.9,1440706206954,100,100% bearish,of 1 rating,N/A
YPRO,$22.99,1440706207088,113,100% bearish,of 1 rating,N/A
AEGR,$17.77,1440706207176,"305,265",50% bullish,of 6 ratings,$26
AEGN,$18.01,1440706207203,"93,175",100% bearish,of 2 ratings,$21
AEHR,$2.2501,1440706207224,"1,950",50% bullish,of 2 ratings,N/A
AERI,$16.49,1440706207265,"376,491",75% bullish,of 4 ratings,$31.50
AMTX,$2.74,1440706207293,"29,107",50% bullish,of 2 ratings,$26.11
AVAV,$24,1440706207463,"62,849",50% bullish,of 4 ratings,$31
AEPI,$53.94,1440706207491,"8,360",100% bearish,of 1 rating,N/A
AEZS,$0.0853,1440706207516,"7,047,749",90% bullish,of 21 ratings,$1.50
AFMD,$10.13,1440706207656,"79,201",50% bullish,of 4 ratings,$15
AFFX,$9.66,1440706207681,"343,835",80% bullish,of 5 ratings,$12
AGEN,$6.89,1440706207823,"554,072",85% bullish,of 13 ratings,$14
AEMD,$7.11,1440706207915,"175,885",Not yet rated,NULL,$27.50
AGIO,$89.52,1440706207991,"266,485",88% bullish,of 8 ratings,$114
AGYS,$9.5,1440706208019,"12,206",100% bearish,of 1 rating,N/A
AGFS,$10.21,1440706208054,"32,184",100% bearish,of 1 rating,N/A
AGRX,$8.41,1440706208093,"8,111",100% bearish,of 1 rating,$17.50
AIRT,$21.49,1440706208277,500,100% bullish,of 1 rating,N/A
AGFSW,$2.12,1440706208309,"15,800",100% bearish,of 2 ratings,N/A
AIRM,$37.06,1440706208330,"158,697",80% bearish,of 5 ratings,$53
ATSG,$8.95,1440706208407,"93,460",67% bullish,of 3 ratings,$13
AMCN,$4.59,1440706208467,"406,530",83% bullish,of 6 ratings,N/A
AIMT,$21.5,1440706208495,"43,500",Not yet rated,NULL,N/A
AKAM,$70.42,1440706208551,"1,071,580",63% bullish,of 8 ratings,$77
AIXG,$6.06,1440706208577,"22,185",67% bearish,of 3 ratings,$5.25
AKBA,$6.43,1440706208852,"98,962",100% bearish,of 1 rating,$18
ALRM,$16.8999,1440706208882,"55,113",100% bearish,of 1 rating,$22
AKER,$2.79,1440706208951,"5,692",Not yet rated,NULL,N/A
ALSK,$2.02,1440706208977,"156,004",78% bullish,of 18 ratings,$2
ABDC,$12.25,1440706209011,"22,743",Not yet rated,NULL,$15
AKRX,$41.15,1440706209037,"584,619",78% bullish,of 9 ratings,$56
ADHD,$7.76,1440706209109,"134,518",50% bullish,of 4 ratings,$18
AMRI,$19.95,1440706209135,"97,272",75% bearish,of 4 ratings,$24
ALDX,$6.62,1440706209282,"7,760",100% bearish,of 1 rating,$14.50
ALDR,$38.69,1440706209314,"221,856",67% bearish,of 3 ratings,$62
ALXA,$1.18,1440706209415,"19,026",83% bullish,of 6 ratings,$2.125
ALCO,$42,1440706209440,"2,334",50% bullish,of 2 ratings,N/A
ALXN,$179.33,1440706209489,"911,676",88% bullish,of 8 ratings,$223
ALGN,$56.695,1440706209588,"211,391",100% bearish,of 2 ratings,$73
ALIM,$3.37,1440706209674,"40,416",80% bullish,of 5 ratings,$10
ALKS,$60.94,1440706209706,"294,899",67% bullish,of 3 ratings,$75
ALGT,$209.95,1440706209727,"161,789",100% bearish,of 2 ratings,$235
AFOP,$18.66,1440706209775,"115,025",75% bullish,of 8 ratings,$21
ALLB,$22.79,1440706209803,100,Not yet rated,NULL,N/A
AHGP,$36.21,1440706209909,"158,761",67% bullish,of 3 ratings,N/A
AIQ,$13.5,1440706209934,"5,250",67% bullish,of 3 ratings,N/A
ARLP,$24.58,1440706210105,"253,442",67% bearish,of 3 ratings,$32
ALQA,$4.31,1440706210159,"5,021",75% bullish,of 4 ratings,$8.50
AHPI,$1.45,1440706210184,500,50% bullish,of 2 ratings,N/A
AMOT,$18.55,1440706210237,"55,693",100% bearish,of 1 rating,N/A
ALLT,$5.01,1440706210442,"55,282",75% bullish,of 4 ratings,$6.25
AFAM,$45.45,1440706210472,"39,852",50% bullish,of 2 ratings,$44
MDRX,$13.67,1440706210501,"1,126,651",60% bullish,of 5 ratings,$16
ALNY,$104.53,1440706210530,"294,030",67% bullish,of 3 ratings,$148.50
AOSL,$7.2011,1440706210551,"42,986",67% bullish,of 3 ratings,$9
SMCP,NULL,1440706210600,0,Not yet rated,NULL,N/A
ATEC,$0.57,1440706210682,"45,480",100% bullish,of 1 rating,$2
ALTR,$48.54,1440706210753,"1,850,776",80% bearish,of 5 ratings,$54
AIMC,$24.59,1440706210890,"44,232",100% bearish,of 2 ratings,$28.50
ASPS,$25.7999,1440706210921,"181,574",67% bullish,of 3 ratings,$46.50
AMRN,$2.1,1440706211023,"1,537,630",85% bullish,of 39 ratings,$8
AMAG,$65.96,1440706211052,"341,407",100% bullish,of 2 ratings,$77.50
AMRK,NULL,1440706211156,0,50% bullish,of 2 ratings,$14
AMZN,$517.62,1440706211287,"2,597,320",81% bullish,of 264 ratings,$646
AYA,$20.67,1440706211318,"32,684",100% bearish,of 1 rating,$40
AMBC,$15.95,1440706211355,"177,358",100% bearish,of 1 rating,$16.50
AMBCW,$7.75,1440706211449,"22,833",100% bearish,of 1 rating,N/A
AMCX,$72.7,1440706211475,"550,092",67% bullish,of 3 ratings,$87.50
AMBA,$91.03,1440706211551,"1,829,737",83% bullish,of 12 ratings,$102.50
EPAX,$2.6868,1440706211579,"18,392",100% bearish,of 1 rating,N/A
DOX,$57.75,1440706211608,"298,697",67% bearish,of 3 ratings,$60
AMDA,$0.4835,1440706211736,"789,489",90% bullish,of 10 ratings,$1
AMED,$39,1440706211832,"148,101",100% bearish,of 1 rating,$42
UHAL,$373.48,1440706211935,"8,599",100% bullish,of 2 ratings,$393.50
ASBI,$22.57,1440706211968,"4,500",Not yet rated,NULL,N/A
ATAX,$5.18,1440706212064,"50,206",100% bullish,of 1 rating,$6.50
AAL,$39.03,1440706212089,"7,782,640",93% bullish,of 88 ratings,$57
AGNC,$19.54,1440706212142,"1,908,875",71% bullish,of 28 ratings,$22
AMOV,$18.37,1440706212171,"3,545",100% bearish,of 1 rating,N/A
AGNCB,$24.1699,1440706212277,"16,040",Not yet rated,NULL,N/A
AGNCP,$25.249,1440706212379,"4,000",Not yet rated,NULL,N/A
MTGEP,$24.3745,1440706212403,"1,131",Not yet rated,NULL,N/A
MTGE,$15.56,1440706212460,"239,858",75% bullish,of 4 ratings,$19.50
ACSF,$12.16,1440706212535,"47,224",100% bearish,of 1 rating,$15
ANCI,$1.52,1440706212559,350,100% bearish,of 1 rating,N/A
ACAS,$13.7,1440706212587,"1,290,462",60% bullish,of 5 ratings,$16.75
AETI,$3.55,1440706212758,"14,069",67% bearish,of 3 ratings,N/A
AMIC,$9.84,1440706212849,"1,714",Not yet rated,NULL,N/A
AMNB,$23.02,1440706212885,"5,374",Not yet rated,NULL,$25.50
APEI,$21.87,1440706212956,"54,360",100% bearish,of 1 rating,$25.50
ARII,$38.69,1440706212987,"352,704",67% bearish,of 3 ratings,$45
ANAT,$101.15,1440706213008,"11,301",100% bullish,of 1 rating,N/A
AMRB,$10.05,1440706213085,"1,579",Not yet rated,NULL,$11
ASEI,$38.02,1440706213141,"28,614",100% bearish,of 1 rating,$52.50
AMSWA,$8.4,1440706213180,"32,844",100% bearish,of 2 ratings,$10.75
AMSC,$4.45,1440706213223,"165,187",50% bullish,of 4 ratings,N/A
ASRVP,NULL,1440706213618,0,Not yet rated,NULL,N/A
CRMT,$36.045,1440706213678,"38,996",100% bearish,of 1 rating,$39
ATLO,$23.85,1440706213708,"3,132",Not yet rated,NULL,N/A
AMWD,$66.56,1440706213749,"71,444",50% bullish,of 2 ratings,$70
ABCB,$26.67,1440706213774,"61,578",Not yet rated,NULL,$31
ASRV,$3.29,1440706213803,"1,368",100% bullish,of 2 ratings,N/A
AMSF,$46.84,1440706213838,"32,839",Not yet rated,NULL,$57.50
AMKR,$5.04,1440706214068,"1,096,696",100% bearish,of 2 ratings,$5
FOLD,$14.83,1440706214104,"715,123",56% bullish,of 9 ratings,$21
AMSG,$80.14,1440706214201,"198,565",100% bearish,of 1 rating,$85.50
AMGN,$155.36,1440706214230,"2,445,288",89% bullish,of 19 ratings,$185
AMPH,$13.78,1440706214258,"113,886",50% bullish,of 2 ratings,$20
AMSGP,$141.83,1440706214300,12,Not yet rated,NULL,N/A
AFSI,$58.77,1440706214389,"258,840",60% bullish,of 5 ratings,$72
ASYS,$5.35,1440706214480,"43,789",67% bullish,of 3 ratings,$12
ANAC,$133.34,1440706214638,"273,164",80% bullish,of 5 ratings,$180.50
AMRS,$1.7,1440706214680,"54,605",70% bullish,of 10 ratings,N/A
ANAD,$0.3202,1440706214768,"257,480",100% bullish,of 2 ratings,$.50
ADI,$56.43,1440706214921,"2,639,903",67% bullish,of 3 ratings,$69
ABCW,$40.0347,1440706214949,"8,546",67% bullish,of 3 ratings,N/A
ALOG,$78.815,1440706214980,"46,491",100% bearish,of 2 ratings,$100.50
ANCB,$22.1,1440706215003,"1,100",Not yet rated,NULL,$23
AMCF,$0.2442,1440706215033,900,100% bullish,of 7 ratings,N/A
ANGI,$5.06,1440706215086,"590,849",64% bullish,of 11 ratings,$5.50
ANGO,$14.55,1440706215220,"101,662",67% bullish,of 3 ratings,$19
ANIP,$50.03,1440706215246,"125,617",89% bullish,of 19 ratings,$66
ANIK,$35.51,1440706215316,"102,419",60% bullish,of 5 ratings,$51.25
ATRS,$1.7,1440706215417,"387,025",92% bullish,of 12 ratings,$4.50
ANTH,$7.56,1440706215442,"534,925",80% bullish,of 10 ratings,$13
ANSS,$89.3973,1440706215469,"218,633",100% bearish,of 1 rating,$100
ABAC,$0.78,1440706215602,"8,227",100% bearish,of 1 rating,N/A
ATNY,$2.32,1440706215628,"2,700",50% bullish,of 2 ratings,$3.75
APIC,$7.45,1440706215692,"118,524",100% bearish,of 1 rating,$19
APOG,$50.75,1440706215759,"97,340",50% bullish,of 2 ratings,$67
AINV,$6.57,1440706215997,"737,170",50% bullish,of 4 ratings,$8
APPF,$17,1440706216104,"49,686",50% bullish,of 2 ratings,$22
AAPL,$112.75,1440706216131,"43,557,698",86% bullish,of 2350 ratings,$150
ARCI,NULL,1440706216156,0,Not yet rated,NULL,N/A
APOL,$11.18,1440706216425,"789,558",87% bearish,of 68 ratings,$14
APDNW,$1.24,1440706216505,"5,300",Not yet rated,NULL,N/A
AMAT,$15.94,1440706216553,"10,544,399",82% bullish,of 11 ratings,$23
APDN,$3.39,1440706216586,"39,736",Not yet rated,NULL,$9
AGTC,$15.88,1440706216620,"67,061",50% bullish,of 2 ratings,$33
AMCC,$5.66,1440706216641,"350,432",80% bullish,of 5 ratings,$8
AREX,$2.04,1440706216670,"786,270",100% bearish,of 1 rating,$3
AAOI,$20.39,1440706216722,"188,010",50% bullish,of 4 ratings,$26
APRI,$1.2537,1440706216855,"40,267",83% bullish,of 6 ratings,$4.86
APTO,$5,1440706216984,"9,301",Not yet rated,NULL,$17
AQMS,$4.91,1440706217013,"18,631",Not yet rated,NULL,N/A
AQXP,$17.32,1440706217065,"347,253",50% bullish,of 2 ratings,$2
AUMAU,$9.95,1440706217117,"7,208",Not yet rated,NULL,N/A
AUMA,NULL,1440706217165,0,Not yet rated,NULL,N/A
AUMAW,NULL,1440706217324,0,Not yet rated,NULL,N/A
ARDM,NULL,1440706217350,0,100% bullish,of 1 rating,$26
ABUS,$7.28,1440706217510,"317,659",86% bullish,of 14 ratings,$23
PETX,$17.54,1440706217535,"156,906",100% bearish,of 2 ratings,$26
ABIO,$0.8602,1440706217569,"73,859",50% bullish,of 2 ratings,$3.75
ARCB,$28.99,1440706217624,"125,730",67% bearish,of 3 ratings,$39.50
ARCW,$3.51,1440706217665,"15,375",100% bearish,of 2 ratings,$10.50
RKDA,$6.0799,1440706217758,"15,961",100% bearish,of 2 ratings,$10
ACGL,$68.01,1440706217844,"245,373",50% bullish,of 2 ratings,$72
ARNA,$2.64,1440706217947,"2,261,458",90% bullish,of 77 ratings,$5.50
ARCC,$15.355,1440706218036,"1,058,998",67% bearish,of 3 ratings,$17.875
ARDX,$17.6,1440706218089,"82,746",50% bullish,of 2 ratings,$24.50
ACAT,$26.02,1440706218117,"93,948",100% bearish,of 3 ratings,$33
AGII,$55.38,1440706218138,"83,303",Not yet rated,NULL,$59.50
ARIA,$6.975,1440706218302,"1,794,151",87% bullish,of 46 ratings,$9
ARIS,$3.959,1440706218342,"58,515",Not yet rated,NULL,$4.50
ARGS,$6.2,1440706218376,"37,510",50% bullish,of 2 ratings,$19.50
AGIIL,$25.67,1440706218401,"4,409",Not yet rated,NULL,N/A
ARTX,$1.42,1440706218553,"65,781",88% bullish,of 16 ratings,$4.50
ARMH,$42.65,1440706218579,"1,943,649",54% bearish,of 13 ratings,$61
ARKR,$24.9,1440706218629,2,50% bullish,of 2 ratings,N/A
ARWA,NULL,1440706218713,0,Not yet rated,NULL,N/A
ARWAR,NULL,1440706218844,0,Not yet rated,NULL,N/A
ARWAU,NULL,1440706218876,0,100% bullish,of 1 rating,N/A
ARWAW,$0.125,1440706218917,"4,805",Not yet rated,NULL,N/A
ARQL,$1.76,1440706218974,"119,244",75% bullish,of 4 ratings,$5
ARRY,$5.8272,1440706219005,"828,433",100% bullish,of 7 ratings,$10
ARRS,$26.27,1440706219062,"556,541",50% bullish,of 2 ratings,$38
ASBB,$24.28,1440706219474,100,Not yet rated,NULL,N/A
ARWR,$5.65,1440706219507,"488,621",75% bullish,of 4 ratings,$10.50
ARTNA,$22.14,1440706219536,"14,243",100% bearish,of 1 rating,$29
ARTW,$4.33,1440706219557,593,75% bearish,of 4 ratings,N/A
DWAT,$9.9,1440706219578,"2,800",100% bearish,of 1 rating,N/A
ASNA,$11.66,1440706219619,"1,442,466",50% bullish,of 2 ratings,$18
ASND,$20.09,1440706219640,"58,290",100% bullish,of 1 rating,$30
AROW,$27.05,1440706219714,"8,321",Not yet rated,NULL,N/A
ASCMA,$26.87,1440706219915,"80,333",100% bearish,of 1 rating,$45
ASMI,NULL,1440706219996,0,NULL,NULL,NULL
APWC,$1.7805,1440706220056,"7,362",100% bearish,of 1 rating,N/A
ASTI,$0.1052,1440706220084,"1,619,047",83% bullish,of 6 ratings,$3
ASML,$91.8,1440706220133,"935,995",50% bullish,of 4 ratings,$127
ASMB,$12.9799,1440706220237,"38,043",67% bullish,of 3 ratings,N/A
ASFI,$8.92,1440706220265,"4,111",100% bullish,of 1 rating,N/A
AZPN,$37.55,1440706220391,"500,582",50% bullish,of 2 ratings,$42
ALOT,$13.97,1440706220489,"1,400",100% bearish,of 1 rating,N/A
ASTC,$1.98,1440706220516,"24,440",100% bullish,of 5 ratings,N/A
ASTE,$36.73,1440706220543,"60,788",100% bearish,of 1 rating,$48
ASUR,$5.58,1440706220568,"12,900",50% bullish,of 2 ratings,$8
ATRO,$53.49,1440706220869,"96,004",100% bearish,of 2 ratings,$80
ATHN,$134.264,1440706220908,"186,553",67% bearish,of 3 ratings,$153
ATAI,$2.42,1440706221001,"2,022",100% bearish,of 1 rating,N/A
ATHX,$1.14,1440706221188,"133,051",89% bullish,of 9 ratings,$5
ATRA,$39.9,1440706221215,"104,176",50% bullish,of 2 ratings,$68
AFCB,$27.3,1440706221236,200,Not yet rated,NULL,N/A
AAPC,$10.1,1440706221367,16,Not yet rated,NULL,N/A
ACFC,$5.35,1440706221394,"49,246",100% bearish,of 1 rating,$6.50
AAME,$3.57,1440706221417,"3,170",Not yet rated,NULL,N/A
ATLC,$3.9399,1440706221556,202,67% bullish,of 3 ratings,N/A
AFH,$16.36,1440706221583,"35,691",Not yet rated,NULL,$21.50
ATNI,$70.92,1440706221635,"44,383",100% bearish,of 1 rating,$69.50
AAWW,$41.16,1440706221660,"228,581",50% bullish,of 2 ratings,$65
ATOS,$0.7469,1440706221715,"82,422",100% bullish,of 7 ratings,$7
ATML,$8.045,1440706221846,"3,087,041",78% bullish,of 9 ratings,$9.50
ATRC,$26.24,1440706221871,"106,292",100% bullish,of 1 rating,$30
ATRM,$2.7899,1440706222111,"11,205",50% bullish,of 2 ratings,N/A
ATRI,$385.08,1440706222143,"5,467",Not yet rated,NULL,N/A
ATTU,$13.25,1440706222172,"21,773",100% bearish,of 1 rating,$20.50
AUBN,$26.96,1440706222241,550,Not yet rated,NULL,N/A
LIFE,$15.54,1440706222268,"20,247",86% bullish,of 7 ratings,$43
AUDC,$3.31,1440706222327,"112,722",80% bullish,of 5 ratings,$5
AUPH,$3.03,1440706222353,"16,450",100% bearish,of 1 rating,$8
EARS,$4.82,1440706222399,"5,150",100% bearish,of 2 ratings,$11.50
ADAT,$0.358,1440706222532,"446,232",100% bullish,of 2 ratings,N/A
ABTL,$18.01,1440706222632,"116,613",100% bullish,of 4 ratings,$20.25
ADSK,$50.02,1440706222711,"3,662,202",67% bullish,of 6 ratings,$69.50
AVGO,$126.26,1440706222740,"4,743,456",88% bullish,of 8 ratings,$165
ADP,$77.89,1440706222761,"1,588,990",100% bearish,of 1 rating,$88
AVEO,$1.39,1440706222964,"638,763",75% bullish,of 8 ratings,$3
AVNW,$1.13,1440706222991,"81,015",50% bullish,of 2 ratings,$2.20
AVNU,$12.43,1440706223012,"11,626",Not yet rated,NULL,$14
AAVL,$10.69,1440706223047,"245,549",100% bearish,of 1 rating,$20
AVID,$8.2,1440706223151,"288,986",100% bearish,of 1 rating,$20
AVGR,$14.11,1440706223181,"15,948",100% bearish,of 1 rating,$20
CAR,$43.52,1440706223209,"1,259,995",80% bullish,of 5 ratings,$60
AWRE,$3.17,1440706223346,"11,977",67% bullish,of 3 ratings,N/A
ACLS,$3.15,1440706223371,"272,428",67% bullish,of 6 ratings,$4.75
AXPW,$1.05,1440706223396,"80,619",83% bullish,of 6 ratings,N/A
AXPWW,NULL,1440706223549,0,Not yet rated,NULL,N/A
AXGN,$4.2999,1440706223596,"94,097",Not yet rated,NULL,$5
AXTI,$2.1701,1440706223690,"12,929",50% bullish,of 2 ratings,$2.75
RILY,$9.99,1440706223816,500,Not yet rated,NULL,N/A
BCOM,$19.003,1440706223850,984,100% bearish,of 1 rating,N/A
BEAV,$49.07,1440706223871,"680,330",67% bearish,of 3 ratings,$59
BIDU,$148.5606,1440706223904,"2,823,903",81% bullish,of 88 ratings,$210
BOSC,$2.24,1440706223948,"5,501",50% bullish,of 2 ratings,N/A
BWINA,NULL,1440706224040,0,Not yet rated,NULL,N/A
BCPC,$57.5334,1440706224068,"65,288",100% bearish,of 1 rating,$75
BLDP,$1.23,1440706224200,"340,606",91% bullish,of 22 ratings,$2.50
BWINB,$22.9699,1440706224260,"3,972",Not yet rated,NULL,N/A
BANF,$59.9299,1440706224297,"8,510",Not yet rated,NULL,$68
BANFP,NULL,1440706224385,0,Not yet rated,NULL,N/A
BKMU,$6.99,1440706224411,"76,872",Not yet rated,NULL,$8
BMRC,$47.77,1440706224488,"10,136",Not yet rated,NULL,$52
BOCH,$5.8,1440706224582,"16,261",Not yet rated,NULL,$6.50
BKSC,$16.4899,1440706224614,"5,476",Not yet rated,NULL,N/A
BOTJ,$11.0785,1440706224682,717,Not yet rated,NULL,N/A
OZRK,$41.6,1440706224716,"384,131",67% bullish,of 3 ratings,$49.50
BANR,$43.52,1440706224757,"33,108",100% bullish,of 3 ratings,$50
BWFG,$18,1440706224814,"3,000",100% bearish,of 1 rating,N/A
BFIN,$12.04,1440706224840,"16,518",Not yet rated,NULL,$13
BZUN,$5.18,1440706224968,"312,993",50% bullish,of 2 ratings,$11.50
TAPR,$32.98,1440706225118,535,100% bearish,of 1 rating,N/A
BHACR,NULL,1440706225218,0,Not yet rated,NULL,N/A
BHAC,$9.81,1440706225243,"1,900",Not yet rated,NULL,N/A
BHACU,NULL,1440706225269,0,Not yet rated,NULL,N/A
BYBK,$4.88,1440706225399,100,100% bearish,of 1 rating,N/A
BBSI,$34.56,1440706225424,"54,413",67% bearish,of 3 ratings,$62.50
BSET,$28.31,1440706225449,"28,436",100% bearish,of 1 rating,$35
BHACW,$0.135,1440706225594,"1,301",Not yet rated,NULL,N/A
BYLK,$12.71,1440706225623,500,Not yet rated,NULL,$14
BV,$5.05,1440706225674,"324,574",67% bullish,of 6 ratings,$9
BDCV,$4.905,1440706225700,"34,789",100% bearish,of 1 rating,$10.19
BBCN,$14.33,1440706225754,"184,246",100% bearish,of 1 rating,$16
BECN,$35.23,1440706225850,"294,349",50% bullish,of 2 ratings,$40
BCBP,$11.44,1440706226011,500,Not yet rated,NULL,N/A
BSF,$8.5822,1440706226039,"7,063",Not yet rated,NULL,N/A
BBGI,$4.1616,1440706226069,300,100% bullish,of 1 rating,N/A
BEBE,$1.75,1440706226251,"121,777",75% bullish,of 4 ratings,$3.075
BBBY,$62.5,1440706226280,"1,813,182",71% bullish,of 7 ratings,$75
BELFA,NULL,1440706226308,0,100% bearish,of 1 rating,N/A
BLCM,$17.295,1440706226410,"128,833",50% bullish,of 4 ratings,$40
BELFB,$17.6353,1440706226459,"25,928",100% bearish,of 1 rating,N/A
BNCL,$12.45,1440706226498,"213,648",100% bullish,of 3 ratings,$12.50
BLPH,$5.14,1440706226554,"12,882",100% bearish,of 1 rating,$12.50
BNTC,$8,1440706226579,"28,493",100% bullish,of 1 rating,N/A
BGMD,$0.752,1440706226657,"141,826",100% bullish,of 10 ratings,N/A
BNFT,$34.62,1440706226716,"95,637",67% bullish,of 3 ratings,$46
BGCP,$8.84,1440706226747,"895,200",88% bullish,of 8 ratings,$14
BGFV,$10.9199,1440706226881,"101,860",57% bullish,of 7 ratings,$12
BIND,$4.41,1440706226922,"64,997",75% bullish,of 4 ratings,$13.50
ORPN,$5.6401,1440706227030,"31,150",100% bullish,of 1 rating,$28.50
BASI,$1.64,1440706227085,400,Not yet rated,NULL,N/A
BCRX,$11.17,1440706227161,"283,516",63% bullish,of 8 ratings,$18
BCDA,NULL,1440706227224,0,Not yet rated,NULL,N/A
BIOC,$1.9604,1440706227250,"335,703",83% bullish,of 6 ratings,$3.85
BIOD,$0.6695,1440706227277,"83,797",80% bullish,of 5 ratings,$4
BIIB,$304.52,1440706227336,"1,019,975",88% bullish,of 16 ratings,$400
BDSI,$6.64,1440706227436,"642,042",88% bullish,of 8 ratings,$17
BIOL,$1.44,1440706227533,"30,811",Not yet rated,NULL,N/A
BLFS,$2.0003,1440706227664,"17,835",100% bearish,of 1 rating,$4.75
BLRX,$1.3601,1440706227739,"74,590",100% bullish,of 12 ratings,$5
BVXV,$3.51,1440706227768,"1,450",Not yet rated,NULL,N/A
BMRN,$130.89,1440706227796,"472,488",80% bullish,of 5 ratings,$160
BRLI,NULL,1440706227822,0,NULL,NULL,NULL
BVXVW,$0.701,1440706227867,"3,700",100% bearish,of 1 rating,N/A
BPTH,$1.08,1440706227930,"45,405",100% bullish,of 2 ratings,$5
BIOS,$2.35,1440706228004,"742,325",71% bullish,of 7 ratings,$4
BBC,$31.0701,1440706228163,"9,322",Not yet rated,NULL,N/A
BSTC,$49.946,1440706228211,"54,898",100% bearish,of 1 rating,$76
BBP,$32.7516,1440706228237,"18,409",Not yet rated,NULL,N/A
BOTA,$2.0795,1440706228265,"18,082",88% bullish,of 8 ratings,N/A
TECH,$96.46,1440706228286,"174,891",100% bullish,of 1 rating,$117
BSPM,$0.679,1440706228315,"11,275",50% bullish,of 2 ratings,N/A
BEAT,$14.485,1440706228453,"687,155",67% bearish,of 3 ratings,$15
BITI,$16.9862,1440706228585,"10,518",100% bullish,of 1 rating,$28
BDMS,$12.64,1440706228651,"3,819",100% bearish,of 1 rating,N/A
BBOX,$14.86,1440706228679,"119,699",100% bearish,of 1 rating,N/A
BLKB,$57.705,1440706228711,"112,410",100% bearish,of 2 ratings,$66
BDE,$7.38,1440706228736,"152,731",50% bullish,of 2 ratings,$9
BJRI,$44.39,1440706228809,"170,654",50% bullish,of 2 ratings,$55
BBRY,$7.185,1440706228902,"3,765,506",61% bullish,of 330 ratings,$9
HAWK,$40.2685,1440706229040,"390,516",91% bullish,of 11 ratings,$49
ADRE,$30.26,1440706229105,"178,359",100% bearish,of 1 rating,N/A
BKCC,$9.3785,1440706229132,"443,081",50% bullish,of 2 ratings,$10
ADRD,$22.1331,1440706229159,"9,704",100% bearish,of 1 rating,N/A
ADRA,$27.3825,1440706229180,398,100% bearish,of 1 rating,N/A
ADRU,$21.73,1440706229214,"3,618",100% bearish,of 1 rating,N/A
BLMN,$20.03,1440706229310,"872,559",83% bullish,of 6 ratings,$27.50
BCOR,$13.67,1440706229530,"117,966",57% bullish,of 7 ratings,$15
BUFF,$26.01,1440706229570,"136,010",83% bullish,of 12 ratings,$31.50
BHBK,$13.819,1440706229599,"44,946",100% bullish,of 1 rating,$14.50
BBLU,$0.79,1440706229620,"91,050",100% bullish,of 2 ratings,$4.43
BLBD,$11.78,1440706229652,"20,925",Not yet rated,NULL,N/A
NILE,$33.51,1440706229754,"111,465",50% bullish,of 2 ratings,$34
BLUE,$133.0666,1440706229827,"321,060",71% bullish,of 7 ratings,$217.50
BKEP,$6.27,1440706229858,"26,049",100% bearish,of 1 rating,$8.50
BPMC,$26.65,1440706229970,"42,608",50% bullish,of 2 ratings,$47.50
BNCN,$20.28,1440706230001,"67,238",Not yet rated,NULL,$24
BOBE,$43.6,1440706230045,"98,722",75% bullish,of 4 ratings,$57
BOFI,$121.5,1440706230103,"133,712",100% bullish,of 6 ratings,$144
WIFI,$7.49,1440706230130,"112,285",50% bullish,of 2 ratings,$13.50
BKEPP,$7.7476,1440706230173,"5,323",100% bearish,of 1 rating,N/A
BOJA,$21.34,1440706230330,"158,352",100% bullish,of 1 rating,$30
BOKF,$61.45,1440706230389,"193,201",100% bearish,of 1 rating,$69
BPFH,$11.78,1440706230558,"293,678",100% bearish,of 1 rating,$14
BNSO,$1.2901,1440706230590,"2,500",100% bearish,of 1 rating,N/A
BAMM,$3.15,1440706230613,"9,242",60% bullish,of 5 ratings,N/A
BPFHP,$25.1,1440706230636,"3,450",100% bearish,of 1 rating,N/A
BONA,$11.79,1440706230668,"100,466",75% bullish,of 4 ratings,$8.50
BPFHW,NULL,1440706230700,0,100% bearish,of 1 rating,N/A
BDBD,$8.07,1440706230770,"518,738",60% bullish,of 5 ratings,$10
EPAY,$26.65,1440706230835,"352,558",100% bearish,of 2 ratings,$30
BBRG,$12.38,1440706230983,"52,747",67% bullish,of 3 ratings,$14.50
BCLI,$2.9,1440706231008,"32,835",80% bullish,of 5 ratings,$12
BBEP,$2.65,1440706231051,"1,978,754",69% bullish,of 13 ratings,$5.625
BBEPP,$13.7299,1440706231183,"25,559",100% bearish,of 1 rating,N/A
BDGE,$26.21,1440706231219,"6,983",Not yet rated,NULL,$31.75
BLIN,$1.31,1440706231461,"4,295",100% bullish,of 2 ratings,$2.20
BRID,$8.8,1440706231497,100,100% bearish,of 1 rating,N/A
BCOV,$5.18,1440706231527,"91,776",67% bullish,of 3 ratings,$10.20
BRCM,$51.57,1440706231638,"4,633,886",75% bullish,of 12 ratings,$56
BSFT,$31.45,1440706231904,"275,388",57% bullish,of 7 ratings,$40.50
BVSN,$6.01,1440706231931,"48,015",60% bearish,of 5 ratings,N/A
BWEN,$3.14,1440706232082,"26,461",100% bullish,of 3 ratings,$8
BYFC,NULL,1440706232254,0,50% bullish,of 2 ratings,N/A
BRCD,$10.62,1440706232839,"2,820,618",92% bullish,of 13 ratings,$11.50
BRKL,$10.5,1440706232995,"227,324",100% bearish,of 1 rating,$10.75
BRKS,$10.26,1440706233027,"76,604",67% bullish,of 3 ratings,$15.25
BMTC,$29.1,1440706233605,"54,851",Not yet rated,NULL,$34
BRKR,$18.74,1440706233651,"309,037",100% bearish,of 2 ratings,$22
BSQR,$6.14,1440706233786,"49,518",67% bullish,of 3 ratings,N/A
BLMT,$20.605,1440706233811,"4,744",Not yet rated,NULL,N/A
BLDR,$14.35,1440706234003,"767,652",67% bullish,of 3 ratings,$22
BWLD,$195.31,1440706234062,"215,749",82% bullish,of 11 ratings,$205
BUR,$1.83,1440706234232,"6,626",100% bearish,of 1 rating,$8
CHRW,$67.73,1440706234369,"824,704",Not yet rated,NULL,$72
CDNS,$19.93,1440706234470,"1,441,948",75% bullish,of 4 ratings,$22.50
CA,$27.07,1440706234603,"1,440,271",50% bullish,of 4 ratings,$33
CFFI,$34.75,1440706234630,"1,103",100% bearish,of 1 rating,N/A
CCMP,$43.33,1440706234662,"53,308",50% bullish,of 2 ratings,$59
CDZI,$7.72,1440706234683,"60,500",100% bearish,of 1 rating,N/A
CZR,$8.65,1440706234760,"2,539,451",60% bearish,of 5 ratings,$10.50
CACQ,$7.26,1440706234920,"49,830",100% bearish,of 1 rating,$12.25
CSTE,$40.67,1440706234945,"394,331",50% bullish,of 2 ratings,$65
CLBS,$1.35,1440706235010,"158,162",79% bullish,of 14 ratings,$4
CLMS,$10.56,1440706235040,"49,421",Not yet rated,NULL,$10.50
PRSS,$4.45,1440706235092,"9,541",80% bullish,of 5 ratings,$4.50
CCD,$18.865,1440706235145,"189,535",Not yet rated,NULL,N/A
CHI,$10.634,1440706235172,"187,171",100% bearish,of 1 rating,N/A
CFGE,$10.57,1440706235383,810,Not yet rated,NULL,N/A
CGO,$12.19,1440706235455,"18,743",100% bearish,of 1 rating,N/A
CHY,$11.44,1440706235484,"224,598",Not yet rated,NULL,N/A
CAMP,$16.32,1440706235590,"280,712",88% bullish,of 8 ratings,$25
CVGW,$60.55,1440706235615,"167,854",50% bullish,of 2 ratings,$58.50
CHW,$7.66,1440706235669,"186,122",100% bearish,of 1 rating,N/A
CSQ,$9.9401,1440706235695,"286,651",Not yet rated,NULL,N/A
CALA,$5.64,1440706235827,"548,746",100% bullish,of 3 ratings,$19.50
CLMT,$25.54,1440706235858,"222,811",75% bullish,of 8 ratings,$31
CALD,$15.49,1440706235889,"333,589",100% bearish,of 1 rating,$21
CFNB,$13.31,1440706235910,310,100% bearish,of 1 rating,N/A
ABCD,$5.15,1440706235960,"119,870",83% bullish,of 6 ratings,N/A
CAMB,$10.05,1440706236065,100,Not yet rated,NULL,N/A
CALM,$50.35,1440706236093,"362,555",80% bullish,of 5 ratings,$65
CAMBU,NULL,1440706236136,0,100% bearish,of 1 rating,N/A
CAMBW,NULL,1440706236269,0,Not yet rated,NULL,N/A
CAC,$40.098,1440706236354,"2,556",Not yet rated,NULL,N/A
CAMT,$2.6071,1440706236440,"40,087",73% bullish,of 11 ratings,$4
CSIQ,$18.215,1440706236486,"1,841,707",86% bullish,of 28 ratings,$42.50
CBNJ,$10.95,1440706236566,"15,469",100% bullish,of 1 rating,N/A
CGIX,$9.78,1440706236666,"44,569",67% bullish,of 3 ratings,$14.375
CPHC,NULL,1440706236697,0,100% bearish,of 1 rating,N/A
CPLA,$47.9,1440706236724,"111,544",67% bearish,of 3 ratings,$65
CBF,$29,1440706236748,"694,768",Not yet rated,NULL,$32
CCBG,$14.7799,1440706236980,"4,982",Not yet rated,NULL,$17.25
CPLP,$6.89,1440706237051,"387,649",71% bullish,of 7 ratings,$11
CPTA,$13.91,1440706237125,"37,974",100% bearish,of 1 rating,$18.50
CSWC,$45.53,1440706237230,"6,996",Not yet rated,NULL,N/A
CFFN,$12,1440706237258,"324,139",Not yet rated,NULL,$12.75
CAPN,$2.27,1440706237279,"337,426",100% bullish,of 1 rating,$10.85
CAPNW,$0.6969,1440706237312,100,Not yet rated,NULL,N/A
CARA,$18.99,1440706237418,"137,589",50% bullish,of 4 ratings,$25
CAPR,$4.2,1440706237445,"22,764",Not yet rated,NULL,$12
CPST,$0.3712,1440706237477,"512,424",95% bullish,of 22 ratings,$1.25
CBYL,$5.09,1440706237579,"50,709",100% bearish,of 1 rating,$20
CRME,$8.8,1440706237722,"13,300",89% bullish,of 9 ratings,$11.25
CARB,$11.21,1440706237753,"74,304",75% bullish,of 4 ratings,$12
CRDC,$0.335,1440706237775,"83,204",100% bullish,of 1 rating,$1.25
CFNL,$21.82,1440706237795,"94,804",Not yet rated,NULL,$24
CSII,$24,1440706237854,"295,373",100% bearish,of 2 ratings,$42.125
CATM,$34.46,1440706238039,"110,465",100% bearish,of 1 rating,$44
CECO,$3.5,1440706238106,"238,158",67% bearish,of 3 ratings,$6
CKEC,$23.37,1440706238136,"149,627",50% bullish,of 2 ratings,$35.915
CDNA,$6.95,1440706238157,"5,000",100% bearish,of 1 rating,$9
CLBH,$12.75,1440706238197,100,Not yet rated,NULL,$16.50
CTRE,$11.45,1440706238224,"243,381",50% bullish,of 2 ratings,$13.50
CARO,$15.5,1440706238246,902,100% bearish,of 1 rating,$19
CRZO,$32.52,1440706238285,"1,075,271",67% bearish,of 3 ratings,$55.50
CART,$5.35,1440706238448,100,100% bearish,of 1 rating,N/A
TAST,$12.54,1440706238594,"345,443",Not yet rated,NULL,$14.25
CRTN,$2.49,1440706238627,"5,062",100% bearish,of 1 rating,N/A
CACB,$5.26,1440706238694,"24,719",Not yet rated,NULL,$5.50
CASM,$1.13,1440706238720,"14,833",100% bullish,of 1 rating,$3.50
CARV,$7.16,1440706238745,"1,739",50% bullish,of 2 ratings,N/A
CASS,$47.9,1440706238996,"13,880",100% bearish,of 1 rating,N/A
CWST,$6.09,1440706239030,"204,144",50% bullish,of 2 ratings,$7.25
CSCD,$14.95,1440706239078,"24,774",100% bullish,of 2 ratings,$17
CASI,$1.3501,1440706239104,"8,548",100% bullish,of 1 rating,$3.50
CATB,$11.93,1440706239169,"10,868",100% bearish,of 1 rating,$28
CASY,$105.64,1440706239191,"261,034",50% bullish,of 2 ratings,$99.50
CPRX,$3.65,1440706239233,"665,800",71% bullish,of 7 ratings,$7
CATY,$29.47,1440706239274,"536,722",100% bearish,of 1 rating,$33.50
CATYW,NULL,1440706239404,0,100% bearish,of 1 rating,N/A
CVCO,$70.04,1440706239541,"19,023",100% bearish,of 1 rating,N/A
CBFV,$20.9399,1440706239642,"4,000",Not yet rated,NULL,$25
CAVM,$68.95,1440706239708,"282,282",67% bearish,of 3 ratings,$72
CNLMU,NULL,1440706239738,0,100% bullish,of 1 rating,N/A
CDK,$48.97,1440706239768,"285,210",67% bearish,of 3 ratings,$50
CBOE,$63.35,1440706239837,"328,944",Not yet rated,NULL,$60
CNLM,NULL,1440706239866,0,Not yet rated,NULL,N/A
CNLMW,NULL,1440706239893,0,Not yet rated,NULL,N/A
CNLMR,NULL,1440706239918,0,Not yet rated,NULL,N/A
CPXX,$2.04,1440706240077,"86,077",100% bullish,of 2 ratings,$7
CELG,$123.19,1440706240123,"3,110,688",92% bullish,of 13 ratings,$155.50
CDW,$40.05,1440706240151,"963,576",75% bullish,of 4 ratings,$44
CECE,$9.44,1440706240256,"101,793",50% bullish,of 2 ratings,$16
CELGZ,$1.72,1440706240289,"19,700",80% bullish,of 5 ratings,N/A
CLDN,$1.07,1440706240418,"130,069",71% bullish,of 7 ratings,$3
CLDX,$15.12,1440706240444,"965,160",89% bullish,of 9 ratings,$36
CLRBW,NULL,1440706240578,0,Not yet rated,NULL,N/A
CLSN,$1.99,1440706240609,"72,742",80% bullish,of 10 ratings,$7.50
CLLS,$32.64,1440706240630,"78,370",75% bullish,of 4 ratings,$51.50
CLRB,$3.112,1440706240651,731,100% bearish,of 1 rating,N/A
CBMG,$22.8,1440706240685,"28,988",50% bullish,of 2 ratings,N/A
CLTX,$2.32,1440706240841,"529,620",100% bullish,of 2 ratings,N/A
CYAD,$49.01,1440706241000,"3,200",100% bullish,of 1 rating,$87.50
CETX,$2.35,1440706241032,"16,874",Not yet rated,NULL,$5.60
CETV,$2.07,1440706241058,"114,434",67% bullish,of 3 ratings,$2.80
CEMP,$34.4,1440706241079,"422,795",71% bullish,of 7 ratings,$52
CSFL,$13.61,1440706241107,"111,048",Not yet rated,NULL,$15
CFBK,$1.36,1440706241132,690,Not yet rated,NULL,N/A
CENT,$12.05,1440706241334,"132,465",Not yet rated,NULL,$10
CENX,$5.42,1440706241559,"2,710,079",67% bullish,of 6 ratings,$9
CVCY,$11.25,1440706241596,"2,000",Not yet rated,NULL,$12
CNBKA,$41.7,1440706241622,496,50% bullish,of 2 ratings,N/A
CNTY,$5.75,1440706241652,"32,116",80% bullish,of 5 ratings,$7.75
CPHD,$49.31,1440706241682,"308,410",67% bearish,of 3 ratings,$66.50
CENTA,$12.46,1440706241708,"189,783",Not yet rated,NULL,N/A
CRNT,$1.38,1440706241741,"54,621",50% bullish,of 2 ratings,$2
CERE,$1.15,1440706241838,"173,274",88% bullish,of 8 ratings,N/A
CERN,$61.41,1440706241992,"1,503,054",67% bullish,of 3 ratings,$79
CERU,$3.53,1440706242185,"20,641",75% bullish,of 4 ratings,$15
CERS,$4.93,1440706242215,"495,373",75% bullish,of 4 ratings,$7
KOOL,$0.625,1440706242236,"13,456",100% bullish,of 5 ratings,$7
CEVA,$18.54,1440706242288,"51,520",100% bearish,of 1 rating,$25
HOTR,$1.52,1440706242318,"94,253",100% bullish,of 2 ratings,$5
CYOU,$20.6,1440706242419,"95,882",50% bullish,of 6 ratings,$24
HOTRW,$0.1607,1440706242450,550,Not yet rated,NULL,N/A
CTHR,$1.27,1440706242478,"14,859",50% bullish,of 2 ratings,$2.50
GTLS,$23.27,1440706242555,"209,403",50% bullish,of 4 ratings,$40
CHTR,$181.52,1440706242643,"520,697",100% bearish,of 2 ratings,$196
CHKP,$79.59,1440706242690,"906,708",50% bullish,of 4 ratings,$92
CHFN,$12.42,1440706242715,"16,319",Not yet rated,NULL,$14
CHEKW,NULL,1440706242846,0,Not yet rated,NULL,N/A
CHEK,$2.149,1440706242923,"11,038",Not yet rated,NULL,$7.75
CHFC,$31.08,1440706243031,"64,498",100% bearish,of 1 rating,$36
CEMI,$3.98,1440706243060,"20,076",50% bullish,of 2 ratings,$7.50
CHMG,$26.07,1440706243088,100,Not yet rated,NULL,$30
CCXI,$6.89,1440706243114,"28,785",67% bullish,of 3 ratings,$14
CHKE,$25.94,1440706243163,"12,164",100% bearish,of 1 rating,$32.50
CHEV,$14.33,1440706243243,701,Not yet rated,NULL,N/A
CHMA,$25.92,1440706243331,"63,115",Not yet rated,NULL,$40
CBNK,$16.35,1440706243400,203,100% bearish,of 1 rating,N/A
PLCE,$59.46,1440706243463,"220,198",100% bearish,of 1 rating,$69
CMRX,$50.5,1440706243488,"222,618",50% bullish,of 2 ratings,$57
CADC,$3.03,1440706243528,"5,000",78% bullish,of 9 ratings,N/A
CALI,$0.86,1440706243617,"2,623",67% bullish,of 3 ratings,N/A
CAAS,$6.38,1440706243722,"35,627",93% bullish,of 14 ratings,$11.50
CBPO,$99.84,1440706243780,"123,146",75% bullish,of 8 ratings,$140.50
CCCR,$0.71,1440706243914,"16,609",67% bearish,of 3 ratings,N/A
CBAK,$1.92,1440706243943,"17,994",67% bullish,of 9 ratings,N/A
JRJC,$3.54,1440706243971,"190,468",82% bullish,of 11 ratings,N/A
CCCL,$0.765,1440706243992,"31,513",100% bullish,of 6 ratings,N/A
CHOP,$1.21,1440706244125,"1,634",50% bullish,of 2 ratings,N/A
HGSH,$1.67,1440706244151,"21,933",67% bullish,of 3 ratings,N/A
CNIT,$1.44,1440706244284,"102,876",67% bullish,of 6 ratings,N/A
CHLN,$2.05,1440706244310,"7,656",67% bullish,of 3 ratings,N/A
HTHT,$26.02,1440706244387,"108,195",50% bullish,of 2 ratings,$28.40
CJJD,$1.84,1440706244455,"41,684",100% bullish,of 1 rating,N/A
CHNR,$1.68,1440706244481,"1,316",100% bearish,of 1 rating,N/A
CREG,$0.7,1440706244612,"33,099",100% bullish,of 3 ratings,N/A
CPGI,$6.83,1440706244643,"1,044",Not yet rated,NULL,N/A
CNTF,$0.845,1440706244672,"116,574",Not yet rated,NULL,N/A
CXDC,$5.81,1440706244745,"53,764",67% bearish,of 3 ratings,N/A
CCIH,$6.47,1440706244814,"234,260",67% bullish,of 6 ratings,$12.65
CNET,$0.8699,1440706244841,"200,546",50% bullish,of 2 ratings,N/A
CSUN,$1.42,1440706244870,"30,929",80% bullish,of 5 ratings,N/A
CNYD,$3.52,1440706244907,"35,686",67% bullish,of 3 ratings,N/A
IMOS,$17.12,1440706245074,"259,939",60% bullish,of 5 ratings,$21.50
CHSCL,$26.95,1440706245172,"12,277",Not yet rated,NULL,N/A
CHSCM,$26.1,1440706245259,"19,610",Not yet rated,NULL,N/A
CHSCN,$27.07,1440706245306,"7,851",Not yet rated,NULL,N/A
CHSCO,$28.21,1440706245353,"9,556",Not yet rated,NULL,N/A
CHSCP,$30.7,1440706245378,"8,106",Not yet rated,NULL,N/A
CHUY,$30.87,1440706245595,"176,580",50% bullish,of 2 ratings,$34
CIFC,$7.2,1440706245771,"3,368",100% bearish,of 1 rating,N/A
CDTX,$14.44,1440706245837,"15,571",Not yet rated,NULL,$22
CIDM,$0.5601,1440706245858,"142,989",50% bullish,of 2 ratings,$2.10
CMCT,$15.82,1440706245888,544,100% bearish,of 1 rating,N/A
CHDN,$133.53,1440706245910,"33,844",Not yet rated,NULL,$165
CINF,$53.18,1440706245945,"613,471",50% bullish,of 4 ratings,$50.50
CMPR,$70.12,1440706245967,"274,175",50% bullish,of 2 ratings,$72.50
CTAS,$85.5,1440706246148,"395,066",100% bearish,of 1 rating,$91
CSCO,$26.18,1440706246279,"24,261,981",84% bullish,of 209 ratings,$32
CPHR,$5.57,1440706246445,"7,861",100% bearish,of 1 rating,$17
CTRN,$26.75,1440706246476,"65,998",100% bearish,of 1 rating,$31.50
CZWI,$8.95,1440706246524,218,Not yet rated,NULL,N/A
CRUS,$30.13,1440706246579,"1,079,201",75% bullish,of 12 ratings,$44.50
CZFC,$12.68,1440706246604,900,Not yet rated,NULL,N/A
CIZN,$19.47,1440706246636,372,Not yet rated,NULL,N/A
CZNC,$19.76,1440706246663,"13,815",Not yet rated,NULL,N/A
CTXS,$69.59,1440706246733,"1,207,596",86% bullish,of 7 ratings,$80
CHCO,$47.26,1440706246824,"49,222",Not yet rated,NULL,$46
CIVBP,NULL,1440706246915,0,Not yet rated,NULL,N/A
CIVB,$10.155,1440706246945,"2,338",Not yet rated,NULL,$11
CLNE,$4.9,1440706247044,"1,265,938",80% bullish,of 15 ratings,$9
CDTI,$1.59,1440706247070,"127,149",75% bullish,of 4 ratings,$3.20
CLNT,$1.36,1440706247204,"13,661",75% bullish,of 8 ratings,N/A
CLFD,$16.81,1440706247263,"39,253",67% bullish,of 3 ratings,$18
CLIR,$4.45,1440706247293,"72,795",100% bullish,of 3 ratings,N/A
CBLI,$3.75,1440706247334,"17,413",60% bullish,of 5 ratings,N/A
CLRO,$11.46,1440706247389,"6,625",50% bullish,of 2 ratings,$14.25
CSBK,$13.62,1440706247466,"74,805",Not yet rated,NULL,N/A
CLVS,$76.08,1440706247718,"360,496",60% bullish,of 5 ratings,$101.50
CMFN,$11.72,1440706247910,"45,047",100% bearish,of 1 rating,$15.50
CCNE,$16.7,1440706247968,"10,188",50% bullish,of 2 ratings,$21.50
CNV,$4.42,1440706247999,"60,373",50% bullish,of 2 ratings,$7.15
CME,$93.77,1440706248068,"1,131,843",67% bullish,of 3 ratings,$102
CISG,$7.79,1440706248094,"64,104",100% bullish,of 5 ratings,$10
CWAY,$11.19,1440706248127,"3,752",Not yet rated,NULL,N/A
COBZ,$12.79,1440706248290,"49,095",100% bullish,of 1 rating,$14
COKE,$155.37,1440706248323,"20,723",79% bullish,of 19 ratings,N/A
JVA,$4.64,1440706248424,"17,538",83% bullish,of 6 ratings,$7
CDXS,$3.61,1440706248456,"27,892",64% bullish,of 11 ratings,$6
CDRB,$12.88,1440706248477,"5,871",67% bullish,of 3 ratings,N/A
CCOI,$27.35,1440706248615,"490,147",50% bullish,of 4 ratings,$35
CGNT,$1.5,1440706248640,"24,027",100% bullish,of 2 ratings,$2
CGNX,$35.11,1440706248676,"524,585",50% bullish,of 2 ratings,$47
CVLY,$20.53,1440706248702,"1,027",Not yet rated,NULL,N/A
CTSH,$63.8,1440706248833,"2,789,709",90% bullish,of 10 ratings,$75
COHR,$56.98,1440706248934,"82,491",50% bullish,of 2 ratings,$72
CHRS,$28.54,1440706249004,"155,375",67% bearish,of 3 ratings,$37
COHU,$9.43,1440706249065,"97,302",100% bearish,of 1 rating,$14.25
COLL,$15.27,1440706249093,"37,295",100% bearish,of 1 rating,$26
CIGI,$43.21,1440706249121,"5,801",100% bearish,of 1 rating,$52
CLRX,$0.554,1440706249142,"38,505",50% bullish,of 2 ratings,N/A
CLCT,$18.5,1440706249305,"18,081",100% bearish,of 1 rating,N/A
CBAN,$9,1440706249344,"1,100",Not yet rated,NULL,N/A
CLCD,$6.35,1440706249384,"26,214",100% bearish,of 1 rating,$20.50
COLM,$61.65,1440706249446,"93,666",100% bearish,of 1 rating,$71
COLB,$30.05,1440706249518,"213,638",Not yet rated,NULL,$36
CMCO,$18.38,1440706249545,"64,433",60% bullish,of 5 ratings,$28
CMCSA,$56.7,1440706249704,"9,402,444",66% bullish,of 35 ratings,$69.50
CBSHP,$25.48,1440706249813,722,100% bearish,of 1 rating,N/A
CUBN,NULL,1440706249839,0,Not yet rated,NULL,N/A
CBSH,$44.7,1440706249900,"227,293",50% bullish,of 2 ratings,$46
CMCSK,$57.37,1440706249927,"2,492,262",Not yet rated,NULL,$84
CVGI,$4.88,1440706249948,"66,431",50% bullish,of 2 ratings,$6
CBMX,$1.09,1440706250004,"10,537",83% bullish,of 6 ratings,$3.15
COMM,$30.73,1440706250095,"883,619",67% bearish,of 3 ratings,$35
CSAL,$20.67,1440706250179,"365,769",75% bullish,of 4 ratings,$30
JCS,$9.08,1440706250226,205,67% bullish,of 3 ratings,N/A
CYHHZ,$0.01,1440706250405,"28,172",100% bullish,of 1 rating,N/A
CTBI,$34.61,1440706250435,"29,397",Not yet rated,NULL,$36
ESXB,$5.1,1440706250456,"1,421",Not yet rated,NULL,N/A
CWBC,$6.79,1440706250494,"5,104",Not yet rated,NULL,N/A
CVLT,$35.99,1440706250537,"417,592",75% bullish,of 4 ratings,$44.50
COB,$10.31,1440706250641,"14,617",100% bullish,of 1 rating,$11.75
CIZ,$33.47,1440706250669,"4,278",100% bearish,of 1 rating,N/A
CIL,$33.87,1440706250695,900,Not yet rated,NULL,N/A
CID,$33.74,1440706250826,300,Not yet rated,NULL,N/A
CSA,NULL,1440706250886,0,Not yet rated,NULL,N/A
CDC,$34.8,1440706250914,"15,134",Not yet rated,NULL,N/A
CSF,$36.21,1440706250934,"4,205",100% bearish,of 1 rating,N/A
CFO,$35.3,1440706251069,"14,239",100% bearish,of 1 rating,N/A
CFA,$35.71,1440706251138,"15,307",100% bearish,of 1 rating,N/A
CDL,NULL,1440706251198,0,Not yet rated,NULL,N/A
CSB,NULL,1440706251223,0,Not yet rated,NULL,N/A
CGEN,$4.88,1440706251306,"86,381",50% bullish,of 2 ratings,$11
CTG,$6.74,1440706251364,"38,772",100% bearish,of 1 rating,$8.50
CPSI,$45.23,1440706251391,"55,379",100% bearish,of 1 rating,$45.50
SCOR,$53.74,1440706251569,"239,234",100% bearish,of 1 rating,$66
CHCI,$0.7201,1440706251631,"6,679",50% bullish,of 2 ratings,N/A
CMTL,$25.29,1440706251661,"86,183",100% bearish,of 2 ratings,$37
CNAT,$3.68,1440706251695,"74,456",83% bullish,of 6 ratings,$13
CNSI,$18.73,1440706251722,"71,624",100% bearish,of 2 ratings,$29
CNCE,$15.59,1440706251761,"137,878",75% bullish,of 4 ratings,$22
CXRX,$72.8,1440706251788,"3,800",100% bearish,of 1 rating,$90
CDOR,$1.32,1440706251970,"2,790",100% bullish,of 1 rating,N/A
CCUR,$4.68,1440706251997,"39,097",75% bullish,of 4 ratings,N/A
CDORO,$17,1440706252132,324,100% bearish,of 1 rating,N/A
CFMS,$19.24,1440706252184,"162,463",Not yet rated,NULL,$27
CDORP,NULL,1440706252209,0,100% bearish,of 1 rating,N/A
CNMD,$53.23,1440706252343,"123,738",Not yet rated,NULL,$59
CNFR,$10.49,1440706252373,"1,724",Not yet rated,NULL,N/A
CNOB,$19.52,1440706252435,"63,803",100% bullish,of 1 rating,$23.50
CTWS,$34.5,1440706252472,"23,526",100% bearish,of 1 rating,$44
CNXR,$6.61,1440706252500,"260,883",100% bearish,of 1 rating,$12
CNSL,$19.37,1440706252567,"234,235",100% bearish,of 1 rating,$23
CONN,$29.98,1440706252596,"370,146",67% bullish,of 3 ratings,$48.50
CTCT,$24.4,1440706253059,"166,660",67% bullish,of 3 ratings,$37
CWCO,$10.39,1440706253191,"65,578",67% bullish,of 3 ratings,$14.50
CPSS,$5.73,1440706253239,"48,202",100% bullish,of 1 rating,$10
CFRX,$5.02,1440706253405,"16,064",Not yet rated,NULL,$14
CFRXW,$1.74,1440706253432,"1,829",100% bearish,of 1 rating,N/A
CFRXZ,$0.5,1440706253453,"9,700",Not yet rated,NULL,N/A
CPRT,$34.72,1440706253583,"263,646",67% bearish,of 3 ratings,$40
CTRL,$8.19,1440706253613,"129,611",50% bullish,of 2 ratings,$11
CTRV,$3.77,1440706253635,"5,545",Not yet rated,NULL,$6.40
CRBP,$1.93,1440706253656,"328,772",100% bullish,of 2 ratings,$6.25
CORT,$5.07,1440706253677,"278,500",67% bullish,of 3 ratings,$12
BVA,NULL,1440706253807,0,50% bullish,of 2 ratings,N/A
CORI,$10.72,1440706253835,"59,544",100% bearish,of 1 rating,$18
CORE,$59.24,1440706253856,"123,578",100% bearish,of 1 rating,$72
CRVL,$31.24,1440706254055,"29,198",100% bearish,of 1 rating,N/A
CSOD,$36.02,1440706254082,"724,406",50% bullish,of 2 ratings,$42
COSI,$1.2,1440706254259,"141,913",100% bullish,of 1 rating,N/A
COST,$140.21,1440706254289,"1,605,512",79% bullish,of 24 ratings,$154.50
CSGP,$179.41,1440706254310,"87,529",50% bullish,of 2 ratings,$235
CPAH,$0.47,1440706254344,"4,029",50% bullish,of 2 ratings,N/A
ICBK,$18.54,1440706254365,500,Not yet rated,NULL,$21
CVTI,$23.34,1440706254443,"96,506",67% bearish,of 3 ratings,$39
COVS,$2.61,1440706254547,"107,167",67% bullish,of 3 ratings,N/A
COWNL,NULL,1440706254639,0,Not yet rated,NULL,N/A
CPSH,$2.24,1440706254676,"2,300",Not yet rated,NULL,N/A
CRAI,$21.45,1440706254739,"35,570",100% bearish,of 1 rating,$36
COWN,$5.09,1440706254767,"1,393,438",75% bullish,of 4 ratings,$7
BREW,$7.56,1440706254798,"29,469",67% bullish,of 6 ratings,$15
CBRL,$146.34,1440706254824,"202,635",50% bullish,of 2 ratings,$155
CRAY,$20.39,1440706254896,"276,137",83% bullish,of 6 ratings,$38.50
GLDI,$10.95,1440706255107,"12,167",100% bearish,of 1 rating,N/A
CACC,$197.87,1440706255132,"67,811",50% bullish,of 2 ratings,$158.50
SLVO,$9.95,1440706255160,"15,623",100% bearish,of 1 rating,N/A
CREE,$26.93,1440706255203,"888,336",65% bullish,of 17 ratings,$29.50
CRESY,$10.38,1440706255227,"29,451",100% bearish,of 1 rating,$19
CROX,$14.15,1440706255297,"976,220",63% bullish,of 8 ratings,$16.50
CRTO,$43.6,1440706255398,"251,103",67% bullish,of 6 ratings,$64
CCRN,$13.93,1440706255475,"183,186",100% bearish,of 1 rating,$14.25
CRDS,$1,1440706255530,"70,940",75% bullish,of 4 ratings,$4.50
CRWN,$4.45,1440706255578,"59,033",75% bullish,of 4 ratings,N/A
CRWS,$8.1,1440706255608,"7,063",Not yet rated,NULL,$10
CYRXW,$0.869,1440706255740,"2,900",Not yet rated,NULL,N/A
CYRX,$2.87,1440706255766,"19,771",Not yet rated,NULL,$9
CSGS,$30.46,1440706255787,"155,689",Not yet rated,NULL,$40
CCLP,$14.25,1440706255925,"61,950",67% bearish,of 3 ratings,$20
CSPI,$5.74,1440706255985,"16,462",67% bullish,of 3 ratings,N/A
CTCM,$1.75,1440706256129,"219,058",80% bearish,of 5 ratings,$3.90
CUNB,$21.07,1440706256164,"18,215",Not yet rated,NULL,$24.50
CTIC,$1.57,1440706256234,"1,085,653",84% bullish,of 76 ratings,$5.75
CTIB,$3.55,1440706256263,"3,399",100% bearish,of 1 rating,N/A
CTRP,$69.96,1440706256294,"1,848,135",75% bullish,of 8 ratings,$92
CPIX,$6.01,1440706256327,"3,300",Not yet rated,NULL,N/A
CUI,$4.92,1440706256364,"13,678",50% bullish,of 2 ratings,$10
CMLS,$1.45,1440706256426,"324,957",50% bullish,of 4 ratings,$6
CRIS,$2.47,1440706256526,"377,642",100% bullish,of 8 ratings,$6
CVBF,$16,1440706256778,"433,397",Not yet rated,NULL,$18
CUTR,$14.33,1440706256812,"57,021",67% bearish,of 3 ratings,$18
CVV,$10.79,1440706256843,"4,524",100% bullish,of 5 ratings,N/A
CYBR,$50.68,1440706256909,"1,083,817",75% bullish,of 8 ratings,$66
CYAN,$7.5,1440706256939,"8,402",100% bearish,of 1 rating,N/A
CYBE,$6.2,1440706256965,"17,455",100% bearish,of 1 rating,N/A
CYBX,$66.77,1440706257042,"281,811",50% bullish,of 4 ratings,$71.50
CYCC,$0.5201,1440706257115,"20,047",73% bullish,of 11 ratings,N/A
CYCCP,NULL,1440706257254,0,100% bearish,of 1 rating,N/A
CBAY,$2.56,1440706257286,"35,570",100% bullish,of 1 rating,$4
CYNO,$31.41,1440706257307,"321,962",67% bearish,of 3 ratings,$45.50
CY,$9.88,1440706257337,"4,157,331",80% bullish,of 10 ratings,$15.50
CYNA,$16.15,1440706257389,"17,169",100% bullish,of 1 rating,$31.50
CYRN,$1.72,1440706257474,"24,475",67% bullish,of 3 ratings,$4
CONE,$32.18,1440706257677,"362,022",67% bearish,of 3 ratings,$35.50
CYTK,$6.78,1440706257708,"132,364",71% bullish,of 14 ratings,$13.50
CYTX,$0.2993,1440706257734,"2,094,365",83% bullish,of 12 ratings,$5.50
CYTR,$2.29,1440706257755,"436,372",67% bullish,of 6 ratings,$10
CTSO,$6.34,1440706257783,"38,386",Not yet rated,NULL,$15.625
DAEG,$0.36,1440706257810,696,100% bearish,of 1 rating,N/A
TVIX,$12.3,1440706257942,"16,178,401",81% bullish,of 16 ratings,N/A
TVIZ,$18.1,1440706258326,"7,542",100% bearish,of 1 rating,N/A
ZIV,$41.81,1440706258410,"247,971",Not yet rated,NULL,N/A
XIV,$28.26,1440706258457,"25,704,482",75% bearish,of 4 ratings,N/A
DAIO,$2.58,1440706258642,"1,277",Not yet rated,NULL,N/A
DJCO,$194.69,1440706258672,974,Not yet rated,NULL,N/A
DARA,$0.8401,1440706258693,"51,090",83% bullish,of 6 ratings,$1.50
DTLK,$5.76,1440706258780,"65,066",100% bearish,of 1 rating,$9
DAKT,$8.51,1440706258881,"463,152",50% bullish,of 2 ratings,$14
DRAM,$1.22,1440706258921,"29,128",78% bullish,of 9 ratings,N/A
DWCH,$5.1,1440706258954,"33,104",75% bullish,of 4 ratings,$8.25
PLAY,$35,1440706258983,"349,384",100% bullish,of 5 ratings,$42
DTEA,$12.72,1440706259058,"36,649",100% bearish,of 2 ratings,$24
DWSN,$4.25,1440706259118,"32,519",67% bullish,of 3 ratings,N/A
DHRM,$1.5,1440706259262,"25,021",Not yet rated,NULL,N/A
DBVT,$41.33,1440706259287,"133,858",100% bearish,of 1 rating,$53
TRAK,$62.89,1440706259419,"325,171",50% bullish,of 2 ratings,$62.50
TACOW,$4.03,1440706259466,"16,422",100% bullish,of 1 rating,N/A
TACO,$13.11,1440706259494,"111,448",75% bullish,of 4 ratings,$20
DFRG,$14.49,1440706259515,"92,216",100% bearish,of 1 rating,$20
DCTH,$0.41,1440706259756,"115,579",78% bullish,of 9 ratings,N/A
DELT,$2.68,1440706259792,"4,200",Not yet rated,NULL,N/A
DELTW,NULL,1440706259812,0,Not yet rated,NULL,N/A
DGAS,$20.16,1440706259835,"11,092",67% bearish,of 3 ratings,N/A
XRAY,$53.26,1440706259876,"481,403",100% bullish,of 1 rating,$58
DSCI,$5.91,1440706259897,"54,893",50% bullish,of 2 ratings,$16
DENN,$11.48,1440706259931,"591,504",100% bullish,of 3 ratings,$15
DEPO,$28.8,1440706259967,"586,292",60% bullish,of 5 ratings,$29
DERM,$26.33,1440706260238,"84,858",100% bearish,of 1 rating,$33.50
DEST,$11.33,1440706260267,"93,099",50% bullish,of 2 ratings,N/A
DXLG,$5.31,1440706260289,"212,335",100% bearish,of 1 rating,$8
DXM,$0.2418,1440706260420,"295,232",50% bullish,of 2 ratings,N/A
DSWL,$1.73,1440706260450,660,100% bullish,of 1 rating,N/A
DXCM,$93.74,1440706260477,"652,359",57% bullish,of 7 ratings,$98
DHXM,NULL,1440706260501,0,Not yet rated,NULL,N/A
DMND,$28.99,1440706260557,"312,584",75% bullish,of 12 ratings,$32
DHIL,$193.7,1440706260694,"5,785",Not yet rated,NULL,N/A
FANG,$65.7,1440706260716,"796,011",50% bullish,of 2 ratings,$86.50
DRNA,$10.24,1440706260796,"59,289",67% bearish,of 3 ratings,$25
DCIX,$1.65,1440706260859,"99,048",50% bullish,of 4 ratings,$3.50
DGII,$9.87,1440706260886,"116,686",100% bearish,of 1 rating,$10
DRAD,$3.67,1440706261141,"18,312",100% bullish,of 1 rating,$5.25
DCOM,$16.83,1440706261169,"154,558",100% bearish,of 2 ratings,$16.50
DGLY,$8.11,1440706261198,"196,714",50% bullish,of 6 ratings,$20
DMRC,$34.92,1440706261224,"36,687",100% bearish,of 1 rating,$44
DIOD,$20.09,1440706261256,"135,413",75% bearish,of 4 ratings,$24
DPRX,$13.18,1440706261352,"7,027",100% bullish,of 2 ratings,$27.75
APPS,$2.35,1440706261377,"100,383",100% bearish,of 1 rating,$10.25
DISCA,$26.76,1440706261557,"1,817,517",67% bullish,of 3 ratings,$34
DSCO,$0.3725,1440706261663,"241,035",83% bullish,of 6 ratings,$2.75
DISCB,$27.0801,1440706261691,200,100% bearish,of 1 rating,$35
DISCK,$25.32,1440706261716,"1,425,648",100% bearish,of 1 rating,$32
DVCR,$10.8,1440706261746,"4,724",100% bullish,of 1 rating,N/A
DISH,$59.13,1440706261846,"1,244,735",69% bullish,of 13 ratings,$73
BAGR,$2.79,1440706261943,"26,491",100% bearish,of 1 rating,$6
DNBF,$26.3,1440706261971,300,Not yet rated,NULL,$27.50
DLHC,$2.47,1440706262041,"2,234",100% bearish,of 1 rating,N/A
DLTR,$76.79,1440706262130,"3,372,682",82% bullish,of 11 ratings,$88
DGICA,$14.43,1440706262158,"12,987",100% bearish,of 1 rating,$17
DGICB,NULL,1440706262287,0,100% bearish,of 1 rating,N/A
DMLP,$14.45,1440706262314,"40,853",100% bearish,of 1 rating,N/A
DORM,$50.81,1440706262447,"114,757",100% bearish,of 1 rating,$56
HILL,$9.67,1440706262468,"845,350",60% bearish,of 5 ratings,$9.75
DRWI,$0.22,1440706262502,"89,926",60% bullish,of 5 ratings,$.45
DWA,$20.32,1440706262551,"765,679",63% bullish,of 8 ratings,$26
DRWIW,$0.049,1440706262596,800,Not yet rated,NULL,N/A
DRYS,$0.45,1440706262633,"5,935,696",77% bullish,of 31 ratings,$.60
DSPG,$8.61,1440706262742,"86,919",100% bearish,of 1 rating,$13.50
DSKX,$3.05,1440706262818,"123,297",100% bullish,of 1 rating,N/A
CADT,NULL,1440706262874,0,Not yet rated,NULL,N/A
CADTU,NULL,1440706262920,0,Not yet rated,NULL,N/A
CADTR,$0.2,1440706263007,"10,800",Not yet rated,NULL,N/A
CADTW,NULL,1440706263049,0,Not yet rated,NULL,N/A
DNKN,$51.53,1440706263136,"689,777",67% bullish,of 15 ratings,$56.50
DRRX,$2.02,1440706263224,"169,381",50% bullish,of 6 ratings,$3
DTSI,$26.59,1440706263270,"65,651",100% bearish,of 2 ratings,$39.50
BOOM,$9.71,1440706263402,"80,692",67% bullish,of 3 ratings,$12
DXPE,$26.32,1440706263457,"343,373",50% bullish,of 2 ratings,N/A
DYAX,$23.86,1440706263482,"714,299",89% bullish,of 9 ratings,$30
DYSL,$1.47,1440706263703,"59,325",100% bullish,of 2 ratings,N/A
DVAX,$28.45,1440706263896,"310,401",70% bullish,of 10 ratings,$40
EGBN,$41.94,1440706263942,"126,265",Not yet rated,NULL,$48
ETFC,$26.59,1440706263969,"3,166,543",57% bullish,of 14 ratings,$32.50
DYNT,$3,1440706263990,"11,447",75% bullish,of 4 ratings,N/A
EBMT,$11.5,1440706264126,"2,802",Not yet rated,NULL,$13.50
EGLE,$6.69,1440706264147,"19,237",60% bullish,of 5 ratings,N/A
EGRX,$80.99,1440706264230,"269,634",67% bullish,of 3 ratings,$97
ELNK,$8.41,1440706264276,"525,244",60% bullish,of 5 ratings,$9.50
EWBC,$40.15,1440706264363,"773,998",100% bearish,of 1 rating,$50
EROC,$1.39,1440706264397,"387,059",50% bullish,of 2 ratings,$3
EACQU,NULL,1440706264424,0,Not yet rated,NULL,N/A
EML,$16.57,1440706264491,"2,222",Not yet rated,NULL,N/A
EBIX,$28.08,1440706264591,"277,140",69% bullish,of 13 ratings,$40
EBAY,$27.1,1440706264616,"9,996,541",81% bullish,of 117 ratings,$48
EVBS,$6.545,1440706264641,"1,300",Not yet rated,NULL,$7
ELON,$0.5401,1440706264931,"46,429",50% bullish,of 2 ratings,N/A
ESES,$3.41,1440706264993,"1,800",100% bearish,of 1 rating,$7
ECHO,$23.19,1440706265024,"536,826",67% bearish,of 3 ratings,$35.50
SATS,$44.62,1440706265045,"60,711",50% bullish,of 2 ratings,$60
ECACU,$10.06,1440706265065,200,Not yet rated,NULL,N/A
EEI,$10.96,1440706265102,"11,246",67% bearish,of 3 ratings,N/A
ECTE,$1.53,1440706265123,"1,734",75% bullish,of 4 ratings,N/A
EDAP,$3.59,1440706265257,"117,651",60% bullish,of 5 ratings,$4.50
EDUC,$5.24,1440706265327,"9,180",100% bearish,of 1 rating,N/A
EDGW,$6.99,1440706265395,"9,580",100% bearish,of 1 rating,N/A
EFUT,$4.32,1440706265455,"3,197",Not yet rated,NULL,N/A
EGLT,$10.4,1440706265481,"25,593",50% bullish,of 2 ratings,$21
EGAN,$3.5,1440706265538,"1,093,761",50% bullish,of 2 ratings,$6.25
EHTH,$14.09,1440706265729,"90,097",50% bullish,of 4 ratings,$16.50
EMITF,$1.25,1440706265824,"11,794",75% bullish,of 4 ratings,N/A
ERI,$9.5,1440706265855,"98,953",100% bearish,of 1 rating,$10
LOCO,$12.62,1440706265883,"675,822",69% bullish,of 13 ratings,$20
ELRC,$10.42,1440706265908,"32,024",100% bearish,of 1 rating,N/A
EA,$67.14,1440706265955,"1,830,231",77% bullish,of 35 ratings,$80
ESIO,$4.39,1440706266041,"86,754",50% bullish,of 2 ratings,$10
EFII,$44.04,1440706266095,"230,329",80% bullish,of 5 ratings,$55
ESLT,$77.06,1440706266134,"5,613",67% bullish,of 3 ratings,N/A
ELSE,$4.01,1440706266228,"2,647",60% bullish,of 5 ratings,N/A
ELEC,NULL,1440706266352,0,Not yet rated,NULL,N/A
ELECU,NULL,1440706266378,0,Not yet rated,NULL,N/A
EBIO,$3.63,1440706266511,"450,270",100% bearish,of 2 ratings,$8.35
CAPX,$22.83,1440706266583,"6,100",Not yet rated,NULL,N/A
ESBK,$19.79,1440706266641,600,Not yet rated,NULL,N/A
RDEN,$10.58,1440706266667,"57,875",100% bearish,of 4 ratings,$15
ELECW,NULL,1440706266737,0,Not yet rated,NULL,N/A
ELTK,$1.24,1440706266767,"93,989",67% bearish,of 3 ratings,N/A
EMCI,$22.95,1440706266872,"22,722",Not yet rated,NULL,N/A
EMKR,$6.87,1440706267022,"88,360",75% bullish,of 4 ratings,$8.50
LONG,$17,1440706267049,"40,213",67% bullish,of 3 ratings,$15.75
EMMS,$1.13,1440706267074,"49,767",83% bullish,of 6 ratings,N/A
EMCF,$23.2999,1440706267099,300,100% bearish,of 1 rating,N/A
EMMSP,NULL,1440706267124,0,100% bearish,of 1 rating,N/A
NYNY,$4.25,1440706267255,"29,146",50% bullish,of 2 ratings,N/A
ENDP,$79,1440706267482,"951,975",50% bullish,of 6 ratings,$104
ECPG,$39.26,1440706267514,"147,194",100% bullish,of 2 ratings,$52
ENTA,$42.03,1440706267539,"150,459",50% bullish,of 2 ratings,$42
ERS,$2.77,1440706267615,"2,500",Not yet rated,NULL,N/A
WIRE,$31.2,1440706267747,"96,397",100% bearish,of 1 rating,$37
ECYT,$5.19,1440706267773,"153,096",83% bullish,of 6 ratings,$12
ELGX,$12.96,1440706267903,"425,007",75% bullish,of 4 ratings,$17
EIGI,$15.51,1440706267931,"303,479",67% bearish,of 3 ratings,$22.50
WATT,$6.5,1440706267958,"97,236",50% bullish,of 2 ratings,$13
EFOI,$19.57,1440706268179,"1,467,290",50% bullish,of 2 ratings,$20.50
ENOC,$8.33,1440706268228,"277,399",75% bullish,of 4 ratings,$18
EXXI,$1.71,1440706268259,"2,070,214",86% bullish,of 7 ratings,$3.50
ERII,$2.68,1440706268280,"30,825",80% bullish,of 5 ratings,$2.50
ENG,$1.02,1440706268359,"20,370",100% bullish,of 3 ratings,N/A
ESGR,$145.85,1440706268411,"38,382",100% bearish,of 1 rating,$185
ENPH,$4.63,1440706268438,"438,846",75% bullish,of 4 ratings,$11
ENTG,$13.68,1440706268499,"512,025",100% bearish,of 1 rating,$18
ETRM,$0.2698,1440706268640,"857,019",69% bearish,of 35 ratings,$1.625
ENTL,$21.99,1440706268671,"13,238",Not yet rated,NULL,$28
ENFC,$17.91,1440706268697,"1,604",Not yet rated,NULL,N/A
EBTC,$21.92,1440706268835,"5,982",Not yet rated,NULL,N/A
EFSC,$23.6,1440706268936,"47,052",Not yet rated,NULL,$27
ENVI,$1.84,1440706268961,"47,860",67% bullish,of 3 ratings,N/A
ENZN,$1.06,1440706268992,"515,108",100% bullish,of 9 ratings,N/A
EGT,$2.24,1440706269018,906,100% bullish,of 1 rating,N/A
EPZM,$17.5,1440706269166,"279,058",60% bullish,of 5 ratings,$34
ENZY,$9.14,1440706269246,"5,779",67% bullish,of 3 ratings,$9.50
EPRS,$4.95,1440706269278,"64,371",82% bullish,of 11 ratings,$15
EPIQ,$13.02,1440706269313,"75,757",100% bearish,of 1 rating,$18
PLUS,$75.08,1440706269405,"68,993",50% bullish,of 2 ratings,$88
EQIX,$266.14,1440706269435,"341,678",75% bullish,of 4 ratings,$312.50
EAC,$3.31,1440706269505,"9,623",100% bearish,of 1 rating,$8
EQFN,$8.03,1440706269529,300,100% bearish,of 1 rating,N/A
ERIC,$9.9,1440706269749,"1,217,394",67% bullish,of 9 ratings,$12.20
ERIE,$82.66,1440706269803,"13,384",Not yet rated,NULL,$73
ESCR,$0.14,1440706269829,"277,450",50% bullish,of 2 ratings,N/A
ESCA,$17.25,1440706269858,"9,890",100% bearish,of 1 rating,$22
ESCRP,$1.4,1440706269889,"3,300",100% bearish,of 1 rating,N/A
ESMC,$1.3,1440706269914,"2,806",Not yet rated,NULL,N/A
ESSA,$12.83,1440706269988,752,100% bearish,of 1 rating,N/A
ESPR,$52.01,1440706270079,"491,329",70% bearish,of 10 ratings,$123
EPIX,NULL,1440706270287,0,Not yet rated,NULL,N/A
ESSX,$0.36,1440706270315,"175,521",50% bullish,of 2 ratings,N/A
ESND,$34.06,1440706270344,"82,878",100% bearish,of 2 ratings,$40
ETSY,$14.25,1440706270389,"539,468",80% bullish,of 5 ratings,$16
CLWT,$2.5401,1440706270447,300,100% bullish,of 1 rating,N/A
EEFT,$65.44,1440706270518,"215,922",100% bearish,of 1 rating,$67.50
EVEP,$8.08,1440706270592,"327,492",50% bullish,of 2 ratings,$15
ESEA,$5.41,1440706270724,"2,269",100% bullish,of 1 rating,$15
EVK,$3.75,1440706270755,300,75% bearish,of 4 ratings,N/A
EVLV,$2.63,1440706270783,"190,896",60% bullish,of 5 ratings,$6
EVOK,$3.9,1440706270816,"23,087",100% bearish,of 1 rating,$13.375
EXA,$11.1,1440706270857,"5,302",100% bearish,of 1 rating,$13
EXAS,$22.17,1440706270918,"836,374",78% bullish,of 9 ratings,$31
EVOL,$6.06,1440706270987,"4,725",75% bullish,of 4 ratings,$10
EXAC,$18.27,1440706271177,"76,447",100% bearish,of 1 rating,$22.50
EXFO,$2.95,1440706271263,"20,652",67% bearish,of 3 ratings,$3.95
EXEL,$6.08,1440706271289,"6,465,024",81% bullish,of 16 ratings,$6
EXLS,$37.17,1440706271444,"266,014",50% bullish,of 2 ratings,$41
ESRX,$85.2,1440706271495,"2,392,558",67% bearish,of 6 ratings,$101
EXPD,$49.92,1440706271520,"1,171,599",80% bullish,of 5 ratings,$52
EXPE,$117.45,1440706271547,"794,636",64% bullish,of 11 ratings,$130
EXPO,$42.35,1440706271576,"89,883",100% bearish,of 1 rating,$45.50
EYEG,$3.82,1440706271710,"9,151",Not yet rated,NULL,N/A
EXLP,$18.86,1440706271739,"140,868",100% bearish,of 1 rating,$25
EXTR,$2.75,1440706271784,"588,912",80% bullish,of 5 ratings,$3
EZCH,$21.92,1440706271925,"175,988",75% bullish,of 8 ratings,$19.50
EYEGW,$0.7,1440706271961,183,Not yet rated,NULL,N/A
FFIV,$122.84,1440706272056,"701,368",63% bullish,of 8 ratings,$132
EZPW,$5.75,1440706272082,"276,595",50% bullish,of 4 ratings,$7.50
FB,$89.68,1440706272161,"25,625,885",73% bullish,of 1068 ratings,$111
FRP,$15.87,1440706272304,"139,766",100% bearish,of 1 rating,$18
FCS,$13.77,1440706272328,"692,339",67% bearish,of 3 ratings,$17
FWM,$2.39,1440706272353,"120,746",100% bearish,of 2 ratings,$3.20
FALC,$1.7,1440706272382,"131,099",63% bearish,of 8 ratings,N/A
DAVE,$14.61,1440706272515,"5,025",100% bearish,of 1 rating,$15.50
FFKT,$25.61,1440706272540,"9,607",Not yet rated,NULL,$29
FARM,$21.65,1440706272822,"51,276",100% bearish,of 1 rating,$35
FATE,$6.67,1440706272979,"24,004",50% bullish,of 2 ratings,$11
FARO,$37.68,1440706273006,"53,898",50% bullish,of 2 ratings,$48
FMNB,$8.12,1440706273027,"11,575",Not yet rated,NULL,N/A
FAST,$38.98,1440706273048,"1,833,219",80% bullish,of 5 ratings,$45.50
FBRC,$21.84,1440706273182,"45,270",100% bearish,of 1 rating,$29
FBSS,NULL,1440706273235,0,Not yet rated,NULL,N/A
FNHC,$21.77,1440706273261,"43,677",100% bearish,of 1 rating,$35
FDML,$8.45,1440706273314,"247,791",50% bullish,of 4 ratings,$14
FHCO,$1.34,1440706273534,"6,688",50% bullish,of 4 ratings,N/A
FCSC,$5.59,1440706273592,"78,923",100% bearish,of 1 rating,$8.125
FGEN,$23.84,1440706273617,"163,200",100% bearish,of 1 rating,$39
ONEQ,$189.36,1440706273646,"29,089",100% bullish,of 1 rating,N/A
FEIC,$75.1,1440706273672,"282,949",50% bullish,of 2 ratings,$95.50
FENX,$9.52,1440706273700,"24,047",100% bullish,of 1 rating,$14.25
LION,$18.91,1440706273831,"79,183",100% bullish,of 1 rating,$20
FDUS,$14.55,1440706274046,"56,377",50% bullish,of 2 ratings,$18
FSCFL,$24.49,1440706274097,"11,281",Not yet rated,NULL,N/A
FITB,$19.94,1440706274191,"7,639,525",54% bullish,of 13 ratings,$22
FSAM,$8.24,1440706274216,"14,210",100% bearish,of 1 rating,$10.25
FITBI,$27.48,1440706274263,"20,120",Not yet rated,NULL,N/A
FRGI,$52.26,1440706274288,"135,685",50% bullish,of 2 ratings,$70
FSFR,$8.89,1440706274315,"70,592",100% bearish,of 1 rating,$11.50
FSC,$6.38,1440706274354,"697,378",60% bullish,of 5 ratings,$8
FNSR,$15.72,1440706274611,"663,997",71% bullish,of 7 ratings,$24.50
FNGN,$33.2,1440706274640,"279,491",67% bullish,of 3 ratings,$47
FNJN,$1.89,1440706274666,"63,434",100% bearish,of 1 rating,$5
FISI,$24.5,1440706274743,"74,209",100% bullish,of 2 ratings,$24.50
FNTCW,NULL,1440706274807,0,Not yet rated,NULL,N/A
FNTCU,NULL,1440706274835,0,Not yet rated,NULL,N/A
FNTC,$9.79,1440706274856,301,Not yet rated,NULL,N/A
FEYE,$39.09,1440706275100,"3,073,084",87% bullish,of 15 ratings,$55.50
FNLC,$18.57,1440706275167,"18,946",100% bullish,of 1 rating,N/A
FBNC,$17.03,1440706275196,"31,032",100% bullish,of 1 rating,$20
FRBA,$6.0773,1440706275271,"2,300",Not yet rated,NULL,$8
BUSE,$6.35,1440706275397,"57,482",Not yet rated,NULL,$6.875
FCAP,$26.54,1440706275422,"1,211",Not yet rated,NULL,N/A
FBIZ,$43.97,1440706275447,"12,953",100% bearish,of 2 ratings,$52
FCVA,$4.6201,1440706275581,"1,932",Not yet rated,NULL,N/A
FCLF,NULL,1440706275651,0,Not yet rated,NULL,N/A
FCFS,$39.68,1440706275680,"137,639",100% bearish,of 3 ratings,$48
FCBC,$17.45,1440706275701,"19,339",Not yet rated,NULL,$18
FCNCA,$236.17,1440706275730,"9,489",Not yet rated,NULL,N/A
FBNK,$16.96,1440706275906,"35,764",100% bearish,of 1 rating,$17.50
FCCO,$12.05,1440706275965,"5,208",Not yet rated,NULL,$13.25
FDEF,$37.71,1440706276007,"31,714",Not yet rated,NULL,$38
FCFP,$6.823,1440706276098,250,Not yet rated,NULL,N/A
FFNM,$6.18,1440706276138,"4,781",Not yet rated,NULL,N/A
FFBCW,NULL,1440706276162,0,100% bearish,of 1 rating,N/A
FFBC,$18.24,1440706276187,"176,491",67% bearish,of 3 ratings,$20.25
FFIN,$30.56,1440706276316,"173,959",50% bullish,of 2 ratings,$31.75
THFF,$32.99,1440706276384,"20,115",Not yet rated,NULL,$35
FFNW,$11.9,1440706276414,"14,021",Not yet rated,NULL,$14
FFWM,$21.44,1440706276510,"32,572",Not yet rated,NULL,$24
INBK,$29.54,1440706276541,"7,612",50% bullish,of 2 ratings,$37
FRME,$25.88,1440706276676,"149,606",Not yet rated,NULL,$26.50
FMBH,NULL,1440706276703,0,Not yet rated,NULL,N/A
FIBK,$26.3,1440706276729,"85,916",Not yet rated,NULL,$32
FMBI,$17.42,1440706276864,"316,329",Not yet rated,NULL,$20
FNBC,$34.21,1440706276962,"72,314",Not yet rated,NULL,$40
FSFG,NULL,1440706277053,0,Not yet rated,NULL,N/A
FNWB,$11.83,1440706277082,"4,056",Not yet rated,NULL,N/A
FSGI,$2.46,1440706277113,"3,291",Not yet rated,NULL,N/A
FNFG,$9.12,1440706277152,"2,192,186",80% bullish,of 5 ratings,$9
FSLR,$47.3978,1440706277209,"1,415,899",72% bullish,of 39 ratings,$65
FSBK,$7.8,1440706277256,"3,728",100% bullish,of 1 rating,N/A
BICK,$19.79,1440706277344,"10,041",100% bullish,of 1 rating,N/A
FBZ,NULL,1440706277446,0,Not yet rated,NULL,N/A
FCAN,$23.95,1440706277532,"3,251",Not yet rated,NULL,N/A
FTCS,$36.67,1440706277561,"20,446",100% bearish,of 1 rating,N/A
FCA,$19.8,1440706277729,"2,396",Not yet rated,NULL,N/A
IFV,$17.96,1440706278127,"662,340",100% bearish,of 1 rating,N/A
FTSM,$59.85,1440706278367,"15,925",100% bearish,of 1 rating,N/A
TDIV,$24.77,1440706278393,"101,037",100% bearish,of 1 rating,N/A
FEMB,NULL,1440706278418,0,Not yet rated,NULL,N/A
FEUZ,$31.452,1440706278448,318,Not yet rated,NULL,N/A
FV,$23.61,1440706278477,"4,286,368",100% bearish,of 1 rating,N/A
FGM,$35.91,1440706278547,"28,582",Not yet rated,NULL,N/A
FTHI,$19.37,1440706278574,"2,600",Not yet rated,NULL,N/A
MDIV,$19.19,1440706278604,"174,952",Not yet rated,NULL,N/A
FTGC,$22.19,1440706278812,"354,786",Not yet rated,NULL,N/A
HYLS,$49.66,1440706278875,"29,876",100% bearish,of 1 rating,N/A
YDIV,$16.46,1440706278943,"6,330",Not yet rated,NULL,N/A
FHK,$33.67,1440706278971,"24,642",Not yet rated,NULL,N/A
FPXI,$27.42,1440706278992,753,Not yet rated,NULL,N/A
SKYY,$29.08,1440706279020,"54,189",100% bullish,of 1 rating,N/A
CU,$12.73,1440706279304,"5,168",100% bearish,of 1 rating,N/A
LMBS,$50.15,1440706279380,647,Not yet rated,NULL,N/A
PLTM,$6.17,1440706279410,"19,478",100% bearish,of 1 rating,N/A
FTLB,$19.25,1440706279436,"1,967",100% bearish,of 1 rating,N/A
FJP,$47.67,1440706279464,"6,378",Not yet rated,NULL,N/A
QABA,$37.27,1440706279494,"16,757",100% bearish,of 1 rating,N/A
FMB,$51.2399,1440706279514,350,Not yet rated,NULL,N/A
CIBR,$17.99,1440706279674,"100,225",Not yet rated,NULL,N/A
FONE,$34.94,1440706279759,"2,037",Not yet rated,NULL,N/A
QCLN,$14.7,1440706279822,"19,033",Not yet rated,NULL,N/A
GRID,NULL,1440706279950,0,100% bearish,of 1 rating,N/A
CARZ,$34.78,1440706280021,"5,852",100% bearish,of 1 rating,N/A
RDVY,$21.26,1440706280083,"11,733",Not yet rated,NULL,N/A
QQEW,$42.04,1440706280115,"197,277",Not yet rated,NULL,N/A
QTEC,$40.25,1440706280215,"65,044",Not yet rated,NULL,N/A
QQXT,$40.78,1440706280269,"34,387",Not yet rated,NULL,N/A
QINC,$20.2205,1440706280375,220,Not yet rated,NULL,N/A
FTSL,$48.805,1440706280405,"42,889",100% bearish,of 1 rating,N/A
AIRR,$16.08,1440706280434,"19,080",100% bearish,of 1 rating,N/A
FDIV,$46.8,1440706280504,"6,891",100% bearish,of 1 rating,N/A
FKO,$23,1440706280533,247,Not yet rated,NULL,N/A
FSZ,$39.09,1440706280562,"7,201",Not yet rated,NULL,N/A
FTW,$31.905,1440706280694,100,Not yet rated,NULL,N/A
TUSA,$24.8499,1440706280887,"2,179",Not yet rated,NULL,N/A
FKU,$41.56,1440706280912,"10,514",Not yet rated,NULL,N/A
FMER,$17.7603,1440706281054,"1,232,782",50% bullish,of 2 ratings,$20
FISV,$85.961,1440706281105,"1,292,011",100% bearish,of 3 ratings,$90
FUNC,$8.14,1440706281126,502,Not yet rated,NULL,N/A
SVVC,$9.41,1440706281160,"14,327",50% bullish,of 2 ratings,$26
FSV,$31.39,1440706281181,"4,698",Not yet rated,NULL,$33.60
FPRX,$18.8213,1440706281269,"198,099",50% bullish,of 2 ratings,$35
FIVE,$37.6,1440706281318,"556,407",75% bearish,of 4 ratings,$44
FLKS,$12.16,1440706281475,"28,315",50% bullish,of 2 ratings,$27
FLXN,$24.71,1440706281509,"83,557",100% bearish,of 1 rating,$40
FIVN,$4.17,1440706281535,"133,801",100% bullish,of 1 rating,$8.50
FLML,$22.49,1440706281559,"211,176",50% bullish,of 2 ratings,$30
SKOR,NULL,1440706281872,0,Not yet rated,NULL,N/A
MBSD,$24.93,1440706281916,"1,404",Not yet rated,NULL,N/A
FLDM,$11.2231,1440706281964,"608,354",67% bearish,of 3 ratings,$15
FLEX,$10.5844,1440706281993,"2,006,835",63% bullish,of 8 ratings,$12
FLXS,$31.4,1440706282019,"14,584",100% bearish,of 2 ratings,N/A
FLIR,$28.61,1440706282040,"1,159,966",100% bearish,of 1 rating,$38.50
FFIC,$19.79,1440706282076,"64,200",Not yet rated,NULL,$21
FOGO,$18.31,1440706282098,"65,243",50% bullish,of 2 ratings,$25.50
FONR,$9.8,1440706282335,"11,271",100% bullish,of 1 rating,N/A
FOMX,$10.09,1440706282361,"106,587",50% bullish,of 2 ratings,$23.50
FORM,$6.34,1440706282422,"218,255",67% bullish,of 3 ratings,$10.50
FES,$0.95,1440706282487,"65,928",50% bullish,of 2 ratings,$1
FORTY,NULL,1440706282591,0,100% bearish,of 1 rating,N/A
FTNT,$42.7725,1440706282648,"955,463",80% bullish,of 10 ratings,$52
FORR,$32.13,1440706282746,"44,164",Not yet rated,NULL,N/A
FORD,$2.35,1440706283096,"8,183,668",67% bullish,of 3 ratings,N/A
FWP,$26.72,1440706283125,"32,491",100% bearish,of 1 rating,$45
FBIO,$2.66,1440706283228,"43,609",83% bullish,of 6 ratings,N/A
FWRD,$45.0624,1440706283257,"248,970",100% bearish,of 1 rating,$50
FOXF,$15.23,1440706283283,"35,293",100% bearish,of 1 rating,$19
FOSL,$60.4096,1440706283320,"644,615",60% bearish,of 5 ratings,$80
FXCB,$17.1,1440706283341,"33,846",Not yet rated,NULL,$19
FMI,$22.2703,1440706283418,"175,503",100% bearish,of 2 ratings,$27.50
FRAN,$11.1,1440706283552,"398,620",50% bullish,of 4 ratings,$15
FRED,$12.7,1440706283683,"364,882",50% bullish,of 2 ratings,$16.50
FREE,$0.365,1440706283708,"545,559",92% bullish,of 12 ratings,N/A
FELE,$28.3829,1440706283733,"221,198",50% bullish,of 4 ratings,$33
RAIL,$19.6984,1440706283893,"79,913",100% bearish,of 1 rating,$24.50
FRPT,$12.69,1440706283921,"413,291",67% bearish,of 3 ratings,$23.50
FEIM,$10.91,1440706283948,"4,411",100% bearish,of 1 rating,N/A
FTR,$4.9052,1440706283976,"15,770,440",78% bullish,of 27 ratings,$6.25
FTRPR,$98.45,1440706283998,"6,795",100% bearish,of 1 rating,N/A
FTD,$29.69,1440706284132,"68,717",100% bearish,of 1 rating,$40
FRPH,$31,1440706284158,"5,251",100% bearish,of 1 rating,N/A
FSBW,$23.0001,1440706284179,"1,537",Not yet rated,NULL,N/A
FTEK,$2.07,1440706284313,"44,398",75% bullish,of 4 ratings,N/A
FCEL,$0.74,1440706284340,"1,211,295",88% bullish,of 41 ratings,$2.65
FSYS,$6.53,1440706284361,"25,484",67% bullish,of 3 ratings,$10
FULLL,NULL,1440706284606,0,Not yet rated,NULL,N/A
FLL,$1.5,1440706284640,"9,037",75% bullish,of 4 ratings,$3.50
FSNN,$2.28,1440706284661,300,67% bullish,of 3 ratings,$6
FULT,$12.07,1440706284745,"670,333",100% bearish,of 1 rating,$13
FULL,$3.09,1440706284771,"159,576",67% bearish,of 3 ratings,$4.25
FFHL,$0.8545,1440706284852,"1,000",50% bullish,of 4 ratings,N/A
FXENP,NULL,1440706284879,0,100% bearish,of 1 rating,N/A
FXEN,$0.8484,1440706284908,"30,477",75% bullish,of 4 ratings,$1.10
GK,$67.5198,1440706285040,"61,451",Not yet rated,NULL,$78
WILC,$4.79,1440706285067,"2,355",100% bullish,of 2 ratings,N/A
GLPG,$61,1440706285127,"14,402",100% bullish,of 1 rating,$75
GALT,$1.86,1440706285209,"67,914",80% bullish,of 5 ratings,N/A
GAIA,$6.01,1440706285254,"18,310",50% bullish,of 2 ratings,$8.50
GALTU,NULL,1440706285299,0,100% bearish,of 1 rating,N/A
GALTW,NULL,1440706285386,0,100% bullish,of 1 rating,N/A
GALE,$1.49,1440706285518,"701,028",89% bullish,of 47 ratings,$4
GLMD,$8.97,1440706285546,"10,152",67% bullish,of 3 ratings,$20.50
GLPI,$31.4451,1440706285594,"468,017",100% bearish,of 1 rating,$37.50
GRMN,$37.966,1440706285675,"943,010",50% bullish,of 6 ratings,$46.50
GPIC,$9.62,1440706285700,812,100% bearish,of 1 rating,N/A
GGAC,$9.9,1440706285754,"22,030",100% bearish,of 1 rating,N/A
GGACU,$10.3,1440706285834,"13,700",Not yet rated,NULL,N/A
GGACR,$0.24,1440706285862,"419,354",100% bullish,of 1 rating,N/A
GGACW,$0.16,1440706285898,"426,090",Not yet rated,NULL,N/A
GARS,$14.23,1440706286106,"31,412",Not yet rated,NULL,$16
GENC,$9.39,1440706286136,805,100% bearish,of 1 rating,N/A
GNCMA,$17.0665,1440706286169,"222,571",100% bearish,of 1 rating,$12
GFNCP,$91.01,1440706286265,440,Not yet rated,NULL,N/A
GFNSL,$25.7499,1440706286290,"2,900",Not yet rated,NULL,N/A
GFN,$3.63,1440706286322,"7,868",100% bearish,of 2 ratings,$8
GENE,$2.12,1440706286421,"165,541",100% bullish,of 12 ratings,N/A
GNMK,$9.4454,1440706286516,"87,750",67% bullish,of 6 ratings,$14
GNCA,$12.3327,1440706286590,"98,914",100% bearish,of 1 rating,$20
GNVC,$2.48,1440706286646,"4,600",90% bullish,of 10 ratings,$8.50
GHDX,$26.2402,1440706286674,"123,409",50% bullish,of 2 ratings,$30
THRM,$44.92,1440706286695,"209,245",75% bearish,of 4 ratings,$55.50
GNTX,$15.3001,1440706286728,"2,011,177",Not yet rated,NULL,$20
GTWN,NULL,1440706286878,0,Not yet rated,NULL,N/A
GABC,$29.24,1440706286920,"15,443",Not yet rated,NULL,$31
GEOS,$15.262,1440706286946,"154,623",100% bearish,of 3 ratings,$21
GEVO,$2.35,1440706287006,"341,094",75% bullish,of 12 ratings,$5
GERN,$3.08,1440706287033,"1,275,575",88% bullish,of 16 ratings,$5.25
ROCK,$16.4499,1440706287186,"117,326",80% bullish,of 5 ratings,$24
GIGM,$0.55,1440706287258,"41,648",100% bullish,of 2 ratings,N/A
GIII,$68.51,1440706287394,"212,524",67% bullish,of 3 ratings,$75
GILT,$4.38,1440706287447,"8,627",50% bullish,of 2 ratings,N/A
GIGA,$1.43,1440706287474,"13,510",100% bearish,of 1 rating,N/A
GILD,$108.016,1440706287496,"9,187,384",91% bullish,of 87 ratings,$129
GBCI,$25.63,1440706287527,"325,798",50% bullish,of 2 ratings,$31
GLAD,$8.63,1440706287553,"250,192",50% bullish,of 2 ratings,$8.75
GLADO,$25.5899,1440706287716,"1,940",Not yet rated,NULL,N/A
GOOD,$14.52,1440706287790,"71,434",Not yet rated,NULL,$19
GOODO,$25.0601,1440706287850,"1,019",Not yet rated,NULL,N/A
GOODN,$25.33,1440706287876,900,Not yet rated,NULL,N/A
GOODP,$25.05,1440706287897,400,Not yet rated,NULL,N/A
GAIN,$7.35,1440706287926,"100,873",100% bullish,of 2 ratings,$8.25
GAINN,$25.1,1440706288407,"5,685",Not yet rated,NULL,N/A
GAINO,$25.33,1440706288440,600,Not yet rated,NULL,N/A
GBT,$42.2,1440706288506,"51,010",100% bearish,of 1 rating,N/A
GLBZ,NULL,1440706288575,0,Not yet rated,NULL,N/A
GDEF,NULL,1440706288597,0,Not yet rated,NULL,N/A
GAINP,$25.73,1440706288633,"2,129",Not yet rated,NULL,N/A
ENT,$11.4973,1440706288657,"172,579",100% bearish,of 1 rating,$18
LAND,$9.34,1440706288686,"33,889",50% bullish,of 2 ratings,$13.75
GPACU,$9.98,1440706288883,1,Not yet rated,NULL,N/A
GBLI,$26.57,1440706288959,"10,263",Not yet rated,NULL,N/A
GSOL,$7.91,1440706289101,"18,276",100% bearish,of 1 rating,N/A
ACTX,$13.18,1440706289122,"4,751",100% bullish,of 1 rating,N/A
SOCL,$17.63,1440706289201,"24,944",100% bullish,of 2 ratings,N/A
QQQC,$19.6,1440706289227,"6,807",100% bearish,of 1 rating,N/A
ALTY,$14.35,1440706289273,658,Not yet rated,NULL,N/A
SRET,$13.22,1440706289359,"4,201",Not yet rated,NULL,N/A
GAI,$5.8,1440706289396,48,50% bullish,of 2 ratings,N/A
YLCO,NULL,1440706289421,0,Not yet rated,NULL,N/A
GSM,$13.66,1440706289490,"440,857",50% bullish,of 2 ratings,$23
GBIM,$2.23,1440706289518,"19,521",50% bullish,of 2 ratings,N/A
GLBS,$0.98,1440706289655,"13,400",67% bullish,of 3 ratings,N/A
GLUU,$4.3377,1440706289758,"1,989,046",92% bullish,of 26 ratings,$9
GLRI,$0.92,1440706289801,"34,311",100% bearish,of 1 rating,$4.25
GLYC,$7.07,1440706289827,"5,025",50% bullish,of 2 ratings,$14
GLNG,$36.4,1440706290058,"788,930",83% bullish,of 6 ratings,$58
GOGO,$15.5,1440706290083,"491,513",80% bullish,of 5 ratings,$25
GMLP,$17.86,1440706290109,"309,345",50% bullish,of 4 ratings,$32.50
GOGL,$2.88,1440706290130,"359,625",75% bullish,of 4 ratings,$5
GBDC,$16.58,1440706290325,"122,872",Not yet rated,NULL,$17.75
GLDC,$4.15,1440706290356,510,50% bullish,of 2 ratings,N/A
GTIM,$6.75,1440706290426,"33,873",Not yet rated,NULL,$11.50
GDEN,$9.04,1440706290461,"2,107",50% bullish,of 2 ratings,N/A
GOOGL,$663.7702,1440706290500,"1,496,858",88% bullish,of 1080 ratings,$749
GOOG,$633.8618,1440706290527,"2,133,091",89% bullish,of 70 ratings,$825
GPRO,$47.85,1440706290548,"5,313,426",78% bullish,of 58 ratings,$72
GMAN,$3.56,1440706290583,"94,940",60% bullish,of 5 ratings,$8.50
GPIA,NULL,1440706290907,0,Not yet rated,NULL,N/A
GPIAW,$0.975,1440706290991,"4,500",Not yet rated,NULL,N/A
GRVY,$3.1,1440706291062,"3,850",50% bullish,of 2 ratings,N/A
LOPE,$37.2291,1440706291088,"212,038",100% bearish,of 2 ratings,$50
GPIAU,NULL,1440706291109,0,Not yet rated,NULL,N/A
GBSN,$0.3501,1440706291142,"8,355,214",50% bullish,of 2 ratings,$8.25
GBSNU,NULL,1440706291165,0,NULL,NULL,NULL
GLDD,$5.2775,1440706291239,"176,815",100% bearish,of 4 ratings,$7.75
GSBC,$39.7,1440706291326,"28,696",100% bullish,of 1 rating,$44
GNBC,$11.64,1440706291467,"11,717",100% bearish,of 1 rating,$16.50
GPP,$13.52,1440706291498,"54,349",Not yet rated,NULL,$20.50
GPRE,$19.4069,1440706291522,"536,635",67% bullish,of 6 ratings,$28.50
GRBK,$12.13,1440706291548,"207,774",77% bullish,of 13 ratings,N/A
GCBC,NULL,1440706291582,0,100% bullish,of 1 rating,N/A
GLRE,$24.99,1440706291609,"183,575",50% bullish,of 2 ratings,$41
GRIF,$32.94,1440706291771,"1,189",100% bearish,of 1 rating,N/A
GRFS,$30.79,1440706291850,"268,612",50% bullish,of 2 ratings,$35
OMAB,$40.98,1440706291996,"28,531",100% bullish,of 1 rating,$44
GRPN,$4.28,1440706292022,"6,555,306",61% bullish,of 71 ratings,$6.75
GGAL,$19.72,1440706292077,"210,565",80% bullish,of 5 ratings,$40
GSVC,$8.9,1440706292155,"60,910",50% bullish,of 2 ratings,$14.50
GSIG,$12.9,1440706292183,"40,084",100% bearish,of 2 ratings,N/A
GSIT,$4.66,1440706292204,"10,304",100% bearish,of 1 rating,N/A
GTXI,$0.83,1440706292236,"27,869",100% bullish,of 5 ratings,$.75
GUID,$7.19,1440706292491,"131,866",100% bearish,of 3 ratings,$10
GFED,$14.67,1440706292541,442,Not yet rated,NULL,$17
GBNK,$15.48,1440706292571,"18,851",100% bearish,of 1 rating,$18
GIFI,$11.73,1440706292672,"30,675",100% bearish,of 1 rating,$16
GULTU,$0.3,1440706292697,"278,271",100% bearish,of 1 rating,N/A
GURE,$1.67,1440706292722,"26,420",88% bullish,of 8 ratings,N/A
GWPH,$107.2504,1440706292858,"151,518",78% bullish,of 9 ratings,$148.50
HEES,$18.52,1440706292956,"596,299",67% bearish,of 3 ratings,$31
GYRO,NULL,1440706292986,0,100% bearish,of 1 rating,N/A
GPOR,$35.0443,1440706293020,"1,516,556",75% bullish,of 4 ratings,$55
GWGH,NULL,1440706293042,0,100% bearish,of 1 rating,$15.05
HLG,$9,1440706293086,"3,174",100% bearish,of 1 rating,N/A
HNRG,$7.45,1440706293117,"109,394",100% bearish,of 1 rating,$10
HALL,$11.25,1440706293246,"18,251",Not yet rated,NULL,N/A
HALO,$17.8164,1440706293274,"743,786",67% bullish,of 3 ratings,$22.50
HBK,$13.8,1440706293406,500,50% bullish,of 2 ratings,N/A
HMPR,$1.87,1440706293473,"31,190",100% bullish,of 1 rating,N/A
HBHC,$27.3652,1440706293661,"882,271",50% bullish,of 2 ratings,$30
HNH,$25.22,1440706293689,"34,502",100% bullish,of 1 rating,N/A
HNSN,$0.51,1440706293721,"71,567",88% bullish,of 8 ratings,$.40
HAFC,$23.98,1440706293753,"149,916",100% bullish,of 2 ratings,$28.50
HBHCL,$24.45,1440706293773,"16,792",Not yet rated,NULL,N/A
HQCL,$12.48,1440706293822,"37,923",67% bullish,of 3 ratings,$14
HDNG,$9.63,1440706293847,"11,625",50% bullish,of 4 ratings,N/A
HLIT,$5.67,1440706293922,"297,343",100% bearish,of 1 rating,$6.50
HRMN,NULL,1440706294327,0,Not yet rated,NULL,N/A
TINY,$2.45,1440706294586,"24,287",50% bullish,of 2 ratings,$5.26
HRMNW,NULL,1440706294613,0,Not yet rated,NULL,N/A
HBIO,$4.33,1440706294634,"59,241",Not yet rated,NULL,$10
HART,$0.9,1440706294656,"62,394",100% bearish,of 1 rating,N/A
HRMNU,NULL,1440706294697,0,Not yet rated,NULL,N/A
HAS,$74.4276,1440706294718,"671,512",63% bullish,of 8 ratings,$84.50
HCAP,$12.24,1440706294784,"16,420",50% bullish,of 2 ratings,$15
HCAPL,$25.15,1440706294813,"1,950",Not yet rated,NULL,N/A
HA,$22.84,1440706294987,"741,804",67% bullish,of 9 ratings,$27
HAYN,$38.37,1440706295015,"69,657",100% bearish,of 1 rating,$59
HCOM,$21.92,1440706295043,"21,989",100% bearish,of 1 rating,$28
HWBK,$13.65,1440706295064,900,100% bearish,of 1 rating,N/A
HDS,$32.7916,1440706295094,"2,704,706",100% bearish,of 2 ratings,$39.50
HWKN,$36.74,1440706295227,"24,310",Not yet rated,NULL,N/A
HIIQ,$4.91,1440706295418,"213,311",50% bullish,of 2 ratings,$7
HWAY,$11.9739,1440706295444,"196,651",100% bearish,of 1 rating,$15
HQY,$29.2132,1440706295465,"180,720",67% bullish,of 3 ratings,$31
HSTM,$24.8795,1440706295496,"91,030",50% bullish,of 2 ratings,$33.75
HCSG,$33.2352,1440706295523,"220,898",50% bullish,of 4 ratings,$35
HTLD,$20.45,1440706295544,"403,220",Not yet rated,NULL,$22.50
HTWR,$86.38,1440706295692,"180,904",50% bullish,of 2 ratings,$103
HTLF,$35.74,1440706295747,"35,722",100% bullish,of 1 rating,$39.50
HTBX,$5.15,1440706295787,"7,475",50% bullish,of 2 ratings,$15.50
HSII,$19.66,1440706295814,"55,330",100% bullish,of 3 ratings,$25
HMNY,NULL,1440706295846,0,100% bearish,of 1 rating,N/A
HMTV,$13.56,1440706295885,"23,718",100% bearish,of 1 rating,$16
HELE,$84.9999,1440706295913,"132,275",67% bearish,of 3 ratings,$100
HNNA,$24.725,1440706295993,"6,531",Not yet rated,NULL,N/A
HERO,NULL,1440706296190,0,NULL,NULL,NULL
HCACU,$9.94,1440706296295,"1,418",Not yet rated,NULL,N/A
HSIC,$137.9806,1440706296327,"377,137",83% bullish,of 6 ratings,$146
HTBK,$10.63,1440706296362,"36,607",Not yet rated,NULL,$12
HFWA,$17.49,1440706296427,"40,853",100% bullish,of 1 rating,$20
HCCI,$11.06,1440706296457,"34,375",100% bearish,of 1 rating,$16.50
HEOP,$7.67,1440706296534,"15,419",Not yet rated,NULL,$8.50
MLHR,$26.99,1440706296592,"414,672",50% bullish,of 2 ratings,$33.50
HRTX,$35.36,1440706296622,"369,202",67% bullish,of 6 ratings,$41
HSKA,$33.49,1440706296695,"29,235",100% bearish,of 1 rating,$38
HFFC,$15.99,1440706296728,"3,204",Not yet rated,NULL,N/A
HPJ,$2.19,1440706296826,"47,402",75% bullish,of 4 ratings,$12.43
HIHO,$3.9,1440706296855,"7,696",Not yet rated,NULL,N/A
HIBB,$38.4382,1440706296882,"261,344",100% bearish,of 1 rating,$46.50
HIMX,$6.74,1440706296907,"696,618",86% bullish,of 21 ratings,$8.50
HIFS,$117,1440706297155,"4,127",Not yet rated,NULL,N/A
HMNF,$11.14,1440706297297,"3,550",Not yet rated,NULL,N/A
HBCP,$24.5,1440706297318,"1,969",Not yet rated,NULL,$29
HSGX,$6.13,1440706297339,903,100% bearish,of 1 rating,$17
HOLI,$17.89,1440706297360,"214,655",50% bullish,of 4 ratings,$27
HMSY,$10.06,1440706297400,"1,018,040",67% bullish,of 3 ratings,$19.35
HOMB,$37.8432,1440706297426,"273,525",Not yet rated,NULL,$42
HOLX,$39.1175,1440706297622,"1,552,474",67% bullish,of 3 ratings,$42
AWAY,$29,1440706297658,"874,372",67% bullish,of 3 ratings,$36
HFBL,$21.54,1440706297699,300,Not yet rated,NULL,N/A
HMIN,$27.5,1440706297732,"194,302",100% bearish,of 2 ratings,$35
HMST,$21.89,1440706297760,"108,854",100% bullish,of 2 ratings,$27
HKTV,$4.61,1440706297790,"29,158",100% bearish,of 1 rating,N/A
HTBI,$18.1687,1440706297829,"41,775",67% bullish,of 3 ratings,$18.625
CETC,$0.72,1440706297892,"82,368",86% bullish,of 7 ratings,N/A
HOFT,$23.33,1440706298124,"41,026",100% bearish,of 1 rating,N/A
HFBC,$11.23,1440706298150,"2,760",Not yet rated,NULL,N/A
HZNP,$30.98,1440706298195,"1,979,093",85% bullish,of 20 ratings,$40
ZINC,$7.3954,1440706298285,"685,701",100% bearish,of 1 rating,$17
HBNC,$23.32,1440706298312,"10,708",100% bullish,of 1 rating,$27
HRZN,$10.14,1440706298338,"31,900",50% bullish,of 2 ratings,$14.25
HDP,$24.27,1440706298359,"227,789",67% bearish,of 3 ratings,$30.50
HMHC,$22.75,1440706298492,"1,122,492",Not yet rated,NULL,$27
HWCC,$7.35,1440706298522,"70,329",100% bearish,of 1 rating,$9
HOVNP,$4.49,1440706298591,"3,213",100% bearish,of 1 rating,N/A
HTGM,$5.65,1440706298724,"38,705",100% bearish,of 1 rating,$19.50
HSNI,$62.1235,1440706298756,"177,091",Not yet rated,NULL,$80
HBMD,$14.48,1440706298777,"2,156",100% bearish,of 1 rating,N/A
HUBG,$37.74,1440706298806,"214,944",100% bearish,of 1 rating,$43
HCBK,$9.45,1440706298855,"1,578,340",83% bullish,of 6 ratings,$8.61
HSON,$2.6,1440706299008,"13,371",100% bearish,of 1 rating,$5
HDSN,$3.05,1440706299145,"5,955",100% bullish,of 1 rating,$6.25
HBAN,$10.7744,1440706299174,"7,130,733",76% bullish,of 17 ratings,$12.29
HURN,$72.8564,1440706299203,"134,763",50% bullish,of 2 ratings,$80
HTCH,$1.43,1440706299232,"65,004",100% bearish,of 1 rating,$3.50
HURC,$30.59,1440706299260,"15,175",100% bearish,of 1 rating,N/A
HBANP,$1355,1440706299336,66,100% bearish,of 1 rating,N/A
HBP,$3.06,1440706299486,"1,472",100% bullish,of 1 rating,N/A
HDRAW,$0.264,1440706299567,"5,226",Not yet rated,NULL,N/A
HDRA,$9.69,1440706299618,"11,400",Not yet rated,NULL,N/A
HDRAR,NULL,1440706299650,0,Not yet rated,NULL,N/A
HYGS,$8.76,1440706299753,"27,221",50% bullish,of 2 ratings,$13
IDSY,$3.8,1440706299773,"10,880",100% bearish,of 1 rating,$7
IACI,$71.0754,1440706299858,"537,755",75% bullish,of 4 ratings,$90
HDRAU,NULL,1440706299905,0,Not yet rated,NULL,N/A
IBKC,$59.9401,1440706300035,"141,165",100% bullish,of 1 rating,$70
IKGH,$1.77,1440706300060,"160,691",75% bullish,of 4 ratings,N/A
ICAD,$3.78,1440706300086,"108,076",100% bullish,of 2 ratings,$7.25
ICLR,$78.848,1440706300219,"383,498",100% bearish,of 3 ratings,$85
IEP,$72.36,1440706300251,"119,303",75% bullish,of 4 ratings,$99
ICFI,$34.04,1440706300278,"41,327",50% bullish,of 2 ratings,$48.50
ICON,$13.34,1440706300370,"678,494",50% bullish,of 2 ratings,$18.50
IPWR,$7.27,1440706300412,"2,810",100% bullish,of 1 rating,$15
ICUI,$113.45,1440706300436,"129,732",Not yet rated,NULL,$122
INVE,$3.98,1440706300585,"41,335",75% bullish,of 4 ratings,$4
IDRA,$2.89,1440706300613,"1,800,301",89% bullish,of 9 ratings,$6.50
IDXX,$72.8014,1440706300638,"245,647",100% bearish,of 1 rating,$77
DSKY,$11.03,1440706300767,"145,825",67% bullish,of 6 ratings,$11.50
IROQ,$16.99,1440706300831,206,100% bullish,of 1 rating,N/A
IRG,$4.56,1440706300864,"8,780",100% bearish,of 1 rating,$4.25
KANG,$15.95,1440706300960,"270,221",50% bullish,of 2 ratings,$22.55
RXDX,$13.52,1440706300987,"145,620",100% bullish,of 1 rating,$20
IKAN,$2.72,1440706301046,"33,071",83% bullish,of 6 ratings,$5
IIVI,$16.3222,1440706301075,"698,175",100% bearish,of 1 rating,$22
ISNS,$3.93,1440706301205,"4,134",50% bullish,of 2 ratings,N/A
IKNX,NULL,1440706301234,0,100% bearish,of 1 rating,N/A
ILMN,$200.4259,1440706301263,"939,871",80% bullish,of 5 ratings,$245
IMMR,$11.8009,1440706301370,"94,027",80% bullish,of 5 ratings,$15.50
ICCC,$7.36,1440706301398,"11,588",100% bullish,of 1 rating,N/A
IMDZ,$16.2123,1440706301429,"66,841",100% bearish,of 1 rating,$33
IMNP,$1.32,1440706301533,"85,143",50% bullish,of 2 ratings,$6
IMMU,$1.96,1440706301668,"596,793",86% bullish,of 7 ratings,$2
IMGN,$14.0808,1440706301702,"556,491",75% bullish,of 4 ratings,$17.50
IPXL,$43.97,1440706301732,"492,077",67% bullish,of 3 ratings,$46.50
IMMY,$7.69,1440706301813,"15,991",100% bearish,of 1 rating,$11
INCR,$42.0766,1440706301843,"224,405",50% bullish,of 2 ratings,$53
INDB,$44.34,1440706301941,"62,189",Not yet rated,NULL,$44
INCY,$113.87,1440706301993,"934,962",50% bullish,of 6 ratings,$125.50
SAAS,$7.6,1440706302075,"296,200",50% bullish,of 2 ratings,$15
IBCP,$14.1,1440706302236,"70,185",100% bullish,of 1 rating,$14.50
INFN,$22.152,1440706302378,"1,689,961",71% bullish,of 7 ratings,$28
IBTX,$40.3353,1440706302443,"17,131",100% bullish,of 2 ratings,$47.25
IDSA,$3.72,1440706302469,"5,809",Not yet rated,NULL,N/A
INFI,$9.04,1440706302539,"295,382",50% bullish,of 4 ratings,$18
IPCC,$77.36,1440706302603,"23,541",Not yet rated,NULL,$77.50
III,$3.96,1440706302629,"105,250",57% bullish,of 7 ratings,$6
IMKTA,$51.1216,1440706302765,"61,097",100% bearish,of 1 rating,N/A
INNL,$11.67,1440706302791,6,100% bearish,of 1 rating,$16.50
INWK,$7.06,1440706302823,"91,134",50% bullish,of 2 ratings,$10
IFON,$1.23,1440706302844,"83,079",75% bullish,of 4 ratings,N/A
INOD,$2.33,1440706302925,"41,620",100% bearish,of 1 rating,N/A
IOSP,$47.69,1440706302993,"228,899",100% bearish,of 1 rating,N/A
ISSC,$2.88,1440706303020,"1,460",67% bearish,of 3 ratings,N/A
IPHS,$48.15,1440706303098,"96,350",100% bearish,of 1 rating,$60
INGN,$47.0472,1440706303171,"101,643",100% bearish,of 1 rating,$50.50
ITEK,$12.2175,1440706303303,"395,078",100% bearish,of 3 ratings,$20
INOV,$21.0071,1440706303382,"633,294",100% bearish,of 1 rating,$33
ISIG,$2.7,1440706303478,"265,876",100% bearish,of 1 rating,N/A
NSIT,$25.53,1440706303504,"108,304",50% bullish,of 2 ratings,N/A
INO,$6.96,1440706303525,"1,038,354",89% bullish,of 18 ratings,$20
IIIN,$17.05,1440706303559,"36,590",100% bearish,of 2 ratings,N/A
INSM,$24.8419,1440706303655,"266,633",71% bullish,of 7 ratings,$31.50
INSY,$33.0376,1440706303686,"387,049",75% bullish,of 4 ratings,$48
NTEC,$5.68,1440706303713,"3,801",100% bearish,of 1 rating,N/A
PODD,$29.3277,1440706303755,"195,403",67% bearish,of 3 ratings,$35
IDTI,$19.0827,1440706303926,"3,904,458",60% bullish,of 5 ratings,$25
IART,$60.4032,1440706303952,"180,163",100% bearish,of 1 rating,$71.50
IESC,$6.93,1440706303977,"19,681",100% bearish,of 1 rating,N/A
INTC,$27.5139,1440706304108,"23,400,687",82% bullish,of 238 ratings,$36
ISSI,$21.88,1440706304154,"131,719",67% bullish,of 3 ratings,$19.75
IQNT,$18.79,1440706304239,"187,733",86% bullish,of 7 ratings,$20
IPAR,$25.4,1440706304289,"83,647",67% bullish,of 3 ratings,$38
IPCI,$2.17,1440706304316,"88,505",67% bullish,of 6 ratings,$8
ININ,$35.4239,1440706304383,"115,036",67% bearish,of 3 ratings,$57
IBKR,$39.3305,1440706304412,"633,163",100% bullish,of 1 rating,N/A
ICPT,$188.3553,1440706304441,"122,746",70% bullish,of 10 ratings,$359.50
ICLD,$1.82,1440706304489,"171,805",75% bullish,of 4 ratings,N/A
ICLDW,NULL,1440706304570,0,100% bearish,of 1 rating,N/A
IDCC,$49.51,1440706304629,"284,615",80% bullish,of 5 ratings,$63
IMI,$2.1,1440706304791,"87,007",67% bullish,of 3 ratings,$2.22
TILE,$23.93,1440706304822,"591,791",100% bearish,of 3 ratings,$27
INAP,$7.83,1440706304920,"178,913",75% bullish,of 4 ratings,$11
ISCA,$31.3494,1440706305067,"86,361",100% bearish,of 1 rating,N/A
PTNT,$2.98,1440706305094,"1,600",Not yet rated,NULL,N/A
IBOC,$25.0878,1440706305122,"134,434",100% bearish,of 1 rating,N/A
IGLD,$6.94,1440706305151,"3,400",50% bullish,of 2 ratings,N/A
IIJI,$10.07,1440706305226,190,50% bullish,of 2 ratings,$11.50
INPH,$0.28,1440706305256,"63,259",50% bullish,of 2 ratings,N/A
INTX,$1.91,1440706305356,"51,642",67% bullish,of 3 ratings,N/A
ISIL,$10.4735,1440706305385,"922,503",50% bullish,of 6 ratings,$15
IILG,$19.78,1440706305487,"150,716",100% bearish,of 1 rating,$29
IVAC,$4.7,1440706305543,"57,631",100% bearish,of 1 rating,$6.625
XENT,$25.6692,1440706305569,"129,784",50% bullish,of 2 ratings,$36.50
INTL,$25.8939,1440706305594,"56,088",67% bearish,of 3 ratings,N/A
INTLL,NULL,1440706305643,0,Not yet rated,NULL,N/A
IIN,$6.07,1440706305884,"1,900",100% bearish,of 1 rating,$12
ITCI,$25.96,1440706305911,"286,878",75% bearish,of 4 ratings,$40
ISRG,$515.6,1440706305988,"138,130",67% bullish,of 3 ratings,$600
INTU,$85.6407,1440706306048,"2,058,341",86% bullish,of 7 ratings,$107.50
INVT,$0.2705,1440706306081,"13,897",67% bullish,of 3 ratings,N/A
ISTR,$15.62,1440706306118,"5,117",100% bearish,of 1 rating,$18.50
SNAK,$8.4,1440706306146,"98,380",50% bullish,of 2 ratings,$14
ISBC,$11.73,1440706306185,"2,182,109",100% bullish,of 1 rating,$13.25
ITIC,NULL,1440706306400,0,100% bearish,of 2 ratings,N/A
NVIV,$9.33,1440706306448,"194,446",50% bullish,of 4 ratings,$24.50
IVTY,$14.1,1440706306542,"22,246",Not yet rated,NULL,$18
IPAS,$1.08,1440706306609,"75,065",67% bullish,of 3 ratings,N/A
DFVL,NULL,1440706306674,0,Not yet rated,NULL,N/A
DTUL,NULL,1440706306698,0,Not yet rated,NULL,N/A
IPGP,$84.8904,1440706306744,"543,692",100% bearish,of 2 ratings,$109.50
IRIX,$6.72,1440706306884,"8,550",100% bearish,of 1 rating,N/A
IRMD,$25.34,1440706306942,"9,431",67% bearish,of 3 ratings,$25
IPCM,$79.14,1440706306970,"181,233",50% bullish,of 2 ratings,$80.125
IRDM,$7.11,1440706307001,"562,073",60% bullish,of 5 ratings,$11.50
IRDMB,$279.2,1440706307036,554,67% bearish,of 3 ratings,N/A
IRBT,$28.48,1440706307064,"196,655",67% bullish,of 6 ratings,$37
IRWD,$10.9905,1440706307107,"860,332",100% bearish,of 1 rating,$13
FCHI,NULL,1440706307298,0,NULL,NULL,NULL
IRCP,NULL,1440706307325,0,100% bullish,of 2 ratings,N/A
COMT,$32.83,1440706307345,"31,987",100% bearish,of 1 rating,N/A
GNMA,$50.25,1440706307514,"4,341",Not yet rated,NULL,N/A
IFAS,NULL,1440706307537,0,NULL,NULL,NULL
IFNA,NULL,1440706307587,0,NULL,NULL,NULL
IFEU,$38.24,1440706307666,"7,404",Not yet rated,NULL,N/A
IFGL,$28.87,1440706307748,"250,674",Not yet rated,NULL,N/A
AAXJ,$54.27,1440706307802,"1,102,232",Not yet rated,NULL,N/A
ACWX,$41.17,1440706307831,"1,184,998",100% bearish,of 1 rating,N/A
AAIT,NULL,1440706307852,0,NULL,NULL,NULL
ACWI,$56.37,1440706307873,"2,119,298",Not yet rated,NULL,N/A
AXJS,NULL,1440706307891,0,NULL,NULL,NULL
EEMA,$51.06,1440706308030,"38,856",Not yet rated,NULL,N/A
EMDI,NULL,1440706308057,0,NULL,NULL,NULL
EEME,NULL,1440706308086,0,NULL,NULL,NULL
EGRW,NULL,1440706308160,0,NULL,NULL,NULL
EMEY,NULL,1440706308219,0,NULL,NULL,NULL
EVAL,NULL,1440706308352,0,NULL,NULL,NULL
IBB,$348.1782,1440706308478,"1,432,897",63% bullish,of 8 ratings,N/A
QAT,$21.6,1440706308503,"13,695",Not yet rated,NULL,N/A
IEUS,$45.47,1440706308531,"4,169",100% bearish,of 1 rating,N/A
EUFN,$22.05,1440706308564,"55,343",100% bearish,of 1 rating,N/A
EEML,$27.92,1440706308593,"9,006",Not yet rated,NULL,N/A
SOXX,$82.77,1440706308669,"692,426",50% bullish,of 2 ratings,N/A
UAE,$18.3,1440706308695,"17,620",Not yet rated,NULL,N/A
EMIF,$29.12,1440706308853,"4,165",Not yet rated,NULL,N/A
ICLN,$9.66,1440706308880,"22,300",50% bullish,of 2 ratings,N/A
WOOD,$48.13,1440706308929,"9,339",50% bullish,of 2 ratings,N/A
ISHG,$79.6,1440706309087,"16,680",100% bearish,of 1 rating,N/A
INDY,$27.98,1440706309113,"291,675",50% bullish,of 2 ratings,N/A
IGOV,$90.865,1440706309145,"16,710",100% bearish,of 1 rating,N/A
ISIS,$51.0354,1440706309277,"1,136,117",53% bullish,of 15 ratings,$67
ISRL,$131,1440706309304,268,100% bearish,of 1 rating,N/A
ISLE,$16.87,1440706309337,"227,429",50% bullish,of 4 ratings,$16
ITRN,$24.18,1440706309376,"16,603",50% bullish,of 2 ratings,N/A
ITRI,$29.64,1440706309436,"330,765",Not yet rated,NULL,$37
ITUS,$4.08,1440706309477,"9,184",Not yet rated,NULL,N/A
IXYS,$10.83,1440706309504,"89,499",50% bullish,of 4 ratings,N/A
XXIA,$15.0569,1440706309538,"289,535",71% bullish,of 7 ratings,$14.625
MAYS,NULL,1440706309746,0,Not yet rated,NULL,N/A
JJSF,$114.1482,1440706309793,"33,969",100% bearish,of 1 rating,N/A
JBHT,$73.51,1440706309966,"721,445",50% bullish,of 4 ratings,$89.50
JACK,$81.1305,1440706309994,"305,027",83% bullish,of 6 ratings,$105
JKHY,$67.9849,1440706310015,"404,973",50% bullish,of 2 ratings,$72
JCOM,$68.6432,1440706310043,"170,096",100% bullish,of 2 ratings,$77
JXSB,NULL,1440706310180,0,Not yet rated,NULL,N/A
JAGX,$4.15,1440706310210,"15,594",Not yet rated,NULL,N/A
JASO,$7.97,1440706310239,"845,288",82% bullish,of 17 ratings,$10
JAXB,NULL,1440706310261,0,100% bullish,of 1 rating,N/A
JAKK,$9.3181,1440706310398,"579,293",60% bearish,of 5 ratings,$11
ERW,NULL,1440706310426,0,Not yet rated,NULL,N/A
JRVR,$26.6,1440706310452,"51,225",Not yet rated,NULL,$32
JMBA,$13.6777,1440706310533,"83,843",75% bullish,of 4 ratings,$18
JASN,$4.8861,1440706310598,"9,904",50% bullish,of 2 ratings,$9.50
JASNW,NULL,1440706310681,0,50% bullish,of 2 ratings,N/A
JD,$26.68,1440706310812,"6,150,951",75% bullish,of 16 ratings,$36
JBLU,$22.36,1440706310837,"6,138,731",94% bullish,of 18 ratings,$27
JCTCF,$9.5,1440706311080,"2,400",100% bullish,of 1 rating,N/A
JTPY,$2.89,1440706311110,"1,564",100% bearish,of 1 rating,N/A
DATE,$5.9,1440706311162,"111,515",75% bullish,of 4 ratings,$9
JST,$3.85,1440706311245,"38,232",75% bullish,of 4 ratings,N/A
JIVE,$4.32,1440706311290,"350,774",75% bullish,of 4 ratings,$5
WYIGU,$10,1440706311316,"3,300",Not yet rated,NULL,N/A
JOEZ,$0.169,1440706311341,"106,474",92% bullish,of 12 ratings,N/A
JAZZ,$169.9497,1440706311391,"244,245",80% bullish,of 15 ratings,$206.50
JBSS,$53.28,1440706311599,"36,531",67% bearish,of 3 ratings,N/A
JOUT,$22.59,1440706311628,"10,744",100% bearish,of 1 rating,$34
JNP,$11,1440706311680,"68,801",100% bullish,of 3 ratings,$15
JUNO,$37.2742,1440706311730,"817,662",73% bullish,of 11 ratings,$71.50
KTWO,$21.3813,1440706311782,"67,388",100% bearish,of 1 rating,$28.50
KALU,$81.4866,1440706311807,"150,895",67% bearish,of 3 ratings,$91
