Symbol,Price,Date,Volume,Rating,RatingVoteCount,OneYearEstimate
TFSC,NULL,1440181202504,0,100% bearish,of 1 rating,N/A
FCCY,NULL,1440181202532,0,100% bullish,of 1 rating,$13
PIH,$7.17,1440181202559,"12,900",100% bearish,of 1 rating,N/A
TFSCU,NULL,1440181202581,0,Not yet rated,NULL,N/A
VNET,$19.5,1440181202614,"463,120",60% bullish,of 5 ratings,$29.50
TFSCW,NULL,1440181202635,0,100% bearish,of 1 rating,N/A
TFSCR,NULL,1440181202657,0,Not yet rated,NULL,N/A
FLWS,$9.38,1440181202787,"132,711",100% bullish,of 5 ratings,$15
DSLV,$60.8323,1440181202917,"12,092",100% bearish,of 1 rating,N/A
DGLD,$76.502,1440181202952,"14,135",100% bullish,of 1 rating,N/A
TWOU,$33.8,1440181202992,"487,551",50% bullish,of 2 ratings,$39
UGLD,$9.8601,1440181203021,"206,992",100% bearish,of 1 rating,N/A
USLV,$14.69,1440181203054,"168,600",86% bullish,of 7 ratings,N/A
JOBS,$26.085,1440181203097,"109,040",50% bullish,of 4 ratings,$36
SRCE,$30.19,1440181203127,"30,747",100% bullish,of 3 ratings,$33
SIXD,$1.5,1440181203400,"224,455",Not yet rated,NULL,N/A
CAFD,$15.23,1440181203531,"249,542",Not yet rated,NULL,$25
ABAX,$47.46,1440181203589,"69,851",100% bearish,of 1 rating,$60
SHLM,$34.24,1440181203611,"62,425",100% bearish,of 1 rating,$50
AVHI,$13.88,1440181203633,"26,823",100% bearish,of 1 rating,$19
EGHT,$8.29,1440181203655,"234,107",82% bullish,of 17 ratings,$11
AAON,$21.82,1440181203691,"99,981",100% bearish,of 1 rating,$24
ABY,$20,1440181203913,"795,317",100% bearish,of 2 ratings,$46
ABEO,$4.99,1440181203939,"122,292",67% bullish,of 3 ratings,$15.50
ABGB,$4.14,1440181203981,"22,952",67% bullish,of 3 ratings,$5.50
ACTG,$8.74,1440181204003,"184,815",67% bullish,of 3 ratings,$18.50
ABEOW,$1.9,1440181204041,"1,981",100% bullish,of 1 rating,N/A
AXAS,$1.61,1440181204063,"440,027",78% bullish,of 9 ratings,$3.50
ABMD,$98.11,1440181204096,"615,366",75% bullish,of 4 ratings,$100.50
ACHC,$74.09,1440181204264,"531,640",50% bullish,of 2 ratings,$92
ACAD,$36.2247,1440181204359,"637,020",80% bullish,of 20 ratings,$48
ACST,$0.3567,1440181204527,"39,768",100% bullish,of 2 ratings,N/A
AXDX,$18.2,1440181204556,"122,995",100% bearish,of 1 rating,N/A
ANCX,$18.96,1440181204587,"19,681",Not yet rated,NULL,$19
XLRN,$28.8,1440181204609,"81,392",50% bullish,of 2 ratings,$57
ARAY,$6.535,1440181204689,"2,663,960",100% bearish,of 1 rating,$10.50
VXDN,$11.26,1440181204742,"15,959",Not yet rated,NULL,N/A
VXUP,$19.45,1440181204767,"32,656",Not yet rated,NULL,N/A
AKAO,$6.95,1440181204929,"40,476",75% bullish,of 4 ratings,$15
ACRX,$4.085,1440181204951,"300,488",67% bearish,of 6 ratings,$5.50
ACHN,$8.1,1440181205033,"1,181,988",90% bullish,of 21 ratings,$16
ACIW,$22.11,1440181205098,"299,150",50% bullish,of 2 ratings,$24
ACET,$24.69,1440181205164,"88,241",75% bullish,of 4 ratings,$30
ACNB,$20.17,1440181205190,500,Not yet rated,NULL,N/A
ACOR,$30.36,1440181205217,"402,622",67% bearish,of 3 ratings,$38.50
ACTS,$1.33,1440181205456,"24,685",100% bearish,of 1 rating,N/A
ATVI,$27.675,1440181205499,"3,388,030",68% bullish,of 84 ratings,$31.50
ACPW,$1.8,1440181205562,"51,928",100% bullish,of 4 ratings,$3.50
ACTA,$13.99,1440181205693,"84,460",67% bearish,of 3 ratings,$25
ACXM,$20.41,1440181205724,"208,465",67% bullish,of 3 ratings,N/A
ACUR,$0.6268,1440181205746,"34,241",100% bullish,of 5 ratings,$1
ADMS,$20.17,1440181205777,"54,094",100% bearish,of 2 ratings,$36
ADMP,$3.5,1440181205799,"13,306",50% bullish,of 2 ratings,$10
ADAP,$13.21,1440181205991,"143,579",67% bullish,of 3 ratings,$22
ADUS,$29.8,1440181206026,"32,575",100% bearish,of 1 rating,$31
AEY,$2.2642,1440181206126,"20,042",100% bearish,of 2 ratings,N/A
ADEP,$6.77,1440181206154,"23,486",50% bullish,of 2 ratings,$10.75
ADMA,$9.17,1440181206211,"2,342",Not yet rated,NULL,$19
ADBE,$79.88,1440181206237,"2,491,897",65% bullish,of 17 ratings,$90
ADTN,$15.63,1440181206289,"168,534",67% bullish,of 3 ratings,$17.125
ADRO,$19.421,1440181206423,"190,887",80% bullish,of 5 ratings,$45.50
AEIS,$25.27,1440181206562,"113,240",50% bullish,of 2 ratings,$32.50
AMD,$1.79,1440181206598,"4,561,723",83% bullish,of 103 ratings,$2
ADXS,$15.02,1440181206625,"665,750",64% bullish,of 14 ratings,$27
ADXSW,$10.31,1440181206662,"4,486",100% bullish,of 1 rating,N/A
MULT,NULL,1440181206691,0,100% bearish,of 1 rating,N/A
AEGR,$18.515,1440181206759,"226,375",50% bullish,of 6 ratings,$26
AEGN,$18.34,1440181206833,"95,210",100% bearish,of 1 rating,$21
YPRO,$23.246,1440181206858,"3,362",100% bearish,of 1 rating,N/A
AMTX,$3.21,1440181207170,"11,887",50% bullish,of 2 ratings,$26.11
AEPI,$57.5,1440181207202,"12,603",100% bearish,of 1 rating,N/A
AERI,$16.1699,1440181207224,"242,520",75% bullish,of 4 ratings,$31.50
AVAV,$24.69,1440181207246,"87,707",50% bullish,of 4 ratings,$31
AEHR,$2.111,1440181207289,"2,764",50% bullish,of 2 ratings,N/A
AEZS,$0.1061,1440181207383,"3,096,366",90% bullish,of 21 ratings,$1.50
AEMD,$6.7,1440181207411,"71,621",Not yet rated,NULL,$27.50
AFFX,$9.51,1440181207452,"329,655",80% bullish,of 5 ratings,$12
AFMD,$9.97,1440181207586,"139,138",50% bullish,of 4 ratings,$15
AGEN,$7.15,1440181207618,"680,210",85% bullish,of 13 ratings,$14
AGRX,$8.6099,1440181207663,"29,788",100% bearish,of 1 rating,$17.50
AGYS,$9.61,1440181207720,"13,774",100% bearish,of 1 rating,N/A
AGFS,$9.8399,1440181207850,"43,229",100% bearish,of 1 rating,N/A
AGIO,$88.46,1440181207877,"377,876",88% bullish,of 8 ratings,$114
AGFSW,$1.7,1440181208005,"25,497",100% bearish,of 2 ratings,N/A
AIRM,$37.12,1440181208091,"137,691",80% bearish,of 5 ratings,$53
AIRT,$22.46,1440181208123,50,100% bullish,of 1 rating,N/A
ATSG,$9.26,1440181208144,"140,505",67% bullish,of 3 ratings,$13
AMCN,$4.91,1440181208229,"328,184",83% bullish,of 6 ratings,N/A
AIXG,$5.921,1440181208281,"31,037",67% bearish,of 3 ratings,$5.25
AIMT,$21.98,1440181208323,"96,202",Not yet rated,NULL,N/A
AKAM,$69.28,1440181208457,"893,124",63% bullish,of 8 ratings,$77
AKER,$2.54,1440181208495,"85,894",Not yet rated,NULL,N/A
AKBA,$6.7732,1440181208522,"138,732",100% bearish,of 1 rating,$18
AKRX,$40.76,1440181208548,"559,429",78% bullish,of 9 ratings,$56
ALSK,$2.09,1440181208678,"71,273",78% bullish,of 18 ratings,$2
ALRM,$16.35,1440181208739,"313,164",100% bearish,of 1 rating,$22
ADHD,$8.34,1440181208908,"155,712",50% bullish,of 4 ratings,$18
AMRI,$19.86,1440181208934,"143,104",75% bearish,of 4 ratings,$24
ALDR,$37.3,1440181208978,"276,771",67% bearish,of 3 ratings,$62
ABDC,$12.64,1440181209010,"14,856",Not yet rated,NULL,$15
ALDX,$7.7,1440181209113,"5,763",100% bearish,of 1 rating,$14.50
ALXA,$1.0301,1440181209150,"21,299",83% bullish,of 6 ratings,$2.125
ALXN,$178.22,1440181209180,"784,557",88% bullish,of 8 ratings,$223
ALGN,$57.37,1440181209350,"189,146",100% bearish,of 2 ratings,$73
ALCO,$42.696,1440181209377,"17,437",50% bullish,of 2 ratings,N/A
ALKS,$61.16,1440181209412,"401,200",67% bullish,of 3 ratings,$75
ALIM,$3.27,1440181209441,"126,717",80% bullish,of 5 ratings,$10
ALLB,$23.1601,1440181209590,"1,104",Not yet rated,NULL,N/A
ALGT,$219.69,1440181209641,"105,186",100% bearish,of 1 rating,$235
AFOP,$17.75,1440181209771,"93,525",75% bullish,of 8 ratings,$21
AIQ,$14.74,1440181209807,"8,107",67% bullish,of 3 ratings,N/A
AHGP,$36.838,1440181209864,"18,682",67% bullish,of 3 ratings,N/A
ARLP,$24.85,1440181209886,"82,417",67% bearish,of 3 ratings,$32
AHPI,$1.443,1440181209943,300,50% bullish,of 2 ratings,N/A
AMOT,$17.41,1440181210087,"56,983",100% bearish,of 1 rating,N/A
ALQA,$4.45,1440181210176,"27,185",75% bullish,of 4 ratings,$8.50
ALLT,$5.09,1440181210219,"43,468",75% bullish,of 4 ratings,$6.25
AFAM,$46.76,1440181210245,"44,423",50% bullish,of 2 ratings,$44
MDRX,$13.73,1440181210273,"517,119",60% bullish,of 5 ratings,$16
SMCP,$22.56,1440181210417,"1,500",Not yet rated,NULL,N/A
ALNY,$102.98,1440181210444,"258,707",67% bullish,of 3 ratings,$148.50
AOSL,$7.38,1440181210468,"44,737",67% bullish,of 3 ratings,$9
ATEC,$0.5838,1440181210609,"25,549",100% bullish,of 1 rating,$2
ASPS,$29.28,1440181210639,"125,725",67% bullish,of 3 ratings,$46.50
ALTR,$48.37,1440181210660,"1,771,530",80% bearish,of 5 ratings,$54
AIMC,$25.575,1440181210882,"63,261",100% bearish,of 1 rating,$28.50
AMAG,$61.17,1440181210911,"305,884",100% bullish,of 2 ratings,$77.50
AMRK,$10.59,1440181210934,"3,720",50% bullish,of 2 ratings,$14
AMZN,$503.5718,1440181211066,"2,336,131",81% bullish,of 263 ratings,$646
AMRN,$2.05,1440181211098,"566,150",85% bullish,of 39 ratings,$8
AMBC,$15.73,1440181211120,"126,389",100% bearish,of 1 rating,$16.50
AYA,$21.62,1440181211141,"53,639",100% bearish,of 1 rating,$40
AMBCW,$7.0532,1440181211199,"1,178",100% bearish,of 1 rating,N/A
AMBA,$90.5165,1440181211337,"3,954,109",83% bullish,of 12 ratings,$102.50
EPAX,$2.7036,1440181211367,"72,621",100% bearish,of 1 rating,N/A
AMDA,$0.4786,1440181211508,"867,181",90% bullish,of 10 ratings,$1
AMCX,$69.15,1440181211577,"362,242",67% bullish,of 3 ratings,$85.50
DOX,$58.15,1440181211604,"82,870",50% bullish,of 2 ratings,$60
UHAL,$361.155,1440181211679,"8,789",100% bullish,of 2 ratings,$393.50
AMED,$40.56,1440181211750,"176,444",100% bearish,of 1 rating,$42
ATAX,$5.27,1440181211894,"126,566",100% bullish,of 1 rating,$6.50
AMOV,$17.73,1440181211953,"5,063",100% bearish,of 1 rating,N/A
ASBI,$22.57,1440181211979,100,Not yet rated,NULL,N/A
AAL,$40.54,1440181212052,"5,990,300",93% bullish,of 87 ratings,$57
AGNC,$19.815,1440181212087,"2,104,441",75% bullish,of 28 ratings,$22
AGNCB,$24.222,1440181212118,"18,368",Not yet rated,NULL,N/A
AGNCP,$25.33,1440181212189,"3,311",Not yet rated,NULL,N/A
MTGE,$15.77,1440181212217,"289,624",75% bullish,of 4 ratings,$19.50
ACSF,$12.255,1440181212349,"27,114",100% bearish,of 1 rating,$15
MTGEP,NULL,1440181212375,0,Not yet rated,NULL,N/A
ACAS,$13.84,1440181212434,"850,152",60% bullish,of 5 ratings,$16.75
ANCI,$1.4001,1440181212677,"5,768",100% bearish,of 1 rating,N/A
ANAT,$100.8,1440181212828,"10,456",100% bullish,of 1 rating,N/A
AMIC,NULL,1440181212853,0,Not yet rated,NULL,N/A
AETI,NULL,1440181212879,0,67% bearish,of 3 ratings,N/A
APEI,$21.47,1440181212906,"48,430",100% bearish,of 1 rating,$25.50
AMNB,$23.06,1440181213035,"12,163",Not yet rated,NULL,$25.50
ASEI,$40.14,1440181213243,"35,267",100% bearish,of 1 rating,$52.50
ARII,$39.136,1440181213298,"116,657",67% bearish,of 3 ratings,$45
AMSWA,$9.24,1440181213326,"32,709",100% bearish,of 2 ratings,$10.75
AMRB,$10.07,1440181213347,"1,854",Not yet rated,NULL,$11
AMWD,$68.1303,1440181213553,"177,941",50% bullish,of 2 ratings,$58
CRMT,$38.04,1440181213582,"86,916",100% bearish,of 1 rating,$49
AMSC,$3.6,1440181213623,"20,430",50% bullish,of 4 ratings,N/A
ABCB,$27.69,1440181213810,"107,178",Not yet rated,NULL,$31
ASRVP,NULL,1440181213836,0,Not yet rated,NULL,N/A
AMSF,$50.16,1440181213870,"53,749",Not yet rated,NULL,$57.50
ASRV,$3.24,1440181213901,302,100% bullish,of 2 ratings,N/A
ATLO,$23.44,1440181213923,"12,638",Not yet rated,NULL,N/A
AMGN,$159.15,1440181214061,"2,281,312",89% bullish,of 19 ratings,$185
FOLD,$14.64,1440181214149,"1,861,110",56% bullish,of 9 ratings,$21
AMKR,$4.44,1440181214199,"1,011,266",100% bearish,of 2 ratings,$5
AMPH,$13.99,1440181214280,"98,066",50% bullish,of 2 ratings,$20
AMSG,$81.8,1440181214382,"210,146",100% bearish,of 1 rating,$85.50
ASYS,$5.24,1440181214456,"27,882",67% bullish,of 3 ratings,$12
AMSGP,NULL,1440181214486,0,Not yet rated,NULL,N/A
AFSI,$60.045,1440181214587,"582,692",60% bullish,of 5 ratings,$72
ANAC,$132.794,1440181214667,"403,166",80% bullish,of 5 ratings,$180.50
AMRS,$1.63,1440181214695,"47,764",70% bullish,of 10 ratings,N/A
ADI,$55.115,1440181214725,"2,033,674",67% bullish,of 3 ratings,$69
ANAD,$0.35,1440181214754,"112,412",100% bullish,of 2 ratings,$.50
ALOG,$83.42,1440181214889,"39,242",100% bearish,of 2 ratings,$100.50
ANCB,NULL,1440181214918,0,Not yet rated,NULL,$23
ABCW,$39.91,1440181214949,"6,234",67% bullish,of 3 ratings,N/A
AMCF,$0.26,1440181215047,"7,820",100% bullish,of 7 ratings,N/A
ANGI,$4.65,1440181215079,"541,067",64% bullish,of 11 ratings,$5.50
ANGO,$14.85,1440181215149,"63,865",67% bullish,of 3 ratings,$19
ANIP,$50.06,1440181215257,"163,450",89% bullish,of 19 ratings,$66
ANIK,$34.91,1440181215338,"61,175",60% bullish,of 5 ratings,$51.25
ANSS,$92.43,1440181215388,"222,538",100% bearish,of 1 rating,$100
ANTH,$7.18,1440181215421,"1,422,074",80% bullish,of 10 ratings,$13
ATRS,$1.835,1440181215453,"439,824",92% bullish,of 12 ratings,$4.50
APIC,$6.675,1440181215558,"123,180",100% bearish,of 1 rating,$19
ATNY,$2.369,1440181215602,"1,353",50% bullish,of 2 ratings,$3.75
ABAC,$0.72,1440181215661,"31,521",100% bearish,of 1 rating,N/A
APOL,$11.07,1440181215794,"584,515",87% bearish,of 68 ratings,$14
AINV,$6.47,1440181215849,"703,622",50% bullish,of 4 ratings,$8
APOG,$52.1,1440181215877,"122,189",100% bullish,of 1 rating,$67
APPF,$16.8,1440181215951,"41,294",50% bullish,of 2 ratings,$22
AAPL,$108.1,1440181216010,"48,225,077",86% bullish,of 2336 ratings,$150
APDN,$3.1128,1440181216184,"46,766",Not yet rated,NULL,$9
APDNW,$1.2301,1440181216222,"1,600",Not yet rated,NULL,N/A
ARCI,$1.19,1440181216257,"1,204",Not yet rated,NULL,N/A
AAOI,$19.94,1440181216321,"221,163",50% bullish,of 4 ratings,$26
AREX,$2.13,1440181216376,"611,651",100% bearish,of 1 rating,$3
AGTC,$15.89,1440181216400,"60,901",50% bullish,of 2 ratings,$33
AMCC,$5.4249,1440181216430,"675,564",80% bullish,of 5 ratings,$8
AMAT,$15.79,1440181216609,"6,969,195",82% bullish,of 11 ratings,$23
APTO,$4.61,1440181216701,"1,963",Not yet rated,NULL,$17
AQXP,$17.52,1440181216759,"354,841",50% bullish,of 2 ratings,$2
AUMA,NULL,1440181216786,0,Not yet rated,NULL,N/A
APRI,$1.2971,1440181216812,"138,218",83% bullish,of 6 ratings,$4.86
AQMS,$4.99,1440181216838,"3,501",Not yet rated,NULL,N/A
AUMAU,$10,1440181216995,100,Not yet rated,NULL,N/A
AUMAW,NULL,1440181217226,0,Not yet rated,NULL,N/A
ABUS,$7.33,1440181217258,"388,811",86% bullish,of 14 ratings,$23
ABIO,$0.8897,1440181217291,"74,994",50% bullish,of 2 ratings,$3.75
ARDM,$7.14,1440181217313,"4,158",100% bullish,of 1 rating,$26
ARCW,$3.54,1440181217351,"24,509",100% bearish,of 2 ratings,$10.50
RKDA,$5.55,1440181217373,"13,187",100% bearish,of 2 ratings,$10
PETX,$17.3579,1440181217409,"205,677",100% bearish,of 2 ratings,$26
ARCB,$29.78,1440181217507,"131,682",50% bullish,of 2 ratings,$39.50
ACGL,$71.26,1440181217703,"99,516",50% bullish,of 2 ratings,$72
ACAT,$26.82,1440181217892,"200,856",100% bearish,of 3 ratings,$33
ARDX,$17.71,1440181217927,"76,900",50% bullish,of 2 ratings,$24.50
AGII,$57.995,1440181217949,"89,953",Not yet rated,NULL,$59.50
ARNA,$3.0049,1440181217970,"2,647,322",90% bullish,of 77 ratings,$5.50
AGIIL,$25.44,1440181218022,"4,914",Not yet rated,NULL,N/A
ARGS,$6.28,1440181218050,"53,993",50% bullish,of 2 ratings,$19.50
ARCC,$15.46,1440181218103,"1,109,465",67% bearish,of 3 ratings,$17.875
ARIA,$6.825,1440181218182,"2,144,217",87% bullish,of 46 ratings,$9
ARMH,$40.93,1440181218322,"801,248",54% bearish,of 13 ratings,$61
ARKR,$25.055,1440181218356,514,50% bullish,of 2 ratings,N/A
ARIS,$3.22,1440181218378,"2,500",Not yet rated,NULL,$4.50
ARWAR,NULL,1440181218453,0,Not yet rated,NULL,N/A
ARTX,$1.48,1440181218512,"68,739",88% bullish,of 16 ratings,$4.50
ARWA,NULL,1440181218537,0,Not yet rated,NULL,N/A
ARQL,$1.65,1440181218822,"182,163",75% bullish,of 4 ratings,$5
ARRY,$5.52,1440181218857,"836,224",100% bullish,of 7 ratings,$10
ARWAU,NULL,1440181218878,0,100% bullish,of 1 rating,N/A
ARRS,$26.71,1440181218900,"662,608",50% bullish,of 2 ratings,$38
DWAT,$10.0299,1440181218936,"46,263",100% bearish,of 1 rating,N/A
ARWAW,NULL,1440181218962,0,Not yet rated,NULL,N/A
ARWR,$5.62,1440181219178,"629,988",75% bullish,of 4 ratings,$10.50
ARTNA,$22.77,1440181219207,"21,018",100% bearish,of 1 rating,$29
AROW,$27.1316,1440181219234,"19,950",Not yet rated,NULL,N/A
ARTW,$4.35,1440181219269,"2,904",75% bearish,of 4 ratings,N/A
ASND,$17.84,1440181219371,"21,493",100% bullish,of 1 rating,$30
ASNA,$11.475,1440181219400,"1,485,716",50% bullish,of 2 ratings,$18
ASBB,$24.65,1440181219427,200,Not yet rated,NULL,N/A
APWC,$1.9,1440181219655,400,100% bearish,of 1 rating,N/A
ASCMA,$28.93,1440181219682,"69,222",100% bearish,of 1 rating,$45
ASTI,$0.1225,1440181219704,"1,572,015",83% bullish,of 6 ratings,$3
ASMI,NULL,1440181219749,0,NULL,NULL,NULL
AZPN,$38.38,1440181219879,"487,862",50% bullish,of 2 ratings,$42
ASML,$87.07,1440181219906,"677,807",67% bullish,of 3 ratings,$127
ASMB,$12.77,1440181219927,"70,646",67% bullish,of 3 ratings,N/A
ASFI,$8.97,1440181219960,"2,742",100% bullish,of 1 rating,N/A
ASTE,$36.55,1440181220246,"48,569",100% bearish,of 1 rating,$48
ASTC,$2.21,1440181220281,"31,654",100% bullish,of 5 ratings,N/A
ALOT,$13.37,1440181220315,533,100% bearish,of 1 rating,N/A
ATRO,$53.41,1440181220336,"59,421",100% bearish,of 2 ratings,$80
ASUR,$5.5,1440181220386,"8,129",100% bearish,of 1 rating,$8
ATAI,$2.73,1440181220417,"29,493",100% bearish,of 1 rating,N/A
ATRA,$42.495,1440181220473,"116,986",50% bullish,of 2 ratings,$68
ATHN,$133.45,1440181220521,"107,597",67% bearish,of 3 ratings,$153
ATHX,$1.1986,1440181220753,"181,549",89% bullish,of 9 ratings,$5
AFCB,$28.01,1440181220781,168,Not yet rated,NULL,N/A
AAME,$3.6399,1440181220918,831,Not yet rated,NULL,N/A
AAPC,$10.21,1440181220952,197,Not yet rated,NULL,N/A
ACFC,$5.97,1440181220974,"85,026",Not yet rated,NULL,$6.50
ATLC,$3.92,1440181220997,"6,100",67% bullish,of 3 ratings,N/A
ATNI,$74.41,1440181221031,"49,535",100% bearish,of 1 rating,$69.50
AAWW,$42.95,1440181221058,"225,554",50% bullish,of 2 ratings,$65
AFH,$16.74,1440181221209,"61,762",Not yet rated,NULL,$21.50
ATOS,$0.8401,1440181221320,"154,594",100% bullish,of 7 ratings,$7
ATML,$7.11,1440181221356,"1,660,370",78% bullish,of 9 ratings,$9.50
ATRM,$2.99,1440181221423,300,50% bullish,of 2 ratings,N/A
ATRC,$26.08,1440181221455,"161,430",100% bullish,of 1 rating,$30
ATRI,$390.01,1440181221477,"2,278",Not yet rated,NULL,N/A
ATTU,$13.8,1440181221507,"28,579",100% bearish,of 1 rating,$20.50
LIFE,$14.43,1440181221709,"27,223",86% bullish,of 7 ratings,$43
AUBN,$27.0001,1440181221842,502,Not yet rated,NULL,N/A
AUDC,$3.22,1440181221884,"47,082",80% bullish,of 5 ratings,$5
EARS,$4.83,1440181221910,"11,301",100% bearish,of 2 ratings,$11.50
AUPH,$3.19,1440181221938,"12,587",100% bearish,of 1 rating,$8
ADAT,$0.1259,1440181221960,"72,467",100% bullish,of 2 ratings,N/A
ADSK,$52.5499,1440181222000,"1,223,224",83% bullish,of 6 ratings,$69.50
ABTL,$17.91,1440181222021,"56,183",100% bullish,of 4 ratings,$20.25
ADP,$80.69,1440181222199,"1,037,793",100% bearish,of 1 rating,$88
AAVL,$10.745,1440181222330,"164,140",100% bearish,of 1 rating,$20
AVGO,$113.46,1440181222360,"2,220,221",88% bullish,of 8 ratings,$160
AVNU,NULL,1440181222427,0,Not yet rated,NULL,$14
AVEO,$1.42,1440181222456,"1,108,094",75% bullish,of 8 ratings,$3
AVGR,$14.43,1440181222528,"14,569",100% bearish,of 1 rating,$20
AVID,$8.04,1440181222713,"375,672",100% bearish,of 1 rating,$20
AVNW,$1.209,1440181222752,"91,437",50% bullish,of 2 ratings,$2.20
AXPW,$1.12,1440181222817,"30,761",83% bullish,of 6 ratings,N/A
ACLS,$3.36,1440181222840,"359,606",67% bullish,of 6 ratings,$4.75
AXPWW,NULL,1440181222881,0,Not yet rated,NULL,N/A
AWRE,$3.19,1440181222912,"3,720",67% bullish,of 3 ratings,N/A
CAR,$42.94,1440181222944,"1,137,287",80% bullish,of 5 ratings,$60
AXGN,$3.96,1440181223010,"12,894",Not yet rated,NULL,$5
BCOM,NULL,1440181223178,0,100% bearish,of 1 rating,N/A
AXTI,$2.15,1440181223282,"22,008",50% bullish,of 2 ratings,$2.75
RILY,$10,1440181223449,500,Not yet rated,NULL,N/A
BOSC,$2.2101,1440181223476,617,50% bullish,of 2 ratings,N/A
BCPC,$58.2,1440181223498,"73,176",100% bearish,of 1 rating,$75
BEAV,$49.145,1440181223531,"355,878",67% bearish,of 3 ratings,$59
BIDU,$155.49,1440181223562,"2,439,333",81% bullish,of 88 ratings,$210
BWINA,NULL,1440181223664,0,Not yet rated,NULL,N/A
BWINB,$23.05,1440181223689,"18,394",Not yet rated,NULL,N/A
BLDP,$1.26,1440181223868,"387,844",91% bullish,of 22 ratings,$2.50
BANF,$61.41,1440181223904,"11,984",Not yet rated,NULL,$68
BKMU,$7.15,1440181223933,"94,242",Not yet rated,NULL,$8
BANFP,NULL,1440181223960,0,Not yet rated,NULL,N/A
BOCH,$5.73,1440181224001,"16,683",Not yet rated,NULL,$6.50
BMRC,$48.8,1440181224104,"10,554",Not yet rated,NULL,$52
BKSC,$15.8899,1440181224142,237,Not yet rated,NULL,N/A
BOTJ,$11.15,1440181224354,"2,966",Not yet rated,NULL,N/A
OZRK,$40.985,1440181224381,"311,205",67% bullish,of 3 ratings,$49.50
BFIN,$12.14,1440181224456,"19,298",Not yet rated,NULL,$13
BWFG,$18.08,1440181224548,205,100% bearish,of 1 rating,N/A
BZUN,$5.84,1440181224577,"304,333",50% bullish,of 2 ratings,$12.60
BANR,$45.7499,1440181224605,"47,325",100% bullish,of 3 ratings,$50
TAPR,$29.38,1440181224627,"4,450",100% bearish,of 1 rating,N/A
BHAC,NULL,1440181224664,0,Not yet rated,NULL,N/A
BHACR,NULL,1440181224763,0,Not yet rated,NULL,N/A
BHACU,NULL,1440181224824,0,Not yet rated,NULL,N/A
BHACW,NULL,1440181224955,0,Not yet rated,NULL,N/A
BBSI,$34.99,1440181225017,"46,986",67% bearish,of 3 ratings,$62.50
BSET,$29.38,1440181225044,"27,930",100% bearish,of 1 rating,$35
BYBK,$5.09,1440181225071,878,100% bearish,of 1 rating,N/A
BYLK,$12.96,1440181225246,"2,938",Not yet rated,NULL,$14
BV,$5.16,1440181225287,"177,243",67% bullish,of 6 ratings,$9
BCBP,$11.74,1440181225347,"8,495",Not yet rated,NULL,N/A
BBCN,$14.9,1440181225418,"176,735",100% bearish,of 1 rating,$16
BDCV,$4.92,1440181225447,"6,167",100% bearish,of 1 rating,$10.19
BECN,$36.01,1440181225487,"193,839",50% bullish,of 2 ratings,$40
BBGI,NULL,1440181225513,0,100% bearish,of 1 rating,N/A
BSF,$8.65,1440181225581,"10,709",Not yet rated,NULL,N/A
BEBE,$1.79,1440181225651,"102,596",75% bullish,of 4 ratings,$3.075
BBBY,$62.24,1440181225717,"1,162,680",71% bullish,of 7 ratings,$75
BELFB,$18.06,1440181225909,"33,452",100% bearish,of 1 rating,N/A
BELFA,$15.5,1440181225962,100,100% bearish,of 1 rating,N/A
BLPH,$5.06,1440181225989,"20,577",100% bearish,of 1 rating,$12.50
BLCM,$17.74,1440181226057,"457,091",50% bullish,of 4 ratings,$40
BNFT,$36.76,1440181226125,"63,322",67% bullish,of 3 ratings,$46
BNTC,$7.95,1440181226187,"26,742",100% bullish,of 1 rating,N/A
BNCL,$12.79,1440181226212,"227,043",100% bullish,of 3 ratings,$12.50
BGCP,$8.95,1440181226256,"1,024,512",88% bullish,of 8 ratings,$14
BIND,$4.65,1440181226401,"36,314",67% bullish,of 3 ratings,$13.50
BGMD,$0.87,1440181226532,"131,742",100% bullish,of 10 ratings,N/A
BGFV,$10.97,1440181226559,"89,162",57% bullish,of 7 ratings,$12
ORPN,$5.5099,1440181226581,"12,767",100% bullish,of 1 rating,$28.50
BASI,$1.39,1440181226635,"4,846",Not yet rated,NULL,N/A
BCDA,NULL,1440181226742,0,Not yet rated,NULL,N/A
BCRX,$12.26,1440181226799,"380,526",63% bullish,of 8 ratings,$18
BIOC,$2.0701,1440181226870,"368,983",83% bullish,of 6 ratings,$3.85
BIIB,$305.76,1440181226955,"1,025,869",88% bullish,of 16 ratings,$400
BIOD,$0.69,1440181226985,"133,454",80% bullish,of 5 ratings,$4
BDSI,$6.72,1440181227015,"649,581",88% bullish,of 8 ratings,$17
BIOL,$1.4801,1440181227042,"10,852",Not yet rated,NULL,N/A
BLRX,$1.45,1440181227191,"185,739",100% bullish,of 12 ratings,$5
BLFS,$2.04,1440181227217,"76,776",100% bearish,of 1 rating,$4.75
BMRN,$128.6833,1440181227243,"516,081",80% bullish,of 5 ratings,$160
BVXVW,NULL,1440181227398,0,100% bearish,of 1 rating,N/A
BVXV,$3.95,1440181227427,"5,857",Not yet rated,NULL,N/A
BRLI,NULL,1440181227530,0,NULL,NULL,NULL
BPTH,$1.1,1440181227603,"58,604",100% bullish,of 2 ratings,$5
BIOS,$1.8,1440181227634,"590,997",71% bullish,of 7 ratings,$4
BSTC,$50.33,1440181227669,"54,260",100% bearish,of 1 rating,$76
BBC,$31.2201,1440181227741,"52,176",Not yet rated,NULL,N/A
BSPM,$0.656,1440181227799,"6,900",50% bullish,of 2 ratings,N/A
BOTA,$2.3,1440181227825,"29,569",88% bullish,of 8 ratings,N/A
BBP,$32.7601,1440181227853,"71,739",Not yet rated,NULL,N/A
BITI,$17.86,1440181228135,"30,394",100% bullish,of 1 rating,$28
BEAT,$13.7,1440181228165,"197,978",67% bearish,of 3 ratings,$15
TECH,$103.33,1440181228186,"61,229",100% bullish,of 1 rating,$117
BJRI,$44.93,1440181228221,"108,729",50% bullish,of 2 ratings,$55
BBOX,$15.5,1440181228251,"40,293",100% bearish,of 1 rating,N/A
BDMS,NULL,1440181228321,0,100% bearish,of 1 rating,N/A
BDE,$7.53,1440181228349,"123,235",50% bullish,of 2 ratings,$9
BBRY,$7.19,1440181228526,"3,406,117",61% bullish,of 330 ratings,$9
ADRA,$27.05,1440181228659,400,Not yet rated,NULL,N/A
BLKB,$58.76,1440181228686,"103,327",100% bearish,of 2 ratings,$66
BKCC,$9.06,1440181228714,"246,442",100% bullish,of 2 ratings,$10
HAWK,$42.312,1440181228749,"352,467",90% bullish,of 10 ratings,$49
ADRD,$22.2194,1440181228819,"5,822",100% bearish,of 1 rating,N/A
ADRE,$29.8044,1440181228847,"41,983",Not yet rated,NULL,N/A
ADRU,$22.0853,1440181229008,"2,168",100% bearish,of 1 rating,N/A
BLMN,$20.5,1440181229037,"1,191,795",83% bullish,of 6 ratings,$27.50
BLBD,$11.675,1440181229142,"3,704",Not yet rated,NULL,N/A
BCOR,$13.515,1440181229168,"125,886",57% bullish,of 7 ratings,$15
BUFF,$27.26,1440181229220,"355,953",83% bullish,of 12 ratings,$31.50
BBLU,$0.86,1440181229315,"90,449",100% bullish,of 2 ratings,$4.43
NILE,$34.54,1440181229375,"37,253",50% bullish,of 2 ratings,$34
BHBK,$14.07,1440181229429,"90,221",100% bullish,of 1 rating,$14.50
BKEP,$6.58,1440181229458,"33,101",100% bearish,of 1 rating,$8.50
BLUE,$127.19,1440181229480,"326,977",71% bullish,of 7 ratings,$217.50
BNCN,$21.22,1440181229624,"69,391",Not yet rated,NULL,$23
BKEPP,$7.773,1440181229653,"1,100",100% bearish,of 1 rating,N/A
BPMC,$26.99,1440181229702,"31,468",50% bullish,of 2 ratings,$47.50
BOBE,$44.79,1440181229871,"76,501",75% bullish,of 4 ratings,$57
WIFI,$7.89,1440181229897,"284,533",50% bullish,of 2 ratings,$13.50
BOFI,$124.315,1440181230034,"231,634",100% bullish,of 6 ratings,$144
BOKF,$62.37,1440181230061,"63,978",100% bearish,of 1 rating,$70.50
BAMM,$3.2,1440181230083,"8,639",60% bullish,of 5 ratings,N/A
BOJA,$21.07,1440181230119,"111,268",100% bullish,of 1 rating,$30
BONA,$11.88,1440181230141,"138,443",75% bullish,of 4 ratings,$8.50
BNSO,$1.39,1440181230276,"5,080",100% bearish,of 1 rating,N/A
BPFH,$12.2,1440181230305,"143,545",100% bearish,of 1 rating,$14
BPFHP,$25.9999,1440181230327,371,100% bearish,of 1 rating,N/A
BPFHW,$5.5,1440181230475,558,100% bearish,of 1 rating,N/A
BDBD,$8.53,1440181230506,"327,372",60% bullish,of 5 ratings,$10
EPAY,$25.62,1440181230604,"76,875",100% bearish,of 2 ratings,$30
BCLI,$2.97,1440181230663,"48,154",80% bullish,of 5 ratings,$12
BBRG,$12.66,1440181230850,"42,349",67% bullish,of 3 ratings,$14.50
BDGE,$27.2,1440181230910,"14,833",Not yet rated,NULL,$31.75
BBEP,$2.2601,1440181230952,"1,359,690",69% bullish,of 13 ratings,$5.625
BBEPP,$13.4748,1440181230974,"62,986",100% bearish,of 1 rating,N/A
BRID,$8.01,1440181231045,120,100% bearish,of 1 rating,N/A
BLIN,$1.21,1440181231073,"6,500",50% bullish,of 2 ratings,$2.20
BRCM,$49.24,1440181231094,"2,533,884",75% bullish,of 12 ratings,$56
BCOV,$5.29,1440181231117,"84,447",67% bullish,of 3 ratings,$10.20
BSFT,$31.2,1440181231345,"90,043",57% bullish,of 7 ratings,$40.50
BVSN,$5.64,1440181231375,"12,425",60% bearish,of 5 ratings,N/A
BYFC,$1.37,1440181231443,200,50% bullish,of 2 ratings,N/A
BWEN,$3.2523,1440181231471,"15,464",100% bullish,of 3 ratings,$8
BRCD,$10.785,1440181231610,"7,751,065",92% bullish,of 13 ratings,$12.50
BLMT,$20.84,1440181231768,"11,667",Not yet rated,NULL,N/A
BRKL,$10.83,1440181231807,"175,215",100% bearish,of 1 rating,$10.75
BRKR,$19.24,1440181231835,"106,414",100% bearish,of 2 ratings,$22
BMTC,$29.46,1440181231864,"43,745",Not yet rated,NULL,$34
BWLD,$191.58,1440181231897,"169,461",82% bullish,of 11 ratings,$205
BRKS,$10.43,1440181231925,"131,433",67% bullish,of 3 ratings,$15.25
BSQR,$6.12,1440181231948,"77,123",67% bullish,of 3 ratings,N/A
BLDR,$14.9699,1440181232090,"576,333",50% bullish,of 2 ratings,$22
BUR,$1.84,1440181232141,"2,200",100% bearish,of 1 rating,$8
CHRW,$67.955,1440181232277,"454,911",Not yet rated,NULL,$72
CFFI,$35.9001,1440181232303,"4,356",100% bearish,of 1 rating,N/A
CA,$27.827,1440181232463,"1,550,842",50% bullish,of 4 ratings,$33
CDNS,$20.13,1440181232494,"651,599",75% bullish,of 4 ratings,$22.50
CCMP,$44.68,1440181232531,"57,905",50% bullish,of 2 ratings,$59
CDZI,$7.57,1440181232629,"16,822",100% bearish,of 1 rating,N/A
CACQ,$7.1,1440181232659,"75,377",100% bearish,of 1 rating,$12.25
CZR,$7.95,1440181232684,"966,795",60% bearish,of 5 ratings,$10.50
CLBS,$1.315,1440181232716,"174,492",79% bullish,of 14 ratings,$4
PRSS,$4.47,1440181232738,"4,933",80% bullish,of 5 ratings,$4.50
CSTE,$44.39,1440181232926,"263,229",100% bearish,of 1 rating,$65
CLMS,$11.5201,1440181232991,"47,160",Not yet rated,NULL,$10.50
CHY,$11.55,1440181233028,"211,318",Not yet rated,NULL,N/A
CHI,$10.6464,1440181233054,"246,542",100% bearish,of 1 rating,N/A
CCD,$19.83,1440181233123,"174,007",Not yet rated,NULL,N/A
CFGE,NULL,1440181233290,0,Not yet rated,NULL,N/A
CSQ,$9.901,1440181233391,"433,571",Not yet rated,NULL,N/A
CHW,$7.615,1440181233419,"207,189",100% bearish,of 1 rating,N/A
CGO,$12,1440181233450,"22,678",100% bearish,of 1 rating,N/A
CFNB,$13.4,1440181233490,105,100% bearish,of 1 rating,N/A
CVGW,$54.81,1440181233519,"90,523",50% bullish,of 2 ratings,$58.50
CAMP,$15.87,1440181233547,"177,674",88% bullish,of 8 ratings,$25
CALM,$49.63,1440181233799,"325,356",80% bullish,of 5 ratings,$65
CALA,$5.1,1440181233825,"259,799",100% bullish,of 3 ratings,$19.50
CALD,$15.45,1440181233852,"237,145",100% bearish,of 1 rating,$20.50
CLMT,$25.2501,1440181233878,"275,319",75% bullish,of 8 ratings,$31
ABCD,$4.74,1440181234070,"102,362",83% bullish,of 6 ratings,N/A
CAMB,NULL,1440181234118,0,Not yet rated,NULL,N/A
CAMT,$2.763,1440181234214,"13,112",73% bullish,of 11 ratings,$4
CAC,$40.6,1440181234280,"12,671",Not yet rated,NULL,N/A
CSIQ,$17.98,1440181234349,"2,200,275",86% bullish,of 28 ratings,$45
CGIX,$9.46,1440181234417,"32,762",67% bullish,of 3 ratings,$14.375
CAMBU,NULL,1440181234448,0,100% bearish,of 1 rating,N/A
CAMBW,$0.14,1440181234473,100,Not yet rated,NULL,N/A
CPHC,$10.44,1440181234605,"1,500",100% bearish,of 1 rating,N/A
CPLA,$49.09,1440181234741,"40,540",50% bullish,of 2 ratings,$65
CBNJ,$10.6501,1440181234790,"40,999",100% bullish,of 1 rating,N/A
CBF,$30.22,1440181234889,"73,443",Not yet rated,NULL,$32
CCBG,$15.21,1440181235029,"20,850",Not yet rated,NULL,$17.25
CSWC,$47.35,1440181235076,"8,532",Not yet rated,NULL,N/A
CPLP,$6.99,1440181235103,"278,357",71% bullish,of 7 ratings,$11
CAPN,$1.905,1440181235166,"200,923",100% bullish,of 1 rating,$10.85
CAPNW,$0.6199,1440181235193,615,Not yet rated,NULL,N/A
CAPR,$3.9699,1440181235229,"3,817",Not yet rated,NULL,$12
CFFN,$12.05,1440181235329,"417,391",Not yet rated,NULL,$12.75
CPTA,$14.38,1440181235361,"33,190",Not yet rated,NULL,$18.50
CPST,$0.3664,1440181235406,"687,642",95% bullish,of 22 ratings,$1.25
CARB,$11.41,1440181235536,"51,858",75% bullish,of 4 ratings,$12
CARA,$21.314,1440181235591,"164,046",50% bullish,of 4 ratings,$25
CBYL,$6.51,1440181235692,"31,660",100% bearish,of 1 rating,$20
CRDC,$0.39,1440181235762,"7,650",100% bullish,of 1 rating,$1.25
CFNL,$22.615,1440181235822,"76,127",Not yet rated,NULL,$24
CRME,$9.47,1440181235915,"16,688",89% bullish,of 9 ratings,$11.25
CATM,$34.831,1440181235994,"177,557",100% bearish,of 1 rating,$44
CSII,$24.72,1440181236047,"378,707",100% bearish,of 2 ratings,$42.125
CTRE,$11.98,1440181236078,"124,547",50% bullish,of 2 ratings,N/A
CECO,$3.57,1440181236107,"299,604",67% bearish,of 3 ratings,$6
CKEC,$22.1,1440181236182,"200,135",50% bullish,of 2 ratings,$35.915
CLBH,$12.76,1440181236241,200,Not yet rated,NULL,$16.50
CDNA,$6.44,1440181236266,"4,400",100% bearish,of 1 rating,$9
CARO,$15.35,1440181236459,500,100% bearish,of 1 rating,$19
CRZO,$31.92,1440181236493,"594,281",67% bearish,of 3 ratings,$57
CART,NULL,1440181236515,0,100% bearish,of 1 rating,N/A
TAST,$11.95,1440181236597,"158,179",Not yet rated,NULL,$14.25
CASM,$1.1001,1440181236699,"1,627",100% bullish,of 1 rating,$3.50
CARV,$5.61,1440181236742,200,50% bullish,of 2 ratings,N/A
CRTN,NULL,1440181236793,0,100% bearish,of 1 rating,N/A
CACB,$5.44,1440181236841,"55,771",Not yet rated,NULL,$5.50
CSCD,$14.3,1440181236926,"51,752",100% bullish,of 2 ratings,$17
CASY,$105.755,1440181237001,"189,476",50% bullish,of 2 ratings,$99.50
CWST,$6.16,1440181237035,"167,561",50% bullish,of 2 ratings,$7
CASS,$48.01,1440181237140,"28,383",100% bearish,of 1 rating,N/A
CASI,$1.4764,1440181237165,"5,814",100% bullish,of 1 rating,$3.50
CATB,$11.42,1440181237221,"61,036",100% bearish,of 1 rating,$28
CPRX,$3.79,1440181237373,"736,336",71% bullish,of 7 ratings,$7
CATY,$30.51,1440181237482,"333,968",100% bearish,of 1 rating,$33.50
CVCO,$73.715,1440181237514,"29,162",100% bearish,of 1 rating,N/A
CATYW,$10.54,1440181237536,100,100% bearish,of 1 rating,N/A
CAVM,$67.58,1440181237616,"306,200",67% bearish,of 3 ratings,$72
CBFV,$20.56,1440181237676,"3,764",Not yet rated,NULL,N/A
CNLMR,NULL,1440181237772,0,Not yet rated,NULL,N/A
CNLMU,NULL,1440181237799,0,100% bullish,of 1 rating,N/A
CNLM,$9.97,1440181237825,"1,292",Not yet rated,NULL,N/A
CNLMW,NULL,1440181237955,0,Not yet rated,NULL,N/A
CBOE,$61.78,1440181238040,"215,538",Not yet rated,NULL,$60
CDW,$38.94,1440181238101,"439,307",75% bullish,of 4 ratings,$44
CDK,$48.7,1440181238143,"243,871",67% bearish,of 3 ratings,$50
CECE,$9.57,1440181238228,"66,535",50% bullish,of 2 ratings,$16
CPXX,$2.18,1440181238288,"51,868",100% bullish,of 2 ratings,$7
CELG,$122.18,1440181238327,"2,822,326",92% bullish,of 13 ratings,$155.50
CELGZ,$1.7999,1440181238461,"7,500",80% bullish,of 5 ratings,N/A
CLDN,$1.04,1440181238492,"173,477",71% bullish,of 7 ratings,$3
CLDX,$13.73,1440181238594,"1,522,833",89% bullish,of 9 ratings,$36
CLRBW,$0.94,1440181238624,200,Not yet rated,NULL,N/A
CLRB,$3.08,1440181238650,"2,107",100% bearish,of 1 rating,N/A
CLLS,$30.275,1440181238805,"82,075",75% bullish,of 4 ratings,$51.50
CBMG,$22.39,1440181238873,"32,056",50% bullish,of 2 ratings,N/A
CLTX,$3.25,1440181238900,"2,226,173",100% bullish,of 2 ratings,N/A
CLSN,$1.9301,1440181238922,"104,687",80% bullish,of 10 ratings,$7.50
CEMP,$36.1915,1440181239103,"541,826",71% bullish,of 7 ratings,$52
CYAD,$53.25,1440181239157,573,100% bullish,of 1 rating,$87.50
CFBK,$1.38,1440181239247,"5,900",Not yet rated,NULL,N/A
CSFL,$14.26,1440181239298,"97,953",Not yet rated,NULL,$15
CETX,$2.4801,1440181239324,"11,600",Not yet rated,NULL,$5.60
CENTA,$12.53,1440181239380,"110,318",Not yet rated,NULL,N/A
CENT,$12,1440181239406,"19,651",Not yet rated,NULL,$10
CETV,$2.061,1440181239461,"131,475",67% bullish,of 3 ratings,$2.80
CVCY,$10.962,1440181239565,105,Not yet rated,NULL,$12
CENX,$5.18,1440181239654,"927,250",67% bullish,of 6 ratings,$9
CNBKA,$40.59,1440181239699,"4,519",100% bullish,of 1 rating,N/A
CNTY,$6.1,1440181239831,"4,106",80% bullish,of 5 ratings,$7.75
CPHD,$48.74,1440181239858,"362,994",50% bullish,of 2 ratings,$66.50
CRNT,$1.37,1440181239992,"236,857",50% bullish,of 2 ratings,$2
CERE,$1.14,1440181240023,"352,272",88% bullish,of 8 ratings,N/A
CERN,$62.32,1440181240047,"932,666",67% bullish,of 3 ratings,$79
CERS,$4.82,1440181240121,"430,503",75% bullish,of 4 ratings,$7
CERU,$3.4,1440181240228,"16,139",75% bullish,of 4 ratings,$15
CYOU,$20.05,1440181240300,"327,750",50% bullish,of 6 ratings,$24
CEVA,$18.58,1440181240326,"31,515",100% bearish,of 1 rating,$25
KOOL,$0.71,1440181240371,"5,936",100% bullish,of 5 ratings,$7
HOTR,$1.38,1440181240500,"128,685",100% bullish,of 2 ratings,$5
HOTRW,NULL,1440181240526,0,Not yet rated,NULL,N/A
CTHR,$1.24,1440181240599,"47,840",50% bullish,of 2 ratings,$2.50
CHTR,$179.13,1440181240755,"445,492",100% bearish,of 2 ratings,$196
CHFN,$12.4999,1440181240856,"25,967",Not yet rated,NULL,$14
CHEKW,NULL,1440181240885,0,Not yet rated,NULL,N/A
CHKP,$77.8,1440181240921,"585,799",50% bullish,of 4 ratings,$92
GTLS,$22.67,1440181240950,"219,401",50% bullish,of 4 ratings,$40
CHEK,$3.02,1440181240972,700,Not yet rated,NULL,$7.75
CEMI,$4.28,1440181241011,"4,239",50% bullish,of 2 ratings,$7.50
CHFC,$32.19,1440181241037,"66,349",100% bearish,of 1 rating,$36
CHMG,$26.6,1440181241256,700,Not yet rated,NULL,$30
CCXI,$6.83,1440181241282,"74,812",67% bullish,of 3 ratings,$14
CHKE,$25.55,1440181241330,"20,932",100% bearish,of 1 rating,$32.50
CHMA,$24.2,1440181241460,"105,409",Not yet rated,NULL,$40
CHEV,$14.3501,1440181241488,"6,050",Not yet rated,NULL,N/A
CBNK,$16.51,1440181241560,215,100% bearish,of 1 rating,N/A
PLCE,$58.84,1440181241700,"243,962",100% bearish,of 1 rating,$71
CALI,$0.9172,1440181241731,"7,036",67% bullish,of 3 ratings,N/A
CAAS,$6.525,1440181241755,"29,670",93% bullish,of 14 ratings,$11.50
CMRX,$47.33,1440181241786,"246,704",50% bullish,of 2 ratings,$57
CADC,NULL,1440181241808,0,78% bullish,of 9 ratings,N/A
CBPO,$98.7401,1440181241954,"195,582",75% bullish,of 8 ratings,$140.50
CCCL,$0.8601,1440181241990,"1,030",100% bullish,of 6 ratings,N/A
CBAK,$1.854,1440181242031,"30,059",67% bullish,of 9 ratings,N/A
CCCR,$0.8309,1440181242134,"22,352",67% bearish,of 3 ratings,N/A
JRJC,$3.88,1440181242271,"150,132",82% bullish,of 11 ratings,N/A
CHOP,$1.1701,1440181242403,"52,942",50% bullish,of 2 ratings,N/A
HGSH,$1.83,1440181242432,"12,300",67% bullish,of 3 ratings,N/A
CJJD,$1.8892,1440181242467,"47,001",100% bullish,of 1 rating,N/A
CHLN,$2.05,1440181242498,"5,703",67% bullish,of 3 ratings,N/A
CNIT,$1.5299,1440181242521,"24,620",67% bullish,of 6 ratings,N/A
CHNR,$2.0373,1440181242561,600,100% bearish,of 1 rating,N/A
CREG,$0.69,1440181242613,"80,783",100% bullish,of 3 ratings,N/A
HTHT,$25.15,1440181242746,"53,365",50% bullish,of 2 ratings,$28
CSUN,$1.36,1440181242824,"13,989",80% bullish,of 5 ratings,N/A
CPGI,$6.9,1440181242889,800,Not yet rated,NULL,N/A
CNTF,$0.88,1440181242974,"107,901",Not yet rated,NULL,N/A
CNYD,$2.9865,1440181243130,"6,791",67% bullish,of 3 ratings,N/A
CXDC,$6.205,1440181243159,"91,529",67% bullish,of 3 ratings,N/A
CNET,$0.85,1440181243191,"30,903",50% bullish,of 2 ratings,N/A
CCIH,$5.8001,1440181243263,"789,287",67% bullish,of 6 ratings,$12.65
IMOS,$16.3,1440181243295,"149,913",60% bullish,of 5 ratings,$21.50
CHSCL,$27.13,1440181243391,"20,953",Not yet rated,NULL,N/A
CHSCM,$25.908,1440181243468,"29,576",Not yet rated,NULL,N/A
CHSCO,$28.35,1440181243500,"8,197",Not yet rated,NULL,N/A
CHSCN,$27.0444,1440181243599,"3,025",Not yet rated,NULL,N/A
CHSCP,$30.2899,1440181243627,"1,665",Not yet rated,NULL,N/A
CHDN,$134.85,1440181243682,"39,114",Not yet rated,NULL,$165
CHUY,$31.9014,1440181243765,"130,992",50% bullish,of 2 ratings,$34
CDTX,$14.17,1440181243899,"7,303",Not yet rated,NULL,$22
CIFC,$6.9,1440181243929,"7,398",Not yet rated,NULL,N/A
CMCT,$15.02,1440181243963,"2,610",100% bearish,of 1 rating,N/A
CMPR,$67.8,1440181244067,"292,086",50% bullish,of 2 ratings,$72.50
CINF,$54.5,1440181244094,"283,949",50% bullish,of 4 ratings,$50.50
CIDM,$0.633,1440181244227,"65,309",50% bullish,of 2 ratings,$2.10
CTAS,$85.83,1440181244257,"206,330",100% bearish,of 1 rating,$91
CPHR,$6.77,1440181244321,"1,200",100% bearish,of 1 rating,$16
CRUS,$27.91,1440181244354,"596,749",75% bullish,of 12 ratings,$44.50
CZNC,$19.86,1440181244451,"9,187",Not yet rated,NULL,N/A
CSCO,$26.98,1440181244482,"18,232,544",84% bullish,of 208 ratings,$32
CTRN,$27.82,1440181244534,"79,142",100% bearish,of 1 rating,$31.50
CZWI,NULL,1440181244715,0,Not yet rated,NULL,N/A
CZFC,$12.7201,1440181244741,700,Not yet rated,NULL,N/A
CIZN,$19.3541,1440181244768,611,Not yet rated,NULL,N/A
CHCO,$48.24,1440181244822,"36,484",Not yet rated,NULL,$46
CTXS,$74.98,1440181244920,"620,393",86% bullish,of 7 ratings,$80
CIVBP,NULL,1440181244948,0,Not yet rated,NULL,N/A
CIVB,$10.3,1440181245078,"5,137",Not yet rated,NULL,$11
CLNT,$1.62,1440181245175,"52,000",75% bullish,of 8 ratings,N/A
CLNE,$4.125,1440181245207,"828,137",80% bullish,of 15 ratings,$9
CDTI,$1.55,1440181245275,"53,060",75% bullish,of 4 ratings,$3.20
CLRO,$11.822,1440181245307,"3,103",50% bullish,of 2 ratings,$14.25
CLIR,$5.01,1440181245412,"5,143",100% bullish,of 3 ratings,N/A
CLFD,$17.23,1440181245441,"37,157",67% bullish,of 3 ratings,$18
CBLI,$3.88,1440181245584,"32,579",60% bullish,of 5 ratings,N/A
CLVS,$73.88,1440181245661,"240,754",60% bullish,of 5 ratings,$101.50
CSBK,$13.8,1440181245687,"36,510",Not yet rated,NULL,N/A
CMFN,$11.75,1440181245745,"10,059",100% bearish,of 1 rating,$15.50
CME,$93.09,1440181245774,"751,449",67% bullish,of 3 ratings,$102
CCNE,$17.28,1440181245904,"18,058",50% bullish,of 2 ratings,$21.50
CISG,$7.75,1440181246035,"130,898",100% bullish,of 5 ratings,$10
CNV,$4.61,1440181246216,"7,723",50% bullish,of 2 ratings,$7.15
CWAY,$11.26,1440181246399,304,Not yet rated,NULL,N/A
CDRB,$11.33,1440181246428,"5,506",67% bullish,of 3 ratings,N/A
COBZ,$13.01,1440181246450,"84,794",100% bullish,of 1 rating,$14
COKE,$156.1,1440181246487,"20,799",79% bullish,of 19 ratings,N/A
CDXS,$4.06,1440181246579,"31,405",64% bullish,of 11 ratings,$6
CVLY,$20.55,1440181246608,"5,769",Not yet rated,NULL,N/A
CCOI,$28.35,1440181246716,"183,175",50% bullish,of 4 ratings,$35
CGNT,$1.632,1440181246851,"21,232",100% bullish,of 2 ratings,$2
CGNX,$35.88,1440181246882,"378,604",50% bullish,of 2 ratings,$47
JVA,$4.611,1440181246904,"15,999",83% bullish,of 6 ratings,$7
CTSH,$64.43,1440181247040,"1,526,086",90% bullish,of 10 ratings,$75
CHRS,$30.28,1440181247067,"119,240",67% bearish,of 3 ratings,$37
COHR,$58.32,1440181247089,"75,725",50% bullish,of 2 ratings,$72
COHU,$9.78,1440181247231,"84,443",100% bearish,of 1 rating,$14.25
CLCT,$18.02,1440181247295,"48,906",100% bearish,of 1 rating,N/A
CLRX,$0.4901,1440181247335,"56,828",50% bullish,of 2 ratings,N/A
COLL,$15.225,1440181247360,"29,198",100% bearish,of 1 rating,$26
CBAN,$8.75,1440181247523,400,Not yet rated,NULL,N/A
CIGI,$44.6,1440181247594,"3,211",100% bearish,of 1 rating,$52
CLCD,$7.18,1440181247621,"10,785",100% bearish,of 1 rating,$20.50
COLB,$31.39,1440181247691,"136,677",Not yet rated,NULL,$36
CMCO,$19.43,1440181247716,"79,337",60% bullish,of 5 ratings,$28
COLM,$63.44,1440181247753,"122,539",100% bearish,of 1 rating,$71
CBMX,$1.2332,1440181247853,"28,747",83% bullish,of 6 ratings,$3.15
CMCSA,$57.59,1440181247879,"7,989,095",66% bullish,of 35 ratings,$69.50
CMCSK,$58.29,1440181248013,"1,840,864",Not yet rated,NULL,$84
CUBN,$13.8,1440181248183,"1,185",Not yet rated,NULL,N/A
CBSHP,$25.1901,1440181248235,916,100% bearish,of 1 rating,N/A
CBSH,$45.59,1440181248265,"154,606",50% bullish,of 2 ratings,$46
COMM,$29.62,1440181248323,"554,061",67% bearish,of 3 ratings,$35
CVGI,$4.71,1440181248367,"57,609",50% bullish,of 2 ratings,$6
CSAL,$21.28,1440181248430,"349,428",75% bullish,of 4 ratings,$30
JCS,$9.2135,1440181248462,300,67% bullish,of 3 ratings,N/A
ESXB,$5.1,1440181248561,"10,983",Not yet rated,NULL,N/A
CYHHZ,$0.011,1440181248656,"4,075",100% bullish,of 1 rating,N/A
CTBI,$35.03,1440181248687,"26,125",Not yet rated,NULL,$36
CWBC,$6.79,1440181248732,"2,010",Not yet rated,NULL,N/A
CVLT,$36.61,1440181248877,"203,161",75% bullish,of 4 ratings,$44.50
COB,$10.55,1440181248906,"18,098",100% bullish,of 1 rating,$11.75
CIL,$33.88,1440181248954,100,Not yet rated,NULL,N/A
CIZ,$33.4275,1440181249091,"4,774",100% bearish,of 1 rating,N/A
CSA,NULL,1440181249141,0,Not yet rated,NULL,N/A
CDC,$35.55,1440181249192,"19,596",Not yet rated,NULL,N/A
CID,$33.93,1440181249223,100,Not yet rated,NULL,N/A
CFO,$36.138,1440181249323,"11,925",100% bearish,of 1 rating,N/A
CSF,$37.21,1440181249364,"3,506",100% bearish,of 1 rating,N/A
CFA,$36.0701,1440181249497,"1,606",100% bearish,of 1 rating,N/A
CDL,$34.48,1440181249518,100,Not yet rated,NULL,N/A
CGEN,$5.16,1440181249601,"67,985",50% bullish,of 2 ratings,$11
CSB,NULL,1440181249651,0,Not yet rated,NULL,N/A
CTG,$6.64,1440181249827,"13,206",100% bearish,of 1 rating,$8.50
CPSI,$45.51,1440181249854,"42,459",100% bearish,of 1 rating,$45.50
SCOR,$57.68,1440181249988,"291,295",100% bearish,of 1 rating,$66
CHCI,$0.5921,1440181250042,"14,000",50% bullish,of 2 ratings,N/A
CMTL,$26.37,1440181250066,"36,450",100% bearish,of 2 ratings,$37
CNSI,$18.93,1440181250091,"112,342",100% bearish,of 2 ratings,$29
CXRX,$72.68,1440181250271,"3,494",Not yet rated,NULL,$90
CNAT,$4.0696,1440181250301,"109,063",83% bullish,of 6 ratings,$13
CNCE,$15.57,1440181250323,"165,489",75% bullish,of 4 ratings,$22
CCUR,$5.18,1440181250364,"13,228",75% bullish,of 4 ratings,N/A
CDOR,$1.4004,1440181250455,"5,049",100% bullish,of 1 rating,N/A
CDORP,$6.7921,1440181250484,800,100% bearish,of 1 rating,N/A
CDORO,NULL,1440181250511,0,100% bearish,of 1 rating,N/A
CFMS,$21.508,1440181250618,"210,951",Not yet rated,NULL,$27
CTWS,$35.2278,1440181250752,"27,122",100% bearish,of 1 rating,$44
CNFR,$10.4031,1440181250849,"13,246",Not yet rated,NULL,N/A
CNOB,$19.63,1440181250878,"97,462",100% bullish,of 1 rating,$23.50
CNMD,$55.27,1440181250905,"85,243",Not yet rated,NULL,$59
CNXR,$6.3323,1440181250941,"19,400",100% bearish,of 1 rating,$12
CONN,$31.63,1440181251014,"191,312",67% bullish,of 3 ratings,$48.50
CWCO,$10.77,1440181251045,"112,441",67% bullish,of 3 ratings,$14.50
CNSL,$20.1,1440181251072,"154,913",100% bearish,of 1 rating,$23
CPSS,$5.57,1440181251255,"43,473",100% bullish,of 1 rating,$10
CTCT,$24.33,1440181251305,"157,121",67% bullish,of 3 ratings,$37
CFRX,$5.12,1440181251338,"21,895",Not yet rated,NULL,$14
CFRXZ,$0.58,1440181251442,"1,000",Not yet rated,NULL,N/A
CFRXW,$1.89,1440181251469,"1,275",100% bearish,of 1 rating,N/A
CTRV,$3.6484,1440181251544,"27,665",Not yet rated,NULL,$6.40
CTRL,$8.02,1440181251569,"98,927",50% bullish,of 2 ratings,$11
CPRT,$34.98,1440181251703,"127,805",67% bearish,of 3 ratings,$40
CRBP,$2.05,1440181251808,"715,448",100% bullish,of 2 ratings,$6.25
CORT,$4.67,1440181251993,"301,777",67% bullish,of 3 ratings,$12
CORE,$60.64,1440181252130,"55,889",100% bearish,of 1 rating,$72
CSOD,$37.13,1440181252163,"253,604",50% bullish,of 2 ratings,$42
BVA,$3.7,1440181252185,"3,692",50% bullish,of 2 ratings,N/A
CRVL,$32.4,1440181252207,"19,198",100% bearish,of 1 rating,N/A
CORI,$11.06,1440181252240,"34,300",100% bearish,of 1 rating,$18
COSI,$1.13,1440181252269,"56,028",100% bullish,of 1 rating,N/A
CSGP,$184.26,1440181252407,"29,829",50% bullish,of 2 ratings,$235
CPAH,$0.4201,1440181252480,"8,900",50% bullish,of 2 ratings,N/A
COST,$140.63,1440181252521,"1,336,106",79% bullish,of 24 ratings,$154.50
ICBK,$18.24,1440181252549,116,Not yet rated,NULL,$21
CVTI,$22.59,1440181252613,"59,519",67% bearish,of 3 ratings,$39
COWN,$5.165,1440181252642,"558,495",75% bullish,of 4 ratings,$7
COVS,$2.56,1440181252666,"64,198",67% bullish,of 3 ratings,N/A
CPSH,NULL,1440181252948,0,Not yet rated,NULL,N/A
COWNL,$27.19,1440181252979,"3,000",Not yet rated,NULL,N/A
CRAI,$22.67,1440181253083,"20,010",Not yet rated,NULL,$36
CBRL,$145.08,1440181253117,"230,989",50% bullish,of 2 ratings,$155
BREW,$7.4,1440181253139,"42,429",67% bullish,of 6 ratings,$15
CACC,$195.41,1440181253174,"74,856",50% bullish,of 2 ratings,$158.50
CRAY,$20.95,1440181253196,"163,563",83% bullish,of 6 ratings,$38.50
GLDI,$11.118,1440181253230,"34,470",100% bearish,of 1 rating,N/A
SLVO,$10.4101,1440181253391,"3,000",100% bearish,of 1 rating,N/A
CREE,$25.585,1440181253419,"522,771",65% bullish,of 17 ratings,$29.50
CROX,$14.17,1440181253583,"658,305",63% bullish,of 8 ratings,$16.50
CRTO,$45.1,1440181253630,"393,776",67% bullish,of 6 ratings,$64
CRESY,$10.25,1440181253656,"15,913",100% bearish,of 1 rating,$19
CRWS,$8.0272,1440181253787,"1,515",Not yet rated,NULL,$10
CRDS,$1.02,1440181253817,"13,060",50% bullish,of 4 ratings,$4.50
CRWN,$4.64,1440181253845,"100,451",75% bullish,of 4 ratings,N/A
CCRN,$14.447,1440181253867,"110,747",100% bearish,of 1 rating,$14.25
CYRX,$3.07,1440181254068,"5,542",Not yet rated,NULL,$9
CSGS,$31.24,1440181254094,"99,478",Not yet rated,NULL,$40
CYRXW,$0.9001,1440181254121,500,Not yet rated,NULL,N/A
CCLP,$14.06,1440181254156,"49,712",67% bearish,of 3 ratings,$21
CTCM,$1.68,1440181254256,"157,090",80% bearish,of 5 ratings,$3.90
CSPI,$6.0801,1440181254285,"2,700",67% bullish,of 3 ratings,N/A
CTIC,$1.7,1440181254331,"1,372,326",84% bullish,of 76 ratings,$5.75
CTRP,$64.32,1440181254581,"985,161",75% bullish,of 8 ratings,$92
CUNB,$22.02,1440181254662,"34,340",Not yet rated,NULL,$24.50
CPIX,$5.87,1440181254691,"2,615",Not yet rated,NULL,N/A
CUI,$4.93,1440181254717,"57,481",50% bullish,of 2 ratings,$10
CTIB,NULL,1440181254744,0,100% bearish,of 1 rating,N/A
CMLS,$1.27,1440181254766,"653,371",50% bullish,of 4 ratings,$6
CUTR,$14.39,1440181254913,"41,556",67% bearish,of 3 ratings,$18
CVBF,$16.78,1440181254940,"278,484",Not yet rated,NULL,$18
CRIS,$2.65,1440181255078,"325,770",100% bullish,of 8 ratings,$6
CVV,$11.3416,1440181255103,"23,076",100% bullish,of 5 ratings,N/A
CYAN,$6.99,1440181255159,"1,160",100% bearish,of 1 rating,N/A
CYBR,$52.639,1440181255185,"1,513,896",86% bullish,of 7 ratings,$66
CYBX,$66.425,1440181255262,"373,480",50% bullish,of 4 ratings,$70
CYCC,$0.5799,1440181255423,"108,457",73% bullish,of 11 ratings,N/A
CYBE,$5.92,1440181255449,"5,450",100% bearish,of 1 rating,N/A
CYCCP,NULL,1440181255508,0,100% bearish,of 1 rating,N/A
CYNO,$32.09,1440181255613,"167,042",67% bearish,of 3 ratings,$45.50
CY,$9.47,1440181255639,"2,030,574",80% bullish,of 10 ratings,$15.50
CBAY,$2.75,1440181255668,"34,028",100% bullish,of 1 rating,$4
CYNA,$16.3,1440181255698,"19,605",100% bullish,of 1 rating,$31.50
CYRN,$1.65,1440181255837,"242,529",67% bullish,of 3 ratings,$4
CONE,$33.28,1440181255867,"281,418",67% bearish,of 3 ratings,$35
CYTX,$0.3746,1440181255898,"532,653",83% bullish,of 12 ratings,$5.50
CYTK,$6.75,1440181256003,"140,999",71% bullish,of 14 ratings,$13.50
CYTR,$2.21,1440181256076,"668,090",67% bullish,of 6 ratings,$10
CTSO,$7.07,1440181256173,"42,903",Not yet rated,NULL,$15.625
TVIZ,$14.3227,1440181256303,"1,660",100% bearish,of 1 rating,N/A
TVIX,$8.24,1440181256357,"14,064,023",81% bullish,of 16 ratings,N/A
ZIV,$47.36,1440181256395,"69,216",Not yet rated,NULL,N/A
DAEG,$0.3594,1440181256437,"4,100",100% bearish,of 1 rating,N/A
XIV,$38.7065,1440181256540,"17,830,267",75% bearish,of 4 ratings,N/A
DARA,$0.88,1440181256570,"35,611",83% bullish,of 6 ratings,$1.50
DAKT,$11.629,1440181256642,"92,930",50% bullish,of 2 ratings,$14
DJCO,$199.96,1440181256674,"1,530",Not yet rated,NULL,N/A
DAIO,$2.58,1440181256776,"3,412",Not yet rated,NULL,N/A
DTLK,$5.52,1440181256804,"75,137",100% bearish,of 1 rating,$9
DRAM,NULL,1440181256940,0,78% bullish,of 9 ratings,N/A
PLAY,$34.805,1440181257016,"164,449",100% bullish,of 5 ratings,$42
DWCH,$5.02,1440181257044,"19,367",75% bullish,of 4 ratings,$8.25
DWSN,$4.055,1440181257110,"28,597",67% bullish,of 3 ratings,$6
DTEA,$13.51,1440181257181,"104,578",100% bearish,of 2 ratings,$24
DHRM,$1.78,1440181257443,700,Not yet rated,NULL,N/A
DFRG,$14.8,1440181257470,"134,723",100% bearish,of 1 rating,$20
DBVT,$39.59,1440181257493,"71,254",100% bearish,of 1 rating,$53
DCTH,$0.4775,1440181257537,"63,442",78% bullish,of 9 ratings,N/A
TRAK,$62.93,1440181257559,"794,782",50% bullish,of 2 ratings,$62.50
TACO,$13.11,1440181257583,"184,697",100% bullish,of 3 ratings,$20
TACOW,$4.21,1440181257611,"2,650",100% bullish,of 1 rating,N/A
DGAS,$20.236,1440181257645,"1,513",67% bearish,of 3 ratings,N/A
DENN,$11.935,1440181257908,"286,310",100% bullish,of 3 ratings,$15
DELT,NULL,1440181258011,0,Not yet rated,NULL,N/A
DELTW,NULL,1440181258036,0,Not yet rated,NULL,N/A
DSCI,$6.5,1440181258065,"34,770",50% bullish,of 2 ratings,$16
DEPO,$29.03,1440181258089,"701,871",60% bullish,of 5 ratings,$29
XRAY,$54.445,1440181258114,"333,724",100% bullish,of 1 rating,$58
DXLG,$4.57,1440181258262,"40,555",100% bearish,of 1 rating,$8
DSWL,$1.7501,1440181258315,"6,825",100% bullish,of 1 rating,N/A
DEST,$11.84,1440181258398,"20,872",50% bullish,of 2 ratings,N/A
DXCM,$90.14,1440181258473,"640,336",57% bullish,of 7 ratings,$98
DXM,$0.3033,1440181258509,"19,049",50% bullish,of 2 ratings,N/A
DERM,$24.02,1440181258541,"207,468",100% bearish,of 1 rating,$33.50
DMND,$30.38,1440181258602,"122,128",75% bullish,of 12 ratings,$32
DHIL,$187,1440181258642,"15,912",Not yet rated,NULL,N/A
DHXM,NULL,1440181258667,0,Not yet rated,NULL,N/A
DCIX,$1.74,1440181258931,"59,376",50% bullish,of 4 ratings,$3.50
FANG,$67.03,1440181259006,"568,732",50% bullish,of 2 ratings,$86
DGII,$10,1440181259033,"51,862",100% bearish,of 1 rating,$10
DMRC,$36.77,1440181259063,"44,831",100% bearish,of 1 rating,$44
DGLY,$6.6999,1440181259197,"198,123",50% bullish,of 6 ratings,$20
DCOM,$16.82,1440181259227,"93,046",100% bearish,of 2 ratings,$16.50
DRNA,$10.52,1440181259249,"69,274",67% bearish,of 3 ratings,$25
DRAD,$3.89,1440181259271,"10,858",100% bullish,of 1 rating,$5.25
APPS,$2.37,1440181259433,"156,696",100% bearish,of 1 rating,$10.25
DIOD,$19.475,1440181259463,"118,014",75% bearish,of 4 ratings,$24
DISCA,$27.2,1440181259591,"1,695,101",67% bullish,of 3 ratings,$34
DISCB,NULL,1440181259617,0,100% bearish,of 1 rating,$35
DPRX,$12.15,1440181259689,"13,043",100% bullish,of 2 ratings,$27.75
DSCO,$0.4126,1440181259723,"92,362",83% bullish,of 6 ratings,$2.75
DISCK,$25.98,1440181259745,"1,149,176",100% bearish,of 1 rating,$32
DISH,$62.05,1440181259822,"903,517",69% bullish,of 13 ratings,$73
BAGR,$3.07,1440181259988,"11,975",100% bearish,of 1 rating,$6
DNBF,$27.45,1440181260017,"6,927",Not yet rated,NULL,$27.50
DLHC,$2.32,1440181260049,"5,468",100% bearish,of 1 rating,N/A
DVCR,$10.2,1440181260146,"15,206",100% bullish,of 1 rating,N/A
DGICB,NULL,1440181260205,0,100% bearish,of 1 rating,N/A
DGICA,$14.18,1440181260231,"12,352",100% bearish,of 1 rating,$17
DLTR,$77.501,1440181260278,"1,379,342",82% bullish,of 11 ratings,$88
DMLP,$13.79,1440181260411,"32,378",100% bearish,of 1 rating,N/A
DORM,$50.23,1440181260584,"164,425",100% bearish,of 1 rating,$56
HILL,$9.68,1440181260612,"1,202,797",60% bearish,of 5 ratings,$9.75
DRWI,$0.2625,1440181260648,"158,384",60% bullish,of 5 ratings,$.45
DRYS,$0.3545,1440181260818,"1,035,070",77% bullish,of 31 ratings,$.60
DWA,$19.03,1440181260846,"476,908",63% bullish,of 8 ratings,$26
DSKX,$3.42,1440181260876,"85,448",100% bullish,of 1 rating,N/A
DRWIW,$0.0589,1440181260897,"1,381",Not yet rated,NULL,N/A
CADTR,NULL,1440181261035,0,Not yet rated,NULL,N/A
DSPG,$8.64,1440181261102,"43,029",100% bearish,of 1 rating,$13.50
CADTU,NULL,1440181261138,0,Not yet rated,NULL,N/A
CADT,$10.02,1440181261168,103,Not yet rated,NULL,N/A
CADTW,NULL,1440181261273,0,Not yet rated,NULL,N/A
DTSI,$26.38,1440181261301,"61,169",100% bearish,of 2 ratings,$39.50
DNKN,$50.49,1440181261439,"749,137",67% bullish,of 15 ratings,$56.50
DYAX,$22.84,1440181261542,"469,299",89% bullish,of 9 ratings,$30
DRRX,$2.05,1440181261578,"250,012",50% bullish,of 6 ratings,$3
DXPE,$28.7699,1440181261605,"65,089",50% bullish,of 2 ratings,N/A
BOOM,$9.94,1440181261676,"20,799",67% bullish,of 3 ratings,$12
DYSL,$1.5,1440181261707,"108,364",100% bullish,of 2 ratings,N/A
DYNT,$2.86,1440181261746,100,75% bullish,of 4 ratings,N/A
DVAX,$28.16,1440181261878,"246,752",70% bullish,of 10 ratings,$40
ETFC,$25.9843,1440181261904,"1,463,656",57% bullish,of 14 ratings,$33
EBMT,$11.54,1440181262067,"17,154",Not yet rated,NULL,$13.50
EGBN,$43.29,1440181262103,"57,261",Not yet rated,NULL,$48
EGLE,$6.13,1440181262133,"42,774",60% bullish,of 5 ratings,N/A
EGRX,$68.28,1440181262235,"311,157",67% bullish,of 3 ratings,$97
EROC,$1.1,1440181262262,"281,760",50% bullish,of 2 ratings,$3
ELNK,$8.66,1440181262288,"548,677",60% bullish,of 5 ratings,$9.50
EML,$16.78,1440181262420,"5,069",Not yet rated,NULL,N/A
EWBC,$41.81,1440181262449,"622,440",100% bearish,of 1 rating,$50
EACQU,NULL,1440181262480,0,Not yet rated,NULL,N/A
EVBS,$6.45,1440181262630,"5,322",Not yet rated,NULL,$7
EBIX,$28.6,1440181262687,"212,329",69% bullish,of 13 ratings,$40
ECHO,$25.045,1440181262713,"251,059",67% bearish,of 3 ratings,$35.50
EBAY,$26.1101,1440181262762,"6,371,746",81% bullish,of 117 ratings,$48
ELON,$0.5425,1440181262815,"54,169",50% bullish,of 2 ratings,N/A
SATS,$44.15,1440181262952,"79,963",50% bullish,of 2 ratings,$60
ECTE,$1.5499,1440181262978,"47,102",75% bullish,of 4 ratings,N/A
EEI,$11.13,1440181263111,"4,719",67% bearish,of 3 ratings,N/A
ECACU,$10.05,1440181263160,"1,319",Not yet rated,NULL,N/A
EDGW,$7.14,1440181263239,"35,202",100% bearish,of 1 rating,N/A
ESES,$3.39,1440181263270,"7,807",100% bearish,of 1 rating,$7
EDAP,$3.2499,1440181263292,"113,641",60% bullish,of 5 ratings,$4.50
EFUT,NULL,1440181263338,0,Not yet rated,NULL,N/A
EDUC,$4.59,1440181263370,"7,083",100% bearish,of 1 rating,N/A
EGLT,$11.56,1440181263470,"15,107",50% bullish,of 2 ratings,$21
EGAN,$3.466,1440181263552,"7,608",50% bullish,of 2 ratings,$6.25
LOCO,$12.354,1440181263655,"732,459",69% bullish,of 13 ratings,$20
EMITF,$1.286,1440181263756,"6,900",75% bullish,of 4 ratings,N/A
EHTH,$14.13,1440181263786,"100,118",50% bullish,of 4 ratings,$16.50
ESLT,$80.51,1440181263856,"1,652",100% bullish,of 2 ratings,N/A
ERI,$9.63,1440181263920,"95,323",100% bearish,of 1 rating,$10
EA,$66.79,1440181263989,"2,066,834",77% bullish,of 35 ratings,$80
ESIO,$4.58,1440181264020,"22,460",50% bullish,of 2 ratings,$10
ELRC,$10.689,1440181264048,"42,911",100% bearish,of 1 rating,N/A
EFII,$44.19,1440181264179,"124,216",80% bullish,of 5 ratings,$55
ELSE,$4.02,1440181264320,"1,000",60% bullish,of 5 ratings,N/A
ELEC,NULL,1440181264351,0,Not yet rated,NULL,N/A
ELECU,NULL,1440181264382,0,Not yet rated,NULL,N/A
ELECW,NULL,1440181264453,0,Not yet rated,NULL,N/A
EBIO,$3.48,1440181264483,"730,076",100% bearish,of 2 ratings,$8.35
CAPX,$23.0299,1440181264616,100,Not yet rated,NULL,N/A
RDEN,$10.44,1440181264646,"65,638",100% bearish,of 4 ratings,$15
ESBK,$19.37,1440181264748,726,Not yet rated,NULL,N/A
LONG,$17.28,1440181264809,"15,964",67% bullish,of 3 ratings,$15.75
EMCI,$23.15,1440181264838,"11,899",Not yet rated,NULL,N/A
ELTK,$1.08,1440181264860,"19,201",67% bearish,of 3 ratings,N/A
EMCF,NULL,1440181264913,0,100% bearish,of 1 rating,N/A
EMKR,$7.11,1440181265068,"52,681",75% bullish,of 4 ratings,$8.50
NYNY,$4.07,1440181265197,"63,547",50% bullish,of 2 ratings,N/A
EMMS,$1.25,1440181265281,"1,500",67% bullish,of 6 ratings,N/A
EMMSP,$3.5,1440181265309,100,100% bearish,of 1 rating,N/A
ERS,$2.88,1440181265331,"1,300",Not yet rated,NULL,N/A
ENTA,$40.26,1440181265527,"82,054",50% bullish,of 2 ratings,$42
ECPG,$39.04,1440181265556,"74,378",100% bullish,of 2 ratings,$52
WIRE,$33.06,1440181265578,"85,699",100% bearish,of 1 rating,$37
ENDP,$78.325,1440181265611,"961,091",50% bullish,of 6 ratings,$104
ECYT,$5.27,1440181265639,"180,499",83% bullish,of 6 ratings,$12
EIGI,$15.6,1440181265786,"521,087",67% bearish,of 3 ratings,$22.50
ELGX,$13.2975,1440181265919,"361,075",75% bullish,of 4 ratings,$17
WATT,$6.87,1440181265946,"47,210",50% bullish,of 2 ratings,$13
ERII,$2.87,1440181265968,"54,251",80% bullish,of 5 ratings,$2.50
EXXI,$1.5001,1440181266134,"1,277,840",86% bullish,of 7 ratings,$3.50
ENG,$1.0199,1440181266365,"4,803",100% bullish,of 3 ratings,N/A
ENFC,NULL,1440181266395,0,Not yet rated,NULL,N/A
ENTG,$13.94,1440181266417,"266,018",100% bearish,of 1 rating,$18
ENOC,$8.12,1440181266458,"142,622",75% bullish,of 4 ratings,$18
ENPH,$4.485,1440181266480,"352,365",75% bullish,of 4 ratings,$11
ESGR,$151.482,1440181266502,"34,688",100% bearish,of 1 rating,$185
ENTL,$21.525,1440181266550,"10,892",Not yet rated,NULL,$28
ETRM,$0.2302,1440181266718,"305,380",69% bearish,of 35 ratings,$1.625
EBTC,$19.93,1440181266804,"6,015",Not yet rated,NULL,N/A
EFSC,$24.7752,1440181266897,"32,398",Not yet rated,NULL,$27
EGT,$2.089,1440181266930,"1,400",100% bullish,of 1 rating,N/A
EFOI,$16.08,1440181267027,"262,604",50% bullish,of 2 ratings,$20.50
ENVI,$1.7999,1440181267164,"15,004",67% bullish,of 3 ratings,N/A
ENZN,$1.0169,1440181267194,"553,301",100% bullish,of 9 ratings,N/A
EPIQ,$13.9,1440181267217,"63,066",100% bearish,of 1 rating,$18
ENZY,$8.96,1440181267242,"8,796",67% bullish,of 3 ratings,$9.50
EPZM,$16.51,1440181267282,"170,837",60% bullish,of 5 ratings,$34
EQIX,$276.87,1440181267384,"334,061",67% bullish,of 3 ratings,$312.50
EPRS,$4.8,1440181267413,"49,303",82% bullish,of 11 ratings,$15
PLUS,$79.39,1440181267435,"79,538",50% bullish,of 2 ratings,$88
EAC,$3.7,1440181267589,"9,198",100% bearish,of 1 rating,$8
EQFN,$8.32,1440181267616,100,Not yet rated,NULL,N/A
ERIC,$9.9101,1440181267675,"1,583,412",63% bullish,of 8 ratings,$12.20
ERIE,$85.97,1440181267839,"11,997",Not yet rated,NULL,$73
ESCR,$0.1898,1440181267869,"29,353",50% bullish,of 2 ratings,N/A
ESCRP,$1.61,1440181267895,"3,377",100% bearish,of 1 rating,N/A
ESCA,$18.48,1440181267922,"17,395",100% bearish,of 1 rating,$22
ESPR,$56.28,1440181268114,"1,075,721",67% bearish,of 9 ratings,$123
ESND,$35.41,1440181268149,"51,296",100% bearish,of 2 ratings,$40
ESSA,$12.78,1440181268171,"2,589",100% bearish,of 1 rating,N/A
ESMC,$1.3,1440181268192,354,Not yet rated,NULL,N/A
EPIX,NULL,1440181268249,0,Not yet rated,NULL,N/A
ETSY,$13.88,1440181268351,"552,066",80% bullish,of 5 ratings,$16
ESSX,$0.5214,1440181268393,"6,290",50% bullish,of 2 ratings,N/A
CLWT,NULL,1440181268420,0,100% bearish,of 1 rating,N/A
EEFT,$65.59,1440181268553,"143,608",100% bearish,of 1 rating,$67.50
EVEP,$7.27,1440181268745,"204,969",50% bullish,of 2 ratings,$15
ESEA,$6.13,1440181268807,"1,702",100% bullish,of 1 rating,$15
EVOK,$4.184,1440181268840,"88,769",100% bearish,of 1 rating,$13.375
EVK,$3.6718,1440181268862,201,75% bearish,of 4 ratings,N/A
EVOL,$5.92,1440181268906,"7,624",75% bullish,of 4 ratings,$10
EXA,$10.74,1440181268932,"13,525",100% bearish,of 1 rating,$13
EVLV,$2.16,1440181268965,"31,103",60% bullish,of 5 ratings,$6.50
EXAS,$20.71,1440181269063,"895,122",78% bullish,of 9 ratings,$31
EXEL,$5.34,1440181269244,"4,099,343",81% bullish,of 16 ratings,$6
EXAC,$18.86,1440181269285,"38,834",100% bearish,of 1 rating,$22.50
EXPE,$116.16,1440181269345,"612,944",64% bullish,of 11 ratings,$130
EXLS,$37.16,1440181269367,"66,379",100% bullish,of 1 rating,$41
EXFO,$2.9,1440181269416,"1,100",67% bearish,of 3 ratings,$3.95
EXPD,$48.76,1440181269443,"881,671",80% bullish,of 5 ratings,$51.50
EXPO,$43.14,1440181269670,"56,721",100% bearish,of 1 rating,$45.50
EYEG,$4.1,1440181269709,"15,780",Not yet rated,NULL,N/A
ESRX,$86.08,1440181269738,"2,083,109",67% bearish,of 6 ratings,$101
EXTR,$2.9,1440181269766,"599,753",80% bullish,of 5 ratings,$3
EXLP,$18.28,1440181269793,"60,794",100% bearish,of 1 rating,$27
EYEGW,$1.24,1440181269821,700,Not yet rated,NULL,N/A
EZCH,$21.7,1440181269986,"73,461",75% bullish,of 8 ratings,$19.50
FB,$87.7336,1440181270061,"27,072,726",73% bullish,of 1065 ratings,$111
EZPW,$6.09,1440181270124,"129,040",50% bullish,of 4 ratings,$7.50
FFIV,$125.66,1440181270164,"403,489",63% bullish,of 8 ratings,$132
FCS,$13.36,1440181270230,"662,664",67% bearish,of 3 ratings,$17
FWM,$2.24,1440181270370,"125,210",100% bearish,of 2 ratings,$3.20
FRP,$17.03,1440181270400,"35,356",100% bearish,of 1 rating,$18
FALC,$1.63,1440181270441,"3,459",63% bearish,of 8 ratings,N/A
FARM,$22.8,1440181270549,"8,730",100% bearish,of 1 rating,$35
DAVE,$14.15,1440181270577,"12,930",100% bearish,of 1 rating,$15.50
FFKT,$26.76,1440181270620,"9,800",Not yet rated,NULL,$29
FMNB,$8.12,1440181270710,"1,700",Not yet rated,NULL,N/A
FARO,$39.02,1440181270732,"66,112",50% bullish,of 2 ratings,$48
FAST,$39.47,1440181270814,"1,655,862",80% bullish,of 5 ratings,$46
FATE,$6.26,1440181270952,"39,361",50% bullish,of 2 ratings,$11
FBSS,NULL,1440181270981,0,Not yet rated,NULL,N/A
FBRC,$22.46,1440181271003,"27,925",100% bearish,of 1 rating,$29
FEIC,$78.46,1440181271235,"234,488",50% bullish,of 2 ratings,$95.50
FNHC,$21.9924,1440181271264,"53,861",100% bearish,of 1 rating,$35
FDML,$9.05,1440181271288,"145,062",50% bullish,of 4 ratings,$14
FHCO,$1.4099,1440181271451,"14,602",50% bullish,of 4 ratings,N/A
FENX,$9.79,1440181271500,"33,963",100% bullish,of 1 rating,$14.25
FCSC,$5.84,1440181271531,"142,412",100% bearish,of 1 rating,$8.125
FGEN,$23.405,1440181271553,"275,184",100% bearish,of 1 rating,$39
FDUS,$14.56,1440181271634,"48,070",100% bullish,of 1 rating,$18
ONEQ,$188.5852,1440181271700,"28,347",100% bullish,of 1 rating,N/A
LION,$19.33,1440181271800,"72,405",100% bullish,of 1 rating,$20
FRGI,$52.5,1440181271826,"97,046",50% bullish,of 2 ratings,$70
FSAM,$8.72,1440181272019,"5,712",100% bearish,of 1 rating,$11
FSC,$6.43,1440181272041,"542,913",75% bullish,of 4 ratings,$8
FSFR,$8.94,1440181272071,"93,406",100% bearish,of 1 rating,$11.50
FSCFL,$24.55,1440181272096,"7,246",Not yet rated,NULL,N/A
FITB,$20.12,1440181272126,"3,688,099",54% bullish,of 13 ratings,$22
FITBI,$27.6672,1440181272279,"5,402",Not yet rated,NULL,N/A
FNGN,$33.89,1440181272309,"255,176",67% bullish,of 3 ratings,$47
FNSR,$15.54,1440181272410,"708,826",71% bullish,of 7 ratings,$24.50
FISI,$24.93,1440181272504,"33,115",100% bullish,of 2 ratings,$24.50
FNTCU,NULL,1440181272716,0,Not yet rated,NULL,N/A
FNTCW,NULL,1440181272746,0,Not yet rated,NULL,N/A
FNJN,$1.68,1440181272778,"9,481",100% bearish,of 1 rating,$5
FEYE,$37.71,1440181272823,"5,071,756",87% bullish,of 15 ratings,$55.50
FNTC,NULL,1440181272848,0,Not yet rated,NULL,N/A
FBNC,$16.82,1440181272876,"31,681",100% bullish,of 1 rating,$20
FNLC,$18.545,1440181272904,"11,484",100% bullish,of 1 rating,N/A
FRBA,$6.0388,1440181273094,481,Not yet rated,NULL,$8
BUSE,$6.35,1440181273126,"131,074",Not yet rated,NULL,$6.875
FCVA,$4.58,1440181273227,"1,000",Not yet rated,NULL,N/A
FBIZ,$44.13,1440181273284,"19,998",100% bearish,of 2 ratings,$52
FCNCA,$241.36,1440181273329,"12,654",Not yet rated,NULL,N/A
FCAP,$26.6,1440181273362,200,Not yet rated,NULL,N/A
FCFS,$38.13,1440181273418,"85,275",100% bearish,of 2 ratings,$48
FCLF,NULL,1440181273578,0,Not yet rated,NULL,N/A
FCBC,$18.07,1440181273718,"30,293",Not yet rated,NULL,$18
FCFP,$6.9,1440181273746,"1,000",Not yet rated,NULL,N/A
FBNK,$16.54,1440181273769,"37,208",100% bearish,of 1 rating,$17.50
FCCO,$11.92,1440181273797,196,Not yet rated,NULL,$13.25
FDEF,$38.203,1440181273829,"25,096",Not yet rated,NULL,$38
FFNM,$6.31,1440181273851,"2,890",Not yet rated,NULL,N/A
FFBC,$18.87,1440181274022,"101,241",67% bearish,of 3 ratings,$20.25
FFBCW,NULL,1440181274068,0,100% bearish,of 1 rating,N/A
FFIN,$31.34,1440181274153,"178,842",50% bullish,of 2 ratings,$31.75
THFF,$33.17,1440181274178,"23,749",Not yet rated,NULL,$35
FFNW,$12.33,1440181274252,"11,116",Not yet rated,NULL,$14
FFWM,$21.38,1440181274329,"8,888",Not yet rated,NULL,$24
INBK,$32.01,1440181274474,"11,583",50% bullish,of 2 ratings,$37
FIBK,$26.96,1440181274537,"58,447",Not yet rated,NULL,$32
FNBC,$34.45,1440181274565,"64,869",Not yet rated,NULL,$41.50
FRME,$25.43,1440181274603,"116,806",Not yet rated,NULL,$26.50
FMBI,$17.92,1440181274635,"203,622",Not yet rated,NULL,$20
FMBH,NULL,1440181274733,0,Not yet rated,NULL,N/A
FNWB,$12.0824,1440181274798,"4,510",Not yet rated,NULL,N/A
FNFG,$9.29,1440181274824,"1,014,543",80% bullish,of 5 ratings,$9
FSFG,$30.1754,1440181275863,729,Not yet rated,NULL,N/A
FSLR,$46.8,1440181275933,"1,225,253",74% bullish,of 39 ratings,$65
FSGI,$2.49,1440181275966,"3,043",Not yet rated,NULL,N/A
BICK,$19.6,1440181275997,"1,198",100% bullish,of 1 rating,N/A
FBZ,NULL,1440181276069,0,Not yet rated,NULL,N/A
FSBK,$7.76,1440181276097,"1,125",100% bullish,of 1 rating,N/A
FTCS,$37.0999,1440181276123,"18,941",Not yet rated,NULL,N/A
FCAN,$23.85,1440181276173,322,Not yet rated,NULL,N/A
FCA,$20.2754,1440181276399,"2,187",Not yet rated,NULL,N/A
FEMB,NULL,1440181276471,0,Not yet rated,NULL,N/A
IFV,$17.75,1440181276502,"1,740,883",100% bearish,of 1 rating,N/A
FTSM,$59.9047,1440181276528,"7,628",100% bearish,of 1 rating,N/A
FV,$23.5302,1440181276554,"2,756,895",Not yet rated,NULL,N/A
FEUZ,$31.16,1440181276603,"2,590",Not yet rated,NULL,N/A
TDIV,$24.805,1440181276854,"284,780",100% bearish,of 1 rating,N/A
MDIV,$19.343,1440181276910,"446,577",Not yet rated,NULL,N/A
FGM,$35.0086,1440181276931,"59,643",Not yet rated,NULL,N/A
HYLS,$49.4201,1440181276971,"27,666",100% bearish,of 1 rating,N/A
FTGC,$22.0908,1440181276998,"109,249",Not yet rated,NULL,N/A
FHK,$33.1,1440181277065,"108,361",Not yet rated,NULL,N/A
FTHI,$19.7199,1440181277091,"5,589",Not yet rated,NULL,N/A
YDIV,$16.62,1440181277268,"2,431",Not yet rated,NULL,N/A
FPXI,$27.51,1440181277342,"1,159",Not yet rated,NULL,N/A
SKYY,$29.18,1440181277370,"59,096",100% bullish,of 1 rating,N/A
CU,$12.81,1440181277500,"9,770",100% bearish,of 1 rating,N/A
FJP,$46.56,1440181277551,"36,315",Not yet rated,NULL,N/A
PLTM,$6.6799,1440181277577,"3,262",100% bearish,of 1 rating,N/A
LMBS,$50.41,1440181277633,900,Not yet rated,NULL,N/A
FTLB,$19.523,1440181277713,"2,357",100% bearish,of 1 rating,N/A
FMB,NULL,1440181277771,0,Not yet rated,NULL,N/A
CIBR,$18.3,1440181277874,"113,188",Not yet rated,NULL,N/A
QABA,$38.2599,1440181277906,"28,469",100% bearish,of 1 rating,N/A
FONE,$34.89,1440181278003,600,Not yet rated,NULL,N/A
QCLN,$14.77,1440181278032,"12,336",Not yet rated,NULL,N/A
CARZ,$34.78,1440181278166,"7,170",100% bearish,of 1 rating,N/A
RDVY,$21.63,1440181278194,"58,418",Not yet rated,NULL,N/A
GRID,$31.63,1440181278245,824,100% bearish,of 1 rating,N/A
QTEC,$39.9153,1440181278376,"135,223",Not yet rated,NULL,N/A
QQXT,$40.77,1440181278402,"48,488",Not yet rated,NULL,N/A
AIRR,$16.25,1440181278470,"7,958",100% bearish,of 1 rating,N/A
QQEW,$41.95,1440181278498,"273,717",Not yet rated,NULL,N/A
QINC,$20.94,1440181278668,"1,500",Not yet rated,NULL,N/A
FTSL,$48.7772,1440181278697,"24,400",100% bearish,of 1 rating,N/A
FKO,$22.07,1440181278719,"2,500",Not yet rated,NULL,N/A
FDIV,$47.59,1440181278868,"5,998",100% bearish,of 1 rating,N/A
FSZ,$39.0891,1440181278895,"65,001",Not yet rated,NULL,N/A
FTW,NULL,1440181278961,0,Not yet rated,NULL,N/A
TUSA,$25.08,1440181279032,"4,920",Not yet rated,NULL,N/A
FKU,$41.8705,1440181279173,"66,272",Not yet rated,NULL,N/A
FUNC,$8.32,1440181279241,"3,336",Not yet rated,NULL,N/A
FSV,$31.955,1440181279270,"10,000",Not yet rated,NULL,$33.60
SVVC,$10.3026,1440181279292,"26,784",100% bullish,of 1 rating,$26
FMER,$17.71,1440181279322,"976,375",50% bullish,of 2 ratings,$20
FISV,$86.37,1440181279481,"536,889",100% bearish,of 3 ratings,$90
FIVE,$35.72,1440181279509,"234,703",75% bearish,of 4 ratings,$44
FPRX,$18.76,1440181279645,"204,489",50% bullish,of 2 ratings,$35
FIVN,$4.16,1440181279721,"129,061",100% bullish,of 1 rating,$8.50
FLML,$21.51,1440181279794,"87,213",50% bullish,of 2 ratings,$30
FLXN,$24.72,1440181279821,"63,497",100% bearish,of 1 rating,$40
FLKS,$13.2688,1440181279847,"43,314",50% bullish,of 2 ratings,$27
MBSD,NULL,1440181280173,0,Not yet rated,NULL,N/A
SKOR,$50.32,1440181280201,900,Not yet rated,NULL,N/A
FLEX,$10.585,1440181280236,"1,212,559",63% bullish,of 8 ratings,$12
FLDM,$12.755,1440181280275,"499,557",67% bearish,of 3 ratings,$21.50
FLXS,$31.04,1440181280336,"24,368",100% bearish,of 2 ratings,N/A
FOGO,$19.08,1440181280369,"73,792",50% bullish,of 2 ratings,$25.50
FLIR,$29.255,1440181280391,"335,318",100% bearish,of 1 rating,$38.50
FFIC,$20.44,1440181280424,"26,899",Not yet rated,NULL,$21
FONR,$9.6,1440181280644,"14,409",100% bullish,of 1 rating,N/A
FOMX,$9.95,1440181280702,"80,247",50% bullish,of 2 ratings,$23.50
FES,$0.93,1440181280777,"4,145",50% bullish,of 2 ratings,$1
FORM,$6.1,1440181280871,"169,281",67% bullish,of 3 ratings,$10.50
FORR,$32.43,1440181280903,"27,293",Not yet rated,NULL,N/A
FORTY,$35.45,1440181280930,"3,658",Not yet rated,NULL,N/A
FTNT,$43.58,1440181281013,"1,305,662",80% bullish,of 10 ratings,$52
FBIO,$2.6,1440181281146,"157,107",83% bullish,of 6 ratings,N/A
FWRD,$47.32,1440181281184,"207,374",100% bearish,of 1 rating,$50
FORD,$1.01,1440181281220,"67,634",50% bullish,of 2 ratings,N/A
FOSL,$60.65,1440181281250,"395,919",50% bullish,of 4 ratings,$80
FWP,$25.97,1440181281321,"20,019",100% bearish,of 1 rating,$45
FMI,$21.8,1440181281349,"281,139",100% bearish,of 2 ratings,$27.50
FXCB,$17.44,1440181281425,"14,298",Not yet rated,NULL,$19
FRAN,$10.27,1440181281680,"350,206",50% bullish,of 4 ratings,$15
FOXF,$15.35,1440181281709,"41,260",100% bearish,of 1 rating,$19
FRED,$14.54,1440181281749,"127,240",50% bullish,of 2 ratings,$16.50
FREE,$0.4499,1440181281775,"742,720",92% bullish,of 12 ratings,N/A
FELE,$29.3,1440181281804,"173,610",50% bullish,of 4 ratings,$33
RAIL,$21.29,1440181281938,"86,727",100% bearish,of 1 rating,$24.50
FRPT,$13,1440181281966,"289,494",67% bearish,of 3 ratings,$23.50
FEIM,$10.93,1440181281997,"4,444",100% bearish,of 1 rating,N/A
FTR,$5.1517,1440181282130,"13,242,972",78% bullish,of 27 ratings,$6.25
FRPH,$30.57,1440181282158,"8,806",100% bearish,of 1 rating,N/A
FTRPR,$102.55,1440181282190,"60,373",100% bearish,of 1 rating,N/A
FSBW,$23.0365,1440181282326,"2,000",Not yet rated,NULL,N/A
FTD,$29.91,1440181282356,"61,942",100% bearish,of 1 rating,$40
FSYS,$6.33,1440181282454,"28,088",67% bullish,of 3 ratings,$10
FCEL,$0.7392,1440181282515,"1,338,580",88% bullish,of 40 ratings,$2.65
FTEK,$2.15,1440181282551,"20,552",75% bullish,of 4 ratings,N/A
FULLL,$25.33,1440181282684,900,Not yet rated,NULL,N/A
FULL,$3.14,1440181282715,"42,883",67% bearish,of 3 ratings,$4.25
FULT,$12.5,1440181282742,"686,811",100% bearish,of 1 rating,$13
FSNN,$2.49,1440181282813,"1,500",67% bullish,of 3 ratings,$6
FLL,$1.5195,1440181282872,"9,913",75% bullish,of 4 ratings,$2.825
FFHL,NULL,1440181282910,0,50% bullish,of 4 ratings,N/A
FXENP,$15.85,1440181282938,"1,000",100% bearish,of 1 rating,N/A
FXEN,$0.87,1440181282967,"85,760",75% bullish,of 4 ratings,$1.10
GK,$70.33,1440181283101,"35,975",Not yet rated,NULL,$78
GAIA,$5.86,1440181283136,"16,593",50% bullish,of 2 ratings,$8.50
WILC,$5.13,1440181283164,375,100% bullish,of 2 ratings,N/A
GLPG,$62,1440181283330,"22,937",100% bullish,of 1 rating,$75
GALT,$1.915,1440181283379,"71,182",80% bullish,of 5 ratings,N/A
GALTU,NULL,1440181283459,0,100% bearish,of 1 rating,N/A
GALE,$1.3421,1440181283535,"1,044,972",89% bullish,of 47 ratings,$4
GALTW,NULL,1440181283565,0,100% bullish,of 1 rating,N/A
GLPI,$31.79,1440181283607,"321,324",100% bearish,of 1 rating,$37.50
GPIC,NULL,1440181283640,0,100% bearish,of 1 rating,N/A
GLMD,$8.61,1440181283669,"4,912",67% bullish,of 3 ratings,$20.50
GRMN,$38.76,1440181283739,"835,548",50% bullish,of 6 ratings,$48
GGACR,NULL,1440181283881,0,100% bullish,of 1 rating,N/A
GGAC,NULL,1440181283913,0,100% bearish,of 1 rating,N/A
GGACU,NULL,1440181283940,0,Not yet rated,NULL,N/A
GGACW,$0.12,1440181284015,274,Not yet rated,NULL,N/A
GARS,$14.87,1440181284147,"18,151",Not yet rated,NULL,$16
GNCMA,$16.855,1440181284283,"88,950",100% bearish,of 1 rating,$12
GFN,$3.5601,1440181284305,"22,765",100% bearish,of 2 ratings,$8
GENC,$9.4,1440181284337,"1,228",100% bearish,of 1 rating,N/A
GFNSL,$25.8,1440181284366,"1,200",Not yet rated,NULL,N/A
GFNCP,NULL,1440181284392,0,Not yet rated,NULL,N/A
GNMK,$9.44,1440181284533,"117,821",67% bullish,of 6 ratings,$14
GENE,$2.4,1440181284560,"107,444",100% bullish,of 12 ratings,N/A
GNCA,$12.69,1440181284614,"119,260",100% bearish,of 1 rating,$20
GHDX,$25.64,1440181284697,"70,363",50% bullish,of 2 ratings,$30
THRM,$44.28,1440181284758,"192,995",75% bearish,of 4 ratings,$55.50
GNTX,$15.32,1440181284783,"837,892",Not yet rated,NULL,$20
GNVC,$2.21,1440181285059,"32,265",90% bullish,of 10 ratings,$8.50
GABC,$29.81,1440181285093,"23,115",Not yet rated,NULL,$31.50
GTWN,NULL,1440181285114,0,Not yet rated,NULL,N/A
GEOS,$15.44,1440181285136,"58,896",100% bearish,of 3 ratings,$25.50
GERN,$3.1185,1440181285188,"1,549,628",88% bullish,of 16 ratings,$5.25
GEVO,$2.28,1440181285272,"179,327",75% bullish,of 12 ratings,$5
ROCK,$17.64,1440181285301,"128,224",80% bullish,of 5 ratings,$24
GIGA,$1.3605,1440181285329,"25,393",100% bearish,of 1 rating,N/A
GILT,$4.47,1440181285494,"1,923",50% bullish,of 2 ratings,N/A
GIII,$65.51,1440181285527,"176,001",67% bullish,of 3 ratings,$75
GIGM,$0.61,1440181285549,"63,516",100% bullish,of 2 ratings,N/A
GILD,$108.46,1440181285723,"8,860,070",91% bullish,of 86 ratings,$129
GBCI,$26.56,1440181285852,"173,853",50% bullish,of 2 ratings,$31
GLAD,$8.5,1440181285881,"125,862",50% bullish,of 2 ratings,$8.75
GLADO,$25.49,1440181285905,"2,400",Not yet rated,NULL,N/A
GOOD,$15.51,1440181285939,"69,907",Not yet rated,NULL,$19
GOODN,$25.64,1440181286037,286,Not yet rated,NULL,N/A
GOODP,NULL,1440181286066,0,Not yet rated,NULL,N/A
GOODO,$25.1001,1440181286097,601,Not yet rated,NULL,N/A
GAIN,$7.455,1440181286124,"211,155",100% bullish,of 2 ratings,$8.25
GAINN,NULL,1440181286337,0,Not yet rated,NULL,N/A
GAINP,$26.0001,1440181286441,"1,800",Not yet rated,NULL,N/A
GAINO,$25.3501,1440181286477,"1,326",Not yet rated,NULL,N/A
LAND,$9.59,1440181286537,"8,300",50% bullish,of 2 ratings,$13.75
GBT,$45,1440181286569,"182,482",100% bearish,of 1 rating,N/A
GLBZ,NULL,1440181286642,0,Not yet rated,NULL,N/A
GDEF,NULL,1440181286708,0,Not yet rated,NULL,N/A
ENT,$11.79,1440181286783,"114,816",100% bearish,of 1 rating,$18
GBLI,$26.31,1440181286851,"10,103",Not yet rated,NULL,N/A
ACTX,$13.53,1440181286917,400,100% bullish,of 1 rating,N/A
GPACU,$10.1,1440181286947,200,Not yet rated,NULL,N/A
GSOL,$8.37,1440181286977,"9,850",100% bearish,of 1 rating,N/A
QQQC,$19.5,1440181287081,"4,350",100% bearish,of 1 rating,N/A
SOCL,$17.3701,1440181287136,"65,869",100% bullish,of 2 ratings,N/A
ALTY,$14.587,1440181287240,700,Not yet rated,NULL,N/A
SRET,$13.6001,1440181287266,"3,074",Not yet rated,NULL,N/A
YLCO,$11.8536,1440181287422,134,Not yet rated,NULL,N/A
GAI,$5.27,1440181287555,"2,910",50% bullish,of 2 ratings,N/A
GLRI,$1.16,1440181287584,"75,405",100% bearish,of 1 rating,$6
GLBS,$1.0601,1440181287606,300,67% bullish,of 3 ratings,N/A
GSM,$13.175,1440181287642,"201,976",50% bullish,of 2 ratings,$24.50
GLUU,$4.41,1440181287674,"1,761,615",92% bullish,of 26 ratings,$9
GOGO,$15.79,1440181287696,"316,039",80% bullish,of 5 ratings,$25
GBIM,$2.279,1440181287776,"30,414",50% bullish,of 2 ratings,N/A
GLNG,$35.87,1440181287974,"411,571",83% bullish,of 6 ratings,$58
GLYC,$7.17,1440181288023,"6,599",50% bullish,of 2 ratings,$14
GLDC,$4.07,1440181288054,"4,230",50% bullish,of 2 ratings,N/A
GMLP,$19.31,1440181288160,"85,943",50% bullish,of 4 ratings,$32.50
GOGL,$2.985,1440181288266,"429,162",75% bullish,of 4 ratings,$5
GOOG,$627,1440181288299,"1,152,841",89% bullish,of 66 ratings,$825
GDEN,$8.75,1440181288332,"8,413",50% bullish,of 2 ratings,N/A
GTIM,$6.37,1440181288398,"69,863",Not yet rated,NULL,$11.50
GBDC,$16.53,1440181288429,"88,820",Not yet rated,NULL,$17.75
GPRO,$49.67,1440181288459,"4,097,135",78% bullish,of 58 ratings,$72
GMAN,$4.42,1440181288526,"51,725",60% bullish,of 5 ratings,$8
GOOGL,$659.99,1440181288632,"1,128,555",88% bullish,of 1079 ratings,$749
GPIA,NULL,1440181288724,0,Not yet rated,NULL,N/A
GPIAU,NULL,1440181288749,0,Not yet rated,NULL,N/A
GPIAW,NULL,1440181288790,0,Not yet rated,NULL,N/A
LOPE,$37.15,1440181288925,"245,836",100% bearish,of 2 ratings,$50
GRVY,$3.381,1440181289057,"1,000",50% bullish,of 2 ratings,N/A
GBSN,$1.4439,1440181289164,"520,811",100% bearish,of 1 rating,$8.25
GLDD,$5.45,1440181289196,"203,582",100% bearish,of 4 ratings,$7.75
GSBC,$40.81,1440181289219,"18,811",100% bullish,of 1 rating,$44
GBSNU,$16.9999,1440181289256,"15,616",Not yet rated,NULL,N/A
GNBC,$12.35,1440181289278,"11,114",100% bearish,of 1 rating,$17
GRBK,$13.64,1440181289359,"112,860",77% bullish,of 13 ratings,N/A
GPP,$14.74,1440181289494,"23,128",Not yet rated,NULL,$20.50
GPRE,$18.91,1440181289522,"465,290",67% bullish,of 6 ratings,$28.50
GLRE,$25.04,1440181289594,"160,071",50% bullish,of 2 ratings,$41
GCBC,NULL,1440181289624,0,100% bullish,of 1 rating,N/A
GRIF,$30.38,1440181289726,151,100% bearish,of 1 rating,N/A
GRPN,$4.115,1440181289888,"4,533,100",61% bullish,of 71 ratings,$6.75
GRFS,$31.06,1440181289944,"107,891",50% bullish,of 2 ratings,$35
GGAL,$17.96,1440181289979,"313,873",80% bullish,of 5 ratings,$40
OMAB,$39.64,1440181290001,"16,953",100% bullish,of 1 rating,$44
GSIT,$5,1440181290038,"9,184",100% bearish,of 1 rating,N/A
GSIG,$13.27,1440181290071,"41,948",100% bearish,of 2 ratings,N/A
GBNK,$15.88,1440181290100,"27,584",100% bearish,of 1 rating,$18
GSVC,$8.905,1440181290174,"92,432",50% bullish,of 2 ratings,$14.50
GTXI,$0.9,1440181290304,"24,296",100% bullish,of 5 ratings,$.75
GFED,NULL,1440181290405,0,Not yet rated,NULL,$17
GUID,$7.49,1440181290472,"138,867",100% bearish,of 3 ratings,$10
GIFI,$12.05,1440181290659,"13,334",100% bearish,of 1 rating,$16
GPOR,$34.16,1440181290702,"459,805",75% bullish,of 4 ratings,$55
GURE,$1.71,1440181290728,"73,612",88% bullish,of 8 ratings,N/A
GWPH,$105.73,1440181290756,"148,720",78% bullish,of 9 ratings,$148.50
GYRO,$2.85,1440181290886,"59,516",100% bearish,of 1 rating,N/A
HEES,$16.4601,1440181290913,"160,970",67% bearish,of 3 ratings,$31
GWGH,$7.43,1440181290940,984,100% bearish,of 1 rating,$15.05
GULTU,$0.295,1440181290972,"99,836",100% bearish,of 1 rating,N/A
HLG,$9.64,1440181291103,"3,000",100% bearish,of 1 rating,N/A
HALL,$11.64,1440181291133,"25,472",Not yet rated,NULL,N/A
HNRG,$7.25,1440181291160,"92,321",100% bearish,of 1 rating,$10
HALO,$17.7399,1440181291238,"885,792",67% bullish,of 3 ratings,$22.50
HBK,NULL,1440181291370,0,50% bullish,of 2 ratings,N/A
HMPR,$1.86,1440181291595,"82,492",100% bullish,of 1 rating,N/A
HNSN,$0.4951,1440181291619,"43,414",88% bullish,of 8 ratings,$.40
HBHC,$27.09,1440181291658,"281,328",50% bullish,of 2 ratings,$30
HAFC,$24.89,1440181291680,"44,046",100% bullish,of 2 ratings,$28.50
HBHCL,$24.5,1440181291714,"16,529",Not yet rated,NULL,N/A
HNH,$28.25,1440181291753,"19,581",100% bullish,of 1 rating,N/A
HLIT,$5.6,1440181291814,"205,108",100% bearish,of 1 rating,$6.50
HDNG,$9.9406,1440181291889,"6,623",50% bullish,of 4 ratings,N/A
HRMN,NULL,1440181292025,0,Not yet rated,NULL,N/A
HRMNW,NULL,1440181292096,0,Not yet rated,NULL,N/A
HRMNU,NULL,1440181292121,0,Not yet rated,NULL,N/A
HQCL,$9.055,1440181292149,"12,900",67% bullish,of 3 ratings,N/A
TINY,$2.502,1440181292284,"15,429",50% bullish,of 2 ratings,$5.26
HBIO,$4.455,1440181292365,"63,466",Not yet rated,NULL,$10
HART,$0.6922,1440181292390,"87,171",100% bearish,of 1 rating,N/A
HCAP,$11.9675,1440181292526,"19,908",50% bullish,of 2 ratings,$15
HAS,$76.06,1440181292559,"543,606",63% bullish,of 8 ratings,$84.50
HCAPL,$25.41,1440181292581,"1,573",Not yet rated,NULL,N/A
HCOM,$22.58,1440181292616,"20,798",100% bearish,of 1 rating,$28
HA,$23.8,1440181292657,"546,881",67% bullish,of 9 ratings,$27
HWBK,$13.54,1440181292867,235,100% bearish,of 1 rating,N/A
HAYN,$38.35,1440181292925,"21,602",100% bearish,of 1 rating,$59
HDS,$33.28,1440181292950,"734,499",100% bearish,of 2 ratings,$39.50
HWKN,$37.16,1440181293001,"16,424",Not yet rated,NULL,N/A
HIIQ,$4.58,1440181293143,"21,258",50% bullish,of 2 ratings,$7
HQY,$29.59,1440181293248,"261,458",67% bullish,of 3 ratings,$31
HWAY,$12.47,1440181293275,"124,897",100% bearish,of 1 rating,$15
HCSG,$33.94,1440181293309,"203,604",50% bullish,of 4 ratings,$35
HSTM,$24.82,1440181293331,"132,801",50% bullish,of 2 ratings,$33.75
HTLD,$20.24,1440181293411,"262,594",Not yet rated,NULL,$22.50
HTLF,$36.39,1440181293462,"37,665",100% bullish,of 1 rating,$39.50
HTBX,$5.32,1440181293514,"21,190",50% bullish,of 2 ratings,$15.50
HTWR,$83.55,1440181293560,"141,001",50% bullish,of 2 ratings,$103
HELE,$88.14,1440181293696,"87,857",67% bearish,of 3 ratings,$100
HSII,$20.27,1440181293830,"40,167",100% bullish,of 3 ratings,$25
HMNY,$2.1929,1440181293885,"2,178",100% bearish,of 1 rating,N/A
HNNA,$24.45,1440181293986,"10,985",Not yet rated,NULL,N/A
HCACU,$10.0043,1440181294026,"2,000",Not yet rated,NULL,N/A
HMTV,$13,1440181294084,"8,976",100% bearish,of 1 rating,$16
HSIC,$139.81,1440181294112,"198,665",83% bullish,of 6 ratings,$146
HTBK,$11.13,1440181294138,"74,459",Not yet rated,NULL,$12
HERO,$0.0699,1440181294274,"1,315,508",81% bullish,of 16 ratings,$.75
HFWA,$17.89,1440181294308,"42,906",100% bullish,of 1 rating,$20
HCCI,$11.59,1440181294409,"19,330",100% bearish,of 1 rating,$16.50
MLHR,$28.41,1440181294438,"129,456",50% bullish,of 2 ratings,$33.50
HEOP,$8,1440181294467,"16,724",Not yet rated,NULL,$8.50
HSKA,$33.61,1440181294573,"24,618",100% bearish,of 1 rating,$38
HRTX,$35.27,1440181294624,"549,164",67% bullish,of 6 ratings,$41
HFFC,$16.2,1440181294785,832,Not yet rated,NULL,N/A
HIBB,$37.71,1440181294853,"715,370",100% bearish,of 1 rating,$48.50
HIHO,$4.0006,1440181294883,"7,592",Not yet rated,NULL,N/A
HIMX,$6.37,1440181294910,"839,139",86% bullish,of 21 ratings,$8.50
HPJ,$2.25,1440181294938,"105,719",75% bullish,of 4 ratings,$12.43
HIFS,$118.59,1440181294966,"1,569",Not yet rated,NULL,N/A
HSGX,$5.74,1440181295102,"23,205",100% bearish,of 1 rating,$17
HMSY,$8.92,1440181295171,"851,431",67% bullish,of 3 ratings,$19.35
HOLX,$40.1071,1440181295271,"1,242,552",67% bullish,of 3 ratings,$42
HMNF,$11.1,1440181295302,"2,410",Not yet rated,NULL,N/A
HOLI,$16.89,1440181295347,"130,144",50% bullish,of 4 ratings,$27
HOMB,$39.42,1440181295406,"231,867",Not yet rated,NULL,$41
HBCP,$24.28,1440181295432,"29,618",Not yet rated,NULL,$29
HFBL,$22,1440181295568,"1,100",Not yet rated,NULL,N/A
HMIN,$29.1,1440181295703,"38,614",100% bearish,of 2 ratings,$35
AWAY,$29.5,1440181295734,"411,290",67% bullish,of 3 ratings,$36
HMST,$21.5,1440181295786,"70,184",100% bullish,of 2 ratings,$27
HTBI,$18.46,1440181295868,"44,576",67% bullish,of 3 ratings,$18.625
HFBC,$11.64,1440181296002,"2,429",Not yet rated,NULL,N/A
HOFT,$24.58,1440181296031,"40,252",100% bearish,of 1 rating,N/A
HKTV,$4.8,1440181296057,811,100% bearish,of 1 rating,N/A
CETC,$0.782,1440181296088,"33,372",86% bullish,of 7 ratings,N/A
HBNC,$24.23,1440181296164,"24,089",100% bullish,of 1 rating,$27
HZNP,$29.4098,1440181296259,"1,812,140",85% bullish,of 20 ratings,$40
HRZN,$10.62,1440181296295,"33,534",100% bearish,of 1 rating,$14.25
HDP,$25.835,1440181296467,"150,530",67% bearish,of 3 ratings,$30.50
HMHC,$22.58,1440181296499,"570,695",Not yet rated,NULL,$27
ZINC,$7.165,1440181296560,"366,321",100% bearish,of 1 rating,$17
HWCC,$7.21,1440181296595,"39,879",100% bearish,of 1 rating,$9
HOVNP,NULL,1440181296628,0,100% bearish,of 1 rating,N/A
HTGM,$5.62,1440181296797,"4,702",100% bearish,of 1 rating,$19.50
HUBG,$39.49,1440181296892,"130,683",100% bearish,of 1 rating,$43
HBMD,$13.46,1440181296918,300,100% bearish,of 1 rating,N/A
HSNI,$61.42,1440181296988,"162,399",Not yet rated,NULL,$80
HCBK,$9.76,1440181297019,"1,125,792",83% bullish,of 6 ratings,$8.61
HSON,$2.82,1440181297086,"12,849",100% bearish,of 1 rating,$5
HBAN,$11.16,1440181297155,"3,793,361",76% bullish,of 17 ratings,$12.29
HDSN,$2.84,1440181297219,"23,616",100% bullish,of 1 rating,$6.25
HBANP,$1337,1440181297314,11,100% bearish,of 1 rating,N/A
HURN,$73.4,1440181297448,"65,890",50% bullish,of 2 ratings,$80
HURC,$30,1440181297484,"9,969",100% bearish,of 1 rating,N/A
HTCH,$1.601,1440181297511,"42,333",100% bearish,of 1 rating,$3.50
HBP,NULL,1440181297576,0,100% bullish,of 1 rating,N/A
HDRA,NULL,1440181297603,0,Not yet rated,NULL,N/A
HDRAR,NULL,1440181297748,0,Not yet rated,NULL,N/A
HDRAU,NULL,1440181297815,0,Not yet rated,NULL,N/A
HYGS,$7.54,1440181297845,"22,896",50% bullish,of 2 ratings,$13
HDRAW,NULL,1440181297875,0,Not yet rated,NULL,N/A
IDSY,$3.8501,1440181297981,"3,564",100% bearish,of 1 rating,$7
IKGH,$1.81,1440181298044,"10,114",75% bullish,of 4 ratings,N/A
IBKC,$60.77,1440181298071,"135,128",100% bullish,of 1 rating,$70
IACI,$71.95,1440181298150,"467,737",75% bullish,of 4 ratings,$90
IEP,$67.631,1440181298283,"97,582",75% bullish,of 4 ratings,$99
ICFI,$35.89,1440181298425,"64,283",50% bullish,of 2 ratings,$48.50
ICAD,$3.54,1440181298459,"10,400",50% bullish,of 2 ratings,$7.25
ICLR,$77.91,1440181298481,"199,233",100% bearish,of 3 ratings,$85
ICUI,$115.66,1440181298523,"87,348",Not yet rated,NULL,$122
ICON,$12.35,1440181298554,"393,785",50% bullish,of 2 ratings,$18.50
IPWR,$7.47,1440181298655,747,100% bullish,of 1 rating,$15
INVE,$4.7,1440181298784,"88,407",75% bullish,of 4 ratings,$4
IDXX,$74.98,1440181298881,"247,238",100% bearish,of 1 rating,$77
IDRA,$2.5801,1440181298911,"868,616",89% bullish,of 9 ratings,$6.50
IRG,$4.875,1440181299043,"7,316",100% bearish,of 1 rating,$4.50
DSKY,$12.05,1440181299073,"168,596",67% bullish,of 6 ratings,$11.50
IROQ,$16.5,1440181299101,500,100% bullish,of 1 rating,N/A
RXDX,$12.73,1440181299129,"84,269",100% bullish,of 1 rating,$20
IIVI,$17.95,1440181299185,"122,011",100% bearish,of 1 rating,$22
KANG,$15,1440181299291,"230,526",50% bullish,of 2 ratings,$22.55
IKAN,$2.73,1440181299421,"14,259",83% bullish,of 6 ratings,$5
IKNX,$11.98,1440181299451,522,100% bearish,of 1 rating,N/A
ISNS,$3.96,1440181299491,"48,436",50% bullish,of 2 ratings,N/A
ILMN,$201.42,1440181299523,"568,840",80% bullish,of 5 ratings,$240
IMMR,$11.22,1440181299629,"150,198",80% bullish,of 5 ratings,$15.50
IMDZ,$15.92,1440181299733,"39,026",100% bearish,of 1 rating,$33
ICCC,$8.22,1440181299759,"5,229",100% bullish,of 1 rating,N/A
IMNP,$1.38,1440181299891,"93,355",50% bullish,of 2 ratings,$6
IMGN,$13.47,1440181299923,"686,598",75% bullish,of 4 ratings,$17.50
IMMU,$1.96,1440181299958,"705,912",86% bullish,of 7 ratings,$2
IPXL,$43.66,1440181300067,"421,160",67% bullish,of 3 ratings,$46.50
IMMY,$7.5,1440181300094,"6,248",100% bearish,of 1 rating,$11
INCY,$105.83,1440181300175,"427,968",50% bullish,of 6 ratings,$125.50
INCR,$42.1,1440181300230,"170,550",50% bullish,of 2 ratings,$53
SAAS,$7.61,1440181300256,"323,146",50% bullish,of 2 ratings,$15
INDB,$46.84,1440181300433,"42,319",Not yet rated,NULL,$44
IBCP,$14.35,1440181300481,"44,206",100% bullish,of 1 rating,$14.50
IBTX,$43.42,1440181300511,"30,338",100% bullish,of 2 ratings,$47.25
IDSA,$3.53,1440181300568,200,Not yet rated,NULL,N/A
INFN,$21.28,1440181300620,"1,620,664",71% bullish,of 7 ratings,$28
INFI,$9.84,1440181300791,"460,669",50% bullish,of 4 ratings,$18
IPCC,$81.2,1440181300818,"24,050",Not yet rated,NULL,$77.50
III,$4.2,1440181300955,"99,631",57% bullish,of 7 ratings,$6
IFON,$1.227,1440181300988,"38,543",75% bullish,of 4 ratings,N/A
INWK,$7.35,1440181301022,"90,459",50% bullish,of 2 ratings,$10
INNL,NULL,1440181301044,0,100% bearish,of 1 rating,$16.50
IMKTA,$53.62,1440181301066,"58,110",100% bearish,of 1 rating,N/A
INOD,$2.49,1440181301119,"5,782",100% bearish,of 1 rating,N/A
IPHS,$48.12,1440181301292,"48,418",100% bearish,of 1 rating,$60
ISSC,$2.93,1440181301379,"5,282",67% bearish,of 3 ratings,N/A
IOSP,$48.94,1440181301423,"521,597",100% bearish,of 1 rating,N/A
INGN,$49.8742,1440181301517,"93,801",100% bearish,of 1 rating,$50.50
ITEK,$13.98,1440181301585,"464,508",100% bearish,of 3 ratings,$20
INOV,$21,1440181301651,"196,108",100% bearish,of 1 rating,$33
INO,$7.15,1440181301684,"702,616",89% bullish,of 18 ratings,$20
ISIG,$2.6,1440181301754,"6,039",100% bearish,of 1 rating,N/A
INSM,$25.4,1440181301833,"220,452",71% bullish,of 7 ratings,$31.50
INSY,$32.53,1440181301981,"432,008",75% bullish,of 4 ratings,$48
NSIT,$26.01,1440181302012,"91,328",50% bullish,of 2 ratings,N/A
PODD,$28.81,1440181302059,"202,937",50% bullish,of 2 ratings,$35
IIIN,$17.99,1440181302091,"32,574",100% bearish,of 2 ratings,N/A
NTEC,$6,1440181302158,"16,200",Not yet rated,NULL,N/A
IART,$61,1440181302185,"97,303",100% bearish,of 1 rating,$71.50
IDTI,$17.715,1440181302390,"1,308,094",60% bullish,of 5 ratings,$25
IESC,$7.26,1440181302489,"1,000",100% bearish,of 1 rating,N/A
ISSI,$22.3,1440181302522,"132,422",67% bullish,of 3 ratings,$19.75
IQNT,$19.32,1440181302553,"159,731",86% bullish,of 7 ratings,$20
IBKR,$39.23,1440181302627,"317,837",100% bullish,of 1 rating,N/A
INTC,$27.08,1440181302656,"20,268,609",82% bullish,of 238 ratings,$36
IPCI,$2.12,1440181302692,"20,615",67% bullish,of 6 ratings,$7.75
IPAR,$27.35,1440181302793,"33,130",67% bullish,of 3 ratings,$38
ICPT,$197.045,1440181302995,"198,203",70% bullish,of 10 ratings,$359.50
ININ,$38.03,1440181303052,"53,581",67% bearish,of 3 ratings,$57
ICLDW,NULL,1440181303083,0,100% bearish,of 1 rating,N/A
ICLD,$1.87,1440181303105,"321,360",75% bullish,of 4 ratings,N/A
IDCC,$48.05,1440181303189,"155,551",80% bullish,of 5 ratings,$63
TILE,$24.61,1440181303238,"333,478",67% bearish,of 3 ratings,$27
IMI,$2.05,1440181303265,"5,787",67% bullish,of 3 ratings,$2.22
INAP,$8.36,1440181303397,"109,809",75% bullish,of 4 ratings,$11
IBOC,$26.19,1440181303442,"114,678",100% bearish,of 1 rating,N/A
ISCA,$31.97,1440181303531,"38,052",100% bearish,of 1 rating,N/A
IIJI,$8.8266,1440181303610,800,50% bullish,of 2 ratings,$11.50
IGLD,$7.091,1440181303638,"1,977",50% bullish,of 2 ratings,N/A
INPH,$0.3,1440181303669,"8,240",50% bullish,of 2 ratings,N/A
PTNT,$3.01,1440181303696,"3,950",Not yet rated,NULL,N/A
XENT,$27.67,1440181303768,"104,932",50% bullish,of 2 ratings,$36.50
INTX,$2.5601,1440181303957,"19,966",67% bullish,of 3 ratings,N/A
IILG,$20.15,1440181304029,"151,664",100% bearish,of 1 rating,$30.50
ISIL,$10.37,1440181304066,"557,170",50% bullish,of 6 ratings,$15
INTLL,$25.8266,1440181304185,200,Not yet rated,NULL,N/A
INTL,$26.28,1440181304215,"66,540",67% bearish,of 3 ratings,N/A
IVAC,$4.92,1440181304243,"4,225",Not yet rated,NULL,$6.625
ITCI,$29.91,1440181304290,"261,612",75% bearish,of 4 ratings,$40
ISRG,$508.69,1440181304381,"98,869",67% bullish,of 3 ratings,$600
INVT,$0.2712,1440181304481,"16,271",67% bullish,of 3 ratings,N/A
IIN,$6.38,1440181304508,"6,099",100% bearish,of 1 rating,$12
INTU,$90.1784,1440181304555,"3,700,398",100% bullish,of 7 ratings,$110.50
SNAK,$8.4427,1440181304655,"212,024",50% bullish,of 2 ratings,$14
ITIC,NULL,1440181304745,0,100% bearish,of 2 ratings,N/A
NVIV,$9.8,1440181304881,"352,893",50% bullish,of 4 ratings,$24.50
ISTR,$15.51,1440181304908,442,100% bearish,of 1 rating,$18.50
ISBC,$11.94,1440181304930,"1,478,156",100% bullish,of 1 rating,$13.25
DTUL,NULL,1440181304962,0,Not yet rated,NULL,N/A
IVTY,$12.89,1440181304988,"4,525",Not yet rated,NULL,$18
IPAS,$1.045,1440181305096,"36,670",67% bullish,of 3 ratings,N/A
IPGP,$85.845,1440181305302,"83,576",100% bearish,of 2 ratings,$109.50
IRIX,$7.15,1440181305361,"9,255",100% bearish,of 1 rating,N/A
IRMD,$25.2,1440181305389,"11,234",67% bearish,of 3 ratings,$25
DFVL,NULL,1440181305410,0,Not yet rated,NULL,N/A
IRDMB,$267.54,1440181305432,300,67% bearish,of 3 ratings,N/A
IPCM,$79.53,1440181305471,"392,319",50% bullish,of 2 ratings,$80.125
IRDM,$6.71,1440181305566,"338,290",60% bullish,of 5 ratings,$11.50
IRWD,$11.19,1440181305725,"694,344",100% bearish,of 1 rating,$13
IRBT,$30.13,1440181305788,"128,280",67% bullish,of 6 ratings,$37
IRCP,$32.13,1440181305815,101,100% bullish,of 2 ratings,N/A
COMT,$32.2101,1440181305836,"9,549",100% bearish,of 1 rating,N/A
GNMA,$50.27,1440181305884,"1,522",Not yet rated,NULL,N/A
FCHI,$47.89,1440181305976,"1,550",Not yet rated,NULL,N/A
IFAS,$28.76,1440181306396,"7,292",Not yet rated,NULL,N/A
IFNA,$56.26,1440181306431,1,Not yet rated,NULL,N/A
IFGL,$29.09,1440181306463,"114,676",Not yet rated,NULL,N/A
IFEU,$39.09,1440181306490,"25,508",Not yet rated,NULL,N/A
ACWX,$40.712,1440181306525,"240,482",100% bearish,of 1 rating,N/A
ACWI,$56.23,1440181306568,"803,805",Not yet rated,NULL,N/A
AAXJ,$52.74,1440181306625,"978,357",Not yet rated,NULL,N/A
AXJS,NULL,1440181306650,0,Not yet rated,NULL,N/A
AAIT,NULL,1440181306900,0,100% bullish,of 1 rating,N/A
EMDI,$46.16,1440181306925,300,Not yet rated,NULL,N/A
EEMA,$49.5701,1440181306954,"368,275",Not yet rated,NULL,N/A
EMEY,NULL,1440181307089,0,Not yet rated,NULL,N/A
EGRW,$46.31,1440181307117,744,Not yet rated,NULL,N/A
EEML,NULL,1440181307141,0,Not yet rated,NULL,N/A
EEME,$38.42,1440181307162,256,100% bearish,of 1 rating,N/A
EVAL,$36.41,1440181307298,"2,211",Not yet rated,NULL,N/A
EUFN,$22.0001,1440181307388,"125,493",100% bearish,of 1 rating,N/A
IEUS,$45.52,1440181307427,"6,097",100% bearish,of 1 rating,N/A
QAT,$20.45,1440181307486,"23,245",Not yet rated,NULL,N/A
UAE,$17.58,1440181307516,"1,012",Not yet rated,NULL,N/A
SOXX,$80.04,1440181307588,"535,373",50% bullish,of 2 ratings,N/A
IBB,$348.02,1440181307650,"1,453,510",63% bullish,of 8 ratings,N/A
EMIF,$28.591,1440181307724,"3,807",Not yet rated,NULL,N/A
ICLN,$9.418,1440181307895,"29,834",50% bullish,of 2 ratings,N/A
WOOD,$49.21,1440181307927,"48,266",50% bullish,of 2 ratings,N/A
INDY,$28.14,1440181307975,"687,366",50% bullish,of 2 ratings,N/A
IGOV,$92.25,1440181308029,"17,765",100% bearish,of 1 rating,N/A
ISHG,$80.175,1440181308054,"22,589",100% bearish,of 1 rating,N/A
ISIS,$47.7915,1440181308085,"846,789",53% bullish,of 15 ratings,$67
ISLE,$16.71,1440181308226,"213,379",50% bullish,of 4 ratings,$16
ISRL,$129.9,1440181308259,545,100% bearish,of 1 rating,N/A
ITRN,$24.73,1440181308433,"5,053",50% bullish,of 2 ratings,N/A
XXIA,$15.577,1440181308485,"176,154",71% bullish,of 7 ratings,$14.625
ITRI,$32.24,1440181308515,"159,749",Not yet rated,NULL,$37
ITUS,$4.16,1440181308537,"5,887",Not yet rated,NULL,N/A
IXYS,$10.67,1440181308566,"160,105",50% bullish,of 4 ratings,N/A
JJSF,$114.125,1440181308755,"60,931",100% bearish,of 1 rating,N/A
MAYS,NULL,1440181308791,0,Not yet rated,NULL,N/A
JBHT,$76.86,1440181308901,"546,620",50% bullish,of 4 ratings,$89.50
JASO,$7.405,1440181308938,"981,050",82% bullish,of 17 ratings,$10
JKHY,$69.18,1440181308966,"102,813",50% bullish,of 2 ratings,$72
JXSB,$24.06,1440181309031,542,Not yet rated,NULL,N/A
JCOM,$70.05,1440181309057,"131,743",100% bullish,of 2 ratings,$77
JAXB,$12.76,1440181309257,"1,300",100% bullish,of 1 rating,N/A
JACK,$82.3,1440181309333,"364,146",83% bullish,of 6 ratings,$105
JAKK,$9.2399,1440181309361,"239,046",60% bearish,of 5 ratings,$11
JAGX,$2.4,1440181309423,"8,581",Not yet rated,NULL,N/A
JRVR,$26.48,1440181309497,"22,198",Not yet rated,NULL,$32
JMBA,$13.32,1440181309554,"56,113",75% bullish,of 4 ratings,$18
ERW,NULL,1440181309628,0,Not yet rated,NULL,N/A
JASNW,$0.25,1440181309653,"9,800",50% bullish,of 2 ratings,N/A
JASN,$4.875,1440181309718,"26,158",50% bullish,of 2 ratings,$9.50
JD,$25.48,1440181309924,"7,068,716",75% bullish,of 16 ratings,$36
JAZZ,$171.15,1440181309952,"213,835",80% bullish,of 15 ratings,$206.50
JBLU,$22.0451,1440181309974,"4,973,313",94% bullish,of 16 ratings,$27
JCTCF,NULL,1440181309995,0,100% bullish,of 1 rating,N/A
JTPY,$3.03,1440181310028,"4,965",100% bearish,of 1 rating,N/A
JST,$4.04,1440181310162,"33,984",75% bullish,of 4 ratings,N/A
DATE,$6.51,1440181310191,"140,049",75% bullish,of 4 ratings,$9
WYIGU,$10.0227,1440181310369,100,Not yet rated,NULL,N/A
JOEZ,$0.18,1440181310409,"22,156",92% bullish,of 12 ratings,N/A
JBSS,$48.76,1440181310436,"86,778",67% bearish,of 3 ratings,N/A
JNP,$9.855,1440181310458,"2,292",100% bullish,of 3 ratings,$15
JOUT,$23.26,1440181310491,"13,468",100% bearish,of 1 rating,$34
JIVE,$4.05,1440181310513,"287,106",75% bullish,of 4 ratings,$5
JUNO,$38.1667,1440181310691,"892,541",73% bullish,of 11 ratings,$71.50
KNDI,$6.96,1440181310879,"431,387",86% bullish,of 22 ratings,N/A
KALU,$82.56,1440181311010,"61,648",67% bearish,of 3 ratings,$91
KTWO,$21.93,1440181311036,"100,429",100% bearish,of 1 rating,$28.50
KCLI,$46.27,1440181311077,"18,277",Not yet rated,NULL,N/A
