Symbol,Price,Date,Volume,Rating,RatingVoteCount,OneYearEstimate
TFSCR,NULL,1441394102521,0,Not yet rated,NULL,N/A
FCCY,NULL,1441394102566,0,100% bullish,of 1 rating,$13
FCTY,$7.89,1441394102595,550,100% bullish,of 1 rating,$8.50
TFSC,$9.7989,1441394102622,300,100% bearish,of 1 rating,N/A
PIH,$7.47,1441394102647,"3,400",100% bearish,of 1 rating,N/A
TFSCU,$10.32,1441394102672,400,Not yet rated,NULL,N/A
FLWS,$8.61,1441394102701,"169,408",80% bullish,of 5 ratings,$15
TFSCW,$0.28,1441394102807,920,100% bearish,of 1 rating,N/A
SRCE,$29.72,1441394102912,"20,251",100% bullish,of 3 ratings,$33
UGLD,$8.95,1441394102994,"116,022",100% bearish,of 1 rating,N/A
DGLD,$83.96,1441394103066,"8,322",100% bullish,of 1 rating,N/A
USLV,$12.2901,1441394103102,"184,171",86% bullish,of 7 ratings,N/A
DSLV,$70.37,1441394103198,"7,350",100% bearish,of 1 rating,N/A
TWOU,$34.85,1441394103225,"94,281",50% bullish,of 2 ratings,$39
JOBS,$25.86,1441394103419,"73,970",50% bullish,of 4 ratings,$36
VNET,$18,1441394103529,"167,243",60% bullish,of 5 ratings,$35
SIXD,$2.57,1441394103558,"23,010",Not yet rated,NULL,N/A
CAFD,$14.77,1441394103583,"171,677",Not yet rated,NULL,$24.50
SHLM,$32.42,1441394103666,"40,874",100% bearish,of 1 rating,$47
EGHT,$7.74,1441394103715,"154,021",82% bullish,of 17 ratings,$11
AAON,$19.7,1441394103740,"55,012",100% bearish,of 1 rating,$24
AVHI,$13.84,1441394103877,"189,528",100% bearish,of 1 rating,$19
ABGB,$4.8896,1441394103928,"23,208",67% bullish,of 3 ratings,$5.50
ABAX,$46.765,1441394103949,"43,844",100% bearish,of 1 rating,$60
ABY,$21.25,1441394103978,"725,411",100% bearish,of 2 ratings,$46
ABMD,$93.6999,1441394104139,"186,818",75% bullish,of 4 ratings,$100.50
ABEOW,$1.87,1441394104166,785,100% bullish,of 1 rating,N/A
ABEO,$4.73,1441394104188,"13,761",50% bullish,of 4 ratings,$15.50
AXAS,$1.7,1441394104508,"956,693",78% bullish,of 9 ratings,$3.50
ACST,$0.31,1441394104535,"4,200",100% bullish,of 2 ratings,N/A
AXDX,$18.63,1441394104571,"30,974",100% bearish,of 1 rating,N/A
ACAD,$39.48,1441394104601,"746,273",80% bullish,of 20 ratings,$48
ACHC,$72.19,1441394104666,"137,179",50% bullish,of 2 ratings,$92
XLRN,$28.74,1441394104691,"49,256",50% bullish,of 2 ratings,$57
ACTG,$9.26,1441394104716,"66,854",67% bullish,of 3 ratings,$18.50
ANCX,$19.75,1441394104877,"11,615",Not yet rated,NULL,$20
ARAY,$6.58,1441394105022,"157,162",100% bearish,of 1 rating,$10.50
AKAO,$7,1441394105121,"20,099",75% bullish,of 4 ratings,$15
ACRX,$4.285,1441394105164,"125,151",67% bearish,of 6 ratings,$7
ACET,$22.285,1441394105193,"49,929",75% bullish,of 4 ratings,$30
VXUP,$1.73,1441394105222,"25,013",100% bearish,of 1 rating,N/A
VXDN,$1.75,1441394105244,"7,478",100% bearish,of 1 rating,N/A
ACHN,$7.735,1441394105270,"1,316,771",90% bullish,of 21 ratings,$16
ACOR,$31.5,1441394105573,"181,035",67% bearish,of 3 ratings,$38.50
ACPW,$1.9,1441394105638,"17,407",100% bullish,of 4 ratings,$3.25
ACTS,$1.59,1441394105676,"16,900",100% bearish,of 1 rating,N/A
ACNB,NULL,1441394105704,0,Not yet rated,NULL,N/A
ATVI,$28.125,1441394105738,"2,862,757",67% bullish,of 84 ratings,$31.50
ACUR,$2.87,1441394105804,"3,400",100% bullish,of 5 ratings,$5
ACTA,$13.84,1441394106009,"19,520",67% bearish,of 3 ratings,$25
ADMS,$19.02,1441394106080,"19,314",100% bearish,of 2 ratings,$36
ADMP,$3.54,1441394106112,"12,072",50% bullish,of 2 ratings,$10
ACXM,$20.38,1441394106162,"89,714",67% bullish,of 3 ratings,N/A
ADUS,$29.11,1441394106249,"13,001",100% bearish,of 1 rating,$31
ADAP,$10.86,1441394106354,"27,917",67% bullish,of 3 ratings,$22
ADEP,$7.411,1441394106500,"32,432",50% bullish,of 2 ratings,$10.75
ADMA,$8.6,1441394106550,"11,222",Not yet rated,NULL,$19
ADBE,$76.685,1441394106903,"730,210",65% bullish,of 17 ratings,$90
AEIS,$23.81,1441394107052,"69,451",50% bullish,of 2 ratings,$32.50
AMD,$1.81,1441394107312,"2,928,492",83% bullish,of 103 ratings,$2
ADXSW,$9.72,1441394107337,"1,500",100% bullish,of 1 rating,N/A
ADXS,$13.44,1441394107372,"226,163",64% bullish,of 14 ratings,$27
AEHR,$2.27,1441394107471,216,50% bullish,of 2 ratings,N/A
MULT,NULL,1441394107516,0,100% bearish,of 1 rating,N/A
AEGN,$17.75,1441394108094,"23,047",100% bearish,of 2 ratings,$21
AEGR,$17.61,1441394108168,"68,219",50% bullish,of 6 ratings,$26
ADTN,$15.505,1441394108252,"114,185",67% bullish,of 3 ratings,$17.125
AMTX,$3.002,1441394108360,"12,250",50% bullish,of 2 ratings,$26.11
ADRO,$19.385,1441394108387,"46,973",80% bullish,of 5 ratings,$45.50
AEPI,$58.7,1441394108695,"8,620",100% bearish,of 1 rating,N/A
AERI,$16.155,1441394108864,"152,848",75% bullish,of 4 ratings,$31.50
AVAV,$20.38,1441394108895,"118,846",50% bullish,of 4 ratings,$28
AEZS,$0.0794,1441394108995,"12,604,208",90% bullish,of 21 ratings,$1.50
AEMD,$7.65,1441394109152,"19,855",Not yet rated,NULL,$27.50
AFFX,$9.02,1441394109345,"264,211",80% bullish,of 5 ratings,$12.50
AFMD,$9.29,1441394109374,"30,875",50% bullish,of 4 ratings,$15
AGRX,$8.19,1441394109413,"12,843",100% bearish,of 1 rating,$17.50
AGEN,$6.79,1441394109472,"186,879",85% bullish,of 13 ratings,$14
AGYS,$9.56,1441394109630,"9,444",100% bearish,of 1 rating,N/A
AGIO,$84.58,1441394109844,"97,467",88% bullish,of 8 ratings,$114
AGFS,$9.91,1441394109978,"106,276",100% bearish,of 1 rating,N/A
AGFSW,$1.9,1441394110027,"9,000",100% bearish,of 2 ratings,N/A
AIMT,$22.45,1441394110699,"90,663",Not yet rated,NULL,$35.50
ATSG,$8.82,1441394110876,"60,588",67% bullish,of 3 ratings,$13
AIRM,$36.12,1441394110905,"55,822",80% bearish,of 5 ratings,$53
AMCN,$4.46,1441394110926,"79,627",83% bullish,of 6 ratings,N/A
AIRT,NULL,1441394110955,0,100% bullish,of 1 rating,N/A
AKRX,$38.34,1441394111277,"196,610",78% bullish,of 9 ratings,$56
AIXG,$6.44,1441394111403,"15,575",67% bearish,of 3 ratings,$5.25
AKAM,$72.69,1441394111446,"644,411",63% bullish,of 8 ratings,$77.50
AKER,$2.71,1441394111473,"4,701",Not yet rated,NULL,N/A
AKBA,$7.15,1441394111501,"104,496",100% bearish,of 1 rating,$18
ALRM,$16.18,1441394111806,"63,184",100% bearish,of 1 rating,$22
ALSK,$2.25,1441394111948,"63,478",78% bullish,of 18 ratings,$2
AMRI,$19.82,1441394112211,"41,808",75% bearish,of 4 ratings,$24
ALDX,$7.08,1441394112270,337,100% bearish,of 1 rating,$14.50
ALXN,$171.615,1441394112418,"746,193",88% bullish,of 8 ratings,$223.50
ALDR,$40.42,1441394112444,"106,733",67% bearish,of 3 ratings,$62
ABDC,$12.79,1441394112523,"3,903",Not yet rated,NULL,$15
ADHD,$7.54,1441394112709,"57,452",50% bullish,of 4 ratings,$18
ALXA,$1.29,1441394112872,"111,623",83% bullish,of 6 ratings,$2.125
ALCO,$41.7,1441394112956,"5,681",50% bullish,of 2 ratings,N/A
ALIM,$2.935,1441394113108,"87,733",80% bullish,of 5 ratings,$10
ALKS,$64.42,1441394113212,"351,699",67% bullish,of 3 ratings,$75
ALGN,$54.21,1441394113258,"174,877",100% bearish,of 2 ratings,$73
ALGT,$200.7,1441394113806,"95,137",100% bearish,of 2 ratings,$235
ALLB,$22.9,1441394113831,204,Not yet rated,NULL,N/A
AIQ,$14.3,1441394113856,"5,146",67% bullish,of 3 ratings,N/A
AFOP,$19.09,1441394113881,"108,596",75% bullish,of 8 ratings,$21
AHGP,$35.7301,1441394114022,"26,819",67% bullish,of 3 ratings,N/A
ARLP,$25.07,1441394114252,"32,146",67% bearish,of 3 ratings,$32
AMOT,$17.6,1441394114278,"94,987",100% bearish,of 1 rating,N/A
ALQA,$4.545,1441394114410,"46,502",75% bullish,of 4 ratings,$8.50
AHPI,$1.47,1441394114465,500,50% bullish,of 2 ratings,N/A
ALLT,$5.07,1441394114514,"12,176",75% bullish,of 4 ratings,$6.25
AFAM,$45.44,1441394114659,"20,465",50% bullish,of 2 ratings,$44
MDRX,$12.9975,1441394114686,"579,552",60% bullish,of 5 ratings,$16
ALNY,$97.68,1441394114825,"132,013",67% bullish,of 3 ratings,$151.50
SMCP,NULL,1441394115211,0,Not yet rated,NULL,N/A
AOSL,$8.12,1441394115241,"16,812",67% bullish,of 3 ratings,$9
ASPS,$25.97,1441394115343,"52,709",67% bullish,of 3 ratings,$46.50
ATEC,$0.58,1441394115399,"96,168",100% bullish,of 1 rating,$2
ALTR,$49.09,1441394115424,"939,163",80% bearish,of 5 ratings,$54
AMRN,$2.31,1441394115607,"611,709",85% bullish,of 40 ratings,$8
AIMC,$23.56,1441394115643,"36,076",100% bearish,of 2 ratings,$28.50
AMAG,$60.61,1441394115860,"206,931",100% bullish,of 2 ratings,$75
AMRK,$10.56,1441394115888,"10,900",50% bullish,of 2 ratings,$14
AYA,$20.76,1441394115921,"7,327",100% bearish,of 1 rating,$40
AMZN,$498.09,1441394116019,"884,374",81% bullish,of 268 ratings,$646
AMBC,$16.27,1441394116067,"72,276",100% bearish,of 1 rating,$16.50
AMBA,$73.58,1441394116514,"2,537,172",77% bullish,of 13 ratings,$102.50
EPAX,$2.7,1441394116589,"81,711",100% bearish,of 1 rating,N/A
DOX,$56.18,1441394116614,"214,774",67% bearish,of 3 ratings,$60
AMBCW,$7.99,1441394116640,"1,500",100% bearish,of 1 rating,N/A
AMCX,$71.554,1441394116685,"247,151",67% bullish,of 3 ratings,$87.50
AMDA,$0.4766,1441394117084,"217,959",90% bullish,of 10 ratings,$1
ASBI,$22.62,1441394117116,"5,003",Not yet rated,NULL,N/A
AMED,$39.58,1441394117253,"73,758",100% bearish,of 1 rating,$42
UHAL,$367.39,1441394117282,"12,752",100% bullish,of 2 ratings,$393.50
ATAX,$5.3,1441394117484,"20,658",100% bullish,of 1 rating,$6.50
AGNC,$18.965,1441394117556,"851,682",71% bullish,of 28 ratings,$22
AAL,$40.55,1441394117753,"3,888,605",93% bullish,of 88 ratings,$57
AMOV,$17.5401,1441394117792,280,100% bearish,of 1 rating,N/A
AGNCB,$24.2899,1441394117982,"7,028",Not yet rated,NULL,N/A
ACSF,$12.25,1441394118198,"9,625",100% bearish,of 1 rating,$15
AGNCP,$25.4,1441394118242,"1,375",Not yet rated,NULL,N/A
MTGE,$15.08,1441394118380,"177,599",75% bullish,of 4 ratings,$19.50
MTGEP,$24.25,1441394118522,1,Not yet rated,NULL,N/A
AETI,$3.1,1441394118582,"2,162",67% bearish,of 3 ratings,N/A
ANCI,NULL,1441394118608,0,100% bearish,of 1 rating,N/A
AMIC,NULL,1441394118753,0,100% bearish,of 1 rating,N/A
ANAT,$97.65,1441394119039,"29,357",100% bullish,of 1 rating,N/A
ACAS,$13.61,1441394119073,"513,487",60% bullish,of 5 ratings,$16.75
AMNB,$23.07,1441394119207,"3,869",Not yet rated,NULL,$25.50
AMRB,$10.33,1441394119374,"2,000",Not yet rated,NULL,$11
APEI,$21.83,1441394119447,"15,958",100% bearish,of 1 rating,$25.50
ASEI,$38.85,1441394119507,"8,980",100% bearish,of 1 rating,$52.50
ARII,$40.055,1441394119532,"65,271",67% bearish,of 3 ratings,$45
AMSWA,$9.04,1441394119842,"9,107",100% bearish,of 2 ratings,$10.75
AMWD,$66.57,1441394119912,"41,828",50% bullish,of 2 ratings,$70
AMSC,$4.86,1441394119938,"15,355",50% bullish,of 4 ratings,N/A
CRMT,$35.37,1441394120011,"14,919",100% bearish,of 1 rating,$38
ABCB,$27.25,1441394120110,"40,712",Not yet rated,NULL,$31
AMSF,$46.02,1441394120298,"10,122",Not yet rated,NULL,$57.50
ASRVP,NULL,1441394120434,0,Not yet rated,NULL,N/A
ASRV,$3.2101,1441394120490,"1,704",100% bullish,of 2 ratings,N/A
FOLD,$15.47,1441394120845,"642,538",56% bullish,of 9 ratings,$21
AMKR,$5.3,1441394120897,"315,085",100% bearish,of 2 ratings,$5
AMGN,$146.7794,1441394120950,"1,169,707",89% bullish,of 19 ratings,$185
AMSG,$78,1441394120992,"78,351",100% bearish,of 1 rating,$85.50
ATLO,$22.3,1441394121022,"3,636",Not yet rated,NULL,N/A
AMPH,$13.37,1441394121273,"90,528",50% bullish,of 2 ratings,$20
AMSGP,NULL,1441394121302,0,Not yet rated,NULL,N/A
ASYS,$5.37,1441394121404,"8,021",67% bullish,of 3 ratings,$12
AMRS,$1.7482,1441394121583,"33,018",70% bullish,of 10 ratings,N/A
AFSI,$57.33,1441394121680,"148,976",60% bullish,of 5 ratings,$72
ANAC,$133.09,1441394121955,"131,218",80% bullish,of 5 ratings,$180.50
ADI,$53.98,1441394121981,"511,667",75% bullish,of 4 ratings,$69
ANAD,$0.306,1441394122049,"113,134",100% bullish,of 2 ratings,$.50
ANCB,$21.62,1441394122207,"3,852",Not yet rated,NULL,$23
ABCW,$41,1441394122340,"3,822",67% bullish,of 3 ratings,N/A
ALOG,$80.56,1441394122472,"26,613",100% bearish,of 2 ratings,$100.50
AMCF,NULL,1441394122541,0,NULL,NULL,NULL
ANGI,$5.04,1441394122606,"110,149",64% bullish,of 11 ratings,$5.50
ANIP,$51.25,1441394122747,"57,634",89% bullish,of 19 ratings,$66
ANIK,$35.72,1441394122931,"33,348",60% bullish,of 5 ratings,$51.25
ANGO,$14.411,1441394123036,"20,062",67% bullish,of 3 ratings,$19
ANSS,$89.73,1441394123181,"197,140",100% bearish,of 1 rating,$100
ATRS,$1.825,1441394123312,"166,228",92% bullish,of 12 ratings,$4.50
ATNY,$2.44,1441394123618,"2,500",50% bullish,of 2 ratings,$3.75
ABAC,$0.7501,1441394123645,"3,118",100% bearish,of 1 rating,N/A
APIC,$6.81,1441394123693,"31,661",100% bearish,of 1 rating,$19
ANTH,$7.22,1441394123722,"257,873",80% bullish,of 10 ratings,$13
APOG,$51.81,1441394123852,"49,021",50% bullish,of 2 ratings,$67
APOL,$10.9,1441394124194,"292,879",87% bearish,of 68 ratings,$14
AINV,$6.445,1441394124219,"317,346",50% bullish,of 4 ratings,$8
AAPL,$109.04,1441394124245,"19,730,561",86% bullish,of 2364 ratings,$150
APPF,$16.95,1441394124271,"20,587",50% bullish,of 2 ratings,$22
APDN,$3.39,1441394124620,"13,052",Not yet rated,NULL,$9
APDNW,$1.4404,1441394124707,100,Not yet rated,NULL,N/A
ARCI,$1.2399,1441394124760,"3,100",Not yet rated,NULL,N/A
AMAT,$15.37,1441394124809,"5,777,128",82% bullish,of 11 ratings,$23
AGTC,$16.3,1441394124834,"9,988",50% bullish,of 2 ratings,$33
AMCC,$5.68,1441394125172,"130,199",80% bullish,of 5 ratings,$8
AAOI,$20.31,1441394125266,"80,122",50% bullish,of 4 ratings,$26
AREX,$2.48,1441394125291,"345,914",50% bullish,of 2 ratings,$3
APRI,$1.67,1441394125317,"114,920",83% bullish,of 6 ratings,$4.86
APTO,$5.171,1441394125581,302,Not yet rated,NULL,$17
AQMS,$4.97,1441394125712,"7,984",Not yet rated,NULL,N/A
AUMA,$9.85,1441394125771,200,Not yet rated,NULL,N/A
AQXP,$16.17,1441394125797,"199,571",50% bullish,of 2 ratings,$2
AUMAU,NULL,1441394125840,0,Not yet rated,NULL,N/A
AUMAW,NULL,1441394125933,0,Not yet rated,NULL,N/A
ARDM,NULL,1441394126171,0,100% bullish,of 1 rating,$26
ABUS,$6.985,1441394126200,"217,177",86% bullish,of 14 ratings,$21.50
PETX,$17.28,1441394126300,"74,265",100% bearish,of 2 ratings,$26
ABIO,$6.1,1441394126527,"29,996",50% bullish,of 2 ratings,$3.75
ARCW,$3.21,1441394126556,"241,336",100% bearish,of 2 ratings,$10.50
ARCB,$28.44,1441394126661,"87,887",67% bearish,of 3 ratings,$39.50
RKDA,$5.47,1441394126698,"2,588",100% bearish,of 2 ratings,$10
ACGL,$68.33,1441394126791,"81,794",50% bullish,of 2 ratings,$72
ARDX,$18.91,1441394126959,"59,042",50% bullish,of 2 ratings,$24.50
ACAT,$25.1,1441394126989,"54,436",100% bearish,of 3 ratings,$33
ARNA,$2.71,1441394127151,"399,698",90% bullish,of 78 ratings,$5.50
ARCC,$15.39,1441394127281,"541,566",67% bearish,of 3 ratings,$17.75
AGII,$54.535,1441394127379,"23,080",Not yet rated,NULL,$59.50
ARGS,$6.24,1441394127800,"3,202",50% bullish,of 2 ratings,$19.50
AGIIL,$25.14,1441394127828,"2,857",Not yet rated,NULL,N/A
ARIS,$3.6547,1441394127957,"2,100",Not yet rated,NULL,$4.50
ARKR,$24.835,1441394127988,"1,860",50% bullish,of 2 ratings,N/A
ARIA,$8.0038,1441394128087,"3,697,390",87% bullish,of 46 ratings,$9
ARMH,$42.595,1441394128231,"621,000",54% bearish,of 13 ratings,$60
ARTX,$1.3301,1441394128298,"86,478",88% bullish,of 16 ratings,$4.50
ARWA,NULL,1441394128433,0,Not yet rated,NULL,N/A
ARWAU,$10.2,1441394128615,100,100% bullish,of 1 rating,N/A
ARWAR,NULL,1441394128640,0,Not yet rated,NULL,N/A
ARWAW,NULL,1441394128771,0,Not yet rated,NULL,N/A
ARRY,$5.555,1441394129030,"866,873",100% bullish,of 7 ratings,$10
ARQL,$1.695,1441394129056,"16,933",75% bullish,of 4 ratings,$5
ARRS,$25.95,1441394129190,"304,548",50% bullish,of 2 ratings,$38
DWAT,$9.64,1441394129413,"3,600",100% bearish,of 1 rating,N/A
AROW,$27.01,1441394129472,"2,354",Not yet rated,NULL,N/A
ARWR,$5.48,1441394129549,"542,113",75% bullish,of 4 ratings,$10.50
ARTW,$4,1441394129638,"1,100",75% bearish,of 4 ratings,N/A
ARTNA,$21.82,1441394129743,"3,772",100% bearish,of 1 rating,$29
ASBB,$25.23,1441394129886,501,Not yet rated,NULL,N/A
ASNA,$12.15,1441394130044,"1,273,225",50% bullish,of 2 ratings,$18
ASCMA,$26.476,1441394130292,"17,574",100% bearish,of 1 rating,$45
ASND,$19.456,1441394130438,"25,272",50% bullish,of 2 ratings,$30
ASMI,NULL,1441394130508,0,NULL,NULL,NULL
ASTI,$0.204,1441394130535,"2,797,215",83% bullish,of 6 ratings,$3
APWC,$1.64,1441394130566,404,100% bearish,of 1 rating,N/A
ASML,$91.38,1441394131055,"266,978",50% bullish,of 4 ratings,$127
ASMB,$13.11,1441394131084,"28,303",67% bullish,of 3 ratings,N/A
ASTE,$37.92,1441394131185,"27,311",100% bearish,of 1 rating,$49
ASFI,$8.75,1441394131243,"1,300",100% bullish,of 1 rating,N/A
AZPN,$38.03,1441394131613,"223,624",50% bullish,of 2 ratings,$42
ATRO,$49.06,1441394131679,"87,041",100% bearish,of 2 ratings,$80
ALOT,NULL,1441394131700,0,100% bearish,of 1 rating,N/A
ASTC,$2.256,1441394131783,"7,357",100% bullish,of 5 ratings,N/A
ASUR,$5.49,1441394131843,"11,459",50% bullish,of 2 ratings,$8
ATRA,$42.27,1441394132119,"33,953",50% bullish,of 2 ratings,$68
ATAI,$2.3,1441394132182,"3,230",100% bearish,of 1 rating,N/A
ATHN,$132.14,1441394132311,"76,985",67% bearish,of 3 ratings,$153
AFCB,NULL,1441394132350,0,Not yet rated,NULL,N/A
ATHX,$1.125,1441394132552,"53,748",89% bullish,of 9 ratings,$5
AAME,$3.4899,1441394132689,"1,203",Not yet rated,NULL,N/A
AAPC,$10.1,1441394132754,7,Not yet rated,NULL,N/A
ATNI,$73.87,1441394132792,"17,644",100% bearish,of 1 rating,$69.50
ACFC,$5.58,1441394132842,"7,928",100% bearish,of 1 rating,$6.50
ATLC,$3.9389,1441394132940,811,67% bullish,of 3 ratings,N/A
AAWW,$38.05,1441394133108,"106,477",50% bullish,of 2 ratings,$65
AFH,$16.135,1441394133326,"118,531",Not yet rated,NULL,$21.50
ATML,$7.84,1441394133415,"2,538,230",78% bullish,of 9 ratings,$9.50
ATOS,$0.8599,1441394133630,"86,859",100% bullish,of 7 ratings,$7
ATRI,$371,1441394133675,"2,065",Not yet rated,NULL,N/A
ATRC,$23.27,1441394133775,"70,085",100% bullish,of 1 rating,$30
ATTU,$12.97,1441394133822,"10,885",100% bearish,of 1 rating,$20.50
ATRM,NULL,1441394133847,0,50% bullish,of 2 ratings,N/A
AUBN,$26.553,1441394134087,"2,700",Not yet rated,NULL,N/A
LIFE,$14.188,1441394134146,"23,944",86% bullish,of 7 ratings,$43
AUDC,$3.1993,1441394134286,"16,839",80% bullish,of 5 ratings,$5
AUPH,$3.32,1441394134375,"6,899",100% bearish,of 1 rating,$8
EARS,$4.35,1441394134435,"3,200",100% bearish,of 2 ratings,$11
ADAT,$0.319,1441394134916,"718,929",100% bullish,of 2 ratings,N/A
ABTL,$18.8901,1441394135048,"51,013",100% bullish,of 4 ratings,$20.25
ADP,$76.071,1441394135073,"732,736",100% bearish,of 1 rating,$88
AVGO,$121.09,1441394135098,"885,012",88% bullish,of 8 ratings,$165
AVNW,$1.22,1441394135322,"54,179",50% bullish,of 2 ratings,N/A
AAVL,$10.16,1441394135411,"127,465",100% bearish,of 1 rating,$20
AVEO,$1.345,1441394135462,"246,603",75% bullish,of 8 ratings,$3
ADSK,$45.44,1441394135511,"780,282",67% bullish,of 6 ratings,$66
AVNU,$12.73,1441394135537,"1,700",Not yet rated,NULL,$14
AVID,$8.52,1441394135770,"157,513",100% bearish,of 1 rating,$20
AVGR,$14.81,1441394135798,"24,922",100% bearish,of 1 rating,$20
CAR,$42.26,1441394135962,"1,005,755",80% bullish,of 5 ratings,$60
AWRE,$3.2256,1441394136067,"7,229",67% bullish,of 3 ratings,N/A
ACLS,$3.2,1441394136380,"113,726",67% bullish,of 6 ratings,$4.75
AXPW,$1.88,1441394136412,"296,015",86% bullish,of 7 ratings,N/A
ACIW,$21.12,1441394136431,0,NULL,NULL,NULL
AXPWW,NULL,1441394136508,0,Not yet rated,NULL,N/A
AXTI,$2.1301,1441394136595,"4,597",50% bullish,of 2 ratings,$2.75
AXGN,$4.71,1441394136621,"12,450",Not yet rated,NULL,$5
RILY,NULL,1441394136752,0,Not yet rated,NULL,N/A
BCOM,NULL,1441394136798,0,100% bearish,of 1 rating,N/A
BCPC,$57.43,1441394137237,"81,576",100% bearish,of 1 rating,$75
BOSC,$2.07,1441394137267,"2,900",50% bullish,of 2 ratings,N/A
BEAV,$48.79,1441394137293,"244,467",67% bearish,of 3 ratings,$59
BIDU,$145.17,1441394137339,"1,373,807",81% bullish,of 88 ratings,$210
BWINA,NULL,1441394137364,0,Not yet rated,NULL,N/A
BANF,$59,1441394137647,"7,801",Not yet rated,NULL,$68
BWINB,$22.29,1441394137673,"1,865",Not yet rated,NULL,N/A
BLDP,$1.31,1441394137747,"92,069",91% bullish,of 22 ratings,$2.50
BKMU,$6.87,1441394137807,"13,935",Not yet rated,NULL,$8
BANFP,$26.8,1441394137872,266,Not yet rated,NULL,N/A
BOCH,$5.72,1441394137899,95,Not yet rated,NULL,$6.50
BMRC,$48.57,1441394138070,"2,284",Not yet rated,NULL,$52
BOTJ,$10.8,1441394138228,"1,046",Not yet rated,NULL,N/A
BKSC,$16.76,1441394138360,"2,800",Not yet rated,NULL,N/A
OZRK,$40.49,1441394138442,"75,359",67% bullish,of 3 ratings,$49.50
BWFG,$18.34,1441394138502,"3,513",100% bearish,of 1 rating,N/A
BFIN,$12.05,1441394138590,"4,524",Not yet rated,NULL,$13
TAPR,$31.994,1441394138668,700,100% bearish,of 1 rating,N/A
BANR,$43.63,1441394138693,"21,978",100% bullish,of 3 ratings,$50
BZUN,$5.16,1441394138736,"124,762",50% bullish,of 2 ratings,$11.50
BHACR,$0.21,1441394138848,"2,098",Not yet rated,NULL,N/A
BHAC,NULL,1441394138874,0,Not yet rated,NULL,N/A
BHACW,NULL,1441394139025,0,Not yet rated,NULL,N/A
BHACU,NULL,1441394139159,0,Not yet rated,NULL,N/A
BBSI,$34.73,1441394139258,"23,063",67% bearish,of 3 ratings,$62.50
BSET,$28.97,1441394139351,"34,837",100% bearish,of 1 rating,$35
BYBK,$4.99,1441394139535,300,100% bearish,of 1 rating,N/A
BECN,$35.55,1441394139691,"67,613",50% bullish,of 2 ratings,$40
BYLK,$12.84,1441394139717,"2,896",Not yet rated,NULL,$14
BDCV,$4.83,1441394139743,"8,722",100% bearish,of 1 rating,$10.19
BV,$5.03,1441394139772,"122,679",67% bullish,of 6 ratings,$8.75
BCBP,$11.31,1441394139881,42,Not yet rated,NULL,N/A
BBCN,$14.17,1441394139926,"59,151",100% bearish,of 1 rating,$16
BBGI,$3.95,1441394140124,"1,019",100% bearish,of 1 rating,N/A
BSF,$8.52,1441394140154,"15,371",Not yet rated,NULL,N/A
BEBE,$1.17,1441394140255,"389,193",75% bullish,of 4 ratings,$2.125
BBBY,$62.1,1441394140831,"410,227",71% bullish,of 7 ratings,$75
BELFA,$15,1441394142117,12,100% bearish,of 1 rating,N/A
BLPH,$4.02,1441394142440,"8,793",100% bearish,of 1 rating,$12.50
BLCM,$16,1441394142510,"63,293",50% bullish,of 4 ratings,$40
BNTC,$7.1,1441394142571,"1,400",100% bullish,of 1 rating,N/A
BNCL,$12.39,1441394142596,"111,656",100% bullish,of 3 ratings,$12.50
BNFT,$35.9447,1441394142621,"31,181",67% bullish,of 3 ratings,$46
BGCP,$8.79,1441394142872,"299,132",88% bullish,of 8 ratings,$14
BGMD,$0.6125,1441394142901,"62,627",100% bullish,of 10 ratings,N/A
BIND,$4.86,1441394143009,"18,967",75% bullish,of 4 ratings,$13.50
BGFV,$11.34,1441394143060,"64,629",57% bullish,of 7 ratings,$12
ORPN,$5.51,1441394143117,"4,603",100% bullish,of 1 rating,$28.50
BELFB,$18.64,1441394143145,"6,420",100% bearish,of 1 rating,N/A
BASI,$1.6358,1441394143298,200,Not yet rated,NULL,N/A
BCDA,NULL,1441394143323,0,Not yet rated,NULL,N/A
BIOC,$2.02,1441394143713,"115,152",83% bullish,of 6 ratings,$3.85
BCRX,$11.46,1441394143748,"159,719",63% bullish,of 8 ratings,$18
BLFS,$2.34,1441394143775,"82,222",100% bearish,of 1 rating,$4.75
BIOD,$0.69,1441394143842,"8,450",80% bullish,of 5 ratings,$4
BDSI,$6.36,1441394143868,"380,380",88% bullish,of 8 ratings,$17
BIIB,$302.23,1441394143916,"576,329",88% bullish,of 16 ratings,$400
BIOL,$1.55,1441394144082,"8,761",Not yet rated,NULL,N/A
BLRX,$1.6999,1441394144215,"144,993",100% bullish,of 12 ratings,$5
BVXV,$3.84,1441394144244,"21,347",Not yet rated,NULL,N/A
BVXVW,$0.82,1441394144348,"1,200",100% bearish,of 1 rating,N/A
BMRN,$126.04,1441394144375,"228,566",80% bullish,of 5 ratings,$160
BPTH,$1.15,1441394144398,"17,754",100% bullish,of 2 ratings,$5
BIOS,$2.485,1441394144657,"253,391",71% bullish,of 7 ratings,$4
BRLI,NULL,1441394144756,0,NULL,NULL,NULL
BBC,$31.05,1441394144783,"8,118",Not yet rated,NULL,N/A
BBP,$31.9234,1441394144837,"9,963",Not yet rated,NULL,N/A
BSPM,$0.67,1441394144983,"64,991",50% bullish,of 2 ratings,N/A
BSTC,$48.43,1441394145123,"13,271",100% bearish,of 1 rating,$76
TECH,$92.355,1441394145197,"110,695",100% bullish,of 1 rating,$117
BOTA,$2.09,1441394145266,"22,844",88% bullish,of 8 ratings,N/A
BITI,$16.5,1441394145291,"9,747",100% bullish,of 1 rating,$28
BDMS,NULL,1441394145426,0,100% bearish,of 1 rating,N/A
BEAT,$15.88,1441394145574,"254,178",67% bearish,of 3 ratings,$15
BJRI,$44.59,1441394145605,"78,220",50% bullish,of 2 ratings,$55
BBOX,$14.76,1441394145680,"17,295",100% bearish,of 1 rating,N/A
BDE,$7.35,1441394145763,"31,477",50% bullish,of 2 ratings,$9
BBRY,$7.2698,1441394146214,"6,207,585",61% bullish,of 331 ratings,$9
BKCC,$9.41,1441394146317,"119,200",50% bullish,of 2 ratings,$10
BLKB,$56.9,1441394146343,"45,076",100% bearish,of 2 ratings,$66
HAWK,$38.83,1441394146368,"56,646",91% bullish,of 11 ratings,$49
ADRA,$25.9001,1441394146420,"1,578",100% bearish,of 1 rating,N/A
ADRD,$21.16,1441394146604,"2,013",100% bearish,of 1 rating,N/A
ADRU,$20.95,1441394146744,"3,700",100% bearish,of 1 rating,N/A
ADRE,$28.4201,1441394146773,"12,981",100% bearish,of 1 rating,N/A
BCOR,$13.22,1441394146798,"61,502",57% bullish,of 7 ratings,$15
BLMN,$20.44,1441394146844,"170,374",83% bullish,of 6 ratings,$27.50
BLBD,$11.6,1441394147078,"2,090",Not yet rated,NULL,N/A
BHBK,$13.95,1441394147321,"35,469",100% bullish,of 1 rating,$14.50
BBLU,$0.8883,1441394147347,"376,745",100% bullish,of 2 ratings,$4.43
BUFF,$23.44,1441394147372,"324,848",77% bullish,of 13 ratings,$31.50
NILE,$33.56,1441394147546,"12,106",50% bullish,of 2 ratings,$34
BLUE,$129.4446,1441394147595,"167,771",71% bullish,of 7 ratings,$217.50
BKEP,$6.4299,1441394147731,"9,598",100% bearish,of 1 rating,$8.50
BNCN,$20.78,1441394147783,"35,222",Not yet rated,NULL,$24
BPMC,$28.11,1441394147811,"18,529",50% bullish,of 2 ratings,$47.50
BKEPP,NULL,1441394147874,0,100% bearish,of 1 rating,N/A
BOBE,$44.9,1441394148106,"155,523",75% bullish,of 4 ratings,$57
WIFI,$7.54,1441394148132,"82,209",50% bullish,of 2 ratings,$13.50
BOFI,$113.36,1441394148158,"186,784",100% bullish,of 6 ratings,$144
BOJA,$20.65,1441394148290,"77,777",100% bullish,of 1 rating,$30
BOKF,$61.837,1441394148347,"47,907",100% bearish,of 1 rating,$69
BPFH,$11.75,1441394148584,"121,618",100% bearish,of 1 rating,$14
BAMM,$3.21,1441394148652,"1,757",60% bullish,of 5 ratings,N/A
BNSO,$1.2301,1441394148677,900,100% bearish,of 1 rating,N/A
BONA,$11.25,1441394148719,"47,726",75% bullish,of 4 ratings,$8.50
BPFHP,$24.4601,1441394148744,200,100% bearish,of 1 rating,N/A
BPFHW,NULL,1441394148929,0,100% bearish,of 1 rating,N/A
BCLI,$3.11,1441394149062,"50,845",80% bullish,of 5 ratings,$12
BDBD,$8.249,1441394149138,"159,664",60% bullish,of 5 ratings,$10
BBEP,$2.67,1441394149274,"552,808",69% bullish,of 13 ratings,$5.625
BBRG,$12.42,1441394149302,"12,492",67% bullish,of 3 ratings,$14.50
EPAY,$26.35,1441394149328,"44,686",100% bearish,of 2 ratings,$30
BBEPP,$14.4927,1441394149494,"8,093",50% bullish,of 2 ratings,N/A
BLIN,$1.54,1441394149698,"351,390",50% bullish,of 2 ratings,$2.20
BDGE,$25.77,1441394149726,"5,877",Not yet rated,NULL,$31.75
BRID,$8.1,1441394149753,2,100% bearish,of 1 rating,N/A
BCOV,$5.2,1441394149889,"28,769",67% bullish,of 3 ratings,$10.20
BRCM,$50.59,1441394149917,"1,297,541",69% bullish,of 13 ratings,$56
BSFT,$31.945,1441394150090,"60,843",57% bullish,of 7 ratings,$40.50
BVSN,$5.97,1441394150180,"1,200",60% bearish,of 5 ratings,N/A
BYFC,NULL,1441394150360,0,50% bullish,of 2 ratings,N/A
BWEN,$3.15,1441394150394,"55,184",75% bullish,of 4 ratings,$8
BRCD,$10.11,1441394150415,"683,221",92% bullish,of 13 ratings,$12
BRKL,$10.42,1441394150491,"110,591",100% bearish,of 1 rating,$12
BRKS,$10.26,1441394150654,"96,028",67% bullish,of 3 ratings,$15.25
BRKR,$17.77,1441394150682,"168,337",100% bearish,of 2 ratings,$22
BMTC,$29.17,1441394150816,"16,440",Not yet rated,NULL,$34
BSQR,$6.1188,1441394150876,"12,237",67% bullish,of 3 ratings,N/A
BLMT,$20.955,1441394150900,"2,428",Not yet rated,NULL,N/A
BWLD,$196.41,1441394151066,"95,183",82% bullish,of 11 ratings,$205
BLDR,$15.28,1441394151260,"569,139",67% bullish,of 3 ratings,$22
CFFI,$35.5001,1441394151387,302,100% bearish,of 1 rating,N/A
BUR,$1.7178,1441394151481,200,100% bearish,of 1 rating,$8
CCMP,$42.29,1441394151507,"14,554",50% bullish,of 2 ratings,$59
CA,$27.02,1441394151528,"1,020,990",50% bullish,of 4 ratings,$33
CHRW,$67.47,1441394151556,"428,062",Not yet rated,NULL,$72
CDNS,$20.25,1441394151776,"712,620",75% bullish,of 4 ratings,$22.50
CZR,$9.25,1441394151955,"216,579",60% bearish,of 5 ratings,$10.50
CDZI,$7.34,1441394151984,"16,278",100% bearish,of 1 rating,N/A
CACQ,$7.105,1441394152038,"69,994",100% bearish,of 1 rating,$12.25
PRSS,$4.45,1441394152309,"5,175",80% bullish,of 5 ratings,$4.50
CSTE,$38.47,1441394152370,"103,710",50% bullish,of 2 ratings,$65
CLMS,$9.7,1441394152505,"67,083",Not yet rated,NULL,$10.50
CHI,$10.305,1441394152533,"120,603",100% bearish,of 1 rating,N/A
CLBS,$1.7134,1441394152554,"54,967",79% bullish,of 14 ratings,$4
CHY,$11.02,1441394152585,"108,626",Not yet rated,NULL,N/A
CCD,$19.39,1441394152783,"32,052",Not yet rated,NULL,N/A
CHW,$7.3628,1441394152918,"159,409",100% bearish,of 1 rating,N/A
CFGE,NULL,1441394152945,0,Not yet rated,NULL,N/A
CGO,$11.9,1441394153023,"6,645",100% bearish,of 1 rating,N/A
CSQ,$9.69,1441394153100,"203,859",Not yet rated,NULL,N/A
CAMP,$15.86,1441394153262,"174,349",88% bullish,of 8 ratings,$25
CVGW,$49.38,1441394153406,"184,410",50% bullish,of 2 ratings,$62
CFNB,$13.0601,1441394153488,300,100% bearish,of 1 rating,N/A
CALM,$52.79,1441394153588,"89,595",80% bullish,of 5 ratings,$63.50
CLMT,$25.54,1441394153898,"53,089",75% bullish,of 8 ratings,$31
CALD,$15.89,1441394153933,"101,605",100% bearish,of 1 rating,$21
CALA,$6.06,1441394153961,"118,295",67% bullish,of 3 ratings,$19.50
ABCD,$5.09,1441394153987,"25,716",83% bullish,of 6 ratings,N/A
CAMB,NULL,1441394154027,0,Not yet rated,NULL,N/A
CAMBU,NULL,1441394154053,0,100% bearish,of 1 rating,N/A
CAMBW,NULL,1441394154373,0,Not yet rated,NULL,N/A
CAC,$39.62,1441394154427,"6,554",Not yet rated,NULL,N/A
CAMT,$2.62,1441394154474,"16,829",73% bullish,of 11 ratings,$4
CSIQ,$18.28,1441394154521,"511,311",86% bullish,of 28 ratings,$42.50
CGIX,$9.87,1441394154691,"3,212",67% bullish,of 3 ratings,$14.375
CBNJ,$11.15,1441394154919,"7,741",100% bearish,of 1 rating,N/A
CPHC,NULL,1441394154953,0,100% bearish,of 1 rating,N/A
CPLP,$7.01,1441394154984,"104,854",71% bullish,of 7 ratings,$11
CBF,$30.1,1441394155052,"10,445",Not yet rated,NULL,$32
CCBG,$14.89,1441394155080,"2,835",Not yet rated,NULL,$17.25
CPLA,$48.9,1441394155110,"25,821",67% bearish,of 3 ratings,$65
CSWC,$43.31,1441394155458,"19,647",Not yet rated,NULL,N/A
CFFN,$11.79,1441394155488,"143,995",Not yet rated,NULL,$12.75
CAPN,$2,1441394155622,"55,176",100% bullish,of 1 rating,$10.85
CAPR,$4.3,1441394155646,"6,441",Not yet rated,NULL,$12
CPTA,$14.12,1441394155675,"13,127",100% bearish,of 1 rating,$18.25
CAPNW,NULL,1441394155695,0,Not yet rated,NULL,N/A
CARA,$19.09,1441394156021,"86,001",50% bullish,of 4 ratings,$25
CBYL,$5.36,1441394156051,"26,832",100% bearish,of 1 rating,$20
CARB,$11.1,1441394156097,"35,340",75% bullish,of 4 ratings,$12
CRDC,$0.34,1441394156124,"146,590",100% bullish,of 1 rating,$1.25
CPST,$0.3859,1441394156182,"243,368",95% bullish,of 22 ratings,$1.25
CFNL,$21.99,1441394156286,"21,439",Not yet rated,NULL,$24
CRME,$9.51,1441394156575,"11,107",89% bullish,of 9 ratings,$11.25
CATM,$33.75,1441394156710,"96,028",100% bearish,of 1 rating,$44
CDNA,$7,1441394156755,"19,383",100% bearish,of 1 rating,$9
CSII,$22.65,1441394156814,"71,028",100% bearish,of 2 ratings,$42.125
CTRE,$10.91,1441394156971,"117,311",50% bullish,of 2 ratings,$13.50
CECO,$3.57,1441394157103,"108,997",67% bearish,of 3 ratings,$6
CKEC,$22.56,1441394157129,"86,840",50% bullish,of 2 ratings,$35.915
CART,NULL,1441394157267,0,100% bearish,of 1 rating,N/A
CLBH,$12.53,1441394157359,811,Not yet rated,NULL,$16.50
CARO,$15.09,1441394157395,704,100% bearish,of 1 rating,$19
TAST,$12.69,1441394157461,"109,920",Not yet rated,NULL,$14.25
CRZO,$35.3,1441394157549,"536,652",67% bearish,of 3 ratings,$54.50
CRTN,$2.44,1441394157742,768,100% bearish,of 1 rating,N/A
CARV,$6.8222,1441394157848,"6,640",50% bullish,of 2 ratings,N/A
CASM,$1.19,1441394157977,"7,364",100% bullish,of 1 rating,$3.50
CACB,$5.3,1441394158053,"35,577",Not yet rated,NULL,$5.50
AEY,$2.32,1441394158078,"3,778",100% bearish,of 2 ratings,N/A
CSCD,$15.16,1441394158104,"6,534",100% bullish,of 2 ratings,$17
CWST,$6.29,1441394158233,"25,936",50% bullish,of 2 ratings,$7.25
CASY,$105.37,1441394158282,"97,472",50% bullish,of 2 ratings,$99.50
CASS,$48.8,1441394158363,"6,751",100% bearish,of 1 rating,N/A
CATY,$29.02,1441394158505,"214,580",100% bearish,of 1 rating,$33.50
CATB,$10.97,1441394158539,"8,315",100% bearish,of 1 rating,$28
CASI,$1.3526,1441394158567,"1,684",100% bullish,of 1 rating,$3.50
CPRX,$3.67,1441394158593,"300,641",71% bullish,of 7 ratings,$7
CATYW,NULL,1441394158635,0,100% bearish,of 1 rating,N/A
CVCO,$70.94,1441394158915,"2,945",100% bearish,of 1 rating,N/A
CNLM,NULL,1441394159047,0,Not yet rated,NULL,N/A
CAVM,$68.31,1441394159076,"223,977",67% bearish,of 3 ratings,$72
CBFV,$21.4599,1441394159105,421,Not yet rated,NULL,$25
CBOE,$63.59,1441394159214,"120,863",Not yet rated,NULL,$63
CNLMR,NULL,1441394159242,0,Not yet rated,NULL,N/A
CNLMW,NULL,1441394159268,0,Not yet rated,NULL,N/A
CNLMU,NULL,1441394159346,0,100% bullish,of 1 rating,N/A
CDK,$48.2827,1441394159481,"61,376",67% bearish,of 3 ratings,$50
CDW,$38.67,1441394159518,"263,170",75% bullish,of 4 ratings,$44
CELGZ,$1.76,1441394159692,7,80% bullish,of 5 ratings,N/A
CPXX,$2.3,1441394159720,"24,497",100% bullish,of 2 ratings,$7
CELG,$117.32,1441394159746,"1,482,645",100% bullish,of 13 ratings,$156
CECE,$9.61,1441394159792,"138,840",50% bullish,of 2 ratings,$16
CLDN,$1.1936,1441394159947,"32,332",63% bullish,of 8 ratings,$3
CLRB,$2.89,1441394160143,"2,270",100% bearish,of 1 rating,N/A
CLLS,$31.81,1441394160175,"38,244",75% bullish,of 4 ratings,$51.50
CLDX,$14.09,1441394160207,"333,008",89% bullish,of 9 ratings,$36
CLRBW,NULL,1441394160245,0,Not yet rated,NULL,N/A
CBMG,$23.12,1441394160277,"26,913",50% bullish,of 2 ratings,N/A
CLSN,$1.97,1441394160342,"40,514",80% bullish,of 10 ratings,$7.50
CYAD,$47.01,1441394160606,100,100% bullish,of 1 rating,$87.50
CLTX,$1.99,1441394160634,"83,030",100% bullish,of 2 ratings,N/A
CEMP,$33.42,1441394160779,"185,834",71% bullish,of 7 ratings,$52
CETX,$2.443,1441394160807,"17,100",Not yet rated,NULL,$5.60
CSFL,$13.58,1441394160872,"34,898",Not yet rated,NULL,$15
CETV,$2.05,1441394161003,"16,558",67% bullish,of 3 ratings,$2.80
CFBK,$1.34,1441394161028,896,Not yet rated,NULL,N/A
CENT,$14.1993,1441394161167,"90,569",Not yet rated,NULL,$10
CVCY,$11.54,1441394161266,198,Not yet rated,NULL,$12
CENTA,$14.54,1441394161301,"67,821",Not yet rated,NULL,N/A
CENX,$5.27,1441394161401,"721,203",67% bullish,of 6 ratings,$9
CPHD,$49.26,1441394161426,"254,902",67% bearish,of 3 ratings,$66
CNBKA,$39.12,1441394161457,198,50% bullish,of 2 ratings,N/A
CNTY,$5.9,1441394161556,"6,948",80% bullish,of 5 ratings,$7.75
CRNT,$1.4,1441394161614,"24,941",50% bullish,of 2 ratings,$2
CERE,$1.11,1441394161758,"186,072",88% bullish,of 8 ratings,N/A
CERN,$59.83,1441394161845,"283,934",67% bullish,of 3 ratings,$79
CERU,$4.2045,1441394161951,"15,381",75% bullish,of 4 ratings,$14
CERS,$5.2,1441394161982,"422,173",75% bullish,of 4 ratings,$7
KOOL,$0.6424,1441394162010,"27,035",100% bullish,of 5 ratings,$7
CEVA,$18.9,1441394162276,"9,680",100% bearish,of 1 rating,$25
HOTR,$1.3,1441394162329,"40,390",100% bullish,of 2 ratings,$5
CYOU,$18.79,1441394162357,"44,397",50% bullish,of 6 ratings,$24
GTLS,$22.99,1441394162462,"75,841",50% bullish,of 4 ratings,$40
CHTR,$182.565,1441394162491,"264,098",67% bearish,of 3 ratings,$202
CHFN,$12.1,1441394162840,"6,408",Not yet rated,NULL,$14
CHKP,$77.87,1441394162892,"568,882",50% bullish,of 4 ratings,$92
CHEK,NULL,1441394162946,0,Not yet rated,NULL,$7.75
CHEKW,NULL,1441394163077,0,Not yet rated,NULL,N/A
CEMI,$4.21,1441394163208,"3,148",50% bullish,of 2 ratings,$7.50
CHFC,$30.35,1441394163256,"38,550",100% bearish,of 1 rating,$36
HOTRW,$0.15,1441394163281,"10,650",Not yet rated,NULL,N/A
CHMG,$26.15,1441394163421,400,Not yet rated,NULL,$30
CCXI,$6.19,1441394163467,"10,702",67% bullish,of 3 ratings,$14
CTHR,$1.2396,1441394163497,"32,247",50% bullish,of 2 ratings,$2.50
CHKE,$25.57,1441394163525,"6,115",100% bearish,of 1 rating,$32.50
CHEV,$14.5,1441394163602,"3,750",Not yet rated,NULL,N/A
CHMA,$28.24,1441394163708,"44,881",Not yet rated,NULL,$40
CBNK,$16.78,1441394163871,200,100% bearish,of 1 rating,N/A
PLCE,$58.34,1441394163953,"53,622",100% bearish,of 1 rating,$69
CMRX,$49.17,1441394164098,"86,745",50% bullish,of 2 ratings,$57
CADC,$3.34,1441394164124,400,78% bullish,of 9 ratings,N/A
CALI,NULL,1441394164155,0,67% bullish,of 3 ratings,N/A
CAAS,$6.07,1441394164253,"4,379",93% bullish,of 14 ratings,$11.50
CBAK,$2.021,1441394164352,"85,017",67% bullish,of 9 ratings,N/A
CCCL,NULL,1441394164379,0,100% bullish,of 6 ratings,N/A
CBPO,$94.56,1441394164434,"55,609",75% bullish,of 8 ratings,$140.50
JRJC,$3.48,1441394164603,"21,910",82% bullish,of 11 ratings,N/A
CCCR,$0.7152,1441394164629,700,67% bearish,of 3 ratings,N/A
CHOP,$1.08,1441394164699,"7,397",50% bullish,of 2 ratings,N/A
CHLN,$1.8,1441394164842,300,67% bullish,of 3 ratings,N/A
HGSH,$1.8,1441394164874,"2,201",67% bullish,of 3 ratings,N/A
CNIT,$1.14,1441394164975,"59,359",67% bullish,of 6 ratings,N/A
CHNR,$1.72,1441394165123,"21,018",100% bearish,of 1 rating,N/A
CJJD,$1.763,1441394165151,"2,790",100% bullish,of 1 rating,N/A
HTHT,$25.5,1441394165176,"39,348",50% bullish,of 2 ratings,$28.40
CPGI,$6.905,1441394165228,"1,900",Not yet rated,NULL,N/A
CSUN,$1.331,1441394165494,"8,275",80% bullish,of 5 ratings,N/A
CREG,$0.6301,1441394165521,"31,892",100% bullish,of 3 ratings,N/A
CNTF,$0.7807,1441394165568,"23,386",Not yet rated,NULL,N/A
CXDC,$6.05,1441394165672,"17,268",67% bearish,of 3 ratings,N/A
CNYD,$3.21,1441394165694,300,67% bullish,of 3 ratings,N/A
CNET,$0.84,1441394165728,"12,960",50% bullish,of 2 ratings,N/A
CCIH,$7.24,1441394165771,"78,310",67% bullish,of 6 ratings,$12.65
CHSCL,$27.298,1441394166117,"12,242",Not yet rated,NULL,N/A
IMOS,$19.36,1441394166153,"101,348",60% bullish,of 5 ratings,$21.50
CHSCN,$27.053,1441394166179,"1,652",Not yet rated,NULL,N/A
CHSCP,$30.69,1441394166311,"2,821",Not yet rated,NULL,N/A
CHSCM,$26.261,1441394166337,"7,549",Not yet rated,NULL,N/A
CHSCO,$28.42,1441394166361,"1,068",Not yet rated,NULL,N/A
CHDN,$133.74,1441394166399,"25,811",Not yet rated,NULL,$165
CDTX,$14.23,1441394166581,"9,585",Not yet rated,NULL,$22
CHUY,$31.31,1441394166614,"38,036",50% bullish,of 2 ratings,$34
CIFC,$6.85,1441394166635,"7,435",100% bearish,of 1 rating,N/A
CMCT,NULL,1441394166710,0,100% bearish,of 1 rating,N/A
CIDM,$0.5894,1441394166782,"7,015",50% bullish,of 2 ratings,$2.10
CINF,$51.82,1441394166810,"218,273",50% bullish,of 4 ratings,$50.50
CMPR,$71.181,1441394166870,"60,284",50% bullish,of 2 ratings,$72.50
CTAS,$83.765,1441394167093,"135,157",100% bearish,of 1 rating,$91
CSCO,$25.465,1441394167196,"9,024,442",83% bullish,of 210 ratings,$32
CTRN,$25.78,1441394167254,"32,218",100% bearish,of 1 rating,$31.50
CPHR,$5.05,1441394167388,"1,710",100% bearish,of 1 rating,$17
CRUS,$29.44,1441394167415,"216,155",75% bullish,of 12 ratings,$44.50
CZNC,$19.49,1441394167440,"4,030",Not yet rated,NULL,N/A
CZWI,$9,1441394167468,316,Not yet rated,NULL,N/A
CZFC,NULL,1441394167601,0,Not yet rated,NULL,N/A
CIZN,NULL,1441394167656,0,Not yet rated,NULL,N/A
CHCO,$47,1441394167681,"13,718",Not yet rated,NULL,$46
CTXS,$67.91,1441394167849,"670,774",86% bullish,of 7 ratings,$80
CIVB,$10.07,1441394167916,"1,650",Not yet rated,NULL,$11
CIVBP,NULL,1441394168057,0,Not yet rated,NULL,N/A
CDTI,$1.56,1441394168191,"18,150",75% bullish,of 4 ratings,$3.20
CLNT,$1.55,1441394168219,"5,200",75% bullish,of 8 ratings,N/A
CLNE,$5.12,1441394168247,"310,495",80% bullish,of 15 ratings,$9
CLFD,$16.72,1441394168347,"9,044",67% bullish,of 3 ratings,$18
CBLI,$4.14,1441394168451,"11,556",60% bullish,of 5 ratings,N/A
CLVS,$82.5,1441394168482,"135,212",60% bullish,of 5 ratings,$101.50
CLRO,$11.43,1441394168512,600,50% bullish,of 2 ratings,$14.25
CSBK,$13.85,1441394168586,"18,107",Not yet rated,NULL,N/A
CLIR,$5.01,1441394168615,"33,515",100% bullish,of 3 ratings,N/A
CMFN,$11.24,1441394168820,"6,387",100% bearish,of 1 rating,$15.50
CCNE,$16.989,1441394168887,"4,343",50% bullish,of 2 ratings,$21.50
CME,$92.32,1441394168948,"647,754",67% bullish,of 3 ratings,$102
CISG,$7.65,1441394169019,"13,657",100% bullish,of 5 ratings,$10
CNV,$4.35,1441394169106,"20,684",50% bullish,of 2 ratings,$7.15
CWAY,$11.28,1441394169210,"1,600",Not yet rated,NULL,N/A
COBZ,$12.66,1441394169235,"16,608",100% bullish,of 1 rating,$14
CDRB,$9.18,1441394169379,"17,139",67% bullish,of 3 ratings,N/A
CVLY,NULL,1441394169508,0,Not yet rated,NULL,N/A
CDXS,$3.5006,1441394169537,"21,472",64% bullish,of 11 ratings,$6
JVA,$4.7,1441394169566,"7,400",83% bullish,of 6 ratings,$7
COKE,$156.81,1441394169595,"9,633",79% bullish,of 19 ratings,N/A
CCOI,$27.24,1441394169781,"118,199",50% bullish,of 4 ratings,$35
CGNT,$1.54,1441394169844,800,100% bullish,of 2 ratings,$2
CTSH,$61.51,1441394170017,"1,378,334",90% bullish,of 10 ratings,$75
COHR,$54.57,1441394170042,"27,260",50% bullish,of 2 ratings,$72
CGNX,$34.385,1441394170069,"150,158",50% bullish,of 2 ratings,$47
CHRS,$26.5,1441394170327,"96,157",67% bearish,of 3 ratings,$37
CLRX,$0.6704,1441394170359,"15,004",50% bullish,of 2 ratings,N/A
COLL,$15.8326,1441394170414,"23,592",100% bearish,of 1 rating,$26
CLCT,$17.94,1441394170457,"7,266",100% bearish,of 1 rating,N/A
COHU,$9.5096,1441394170494,"20,131",100% bearish,of 1 rating,$14.25
CIGI,$41.79,1441394170557,"16,635",100% bearish,of 1 rating,$52
CLCD,$5.84,1441394170627,"33,304",100% bearish,of 1 rating,$20.50
COLB,$29.24,1441394170870,"62,150",Not yet rated,NULL,$36
CBAN,$8.76,1441394170895,300,Not yet rated,NULL,N/A
COLM,$61.06,1441394171025,"28,277",100% bearish,of 1 rating,$71
CMCO,$18.88,1441394171050,"14,224",60% bullish,of 5 ratings,$28
CMCSK,$56.62,1441394171232,"1,517,924",Not yet rated,NULL,$84
CMCSA,$55.65,1441394171254,"4,084,670",66% bullish,of 35 ratings,$69.50
CBSHP,$25.43,1441394171356,"3,471",100% bearish,of 1 rating,N/A
CUBN,NULL,1441394171417,0,Not yet rated,NULL,N/A
CBMX,$1.11,1441394171442,"10,301",83% bullish,of 6 ratings,$3.15
COMM,$32.58,1441394171473,"193,854",67% bearish,of 3 ratings,$35
CBSH,$43.36,1441394171517,"97,943",50% bullish,of 2 ratings,$46
CVGI,$4.83,1441394171782,"17,943",50% bullish,of 2 ratings,$6
CSAL,$20.12,1441394171851,"220,230",75% bullish,of 4 ratings,$30
JCS,$8.66,1441394171881,"6,975",67% bullish,of 3 ratings,N/A
ESXB,$5.0201,1441394171911,426,Not yet rated,NULL,N/A
CYHHZ,$0.012,1441394172101,"8,982",100% bullish,of 1 rating,N/A
CWBC,$6.826,1441394172149,200,Not yet rated,NULL,N/A
CTBI,$34.46,1441394172175,"6,004",Not yet rated,NULL,$36
COB,$10.094,1441394172306,"2,100",100% bullish,of 1 rating,$11.75
CVLT,$35.27,1441394172331,"192,205",75% bullish,of 4 ratings,$44.50
CIL,NULL,1441394172470,0,Not yet rated,NULL,N/A
CSA,NULL,1441394172501,0,Not yet rated,NULL,N/A
CID,$32.38,1441394172529,"1,305",Not yet rated,NULL,N/A
CIZ,$31.99,1441394172606,"14,323",100% bearish,of 1 rating,N/A
CDC,$33.748,1441394172677,"50,166",Not yet rated,NULL,N/A
CSF,$36.06,1441394172835,"3,017",100% bearish,of 1 rating,N/A
CFA,$34.65,1441394173028,900,100% bearish,of 1 rating,N/A
CFO,$34.7,1441394173054,"45,444",100% bearish,of 1 rating,N/A
CDL,$32.826,1441394173135,"1,157",Not yet rated,NULL,N/A
CPSI,$45.05,1441394173202,"24,252",100% bearish,of 1 rating,$45.50
CGEN,$5.1,1441394173227,"32,976",50% bullish,of 2 ratings,$11
SCOR,$47.35,1441394173362,"222,037",100% bearish,of 1 rating,$66
CSB,NULL,1441394173389,0,Not yet rated,NULL,N/A
CHCI,$0.721,1441394173553,"5,769",50% bullish,of 2 ratings,N/A
CTG,$6.6172,1441394173621,"9,695",100% bearish,of 1 rating,$8.50
CNSI,$18.1,1441394173647,"33,039",100% bearish,of 2 ratings,$29
CMTL,$26,1441394173684,"8,836",100% bearish,of 2 ratings,$37
CNAT,$3.8,1441394173726,"37,864",83% bullish,of 6 ratings,$13
CNCE,$15.91,1441394173856,"57,815",75% bullish,of 4 ratings,$22
CXRX,$82.95,1441394174044,300,100% bearish,of 1 rating,$90
CDOR,$1.2201,1441394174101,"7,700",100% bullish,of 1 rating,N/A
CCUR,$5.35,1441394174127,"2,413",75% bullish,of 4 ratings,N/A
CDORO,NULL,1441394174155,0,100% bearish,of 1 rating,N/A
CDORP,$6.25,1441394174287,300,100% bearish,of 1 rating,N/A
CNFR,$10.06,1441394174311,12,Not yet rated,NULL,N/A
CNMD,$50.42,1441394174453,"49,849",Not yet rated,NULL,$59
CTWS,$34.497,1441394174526,"4,722",100% bearish,of 1 rating,$44
CFMS,$14.25,1441394174610,"224,432",100% bearish,of 1 rating,$26.50
CNOB,$19.01,1441394174644,"42,699",100% bullish,of 1 rating,$23.50
CNXR,$6.78,1441394174754,"71,708",100% bearish,of 1 rating,$12
CONN,$28.86,1441394174780,"206,782",67% bullish,of 3 ratings,$48.50
CWCO,$10.42,1441394175004,"43,158",67% bullish,of 3 ratings,$14.50
CTCT,$24.29,1441394175114,"63,370",67% bullish,of 3 ratings,$37
CPSS,$5.53,1441394175142,"5,037",100% bullish,of 1 rating,$10
CNSL,$19.56,1441394175167,"62,846",100% bearish,of 1 rating,$23
CFRXZ,NULL,1441394175299,0,Not yet rated,NULL,N/A
CFRX,$4.9,1441394175324,"3,200",Not yet rated,NULL,$14
CFRXW,$1.68,1441394175403,700,100% bearish,of 1 rating,N/A
CTRV,$3.44,1441394175532,"6,050",Not yet rated,NULL,$6.40
CTRL,$8.29,1441394175558,"66,115",50% bullish,of 2 ratings,$11
CPRT,$34.775,1441394175695,"137,908",67% bearish,of 3 ratings,$40
CORT,$4.93,1441394175725,"117,738",67% bullish,of 3 ratings,$12
CRBP,$1.8772,1441394175753,"70,765",100% bullish,of 2 ratings,$6.25
BVA,NULL,1441394175833,0,50% bullish,of 2 ratings,N/A
CORI,$10.29,1441394176075,"45,193",100% bearish,of 1 rating,$18
CORE,$58.81,1441394176101,"47,420",100% bearish,of 1 rating,$72
CSOD,$36.48,1441394176241,"114,312",50% bullish,of 2 ratings,$42
CSGP,$174.72,1441394176262,"36,308",50% bullish,of 2 ratings,$235
CRVL,$30.42,1441394176345,"4,816",100% bearish,of 1 rating,N/A
COSI,$1.09,1441394176400,"3,059",100% bullish,of 1 rating,N/A
CPAH,$0.43,1441394176494,300,50% bullish,of 2 ratings,N/A
COST,$138.38,1441394176690,"706,311",79% bullish,of 24 ratings,$154.50
COVS,$2.53,1441394176724,"18,900",67% bullish,of 3 ratings,N/A
CVTI,$22.69,1441394176755,"20,547",67% bearish,of 3 ratings,$39
COWN,$5.03,1441394176825,"291,860",75% bullish,of 4 ratings,$7
ICBK,NULL,1441394176854,0,Not yet rated,NULL,$21
CPSH,$2.41,1441394176900,702,Not yet rated,NULL,N/A
COWNL,$26.62,1441394177085,113,Not yet rated,NULL,N/A
CRAI,$23,1441394177155,"9,466",100% bearish,of 1 rating,$36
CBRL,$146.54,1441394177185,"65,037",50% bullish,of 2 ratings,$155
CACC,$196.38,1441394177393,"49,072",50% bullish,of 2 ratings,$158.50
GLDI,$10.96,1441394177453,"22,620",100% bearish,of 1 rating,N/A
BREW,$7.64,1441394177485,"9,953",67% bullish,of 6 ratings,$15
SLVO,$10.0319,1441394177553,337,100% bearish,of 1 rating,N/A
CREE,$25.82,1441394177579,"304,021",65% bullish,of 17 ratings,$29.50
CRAY,$20.46,1441394177604,"79,701",83% bullish,of 6 ratings,$38.50
CRESY,$10.24,1441394177709,"8,283",100% bearish,of 1 rating,$19
CRTO,$36.29,1441394177846,"247,359",67% bullish,of 6 ratings,$64
CROX,$13.81,1441394177900,"385,414",63% bullish,of 8 ratings,$16.50
CCRN,$14.15,1441394178037,"141,691",100% bearish,of 1 rating,$14.25
CRWS,$8.07,1441394178075,"5,500",Not yet rated,NULL,$10
CRDS,$1.19,1441394178110,"85,682",50% bullish,of 4 ratings,$3.375
CRWN,$5.24,1441394178295,"88,500",75% bullish,of 4 ratings,N/A
CSPI,$5.6201,1441394178439,"3,718",67% bullish,of 3 ratings,N/A
CCLP,$13.55,1441394178505,"65,007",67% bearish,of 3 ratings,$20
CYRXW,$0.745,1441394178543,"8,500",Not yet rated,NULL,N/A
CSGS,$29.6,1441394178610,"70,589",Not yet rated,NULL,$40
CTIC,$1.525,1441394178637,"192,770",84% bullish,of 76 ratings,$5.75
CYRX,$2.98,1441394178689,"22,950",Not yet rated,NULL,$9
CTIB,NULL,1441394178720,0,100% bearish,of 1 rating,N/A
CTCM,$1.705,1441394178820,"51,447",80% bearish,of 5 ratings,$3.90
CTRP,$63.68,1441394178961,"708,900",75% bullish,of 8 ratings,$92.50
CUNB,$21.8,1441394179106,"5,664",Not yet rated,NULL,$24.50
CUI,$5.19,1441394179146,"11,709",50% bullish,of 2 ratings,$10
CMLS,$1.28,1441394179203,"83,724",50% bullish,of 4 ratings,$6
CPIX,$6.19,1441394179235,"10,003",Not yet rated,NULL,N/A
CRIS,$2.515,1441394179377,"51,065",100% bullish,of 8 ratings,$6
CUTR,$14.96,1441394179483,"43,651",67% bearish,of 3 ratings,$18
CVV,$11.16,1441394179535,"1,912",100% bullish,of 5 ratings,N/A
CVBF,$15.92,1441394179612,"82,694",Not yet rated,NULL,$18
CYAN,$6.2001,1441394179665,"1,050",100% bearish,of 1 rating,N/A
CYBR,$46.21,1441394179692,"1,508,812",75% bullish,of 8 ratings,$68.50
CYBX,$64.65,1441394179713,"55,679",50% bullish,of 4 ratings,$71.50
CYBE,$6.9,1441394180003,"5,218",100% bearish,of 1 rating,N/A
CYCCP,$5.51,1441394180070,"1,504",100% bearish,of 1 rating,N/A
CBAY,$2.69,1441394180095,"5,500",100% bullish,of 1 rating,$4
CYCC,$0.56,1441394180133,"28,349",73% bullish,of 11 ratings,N/A
CYNO,$33.08,1441394180311,"88,197",67% bearish,of 3 ratings,$45.50
CYNA,$16.01,1441394180371,"4,502",50% bullish,of 2 ratings,$31.50
CONE,$31.71,1441394180438,"246,812",67% bearish,of 3 ratings,$35.50
CY,$9.9,1441394180503,"1,248,331",80% bullish,of 10 ratings,$15.50
CYRN,$1.74,1441394180537,"12,520",67% bullish,of 3 ratings,$4
CYTK,$7.21,1441394180564,"62,331",71% bullish,of 14 ratings,$13.50
CTSO,$7.339,1441394180589,"28,295",Not yet rated,NULL,$15.625
CYTX,$0.368,1441394180793,"902,956",83% bullish,of 12 ratings,$5.50
DAEG,$0.3501,1441394180821,770,100% bearish,of 1 rating,N/A
TVIZ,$24.51,1441394180957,"1,900",100% bearish,of 1 rating,N/A
CYTR,$2.47,1441394180991,"159,152",67% bullish,of 6 ratings,$10
DJCO,$196.76,1441394181217,64,Not yet rated,NULL,N/A
ZIV,$35.04,1441394181246,"32,369",Not yet rated,NULL,N/A
XIV,$22.66,1441394181347,"16,759,401",75% bearish,of 4 ratings,N/A
DAKT,$8.4486,1441394181386,"123,248",50% bullish,of 2 ratings,$12
DAIO,$2.51,1441394181411,200,Not yet rated,NULL,N/A
TVIX,$17.15,1441394181437,"10,346,651",81% bullish,of 16 ratings,N/A
DRAM,$1.28,1441394181614,"7,700",78% bullish,of 9 ratings,N/A
DTLK,$5.57,1441394181644,"42,857",100% bearish,of 1 rating,$9
DARA,$0.8301,1441394181782,"32,427",83% bullish,of 6 ratings,$1.50
DWCH,$4.93,1441394181839,"7,327",75% bullish,of 4 ratings,$8.25
PLAY,$36.57,1441394181866,"188,453",100% bullish,of 5 ratings,$42
DTEA,$13.02,1441394181891,"12,440",100% bearish,of 2 ratings,$24
DWSN,$4.38,1441394182122,"24,501",67% bullish,of 3 ratings,N/A
TACO,$13.01,1441394182252,"19,936",75% bullish,of 4 ratings,$20
TRAK,$62.79,1441394182277,"555,472",50% bullish,of 2 ratings,$62.50
DHRM,$1.59,1441394182442,"1,394",Not yet rated,NULL,N/A
DBVT,$36.73,1441394182505,"46,540",100% bearish,of 1 rating,$53
DFRG,$14.255,1441394182545,"65,969",100% bearish,of 1 rating,$20
TACOW,$4.05,1441394182583,"3,400",100% bullish,of 1 rating,N/A
DCTH,$0.4871,1441394182712,"611,948",78% bullish,of 9 ratings,N/A
DELTW,NULL,1441394182843,0,Not yet rated,NULL,N/A
DELT,$2.05,1441394182870,860,Not yet rated,NULL,N/A
DGAS,$20.3,1441394182893,944,67% bearish,of 3 ratings,N/A
DENN,$11.29,1441394183023,"138,637",100% bullish,of 3 ratings,$15
XRAY,$51.21,1441394183048,"267,304",100% bullish,of 1 rating,$58
DSCI,$6.2,1441394183204,"53,984",50% bullish,of 2 ratings,$16
DERM,$25.4105,1441394183252,"16,275",100% bearish,of 1 rating,$33.50
DEPO,$26.74,1441394183277,"166,106",60% bullish,of 5 ratings,$29
DEST,$10.3199,1441394183490,"13,633",50% bullish,of 2 ratings,N/A
DXLG,$6.45,1441394183523,"88,837",100% bearish,of 1 rating,$8
DSWL,$1.43,1441394183624,"4,600",100% bullish,of 1 rating,N/A
DXM,$0.29,1441394183649,"49,428",50% bullish,of 2 ratings,N/A
DXCM,$88.56,1441394183674,"146,377",57% bullish,of 7 ratings,$98
DMND,$30.52,1441394183816,"29,046",75% bullish,of 12 ratings,$32
DHXM,$6.57,1441394183854,613,100% bearish,of 1 rating,N/A
DHIL,$188.95,1441394183883,500,Not yet rated,NULL,N/A
FANG,$65.78,1441394183989,"274,028",50% bullish,of 2 ratings,$86
DCIX,$1.53,1441394184093,"126,313",50% bullish,of 4 ratings,$3.50
DGII,$10.22,1441394184132,"7,406",100% bearish,of 1 rating,$11
DRNA,$10.94,1441394184260,"62,408",67% bearish,of 3 ratings,$25
DGLY,$7.37,1441394184403,"29,605",50% bullish,of 6 ratings,$20
DMRC,$37.53,1441394184542,"13,870",100% bearish,of 1 rating,$44
DRAD,$3.7201,1441394184608,"10,254",100% bullish,of 1 rating,$5.25
DCOM,$16.58,1441394184640,"23,083",100% bearish,of 2 ratings,$16
APPS,$2.11,1441394184679,"32,931",100% bearish,of 1 rating,$10.25
DIOD,$22.75,1441394184770,"220,735",75% bearish,of 4 ratings,$24
DPRX,$14.49,1441394184796,"11,205",100% bullish,of 2 ratings,$27.75
DISCA,$26.68,1441394184871,"641,018",67% bullish,of 3 ratings,$34
DISCK,$25.28,1441394185054,"486,249",100% bearish,of 1 rating,$32
DISCB,NULL,1441394185081,0,100% bearish,of 1 rating,$35
DSCO,$0.4322,1441394185212,"203,405",83% bullish,of 6 ratings,$2.75
DISH,$58.73,1441394185241,"491,109",69% bullish,of 13 ratings,$73
DVCR,NULL,1441394185282,0,100% bullish,of 1 rating,N/A
BAGR,$2.56,1441394185340,"9,808",100% bearish,of 1 rating,$6
DNBF,$26,1441394185518,600,Not yet rated,NULL,$27.50
DLHC,$2.4928,1441394185543,100,100% bearish,of 1 rating,N/A
DMLP,$14.7999,1441394185699,"7,961",100% bearish,of 1 rating,N/A
DLTR,$67.75,1441394185723,"2,887,387",82% bullish,of 11 ratings,$85
DGICA,$13.72,1441394185748,"4,675",100% bearish,of 1 rating,$17
DGICB,NULL,1441394185775,0,100% bearish,of 1 rating,N/A
DORM,$49.94,1441394186183,"116,457",100% bearish,of 1 rating,$56
HILL,$9.69,1441394186213,"313,983",60% bearish,of 5 ratings,$9.75
DRWI,$0.2034,1441394186242,"120,423",60% bullish,of 5 ratings,$.45
DRWIW,$0.0445,1441394186344,"7,100",Not yet rated,NULL,N/A
DRYS,$0.4477,1441394186486,"807,620",77% bullish,of 31 ratings,$.60
DWA,$20.56,1441394186517,"341,825",63% bullish,of 8 ratings,$26
DSPG,$8.83,1441394186623,"10,466",100% bearish,of 1 rating,$13.50
DSKX,$3.29,1441394186652,"30,294",100% bullish,of 1 rating,N/A
CADTR,NULL,1441394186724,0,Not yet rated,NULL,N/A
CADTU,NULL,1441394186752,0,Not yet rated,NULL,N/A
CADT,$10,1441394186817,600,Not yet rated,NULL,N/A
CADTW,NULL,1441394186885,0,Not yet rated,NULL,N/A
DNKN,$48.875,1441394187016,"240,081",67% bullish,of 15 ratings,$56.50
DRRX,$2.06,1441394187102,"235,102",50% bullish,of 6 ratings,$3
DTSI,$27.03,1441394187146,"26,993",100% bearish,of 2 ratings,$39.50
DXPE,$29.63,1441394187244,"43,534",50% bullish,of 2 ratings,N/A
DYAX,$21.92,1441394187293,"186,083",89% bullish,of 9 ratings,$30
BOOM,$10.12,1441394187317,"55,609",67% bullish,of 3 ratings,$12
DVAX,$28.2299,1441394187460,"71,562",70% bullish,of 10 ratings,$40
DYNT,$3.0601,1441394187541,400,75% bullish,of 4 ratings,N/A
DYSL,$1.5205,1441394187569,"3,188",100% bullish,of 2 ratings,N/A
ETFC,$25.22,1441394187640,"1,326,679",57% bullish,of 14 ratings,$32.50
EBMT,$11.5,1441394187702,300,Not yet rated,NULL,$13.50
EGBN,$41.04,1441394187767,"16,306",Not yet rated,NULL,$48
EGLE,$6.38,1441394187888,"21,056",60% bullish,of 5 ratings,N/A
EGRX,$78.33,1441394187944,"69,516",67% bullish,of 3 ratings,$97
ELNK,$8.51,1441394188126,"207,018",60% bullish,of 5 ratings,$9.50
EROC,$1.4572,1441394188186,"114,223",50% bullish,of 2 ratings,$3
EWBC,$38.69,1441394188254,"280,421",100% bearish,of 1 rating,$50
EACQU,$10.14,1441394188397,500,Not yet rated,NULL,N/A
EML,$16.22,1441394188422,"1,112",Not yet rated,NULL,N/A
EBIX,$27.48,1441394188554,"119,054",69% bullish,of 13 ratings,$40
EVBS,$6.5001,1441394188586,"2,302",Not yet rated,NULL,$7
EBAY,$26.439,1441394188641,"3,523,203",81% bullish,of 117 ratings,$34
ELON,$0.5901,1441394188751,"18,655",50% bullish,of 2 ratings,N/A
ECHO,$22.6,1441394188831,"101,308",67% bearish,of 3 ratings,$34.50
SATS,$43.32,1441394188882,"44,679",50% bullish,of 2 ratings,$60
ECTE,$1.57,1441394188989,"28,726",75% bullish,of 4 ratings,N/A
ESES,$3.11,1441394189345,300,100% bearish,of 1 rating,$7
EEI,$11.88,1441394189373,"1,351",67% bearish,of 3 ratings,N/A
ECACU,$10.06,1441394189402,505,Not yet rated,NULL,N/A
EDAP,$3.5301,1441394189503,"7,358",60% bullish,of 5 ratings,$4.50
EDUC,$6.508,1441394189587,"14,662",100% bearish,of 1 rating,N/A
EDGW,$7.201,1441394189731,"2,412",100% bearish,of 1 rating,N/A
EFUT,$4.63,1441394189791,"2,000",Not yet rated,NULL,N/A
EGAN,$3.6607,1441394189958,"1,300",50% bullish,of 2 ratings,$6.25
EHTH,$14.75,1441394190010,"28,810",50% bullish,of 4 ratings,$17
LOCO,$12.5631,1441394190038,"235,101",69% bullish,of 13 ratings,$19.50
EGLT,$13.09,1441394190090,"19,254",50% bullish,of 2 ratings,$21
EMITF,$1.228,1441394190173,"5,254",75% bullish,of 4 ratings,N/A
ESLT,$77.77,1441394190416,"1,277",67% bullish,of 3 ratings,N/A
ERI,$9.24,1441394190474,"19,368",100% bearish,of 1 rating,$10
ELRC,$10.5,1441394190499,"7,271",100% bearish,of 1 rating,N/A
EFII,$42.8,1441394190631,"28,424",80% bullish,of 5 ratings,$55
ESIO,$4.48,1441394190656,"138,040",50% bullish,of 2 ratings,$10
EA,$66.27,1441394190700,"1,380,115",78% bullish,of 36 ratings,$80
ELECU,NULL,1441394190893,0,Not yet rated,NULL,N/A
ELEC,NULL,1441394190924,0,Not yet rated,NULL,N/A
ELECW,NULL,1441394190962,0,Not yet rated,NULL,N/A
ELSE,NULL,1441394191020,0,60% bullish,of 5 ratings,N/A
CAPX,NULL,1441394191123,0,Not yet rated,NULL,N/A
RDEN,$11.37,1441394191150,"30,811",100% bearish,of 4 ratings,$15
EBIO,$3.3388,1441394191207,"98,057",100% bearish,of 2 ratings,$8.35
LONG,$16.85,1441394191494,"13,216",67% bullish,of 3 ratings,$15.75
EMCI,$21.56,1441394191586,"8,569",Not yet rated,NULL,N/A
ELTK,$1.2739,1441394191621,"8,482",67% bearish,of 3 ratings,N/A
EMKR,$6.805,1441394191650,"43,503",75% bullish,of 4 ratings,$8.50
EMCF,NULL,1441394191675,0,100% bearish,of 1 rating,N/A
EMMS,$1.32,1441394191807,"25,387",67% bullish,of 6 ratings,N/A
ESBK,$19.16,1441394191835,627,Not yet rated,NULL,N/A
EMMSP,NULL,1441394191966,0,100% bearish,of 1 rating,N/A
NYNY,$4.3701,1441394192100,"15,777",50% bullish,of 2 ratings,N/A
ENTA,$39.02,1441394192129,"70,923",50% bullish,of 2 ratings,$42
ERS,$3.48,1441394192164,"5,330",Not yet rated,NULL,N/A
ECPG,$37.65,1441394192260,"103,551",100% bullish,of 2 ratings,$52
WIRE,$32.17,1441394192323,"53,707",100% bearish,of 1 rating,$37
ECYT,$5.08,1441394192525,"113,112",83% bullish,of 6 ratings,$12
ELGX,$12.89,1441394192577,"164,667",75% bullish,of 4 ratings,$17
ENDP,$72.78,1441394192628,"647,835",50% bullish,of 6 ratings,$101.50
EIGI,$14.76,1441394192656,"54,789",67% bearish,of 3 ratings,$22.50
WATT,$6.86,1441394192680,"38,865",50% bullish,of 2 ratings,$13
ERII,$2.5554,1441394192888,"3,883",80% bullish,of 5 ratings,$2.50
EFOI,$24.6,1441394192915,"262,838",50% bullish,of 2 ratings,$24.50
ENOC,$8.87,1441394193047,"74,523",75% bullish,of 4 ratings,$18
EXXI,$1.75,1441394193075,"505,433",86% bullish,of 7 ratings,$3.50
ENG,$1.02,1441394193180,"9,043",100% bullish,of 3 ratings,N/A
ENPH,$4.49,1441394193347,"373,739",75% bullish,of 4 ratings,$10
ETRM,$0.2826,1441394193414,"321,005",69% bearish,of 35 ratings,$1.625
ESGR,$149.8,1441394193447,"46,311",100% bearish,of 1 rating,$185
ENFC,$17.4,1441394193483,100,Not yet rated,NULL,N/A
ENTL,$21.4,1441394193507,"219,817",Not yet rated,NULL,$28
EBTC,$20.9,1441394193577,311,Not yet rated,NULL,N/A
ENTG,$13.37,1441394193679,"91,270",100% bearish,of 1 rating,$18
ENVI,$1.88,1441394193834,"617,985",67% bullish,of 3 ratings,N/A
EGT,$2.0201,1441394193881,578,100% bullish,of 1 rating,N/A
ENZN,$1.02,1441394194014,"63,414",100% bullish,of 9 ratings,N/A
EFSC,$23.7,1441394194158,"21,347",Not yet rated,NULL,$27
ENZY,$10.35,1441394194221,"15,598",67% bullish,of 3 ratings,$9.50
EPIQ,$12.46,1441394194297,"11,456",100% bearish,of 1 rating,$18
EPZM,$19.725,1441394194322,"195,680",60% bullish,of 5 ratings,$34
EPRS,$5.11,1441394194350,"13,720",82% bullish,of 11 ratings,$15
PLUS,$74.32,1441394194376,"42,934",50% bullish,of 2 ratings,$88
EQFN,$7.75,1441394194620,"16,735",100% bearish,of 1 rating,N/A
EQIX,$269.53,1441394194672,"308,136",75% bullish,of 4 ratings,$312.50
ERIC,$9.54,1441394194706,"713,636",67% bullish,of 9 ratings,$12.20
EAC,$3.47,1441394194761,"3,127",100% bearish,of 1 rating,$8
ERIE,$79.67,1441394194811,"3,851",Not yet rated,NULL,$73
ESCA,$17.72,1441394194863,"2,868",100% bearish,of 1 rating,$22
ESCRP,$1.15,1441394195202,"5,948",100% bearish,of 1 rating,N/A
ESPR,$44.56,1441394195231,"416,983",70% bearish,of 10 ratings,$115
EPIX,NULL,1441394195259,0,Not yet rated,NULL,N/A
ESMC,$1.29,1441394195332,609,Not yet rated,NULL,N/A
ESCR,$0.24,1441394195386,"245,453",50% bullish,of 2 ratings,N/A
ESSA,$12.85,1441394195414,"1,780",100% bearish,of 1 rating,N/A
ESND,$33.54,1441394195435,"35,935",100% bearish,of 2 ratings,$40
ESSX,NULL,1441394195694,0,50% bullish,of 2 ratings,N/A
ETSY,$14.0701,1441394195738,"156,129",80% bullish,of 5 ratings,$16
CLWT,$2.4692,1441394195787,500,100% bearish,of 1 rating,N/A
EEFT,$65.07,1441394195823,"61,262",100% bearish,of 1 rating,$67.50
ESEA,$4.5901,1441394195849,"2,849",100% bullish,of 1 rating,$15
EVEP,$7.855,1441394196163,"239,942",50% bullish,of 2 ratings,$15
EVOK,$3.59,1441394196270,"22,652",100% bearish,of 1 rating,$13.375
EVK,$3.57,1441394196300,201,75% bearish,of 4 ratings,N/A
EVOL,$5.51,1441394196324,"20,976",75% bullish,of 4 ratings,$10
EVLV,$2.59,1441394196357,"40,752",60% bullish,of 5 ratings,$4.625
EXA,$10.73,1441394196383,"15,517",100% bearish,of 1 rating,$13
EXAS,$20.85,1441394196462,"201,440",78% bullish,of 9 ratings,$31
EXAC,$19.07,1441394196775,"18,570",100% bearish,of 1 rating,$22.50
EXEL,$5.54,1441394196802,"1,472,906",81% bullish,of 16 ratings,$6
EXPE,$111.03,1441394196961,"366,846",64% bullish,of 11 ratings,$130
EXLS,$35.985,1441394196991,"15,136",50% bullish,of 2 ratings,$41
EXFO,$2.83,1441394197037,180,67% bearish,of 3 ratings,$3.95
EXPD,$47.56,1441394197063,"1,099,512",80% bullish,of 5 ratings,$52
EXPO,$42.27,1441394197088,"13,760",100% bearish,of 1 rating,$45.50
ESRX,$82.94,1441394197268,"1,020,712",67% bearish,of 6 ratings,$101
EXLP,$18.33,1441394197325,"40,608",100% bearish,of 1 rating,$25
EXTR,$3.1499,1441394197455,"145,005",80% bullish,of 5 ratings,$3
EYEGW,NULL,1441394197502,0,Not yet rated,NULL,N/A
EZCH,$22.75,1441394197545,"59,868",75% bullish,of 8 ratings,$19
EYEG,$3.8098,1441394197585,"2,000",Not yet rated,NULL,N/A
EZPW,$5.909,1441394197685,"46,955",50% bullish,of 4 ratings,$7
FFIV,$118.81,1441394197782,"243,514",63% bullish,of 8 ratings,$132
FCS,$13.43,1441394197999,"351,645",67% bearish,of 3 ratings,$17
FALC,$1.73,1441394198156,"16,030",63% bearish,of 8 ratings,N/A
DAVE,$14.55,1441394198182,"11,450",100% bearish,of 1 rating,$15.50
FWM,$2.24,1441394198212,"24,834",100% bearish,of 2 ratings,$3.20
FB,$87.49,1441394198240,"11,603,819",73% bullish,of 1075 ratings,$111
FRP,$15.46,1441394198260,"19,997",100% bearish,of 1 rating,$18
FFKT,$25.72,1441394198315,"9,461",Not yet rated,NULL,$29
FARM,$22.92,1441394198406,"16,219",100% bearish,of 1 rating,$35
FMNB,$8.27,1441394198568,"4,500",Not yet rated,NULL,N/A
FARO,$36.76,1441394198594,"32,710",50% bullish,of 2 ratings,$48
FATE,$6.01,1441394198670,"3,166",50% bullish,of 2 ratings,$11
FAST,$37.45,1441394198803,"696,481",80% bullish,of 5 ratings,$43
FBSS,NULL,1441394198840,0,Not yet rated,NULL,N/A
FBRC,$21.8701,1441394199016,"6,951",100% bearish,of 1 rating,$29
FDML,$8.25,1441394199069,"129,736",50% bullish,of 4 ratings,$14
FHCO,$1.4,1441394199121,"6,485",50% bullish,of 4 ratings,N/A
FEIC,$74.685,1441394199148,"74,345",50% bullish,of 2 ratings,$95.50
FNHC,$21.78,1441394199175,"27,902",100% bearish,of 1 rating,$35
FENX,$9.5,1441394199316,"29,138",100% bullish,of 1 rating,$14.25
LION,$19.31,1441394199482,"25,091",100% bullish,of 1 rating,$20
FGEN,$22.97,1441394199510,"77,337",100% bearish,of 1 rating,$39
FCSC,$5.66,1441394199539,"29,230",100% bearish,of 1 rating,$8.125
ONEQ,$184.0555,1441394199643,"13,159",100% bullish,of 1 rating,N/A
FDUS,$14.499,1441394199668,"22,374",50% bullish,of 2 ratings,$18
FRGI,$51.14,1441394199799,"24,755",50% bullish,of 2 ratings,$70
FSC,$6.49,1441394199939,"278,800",60% bullish,of 5 ratings,$8
FSAM,$7.04,1441394199977,"31,306",100% bearish,of 1 rating,$10.25
FSFR,$8.81,1441394200045,"34,874",100% bearish,of 1 rating,$11.50
FITBI,$27.5,1441394200111,"6,083",Not yet rated,NULL,N/A
FITB,$19.2,1441394200181,"1,678,592",54% bullish,of 13 ratings,$22
FSCFL,$24.6874,1441394200240,"1,400",Not yet rated,NULL,N/A
FNGN,$29.854,1441394200375,"101,957",67% bullish,of 3 ratings,$47
FNSR,$15.07,1441394200429,"318,174",71% bullish,of 7 ratings,$24
FISI,$24.29,1441394200456,"7,655",100% bullish,of 2 ratings,$24.50
FNTC,NULL,1441394200652,0,Not yet rated,NULL,N/A
FNJN,$1.69,1441394200691,"5,280",100% bearish,of 1 rating,$5
FNTCU,NULL,1441394200787,0,Not yet rated,NULL,N/A
FEYE,$36.44,1441394200867,"2,603,635",88% bullish,of 16 ratings,$55.50
FRBA,$6.09,1441394200938,"1,600",Not yet rated,NULL,$8
FNTCW,NULL,1441394200964,0,Not yet rated,NULL,N/A
FNLC,$18.56,1441394201104,"6,667",100% bullish,of 1 rating,N/A
FBNC,$16.85,1441394201177,"11,206",100% bullish,of 1 rating,$20
BUSE,$6.21,1441394201203,"32,810",Not yet rated,NULL,$6.875
FBIZ,$22.52,1441394201339,"12,688",100% bearish,of 2 ratings,$26
FCAP,$26.2001,1441394201394,314,Not yet rated,NULL,N/A
FCVA,$4.758,1441394201467,100,Not yet rated,NULL,N/A
FCFS,$38.61,1441394201533,"29,482",100% bearish,of 3 ratings,$47
FCNCA,$226.89,1441394201711,"1,593",Not yet rated,NULL,N/A
FCLF,$9.2,1441394201790,200,Not yet rated,NULL,N/A
FCBC,$17.06,1441394201842,"4,694",Not yet rated,NULL,$18
FCCO,$12.35,1441394201867,200,Not yet rated,NULL,$13.25
FCFP,$6.7,1441394201928,"2,216",Not yet rated,NULL,N/A
FBNK,$16.6989,1441394202001,"35,510",100% bearish,of 1 rating,$17.50
FFNM,$6.3188,1441394202198,130,Not yet rated,NULL,N/A
FDEF,$36.06,1441394202237,"2,470",Not yet rated,NULL,$38
FFBC,$18.12,1441394202331,"60,722",67% bearish,of 3 ratings,$20.25
THFF,$32.13,1441394202462,"9,932",Not yet rated,NULL,$35
FFIN,$29.67,1441394202558,"33,518",50% bullish,of 2 ratings,$31.75
FFBCW,NULL,1441394202589,0,100% bearish,of 1 rating,N/A
FFNW,$12.18,1441394202788,"11,921",Not yet rated,NULL,$14
FFWM,$21.3,1441394202953,"12,350",Not yet rated,NULL,$24
INBK,$28.51,1441394203087,"7,725",50% bullish,of 2 ratings,$37
FIBK,$26.25,1441394203111,"49,416",Not yet rated,NULL,$32
FNBC,$34.07,1441394203244,"25,519",Not yet rated,NULL,$40
FMBI,$17.23,1441394203294,"121,729",Not yet rated,NULL,$20
FMBH,$22.28,1441394203378,329,Not yet rated,NULL,N/A
FNWB,$12.12,1441394203510,"9,760",Not yet rated,NULL,N/A
FRME,$25.95,1441394203532,"45,700",Not yet rated,NULL,$26.50
FSFG,$31.18,1441394203561,800,Not yet rated,NULL,N/A
FNFG,$9.04,1441394203582,"503,037",80% bullish,of 5 ratings,$9
FSGI,$2.48,1441394203609,"14,680",Not yet rated,NULL,N/A
FSLR,$46.91,1441394204540,"481,001",72% bullish,of 39 ratings,$65
FSBK,$7.8,1441394205312,"2,214",100% bullish,of 1 rating,N/A
BICK,$18.7,1441394205340,"2,800",100% bullish,of 1 rating,N/A
FBZ,$9.416,1441394205868,100,Not yet rated,NULL,N/A
FCA,$18.76,1441394205915,15,Not yet rated,NULL,N/A
FTCS,$35.518,1441394205945,"5,128",100% bearish,of 1 rating,N/A
FCAN,$24.0579,1441394205966,"1,066",Not yet rated,NULL,N/A
FV,$22.87,1441394205994,"1,449,817",100% bearish,of 1 rating,N/A
IFV,$17.1942,1441394206049,"204,074",100% bearish,of 1 rating,N/A
FTSM,$59.99,1441394206279,"191,304",100% bearish,of 1 rating,N/A
TDIV,$24.2801,1441394206461,"35,746",100% bearish,of 1 rating,N/A
FEUZ,$30.3499,1441394206493,250,Not yet rated,NULL,N/A
FEMB,NULL,1441394206592,0,Not yet rated,NULL,N/A
FGM,$34.73,1441394206622,"2,534",Not yet rated,NULL,N/A
MDIV,$18.8601,1441394206650,"106,547",Not yet rated,NULL,N/A
FTGC,$22.32,1441394206720,"34,286",Not yet rated,NULL,N/A
FTHI,$19.16,1441394206853,"1,761",Not yet rated,NULL,N/A
HYLS,$49.6499,1441394206941,"8,514",100% bearish,of 1 rating,N/A
FPXI,$25.93,1441394207331,600,Not yet rated,NULL,N/A
PLTM,$6.0962,1441394207357,"1,354",100% bearish,of 1 rating,N/A
YDIV,$16.0699,1441394207446,"3,642",Not yet rated,NULL,N/A
FHK,$31.91,1441394207491,"1,572",Not yet rated,NULL,N/A
SKYY,$28.09,1441394207622,"38,828",100% bullish,of 1 rating,N/A
FTLB,$19.06,1441394207658,1,100% bearish,of 1 rating,N/A
FJP,$44.55,1441394207682,"41,579",Not yet rated,NULL,N/A
CU,$12.25,1441394208007,"6,704",100% bearish,of 1 rating,N/A
LMBS,$50.35,1441394208034,600,Not yet rated,NULL,N/A
FMB,$51.3173,1441394208077,"1,149",Not yet rated,NULL,N/A
CIBR,$17.2552,1441394208164,"34,847",Not yet rated,NULL,N/A
QABA,$36.7108,1441394208212,"6,264",100% bearish,of 1 rating,N/A
FONE,$34.34,1441394208295,410,Not yet rated,NULL,N/A
GRID,$30.99,1441394208603,"1,600",100% bearish,of 1 rating,N/A
CARZ,$33.5099,1441394208629,"4,770",100% bearish,of 1 rating,N/A
QQEW,$40.858,1441394208705,"20,914",Not yet rated,NULL,N/A
QCLN,$14.96,1441394208731,"41,970",Not yet rated,NULL,N/A
QTEC,$39.2057,1441394208859,"27,159",Not yet rated,NULL,N/A
QQXT,$39.6344,1441394208887,"12,052",Not yet rated,NULL,N/A
RDVY,$20.5069,1441394209020,"2,153",Not yet rated,NULL,N/A
AIRR,$16.2699,1441394209051,"3,716",100% bearish,of 1 rating,N/A
QINC,NULL,1441394209121,0,Not yet rated,NULL,N/A
FTSL,$48.857,1441394209150,"11,569",100% bearish,of 1 rating,N/A
FKO,NULL,1441394209254,0,Not yet rated,NULL,N/A
FDIV,$47.03,1441394209287,"1,159",100% bearish,of 1 rating,N/A
FSZ,$37.98,1441394209518,"3,097",Not yet rated,NULL,N/A
FTW,$31.155,1441394209903,140,Not yet rated,NULL,N/A
FKU,$40.48,1441394209927,"52,253",Not yet rated,NULL,N/A
TUSA,$24.46,1441394209985,"16,624",Not yet rated,NULL,N/A
SVVC,$9.14,1441394210275,"11,719",50% bullish,of 2 ratings,$26
FUNC,NULL,1441394210467,0,Not yet rated,NULL,N/A
FMER,$17.2747,1441394210538,"293,207",50% bullish,of 2 ratings,$20
FISV,$84.02,1441394210781,"375,995",100% bearish,of 3 ratings,$90
FIVN,$3.72,1441394210846,"41,926",100% bullish,of 1 rating,$8.50
FIVE,$34.07,1441394210877,"692,926",75% bearish,of 4 ratings,$43.50
FPRX,$19.21,1441394210950,"77,346",50% bullish,of 2 ratings,$35
FSV,$32.15,1441394210975,"13,913",Not yet rated,NULL,$33.60
FLXN,$27.8769,1441394211114,"57,118",100% bearish,of 1 rating,$40
SKOR,$50.52,1441394211239,"1,500",Not yet rated,NULL,N/A
FLKS,$11.485,1441394211265,"21,866",50% bullish,of 2 ratings,$27
FLML,$22.32,1441394211293,"74,222",50% bullish,of 2 ratings,$30
MBSD,$24.94,1441394211423,"1,399",Not yet rated,NULL,N/A
FLXS,$30.7488,1441394211450,"6,416",100% bearish,of 2 ratings,N/A
FLEX,$10.32,1441394211654,"549,451",63% bullish,of 8 ratings,$12
FLIR,$27.86,1441394211683,"387,092",100% bearish,of 2 ratings,$38.50
FFIC,$19.28,1441394211782,"15,194",Not yet rated,NULL,$20.50
FLDM,$10.91,1441394211834,"73,394",67% bearish,of 3 ratings,$15
FOMX,$9.63,1441394211881,"64,170",50% bullish,of 2 ratings,$23.50
FOGO,$18.9,1441394212194,"85,210",50% bullish,of 2 ratings,$25.50
FORM,$6.63,1441394212225,"111,199",67% bullish,of 3 ratings,$10.50
FES,$0.91,1441394212327,"4,862",50% bullish,of 2 ratings,$1
FONR,$9.8245,1441394212355,"15,673",100% bullish,of 1 rating,N/A
FORTY,NULL,1441394213597,0,100% bearish,of 1 rating,N/A
FTNT,$41.77,1441394214558,"328,767",80% bullish,of 10 ratings,$52
FORR,$30.91,1441394214589,"21,487",Not yet rated,NULL,N/A
FBIO,$2.57,1441394214725,"64,283",83% bullish,of 6 ratings,N/A
FWRD,$43.845,1441394215123,"64,050",100% bearish,of 1 rating,$50
FOSL,$59.79,1441394215205,"192,298",60% bearish,of 5 ratings,$80
FORD,$1.6099,1441394215255,"961,641",67% bullish,of 3 ratings,N/A
FMI,$23.33,1441394215285,"33,910",100% bearish,of 2 ratings,$27.50
FWP,$25.71,1441394215350,"28,667",100% bearish,of 1 rating,$45
FXCB,$17.0001,1441394215434,"3,926",Not yet rated,NULL,$19
FOXF,$15.29,1441394215458,"40,321",100% bearish,of 1 rating,$19
FRAN,$12.45,1441394215605,"288,333",50% bullish,of 4 ratings,$15
FELE,$27.59,1441394215710,"47,845",50% bullish,of 4 ratings,$33
FREE,$0.3471,1441394215851,"414,490",92% bullish,of 12 ratings,N/A
FRED,$12.72,1441394215902,"36,727",50% bullish,of 2 ratings,$15.50
FEIM,$11.16,1441394215986,"13,883",100% bearish,of 1 rating,N/A
FRPT,$12.42,1441394216143,"110,270",67% bearish,of 3 ratings,$23.50
RAIL,$20.1,1441394216286,"39,492",100% bearish,of 1 rating,$24.50
FTR,$5.38,1441394216599,"5,924,334",78% bullish,of 27 ratings,$6.25
FTRPR,$105.96,1441394216735,"1,700",100% bearish,of 1 rating,N/A
FTD,$29.35,1441394216757,"15,958",100% bearish,of 1 rating,$40
FSBW,$22.97,1441394216789,200,Not yet rated,NULL,N/A
FRPH,$30.66,1441394216814,"3,282",100% bearish,of 1 rating,N/A
FSYS,$6.4,1441394216893,"201,004",67% bullish,of 3 ratings,$8.50
FTEK,$2.03,1441394216943,"8,564",75% bullish,of 4 ratings,N/A
FCEL,$0.88,1441394217001,"405,680",88% bullish,of 41 ratings,$2.65
FLL,$1.49,1441394217105,"4,758",75% bullish,of 4 ratings,$3.50
FULLL,$25.25,1441394217136,"2,500",Not yet rated,NULL,N/A
FULL,$3.12,1441394217246,"11,433",67% bearish,of 3 ratings,$4.25
FULT,$11.73,1441394217277,"214,428",100% bearish,of 1 rating,$13
FSNN,$2.11,1441394217427,"1,000",67% bullish,of 3 ratings,$6
FFHL,$1.03,1441394217452,"2,009",50% bullish,of 4 ratings,N/A
FXEN,$0.9872,1441394217593,"25,746",75% bullish,of 4 ratings,$1.10
FXENP,$15.6,1441394217848,100,100% bearish,of 1 rating,N/A
GK,$66.88,1441394217876,"16,438",Not yet rated,NULL,$78
GLPG,$57.402,1441394217897,"6,440",100% bullish,of 1 rating,$75
WILC,$4.85,1441394217932,"4,360",100% bullish,of 2 ratings,N/A
GAIA,$5.99,1441394217954,"8,957",50% bullish,of 2 ratings,$8.50
GALTU,NULL,1441394218037,0,100% bearish,of 1 rating,N/A
GALT,$2.15,1441394218208,"47,664",80% bullish,of 5 ratings,N/A
GALTW,NULL,1441394218290,0,100% bullish,of 1 rating,N/A
GLMD,$8.05,1441394218316,"10,470",67% bullish,of 3 ratings,$20.50
GALE,$1.53,1441394218344,"569,115",89% bullish,of 47 ratings,$4
GLPI,$30.52,1441394218447,"263,101",100% bearish,of 1 rating,$37.50
GPIC,$9.59,1441394218506,500,100% bearish,of 1 rating,N/A
GGACR,$0.25,1441394218812,"24,800",100% bullish,of 1 rating,N/A
GGAC,$9.85,1441394218914,200,100% bearish,of 1 rating,N/A
GRMN,$36.52,1441394219003,"393,152",50% bullish,of 6 ratings,$46.50
GGACW,$0.13,1441394219107,"2,900",Not yet rated,NULL,N/A
GGACU,$10.27,1441394219132,300,Not yet rated,NULL,N/A
GENC,$9,1441394219275,200,100% bearish,of 1 rating,N/A
GNCMA,$16.88,1441394219333,"72,178",100% bearish,of 1 rating,$12
GARS,$14.61,1441394219537,"21,521",Not yet rated,NULL,$16
GFNCP,NULL,1441394219584,0,Not yet rated,NULL,N/A
GENE,$2.3401,1441394219614,"30,924",100% bullish,of 12 ratings,N/A
GFN,$3.9001,1441394219640,"6,777",100% bearish,of 2 ratings,$8
GFNSL,$25.6,1441394219667,"1,762",Not yet rated,NULL,N/A
GNMK,$9.5811,1441394219718,"31,645",67% bullish,of 6 ratings,$14
GNCA,$10.92,1441394220004,"55,637",100% bearish,of 1 rating,$20
GHDX,$25.33,1441394220036,"56,750",50% bullish,of 2 ratings,$30
GNTX,$15.74,1441394220057,"1,453,066",Not yet rated,NULL,$20
THRM,$44.555,1441394220138,"172,869",75% bearish,of 4 ratings,$55.50
GNVC,$2.5,1441394220190,"1,819",90% bullish,of 10 ratings,$8.50
GEOS,$16.37,1441394220271,"70,719",100% bearish,of 3 ratings,$21
GTWN,$17.85,1441394220296,277,Not yet rated,NULL,N/A
GERN,$3.31,1441394220498,"1,532,409",88% bullish,of 17 ratings,$5.25
GEVO,$2.2501,1441394220545,"159,196",75% bullish,of 12 ratings,$5
ROCK,$16.4,1441394220679,"53,811",80% bullish,of 5 ratings,$24
GABC,$28.5,1441394220706,"7,741",Not yet rated,NULL,$31.50
GIII,$69.37,1441394220732,"184,481",67% bullish,of 3 ratings,$79
GIGA,$1.36,1441394220861,"192,238",100% bearish,of 1 rating,N/A
GIGM,$0.5221,1441394220904,"11,595",100% bullish,of 2 ratings,N/A
GILT,$4.18,1441394220956,"3,400",50% bullish,of 2 ratings,N/A
GILD,$101.89,1441394221114,"3,854,662",91% bullish,of 89 ratings,$129
GBCI,$25.6,1441394221146,"62,130",50% bullish,of 2 ratings,$31
GLAD,$8.69,1441394221171,"43,744",50% bullish,of 2 ratings,$8.75
GOOD,$13.89,1441394221326,"43,781",Not yet rated,NULL,$19
GLADO,$25.5016,1441394221377,"2,300",Not yet rated,NULL,N/A
GOODN,$25.61,1441394221479,200,Not yet rated,NULL,N/A
GOODO,NULL,1441394221536,0,Not yet rated,NULL,N/A
GOODP,$25.14,1441394221560,"1,600",Not yet rated,NULL,N/A
GAIN,$7.43,1441394221585,"47,443",100% bullish,of 2 ratings,$8.25
GAINN,$25.24,1441394221727,"41,110",Not yet rated,NULL,N/A
GAINO,$25.325,1441394221781,"1,704",Not yet rated,NULL,N/A
GAINP,$25.65,1441394221829,"5,239",Not yet rated,NULL,N/A
LAND,$9.15,1441394222013,"7,662",50% bullish,of 2 ratings,$13.75
GBT,$52.45,1441394222054,"22,992",100% bearish,of 1 rating,N/A
GLBZ,NULL,1441394222117,0,Not yet rated,NULL,N/A
GDEF,NULL,1441394222345,0,Not yet rated,NULL,N/A
GSOL,$8.2501,1441394222516,"4,516",100% bearish,of 1 rating,N/A
GBLI,$26.75,1441394222544,"7,433",Not yet rated,NULL,N/A
QQQC,$18.0749,1441394222565,"1,405",100% bearish,of 1 rating,N/A
GPACU,NULL,1441394222598,0,Not yet rated,NULL,N/A
ENT,$11.03,1441394222619,"72,003",100% bearish,of 1 rating,$18
ACTX,NULL,1441394222650,0,100% bullish,of 1 rating,N/A
SOCL,$16.992,1441394222753,"16,688",100% bullish,of 2 ratings,N/A
SRET,$12.77,1441394222948,751,Not yet rated,NULL,N/A
ALTY,NULL,1441394223007,0,Not yet rated,NULL,N/A
YLCO,$11.62,1441394223078,300,Not yet rated,NULL,N/A
GAI,$6.15,1441394223161,"4,214",50% bullish,of 2 ratings,N/A
GSM,$13.735,1441394223788,"178,531",50% bullish,of 2 ratings,$22
GLBS,NULL,1441394223919,0,67% bullish,of 3 ratings,N/A
GBIM,$2.7,1441394223947,"30,124",50% bullish,of 2 ratings,N/A
GLRI,$1.05,1441394224111,"20,050",100% bearish,of 1 rating,$4.25
GLYC,$7,1441394224256,"3,361",50% bullish,of 2 ratings,$14
GLUU,$4.38,1441394224312,"440,391",92% bullish,of 26 ratings,$9
GLNG,$39.3599,1441394224350,"508,838",83% bullish,of 6 ratings,$55.50
GOGO,$15.75,1441394224375,"181,458",80% bullish,of 5 ratings,$25
GMLP,$21.145,1441394224519,"66,112",50% bullish,of 4 ratings,$29
GDEN,$8.95,1441394224575,"1,101",50% bullish,of 2 ratings,N/A
GLDC,$4.022,1441394224705,"4,332",50% bullish,of 2 ratings,N/A
GOGL,$2.89,1441394224757,"255,725",75% bullish,of 4 ratings,$5
GBDC,$17.03,1441394224801,"87,606",Not yet rated,NULL,$17.75
GTIM,$6.66,1441394224894,"5,370",Not yet rated,NULL,$11.50
GOOGL,$628.74,1441394224963,"644,606",88% bullish,of 1083 ratings,$749
GOOG,$599.35,1441394224994,"629,617",86% bullish,of 74 ratings,$787.50
GMAN,$3.68,1441394225155,"6,994",60% bullish,of 5 ratings,$8.50
GPRO,$36.9899,1441394225216,"7,415,169",78% bullish,of 59 ratings,$72
GPIA,NULL,1441394225288,0,100% bearish,of 1 rating,N/A
GPIAU,NULL,1441394225318,0,Not yet rated,NULL,N/A
GPIAW,NULL,1441394225422,0,Not yet rated,NULL,N/A
GBSN,$0.1624,1441394225479,"5,315,266",50% bullish,of 2 ratings,$8.25
GRVY,NULL,1441394225549,0,50% bullish,of 2 ratings,N/A
LOPE,$37.0831,1441394225576,"105,303",100% bearish,of 2 ratings,$50
GBSNU,NULL,1441394225598,0,NULL,NULL,NULL
GLDD,$5.34,1441394225880,"61,491",100% bearish,of 4 ratings,$7.75
GNBC,$11.24,1441394225959,"6,368",100% bearish,of 1 rating,$16.50
GSBC,$40.45,1441394225987,"13,717",100% bullish,of 1 rating,$44
GPRE,$19.7094,1441394226012,"178,994",67% bullish,of 6 ratings,$28.50
GRBK,$11.675,1441394226041,"97,000",77% bullish,of 13 ratings,N/A
GPP,$14.0601,1441394226145,"10,110",Not yet rated,NULL,$20.50
GCBC,$28.85,1441394226353,"2,399",100% bullish,of 1 rating,N/A
GRPN,$4.27,1441394226406,"4,174,294",61% bullish,of 71 ratings,$6.75
GRIF,$32,1441394226433,"52,862",100% bearish,of 1 rating,N/A
GRFS,$30.68,1441394226461,"330,255",50% bullish,of 2 ratings,$35
GLRE,$24.23,1441394226489,"91,532",50% bullish,of 2 ratings,$34
OMAB,$41.55,1441394226595,"16,255",100% bullish,of 1 rating,$44
GGAL,$19.32,1441394226623,"51,070",80% bullish,of 5 ratings,$40
GSIG,$12.7,1441394226810,"13,468",100% bearish,of 2 ratings,N/A
GSIT,$4.59,1441394226942,"9,467",100% bearish,of 1 rating,N/A
GSVC,$8.75,1441394226990,"13,102",50% bullish,of 2 ratings,$15.75
GFED,NULL,1441394227015,0,Not yet rated,NULL,$17
GTXI,$0.9,1441394227147,"31,024",100% bullish,of 5 ratings,$.75
GBNK,$15.71,1441394227184,"6,974",100% bearish,of 1 rating,$18
GULTU,$0.3327,1441394227318,"6,913",100% bearish,of 1 rating,N/A
GUID,$6.77,1441394227349,"21,810",100% bearish,of 3 ratings,$10
GURE,$1.65,1441394227425,"37,100",88% bullish,of 8 ratings,N/A
GIFI,$12.11,1441394227454,"55,150",100% bearish,of 1 rating,$16
GPOR,$32.6,1441394227481,"729,876",75% bullish,of 4 ratings,$54
GWPH,$101.56,1441394227558,"69,422",78% bullish,of 9 ratings,$148.50
GWGH,$7.88,1441394227617,207,100% bearish,of 1 rating,$15.05
GYRO,$30.51,1441394227887,970,100% bearish,of 1 rating,N/A
HEES,$18.69,1441394227912,"170,949",67% bearish,of 3 ratings,$31
HLG,NULL,1441394227971,0,100% bearish,of 1 rating,N/A
HALL,$11.5199,1441394228077,"9,689",Not yet rated,NULL,N/A
HALO,$16.8699,1441394228147,"265,358",67% bullish,of 3 ratings,$22.50
HNRG,$7.23,1441394228209,"38,273",100% bearish,of 1 rating,$10
HBK,NULL,1441394228274,0,50% bullish,of 2 ratings,N/A
HBHC,$27.2,1441394228300,"226,043",50% bullish,of 2 ratings,$30
HMPR,$1.85,1441394228357,"9,651",100% bullish,of 1 rating,N/A
HBHCL,$24.4361,1441394228383,"10,163",Not yet rated,NULL,N/A
HAFC,$23.78,1441394228707,"40,145",100% bullish,of 2 ratings,$28.50
HNH,$26.02,1441394228735,"9,577",100% bullish,of 1 rating,N/A
HQCL,$12.3612,1441394228757,"5,594",67% bullish,of 3 ratings,$14
HNSN,$0.549,1441394228778,"38,225",88% bullish,of 8 ratings,$.40
HDNG,$10.37,1441394228910,"11,122",50% bullish,of 4 ratings,N/A
HLIT,$5.5875,1441394229236,"101,411",100% bearish,of 1 rating,$6.50
HRMNW,NULL,1441394229267,0,Not yet rated,NULL,N/A
TINY,$2.45,1441394229288,"15,101",50% bullish,of 2 ratings,$5.26
HRMN,NULL,1441394229316,0,Not yet rated,NULL,N/A
HRMNU,$10.209,1441394229372,100,Not yet rated,NULL,N/A
HART,$1.23,1441394229448,"84,674",100% bearish,of 1 rating,N/A
HCAP,$11.98,1441394229625,"5,039",50% bullish,of 2 ratings,$15
HCAPL,$25.11,1441394229684,"3,800",Not yet rated,NULL,N/A
HAS,$75.83,1441394229710,"514,066",63% bullish,of 8 ratings,$84.50
HBIO,$4.34,1441394229756,"19,049",100% bearish,of 1 rating,$10
HCOM,$21.36,1441394229844,"2,931",100% bearish,of 1 rating,$28
HA,$23.44,1441394229896,"188,357",67% bullish,of 9 ratings,$27
HWKN,$38.15,1441394229943,"12,452",Not yet rated,NULL,N/A
HWBK,$13.7,1441394229972,"1,722",100% bearish,of 1 rating,N/A
HAYN,$37.76,1441394230242,"17,756",100% bearish,of 1 rating,$59
HQY,$29.42,1441394230379,"64,187",67% bullish,of 3 ratings,$35
HDS,$32.18,1441394230412,"1,075,818",100% bearish,of 2 ratings,$39.50
HCSG,$32.5,1441394230433,"63,148",50% bullish,of 4 ratings,$35
HIIQ,$4.73,1441394230467,"1,100",50% bullish,of 2 ratings,$7
HSTM,$24.14,1441394230515,"19,101",50% bullish,of 2 ratings,$33.75
HWAY,$11.62,1441394230563,"163,873",100% bearish,of 1 rating,$15
HTLD,$20.32,1441394230658,"145,174",Not yet rated,NULL,$22.50
HTWR,$64.85,1441394230793,"196,532",50% bullish,of 2 ratings,$102.50
HTLF,$35.67,1441394230853,"15,567",100% bullish,of 1 rating,$39.50
HTBX,$3.8595,1441394230934,"52,493",50% bullish,of 2 ratings,$15.50
HSII,$20.26,1441394231011,"8,642",100% bullish,of 3 ratings,$25
HELE,$83.84,1441394231081,"48,442",67% bearish,of 3 ratings,$100
HMNY,NULL,1441394231214,0,100% bearish,of 1 rating,N/A
HMTV,$13.4,1441394231244,"1,613",100% bearish,of 1 rating,$16
HERO,NULL,1441394231344,0,NULL,NULL,NULL
HNNA,$24.6,1441394231470,"2,211",Not yet rated,NULL,N/A
HSIC,$133.27,1441394231522,"74,065",83% bullish,of 6 ratings,$146
HTBK,$10.59,1441394231550,"19,594",Not yet rated,NULL,$12
HCACU,$9.98,1441394231575,"2,790",Not yet rated,NULL,N/A
HFWA,$17.87,1441394231629,"146,323",100% bullish,of 1 rating,$20
HEOP,$7.88,1441394231841,"19,683",Not yet rated,NULL,$8.50
HCCI,$11.59,1441394231932,"2,455",100% bearish,of 1 rating,$16.50
HRTX,$37.39,1441394231968,"361,899",57% bullish,of 7 ratings,$41
MLHR,$27.04,1441394231996,"104,266",50% bullish,of 2 ratings,$33.50
HSKA,$32.38,1441394232066,"15,888",100% bearish,of 1 rating,$38
HFFC,$15.999,1441394232125,668,Not yet rated,NULL,N/A
HIHO,$4.358,1441394232365,"36,240",Not yet rated,NULL,N/A
HIMX,$7.205,1441394232392,"730,910",86% bullish,of 21 ratings,$8.25
HIBB,$38.6,1441394232413,"78,747",100% bearish,of 1 rating,$46.50
HPJ,$2.135,1441394232449,"18,929",75% bullish,of 4 ratings,$12.43
HIFS,$110.32,1441394232541,"1,584",Not yet rated,NULL,N/A
HSGX,$5.85,1441394232579,"2,125",100% bearish,of 1 rating,$17
HMSY,$9.99,1441394232823,"413,258",67% bullish,of 3 ratings,$19.35
HMNF,$11.3,1441394232875,300,Not yet rated,NULL,N/A
HOLI,$16.44,1441394232900,"81,557",50% bullish,of 4 ratings,$27
HOLX,$38.515,1441394232959,"1,184,460",50% bullish,of 4 ratings,$42
HBCP,$24.8,1441394233061,"2,375",Not yet rated,NULL,$29
HFBL,$23.04,1441394233086,"5,130",Not yet rated,NULL,N/A
HOMB,$37.3,1441394233146,"35,515",Not yet rated,NULL,$42
HMIN,$24.9199,1441394233279,"88,073",100% bearish,of 2 ratings,$35
AWAY,$27.65,1441394233422,"276,953",67% bullish,of 3 ratings,$36
HKTV,$4.18,1441394233453,"89,336",100% bearish,of 1 rating,N/A
HMST,$21.98,1441394233480,"29,516",100% bullish,of 2 ratings,$27
HTBI,$18.01,1441394233507,"11,195",67% bullish,of 3 ratings,$18.625
CETC,$0.7594,1441394233532,"53,472",86% bullish,of 7 ratings,N/A
HFBC,$10.99,1441394233830,"9,170",Not yet rated,NULL,N/A
HBNC,$23.52,1441394233855,"6,445",100% bullish,of 1 rating,$27
HOFT,$23.068,1441394233886,"19,806",100% bearish,of 1 rating,N/A
HRZN,$10.2999,1441394233990,"16,117",50% bullish,of 2 ratings,$14.25
HZNP,$29.2972,1441394234119,"888,283",85% bullish,of 20 ratings,$40
ZINC,$7.16,1441394234144,"234,573",100% bearish,of 1 rating,$17
HWCC,$7.56,1441394234315,"36,403",100% bearish,of 1 rating,$9
HDP,$23.38,1441394234427,"157,946",67% bearish,of 3 ratings,$30.50
HOVNP,$3.89,1441394234453,"21,270",100% bearish,of 1 rating,N/A
HMHC,$22.53,1441394234486,"128,110",Not yet rated,NULL,$27
HBMD,$13.6026,1441394234510,"6,889",100% bearish,of 1 rating,N/A
HTGM,$5.83,1441394234541,"4,449",100% bearish,of 1 rating,$19.50
HSNI,$58.84,1441394234588,"73,933",Not yet rated,NULL,$80
HUBG,$37.805,1441394234753,"151,877",100% bearish,of 1 rating,$43
HCBK,$9.24,1441394234899,"542,183",83% bullish,of 6 ratings,$8.61
HBAN,$10.53,1441394235035,"2,132,611",76% bullish,of 17 ratings,$12.29
HBANP,$1320,1441394235140,44,100% bearish,of 1 rating,N/A
HSON,$2.74,1441394235179,"3,800",100% bearish,of 1 rating,$5
HURC,$29.25,1441394235210,"6,848",100% bearish,of 1 rating,N/A
HURN,$72.42,1441394235271,"39,207",50% bullish,of 2 ratings,$80
HDSN,$2.99,1441394235309,"17,630",100% bullish,of 1 rating,$6.25
HBP,$3.15,1441394235335,"4,984",100% bullish,of 1 rating,N/A
HTCH,$1.48,1441394235476,"8,025",100% bearish,of 1 rating,$3.50
HDRA,NULL,1441394235524,0,Not yet rated,NULL,N/A
HDRAU,NULL,1441394235657,0,Not yet rated,NULL,N/A
HDRAW,NULL,1441394235681,0,Not yet rated,NULL,N/A
HYGS,$8.56,1441394235707,"10,205",50% bullish,of 2 ratings,$13
HDRAR,NULL,1441394235733,0,Not yet rated,NULL,N/A
IDSY,$3.8,1441394236100,"31,359",100% bearish,of 1 rating,$7
IBKC,$59.5,1441394236125,"34,139",100% bullish,of 1 rating,$70
IACI,$68.74,1441394236158,"207,224",80% bullish,of 5 ratings,$90
IKGH,$1.54,1441394236188,"9,600",75% bullish,of 4 ratings,N/A
ICAD,$3.82,1441394236255,"4,433",50% bullish,of 2 ratings,$7.25
IEP,$67.7144,1441394236284,"51,141",75% bullish,of 4 ratings,$99
ICFI,$33.35,1441394236470,"14,104",50% bullish,of 2 ratings,$48.50
ICON,$13.32,1441394236530,"233,664",50% bullish,of 2 ratings,$18.50
ICLR,$75.875,1441394236605,"121,718",100% bearish,of 3 ratings,$85
IPWR,$7.39,1441394236655,"3,524",100% bullish,of 1 rating,$15
INVE,$4.49,1441394236706,"19,215",75% bullish,of 4 ratings,$4
ICUI,$109.25,1441394236796,"35,317",Not yet rated,NULL,$122
IDRA,$2.765,1441394236842,"367,499",89% bullish,of 9 ratings,$6.50
IDXX,$72.57,1441394237000,"159,048",100% bearish,of 1 rating,$76
DSKY,$10.25,1441394237024,"81,194",67% bullish,of 6 ratings,$11.50
IROQ,$16.8,1441394237179,231,100% bullish,of 1 rating,N/A
IRG,$5.24,1441394237205,"27,415",100% bearish,of 1 rating,$4.25
RXDX,$15.14,1441394237259,"120,621",100% bullish,of 1 rating,$20
IKAN,$2.73,1441394237447,"9,196",83% bullish,of 6 ratings,$5
IIVI,$16.7,1441394237502,"60,368",100% bearish,of 1 rating,$22
KANG,$14.82,1441394237576,"238,888",50% bullish,of 2 ratings,$23.10
IKNX,$12,1441394237601,"1,050",100% bearish,of 1 rating,N/A
ISNS,$4.15,1441394237627,"6,545",50% bullish,of 2 ratings,N/A
ILMN,$193.39,1441394237652,"301,798",80% bullish,of 5 ratings,$245
ICCC,$7.03,1441394237894,"4,652",100% bullish,of 1 rating,N/A
IMMR,$12.04,1441394237922,"62,966",80% bullish,of 5 ratings,$15.50
IMMU,$2.13,1441394238023,"229,450",86% bullish,of 7 ratings,$2
IMDZ,$14.8,1441394238062,"22,087",100% bearish,of 1 rating,$33
IMNP,$1.29,1441394238237,"23,074",50% bullish,of 2 ratings,$6
IMGN,$13.305,1441394238406,"326,948",75% bullish,of 4 ratings,$17.50
IMMY,$7.59,1441394238431,"2,603",100% bearish,of 1 rating,$11
SAAS,$7.06,1441394238560,"99,244",50% bullish,of 2 ratings,$15
IPXL,$40.16,1441394238585,"122,736",67% bullish,of 3 ratings,$46.50
INCR,$41.8,1441394238641,"148,225",50% bullish,of 2 ratings,$53
INCY,$115.54,1441394238730,"439,717",50% bullish,of 6 ratings,$125.50
IBCP,$14,1441394238779,"29,315",100% bullish,of 1 rating,$14.50
IBTX,$39.565,1441394238864,"10,594",100% bullish,of 2 ratings,$47.25
INDB,$43.94,1441394238924,"15,603",Not yet rated,NULL,$44
INFI,$8.62,1441394239143,"115,992",50% bullish,of 4 ratings,$16.50
INFN,$21.47,1441394239168,"438,301",71% bullish,of 7 ratings,$28
IPCC,$74.76,1441394239195,"5,525",Not yet rated,NULL,$77.50
IDSA,$3.49,1441394239223,"1,561",Not yet rated,NULL,N/A
III,$3.75,1441394239324,"7,954",57% bullish,of 7 ratings,$6
IFON,$1.28,1441394239422,"14,520",75% bullish,of 4 ratings,N/A
IMKTA,$49.52,1441394239565,"29,100",100% bearish,of 1 rating,N/A
IPHS,$46.02,1441394239642,"36,733",100% bearish,of 1 rating,$60
INWK,$6.83,1441394239716,"22,422",50% bullish,of 2 ratings,$10
IOSP,$48.8,1441394239747,"88,787",100% bearish,of 1 rating,N/A
INOD,$2.3672,1441394239777,"1,540",100% bearish,of 1 rating,N/A
INNL,NULL,1441394239801,0,100% bearish,of 1 rating,$16.50
ISSC,$2.79,1441394239879,"3,293",67% bearish,of 3 ratings,N/A
INGN,$51.265,1441394240070,"59,138",100% bearish,of 1 rating,$50.50
NSIT,$24.54,1441394240226,"42,857",50% bullish,of 2 ratings,N/A
ITEK,$12.38,1441394240264,"159,168",100% bearish,of 3 ratings,$20
INO,$7.045,1441394240291,"340,878",89% bullish,of 18 ratings,$20
INOV,$21,1441394240312,"239,216",100% bearish,of 1 rating,$33
ISIG,$2.64,1441394240443,"4,871",100% bearish,of 1 rating,N/A
NTEC,$5.54,1441394240672,"2,250",100% bearish,of 1 rating,N/A
IIIN,$17.23,1441394240702,"10,216",100% bearish,of 2 ratings,N/A
INSY,$34.44,1441394240730,"234,372",75% bullish,of 4 ratings,$48
PODD,$28.05,1441394240762,"86,969",67% bearish,of 3 ratings,$35
INSM,$23.98,1441394240804,"127,530",71% bullish,of 7 ratings,$31.50
IART,$61.94,1441394240833,"133,992",100% bearish,of 2 ratings,$71.50
IDTI,$18.8,1441394240899,"606,466",60% bullish,of 5 ratings,$25
IESC,$7.11,1441394241055,200,100% bearish,of 1 rating,N/A
ISSI,$21.88,1441394241210,"40,538",67% bullish,of 3 ratings,$19.75
IQNT,$19.035,1441394241283,"124,450",86% bullish,of 7 ratings,$20
IPCI,$2.225,1441394241341,"9,400",67% bullish,of 6 ratings,$8
IPAR,$24.79,1441394241425,"24,019",67% bullish,of 3 ratings,$38
IBKR,$37.4,1441394241498,"259,549",100% bullish,of 1 rating,N/A
INTC,$28.53,1441394241565,"10,796,296",82% bullish,of 238 ratings,$36
ININ,$35.42,1441394241667,"18,382",67% bearish,of 3 ratings,$57
ICLD,$1.9799,1441394241694,"836,555",75% bullish,of 4 ratings,N/A
ICPT,$183.77,1441394241725,"47,294",70% bullish,of 10 ratings,$359.50
IDCC,$48.4,1441394241833,"75,619",80% bullish,of 5 ratings,$63
ICLDW,$1.05,1441394241861,425,100% bearish,of 1 rating,N/A
TILE,$24.1,1441394242004,"99,447",100% bearish,of 3 ratings,$27
INAP,$9.26,1441394242101,"85,902",75% bullish,of 4 ratings,$11
IMI,$1.99,1441394242231,"4,927",67% bullish,of 3 ratings,$2.22
IBOC,$24.77,1441394242256,"67,732",100% bearish,of 1 rating,N/A
IGLD,$7.26,1441394242494,974,50% bullish,of 2 ratings,N/A
IIJI,$8.6996,1441394242520,100,50% bullish,of 2 ratings,$12.50
PTNT,$2.91,1441394242663,300,Not yet rated,NULL,N/A
ISCA,$32.15,1441394242735,"38,702",100% bearish,of 1 rating,N/A
INPH,$0.2902,1441394242795,"5,471",50% bullish,of 2 ratings,N/A
IILG,$19.4,1441394242926,"48,060",100% bearish,of 1 rating,$29
INTL,$25.56,1441394243147,"27,639",67% bearish,of 3 ratings,N/A
XENT,$25,1441394243173,"46,090",50% bullish,of 2 ratings,$36.50
ISIL,$10.36,1441394243201,"390,254",50% bullish,of 6 ratings,$15
IVAC,$4.73,1441394243222,"24,198",100% bearish,of 1 rating,$6.625
INTX,$1.9501,1441394243250,"15,518",67% bullish,of 3 ratings,N/A
INTLL,$25.6544,1441394243417,"1,735",Not yet rated,NULL,N/A
ITCI,$27.29,1441394243550,"176,742",75% bearish,of 4 ratings,$40
ISRG,$507.84,1441394243732,"57,576",67% bullish,of 3 ratings,$600
IIN,$6.9,1441394243763,700,100% bearish,of 1 rating,$12
INTU,$85.34,1441394243865,"973,579",86% bullish,of 7 ratings,$107.50
INVT,$0.339,1441394243890,"99,070",67% bullish,of 3 ratings,N/A
ISTR,$15.74,1441394243943,504,100% bearish,of 1 rating,$18.50
SNAK,$8.27,1441394244040,"34,816",50% bullish,of 2 ratings,$14
ITIC,$70.11,1441394244182,402,100% bearish,of 2 ratings,N/A
ISBC,$11.66,1441394244256,"905,437",100% bullish,of 1 rating,$13.25
IPAS,$1.07,1441394244313,"17,747",67% bullish,of 3 ratings,N/A
IVTY,$14.48,1441394244339,"15,901",Not yet rated,NULL,$18
NVIV,$9.595,1441394244473,"41,689",50% bullish,of 4 ratings,$24.50
DTUL,$64.7,1441394244513,802,Not yet rated,NULL,N/A
DFVL,$66.28,1441394244542,600,Not yet rated,NULL,N/A
IPCM,$79.11,1441394244679,"121,623",50% bullish,of 2 ratings,$80.125
IPGP,$80.61,1441394244820,"102,240",67% bearish,of 3 ratings,$109.50
IRMD,$24.25,1441394244906,"14,450",67% bearish,of 3 ratings,$25
IRIX,$6.83,1441394244966,"5,274",100% bearish,of 1 rating,N/A
IRBT,$29.645,1441394245140,"85,376",67% bullish,of 6 ratings,$37
IRDMB,$269.01,1441394245164,100,67% bearish,of 3 ratings,N/A
IRDM,$6.88,1441394245204,"201,785",60% bullish,of 5 ratings,$11.50
IRWD,$11.05,1441394245306,"570,751",100% bearish,of 1 rating,$13
IRCP,NULL,1441394245372,0,100% bullish,of 2 ratings,N/A
COMT,$33.106,1441394245435,"3,960",100% bearish,of 1 rating,N/A
GNMA,$50.2999,1441394245493,"1,425",Not yet rated,NULL,N/A
IFAS,NULL,1441394245516,0,NULL,NULL,NULL
FCHI,NULL,1441394245647,0,NULL,NULL,NULL
IFEU,$37.15,1441394245721,"70,573",Not yet rated,NULL,N/A
IFGL,$27.32,1441394245793,"65,858",Not yet rated,NULL,N/A
IFNA,NULL,1441394245862,0,NULL,NULL,NULL
ACWX,$39.0622,1441394245997,"450,630",100% bearish,of 1 rating,N/A
AAIT,NULL,1441394246062,0,NULL,NULL,NULL
AAXJ,$50.89,1441394246158,"481,958",Not yet rated,NULL,N/A
ACWI,$53.95,1441394246214,"841,238",Not yet rated,NULL,N/A
EEME,NULL,1441394246241,0,NULL,NULL,NULL
AXJS,NULL,1441394246285,0,NULL,NULL,NULL
EMEY,NULL,1441394246342,0,NULL,NULL,NULL
EEMA,$48.0999,1441394246370,"47,137",Not yet rated,NULL,N/A
EMDI,NULL,1441394246472,0,NULL,NULL,NULL
EGRW,NULL,1441394246561,0,NULL,NULL,NULL
EEML,$26.5684,1441394246645,460,Not yet rated,NULL,N/A
EVAL,NULL,1441394246669,0,NULL,NULL,NULL
EUFN,$20.9299,1441394246850,"60,598",100% bearish,of 1 rating,N/A
IEUS,$44.32,1441394246880,"1,222",100% bearish,of 1 rating,N/A
UAE,$17.361,1441394246980,"1,300",Not yet rated,NULL,N/A
QAT,$20.9,1441394247042,"2,582",Not yet rated,NULL,N/A
IBB,$337,1441394247109,"638,956",63% bullish,of 8 ratings,N/A
EMIF,$27.36,1441394247134,"2,522",Not yet rated,NULL,N/A
SOXX,$81.22,1441394247285,"199,870",50% bullish,of 2 ratings,N/A
ICLN,$9.1012,1441394247315,"12,476",50% bullish,of 2 ratings,N/A
INDY,$26.02,1441394247468,"161,241",50% bullish,of 2 ratings,N/A
ISIS,$52.175,1441394247556,"421,641",53% bullish,of 15 ratings,$67
WOOD,$47.05,1441394247606,"2,073",50% bullish,of 2 ratings,N/A
IGOV,$91.0129,1441394247638,"33,668",100% bearish,of 1 rating,N/A
ISHG,$79.52,1441394247737,"21,000",100% bearish,of 1 rating,N/A
ISRL,$122.2,1441394247910,72,100% bearish,of 1 rating,N/A
ISLE,$19.26,1441394247976,"184,219",50% bullish,of 4 ratings,$17
ITRI,$28.69,1441394248001,"63,910",100% bearish,of 1 rating,$37
ITRN,$23.87,1441394248134,"3,196",50% bullish,of 2 ratings,N/A
ITUS,$3.9,1441394248161,"2,100",Not yet rated,NULL,N/A
XXIA,$15.06,1441394248345,"114,784",71% bullish,of 7 ratings,$14.625
IXYS,$11.34,1441394248438,"73,176",50% bullish,of 4 ratings,N/A
JJSF,$114.775,1441394248471,"15,634",100% bearish,of 1 rating,N/A
MAYS,NULL,1441394248543,0,Not yet rated,NULL,N/A
JBHT,$74.5564,1441394248572,"668,564",50% bullish,of 4 ratings,$89.50
JCOM,$66.88,1441394248677,"33,672",100% bullish,of 2 ratings,$77
JASO,$7.99,1441394248701,"192,762",82% bullish,of 17 ratings,$10
JACK,$78.07,1441394248855,"94,706",71% bullish,of 7 ratings,$105
JKHY,$66.41,1441394248932,"64,283",67% bearish,of 3 ratings,$72
JXSB,$24.23,1441394249036,100,Not yet rated,NULL,N/A
JAXB,NULL,1441394249061,0,100% bullish,of 1 rating,N/A
JAGX,$3.25,1441394249189,"1,020",Not yet rated,NULL,$10.50
JMBA,$14.28,1441394249274,"52,561",75% bullish,of 4 ratings,$18
JAKK,$9.82,1441394249299,"303,896",60% bearish,of 5 ratings,$11
JRVR,$27.75,1441394249436,"22,013",Not yet rated,NULL,$32
JASN,$4.9,1441394249539,"1,473",50% bullish,of 2 ratings,$9.50
ERW,NULL,1441394249563,0,Not yet rated,NULL,N/A
JAZZ,$162.05,1441394249700,"168,926",80% bullish,of 15 ratings,$206.50
JD,$22.75,1441394249743,"5,549,462",75% bullish,of 16 ratings,$36
JASNW,NULL,1441394249791,0,50% bullish,of 2 ratings,N/A
JBLU,$23.63,1441394249830,"2,836,443",94% bullish,of 18 ratings,$27
JTPY,$3,1441394249893,367,100% bearish,of 1 rating,N/A
JCTCF,NULL,1441394249995,0,100% bullish,of 1 rating,N/A
JST,$3.5732,1441394250160,"7,261",75% bullish,of 4 ratings,N/A
DATE,$6.03,1441394250186,"56,164",75% bullish,of 4 ratings,$9
WYIGU,$9.98,1441394250318,"4,000",100% bearish,of 1 rating,N/A
JOEZ,$0.1729,1441394250369,"127,692",92% bullish,of 12 ratings,N/A
JBSS,$51.63,1441394250473,"15,260",67% bearish,of 3 ratings,N/A
JIVE,$4.63,1441394250506,"259,569",75% bullish,of 4 ratings,$5
JNP,$13.3,1441394250571,"80,741",100% bullish,of 3 ratings,$15
JOUT,$23.39,1441394250641,685,100% bearish,of 1 rating,$34
JUNO,$35.46,1441394250675,"329,233",73% bullish,of 11 ratings,$67
KALU,$82.01,1441394250770,"52,243",67% bearish,of 3 ratings,$91
KTWO,$20.6,1441394250799,"15,612",100% bearish,of 1 rating,$28.50
KBIO,$3.9,1441394250857,"7,770,377",50% bullish,of 4 ratings,N/A
KMDA,$3.53,1441394251012,"1,700",50% bullish,of 2 ratings,$8
KCLI,$46.4,1441394251110,"8,759",Not yet rated,NULL,N/A
KNDI,$6.16,1441394251135,"92,914",86% bullish,of 22 ratings,N/A
KPTI,$13.92,1441394251266,"110,782",67% bearish,of 3 ratings,$39
KBSF,NULL,1441394251348,0,100% bullish,of 1 rating,N/A
KELYA,$14.1807,1441394251584,"30,136",67% bullish,of 6 ratings,$20
KELYB,NULL,1441394251612,0,50% bullish,of 2 ratings,N/A
KRNY,$11.29,1441394251633,"127,098",100% bearish,of 1 rating,$12.50
KCAP,$4.69,1441394251654,"36,280",75% bullish,of 4 ratings,$6
KFFB,NULL,1441394251692,0,100% bearish,of 1 rating,N/A
KMPH,$20.24,1441394251782,"10,161",100% bearish,of 2 ratings,$22
KERX,$4.8001,1441394251824,"2,624,378",82% bullish,of 11 ratings,$12
