Symbol,Price,Date,Volume,Rating,RatingVoteCount,OneYearEstimate
TFSCR,NULL,1441289702924,0,Not yet rated,NULL,N/A
FLWS,$8.53,1441289703067,"29,735",80% bullish,of 5 ratings,$15
TFSCU,$10.23,1441289703091,"2,000",Not yet rated,NULL,N/A
FCCY,NULL,1441289703118,0,100% bullish,of 1 rating,$13
FCTY,$7.98,1441289703139,100,100% bullish,of 1 rating,$8.50
DGLD,$82.7099,1441289703377,"1,942",100% bullish,of 1 rating,N/A
TFSCW,NULL,1441289703411,0,100% bearish,of 1 rating,N/A
TWOU,$35.04,1441289703448,"24,554",50% bullish,of 2 ratings,$39
DSLV,$65.765,1441289703478,"5,502",100% bearish,of 1 rating,N/A
TFSC,NULL,1441289703503,0,100% bearish,of 1 rating,N/A
USLV,$13.15,1441289703541,"64,015",86% bullish,of 7 ratings,N/A
PIH,$7.31,1441289703570,100,100% bearish,of 1 rating,N/A
SRCE,$30.55,1441289703596,"1,500",100% bullish,of 3 ratings,$33
UGLD,$9.1399,1441289703895,"68,716",100% bearish,of 1 rating,N/A
JOBS,$26.37,1441289703924,"9,735",50% bullish,of 4 ratings,$36
VNET,$17.18,1441289704028,"71,299",60% bullish,of 5 ratings,$35
CAFD,$15.04,1441289704160,"99,269",Not yet rated,NULL,$24.50
EGHT,$7.86,1441289704206,"24,870",82% bullish,of 17 ratings,$11
SIXD,$2.67,1441289704236,"16,948",Not yet rated,NULL,N/A
AVHI,$13.89,1441289704290,"8,714",100% bearish,of 1 rating,$19
ABGB,$4.96,1441289704340,"19,462",67% bullish,of 3 ratings,$5.50
AAON,$20.23,1441289704366,"2,926",100% bearish,of 1 rating,$24
ABY,$22.605,1441289704534,"37,474",100% bearish,of 2 ratings,$46
ABAX,$47.3,1441289704574,"4,903",100% bearish,of 1 rating,$60
SHLM,$33.12,1441289704607,"10,617",100% bearish,of 1 rating,$47
ABEOW,$1.7747,1441289704709,"6,440",100% bullish,of 1 rating,N/A
AXAS,$1.7609,1441289704736,"165,592",78% bullish,of 9 ratings,$3.50
ABMD,$96.6,1441289704766,"64,172",75% bullish,of 4 ratings,$100.50
ABEO,$4.81,1441289704789,"5,110",50% bullish,of 4 ratings,$15.50
ACTG,$9.17,1441289705075,"43,274",67% bullish,of 3 ratings,$18.50
ACHC,$73.71,1441289705122,"30,096",50% bullish,of 2 ratings,$92
ACAD,$42.125,1441289705175,"804,663",80% bullish,of 20 ratings,$48
ACST,$0.33,1441289705276,"23,924",100% bullish,of 2 ratings,N/A
AXDX,$19.14,1441289705419,"3,464",100% bearish,of 1 rating,N/A
XLRN,$28.98,1441289705478,"14,941",50% bullish,of 2 ratings,$57
ANCX,$19.63,1441289705683,"1,252",Not yet rated,NULL,$20
VXUP,$1.5,1441289705710,"10,783",100% bearish,of 1 rating,N/A
ACET,$21.85,1441289705738,"4,112",75% bullish,of 4 ratings,$30
ACRX,$4.44,1441289705764,"28,385",67% bearish,of 6 ratings,$7
ACHN,$7.63,1441289705964,"449,851",90% bullish,of 21 ratings,$16
VXDN,$1.95,1441289706072,"42,316",100% bearish,of 1 rating,N/A
ACIW,$21.31,1441289706106,"16,503",67% bearish,of 3 ratings,$24
ARAY,$6.55,1441289706136,"68,205",100% bearish,of 1 rating,$10.50
AKAO,$7.05,1441289706178,"5,180",75% bullish,of 4 ratings,$15
ACNB,NULL,1441289706234,0,Not yet rated,NULL,N/A
ACOR,$32.7,1441289706330,"57,708",67% bearish,of 3 ratings,$38.50
ACTS,$1.6,1441289706359,"1,800",100% bearish,of 1 rating,N/A
ATVI,$28.6744,1441289706533,"1,165,101",67% bullish,of 84 ratings,$31.50
ACUR,$2.85,1441289706585,"3,983",100% bullish,of 5 ratings,$5
ACTA,$13.9275,1441289706638,"9,436",67% bearish,of 3 ratings,$25
ADMP,$3.6,1441289706742,"10,654",50% bullish,of 2 ratings,$10
ADMS,$19.72,1441289706763,"15,215",100% bearish,of 2 ratings,$36
ADAP,$11.36,1441289706839,762,67% bullish,of 3 ratings,$22
ACPW,$1.95,1441289706864,"5,182",100% bullish,of 4 ratings,$3.25
ACXM,$20.76,1441289706906,"18,135",67% bullish,of 3 ratings,N/A
ADUS,$29.69,1441289707001,"5,332",100% bearish,of 1 rating,$31
ADBE,$78.93,1441289707156,"407,745",65% bullish,of 17 ratings,$90
ADMA,$8.91,1441289707189,76,Not yet rated,NULL,$19
ADEP,$7,1441289707217,"18,028",50% bullish,of 2 ratings,$10.75
AEY,$2.39,1441289707290,"1,332",100% bearish,of 2 ratings,N/A
ADTN,$15.77,1441289707321,"16,333",67% bullish,of 3 ratings,$17.125
ADRO,$19.27,1441289707423,"1,879",80% bullish,of 5 ratings,$45.50
AMD,$1.79,1441289707653,"627,281",83% bullish,of 103 ratings,$2
ADXSW,$9.65,1441289707745,"1,650",100% bullish,of 1 rating,N/A
MULT,NULL,1441289707785,0,100% bearish,of 1 rating,N/A
AEGR,$17.93,1441289707813,"21,582",50% bullish,of 6 ratings,$26
ADXS,$13.87,1441289707840,"80,128",64% bullish,of 14 ratings,$27
YPRO,NULL,1441289707915,0,100% bearish,of 1 rating,N/A
AEHR,$2.29,1441289708046,200,50% bullish,of 2 ratings,N/A
AEPI,$55.46,1441289708213,"1,658",100% bearish,of 1 rating,N/A
AERI,$15.7,1441289708241,"40,452",75% bullish,of 4 ratings,$31.50
AEIS,$24.61,1441289708272,"11,289",50% bullish,of 2 ratings,$32.50
AMTX,$2.7,1441289708315,"2,490",50% bullish,of 2 ratings,$26.11
AEGN,$18.21,1441289708372,"8,329",100% bearish,of 2 ratings,$21
AEZS,$0.0886,1441289708443,"2,922,417",90% bullish,of 21 ratings,$1.50
AVAV,$21,1441289708549,"42,150",50% bullish,of 4 ratings,$30
AEMD,$7.6999,1441289708618,"4,508",Not yet rated,NULL,$27.50
AFMD,$10.12,1441289708708,"10,116",50% bullish,of 4 ratings,$15
AGEN,$7.08,1441289708791,"83,903",85% bullish,of 13 ratings,$14
AFFX,$9.1,1441289708863,"40,230",80% bullish,of 5 ratings,$12.50
AGIO,$86.63,1441289708890,"38,593",88% bullish,of 8 ratings,$114
AGYS,$9.79,1441289708912,"1,831",100% bearish,of 1 rating,N/A
AIMT,$22.31,1441289709056,"15,223",Not yet rated,NULL,$35.50
AIRT,NULL,1441289709263,0,100% bullish,of 1 rating,N/A
AIRM,$36.255,1441289709296,"11,200",80% bearish,of 5 ratings,$53
AGFS,$9.78,1441289709330,"2,097",100% bearish,of 1 rating,N/A
AGFSW,NULL,1441289709363,0,100% bearish,of 2 ratings,N/A
AGRX,$8.43,1441289709390,"6,048",100% bearish,of 1 rating,$17.50
ATSG,$8.83,1441289709428,"8,216",67% bullish,of 3 ratings,$13
AMCN,$4.52,1441289709455,"10,511",83% bullish,of 6 ratings,N/A
AIXG,$6.48,1441289709642,"1,572",67% bearish,of 3 ratings,$5.25
AKAM,$73.1742,1441289709835,"240,675",63% bullish,of 8 ratings,$77.50
AKBA,$7.38,1441289709881,"11,852",100% bearish,of 1 rating,$18
ALRM,$16.015,1441289709911,"5,763",100% bearish,of 1 rating,$22
ALSK,$2.21,1441289709932,"12,834",78% bullish,of 18 ratings,$2
AKER,$2.8299,1441289709974,"3,000",Not yet rated,NULL,N/A
AKRX,$39.13,1441289710009,"39,916",78% bullish,of 9 ratings,$56
AMRI,$20.61,1441289710172,"22,872",75% bearish,of 4 ratings,$24
ABDC,$13.03,1441289710302,"8,101",Not yet rated,NULL,$15
ALDR,$40.99,1441289710328,"46,595",67% bearish,of 3 ratings,$62
ADHD,$7.9,1441289710354,"11,785",50% bullish,of 4 ratings,$18
ALXN,$177.61,1441289710398,"110,786",88% bullish,of 8 ratings,$223.50
ALDX,$7.0501,1441289710431,"1,101",100% bearish,of 1 rating,$14.50
ALXA,$1.22,1441289710505,"2,116",83% bullish,of 6 ratings,$2.125
ALCO,$42.04,1441289710535,355,50% bullish,of 2 ratings,N/A
ALGN,$54.96,1441289710711,"222,540",100% bearish,of 2 ratings,$73
ALLB,$22.97,1441289710916,201,Not yet rated,NULL,N/A
ALIM,$3.17,1441289711059,752,80% bullish,of 5 ratings,$10
AIQ,$14.05,1441289711090,906,67% bullish,of 3 ratings,N/A
AFOP,$18.94,1441289711120,"18,696",75% bullish,of 8 ratings,$21
ALKS,$63.75,1441289711142,"71,491",67% bullish,of 3 ratings,$75
AHGP,$35.83,1441289711190,"1,812",67% bullish,of 3 ratings,N/A
ALGT,$205.402,1441289711215,"5,428",100% bearish,of 2 ratings,$235
AHPI,$1.5,1441289711275,625,50% bullish,of 2 ratings,N/A
ALLT,$5.14,1441289711416,"4,750",75% bullish,of 4 ratings,$6.25
ARLP,$25.25,1441289711445,"17,432",67% bearish,of 3 ratings,$32
MDRX,$13.025,1441289711518,"960,885",60% bullish,of 5 ratings,$16
AFAM,$45.63,1441289711779,"1,879",50% bullish,of 2 ratings,$44
ALNY,$101.2625,1441289711804,"54,335",67% bullish,of 3 ratings,$151.50
ATEC,$0.5958,1441289711947,"1,427",100% bullish,of 1 rating,$2
AOSL,$7.98,1441289711979,"2,978",67% bullish,of 3 ratings,$9
SMCP,NULL,1441289712077,0,Not yet rated,NULL,N/A
ASPS,$26.505,1441289712255,"12,126",67% bullish,of 3 ratings,$46.50
AIMC,$23.62,1441289712305,"24,194",100% bearish,of 2 ratings,$28.50
ALTR,$49.1,1441289712355,"182,939",80% bearish,of 5 ratings,$54
AMRN,$2.29,1441289712678,"120,352",85% bullish,of 40 ratings,$8
AYA,$20.49,1441289712729,358,100% bearish,of 1 rating,$40
AMAG,$63.11,1441289712756,"76,364",100% bullish,of 2 ratings,$75
AMRK,$10.3,1441289712822,200,50% bullish,of 2 ratings,$14
AMBC,$16.83,1441289713208,"22,098",100% bearish,of 1 rating,$16.50
AMZN,$511.16,1441289713270,"417,542",81% bullish,of 267 ratings,$646
AMBCW,NULL,1441289713338,0,100% bearish,of 1 rating,N/A
ALQA,$4.65,1441289713368,"5,306",75% bullish,of 4 ratings,$8.50
AMBA,$78.4379,1441289713396,"576,590",83% bullish,of 12 ratings,$95
AMOT,$18.03,1441289713424,"23,393",100% bearish,of 1 rating,N/A
DOX,$56.6,1441289713469,"73,593",67% bearish,of 3 ratings,$60
EPAX,$2.68,1441289713530,"26,376",100% bearish,of 1 rating,N/A
AMDA,$0.472,1441289713724,"61,906",90% bullish,of 10 ratings,$1
AMCX,$71.02,1441289713768,"43,041",67% bullish,of 3 ratings,$87.50
UHAL,$373.07,1441289713796,728,100% bullish,of 2 ratings,$393.50
ASBI,$22.81,1441289713853,"2,979",Not yet rated,NULL,N/A
ATAX,$5.33,1441289713922,"6,499",100% bullish,of 1 rating,$6.50
AMOV,NULL,1441289713950,0,100% bearish,of 1 rating,N/A
AMED,$40.73,1441289714056,"16,049",100% bearish,of 1 rating,$42
AAL,$41.28,1441289714119,"1,171,600",93% bullish,of 88 ratings,$57
AGNCB,$24.23,1441289714398,500,Not yet rated,NULL,N/A
MTGEP,NULL,1441289714529,0,Not yet rated,NULL,N/A
ACAS,$13.7343,1441289714554,"113,018",60% bullish,of 5 ratings,$16.75
AGNC,$19.205,1441289714590,"205,509",71% bullish,of 28 ratings,$22
AGNCP,$25.3091,1441289714614,"3,107",Not yet rated,NULL,N/A
ACSF,$12.42,1441289714642,"2,075",100% bearish,of 1 rating,$15
MTGE,$15.29,1441289714772,"36,769",75% bullish,of 4 ratings,$19.50
AETI,$3.72,1441289714814,620,67% bearish,of 3 ratings,N/A
AMNB,$23.36,1441289714843,245,Not yet rated,NULL,$25.50
AMIC,NULL,1441289714944,0,100% bearish,of 1 rating,N/A
ANCI,$1.55,1441289715020,1,100% bearish,of 1 rating,N/A
ANAT,$98.74,1441289715046,197,100% bullish,of 1 rating,N/A
APEI,$21.63,1441289715126,"13,031",100% bearish,of 1 rating,$25.50
ARII,$40.83,1441289715330,"10,150",67% bearish,of 3 ratings,$45
ASEI,$39.14,1441289715364,"2,323",100% bearish,of 1 rating,$52.50
AMRB,NULL,1441289715425,0,Not yet rated,NULL,$11
AMSWA,$9.015,1441289715498,982,100% bearish,of 2 ratings,$10.75
AMWD,$66.5468,1441289715526,"6,220",50% bullish,of 2 ratings,$70
CRMT,$35.59,1441289715549,"15,643",100% bearish,of 1 rating,$38
AMSC,$4.93,1441289715698,100,50% bullish,of 4 ratings,N/A
ATLO,$23.87,1441289715959,200,Not yet rated,NULL,N/A
AMGN,$151.74,1441289715987,"271,993",89% bullish,of 19 ratings,$185
ASRVP,NULL,1441289716059,0,Not yet rated,NULL,N/A
ABCB,$27,1441289716122,"3,071",Not yet rated,NULL,$31
ASRV,$3.22,1441289716152,1,100% bullish,of 2 ratings,N/A
FOLD,$15.14,1441289716178,"188,052",56% bullish,of 9 ratings,$21
AMSF,$46.7,1441289716203,"1,886",Not yet rated,NULL,$57.50
AMKR,$5.2632,1441289716342,"107,994",100% bearish,of 2 ratings,$5
AMPH,$13.49,1441289716465,"7,722",50% bullish,of 2 ratings,$20
AMSG,$78.34,1441289716494,"23,156",100% bearish,of 1 rating,$85.50
AMSGP,NULL,1441289716524,0,Not yet rated,NULL,N/A
ASYS,$5.51,1441289716601,"4,352",67% bullish,of 3 ratings,$12
AFSI,$57.59,1441289716661,"26,950",60% bullish,of 5 ratings,$72
AMRS,$1.69,1441289716746,"1,700",70% bullish,of 10 ratings,N/A
ANAC,$133.46,1441289716888,"61,515",80% bullish,of 5 ratings,$180.50
ADI,$55.21,1441289716946,"197,385",75% bullish,of 4 ratings,$69
ANAD,$0.3223,1441289717046,"32,020",100% bullish,of 2 ratings,$.50
ALOG,$81.2,1441289717133,"2,400",100% bearish,of 2 ratings,$100.50
ABCW,$40.58,1441289717189,38,67% bullish,of 3 ratings,N/A
ANCB,$21.64,1441289717238,100,Not yet rated,NULL,$23
ANGO,$14.79,1441289717383,"13,055",67% bullish,of 3 ratings,$19
ANIP,$53.3076,1441289717431,"39,620",89% bullish,of 19 ratings,$66
ANSS,$89.3525,1441289717463,"33,586",100% bearish,of 1 rating,$100
ATRS,$1.86,1441289717561,"38,875",92% bullish,of 12 ratings,$4.50
AMCF,NULL,1441289717588,0,NULL,NULL,NULL
ANGI,$5.16,1441289717658,"13,327",64% bullish,of 11 ratings,$5.50
ANIK,$35.62,1441289717720,"7,611",60% bullish,of 5 ratings,$51.25
ABAC,$0.801,1441289717851,"2,918",100% bearish,of 1 rating,N/A
ANTH,$7.44,1441289717908,"102,535",80% bullish,of 10 ratings,$13
ATNY,$2.4,1441289718121,466,50% bullish,of 2 ratings,$3.75
APIC,$6.79,1441289718159,"7,462",100% bearish,of 1 rating,$19
APOG,$52.29,1441289718223,"16,855",50% bullish,of 2 ratings,$67
AAPL,$111.69,1441289718252,"6,190,170",86% bullish,of 2363 ratings,$150
AINV,$6.445,1441289718356,"102,102",50% bullish,of 4 ratings,$8
APOL,$10.9,1441289718381,"64,310",87% bearish,of 68 ratings,$14
APPF,$15.8,1441289718408,"2,419",50% bullish,of 2 ratings,$22
APDNW,NULL,1441289718570,0,Not yet rated,NULL,N/A
APDN,$3.45,1441289718667,"2,868",Not yet rated,NULL,$9
AAOI,$20.48,1441289718849,"13,525",50% bullish,of 4 ratings,$26
AMAT,$16.005,1441289718886,"865,073",82% bullish,of 11 ratings,$23
AMCC,$5.745,1441289718945,"31,930",80% bullish,of 5 ratings,$8
AGTC,$16.33,1441289718977,"3,887",50% bullish,of 2 ratings,$33
AREX,$2.55,1441289719039,"107,576",50% bullish,of 2 ratings,$3
APRI,$1.6,1441289719073,"76,845",83% bullish,of 6 ratings,$4.86
ARCI,NULL,1441289719104,0,Not yet rated,NULL,N/A
AQMS,$4.89,1441289719172,"4,374",Not yet rated,NULL,N/A
APTO,$5.33,1441289719410,14,Not yet rated,NULL,$17
AQXP,$16.77,1441289719437,"30,298",50% bullish,of 2 ratings,$2
AUMAU,NULL,1441289719473,0,Not yet rated,NULL,N/A
AUMAW,NULL,1441289719505,0,Not yet rated,NULL,N/A
AUMA,NULL,1441289719603,0,Not yet rated,NULL,N/A
ARDM,NULL,1441289719630,0,100% bullish,of 1 rating,$26
ARCW,$3.48,1441289719792,"2,567",100% bearish,of 2 ratings,$10.50
ABIO,$0.9,1441289719966,"6,254",50% bullish,of 2 ratings,$3.75
ARCB,$28.16,1441289719997,"18,331",67% bearish,of 3 ratings,$39.50
PETX,$18.59,1441289720131,"15,608",100% bearish,of 2 ratings,$26
RKDA,$6.1,1441289720163,600,100% bearish,of 2 ratings,$10
ACAT,$26.22,1441289720192,"9,334",100% bearish,of 3 ratings,$33
ACGL,$68.81,1441289720213,"17,072",50% bullish,of 2 ratings,$72
ABUS,$6.99,1441289720264,"70,258",86% bullish,of 14 ratings,$21.50
ARNA,$2.79,1441289720340,"371,587",90% bullish,of 78 ratings,$5.50
ARDX,$19.39,1441289720437,"40,242",50% bullish,of 2 ratings,$24.50
ARCC,$15.49,1441289720466,"123,318",67% bearish,of 3 ratings,$17.75
ARGS,$6.27,1441289720685,"18,096",50% bullish,of 2 ratings,$19.50
AGIIL,$25.11,1441289720736,95,Not yet rated,NULL,N/A
ARIA,$8.02,1441289720764,"979,344",87% bullish,of 46 ratings,$9
AGII,$55.29,1441289720794,"9,921",Not yet rated,NULL,$59.50
ARIS,$3.75,1441289720867,44,Not yet rated,NULL,$4.50
ARMH,$43.15,1441289720958,"196,084",54% bearish,of 13 ratings,$60
ARTX,$1.4201,1441289720997,"9,693",88% bullish,of 16 ratings,$4.50
ARKR,$25.057,1441289721022,111,50% bullish,of 2 ratings,N/A
ARWA,NULL,1441289721211,0,Not yet rated,NULL,N/A
ARWAR,NULL,1441289721238,0,Not yet rated,NULL,N/A
ARWAW,NULL,1441289721293,0,Not yet rated,NULL,N/A
ARRY,$5.96,1441289721475,"137,445",100% bullish,of 7 ratings,$10
DWAT,NULL,1441289721500,0,100% bearish,of 1 rating,N/A
ARRS,$26.19,1441289721634,"147,409",50% bullish,of 2 ratings,$38
AROW,$27.19,1441289721871,200,Not yet rated,NULL,N/A
ARWR,$5.74,1441289721932,"172,282",75% bullish,of 4 ratings,$10.50
ASND,$20.1,1441289722198,"2,857",50% bullish,of 2 ratings,$30
ARQL,$1.69,1441289722223,"2,300",75% bullish,of 4 ratings,$5
ARWAU,NULL,1441289722267,0,100% bullish,of 1 rating,N/A
ASBB,$24,1441289722297,125,Not yet rated,NULL,N/A
ARTNA,$21.9976,1441289722373,"1,484",100% bearish,of 1 rating,$29
ASCMA,$27.5,1441289722397,"2,196",100% bearish,of 1 rating,$45
ASTI,$0.2753,1441289722532,"2,319,457",83% bullish,of 6 ratings,$3
ASMI,NULL,1441289722581,0,NULL,NULL,NULL
APWC,NULL,1441289722605,0,100% bearish,of 1 rating,N/A
AZPN,$38.4264,1441289722835,"30,403",50% bullish,of 2 ratings,$42
ARTW,$4.11,1441289722864,"2,365",75% bearish,of 4 ratings,N/A
ASML,$93.52,1441289722891,"127,601",50% bullish,of 4 ratings,$127
ASNA,$12.225,1441289722912,"134,937",50% bullish,of 2 ratings,$18
ASMB,$14.61,1441289722946,"3,401",67% bullish,of 3 ratings,N/A
ASTE,$38.33,1441289723049,"6,884",100% bearish,of 1 rating,$49
ASFI,$8.86,1441289723216,"1,568",100% bullish,of 1 rating,N/A
ALOT,$13.98,1441289723274,"1,508",100% bearish,of 1 rating,N/A
ATRO,$50.85,1441289723359,"12,495",100% bearish,of 2 ratings,$80
ASUR,$5.4,1441289723513,"4,801",50% bullish,of 2 ratings,$8
AFCB,$27.15,1441289723603,1,Not yet rated,NULL,N/A
ATHX,$1.13,1441289723646,"57,736",89% bullish,of 9 ratings,$5
ATRA,$42.93,1441289723677,"8,031",50% bullish,of 2 ratings,$68
ASTC,$2.15,1441289723710,460,100% bullish,of 5 ratings,N/A
AAPC,$10.1,1441289723749,8,Not yet rated,NULL,N/A
ATAI,$2.4599,1441289723774,400,100% bearish,of 1 rating,N/A
ATHN,$132.62,1441289723805,"13,544",67% bearish,of 3 ratings,$153
ATNI,$73.8,1441289724036,817,100% bearish,of 1 rating,$69.50
ACFC,$5.5,1441289724104,841,100% bearish,of 1 rating,$6.50
AAME,$3.6,1441289724129,1,Not yet rated,NULL,N/A
ATLC,$3.945,1441289724260,"1,254",67% bullish,of 3 ratings,N/A
AFH,$16.35,1441289724441,"10,697",Not yet rated,NULL,$21.50
ATRI,$383,1441289724512,"2,137",Not yet rated,NULL,N/A
ATRM,$2.77,1441289724538,107,50% bullish,of 2 ratings,N/A
ATRC,$24.31,1441289724565,"4,487",100% bullish,of 1 rating,$30
AAWW,$39.08,1441289724693,"20,258",50% bullish,of 2 ratings,$65
LIFE,$14.46,1441289724763,"8,638",86% bullish,of 7 ratings,$43
ATML,$8.03,1441289724831,"326,146",78% bullish,of 9 ratings,$9.50
ATOS,$0.805,1441289724858,"5,904",100% bullish,of 7 ratings,$7
AUBN,$26.47,1441289724888,100,Not yet rated,NULL,N/A
ATTU,$13.09,1441289724915,"1,803",100% bearish,of 1 rating,$20.50
AUPH,$3.4772,1441289724942,"3,404",100% bearish,of 1 rating,$8
AUDC,$3.33,1441289725219,"8,034",80% bullish,of 5 ratings,$5
ABTL,$18.11,1441289725305,"5,639",100% bullish,of 4 ratings,$20.25
EARS,$4.54,1441289725332,"1,622",100% bearish,of 2 ratings,$11
ADSK,$45.7875,1441289725353,"425,394",67% bullish,of 6 ratings,$66
ADAT,$0.26,1441289725382,"59,330",100% bullish,of 2 ratings,N/A
ADP,$77.7275,1441289725510,"180,886",100% bearish,of 1 rating,$88
AAVL,$10.47,1441289725568,"11,835",100% bearish,of 1 rating,$20
AVGO,$125.01,1441289725648,"274,792",88% bullish,of 8 ratings,$165
AVID,$8.3,1441289725712,"27,987",100% bearish,of 1 rating,$20
AVNW,$1.22,1441289725748,"1,346",50% bullish,of 2 ratings,N/A
AVNU,$12.91,1441289725795,626,Not yet rated,NULL,$14
AVEO,$1.38,1441289725846,"49,766",75% bullish,of 8 ratings,$3
AVGR,$14.8,1441289725924,"1,106",100% bearish,of 1 rating,$20
CAR,$44.38,1441289726026,"236,671",80% bullish,of 5 ratings,$60
ACLS,$3.21,1441289726199,"37,868",67% bullish,of 6 ratings,$4.75
AWRE,$3.2,1441289726226,201,67% bullish,of 3 ratings,N/A
AXGN,$4.51,1441289726251,"51,372",Not yet rated,NULL,$5
AXPWW,NULL,1441289726277,0,Not yet rated,NULL,N/A
AXPW,$2.1764,1441289726411,"639,131",86% bullish,of 7 ratings,N/A
AXTI,$2.105,1441289726437,"2,600",50% bullish,of 2 ratings,$2.75
BCOM,$19.31,1441289726513,610,100% bearish,of 1 rating,N/A
BEAV,$49.31,1441289726610,"22,095",67% bearish,of 3 ratings,$59
BOSC,NULL,1441289726642,0,50% bullish,of 2 ratings,N/A
RILY,NULL,1441289726740,0,Not yet rated,NULL,N/A
BCPC,$58.47,1441289726768,"7,152",100% bearish,of 1 rating,$75
BIDU,$147.7625,1441289726821,"183,112",81% bullish,of 88 ratings,$210
BWINB,$22.59,1441289727055,"1,447",Not yet rated,NULL,N/A
BLDP,$1.3454,1441289727108,"66,650",91% bullish,of 22 ratings,$2.50
BWINA,NULL,1441289727132,0,Not yet rated,NULL,N/A
BANFP,NULL,1441289727196,0,Not yet rated,NULL,N/A
BANF,$60.33,1441289727336,"1,337",Not yet rated,NULL,$68
BKSC,$16.55,1441289727380,"2,619",Not yet rated,NULL,N/A
BKMU,$7.05,1441289727437,"1,614",Not yet rated,NULL,$8
BOCH,$5.78,1441289727508,"1,298",Not yet rated,NULL,$6.50
BOTJ,NULL,1441289727535,0,Not yet rated,NULL,N/A
BMRC,$48.09,1441289727607,485,Not yet rated,NULL,$52
OZRK,$40.8375,1441289727666,"32,035",67% bullish,of 3 ratings,$49.50
BFIN,$12.18,1441289727693,293,Not yet rated,NULL,$13
BWFG,$18.11,1441289727822,1,100% bearish,of 1 rating,N/A
BANR,$44.36,1441289727991,"5,855",100% bullish,of 3 ratings,$50
BZUN,$4.92,1441289728025,"4,871",50% bullish,of 2 ratings,$11.50
TAPR,$33.25,1441289728243,100,100% bearish,of 1 rating,N/A
BHACR,NULL,1441289728271,0,Not yet rated,NULL,N/A
BHAC,NULL,1441289728291,0,Not yet rated,NULL,N/A
BHACU,NULL,1441289728323,0,Not yet rated,NULL,N/A
BHACW,NULL,1441289728425,0,Not yet rated,NULL,N/A
BBSI,$34.93,1441289728484,"2,630",67% bearish,of 3 ratings,$62.50
BYLK,$12.9963,1441289728585,"2,100",Not yet rated,NULL,$14
BBCN,$14.275,1441289728731,"16,769",100% bearish,of 1 rating,$16
BYBK,NULL,1441289728760,0,100% bearish,of 1 rating,N/A
BSET,$29.17,1441289729012,"1,387",100% bearish,of 1 rating,$35
BV,$5.01,1441289729143,"42,364",67% bullish,of 6 ratings,$8.75
BDCV,$4.8908,1441289729174,"2,043",100% bearish,of 1 rating,$10.19
BCBP,NULL,1441289729195,0,Not yet rated,NULL,N/A
BECN,$36.3345,1441289729275,"20,623",50% bullish,of 2 ratings,$40
BBBY,$62.43,1441289729540,"91,089",71% bullish,of 7 ratings,$75
BSF,$8.48,1441289729570,403,Not yet rated,NULL,N/A
BNCL,$12.37,1441289729592,"17,016",100% bullish,of 3 ratings,$12.50
BELFB,$18.46,1441289729670,282,100% bearish,of 1 rating,N/A
BEBE,$1.25,1441289729812,"45,051",75% bullish,of 4 ratings,$2.125
BNFT,$37.45,1441289729855,"10,624",67% bullish,of 3 ratings,$46
BELFA,$15.38,1441289729890,7,100% bearish,of 1 rating,N/A
BLPH,$4.1285,1441289729919,"1,667",100% bearish,of 1 rating,$12.50
BBGI,$4.23,1441289729950,1,100% bearish,of 1 rating,N/A
BLCM,$16.45,1441289729984,"13,981",50% bullish,of 4 ratings,$40
BNTC,$7.2696,1441289730053,"7,900",100% bullish,of 1 rating,N/A
BGCP,$8.96,1441289730377,"65,111",88% bullish,of 8 ratings,$14
BGMD,$0.6711,1441289730413,"11,333",100% bullish,of 10 ratings,N/A
BGFV,$11.36,1441289730439,"5,397",57% bullish,of 7 ratings,$12
BASI,$1.65,1441289730466,1,Not yet rated,NULL,N/A
BCRX,$11.631,1441289730599,"37,796",63% bullish,of 8 ratings,$18
ORPN,$5.8,1441289730627,610,100% bullish,of 1 rating,$28.50
BIOC,$2.01,1441289730653,"27,855",83% bullish,of 6 ratings,$3.85
BIND,$4.9999,1441289730675,"22,325",75% bullish,of 4 ratings,$13.50
BCDA,NULL,1441289730859,0,Not yet rated,NULL,N/A
BIOL,$1.523,1441289731015,289,Not yet rated,NULL,N/A
BIOD,$0.6601,1441289731043,"26,399",80% bullish,of 5 ratings,$4
BIIB,$306.695,1441289731185,"208,529",88% bullish,of 16 ratings,$400
BLFS,$2.34,1441289731211,"8,779",100% bearish,of 1 rating,$4.75
BDSI,$6.42,1441289731232,"152,279",88% bullish,of 8 ratings,$17
BLRX,$1.59,1441289731424,"63,574",100% bullish,of 12 ratings,$5
BRLI,NULL,1441289731560,0,NULL,NULL,NULL
BVXV,$4.2,1441289731598,"51,798",Not yet rated,NULL,N/A
BMRN,$129.495,1441289731628,"47,335",80% bullish,of 5 ratings,$160
BVXVW,NULL,1441289731661,0,100% bearish,of 1 rating,N/A
BPTH,$1.1437,1441289731734,"3,240",100% bullish,of 2 ratings,$5
BBC,$32.49,1441289731761,537,Not yet rated,NULL,N/A
BIOS,$2.435,1441289731788,"114,794",71% bullish,of 7 ratings,$4
BSTC,$50.34,1441289731930,"4,654",100% bearish,of 1 rating,$76
BBP,$32.9488,1441289731989,"1,893",Not yet rated,NULL,N/A
BSPM,NULL,1441289732117,0,50% bullish,of 2 ratings,N/A
TECH,$93.36,1441289732162,"5,474",100% bullish,of 1 rating,$117
BOTA,$2.16,1441289732187,"2,052",88% bullish,of 8 ratings,N/A
BEAT,$15.56,1441289732315,"68,473",67% bearish,of 3 ratings,$15
BDMS,NULL,1441289732407,0,100% bearish,of 1 rating,N/A
BITI,$16.6,1441289732432,600,100% bullish,of 1 rating,$28
BLKB,$56.68,1441289732505,"2,899",100% bearish,of 2 ratings,$66
BDE,$7.487,1441289732590,"7,201",50% bullish,of 2 ratings,$9
BBRY,$7.54,1441289732648,"365,748",61% bullish,of 330 ratings,$9
BBOX,$15.2,1441289732723,"1,748",100% bearish,of 1 rating,N/A
HAWK,$39.59,1441289732748,"58,854",91% bullish,of 11 ratings,$49
BJRI,$44.365,1441289732777,"20,779",50% bullish,of 2 ratings,$55
BKCC,$9.45,1441289732802,"53,699",50% bullish,of 2 ratings,$10
ADRA,$26.86,1441289732949,150,100% bearish,of 1 rating,N/A
ADRD,$21.78,1441289732979,1,100% bearish,of 1 rating,N/A
ADRU,NULL,1441289733130,0,100% bearish,of 1 rating,N/A
BCOR,$13.44,1441289733186,"6,687",57% bullish,of 7 ratings,$15
ADRE,$29.25,1441289733232,57,100% bearish,of 1 rating,N/A
BLMN,$20.75,1441289733281,"46,073",83% bullish,of 6 ratings,$27.50
BLBD,$11.875,1441289733307,350,Not yet rated,NULL,N/A
BBLU,$0.88,1441289733479,"19,569",100% bullish,of 2 ratings,$4.43
BHBK,$14.04,1441289733578,"2,109",100% bullish,of 1 rating,$14.50
BLUE,$130.71,1441289733610,"27,415",71% bullish,of 7 ratings,$217.50
BUFF,$23.78,1441289733635,"19,359",77% bullish,of 13 ratings,$31.50
NILE,$33.85,1441289733659,"12,688",50% bullish,of 2 ratings,$34
BKEPP,$7.86,1441289733712,"1,004",100% bearish,of 1 rating,N/A
BKEP,$6.29,1441289734158,"7,979",100% bearish,of 1 rating,$8.50
BOFI,$108.64,1441289734301,"49,295",100% bullish,of 6 ratings,$144
BPMC,$28.622,1441289734349,753,50% bullish,of 2 ratings,$47.50
WIFI,$7.49,1441289734379,"17,390",50% bullish,of 2 ratings,$13.50
BOBE,$45.4,1441289734400,"92,844",75% bullish,of 4 ratings,$57
BNCN,$20.98,1441289734442,"2,804",Not yet rated,NULL,$24
BOKF,$62.01,1441289734478,"8,206",100% bearish,of 1 rating,$69
BONA,$11.42,1441289734580,"4,364",75% bullish,of 4 ratings,$8.50
BOJA,$20.95,1441289734606,"5,134",100% bullish,of 1 rating,$30
BNSO,$1.35,1441289734737,"1,438",100% bearish,of 1 rating,N/A
BPFHP,$24.9916,1441289734766,150,100% bearish,of 1 rating,N/A
BPFH,$11.77,1441289734795,"27,768",100% bearish,of 1 rating,$14
BAMM,$3.18,1441289734834,"1,086",60% bullish,of 5 ratings,N/A
BPFHW,NULL,1441289734927,0,100% bearish,of 1 rating,N/A
EPAY,$26.31,1441289734965,"7,297",100% bearish,of 2 ratings,$30
BDBD,$8.42,1441289735153,"25,800",60% bullish,of 5 ratings,$10
BLIN,NULL,1441289735324,0,50% bullish,of 2 ratings,$2.20
BCLI,$3.05,1441289735350,"4,281",80% bullish,of 5 ratings,$12
BBRG,$12.45,1441289735372,"4,444",67% bullish,of 3 ratings,$14.50
BBEPP,$14.49,1441289735403,"4,928",100% bearish,of 1 rating,N/A
BBEP,$2.72,1441289735550,"177,901",69% bullish,of 13 ratings,$5.625
BRID,$8.4,1441289735575,1,100% bearish,of 1 rating,N/A
BCOV,$5.3,1441289735622,"18,163",67% bullish,of 3 ratings,$10.20
BRCM,$51.29,1441289735722,"220,683",69% bullish,of 13 ratings,$56
BDGE,$26.15,1441289735749,278,Not yet rated,NULL,$31.75
BVSN,$5.91,1441289735774,400,60% bearish,of 5 ratings,N/A
BSFT,$31.58,1441289735801,"13,799",57% bullish,of 7 ratings,$40.50
BWEN,$3.12,1441289736020,"2,602",75% bullish,of 4 ratings,$8
BRKS,$10.41,1441289736199,"11,439",67% bullish,of 3 ratings,$15.25
BRKL,$10.39,1441289736253,"69,368",100% bearish,of 1 rating,$10.75
BRCD,$10.32,1441289736276,"432,527",92% bullish,of 13 ratings,$12
BRKR,$18,1441289736300,"45,457",100% bearish,of 2 ratings,$22
BYFC,$1.3501,1441289736331,144,50% bullish,of 2 ratings,N/A
BMTC,$29.28,1441289736357,914,Not yet rated,NULL,$34
BLMT,$20.94,1441289736483,41,Not yet rated,NULL,N/A
BLDR,$15.28,1441289736590,"158,750",67% bullish,of 3 ratings,$22
BUR,$1.86,1441289736618,"9,100",100% bearish,of 1 rating,$8
BSQR,$6.2,1441289736690,"2,800",67% bullish,of 3 ratings,N/A
BWLD,$196.1,1441289736778,"17,315",82% bullish,of 11 ratings,$205
CA,$27.4,1441289736827,"165,477",50% bullish,of 4 ratings,$33
CHRW,$69.03,1441289736918,"145,029",Not yet rated,NULL,$72
CCMP,$42.9,1441289737000,"1,411",50% bullish,of 2 ratings,$59
CDNS,$20.37,1441289737082,"471,250",75% bullish,of 4 ratings,$22.50
CDZI,$7.65,1441289737172,461,100% bearish,of 1 rating,N/A
CACQ,$7.3,1441289737225,"8,666",100% bearish,of 1 rating,$12.25
CZR,$9.27,1441289737324,"60,692",60% bearish,of 5 ratings,$10.50
CSTE,$39.25,1441289737350,"17,894",50% bullish,of 2 ratings,$65
PRSS,$4.32,1441289737389,"1,001",80% bullish,of 5 ratings,$4.50
CLBS,$1.64,1441289737569,"29,454",79% bullish,of 14 ratings,$4
CLMS,$9.8,1441289737601,"17,071",Not yet rated,NULL,$10.50
CHY,$11.26,1441289737650,"40,175",Not yet rated,NULL,N/A
CFGE,$10.53,1441289737865,"1,100",Not yet rated,NULL,N/A
CHI,$10.5,1441289737890,"36,605",100% bearish,of 1 rating,N/A
CHW,$7.52,1441289737939,"65,359",100% bearish,of 1 rating,N/A
CFFI,$36.76,1441289737967,101,100% bearish,of 1 rating,N/A
CCD,$19.3,1441289738037,"7,333",Not yet rated,NULL,N/A
CGO,$12.07,1441289738113,"4,973",100% bearish,of 1 rating,N/A
CSQ,$9.93,1441289738145,"49,038",Not yet rated,NULL,N/A
CAMP,$16.23,1441289738242,"7,122",88% bullish,of 8 ratings,$25
CVGW,$52.2999,1441289738270,"113,167",50% bullish,of 2 ratings,$62
CFNB,NULL,1441289738349,0,100% bearish,of 1 rating,N/A
CALA,$5.8,1441289738596,"25,754",67% bullish,of 3 ratings,$19.50
CLMT,$26.19,1441289738654,"34,021",75% bullish,of 8 ratings,$31
CALM,$53.82,1441289738685,"48,839",80% bullish,of 5 ratings,$63.50
ABCD,$5.19,1441289738717,"10,861",83% bullish,of 6 ratings,N/A
CALD,$16.12,1441289738747,"38,599",100% bearish,of 1 rating,$21
CAMB,NULL,1441289738785,0,Not yet rated,NULL,N/A
CAMBW,NULL,1441289738820,0,Not yet rated,NULL,N/A
CAMBU,NULL,1441289738845,0,100% bearish,of 1 rating,N/A
CSIQ,$18.995,1441289739035,"196,600",86% bullish,of 28 ratings,$42.50
CAC,$39.85,1441289739063,237,Not yet rated,NULL,N/A
CGIX,$9.6805,1441289739139,"2,761",67% bullish,of 3 ratings,$14.375
CPHC,NULL,1441289739205,0,100% bearish,of 1 rating,N/A
CAMT,$2.59,1441289739283,"3,416",73% bullish,of 11 ratings,$4
CBNJ,$10.97,1441289739348,"9,294",100% bearish,of 1 rating,N/A
CPLA,$47.4,1441289739440,"9,344",67% bearish,of 3 ratings,$65
CPLP,$7.16,1441289739546,"18,246",71% bullish,of 7 ratings,$11
CCBG,$15.09,1441289739611,"1,155",Not yet rated,NULL,$17.25
CFFN,$11.82,1441289739685,"25,305",Not yet rated,NULL,$12.75
CSWC,$44.75,1441289739769,"1,561",Not yet rated,NULL,N/A
CPTA,$13.66,1441289739797,"8,209",100% bearish,of 1 rating,$18.50
CAPN,$2.24,1441289739836,434,100% bullish,of 1 rating,$10.85
CBF,$30.38,1441289739867,"14,694",Not yet rated,NULL,$32
CAPR,$4.59,1441289740002,302,Not yet rated,NULL,$12
CAPNW,NULL,1441289740026,0,Not yet rated,NULL,N/A
CPST,$0.389,1441289740181,"78,987",95% bullish,of 22 ratings,$1.25
CARB,$11.09,1441289740206,"1,491",75% bullish,of 4 ratings,$12
CARA,$19.73,1441289740363,"25,586",50% bullish,of 4 ratings,$25
CRDC,$0.3295,1441289740555,"25,343",100% bullish,of 1 rating,$1.25
CRME,NULL,1441289740592,0,89% bullish,of 9 ratings,$11.25
CBYL,$4.6,1441289740618,"5,171",100% bearish,of 1 rating,$20
CSII,$23.29,1441289740639,"9,178",100% bearish,of 2 ratings,$42.125
CFNL,$22.1001,1441289740682,"6,451",Not yet rated,NULL,$24
CECO,$3.65,1441289740784,"13,215",67% bearish,of 3 ratings,$6
CATM,$34.18,1441289740844,"7,400",100% bearish,of 1 rating,$44
CTRE,$11.16,1441289740916,"12,214",50% bullish,of 2 ratings,$13.50
CDNA,$7.1,1441289740976,"7,263",100% bearish,of 1 rating,$9
CKEC,$23.05,1441289741015,"6,141",50% bullish,of 2 ratings,$35.915
CLBH,$12.82,1441289741146,100,Not yet rated,NULL,$16.50
CARO,$15.2721,1441289741171,950,100% bearish,of 1 rating,$19
CRTN,NULL,1441289741394,0,100% bearish,of 1 rating,N/A
CASM,$1.23,1441289741520,201,100% bullish,of 1 rating,$3.50
CRZO,$35.58,1441289741550,"80,780",67% bearish,of 3 ratings,$54.50
CART,NULL,1441289741581,0,100% bearish,of 1 rating,N/A
CARV,$6.3,1441289741618,400,50% bullish,of 2 ratings,N/A
CACB,$5.38,1441289741649,627,Not yet rated,NULL,$5.50
TAST,$12.747,1441289741676,"17,509",Not yet rated,NULL,$14.25
CSCD,$15.23,1441289741750,568,100% bullish,of 2 ratings,$17
CWST,$6.33,1441289741929,"20,933",50% bullish,of 2 ratings,$7.25
CASY,$104.67,1441289742059,"21,632",50% bullish,of 2 ratings,$99.50
CPRX,$3.89,1441289742198,"62,663",71% bullish,of 7 ratings,$7
CASI,$1.4,1441289742245,400,100% bullish,of 1 rating,$3.50
CASS,$48.35,1441289742294,111,100% bearish,of 1 rating,N/A
CATB,$11.93,1441289742319,"3,587",100% bearish,of 1 rating,$28
CATYW,NULL,1441289742454,0,100% bearish,of 1 rating,N/A
CVCO,$72.82,1441289742494,744,100% bearish,of 1 rating,N/A
CATY,$29.3,1441289742559,"36,175",100% bearish,of 1 rating,$33.50
CAVM,$68.06,1441289742637,"52,186",67% bearish,of 3 ratings,$72
CBFV,$21,1441289742667,200,Not yet rated,NULL,$25
CNLM,NULL,1441289742810,0,Not yet rated,NULL,N/A
CNLMU,NULL,1441289742954,0,100% bullish,of 1 rating,N/A
CNLMR,NULL,1441289742981,0,Not yet rated,NULL,N/A
CNLMW,NULL,1441289743024,0,Not yet rated,NULL,N/A
CDK,$49.52,1441289743111,"35,829",67% bearish,of 3 ratings,$50
CBOE,$63.82,1441289743169,"60,139",Not yet rated,NULL,$63
CDW,$39.22,1441289743278,"37,212",75% bullish,of 4 ratings,$44
CECE,$9.64,1441289743302,"21,860",50% bullish,of 2 ratings,$16
CPXX,$2.23,1441289743459,842,100% bullish,of 2 ratings,$7
CELG,$119.45,1441289743485,"381,245",100% bullish,of 13 ratings,$156
CELGZ,$1.85,1441289743614,400,80% bullish,of 5 ratings,N/A
CLDN,$1.1921,1441289743643,"18,260",71% bullish,of 7 ratings,$3
CLRB,$3.09,1441289743671,1,100% bearish,of 1 rating,N/A
CLRBW,NULL,1441289743746,0,Not yet rated,NULL,N/A
CLDX,$14.7537,1441289743797,"108,478",89% bullish,of 9 ratings,$36
CLLS,$31.88,1441289743928,"9,410",75% bullish,of 4 ratings,$51.50
CLSN,$2.05,1441289743989,"3,676",80% bullish,of 10 ratings,$7.50
CLTX,$2.1,1441289744016,"19,195",100% bullish,of 2 ratings,N/A
CBMG,$23.9,1441289744078,"6,165",50% bullish,of 2 ratings,N/A
CYAD,NULL,1441289744205,0,100% bullish,of 1 rating,$87.50
CETX,$2.4,1441289744501,100,Not yet rated,NULL,$5.60
CETV,$2.09,1441289744538,938,67% bullish,of 3 ratings,$2.80
CENTA,$14.45,1441289744600,"57,215",Not yet rated,NULL,N/A
CFBK,$1.34,1441289744633,100,Not yet rated,NULL,N/A
CENT,$14.175,1441289744659,"124,728",Not yet rated,NULL,$10
CEMP,$35.35,1441289744685,"75,764",71% bullish,of 7 ratings,$52
CVCY,$11.74,1441289744736,"3,248",Not yet rated,NULL,$12
CSFL,$13.85,1441289744763,"8,498",Not yet rated,NULL,$15
CENX,$5.37,1441289744932,"196,011",67% bullish,of 6 ratings,$9
CNBKA,$41.07,1441289745033,17,50% bullish,of 2 ratings,N/A
CNTY,$5.95,1441289745067,"1,301",80% bullish,of 5 ratings,$7.75
CRNT,$1.43,1441289745092,"7,038",50% bullish,of 2 ratings,$2
CPHD,$48.216,1441289745117,"23,900",67% bearish,of 3 ratings,$66
CERE,$1.23,1441289745144,"945,354",88% bullish,of 8 ratings,N/A
CERN,$61.28,1441289745288,"78,582",67% bullish,of 3 ratings,$79
CERU,$4.15,1441289745452,"6,136",75% bullish,of 4 ratings,$14
CYOU,$19.12,1441289745481,"2,816",50% bullish,of 6 ratings,$24
HOTRW,NULL,1441289745509,0,Not yet rated,NULL,N/A
CERS,$5.06,1441289745540,"80,960",75% bullish,of 4 ratings,$7
CEVA,$19.31,1441289745616,"7,348",100% bearish,of 1 rating,$25
KOOL,$0.68,1441289745644,11,100% bullish,of 5 ratings,$7
HOTR,$1.43,1441289745799,"32,570",100% bullish,of 2 ratings,$5
GTLS,$23.46,1441289745847,"20,431",50% bullish,of 4 ratings,$40
CTHR,$1.26,1441289745880,233,50% bullish,of 2 ratings,$2.50
CHTR,$182.84,1441289745979,"99,235",100% bearish,of 2 ratings,$202
CHKP,$78.37,1441289746004,"61,797",50% bullish,of 4 ratings,$92
CHFN,$12.22,1441289746032,184,Not yet rated,NULL,$14
CHEK,$2.34,1441289746165,840,Not yet rated,NULL,$7.75
CHEKW,NULL,1441289746301,0,Not yet rated,NULL,N/A
CHFC,$30.98,1441289746355,"5,419",100% bearish,of 1 rating,$36
CCXI,$6.585,1441289746431,825,67% bullish,of 3 ratings,$14
CEMI,$4.11,1441289746497,653,50% bullish,of 2 ratings,$7.50
CHMG,$26.26,1441289746526,1,Not yet rated,NULL,$30
CHKE,$25.4,1441289746632,"2,590",100% bearish,of 1 rating,$32.50
CBNK,$16.6,1441289746820,101,100% bearish,of 1 rating,N/A
CHMA,$28.115,1441289746846,"9,546",Not yet rated,NULL,$40
CHEV,$14.5,1441289746902,101,Not yet rated,NULL,N/A
CMRX,$52.5949,1441289746993,"91,011",50% bullish,of 2 ratings,$57
CADC,NULL,1441289747028,0,78% bullish,of 9 ratings,N/A
PLCE,$59.62,1441289747129,"4,532",100% bearish,of 1 rating,$69
CALI,$0.8111,1441289747288,200,67% bullish,of 3 ratings,N/A
CAAS,$6.15,1441289747433,"3,271",93% bullish,of 14 ratings,$11.50
JRJC,$3.46,1441289747505,"25,886",82% bullish,of 11 ratings,N/A
CBAK,$1.9,1441289747531,"12,031",67% bullish,of 9 ratings,N/A
CBPO,$95.75,1441289747579,"8,315",75% bullish,of 8 ratings,$140.50
CCCR,$0.7,1441289747604,100,67% bearish,of 3 ratings,N/A
CHOP,NULL,1441289747733,0,50% bullish,of 2 ratings,N/A
CCCL,NULL,1441289747762,0,100% bullish,of 6 ratings,N/A
HGSH,$1.8026,1441289747872,300,67% bullish,of 3 ratings,N/A
CJJD,NULL,1441289747972,0,100% bullish,of 1 rating,N/A
CHLN,$1.8739,1441289747998,300,67% bullish,of 3 ratings,N/A
CNIT,$1.18,1441289748026,"9,060",67% bullish,of 6 ratings,N/A
HTHT,$25.82,1441289748162,514,50% bullish,of 2 ratings,$28.40
CPGI,NULL,1441289748409,0,Not yet rated,NULL,N/A
CHNR,$1.5,1441289748511,200,100% bearish,of 1 rating,N/A
CNTF,$0.8375,1441289748548,500,Not yet rated,NULL,N/A
CREG,$0.665,1441289748643,200,100% bullish,of 3 ratings,N/A
CXDC,$5.96,1441289748706,"7,465",67% bearish,of 3 ratings,N/A
IMOS,$19.08,1441289748872,"28,076",60% bullish,of 5 ratings,$21.50
CHSCM,$26.16,1441289749028,"3,346",Not yet rated,NULL,N/A
CHSCN,$26.95,1441289749085,2,Not yet rated,NULL,N/A
CHSCO,NULL,1441289749350,0,Not yet rated,NULL,N/A
CHSCP,$30.4516,1441289749446,165,Not yet rated,NULL,N/A
CHDN,$133,1441289749518,"8,806",Not yet rated,NULL,$165
CHUY,$30.9041,1441289749544,"43,085",50% bullish,of 2 ratings,$34
CSUN,$1.4,1441289749822,403,80% bullish,of 5 ratings,N/A
CDTX,$14.21,1441289749925,802,Not yet rated,NULL,$22
CIFC,$7.05,1441289750070,30,100% bearish,of 1 rating,N/A
CCIH,$7.19,1441289750097,"13,583",67% bullish,of 6 ratings,$12.65
CNYD,$3.05,1441289750125,"3,041",67% bullish,of 3 ratings,N/A
CMCT,NULL,1441289750233,0,100% bearish,of 1 rating,N/A
CNET,$0.82,1441289750263,"4,827",50% bullish,of 2 ratings,N/A
CMPR,$70.505,1441289750332,"11,207",50% bullish,of 2 ratings,$72.50
CHSCL,$27.14,1441289750424,600,Not yet rated,NULL,N/A
CINF,$52.68,1441289750528,"43,364",50% bullish,of 4 ratings,$50.50
CTAS,$85.18,1441289750565,"30,318",100% bearish,of 1 rating,$91
CIDM,$0.5696,1441289750599,"2,200",50% bullish,of 2 ratings,$2.10
CPHR,NULL,1441289750659,0,100% bearish,of 1 rating,$17
CRUS,$30.03,1441289750734,"67,031",75% bullish,of 12 ratings,$44.50
CSCO,$25.975,1441289751044,"3,095,444",83% bullish,of 210 ratings,$32
CTRN,$26.9299,1441289751069,"12,452",100% bearish,of 1 rating,$31.50
CZNC,$19.56,1441289751094,140,Not yet rated,NULL,N/A
CIVB,$10,1441289751269,"1,037",Not yet rated,NULL,$11
CZFC,NULL,1441289751308,0,Not yet rated,NULL,N/A
CZWI,$8.91,1441289751402,101,Not yet rated,NULL,N/A
CHCO,$47.49,1441289751458,"1,557",Not yet rated,NULL,$46
CIZN,NULL,1441289751558,0,Not yet rated,NULL,N/A
CTXS,$68.165,1441289751588,"116,747",86% bullish,of 7 ratings,$80
CDTI,$1.5899,1441289751692,"17,800",75% bullish,of 4 ratings,$3.20
CIVBP,NULL,1441289752039,0,Not yet rated,NULL,N/A
CLNE,$5.17,1441289752412,"160,967",80% bullish,of 15 ratings,$9
CLNT,$1.4901,1441289752476,350,75% bullish,of 8 ratings,N/A
CLIR,$5.0501,1441289752625,"9,950",100% bullish,of 3 ratings,N/A
CLFD,$17.43,1441289752823,"9,232",67% bullish,of 3 ratings,$18
CMFN,$11.34,1441289753015,601,100% bearish,of 1 rating,$15.50
CNV,$4.37,1441289753042,400,50% bullish,of 2 ratings,$7.15
CLRO,$11.2675,1441289753069,208,50% bullish,of 2 ratings,$14.25
CBLI,$4.1748,1441289753090,"19,169",60% bullish,of 5 ratings,N/A
CSBK,$13.83,1441289753111,"1,436",Not yet rated,NULL,N/A
CLVS,$84.176,1441289753142,"30,791",60% bullish,of 5 ratings,$101.50
CWAY,NULL,1441289753323,0,Not yet rated,NULL,N/A
COBZ,$12.88,1441289753399,"10,135",100% bullish,of 1 rating,$14
COKE,$159.27,1441289753455,"1,652",79% bullish,of 19 ratings,N/A
CME,$93.73,1441289753482,"90,140",67% bullish,of 3 ratings,$102
CISG,$7.78,1441289753503,"2,600",100% bullish,of 5 ratings,$10
CCNE,$17.06,1441289753541,245,50% bullish,of 2 ratings,$21.50
CDRB,$8.75,1441289753638,"7,489",67% bullish,of 3 ratings,N/A
CVLY,NULL,1441289753818,0,Not yet rated,NULL,N/A
JVA,$4.6501,1441289753956,459,83% bullish,of 6 ratings,$7
CDXS,$3.59,1441289753995,"1,600",64% bullish,of 11 ratings,$6
CCOI,$27.49,1441289754020,"33,398",50% bullish,of 4 ratings,$35
CGNX,$35.25,1441289754056,"49,347",50% bullish,of 2 ratings,$47
CTSH,$62.86,1441289754162,"148,974",90% bullish,of 10 ratings,$75
CGNT,$1.5799,1441289754235,116,100% bullish,of 2 ratings,$2
CHRS,$27.55,1441289754306,"11,846",67% bearish,of 3 ratings,$37
COHR,$56.54,1441289754335,"3,184",50% bullish,of 2 ratings,$72
COHU,$9.63,1441289754367,"3,328",100% bearish,of 1 rating,$14.25
CLRX,$0.6791,1441289754468,"9,775",50% bullish,of 2 ratings,N/A
CLCT,$17.725,1441289754503,"1,474",100% bearish,of 1 rating,N/A
CIGI,$45.185,1441289754541,"10,200",100% bearish,of 1 rating,$52
COLL,$14.74,1441289754596,"5,514",100% bearish,of 1 rating,$26
CBAN,NULL,1441289754811,0,Not yet rated,NULL,N/A
CLCD,$6.17,1441289754856,"20,659",100% bearish,of 1 rating,$20.50
CMCSA,$56.56,1441289754946,"1,166,756",66% bullish,of 35 ratings,$69.50
COLB,$29.6001,1441289754984,"4,714",Not yet rated,NULL,$36
CBMX,NULL,1441289755050,0,83% bullish,of 6 ratings,$3.15
CMCO,$18.97,1441289755077,"5,486",60% bullish,of 5 ratings,$28
COLM,$61.52,1441289755146,"7,097",100% bearish,of 1 rating,$71
CMCSK,$57.69,1441289755238,"380,102",Not yet rated,NULL,$84
CBSH,$43.915,1441289755326,"14,541",50% bullish,of 2 ratings,$46
CUBN,NULL,1441289755458,0,Not yet rated,NULL,N/A
CVGI,$4.93,1441289755486,"8,857",50% bullish,of 2 ratings,$6
COMM,$32.725,1441289755512,"53,654",67% bearish,of 3 ratings,$35
CBSHP,$25.4699,1441289755649,"1,598",100% bearish,of 1 rating,N/A
CSAL,$20.585,1441289755675,"105,203",75% bullish,of 4 ratings,$30
JCS,$9.2699,1441289755807,200,67% bullish,of 3 ratings,N/A
CWBC,$6.87,1441289755855,1,Not yet rated,NULL,N/A
CYHHZ,$0.01,1441289755949,"3,060",100% bullish,of 1 rating,N/A
ESXB,$5.1099,1441289755983,900,Not yet rated,NULL,N/A
COB,$10.46,1441289756011,"2,640",100% bullish,of 1 rating,$11.75
CVLT,$35.34,1441289756171,"13,864",75% bullish,of 4 ratings,$44.50
CTBI,$34.67,1441289756197,874,Not yet rated,NULL,$36
CIL,NULL,1441289756324,0,Not yet rated,NULL,N/A
CIZ,NULL,1441289756379,0,100% bearish,of 1 rating,N/A
CSA,NULL,1441289756505,0,Not yet rated,NULL,N/A
CID,NULL,1441289756529,0,Not yet rated,NULL,N/A
CSF,NULL,1441289756714,0,100% bearish,of 1 rating,N/A
CFO,$35.26,1441289756739,"4,830",100% bearish,of 1 rating,N/A
CFA,NULL,1441289756768,0,100% bearish,of 1 rating,N/A
CDC,$34.35,1441289756804,"3,100",Not yet rated,NULL,N/A
CDL,NULL,1441289756946,0,Not yet rated,NULL,N/A
CSB,NULL,1441289757004,0,Not yet rated,NULL,N/A
CPSI,$45.79,1441289757187,"2,628",100% bearish,of 1 rating,$45.50
CGEN,$5.09,1441289757215,"29,684",50% bullish,of 2 ratings,$11
CTG,$6.59,1441289757241,643,100% bearish,of 1 rating,$8.50
CHCI,NULL,1441289757377,0,50% bullish,of 2 ratings,N/A
CNAT,$3.985,1441289757583,"4,654",83% bullish,of 6 ratings,$13
CNSI,$18.32,1441289757612,"11,928",100% bearish,of 2 ratings,$29
CMTL,$26.005,1441289757641,709,100% bearish,of 2 ratings,$37
CXRX,$81.91,1441289757678,"1,220",100% bearish,of 1 rating,$90
SCOR,$46.155,1441289757705,"215,802",100% bearish,of 1 rating,$66
CNCE,$16.19,1441289757740,"6,458",75% bullish,of 4 ratings,$22
CCUR,$5.25,1441289757881,"1,517",75% bullish,of 4 ratings,N/A
CDOR,$1.26,1441289757909,100,100% bullish,of 1 rating,N/A
CDORP,NULL,1441289758045,0,100% bearish,of 1 rating,N/A
CFMS,$14.8064,1441289758148,"137,845",100% bearish,of 1 rating,$26.50
CNFR,NULL,1441289758173,0,Not yet rated,NULL,N/A
CDORO,$16.9501,1441289758198,100,100% bearish,of 1 rating,N/A
CNMD,$51.16,1441289758337,"7,446",Not yet rated,NULL,$59
CTWS,$35,1441289758371,"1,411",100% bearish,of 1 rating,$44
CNOB,$19.16,1441289758433,750,100% bullish,of 1 rating,$23.50
CNXR,$7.04,1441289758464,"3,084",100% bearish,of 1 rating,$12
CNSL,$19.62,1441289758564,"10,371",100% bearish,of 1 rating,$23
CWCO,$10.44,1441289758656,"2,360",67% bullish,of 3 ratings,$14.50
CONN,$28.425,1441289758682,"34,403",67% bullish,of 3 ratings,$48.50
CTCT,$24.52,1441289758812,"18,422",67% bullish,of 3 ratings,$37
CFRX,$4.82,1441289758840,302,Not yet rated,NULL,$14
CPSS,$5.65,1441289758940,611,100% bullish,of 1 rating,$10
CFRXZ,NULL,1441289759035,0,Not yet rated,NULL,N/A
CFRXW,NULL,1441289759060,0,100% bearish,of 1 rating,N/A
CTRL,$8.46,1441289759204,"18,115",50% bullish,of 2 ratings,$11
CPRT,$35.1975,1441289759233,"14,251",67% bearish,of 3 ratings,$40
CORT,$4.92,1441289759337,"23,337",67% bullish,of 3 ratings,$12
CTRV,$3.74,1441289759365,539,Not yet rated,NULL,$6.40
CRBP,$1.879,1441289759406,"7,103",100% bullish,of 2 ratings,$6.25
BVA,$3.83,1441289759493,1,50% bullish,of 2 ratings,N/A
CORE,$60.28,1441289759535,"8,844",100% bearish,of 1 rating,$72
CORI,$10.74,1441289759578,"5,001",100% bearish,of 1 rating,$18
CSOD,$36.455,1441289759732,"49,606",50% bullish,of 2 ratings,$42
CSGP,$175.83,1441289759947,"5,155",50% bullish,of 2 ratings,$235
COSI,$1.11,1441289760074,"2,409",100% bullish,of 1 rating,N/A
CRVL,$30.91,1441289760107,"1,355",100% bearish,of 1 rating,N/A
COST,$141.2,1441289760174,"144,342",79% bullish,of 24 ratings,$154.50
ICBK,$18.8,1441289760202,1,Not yet rated,NULL,$21
CPAH,$0.43,1441289760232,600,50% bullish,of 2 ratings,N/A
COWN,$5.09,1441289760254,"148,772",75% bullish,of 4 ratings,$7
COVS,$2.51,1441289760332,"4,281",67% bullish,of 3 ratings,N/A
CVTI,$22.62,1441289760472,"2,978",67% bearish,of 3 ratings,$39
CPSH,NULL,1441289760571,0,Not yet rated,NULL,N/A
COWNL,NULL,1441289760600,0,Not yet rated,NULL,N/A
BREW,$7.75,1441289760625,215,67% bullish,of 6 ratings,$15
CBRL,$144.82,1441289760662,"24,944",50% bullish,of 2 ratings,$155
CRAY,$21.21,1441289760797,"10,518",83% bullish,of 6 ratings,$38.50
CRAI,$23.45,1441289760828,"1,685",100% bearish,of 1 rating,$36
SLVO,$10.151,1441289761120,150,100% bearish,of 1 rating,N/A
GLDI,$11.06,1441289761197,100,100% bearish,of 1 rating,N/A
CREE,$26.9172,1441289761223,"70,471",65% bullish,of 17 ratings,$29.50
CRESY,$10.11,1441289761275,"2,090",100% bearish,of 1 rating,$19
CACC,$204.04,1441289761300,"7,813",50% bullish,of 2 ratings,$158.50
CRTO,$38.1625,1441289761364,"57,155",67% bullish,of 6 ratings,$64
CROX,$14.31,1441289761458,"47,015",63% bullish,of 8 ratings,$16.50
CCRN,$14.195,1441289761560,"13,478",100% bearish,of 1 rating,$14.25
CRWS,$8.01,1441289761638,"3,180",Not yet rated,NULL,$10
CRWN,$4.99,1441289761687,"3,831",75% bullish,of 4 ratings,N/A
CRDS,$1.05,1441289761713,"43,987",50% bullish,of 4 ratings,$3.50
CYRXW,$0.7999,1441289761843,"7,000",Not yet rated,NULL,N/A
CYRX,$2.9997,1441289761868,"1,800",Not yet rated,NULL,$9
CSPI,$5.75,1441289762181,1,67% bullish,of 3 ratings,N/A
CCLP,$14.17,1441289762215,"4,000",67% bearish,of 3 ratings,$20
CTIC,$1.58,1441289762243,"54,146",84% bullish,of 76 ratings,$5.75
CTRP,$67.48,1441289762320,"158,911",75% bullish,of 8 ratings,$92.50
CTIB,$3.61,1441289762371,200,100% bearish,of 1 rating,N/A
CUNB,$21.74,1441289762578,"5,410",Not yet rated,NULL,$24.50
CSGS,$30.59,1441289762608,"9,256",Not yet rated,NULL,$40
CUI,$5.52,1441289762637,320,50% bullish,of 2 ratings,$10
CTCM,$1.69,1441289762709,"5,000",80% bearish,of 5 ratings,$3.90
CPIX,$6.17,1441289762734,876,Not yet rated,NULL,N/A
CRIS,$2.67,1441289762802,"13,720",100% bullish,of 8 ratings,$6
CMLS,$1.31,1441289762906,"16,697",50% bullish,of 4 ratings,$6
CVBF,$15.98,1441289762986,"12,076",Not yet rated,NULL,$18
CUTR,$15,1441289763049,"34,624",67% bearish,of 3 ratings,$18
CVV,$11.4145,1441289763075,501,100% bullish,of 5 ratings,N/A
CYBX,$64.58,1441289763259,"7,996",50% bullish,of 4 ratings,$71.50
CYAN,$6.52,1441289763284,803,100% bearish,of 1 rating,N/A
CYBR,$50.0735,1441289763340,"125,420",75% bullish,of 8 ratings,$68.50
CYBE,$7.99,1441289763439,111,100% bearish,of 1 rating,N/A
CYCC,$0.5401,1441289763483,"6,107",73% bullish,of 11 ratings,N/A
CYNA,$16.03,1441289763646,"3,700",50% bullish,of 2 ratings,$31.50
CYCCP,NULL,1441289763674,0,100% bearish,of 1 rating,N/A
CBAY,$2.63,1441289763699,"2,184",100% bullish,of 1 rating,$4
CYNO,$32.485,1441289763752,"29,127",67% bearish,of 3 ratings,$45.50
CYRN,$1.8,1441289763834,205,67% bullish,of 3 ratings,$4
CY,$10.235,1441289763883,"542,163",80% bullish,of 10 ratings,$15.50
CYTK,$7.13,1441289764089,"21,878",71% bullish,of 14 ratings,$13.50
CONE,$31.72,1441289764119,"29,244",67% bearish,of 3 ratings,$35.50
CTSO,$7.32,1441289764171,"10,182",Not yet rated,NULL,$15.625
CYTX,$0.3653,1441289764196,"353,712",83% bullish,of 12 ratings,$5.50
CYTR,$2.38,1441289764225,"26,497",67% bullish,of 6 ratings,$10
DAEG,$0.35,1441289764327,900,100% bearish,of 1 rating,N/A
TVIZ,$21.72,1441289764352,"4,212",100% bearish,of 1 rating,N/A
DJCO,$194.32,1441289764687,5,Not yet rated,NULL,N/A
DAKT,$8.5758,1441289764712,"9,152",50% bullish,of 2 ratings,$12
DARA,$0.85,1441289764840,"2,388",83% bullish,of 6 ratings,$1.50
TVIX,$13.76,1441289764865,"2,294,020",81% bullish,of 16 ratings,N/A
XIV,$25.4801,1441289764929,"4,680,023",75% bearish,of 4 ratings,N/A
ZIV,$36.88,1441289765023,"8,878",Not yet rated,NULL,N/A
DAIO,$2.6,1441289765059,"1,104",Not yet rated,NULL,N/A
DRAM,$1.32,1441289765251,7,78% bullish,of 9 ratings,N/A
DWCH,$5.02,1441289765305,942,75% bullish,of 4 ratings,$8.25
DTLK,$5.44,1441289765407,"4,198",100% bearish,of 1 rating,$9
PLAY,$35.51,1441289765468,"11,367",100% bullish,of 5 ratings,$42
DTEA,$13.02,1441289765539,"2,700",100% bearish,of 2 ratings,$24
TRAK,$62.82,1441289765668,"17,451",50% bullish,of 2 ratings,$62.50
DBVT,$37.09,1441289765702,"16,834",100% bearish,of 1 rating,$53
DHRM,NULL,1441289765766,0,Not yet rated,NULL,N/A
DWSN,$4.51,1441289765804,"12,229",67% bullish,of 3 ratings,N/A
DFRG,$14.55,1441289765991,"5,297",100% bearish,of 1 rating,$20
DCTH,$0.423,1441289766016,"30,559",78% bullish,of 9 ratings,N/A
TACO,$12.96,1441289766052,"4,743",75% bullish,of 4 ratings,$20
DGAS,$20.32,1441289766200,800,67% bearish,of 3 ratings,N/A
TACOW,$4.36,1441289766257,408,100% bullish,of 1 rating,N/A
DELT,NULL,1441289766287,0,Not yet rated,NULL,N/A
DELTW,NULL,1441289766308,0,Not yet rated,NULL,N/A
DENN,$11.3,1441289766338,"26,084",100% bullish,of 3 ratings,$15
XRAY,$51.64,1441289766477,"44,129",100% bullish,of 1 rating,$58
DEPO,$26.83,1441289766502,"169,298",60% bullish,of 5 ratings,$29
DSCI,$6.26,1441289766668,"12,750",50% bullish,of 2 ratings,$16
DERM,$26.44,1441289766806,"3,785",100% bearish,of 1 rating,$33.50
DEST,$10.8,1441289766834,504,50% bullish,of 2 ratings,N/A
DXLG,$6.535,1441289766861,"23,089",100% bearish,of 1 rating,$8
DSWL,$1.5999,1441289766893,500,100% bullish,of 1 rating,N/A
DXM,$0.2747,1441289766993,"21,230",50% bullish,of 2 ratings,N/A
DHXM,$6.24,1441289767019,"4,279",Not yet rated,NULL,N/A
DMND,$30.57,1441289767046,"4,988",75% bullish,of 12 ratings,$32
DXCM,$89.16,1441289767204,"38,225",57% bullish,of 7 ratings,$98
DRNA,$11.32,1441289767308,"23,592",67% bearish,of 3 ratings,$25
DCIX,$1.61,1441289767366,"11,547",50% bullish,of 4 ratings,$3.50
DHIL,$189.34,1441289767395,508,Not yet rated,NULL,N/A
FANG,$68.365,1441289767439,"74,950",50% bullish,of 2 ratings,$86
DGII,$10.35,1441289767496,"17,997",100% bearish,of 1 rating,$11
DRAD,$3.81,1441289767964,200,100% bullish,of 1 rating,$5.25
DCOM,$16.665,1441289768128,"4,541",100% bearish,of 2 ratings,$16
DGLY,$7.204,1441289768154,"13,028",50% bullish,of 6 ratings,$20
DIOD,$20.83,1441289768185,"81,020",75% bearish,of 4 ratings,$24
DMRC,$38.96,1441289768226,"6,705",100% bearish,of 1 rating,$44
APPS,$2.18,1441289768286,"40,412",100% bearish,of 1 rating,$10.25
DPRX,$13.9,1441289768370,"3,502",100% bullish,of 2 ratings,$27.75
DISCK,$25.95,1441289768652,"61,573",100% bearish,of 1 rating,$32
DISCB,$26.68,1441289768722,200,100% bearish,of 1 rating,$35
DISH,$59.63,1441289768753,"76,013",69% bullish,of 13 ratings,$73
DVCR,$10.9,1441289768780,101,100% bullish,of 1 rating,N/A
DSCO,$0.4399,1441289768807,"25,356",83% bullish,of 6 ratings,$2.75
DISCA,$27.2375,1441289768828,"231,971",67% bullish,of 3 ratings,$34
DLHC,$2.7065,1441289769000,602,100% bearish,of 1 rating,N/A
BAGR,$2.755,1441289769063,125,100% bearish,of 1 rating,$6
DNBF,NULL,1441289769163,0,Not yet rated,NULL,$27.50
DGICA,$14.1,1441289769332,951,100% bearish,of 1 rating,$17
DGICB,NULL,1441289769384,0,100% bearish,of 1 rating,N/A
DLTR,$66.84,1441289769411,"403,526",82% bullish,of 11 ratings,$85
DMLP,$14.81,1441289769546,"4,265",100% bearish,of 1 rating,N/A
DORM,$50.5,1441289769573,"5,414",100% bearish,of 1 rating,$56
HILL,$9.69,1441289769601,"91,732",60% bearish,of 5 ratings,$9.75
DRWIW,$0.055,1441289769625,"20,300",Not yet rated,NULL,N/A
DWA,$20.37,1441289769779,"31,769",63% bullish,of 8 ratings,$26
DRWI,$0.2301,1441289769809,"245,424",60% bullish,of 5 ratings,$.45
DRYS,$0.45,1441289769834,"239,807",77% bullish,of 31 ratings,$.60
CADT,NULL,1441289770027,0,Not yet rated,NULL,N/A
DSPG,$8.8,1441289770163,"1,756",100% bearish,of 1 rating,$13.50
DSKX,$3.44,1441289770220,"15,539",100% bullish,of 1 rating,N/A
DTSI,$28.3,1441289770245,"27,483",100% bearish,of 2 ratings,$39.50
CADTR,NULL,1441289770269,0,Not yet rated,NULL,N/A
CADTU,NULL,1441289770317,0,Not yet rated,NULL,N/A
DRRX,$2.13,1441289770403,"8,372",50% bullish,of 6 ratings,$3
CADTW,NULL,1441289770504,0,Not yet rated,NULL,N/A
DNKN,$49.07,1441289770533,"65,404",67% bullish,of 15 ratings,$56.50
DXPE,$29.96,1441289770630,"7,491",50% bullish,of 2 ratings,N/A
BOOM,$10.7,1441289770805,"2,272",67% bullish,of 3 ratings,$12
DYSL,$1.483,1441289770830,569,100% bullish,of 2 ratings,N/A
DYAX,$22.91,1441289770885,"37,440",89% bullish,of 9 ratings,$30
DYNT,$3,1441289771084,950,75% bullish,of 4 ratings,N/A
DVAX,$28.94,1441289771181,"39,364",70% bullish,of 10 ratings,$40
EGBN,$41.18,1441289771224,"3,069",Not yet rated,NULL,$48
EBMT,$11.53,1441289771288,667,Not yet rated,NULL,$13.50
EGRX,$82.31,1441289771323,"21,488",67% bullish,of 3 ratings,$97
ETFC,$25.735,1441289771419,"267,919",57% bullish,of 14 ratings,$32.50
EROC,$1.4999,1441289771444,"19,553",50% bullish,of 2 ratings,$3
ELNK,$8.395,1441289771471,"34,769",60% bullish,of 5 ratings,$9.50
EGLE,$7.05,1441289771492,411,60% bullish,of 5 ratings,N/A
EWBC,$39.5,1441289771618,"91,341",100% bearish,of 1 rating,$50
EML,$16.27,1441289771643,1,Not yet rated,NULL,N/A
EACQU,NULL,1441289771778,0,Not yet rated,NULL,N/A
EVBS,NULL,1441289771929,0,Not yet rated,NULL,$7
EBAY,$27.39,1441289772020,"1,597,140",81% bullish,of 117 ratings,$34
ELON,$0.585,1441289772200,"2,901",50% bullish,of 2 ratings,N/A
EBIX,$28.6949,1441289772331,"14,671",69% bullish,of 13 ratings,$40
EEI,$11.82,1441289772359,1,67% bearish,of 3 ratings,N/A
ECHO,$22.52,1441289772386,"28,847",67% bearish,of 3 ratings,$34.50
SATS,$44.41,1441289772415,"2,266",50% bullish,of 2 ratings,$60
EDAP,$3.62,1441289772491,"2,671",60% bullish,of 5 ratings,$4.50
ECTE,$1.58,1441289772520,"6,086",75% bullish,of 4 ratings,N/A
ESES,$3.75,1441289772623,6,100% bearish,of 1 rating,$7
ECACU,NULL,1441289772652,0,Not yet rated,NULL,N/A
EFUT,NULL,1441289772753,0,Not yet rated,NULL,N/A
EGAN,$3.63,1441289772847,"3,304",50% bullish,of 2 ratings,$6.25
EDUC,$6.25,1441289772898,"2,414",100% bearish,of 1 rating,N/A
EDGW,$7.18,1441289772979,84,100% bearish,of 1 rating,N/A
LOCO,$12.7395,1441289773273,"46,662",69% bullish,of 13 ratings,$19.50
EGLT,$13.03,1441289773294,"6,948",50% bullish,of 2 ratings,$21
ESLT,$77.48,1441289773329,"1,215",67% bullish,of 3 ratings,N/A
EHTH,$14.89,1441289773376,"8,040",50% bullish,of 4 ratings,$17
ELRC,$10.58,1441289773439,902,100% bearish,of 1 rating,N/A
ERI,$9.4,1441289773467,"3,043",100% bearish,of 1 rating,$10
EMITF,$1.2,1441289773539,798,75% bullish,of 4 ratings,N/A
ESIO,$4.65,1441289773597,"13,894",50% bullish,of 2 ratings,$10
EFII,$43.69,1441289773697,"13,370",80% bullish,of 5 ratings,$55
EA,$65.815,1441289773726,"281,341",78% bullish,of 36 ratings,$80
ELEC,NULL,1441289773896,0,Not yet rated,NULL,N/A
ELSE,NULL,1441289773975,0,60% bullish,of 5 ratings,N/A
ELECU,NULL,1441289774001,0,Not yet rated,NULL,N/A
ELECW,NULL,1441289774131,0,Not yet rated,NULL,N/A
RDEN,$11.82,1441289774159,"17,794",100% bearish,of 4 ratings,$15
EBIO,$3.414,1441289774310,"18,305",100% bearish,of 2 ratings,$8.35
ELTK,$1.32,1441289774354,"15,615",67% bearish,of 3 ratings,N/A
ESBK,NULL,1441289774380,0,Not yet rated,NULL,N/A
CAPX,$22.85,1441289774400,1,Not yet rated,NULL,N/A
LONG,$16.7,1441289774442,"1,400",67% bullish,of 3 ratings,$15.75
EMCI,$22.49,1441289774582,340,Not yet rated,NULL,N/A
EMCF,$23.51,1441289774840,100,100% bearish,of 1 rating,N/A
EMKR,$6.82,1441289774900,"13,065",75% bullish,of 4 ratings,$8.50
NYNY,$4.275,1441289774928,928,50% bullish,of 2 ratings,N/A
EMMSP,NULL,1441289774970,0,100% bearish,of 1 rating,N/A
EMMS,$1.1701,1441289774996,347,67% bullish,of 6 ratings,N/A
ERS,NULL,1441289775130,0,Not yet rated,NULL,N/A
ENTA,$38.97,1441289775199,"6,720",50% bullish,of 2 ratings,$42
ECPG,$38.6,1441289775233,"8,547",100% bullish,of 2 ratings,$52
EIGI,$15.22,1441289775488,"12,404",67% bearish,of 3 ratings,$22.50
WIRE,$31.93,1441289775514,"2,258",100% bearish,of 1 rating,$37
ENDP,$76.07,1441289775644,"105,254",50% bullish,of 6 ratings,$101.50
WATT,$7,1441289775670,272,50% bullish,of 2 ratings,$13
ELGX,$12.44,1441289775802,"177,603",75% bullish,of 4 ratings,$17
ECYT,$5.225,1441289775876,"40,748",83% bullish,of 6 ratings,$12
ERII,$2.62,1441289776013,"8,818",80% bullish,of 5 ratings,$2.50
EXXI,$1.8031,1441289776267,"303,524",86% bullish,of 7 ratings,$3.50
ENOC,$9.06,1441289776293,"9,550",75% bullish,of 4 ratings,$18
EFOI,$26.4,1441289776323,"191,568",50% bullish,of 2 ratings,$24.50
ENPH,$4.575,1441289776423,"212,502",75% bullish,of 4 ratings,$11
ENG,$1,1441289776449,"5,250",100% bullish,of 3 ratings,N/A
ENFC,$17.51,1441289776507,1,Not yet rated,NULL,N/A
ESGR,$149.07,1441289776579,526,100% bearish,of 1 rating,$185
ENTL,$21.95,1441289776608,527,Not yet rated,NULL,$28
EBTC,$21.14,1441289776817,354,Not yet rated,NULL,N/A
ETRM,$0.2862,1441289776844,"277,184",69% bearish,of 35 ratings,$1.625
EGT,$1.96,1441289777000,100,100% bullish,of 1 rating,N/A
ENTG,$13.67,1441289777026,"16,641",100% bearish,of 1 rating,$18
EFSC,$24.0958,1441289777047,"1,370",Not yet rated,NULL,$27
ENZN,$1.02,1441289777240,"15,037",100% bullish,of 9 ratings,N/A
ENZY,$10.48,1441289777309,"9,656",67% bullish,of 3 ratings,$9.50
ENVI,$1.89,1441289777338,"1,529",67% bullish,of 3 ratings,N/A
EPZM,$20.59,1441289777443,"21,374",60% bullish,of 5 ratings,$34
EPIQ,$12.72,1441289777506,"2,864",100% bearish,of 1 rating,$18
EPRS,$5.175,1441289777536,"1,442",82% bullish,of 11 ratings,$15
PLUS,$72.78,1441289777640,"1,702",50% bullish,of 2 ratings,$88
EQIX,$271.125,1441289777707,"77,776",75% bullish,of 4 ratings,$312.50
EQFN,$8.38,1441289777779,100,100% bearish,of 1 rating,N/A
EAC,$3.32,1441289777845,3,100% bearish,of 1 rating,$8
ERIC,$9.85,1441289777935,"197,376",67% bullish,of 9 ratings,$12.20
ESCA,$18.32,1441289777987,881,100% bearish,of 1 rating,$22
ERIE,$81.32,1441289778083,"4,408",Not yet rated,NULL,$73
ESPR,$47.81,1441289778223,"75,631",70% bearish,of 10 ratings,$115
ESCR,$0.1896,1441289778320,"17,100",50% bullish,of 2 ratings,N/A
ESMC,NULL,1441289778346,0,Not yet rated,NULL,N/A
ESCRP,$1.5,1441289778376,"2,736",100% bearish,of 1 rating,N/A
EPIX,NULL,1441289778413,0,Not yet rated,NULL,N/A
ESSA,$12.85,1441289778476,920,100% bearish,of 1 rating,N/A
ESND,$33.76,1441289778622,"7,085",100% bearish,of 2 ratings,$40
ESSX,$0.467,1441289778651,450,50% bullish,of 2 ratings,N/A
ETSY,$14.45,1441289778751,"62,580",80% bullish,of 5 ratings,$16
ESEA,$4.7,1441289778902,"1,188",100% bullish,of 1 rating,$15
EVEP,$8.69,1441289779037,"77,327",50% bullish,of 2 ratings,$15
CLWT,NULL,1441289779068,0,100% bearish,of 1 rating,N/A
EEFT,$64.95,1441289779093,"9,187",100% bearish,of 1 rating,$67.50
EVK,NULL,1441289779144,0,75% bearish,of 4 ratings,N/A
EVOK,$3.39,1441289779173,"9,776",100% bearish,of 1 rating,$13.375
EVOL,$5.88,1441289779554,578,75% bullish,of 4 ratings,$10
EXFO,$2.97,1441289779768,1,67% bearish,of 3 ratings,$3.95
EXAC,$19.17,1441289779795,"1,151",100% bearish,of 1 rating,$22.50
EXLS,$36.755,1441289779817,"7,410",50% bullish,of 2 ratings,$41
EXA,$10.44,1441289779851,"2,792",100% bearish,of 1 rating,$13
EXEL,$5.81,1441289779876,"707,386",81% bullish,of 16 ratings,$6
EVLV,$2.69,1441289779907,"13,394",60% bullish,of 5 ratings,$4.625
EXAS,$22.01,1441289779954,"58,142",78% bullish,of 9 ratings,$31
EXPE,$114.37,1441289779982,"44,499",64% bullish,of 11 ratings,$130
EXPD,$49.45,1441289780114,"238,554",80% bullish,of 5 ratings,$52
ESRX,$84.61,1441289780299,"249,649",67% bearish,of 6 ratings,$101
EXTR,$3.225,1441289780327,"183,984",80% bullish,of 5 ratings,$3
EXLP,$19.025,1441289780352,"9,515",100% bearish,of 1 rating,$25
EXPO,$42.48,1441289780377,"3,457",100% bearish,of 1 rating,$45.50
EYEG,$3.9,1441289780513,"3,497",Not yet rated,NULL,N/A
EYEGW,NULL,1441289780538,0,Not yet rated,NULL,N/A
FB,$89.2999,1441289780673,"3,258,432",73% bullish,of 1074 ratings,$111
EZPW,$6.16,1441289780776,"34,031",50% bullish,of 4 ratings,$7
FFIV,$121.97,1441289780804,"51,039",63% bullish,of 8 ratings,$132
EZCH,$22.69,1441289780858,"5,106",75% bullish,of 8 ratings,$19.50
FRP,$16.2,1441289780890,"2,508",100% bearish,of 1 rating,$18
FWM,$2.2,1441289780993,"11,392",100% bearish,of 2 ratings,$3.20
FCS,$13.71,1441289781022,"78,899",67% bearish,of 3 ratings,$17
FALC,$1.673,1441289781126,300,63% bearish,of 8 ratings,N/A
DAVE,$14.81,1441289781259,"2,709",100% bearish,of 1 rating,$15.50
FFKT,$25.95,1441289781391,"1,076",Not yet rated,NULL,$29
FMNB,$8.2,1441289781451,1,Not yet rated,NULL,N/A
FARM,$22.73,1441289781479,"8,929",100% bearish,of 1 rating,$35
FATE,$6.21,1441289781558,522,50% bullish,of 2 ratings,$11
FBRC,$22.45,1441289781696,"5,525",100% bearish,of 1 rating,$29
FARO,$37.93,1441289781728,"10,631",50% bullish,of 2 ratings,$48
FBSS,NULL,1441289781749,0,Not yet rated,NULL,N/A
FAST,$38.32,1441289781781,"266,345",80% bullish,of 5 ratings,$45.50
FDML,$8.815,1441289781874,"8,742",50% bullish,of 4 ratings,$14
FEIC,$75.65,1441289782038,"12,329",50% bullish,of 2 ratings,$95.50
FHCO,$1.4,1441289782067,"1,379",50% bullish,of 4 ratings,N/A
FNHC,$22.19,1441289782097,"1,265",100% bearish,of 1 rating,$35
FCSC,$5.56,1441289782196,"15,832",100% bearish,of 1 rating,$8.125
FENX,$9.77,1441289782363,"9,033",100% bullish,of 1 rating,$14.25
ONEQ,$188.08,1441289782391,"3,737",100% bullish,of 1 rating,N/A
LION,$19.469,1441289782428,"6,886",100% bullish,of 1 rating,$20
FGEN,$23.42,1441289782457,"26,202",100% bearish,of 1 rating,$39
FDUS,$14.86,1441289782520,700,50% bullish,of 2 ratings,$18
FSAM,$7.92,1441289782588,30,100% bearish,of 1 rating,$10.25
FSFR,$8.83,1441289782728,"9,043",100% bearish,of 1 rating,$11.50
FITB,$19.6,1441289782936,"343,433",54% bullish,of 13 ratings,$22
FSC,$6.58,1441289782966,"57,808",60% bullish,of 5 ratings,$8
FNGN,$30.91,1441289783068,"27,911",67% bullish,of 3 ratings,$47
FSCFL,$24.57,1441289783135,741,Not yet rated,NULL,N/A
FNSR,$15.2599,1441289783164,"62,050",71% bullish,of 7 ratings,$24
FISI,$24.76,1441289783245,650,100% bullish,of 2 ratings,$24.50
FRGI,$52.33,1441289783294,"4,033",50% bullish,of 2 ratings,$70
FITBI,$27.59,1441289783387,906,Not yet rated,NULL,N/A
FNJN,$1.74,1441289783441,"4,905",100% bearish,of 1 rating,$5
FNTC,NULL,1441289783523,0,Not yet rated,NULL,N/A
FEYE,$37.65,1441289783625,"552,597",88% bullish,of 16 ratings,$55.50
FBNC,$16.77,1441289783686,698,100% bullish,of 1 rating,$20
FNTCU,NULL,1441289783712,0,Not yet rated,NULL,N/A
FNTCW,$0.35,1441289783784,"4,200",Not yet rated,NULL,N/A
FRBA,$6.07,1441289784140,101,Not yet rated,NULL,$8
FBIZ,$22.5666,1441289784428,"2,455",100% bearish,of 2 ratings,$26
BUSE,$6.34,1441289784460,"1,469",Not yet rated,NULL,$6.875
FCVA,$4.7999,1441289784490,101,Not yet rated,NULL,N/A
FCCO,$12.3,1441289784559,1,Not yet rated,NULL,$13.25
FCLF,$9.2,1441289784584,318,Not yet rated,NULL,N/A
FNLC,$18.71,1441289784613,"2,487",100% bullish,of 1 rating,N/A
FCNCA,$233.84,1441289784714,954,Not yet rated,NULL,N/A
FCAP,$27.39,1441289784785,100,Not yet rated,NULL,N/A
FCFS,$39.575,1441289784858,"9,752",100% bearish,of 3 ratings,$47
FBNK,$16.91,1441289784948,181,100% bearish,of 1 rating,$17.50
FCBC,$17.5,1441289784981,84,Not yet rated,NULL,$18
FCFP,NULL,1441289785010,0,Not yet rated,NULL,N/A
FDEF,$36.9,1441289785031,346,Not yet rated,NULL,$38
FFNM,$6.34,1441289785176,101,Not yet rated,NULL,N/A
FFBC,$18.23,1441289785240,"5,493",67% bearish,of 3 ratings,$20.25
THFF,$32.6,1441289785480,"1,488",Not yet rated,NULL,$35
FFBCW,NULL,1441289785542,0,100% bearish,of 1 rating,N/A
FFIN,$30,1441289785598,"4,944",50% bullish,of 2 ratings,$31.75
FFNW,$12.21,1441289785623,"1,302",Not yet rated,NULL,$14
FMBI,$17.4,1441289785678,"18,631",Not yet rated,NULL,$20
FMBH,NULL,1441289785766,0,Not yet rated,NULL,N/A
FFWM,$21,1441289785824,"2,681",Not yet rated,NULL,$24
FIBK,$26.59,1441289785892,"3,720",Not yet rated,NULL,$32
FRME,$26.05,1441289785923,"14,655",Not yet rated,NULL,$26.50
INBK,$30.35,1441289785949,"1,501",50% bullish,of 2 ratings,$37
FNFG,$9.055,1441289785993,"177,705",80% bullish,of 5 ratings,$9
FNBC,$33.86,1441289786133,"27,311",Not yet rated,NULL,$40
FSFG,NULL,1441289786201,0,Not yet rated,NULL,N/A
FNWB,$11.91,1441289786346,425,Not yet rated,NULL,N/A
FSGI,$2.43,1441289786374,100,Not yet rated,NULL,N/A
FSLR,$48.71,1441289786475,"163,743",72% bullish,of 39 ratings,$65
FCAN,NULL,1441289786574,0,Not yet rated,NULL,N/A
BICK,$19.22,1441289786600,585,100% bullish,of 1 rating,N/A
FTCS,$36.229,1441289786778,"1,364",100% bearish,of 1 rating,N/A
FSBK,NULL,1441289786838,0,100% bullish,of 1 rating,N/A
IFV,$17.67,1441289786869,"42,860",100% bearish,of 1 rating,N/A
FCA,NULL,1441289786918,0,Not yet rated,NULL,N/A
FBZ,NULL,1441289786969,0,Not yet rated,NULL,N/A
FEMB,NULL,1441289787003,0,Not yet rated,NULL,N/A
FV,$23.3412,1441289787028,"124,345",100% bearish,of 1 rating,N/A
FTSM,$59.9401,1441289787103,"24,455",100% bearish,of 1 rating,N/A
FEUZ,NULL,1441289787354,0,Not yet rated,NULL,N/A
TDIV,$24.86,1441289787379,"11,454",100% bearish,of 1 rating,N/A
FTGC,$22.43,1441289787526,"30,099",Not yet rated,NULL,N/A
FTHI,$19.29,1441289787567,100,Not yet rated,NULL,N/A
MDIV,$19.07,1441289787627,"7,075",Not yet rated,NULL,N/A
FHK,$32.67,1441289787670,10,Not yet rated,NULL,N/A
FGM,$35.4938,1441289787711,"1,600",Not yet rated,NULL,N/A
YDIV,$16.29,1441289787735,"1,562",Not yet rated,NULL,N/A
FPXI,NULL,1441289788001,0,Not yet rated,NULL,N/A
SKYY,$28.63,1441289788030,"7,299",100% bullish,of 1 rating,N/A
PLTM,$6.225,1441289788054,500,100% bearish,of 1 rating,N/A
FJP,$46.05,1441289788080,"2,685",Not yet rated,NULL,N/A
FTLB,$19.25,1441289788242,"10,000",100% bearish,of 1 rating,N/A
HYLS,$49.619,1441289788273,"2,106",100% bearish,of 1 rating,N/A
CU,$12.857,1441289788299,"1,000",100% bearish,of 1 rating,N/A
FMB,NULL,1441289788557,0,Not yet rated,NULL,N/A
LMBS,NULL,1441289788584,0,Not yet rated,NULL,N/A
CIBR,$17.63,1441289788642,"14,029",Not yet rated,NULL,N/A
QABA,$36.94,1441289788728,"1,680",100% bearish,of 1 rating,N/A
RDVY,$20.97,1441289788781,550,Not yet rated,NULL,N/A
FONE,NULL,1441289788970,0,Not yet rated,NULL,N/A
QCLN,$15.2377,1441289789040,733,Not yet rated,NULL,N/A
GRID,$31.33,1441289789104,820,100% bearish,of 1 rating,N/A
QTEC,$39.906,1441289789133,"5,312",Not yet rated,NULL,N/A
QQXT,$40.3299,1441289789160,"3,390",Not yet rated,NULL,N/A
QQEW,$41.7436,1441289789187,"6,432",Not yet rated,NULL,N/A
CARZ,$34.52,1441289789208,100,100% bearish,of 1 rating,N/A
AIRR,$16.4,1441289789344,307,100% bearish,of 1 rating,N/A
QINC,NULL,1441289789503,0,Not yet rated,NULL,N/A
FKO,NULL,1441289789585,0,Not yet rated,NULL,N/A
FTSL,$48.84,1441289789643,"6,441",100% bearish,of 1 rating,N/A
FSZ,$38.63,1441289789818,1,Not yet rated,NULL,N/A
TUSA,NULL,1441289789923,0,Not yet rated,NULL,N/A
SVVC,$9.391,1441289789984,"2,849",50% bullish,of 2 ratings,$26
FKU,$41.595,1441289790008,456,Not yet rated,NULL,N/A
FUNC,$8.15,1441289790034,1,Not yet rated,NULL,N/A
FDIV,NULL,1441289790070,0,100% bearish,of 1 rating,N/A
FTW,$32,1441289790164,176,Not yet rated,NULL,N/A
FSV,$31.83,1441289790191,"1,000",Not yet rated,NULL,$33.60
FIVE,$34.91,1441289790221,"2,002,046",75% bearish,of 4 ratings,$44
FMER,$17.55,1441289790416,"93,774",50% bullish,of 2 ratings,$20
FPRX,$20.26,1441289790547,"32,435",50% bullish,of 2 ratings,$35
FIVN,$3.85,1441289790679,"1,555",100% bullish,of 1 rating,$8.50
FLML,$22.72,1441289790705,"26,687",50% bullish,of 2 ratings,$30
FLXS,$32.1,1441289790881,"1,252",100% bearish,of 2 ratings,N/A
FISV,$85.78,1441289790918,"137,292",100% bearish,of 3 ratings,$90
SKOR,NULL,1441289790972,0,Not yet rated,NULL,N/A
FLXN,$26.06,1441289791010,"7,199",100% bearish,of 1 rating,$40
FLEX,$10.575,1441289791044,"131,796",63% bullish,of 8 ratings,$12
FLKS,$11.75,1441289791073,"2,660",50% bullish,of 2 ratings,$27
MBSD,$24.94,1441289791147,200,Not yet rated,NULL,N/A
FLIR,$28.7,1441289791179,"45,181",100% bearish,of 2 ratings,$38.50
FLDM,$11.4,1441289791405,"11,769",67% bearish,of 3 ratings,$15
FFIC,$19.64,1441289791434,"2,923",Not yet rated,NULL,$20.50
FOMX,$9.9,1441289791482,"23,453",50% bullish,of 2 ratings,$23.50
FOGO,$19.565,1441289791541,"4,406",50% bullish,of 2 ratings,$25.50
FONR,$9.79,1441289791724,578,100% bullish,of 1 rating,N/A
FORR,$31.39,1441289791897,"3,700",Not yet rated,NULL,N/A
FTNT,$42.009,1441289791928,"102,640",80% bullish,of 10 ratings,$52
FWRD,$44.07,1441289791950,"7,647",100% bearish,of 1 rating,$50
FES,$0.93,1441289791982,479,50% bullish,of 2 ratings,$1
FORM,$6.63,1441289792033,"7,572",67% bullish,of 3 ratings,$10.50
FORTY,$30.12,1441289792082,553,100% bearish,of 1 rating,N/A
FBIO,$2.63,1441289792177,720,83% bullish,of 6 ratings,N/A
FORD,$1.618,1441289792207,"174,270",67% bullish,of 3 ratings,N/A
FOSL,$61.34,1441289792274,"43,034",60% bearish,of 5 ratings,$80
FMI,$23.85,1441289792372,"18,638",100% bearish,of 2 ratings,$27.50
FWP,$27.53,1441289792399,"16,946",100% bearish,of 1 rating,$45
FXCB,$17.2,1441289792718,59,Not yet rated,NULL,$19
FRAN,$12.23,1441289792744,"212,179",50% bullish,of 4 ratings,$15
FOXF,$15.52,1441289792780,730,100% bearish,of 1 rating,$19
FREE,$0.3869,1441289792923,"249,880",92% bullish,of 12 ratings,N/A
FRED,$13,1441289792950,"17,067",50% bullish,of 2 ratings,$15.50
FELE,$28.01,1441289792971,"11,108",50% bullish,of 4 ratings,$33
RAIL,$20.6,1441289792992,"2,601",100% bearish,of 1 rating,$24.50
FRPT,$12.24,1441289793126,"28,556",67% bearish,of 3 ratings,$23.50
FTR,$5.4368,1441289793200,"3,795,804",78% bullish,of 27 ratings,$6.25
FTRPR,$106.6,1441289793408,"8,050",100% bearish,of 1 rating,N/A
FTD,$29.99,1441289793434,"8,804",100% bearish,of 1 rating,$40
FSBW,NULL,1441289793455,0,Not yet rated,NULL,N/A
FEIM,$11.1,1441289793483,100,100% bearish,of 1 rating,N/A
FRPH,$31.35,1441289793655,35,100% bearish,of 1 rating,N/A
FCEL,$0.88,1441289793683,"315,682",88% bullish,of 41 ratings,$2.65
FTEK,$1.93,1441289793713,"16,620",75% bullish,of 4 ratings,N/A
FSYS,$6.0928,1441289793820,"35,900",67% bullish,of 3 ratings,$8.50
FULLL,NULL,1441289793922,0,Not yet rated,NULL,N/A
FULL,$3.14,1441289793961,"1,834",67% bearish,of 3 ratings,$4.25
FFHL,NULL,1441289794225,0,50% bullish,of 4 ratings,N/A
FULT,$11.925,1441289794331,"115,501",100% bearish,of 1 rating,$13
FXEN,$1.06,1441289794357,"11,329",75% bullish,of 4 ratings,$1.10
FSNN,$2.14,1441289794387,6,67% bullish,of 3 ratings,$6
FXENP,NULL,1441289794407,0,100% bearish,of 1 rating,N/A
FLL,$1.47,1441289794435,"2,300",75% bullish,of 4 ratings,$3.50
GK,$68.08,1441289794625,"3,213",Not yet rated,NULL,$78
GAIA,$6.05,1441289794654,"5,548",50% bullish,of 2 ratings,$8.50
WILC,$4.84,1441289794709,"1,200",100% bullish,of 2 ratings,N/A
GLPG,$59.58,1441289794782,"2,035",100% bullish,of 1 rating,$75
GALTU,NULL,1441289794873,0,100% bearish,of 1 rating,N/A
GALT,$2.0301,1441289795038,"1,200",80% bullish,of 5 ratings,N/A
GALTW,NULL,1441289795143,0,100% bullish,of 1 rating,N/A
GLPI,$30.78,1441289795169,"38,325",100% bearish,of 1 rating,$37.50
GALE,$1.63,1441289795208,"91,032",89% bullish,of 47 ratings,$4
GLMD,$8.41,1441289795233,320,67% bullish,of 3 ratings,$20.50
GRMN,$37.435,1441289795308,"65,766",50% bullish,of 6 ratings,$46.50
GPIC,$9.94,1441289795337,"2,746",100% bearish,of 1 rating,N/A
GGAC,NULL,1441289795408,0,100% bearish,of 1 rating,N/A
GARS,$14.45,1441289795596,"10,462",Not yet rated,NULL,$16
GGACW,NULL,1441289795621,0,Not yet rated,NULL,N/A
GGACR,NULL,1441289795748,0,100% bullish,of 1 rating,N/A
GNCMA,$17.04,1441289795830,"20,397",100% bearish,of 1 rating,$12
GGACU,NULL,1441289795858,0,Not yet rated,NULL,N/A
GENC,$9.18,1441289795910,419,100% bearish,of 1 rating,N/A
GFN,$3.83,1441289795985,401,100% bearish,of 2 ratings,$8
GFNCP,$88.06,1441289796092,110,Not yet rated,NULL,N/A
GNMK,$9.73,1441289796129,"2,200",67% bullish,of 6 ratings,$14
GFNSL,NULL,1441289796153,0,Not yet rated,NULL,N/A
GENE,$2.3999,1441289796302,"9,917",100% bullish,of 12 ratings,N/A
THRM,$45.97,1441289796390,"24,785",75% bearish,of 4 ratings,$55.50
GNTX,$15.695,1441289796449,"107,183",Not yet rated,NULL,$20
GHDX,$26.035,1441289796478,"5,214",50% bullish,of 2 ratings,$30
GNCA,$11.09,1441289796499,"10,637",100% bearish,of 1 rating,$20
GNVC,$2.61,1441289796625,"13,732",90% bullish,of 10 ratings,$8.50
GTWN,NULL,1441289796728,0,Not yet rated,NULL,N/A
GABC,$28.74,1441289796861,420,Not yet rated,NULL,$31.50
GERN,$3.6101,1441289796887,"4,335,742",88% bullish,of 16 ratings,$5.25
GEVO,$2.44,1441289796912,"183,977",75% bullish,of 12 ratings,$5
ROCK,$16.845,1441289796940,"5,641",80% bullish,of 5 ratings,$24
GEOS,$17.95,1441289796960,"24,406",100% bearish,of 3 ratings,$21
GIGM,$0.5231,1441289797124,"1,300",100% bullish,of 2 ratings,N/A
GIGA,$1.4,1441289797151,"6,600",100% bearish,of 1 rating,N/A
GILD,$103.62,1441289797294,"911,654",91% bullish,of 87 ratings,$129
GIII,$70.03,1441289797323,"113,793",67% bullish,of 3 ratings,$75
GLAD,$8.74,1441289797349,"5,587",50% bullish,of 2 ratings,$8.75
GILT,NULL,1441289797482,0,50% bullish,of 2 ratings,N/A
GBCI,$25.84,1441289797509,"9,228",50% bullish,of 2 ratings,$31
GLADO,NULL,1441289797678,0,Not yet rated,NULL,N/A
GOODN,$25.6,1441289797703,100,Not yet rated,NULL,N/A
GOODO,NULL,1441289797733,0,Not yet rated,NULL,N/A
GOOD,$14.35,1441289797762,"6,436",Not yet rated,NULL,$19
GAIN,$7.48,1441289797837,"6,906",100% bullish,of 2 ratings,$8.25
GOODP,NULL,1441289797865,0,Not yet rated,NULL,N/A
GAINN,$25.33,1441289798004,"18,850",Not yet rated,NULL,N/A
GAINO,NULL,1441289798109,0,Not yet rated,NULL,N/A
GAINP,$25.64,1441289798138,"1,000",Not yet rated,NULL,N/A
LAND,$9.19,1441289798214,276,50% bullish,of 2 ratings,$13.75
GLBZ,NULL,1441289798239,0,Not yet rated,NULL,N/A
GBT,$51.75,1441289798279,"12,325",100% bearish,of 1 rating,N/A
GDEF,$10.6499,1441289798368,300,Not yet rated,NULL,N/A
ENT,$11.19,1441289798504,"54,381",100% bearish,of 1 rating,$18
GSOL,$8.25,1441289798580,911,100% bearish,of 1 rating,N/A
GBLI,$27.37,1441289798609,"1,312",Not yet rated,NULL,N/A
ACTX,NULL,1441289798662,0,100% bullish,of 1 rating,N/A
GPACU,NULL,1441289798713,0,Not yet rated,NULL,N/A
QQQC,$18.34,1441289798739,604,100% bearish,of 1 rating,N/A
SOCL,$17.3051,1441289798820,"1,469",100% bullish,of 2 ratings,N/A
ALTY,NULL,1441289799097,0,Not yet rated,NULL,N/A
GAI,$6.4,1441289799153,108,50% bullish,of 2 ratings,N/A
YLCO,$11.6326,1441289799194,"2,310",Not yet rated,NULL,N/A
GSM,$14,1441289799330,"17,552",50% bullish,of 2 ratings,$22
GBIM,$2.49,1441289799358,100,50% bullish,of 2 ratings,N/A
SRET,NULL,1441289799388,0,Not yet rated,NULL,N/A
GLBS,$1.04,1441289799409,100,67% bullish,of 3 ratings,N/A
GLRI,$1.04,1441289799488,"126,928",100% bearish,of 1 rating,$4.25
GLUU,$4.4925,1441289799548,"204,755",92% bullish,of 26 ratings,$9
GLYC,$6.98,1441289799618,201,50% bullish,of 2 ratings,$14
GOGO,$16.235,1441289799648,"61,696",80% bullish,of 5 ratings,$25
GLNG,$40.115,1441289799776,"65,657",83% bullish,of 6 ratings,$55.50
GMLP,$20.99,1441289799944,"8,973",50% bullish,of 4 ratings,$29
GLDC,$4.0888,1441289799974,200,50% bullish,of 2 ratings,N/A
GDEN,$9.15,1441289800075,600,50% bullish,of 2 ratings,N/A
GOGL,$3.01,1441289800101,"67,052",75% bullish,of 4 ratings,$5
GOOG,$615.414,1441289800237,"179,682",88% bullish,of 73 ratings,$787.50
GTIM,$6.77,1441289800263,250,Not yet rated,NULL,$11.50
GBDC,$17.06,1441289800340,"17,486",Not yet rated,NULL,$17.75
GMAN,$3.76,1441289800395,"3,300",60% bullish,of 5 ratings,$8.50
GPRO,$39.938,1441289800426,"1,953,152",78% bullish,of 58 ratings,$72
GPIA,NULL,1441289800474,0,100% bearish,of 1 rating,N/A
GOOGL,$646.635,1441289800501,"159,333",88% bullish,of 1082 ratings,$749
GPIAU,NULL,1441289800529,0,Not yet rated,NULL,N/A
GPIAW,NULL,1441289800759,0,Not yet rated,NULL,N/A
GRVY,NULL,1441289800787,0,50% bullish,of 2 ratings,N/A
LOPE,$36.75,1441289800829,"10,266",100% bearish,of 2 ratings,$50
GBSNU,NULL,1441289800888,0,NULL,NULL,NULL
GBSN,$0.174,1441289801040,"3,663,210",50% bullish,of 2 ratings,$8.25
GNBC,$11.745,1441289801138,"1,051",100% bearish,of 1 rating,$16.50
GRBK,$11.88,1441289801216,"6,950",77% bullish,of 13 ratings,N/A
GPRE,$20.6,1441289801246,"17,949",67% bullish,of 6 ratings,$28.50
GPP,$14.475,1441289801267,"2,900",Not yet rated,NULL,$20.50
GSBC,$40.98,1441289801288,"1,001",100% bullish,of 1 rating,$44
GLDD,$5.55,1441289801329,"6,957",100% bearish,of 4 ratings,$7.75
GLRE,$25.18,1441289801439,"24,318",50% bullish,of 2 ratings,$34
GRIF,NULL,1441289801545,0,100% bearish,of 1 rating,N/A
GRFS,$31.33,1441289801621,"190,045",50% bullish,of 2 ratings,$35
GCBC,NULL,1441289801647,0,100% bullish,of 1 rating,N/A
GRPN,$4.29,1441289801790,"502,308",61% bullish,of 71 ratings,$6.75
GGAL,$18.3785,1441289802081,"18,754",80% bullish,of 5 ratings,$40
GSIG,$13,1441289802107,472,100% bearish,of 2 ratings,N/A
GSIT,$4.61,1441289802128,1,100% bearish,of 1 rating,N/A
OMAB,$41.14,1441289802161,"1,710",100% bullish,of 1 rating,$44
GUID,$7.09,1441289802186,"1,492",100% bearish,of 3 ratings,$10
GBNK,$15.78,1441289802367,"9,554",100% bearish,of 1 rating,$18
GSVC,$8.92,1441289802435,"7,510",50% bullish,of 2 ratings,$15.75
GTXI,$0.918,1441289802523,"1,552",100% bullish,of 5 ratings,$.75
GFED,$14.65,1441289802548,100,Not yet rated,NULL,$17
GIFI,$12.6,1441289802574,"2,673",100% bearish,of 1 rating,$16
GULTU,$0.3,1441289802603,"51,100",100% bearish,of 1 rating,N/A
GPOR,$34.58,1441289802884,"116,337",75% bullish,of 4 ratings,$54
GWPH,$105.016,1441289802909,"21,451",78% bullish,of 9 ratings,$148.50
GWGH,NULL,1441289802945,0,100% bearish,of 1 rating,$15.05
GURE,NULL,1441289802973,0,88% bullish,of 8 ratings,N/A
GYRO,$30.38,1441289802998,299,100% bearish,of 1 rating,N/A
HEES,$18.91,1441289803208,"77,824",67% bearish,of 3 ratings,$31
HLG,NULL,1441289803271,0,100% bearish,of 1 rating,N/A
HNRG,$7.6,1441289803297,"10,152",100% bearish,of 1 rating,$10
HALL,$11.38,1441289803350,"3,047",Not yet rated,NULL,N/A
HALO,$17.73,1441289803483,"115,928",67% bullish,of 3 ratings,$22.50
HBK,$13.8,1441289803533,1,50% bullish,of 2 ratings,N/A
HMPR,$1.85,1441289803612,954,100% bullish,of 1 rating,N/A
HBHC,$27.305,1441289803638,"21,389",50% bullish,of 2 ratings,$30
HBHCL,$24.5,1441289803698,223,Not yet rated,NULL,N/A
HNH,$24.94,1441289803764,"3,849",100% bullish,of 1 rating,N/A
HNSN,$0.55,1441289803839,"14,600",88% bullish,of 8 ratings,$.40
HAFC,$23.915,1441289803864,"7,582",100% bullish,of 2 ratings,$28.50
HDNG,$10.02,1441289804023,"2,201",50% bullish,of 4 ratings,N/A
HQCL,$12.88,1441289804069,"3,587",67% bullish,of 3 ratings,$14
HRMN,NULL,1441289804094,0,Not yet rated,NULL,N/A
HLIT,$5.74,1441289804167,"18,456",100% bearish,of 1 rating,$6.50
HRMNW,NULL,1441289804228,0,Not yet rated,NULL,N/A
HRMNU,NULL,1441289804252,0,Not yet rated,NULL,N/A
HART,$1.16,1441289804495,"18,308",100% bearish,of 1 rating,N/A
TINY,$2.46,1441289804527,"2,100",50% bullish,of 2 ratings,$5.26
HBIO,$4.48,1441289804569,"9,561",100% bearish,of 1 rating,$10
HCAPL,NULL,1441289804633,0,Not yet rated,NULL,N/A
HCAP,$11.944,1441289804658,"1,146",50% bullish,of 2 ratings,$15
HCOM,$22.07,1441289804872,154,100% bearish,of 1 rating,$28
HAS,$76.315,1441289804933,"280,351",63% bullish,of 8 ratings,$84.50
HWBK,NULL,1441289804970,0,100% bearish,of 1 rating,N/A
HWKN,$38.57,1441289805003,256,Not yet rated,NULL,N/A
HA,$23.86,1441289805031,"37,973",67% bullish,of 9 ratings,$27
HAYN,$39.01,1441289805067,"6,303",100% bearish,of 1 rating,$59
HDS,$32.69,1441289805095,"126,268",100% bearish,of 2 ratings,$39.50
HIIQ,$4.84,1441289805123,"3,320",50% bullish,of 2 ratings,$7
HCSG,$32.86,1441289805427,"16,590",50% bullish,of 4 ratings,$35
HQY,$29.36,1441289805583,"12,601",67% bullish,of 3 ratings,$35
HSTM,$24.39,1441289805633,"2,726",50% bullish,of 2 ratings,$33.75
HTLD,$20.06,1441289805661,"21,313",Not yet rated,NULL,$22.50
HWAY,$11.98,1441289805716,"6,536",100% bearish,of 1 rating,$15
HTLF,$35.99,1441289805766,382,100% bullish,of 1 rating,$39.50
HTWR,$66.63,1441289805847,"111,010",50% bullish,of 2 ratings,$104
HELE,$84.76,1441289805875,"14,145",67% bearish,of 3 ratings,$100
HSII,$19.98,1441289805900,"1,164",100% bullish,of 3 ratings,$25
HNNA,NULL,1441289806067,0,Not yet rated,NULL,N/A
HSIC,$135.8,1441289806169,"21,692",83% bullish,of 6 ratings,$146
HMTV,$13.4,1441289806229,388,100% bearish,of 1 rating,$16
HERO,NULL,1441289806257,0,NULL,NULL,NULL
HTBX,$3.6,1441289806283,"17,562",50% bullish,of 2 ratings,$15.50
HMNY,NULL,1441289806308,0,100% bearish,of 1 rating,N/A
HCACU,NULL,1441289806358,0,Not yet rated,NULL,N/A
HEOP,$7.81,1441289806681,"1,106",Not yet rated,NULL,$8.50
HFWA,$17.73,1441289806730,"1,700",100% bullish,of 1 rating,$20
MLHR,$26.905,1441289806783,"26,633",50% bullish,of 2 ratings,$33.50
HCCI,$11.84,1441289806827,63,100% bearish,of 1 rating,$16.50
HSKA,$34.34,1441289806912,"12,635",100% bearish,of 1 rating,$38
HIBB,$38.82,1441289806941,"37,400",100% bearish,of 1 rating,$46.50
HRTX,$38.47,1441289806968,"155,395",57% bullish,of 7 ratings,$41
HTBK,$10.46,1441289807004,"8,823",Not yet rated,NULL,$12
HFFC,$16,1441289807249,101,Not yet rated,NULL,N/A
HIMX,$7.0099,1441289807334,"292,180",86% bullish,of 21 ratings,$8.50
HPJ,$2.19,1441289807381,600,75% bullish,of 4 ratings,$12.43
HIFS,$116,1441289807409,200,Not yet rated,NULL,N/A
HIHO,$4.25,1441289807430,"5,798",Not yet rated,NULL,N/A
HMNF,$11.49,1441289807588,102,Not yet rated,NULL,N/A
HSGX,$5.84,1441289807613,"3,301",100% bearish,of 1 rating,$17
HMSY,$9.98,1441289807755,"35,038",67% bullish,of 3 ratings,$19.35
HOLI,$17.02,1441289807781,"31,504",50% bullish,of 4 ratings,$27
HOLX,$38.545,1441289807803,"228,170",50% bullish,of 4 ratings,$42
HBCP,$24.8,1441289807839,457,Not yet rated,NULL,$29
HOMB,$37.37,1441289807860,"5,931",Not yet rated,NULL,$42
HFBL,NULL,1441289808006,0,Not yet rated,NULL,N/A
AWAY,$28.41,1441289808032,"102,613",67% bullish,of 3 ratings,$36
HMIN,$25.84,1441289808163,"1,618",100% bearish,of 2 ratings,$35
HMST,$21.85,1441289808295,"7,773",100% bullish,of 2 ratings,$27
HTBI,$18.19,1441289808323,"1,101",67% bullish,of 3 ratings,$18.625
HOFT,$24.9625,1441289808452,"7,748",100% bearish,of 1 rating,N/A
HBNC,$23.57,1441289808478,501,100% bullish,of 1 rating,$27
CETC,$0.7988,1441289808510,800,86% bullish,of 7 ratings,N/A
HZNP,$30.03,1441289808608,"138,143",85% bullish,of 20 ratings,$40
HKTV,$4.28,1441289808752,200,100% bearish,of 1 rating,N/A
ZINC,$7.42,1441289808783,"36,660",100% bearish,of 1 rating,$17
HFBC,$11.34,1441289808816,20,Not yet rated,NULL,N/A
HRZN,$10.45,1441289808921,140,50% bullish,of 2 ratings,$14.25
HDP,$23.52,1441289808942,"30,436",67% bearish,of 3 ratings,$30.50
HMHC,$21.95,1441289808975,"39,921",Not yet rated,NULL,$27
HWCC,$7.54,1441289809116,"1,002",100% bearish,of 1 rating,$9
HOVNP,$3.97,1441289809211,"1,250",100% bearish,of 1 rating,N/A
HBMD,$13.98,1441289809341,3,100% bearish,of 1 rating,N/A
HTGM,$5.64,1441289809366,750,100% bearish,of 1 rating,$19.50
HSNI,$60.23,1441289809434,"9,790",Not yet rated,NULL,$80
HSON,$2.63,1441289809513,492,100% bearish,of 1 rating,$5
HUBG,$37.85,1441289809539,"12,779",100% bearish,of 1 rating,$43
HCBK,$9.2801,1441289809566,"351,630",83% bullish,of 6 ratings,$8.61
HDSN,$3.05,1441289809721,"6,630",100% bullish,of 1 rating,$6.25
HURN,$72.87,1441289809774,"2,134",50% bullish,of 2 ratings,$80
HBANP,$1330,1441289809804,8,100% bearish,of 1 rating,N/A
HURC,$29.32,1441289809835,620,100% bearish,of 1 rating,N/A
HBAN,$10.74,1441289809867,"392,539",76% bullish,of 17 ratings,$12.29
HTCH,$1.44,1441289809935,"7,057",100% bearish,of 1 rating,$3.50
HBP,NULL,1441289809962,0,100% bullish,of 1 rating,N/A
HDRAU,NULL,1441289810261,0,Not yet rated,NULL,N/A
HDRA,NULL,1441289810292,0,Not yet rated,NULL,N/A
HDRAR,NULL,1441289810317,0,Not yet rated,NULL,N/A
IACI,$70.74,1441289810392,"19,999",80% bullish,of 5 ratings,$90
HDRAW,$0.264,1441289810449,1,Not yet rated,NULL,N/A
HYGS,$8.83,1441289810475,"3,900",50% bullish,of 2 ratings,$13
IDSY,$3.66,1441289810504,700,100% bearish,of 1 rating,$7
IKGH,$1.5,1441289810529,"2,146",75% bullish,of 4 ratings,N/A
IBKC,$60.18,1441289810696,"13,629",100% bullish,of 1 rating,$70
ICFI,$34.19,1441289810873,924,50% bullish,of 2 ratings,$48.50
IEP,$69.4,1441289810919,"5,683",75% bullish,of 4 ratings,$99
ICAD,$3.68,1441289810968,"2,100",50% bullish,of 2 ratings,$7.25
ICLR,$77.13,1441289811004,"33,030",100% bearish,of 3 ratings,$85
ICUI,$111.61,1441289811029,"4,286",Not yet rated,NULL,$122
ICON,$13.31,1441289811056,"51,853",50% bullish,of 2 ratings,$18.50
IPWR,$7.425,1441289811200,101,100% bullish,of 1 rating,$15
DSKY,$10.88,1441289811398,"2,900",67% bullish,of 6 ratings,$11.50
INVE,$4.55,1441289811426,"1,452",75% bullish,of 4 ratings,$4
IDXX,$72.62,1441289811452,"60,794",100% bearish,of 1 rating,$76
IROQ,$16.9,1441289811477,100,100% bullish,of 1 rating,N/A
RXDX,$14.72,1441289811710,"26,207",100% bullish,of 1 rating,$20
IIVI,$16.77,1441289811766,"11,434",100% bearish,of 1 rating,$22
IDRA,$2.985,1441289811845,"155,747",89% bullish,of 9 ratings,$6.50
IRG,$4.97,1441289811897,9,100% bearish,of 1 rating,$4.25
KANG,$15.6,1441289811976,"31,955",50% bullish,of 2 ratings,$23.10
IKAN,$2.74,1441289812122,"11,530",83% bullish,of 6 ratings,$5
IKNX,$12.2,1441289812299,1,100% bearish,of 1 rating,N/A
ISNS,$4.19,1441289812336,"2,648",50% bullish,of 2 ratings,N/A
ILMN,$197.1,1441289812368,"79,200",80% bullish,of 5 ratings,$245
IMDZ,$16.98,1441289812398,"2,759",100% bearish,of 1 rating,$33
ICCC,$6.82,1441289812422,300,100% bullish,of 1 rating,N/A
IMMR,$11.83,1441289812466,"9,087",80% bullish,of 5 ratings,$15.50
IMNP,$1.3,1441289812523,"45,434",50% bullish,of 2 ratings,$6
IMGN,$13.54,1441289812723,"53,492",75% bullish,of 4 ratings,$17.50
IMMU,$2.19,1441289812749,"75,333",86% bullish,of 7 ratings,$2
IMMY,$7.79,1441289812988,3,100% bearish,of 1 rating,$11
INCY,$122.0816,1441289813013,"121,035",50% bullish,of 6 ratings,$125.50
IPXL,$41.341,1441289813041,"36,417",67% bullish,of 3 ratings,$46.50
IBCP,$14.21,1441289813074,"3,332",100% bullish,of 1 rating,$14.50
SAAS,$7.25,1441289813104,"26,636",50% bullish,of 2 ratings,$15
INDB,$44.1,1441289813173,"10,988",Not yet rated,NULL,$44
INCR,$43,1441289813201,"23,531",50% bullish,of 2 ratings,$53
IBTX,$40.45,1441289813227,888,100% bullish,of 2 ratings,$47.25
IPCC,$76.2,1441289813408,"7,452",Not yet rated,NULL,$77.50
INFN,$22,1441289813435,"260,520",71% bullish,of 7 ratings,$28
INFI,$9.01,1441289813576,"24,426",50% bullish,of 4 ratings,$16.50
IDSA,NULL,1441289813605,0,Not yet rated,NULL,N/A
III,$3.74,1441289813705,"23,171",57% bullish,of 7 ratings,$6
IFON,$1.28,1441289813794,"3,370",75% bullish,of 4 ratings,N/A
INNL,NULL,1441289813835,0,100% bearish,of 1 rating,$16.50
INWK,$7.084,1441289813860,"15,489",50% bullish,of 2 ratings,$10
IMKTA,$50.485,1441289813888,"4,918",100% bearish,of 1 rating,N/A
IOSP,$49.72,1441289814061,"9,025",100% bearish,of 1 rating,N/A
IPHS,$46.77,1441289814167,"6,016",100% bearish,of 1 rating,$60
INOD,$2.33,1441289814229,48,100% bearish,of 1 rating,N/A
INGN,$51.4,1441289814255,"12,820",100% bearish,of 1 rating,$50.50
ISSC,NULL,1441289814275,0,67% bearish,of 3 ratings,N/A
ITEK,$13.44,1441289814416,"110,069",100% bearish,of 3 ratings,$20
INOV,$21.531,1441289814440,"38,494",100% bearish,of 1 rating,$33
NSIT,$25.41,1441289814585,"11,448",50% bullish,of 2 ratings,N/A
INSM,$25.26,1441289814611,"17,995",71% bullish,of 7 ratings,$31.50
INO,$7.23,1441289814667,"129,493",89% bullish,of 18 ratings,$20
ISIG,NULL,1441289814699,0,100% bearish,of 1 rating,N/A
IIIN,$17.54,1441289814741,292,100% bearish,of 2 ratings,N/A
INSY,$34.3201,1441289814798,"23,799",75% bullish,of 4 ratings,$48
PODD,$28.84,1441289814823,"9,340",67% bearish,of 3 ratings,$35
NTEC,$5.59,1441289814895,334,100% bearish,of 1 rating,N/A
IDTI,$19.17,1441289815089,"137,817",60% bullish,of 5 ratings,$25
IESC,NULL,1441289815168,0,100% bearish,of 1 rating,N/A
INTC,$29.16,1441289815222,"3,985,067",82% bullish,of 238 ratings,$36
IPAR,$25.18,1441289815266,880,67% bullish,of 3 ratings,$38
IART,$61.2,1441289815294,"27,451",100% bearish,of 2 ratings,$71.50
IQNT,$18.77,1441289815322,"22,358",86% bullish,of 7 ratings,$20
IPCI,$2.32,1441289815351,"2,210",67% bullish,of 6 ratings,$8
ISSI,$21.87,1441289815449,"3,605",67% bullish,of 3 ratings,$19.75
ICPT,$190.21,1441289815629,"10,959",70% bullish,of 10 ratings,$359.50
IBKR,$37.91,1441289815654,"35,670",100% bullish,of 1 rating,N/A
ICLD,$1.88,1441289815734,"7,004",75% bullish,of 4 ratings,N/A
ININ,$35.26,1441289815793,"2,900",67% bearish,of 3 ratings,$57
ICLDW,NULL,1441289815877,0,100% bearish,of 1 rating,N/A
IDCC,$48.9,1441289815906,"13,311",80% bullish,of 5 ratings,$63
TILE,$24.42,1441289815928,"22,885",100% bearish,of 3 ratings,$27
IMI,$2.01,1441289816134,"3,251",67% bullish,of 3 ratings,$2.22
IBOC,$25.09,1441289816163,"3,922",100% bearish,of 1 rating,N/A
INAP,$9.18,1441289816215,"50,831",75% bullish,of 4 ratings,$11
ISCA,$32.84,1441289816268,"3,102",100% bearish,of 1 rating,N/A
IGLD,$7.49,1441289816296,675,50% bullish,of 2 ratings,N/A
IIJI,$9.14,1441289816428,100,50% bullish,of 2 ratings,$12.50
INPH,$0.307,1441289816517,200,50% bullish,of 2 ratings,N/A
PTNT,$3.03,1441289816647,108,Not yet rated,NULL,N/A
XENT,$25.81,1441289816720,"7,584",50% bullish,of 2 ratings,$36.50
INTX,$1.98,1441289816779,850,67% bullish,of 3 ratings,N/A
ISIL,$10.59,1441289816848,"81,401",50% bullish,of 6 ratings,$15
INTL,$25.92,1441289816911,"13,904",67% bearish,of 3 ratings,N/A
INTLL,NULL,1441289816948,0,Not yet rated,NULL,N/A
IILG,$19.67,1441289817018,"2,910",100% bearish,of 1 rating,$29
ITCI,$28.12,1441289817079,"83,266",75% bearish,of 4 ratings,$40
IVAC,$4.68,1441289817104,"2,016",100% bearish,of 1 rating,$6.625
INTU,$86.85,1441289817241,"153,443",86% bullish,of 7 ratings,$107.50
IIN,$6.59,1441289817271,1,100% bearish,of 1 rating,$12
ISRG,$516.64,1441289817377,"11,523",67% bullish,of 3 ratings,$600
INVT,$0.34,1441289817407,"31,860",67% bullish,of 3 ratings,N/A
SNAK,$8.5299,1441289817433,"3,159",50% bullish,of 2 ratings,$14
ISTR,$15.5201,1441289817562,140,100% bearish,of 1 rating,$18.50
ISBC,$11.67,1441289817657,"154,394",100% bullish,of 1 rating,$13.25
IVTY,$13.57,1441289817901,900,Not yet rated,NULL,$18
ITIC,$71.25,1441289817937,200,100% bearish,of 2 ratings,N/A
IPAS,$1.01,1441289817964,"4,000",67% bullish,of 3 ratings,N/A
DTUL,NULL,1441289817984,0,Not yet rated,NULL,N/A
NVIV,$9.69,1441289818032,"30,269",50% bullish,of 4 ratings,$24.50
DFVL,NULL,1441289818056,0,Not yet rated,NULL,N/A
IPCM,$79.36,1441289818286,"58,027",50% bullish,of 2 ratings,$80.125
IRDM,$7.01,1441289818461,"49,771",60% bullish,of 5 ratings,$11.50
IRDMB,NULL,1441289818492,0,67% bearish,of 3 ratings,N/A
IPGP,$85.105,1441289818521,"15,666",67% bearish,of 3 ratings,$109.50
IRWD,$11.01,1441289818550,"55,198",100% bearish,of 1 rating,$13
IRBT,$29.58,1441289818590,"15,277",67% bullish,of 6 ratings,$37
IRIX,$6.9125,1441289818654,"5,508",100% bearish,of 1 rating,N/A
IRMD,$23.8499,1441289818784,"1,274",67% bearish,of 3 ratings,$25
IRCP,NULL,1441289818969,0,100% bullish,of 2 ratings,N/A
GNMA,$50.06,1441289818995,1,Not yet rated,NULL,N/A
FCHI,NULL,1441289819019,0,NULL,NULL,NULL
COMT,$33.722,1441289819040,482,100% bearish,of 1 rating,N/A
IFAS,NULL,1441289819066,0,NULL,NULL,NULL
IFNA,NULL,1441289819413,0,NULL,NULL,NULL
ACWI,$55.405,1441289819444,"56,510",Not yet rated,NULL,N/A
AAIT,NULL,1441289819470,0,NULL,NULL,NULL
AXJS,NULL,1441289819489,0,NULL,NULL,NULL
IFEU,NULL,1441289819510,0,Not yet rated,NULL,N/A
AAXJ,$52.69,1441289819550,"66,314",Not yet rated,NULL,N/A
ACWX,$40.25,1441289819575,"36,910",100% bearish,of 1 rating,N/A
IFGL,$28.0017,1441289819596,"10,151",Not yet rated,NULL,N/A
EEME,NULL,1441289819944,0,NULL,NULL,NULL
EMDI,NULL,1441289819991,0,NULL,NULL,NULL
EEMA,$49.68,1441289820018,"3,100",Not yet rated,NULL,N/A
EGRW,NULL,1441289820036,0,NULL,NULL,NULL
EMEY,NULL,1441289820163,0,NULL,NULL,NULL
EUFN,$21.5499,1441289820207,"7,986",100% bearish,of 1 rating,N/A
EVAL,NULL,1441289820229,0,NULL,NULL,NULL
EEML,NULL,1441289820266,0,Not yet rated,NULL,N/A
SOXX,$83,1441289820618,"33,007",50% bullish,of 2 ratings,N/A
EMIF,$27.94,1441289820650,100,Not yet rated,NULL,N/A
QAT,NULL,1441289820683,0,Not yet rated,NULL,N/A
IBB,$345.85,1441289820755,"344,996",63% bullish,of 8 ratings,N/A
WOOD,$47.78,1441289820782,"4,485",50% bullish,of 2 ratings,N/A
IEUS,$45.21,1441289820809,319,100% bearish,of 1 rating,N/A
UAE,$17.94,1441289820857,500,Not yet rated,NULL,N/A
ICLN,$9.2791,1441289820954,"95,900",50% bullish,of 2 ratings,N/A
ISHG,$79.4199,1441289821232,500,100% bearish,of 1 rating,N/A
INDY,$27.135,1441289821258,"10,890",50% bullish,of 2 ratings,N/A
IGOV,$90.88,1441289821289,"1,939",100% bearish,of 1 rating,N/A
ISIS,$52.01,1441289821396,"133,684",53% bullish,of 15 ratings,$67
ITRI,$29.56,1441289821590,"6,885",100% bearish,of 1 rating,$37
ISLE,$19.51,1441289821627,"67,584",50% bullish,of 4 ratings,$16
ISRL,$127.94,1441289821681,22,100% bearish,of 1 rating,N/A
ITRN,$23.63,1441289821770,871,50% bullish,of 2 ratings,N/A
ITUS,$3.9599,1441289821796,400,Not yet rated,NULL,N/A
XXIA,$15.0901,1441289821826,"32,962",71% bullish,of 7 ratings,$14.625
IXYS,$11.63,1441289821923,"13,836",50% bullish,of 4 ratings,N/A
MAYS,NULL,1441289821959,0,Not yet rated,NULL,N/A
JJSF,$114.43,1441289822335,"1,810",100% bearish,of 1 rating,N/A
JBHT,$74.46,1441289822414,"158,923",50% bullish,of 4 ratings,$89.50
JCOM,$67.2,1441289822467,"80,193",100% bullish,of 2 ratings,$77
JKHY,$67.45,1441289822492,"14,192",67% bearish,of 3 ratings,$72
JACK,$78.53,1441289822543,"28,573",71% bullish,of 7 ratings,$105
JASO,$8.07,1441289822569,"101,741",82% bullish,of 17 ratings,$10
JXSB,$24,1441289822621,"1,815",Not yet rated,NULL,N/A
JAXB,$13,1441289822701,100,100% bullish,of 1 rating,N/A
JAGX,$3.28,1441289822836,"3,400",Not yet rated,NULL,$10.50
JRVR,$28.31,1441289823138,"7,921",Not yet rated,NULL,$32
ERW,NULL,1441289823168,0,Not yet rated,NULL,N/A
JAKK,$9.295,1441289823193,"33,173",60% bearish,of 5 ratings,$11
JAZZ,$167.7,1441289823224,"12,995",80% bullish,of 15 ratings,$206.50
JMBA,$14.5699,1441289823301,"24,375",75% bullish,of 4 ratings,$18
JASN,$4.85,1441289823354,207,50% bullish,of 2 ratings,$9.50
JASNW,NULL,1441289823378,0,50% bullish,of 2 ratings,N/A
JD,$25.06,1441289823702,"727,321",75% bullish,of 16 ratings,$36
JBLU,$23.61,1441289823729,"729,604",94% bullish,of 18 ratings,$27
DATE,$6.26,1441289824026,"5,400",75% bullish,of 4 ratings,$9
WYIGU,NULL,1441289824163,0,100% bearish,of 1 rating,N/A
JIVE,$4.62,1441289824231,"13,397",75% bullish,of 4 ratings,$5
JOEZ,$0.1856,1441289824262,"81,558",92% bullish,of 12 ratings,N/A
JOUT,$24.25,1441289824290,"1,954",100% bearish,of 1 rating,$34
JTPY,$2.95,1441289824318,1,100% bearish,of 1 rating,N/A
JST,$3.7962,1441289824343,"1,400",75% bullish,of 4 ratings,N/A
JCTCF,$9.6,1441289824371,100,100% bullish,of 1 rating,N/A
JNP,$13.3599,1441289824748,"68,182",100% bullish,of 3 ratings,$15
JBSS,$50.055,1441289824777,"1,642",67% bearish,of 3 ratings,N/A
JUNO,$35.8701,1441289824882,"113,505",73% bullish,of 11 ratings,$71.50
KBIO,$2.38,1441289824943,"70,363",50% bullish,of 4 ratings,N/A
KALU,$83.05,1441289824964,"20,186",67% bearish,of 3 ratings,$91
KMDA,$3.47,1441289825047,"6,755",50% bullish,of 2 ratings,$8
KTWO,$21.16,1441289825105,"4,902",100% bearish,of 1 rating,$28.50
KCLI,$46.3,1441289825282,636,Not yet rated,NULL,N/A
KNDI,$6.34,1441289825314,"13,128",86% bullish,of 22 ratings,N/A
KPTI,$14.82,1441289825485,"34,392",67% bearish,of 3 ratings,$39
KELYA,$14.54,1441289825614,"2,470",67% bullish,of 6 ratings,$20
KCAP,$4.6601,1441289825644,"20,527",75% bullish,of 4 ratings,$6
KBSF,NULL,1441289825676,0,100% bullish,of 1 rating,N/A
KELYB,NULL,1441289825751,0,50% bullish,of 2 ratings,N/A
KRNY,$11.3,1441289825805,"22,244",100% bearish,of 1 rating,$12
KMPH,$19.8561,1441289825854,"2,035",100% bearish,of 2 ratings,$22
KFFB,NULL,1441289826052,0,100% bearish,of 1 rating,N/A
KERX,$5.56,1441289826138,"473,894",82% bullish,of 11 ratings,$12
KEQU,$16.64,1441289826186,100,100% bullish,of 1 rating,N/A
GMCR,$58,1441289826213,"263,314",71% bullish,of 42 ratings,$64
KTEC,$12.05,1441289826339,7,Not yet rated,NULL,N/A
KE,$11.43,1441289826379,"1,892",67% bearish,of 3 ratings,$16
KTCC,NULL,1441289826439,0,100% bearish,of 1 rating,$16
KFRC,$26.77,1441289826464,"25,338",100% bullish,of 2 ratings,$29
KIN,$6.04,1441289826666,15,50% bullish,of 2 ratings,$6.25
KBAL,$10.59,1441289826738,"3,722",50% bullish,of 2 ratings,N/A
KONE,NULL,1441289826893,0,Not yet rated,NULL,N/A
KINS,$8.7055,1441289826923,"1,350",100% bullish,of 1 rating,N/A
KITE,$53.46,1441289827026,"48,693",89% bullish,of 9 ratings,$85
KGJI,$0.6601,1441289827051,400,89% bullish,of 9 ratings,N/A
KIRK,$22.71,1441289827092,"8,877",50% bullish,of 2 ratings,$32
KLAC,$49.3,1441289827195,"88,358",100% bearish,of 1 rating,$61.50
KZ,$6.4,1441289827486,"5,330",60% bearish,of 5 ratings,N/A
KONA,$18.64,1441289827511,"4,588",50% bullish,of 2 ratings,$28
KLXI,$38.94,1441289827564,"15,587",100% bearish,of 1 rating,$48.50
KRNT,NULL,1441289827732,0,50% bullish,of 2 ratings,$18
KOPN,$3.1,1441289827757,"17,138",50% bullish,of 2 ratings,$4.50
KOSS,$2.52,1441289827782,200,100% bearish,of 2 ratings,N/A
KWEB,$29.72,1441289827822,"3,215",Not yet rated,NULL,N/A
KUTV,$0.76,1441289828000,"5,995",50% bullish,of 2 ratings,N/A
KTOS,$4.66,1441289828028,"56,104",50% bullish,of 2 ratings,$8.50
KLIC,$10.82,1441289828105,"22,653",80% bullish,of 5 ratings,$13
KVHI,$10.84,1441289828166,431,100% bearish,of 1 rating,$16
FSTR,$16.88,1441289828194,"2,406",100% bearish,of 1 rating,$40.50
KYTH,$74.73,1441289828324,"27,220",100% bullish,of 3 ratings,$66
LSBG,$14.52,1441289828458,560,Not yet rated,NULL,N/A
LJPC,$35.188,1441289828566,"25,126",87% bullish,of 15 ratings,$32
LSBK,NULL,1441289828634,0,Not yet rated,NULL,N/A
LBAI,$11.02,1441289828664,760,Not yet rated,NULL,$13.25
LRCX,$72.3,1441289828767,"162,836",50% bullish,of 4 ratings,$95
LKFN,$40.5,1441289828794,"1,620",Not yet rated,NULL,$45
LAKE,$9.12,1441289828820,596,57% bullish,of 7 ratings,$19
LAMR,$52.4785,1441289828953,"35,824",67% bullish,of 3 ratings,$61
LNDC,$13.3,1441289828980,974,Not yet rated,NULL,$18
