Symbol,Price,Date,Volume,Rating,RatingVoteCount,OneYearEstimate
TFSC,$9.73,1440616502811,"7,100",100% bearish,of 1 rating,N/A
TFSCW,NULL,1440616502836,0,100% bearish,of 1 rating,N/A
PIH,$7.21,1440616502865,"4,000",100% bearish,of 1 rating,N/A
FCTY,$7.85,1440616502893,"3,067",100% bullish,of 1 rating,$8.50
TFSCR,NULL,1440616502974,0,Not yet rated,NULL,N/A
FCCY,$11.59,1440616503027,"2,164",100% bullish,of 1 rating,$13
FLWS,$9.54,1440616503052,"304,164",100% bullish,of 5 ratings,$15
SRCE,$29.24,1440616503081,"20,534",100% bullish,of 3 ratings,$33
TWOU,$34.6,1440616503186,"120,292",50% bullish,of 2 ratings,$39
UGLD,$9.05,1440616503404,"147,208",100% bearish,of 1 rating,N/A
TFSCU,NULL,1440616503436,0,Not yet rated,NULL,N/A
VNET,$17.4,1440616503464,"616,863",60% bullish,of 5 ratings,$29.50
DSLV,$76.9016,1440616503536,"17,442",100% bearish,of 1 rating,N/A
DGLD,$83.3,1440616503596,"16,043",100% bullish,of 1 rating,N/A
JOBS,$27.02,1440616503625,"65,556",50% bullish,of 4 ratings,$36
USLV,$11.2701,1440616503727,"550,335",86% bullish,of 7 ratings,N/A
EGHT,$7.68,1440616503943,"231,396",82% bullish,of 17 ratings,$11
CAFD,$14.12,1440616504019,"174,199",Not yet rated,NULL,$25
AVHI,$13.98,1440616504105,"12,720",100% bearish,of 1 rating,$19
AAON,$20.35,1440616504146,"95,689",100% bearish,of 1 rating,$24
SHLM,$33.06,1440616504175,"59,701",100% bearish,of 1 rating,$50
ABAX,$46.63,1440616504206,"70,166",100% bearish,of 1 rating,$60
ABY,$21.19,1440616504279,"531,793",100% bearish,of 2 ratings,$46
SIXD,$2.88,1440616504330,"373,410",Not yet rated,NULL,N/A
ABGB,$6.33,1440616504434,"179,648",67% bullish,of 3 ratings,$5.50
ABEOW,$1.85,1440616504487,"2,286",100% bullish,of 1 rating,N/A
ABMD,$97.41,1440616504567,"249,210",75% bullish,of 4 ratings,$100.50
ABEO,$4.57,1440616504638,"81,087",50% bullish,of 4 ratings,$15.50
ACTG,$8.871,1440616504783,"195,719",67% bullish,of 3 ratings,$18.50
AXAS,$1.595,1440616504843,"509,135",78% bullish,of 9 ratings,$3.50
ACHC,$69.91,1440616504919,"469,887",50% bullish,of 2 ratings,$92
ACST,$0.345,1440616505023,"10,793",100% bullish,of 2 ratings,N/A
ACAD,$35.76,1440616505108,"403,023",80% bullish,of 20 ratings,$48
ARAY,$6.46,1440616505363,"505,036",100% bearish,of 1 rating,$10.50
AXDX,$18.46,1440616505389,"108,739",100% bearish,of 1 rating,N/A
XLRN,$28.3,1440616505413,"90,626",50% bullish,of 2 ratings,$57
ANCX,$19.76,1440616505472,"19,027",Not yet rated,NULL,$20
ACRX,$4.17,1440616505551,"120,400",67% bearish,of 6 ratings,$5.50
VXDN,$1.88,1440616505623,"28,224",100% bearish,of 1 rating,N/A
ACET,$22.56,1440616505648,"52,561",75% bullish,of 4 ratings,$30
ACHN,$7.23,1440616505801,"1,117,784",90% bullish,of 21 ratings,$16
VXUP,$1.64,1440616505891,"54,539",100% bearish,of 1 rating,N/A
AKAO,$6.86,1440616505942,"99,584",75% bullish,of 4 ratings,$15
ACOR,$31.64,1440616506000,"531,516",67% bearish,of 3 ratings,$38.50
ACIW,$21.05,1440616506082,"247,511",67% bearish,of 3 ratings,$24
ACTS,$1.5672,1440616506132,"20,828",100% bearish,of 1 rating,N/A
ACNB,$19.76,1440616506187,"3,300",Not yet rated,NULL,N/A
ATVI,$27.195,1440616506395,"2,961,738",68% bullish,of 84 ratings,$31.50
ACUR,$0.529,1440616506430,"40,934",100% bullish,of 5 ratings,$1
ACPW,$1.81,1440616506457,"21,756",100% bullish,of 4 ratings,$3.50
ACTA,$13.035,1440616506669,"31,983",67% bearish,of 3 ratings,$25
ADUS,$28.37,1440616506801,"35,187",100% bearish,of 1 rating,$31
ACXM,$20.32,1440616506827,"164,602",67% bullish,of 3 ratings,N/A
ADMP,$3.51,1440616506848,"25,181",50% bullish,of 2 ratings,$10
ADAP,$11.3599,1440616506884,"51,527",67% bullish,of 3 ratings,$22
ADMS,$19.47,1440616506905,"32,126",100% bearish,of 2 ratings,$36
AEY,$2.29,1440616507087,"2,045",100% bearish,of 2 ratings,N/A
ADMA,$9.12,1440616507175,"2,463",Not yet rated,NULL,$19
ADBE,$77.33,1440616507219,"1,147,640",65% bullish,of 17 ratings,$90
ADEP,$6.49,1440616507278,"32,181",50% bullish,of 2 ratings,$10.75
ADTN,$15.28,1440616507321,"136,269",67% bullish,of 3 ratings,$17.125
AEIS,$24.12,1440616507411,"71,610",50% bullish,of 2 ratings,$32.50
ADRO,$19,1440616507586,"184,600",80% bullish,of 5 ratings,$45.50
ADXSW,$8.71,1440616507611,"30,105",100% bullish,of 1 rating,N/A
AMD,$1.7048,1440616507677,"5,299,426",83% bullish,of 103 ratings,$2
MULT,NULL,1440616507745,0,100% bearish,of 1 rating,N/A
ADXS,$13.3548,1440616507772,"655,958",64% bullish,of 14 ratings,$27
YPRO,$22.97,1440616507901,"2,612",100% bearish,of 1 rating,N/A
AEGR,$17.67,1440616507935,"156,967",50% bullish,of 6 ratings,$26
AEGN,$17.85,1440616507960,"54,669",100% bearish,of 2 ratings,$21
AEHR,$2.21,1440616507986,"1,544",50% bullish,of 2 ratings,N/A
AMTX,$2.45,1440616508041,"18,773",50% bullish,of 2 ratings,$26.11
AEPI,$54,1440616508174,"5,872",100% bearish,of 1 rating,N/A
AEZS,$0.0825,1440616508419,"4,074,378",90% bullish,of 21 ratings,$1.50
AVAV,$23.275,1440616508468,"41,533",50% bullish,of 4 ratings,$31
AERI,$15.835,1440616508565,"174,923",75% bullish,of 4 ratings,$31.50
AFFX,$9.175,1440616508719,"192,642",80% bullish,of 5 ratings,$12
AGRX,$8.3,1440616508764,"5,299",100% bearish,of 1 rating,$17.50
AGEN,$6.8499,1440616508792,"633,200",85% bullish,of 13 ratings,$14
AEMD,$6.95,1440616508813,"13,930",Not yet rated,NULL,$27.50
AFMD,$9.81,1440616508946,"132,912",50% bullish,of 4 ratings,$15
AGYS,$9.55,1440616508975,"26,670",100% bearish,of 1 rating,N/A
AGIO,$85.71,1440616509006,"254,193",88% bullish,of 8 ratings,$114
AIRM,$35.74,1440616509105,"120,696",80% bearish,of 5 ratings,$53
AGFSW,$1.8,1440616509140,"14,003",100% bearish,of 2 ratings,N/A
AIMT,$21.25,1440616509169,"107,245",Not yet rated,NULL,N/A
AIRT,$21.23,1440616509267,711,100% bullish,of 1 rating,N/A
AGFS,$10.32,1440616509305,"32,601",100% bearish,of 1 rating,N/A
ATSG,$8.77,1440616509625,"109,169",67% bullish,of 3 ratings,$13
AKAM,$67.621,1440616509660,"806,852",63% bullish,of 8 ratings,$77
AKER,$2.49,1440616509728,"76,600",Not yet rated,NULL,N/A
AIXG,$5.81,1440616509753,"14,918",67% bearish,of 3 ratings,$5.25
ALRM,$16.095,1440616509790,"113,784",100% bearish,of 1 rating,$22
AKBA,$6.37,1440616509815,"124,384",100% bearish,of 1 rating,$18
AKRX,$38.86,1440616509958,"549,944",78% bullish,of 9 ratings,$56
AMCN,$4.45,1440616510038,"458,798",83% bullish,of 6 ratings,N/A
ALDR,$38.04,1440616510125,"198,594",67% bearish,of 3 ratings,$62
ALSK,$2.01,1440616510164,"73,298",78% bullish,of 18 ratings,$2
ADHD,$7.75,1440616510215,"101,206",50% bullish,of 4 ratings,$18
AMRI,$19.97,1440616510257,"316,293",75% bearish,of 4 ratings,$24
ABDC,$11.94,1440616510294,"58,764",Not yet rated,NULL,$15
ALXN,$171.6,1440616510496,"581,623",88% bullish,of 8 ratings,$223
ALDX,$6.64,1440616510526,"7,459",100% bearish,of 1 rating,$14.50
ALCO,$41.39,1440616510636,"4,970",50% bullish,of 2 ratings,N/A
ALXA,$1.11,1440616510723,"13,069",83% bullish,of 6 ratings,$2.125
ALGN,$55.5,1440616510802,"316,676",100% bearish,of 2 ratings,$73
ALIM,$3.12,1440616510900,"40,739",80% bullish,of 5 ratings,$10
ALGT,$216.46,1440616510925,"46,338",100% bearish,of 2 ratings,$235
ALLB,$22.72,1440616510954,400,Not yet rated,NULL,N/A
ALKS,$59.195,1440616510981,"332,978",67% bullish,of 3 ratings,$75
AIQ,$13.49,1440616511112,"11,822",67% bullish,of 3 ratings,N/A
AFOP,$18.4876,1440616511140,"87,536",75% bullish,of 8 ratings,$21
AHGP,$34.72,1440616511274,"29,595",67% bullish,of 3 ratings,N/A
ARLP,$24.45,1440616511308,"61,135",67% bearish,of 3 ratings,$32
AMOT,$18.55,1440616511417,"41,138",100% bearish,of 1 rating,N/A
ALQA,$4.15,1440616511551,"26,780",75% bullish,of 4 ratings,$8.50
AHPI,$1.5,1440616511610,100,50% bullish,of 2 ratings,N/A
MDRX,$13.39,1440616511686,"1,108,721",60% bullish,of 5 ratings,$16
AFAM,$45.18,1440616511792,"46,073",50% bullish,of 2 ratings,$44
ALNY,$101.75,1440616511852,"313,167",67% bullish,of 3 ratings,$148.50
ALLT,$4.95,1440616511876,"108,728",75% bullish,of 4 ratings,$6.25
AOSL,$7.25,1440616511926,"39,951",67% bullish,of 3 ratings,$9
SMCP,NULL,1440616512057,0,Not yet rated,NULL,N/A
ATEC,$0.5799,1440616512082,"126,583",100% bullish,of 1 rating,$2
ALTR,$47.8925,1440616512113,"1,259,038",80% bearish,of 5 ratings,$54
AIMC,$24.405,1440616512223,"33,506",100% bearish,of 2 ratings,$28.50
AMAG,$62.82,1440616512253,"263,414",100% bullish,of 2 ratings,$77.50
ASPS,$25.39,1440616512279,"149,713",67% bullish,of 3 ratings,$46.50
AMRN,$1.88,1440616512556,"823,550",85% bullish,of 39 ratings,$8
AMRK,$10.4,1440616512608,"1,870",50% bullish,of 2 ratings,$14
AYA,$19.5393,1440616512713,"10,623",100% bearish,of 1 rating,$40
AMBA,$88.291,1440616512798,"1,378,030",83% bullish,of 12 ratings,$102.50
AMBCW,$7.5,1440616512858,"3,500",100% bearish,of 1 rating,N/A
AMZN,$498.09,1440616512931,"2,305,051",81% bullish,of 264 ratings,$646
AMBC,$15.65,1440616512958,"122,259",100% bearish,of 1 rating,$16.50
EPAX,$2.67,1440616513013,"69,371",100% bearish,of 1 rating,N/A
AMDA,$0.46,1440616513089,"730,854",90% bullish,of 10 ratings,$1
AMED,$38.23,1440616513164,"79,193",100% bearish,of 1 rating,$42
AMCX,$69.89,1440616513222,"541,727",67% bullish,of 3 ratings,$87.50
UHAL,$366.97,1440616513296,"7,890",100% bullish,of 2 ratings,$393.50
ASBI,$22.03,1440616513381,"4,223",Not yet rated,NULL,N/A
AMOV,$17.41,1440616513466,"4,200",100% bearish,of 1 rating,N/A
DOX,$56.2572,1440616513493,"427,587",67% bearish,of 3 ratings,$60
ATAX,$5.14,1440616513542,"117,939",100% bullish,of 1 rating,$6.50
AAL,$38.52,1440616513760,"6,485,052",93% bullish,of 88 ratings,$57
AGNCB,$24.12,1440616513832,"13,235",Not yet rated,NULL,N/A
AGNCP,$25.239,1440616513915,"3,350",Not yet rated,NULL,N/A
MTGEP,$24.5,1440616513966,600,Not yet rated,NULL,N/A
AGNC,$19.295,1440616513995,"2,390,864",71% bullish,of 28 ratings,$22
MTGE,$15.35,1440616514016,"170,084",75% bullish,of 4 ratings,$19.50
ACSF,$11.955,1440616514206,"18,954",100% bearish,of 1 rating,$15
AETI,$3.97,1440616514231,"1,116",67% bearish,of 3 ratings,N/A
ANCI,$1.53,1440616514277,"2,800",100% bearish,of 1 rating,N/A
ACAS,$13.3101,1440616514368,"982,288",60% bullish,of 5 ratings,$16.75
ANAT,$99.61,1440616514416,"19,830",100% bullish,of 1 rating,N/A
AMNB,$22.84,1440616514443,"3,617",Not yet rated,NULL,$25.50
AMIC,NULL,1440616514584,0,Not yet rated,NULL,N/A
ARII,$37.98,1440616514658,"138,184",67% bearish,of 3 ratings,$45
APEI,$21.26,1440616514686,"21,211",100% bearish,of 1 rating,$25.50
ASEI,$36.98,1440616514853,"19,700",100% bearish,of 1 rating,$52.50
AMRB,$10.08,1440616514883,"18,604",Not yet rated,NULL,$11
AMSWA,$8.55,1440616514904,"14,356",100% bearish,of 2 ratings,$10.75
CRMT,$36.51,1440616514989,"18,105",100% bearish,of 1 rating,$39
AMSC,$4.06,1440616515046,"85,342",50% bullish,of 4 ratings,N/A
AMWD,$64.76,1440616515177,"86,515",50% bullish,of 2 ratings,$70
ABCB,$26.56,1440616515222,"66,240",Not yet rated,NULL,$31
ASRV,$3.2,1440616515330,"36,003",100% bullish,of 2 ratings,N/A
ASRVP,NULL,1440616515463,0,Not yet rated,NULL,N/A
AMGN,$152.5368,1440616515492,"2,078,804",89% bullish,of 19 ratings,$185
AMSF,$47.01,1440616515598,"20,681",Not yet rated,NULL,$57.50
ATLO,$23,1440616515625,"1,864",Not yet rated,NULL,N/A
AMKR,$4.64,1440616515813,"1,186,637",100% bearish,of 2 ratings,$5
FOLD,$14.085,1440616515845,"705,643",56% bullish,of 9 ratings,$21
AMPH,$13.295,1440616515945,"130,314",50% bullish,of 2 ratings,$20
AMSG,$78.67,1440616515984,"280,584",100% bearish,of 1 rating,$85.50
AFSI,$57.7001,1440616516132,"367,241",60% bullish,of 5 ratings,$72
ASYS,$4.98,1440616516195,"47,044",67% bullish,of 3 ratings,$12
AMSGP,NULL,1440616516298,0,Not yet rated,NULL,N/A
AMRS,$1.57,1440616516388,"49,326",70% bullish,of 10 ratings,N/A
ADI,$53.6,1440616516428,"1,561,887",67% bullish,of 3 ratings,$69
ANAD,$0.336,1440616516518,"152,259",100% bullish,of 2 ratings,$.50
ANCB,$22.45,1440616516767,"1,032",Not yet rated,NULL,$23
ALOG,$78.65,1440616516810,"32,007",100% bearish,of 2 ratings,$100.50
ANAC,$131.709,1440616516939,"220,242",80% bullish,of 5 ratings,$180.50
ANGI,$4.81,1440616517153,"263,056",64% bullish,of 11 ratings,$5.50
ANIP,$49.77,1440616517185,"100,216",89% bullish,of 19 ratings,$66
AMCF,$0.2476,1440616517224,"1,900",100% bullish,of 7 ratings,N/A
ABCW,$39.97,1440616517249,"6,588",67% bullish,of 3 ratings,N/A
ANGO,$14.69,1440616517281,"30,252",67% bullish,of 3 ratings,$19
ANIK,$34.1,1440616517314,"36,138",60% bullish,of 5 ratings,$51.25
ANSS,$88.055,1440616517443,"265,546",100% bearish,of 1 rating,$100
ATRS,$1.7,1440616517659,"452,821",92% bullish,of 12 ratings,$4.50
ATNY,$2.34,1440616517684,"9,200",50% bullish,of 2 ratings,$3.75
ANTH,$6.705,1440616517709,"578,850",80% bullish,of 10 ratings,$13
ABAC,$0.71,1440616517758,"1,500",100% bearish,of 1 rating,N/A
APIC,$6.24,1440616517911,"55,053",100% bearish,of 1 rating,$19
APOG,$49.505,1440616517938,"104,561",50% bullish,of 2 ratings,$67
APOL,$10.82,1440616518182,"697,325",87% bearish,of 68 ratings,$14
AAPL,$108.5144,1440616518207,"40,015,426",86% bullish,of 2349 ratings,$150
APDN,$3.15,1440616518248,"22,150",Not yet rated,NULL,$9
ARCI,NULL,1440616518273,0,Not yet rated,NULL,N/A
AINV,$6.39,1440616518294,"520,075",50% bullish,of 4 ratings,$8
APPF,$16.685,1440616518327,"22,530",50% bullish,of 2 ratings,$22
AGTC,$15.25,1440616518647,"92,647",50% bullish,of 2 ratings,$33
AMAT,$15.22,1440616518673,"15,385,490",82% bullish,of 11 ratings,$23
AMCC,$5.48,1440616518704,"297,561",80% bullish,of 5 ratings,$8
AAOI,$19.705,1440616518730,"135,833",50% bullish,of 4 ratings,$26
APDNW,$1.02,1440616518806,"9,080",Not yet rated,NULL,N/A
APRI,$1.18,1440616518863,"55,014",83% bullish,of 6 ratings,$4.86
AREX,$1.69,1440616518968,"334,666",100% bearish,of 1 rating,$3
AQMS,$4.9729,1440616519187,"16,367",Not yet rated,NULL,N/A
AUMA,NULL,1440616519221,0,Not yet rated,NULL,N/A
AQXP,$17.815,1440616519243,"182,351",50% bullish,of 2 ratings,$2
APTO,$4.9,1440616519317,"1,818",Not yet rated,NULL,$17
PETX,$17.08,1440616519495,"270,297",100% bearish,of 2 ratings,$26
ABUS,$6.97,1440616519522,"278,448",86% bullish,of 14 ratings,$23
AUMAW,NULL,1440616519568,0,Not yet rated,NULL,N/A
AUMAU,NULL,1440616519657,0,Not yet rated,NULL,N/A
ARDM,$6.95,1440616519757,427,100% bullish,of 1 rating,$26
RKDA,$5.83,1440616519783,"5,741",100% bearish,of 2 ratings,$10
ABIO,$0.8738,1440616519812,"68,677",50% bullish,of 2 ratings,$3.75
ARCW,$3.49,1440616519841,"16,621",100% bearish,of 2 ratings,$10.50
ARCB,$28.08,1440616519973,"135,162",67% bearish,of 3 ratings,$39.50
ACGL,$67.5,1440616520152,"116,031",50% bullish,of 2 ratings,$72
ARDX,$17.43,1440616520182,"65,330",50% bullish,of 2 ratings,$24.50
ACAT,$25.32,1440616520286,"43,845",100% bearish,of 3 ratings,$33
AGII,$55.98,1440616520344,"51,672",Not yet rated,NULL,$59.50
ARCC,$14.955,1440616520428,"1,079,650",67% bearish,of 3 ratings,$17.875
ARNA,$2.6301,1440616520453,"1,549,640",90% bullish,of 77 ratings,$5.50
AGIIL,$25.6,1440616520643,"10,907",Not yet rated,NULL,N/A
ARKR,$24.5,1440616520707,500,50% bullish,of 2 ratings,N/A
ARIA,$6.62,1440616520781,"1,886,403",87% bullish,of 46 ratings,$9
ARGS,$6.179,1440616520859,"23,981",50% bullish,of 2 ratings,$19.50
ARMH,$41.31,1440616520888,"3,034,419",54% bearish,of 13 ratings,$61
ARIS,$3.95,1440616520921,"137,662",Not yet rated,NULL,$4.50
ARWA,NULL,1440616521019,0,Not yet rated,NULL,N/A
ARTX,$1.35,1440616521046,"158,765",88% bullish,of 16 ratings,$4.50
ARWAR,$0.27,1440616521116,800,Not yet rated,NULL,N/A
ARWAU,NULL,1440616521280,0,100% bullish,of 1 rating,N/A
ARWAW,NULL,1440616521405,0,Not yet rated,NULL,N/A
ARQL,$1.6,1440616521511,"111,139",75% bullish,of 4 ratings,$5
ARRS,$25.65,1440616521541,"457,648",50% bullish,of 2 ratings,$38
DWAT,$9.607,1440616521566,915,100% bearish,of 1 rating,N/A
AROW,$27.01,1440616521612,"11,329",Not yet rated,NULL,N/A
ARRY,$5.6,1440616521640,"769,439",100% bullish,of 7 ratings,$10
ARTNA,$22.04,1440616521704,"9,234",100% bearish,of 1 rating,$29
ASND,$20,1440616521986,"83,706",100% bullish,of 1 rating,$30
ARWR,$5.455,1440616522038,"453,439",75% bullish,of 4 ratings,$10.50
ARTW,$4.396,1440616522071,"3,518",75% bearish,of 4 ratings,N/A
ASBB,$24.74,1440616522092,74,Not yet rated,NULL,N/A
ASNA,$11.23,1440616522120,"1,435,781",50% bullish,of 2 ratings,$18
ASCMA,$26.67,1440616522337,"25,951",100% bearish,of 1 rating,$45
ASMI,NULL,1440616522408,0,NULL,NULL,NULL
APWC,$1.81,1440616522483,200,100% bearish,of 1 rating,N/A
AZPN,$37,1440616522553,"437,526",50% bullish,of 2 ratings,$42
ASTI,$0.11,1440616522578,"1,051,470",83% bullish,of 6 ratings,$3
ASML,$88.1,1440616522610,"497,823",50% bullish,of 4 ratings,$127
ASFI,$8.91,1440616522749,"11,717",100% bullish,of 1 rating,N/A
ASMB,$12.43,1440616523048,"21,068",67% bullish,of 3 ratings,N/A
ATRO,$50.5201,1440616523079,"90,015",100% bearish,of 2 ratings,$80
ASUR,$5.28,1440616523115,"9,525",50% bullish,of 2 ratings,$8
ALOT,$12.68,1440616523182,"18,197",100% bearish,of 1 rating,N/A
ATAI,$2.3101,1440616523211,"4,325",100% bearish,of 1 rating,N/A
ASTC,$1.9,1440616523238,"14,264",100% bullish,of 5 ratings,N/A
ASTE,$36.42,1440616523269,"24,233",100% bearish,of 1 rating,$48
ATHN,$130.737,1440616523347,"90,662",67% bearish,of 3 ratings,$153
ATRA,$38.61,1440616523720,"43,676",50% bullish,of 2 ratings,$68
ATHX,$1.1,1440616523746,"169,101",89% bullish,of 9 ratings,$5
AFCB,$27.3,1440616523778,100,Not yet rated,NULL,N/A
AAME,$3.46,1440616523885,998,Not yet rated,NULL,N/A
AAPC,NULL,1440616523910,0,Not yet rated,NULL,N/A
ATNI,$70.9,1440616524038,"33,344",100% bearish,of 1 rating,$69.50
ACFC,$5.74,1440616524104,"78,835",Not yet rated,NULL,$6.50
ATLC,$3.86,1440616524128,"9,462",67% bullish,of 3 ratings,N/A
AFH,$16.25,1440616524357,"22,746",Not yet rated,NULL,$21.50
ATRC,$25.235,1440616524406,"85,320",100% bullish,of 1 rating,$30
AAWW,$39.17,1440616524491,"201,835",50% bullish,of 2 ratings,$65
ATML,$7.76,1440616524519,"4,783,261",78% bullish,of 9 ratings,$9.50
ATRI,$371.85,1440616524595,824,Not yet rated,NULL,N/A
ATRM,$2.83,1440616524645,500,50% bullish,of 2 ratings,N/A
ATOS,$0.71,1440616524672,"143,309",100% bullish,of 7 ratings,$7
ATTU,$13.3,1440616524900,"45,266",100% bearish,of 1 rating,$20.50
LIFE,$14.01,1440616525057,"23,093",86% bullish,of 7 ratings,$43
AUDC,$3.0799,1440616525082,"21,353",80% bullish,of 5 ratings,$5
AUBN,$27.45,1440616525162,"1,796",Not yet rated,NULL,N/A
ADSK,$49.12,1440616525267,"1,479,969",67% bullish,of 6 ratings,$69.50
ADAT,$0.3322,1440616525300,"1,618,953",100% bullish,of 2 ratings,N/A
AUPH,$3,1440616525330,"9,025",100% bearish,of 1 rating,$8
EARS,$4.72,1440616525406,"5,759",100% bearish,of 2 ratings,$11.50
ABTL,$17.199,1440616525431,"41,432",100% bullish,of 4 ratings,$20.25
AVGO,$115.87,1440616525570,"1,891,389",88% bullish,of 8 ratings,$165
ADP,$77.36,1440616525600,"1,646,587",100% bearish,of 1 rating,$88
AVNU,$12.15,1440616525673,"4,921",Not yet rated,NULL,$14
AAVL,$10.33,1440616525849,"208,395",100% bearish,of 1 rating,$20
AVEO,$1.262,1440616525875,"565,854",75% bullish,of 8 ratings,$3
AVID,$7.99,1440616526009,"184,926",100% bearish,of 1 rating,$20
AVGR,$14.06,1440616526034,"13,938",100% bearish,of 1 rating,$20
AVNW,$1.1501,1440616526079,"21,733",50% bullish,of 2 ratings,$2.20
AWRE,$3.06,1440616526342,"10,278",67% bullish,of 3 ratings,N/A
ACLS,$3.1111,1440616526370,"275,284",67% bullish,of 6 ratings,$4.75
CAR,$40.64,1440616526404,"1,740,419",80% bullish,of 5 ratings,$60
AXTI,$2.1208,1440616526502,"53,116",50% bullish,of 2 ratings,$2.75
AXPW,$1.0501,1440616526527,"40,013",83% bullish,of 6 ratings,N/A
AXGN,$3.75,1440616526553,"27,188",Not yet rated,NULL,$5
AXPWW,$0.88,1440616526682,"1,646",Not yet rated,NULL,N/A
BCOM,$18.27,1440616526757,"2,430",100% bearish,of 1 rating,N/A
BOSC,$2.26,1440616526974,544,50% bullish,of 2 ratings,N/A
RILY,$9.9999,1440616527019,"1,696",Not yet rated,NULL,N/A
BCPC,$56.52,1440616527162,"52,459",100% bearish,of 1 rating,$75
BEAV,$46.86,1440616527187,"494,158",67% bearish,of 3 ratings,$59
BIDU,$141.57,1440616527318,"3,794,953",81% bullish,of 88 ratings,$210
BANF,$59.38,1440616527417,"3,810",Not yet rated,NULL,$68
BLDP,$1.16,1440616527457,"435,418",91% bullish,of 22 ratings,$2.50
BWINB,$22.675,1440616527550,"6,508",Not yet rated,NULL,N/A
BWINA,NULL,1440616527599,0,Not yet rated,NULL,N/A
BANFP,$27,1440616527680,200,Not yet rated,NULL,N/A
BKMU,$6.97,1440616527728,"24,007",Not yet rated,NULL,$8
BOCH,$5.72,1440616527758,"5,920",Not yet rated,NULL,$6.50
BMRC,$47.75,1440616528034,"7,670",Not yet rated,NULL,$52
OZRK,$41.17,1440616528062,"267,854",67% bullish,of 3 ratings,$49.50
BOTJ,NULL,1440616528089,0,Not yet rated,NULL,N/A
BKSC,$15.7155,1440616528134,903,Not yet rated,NULL,N/A
BFIN,$11.89,1440616528303,"7,564",Not yet rated,NULL,$13
BWFG,$18,1440616528352,"1,800",100% bearish,of 1 rating,N/A
BZUN,$4.74,1440616528484,"208,885",50% bullish,of 2 ratings,$11.50
BANR,$43.44,1440616528531,"17,714",100% bullish,of 3 ratings,$50
TAPR,$32.26,1440616528566,"4,467",100% bearish,of 1 rating,N/A
BHAC,NULL,1440616528615,0,Not yet rated,NULL,N/A
BHACR,NULL,1440616528691,0,Not yet rated,NULL,N/A
BHACU,NULL,1440616528821,0,Not yet rated,NULL,N/A
BHACW,NULL,1440616528916,0,Not yet rated,NULL,N/A
BBSI,$33.85,1440616529048,"43,956",67% bearish,of 3 ratings,$62.50
BSET,$29.43,1440616529216,"26,358",100% bearish,of 1 rating,$35
BYLK,$12.695,1440616529245,"1,100",Not yet rated,NULL,$14
BYBK,$4.9,1440616529266,475,100% bearish,of 1 rating,N/A
BCBP,NULL,1440616529491,0,Not yet rated,NULL,N/A
BDCV,$4.8,1440616529520,"28,978",100% bearish,of 1 rating,$10.19
BECN,$34.78,1440616529585,"247,609",50% bullish,of 2 ratings,$40
BBCN,$14.225,1440616529651,"103,273",100% bearish,of 1 rating,$16
BV,$4.96,1440616529758,"252,307",67% bullish,of 6 ratings,$9
BSF,$8.35,1440616529815,"3,923",Not yet rated,NULL,N/A
BBGI,$4.08,1440616529863,100,100% bearish,of 1 rating,N/A
BEBE,$1.72,1440616529889,"42,929",75% bullish,of 4 ratings,$3.075
BELFA,$14.71,1440616529960,"7,181",100% bearish,of 1 rating,N/A
BBBY,$61.34,1440616530043,"1,205,992",71% bullish,of 7 ratings,$75
BLPH,$5.13,1440616530289,"19,327",100% bearish,of 1 rating,$12.50
BELFB,$17.7,1440616530354,"13,466",100% bearish,of 1 rating,N/A
BNFT,$34.99,1440616530486,"80,162",67% bullish,of 3 ratings,$46
BNCL,$12.39,1440616530512,"254,400",100% bullish,of 3 ratings,$12.50
BGCP,$8.645,1440616530555,"699,995",88% bullish,of 8 ratings,$14
BLCM,$16.495,1440616530643,"126,147",50% bullish,of 4 ratings,$40
BIND,$4.23,1440616530694,"43,320",75% bullish,of 4 ratings,$13.50
BNTC,$7.9976,1440616530801,"15,997",100% bullish,of 1 rating,N/A
BGMD,$0.754,1440616530831,"42,845",100% bullish,of 10 ratings,N/A
BIOC,$1.835,1440616530940,"203,702",83% bullish,of 6 ratings,$3.85
BASI,$1.64,1440616531004,"3,202",Not yet rated,NULL,N/A
BGFV,$10.65,1440616531038,"48,996",57% bullish,of 7 ratings,$12
BCDA,NULL,1440616531128,0,Not yet rated,NULL,N/A
BIOD,$0.674,1440616531279,"43,784",80% bullish,of 5 ratings,$4
ORPN,$5.2506,1440616531323,"5,591",100% bullish,of 1 rating,$28.50
BCRX,$10.775,1440616531411,"308,000",63% bullish,of 8 ratings,$18
BDSI,$6.43,1440616531547,"528,391",88% bullish,of 8 ratings,$17
BIIB,$296.01,1440616531614,"1,200,527",88% bullish,of 16 ratings,$400
BLFS,$2,1440616531762,"2,373",100% bearish,of 1 rating,$4.75
BLRX,$1.2999,1440616531868,"72,198",100% bullish,of 12 ratings,$5
BMRN,$126.64,1440616531944,"429,902",80% bullish,of 5 ratings,$160
BPTH,$1.01,1440616531972,"68,150",100% bullish,of 2 ratings,$5
BVXV,$3.57,1440616531992,"4,100",Not yet rated,NULL,N/A
BRLI,NULL,1440616532021,0,NULL,NULL,NULL
BIOL,$1.37,1440616532042,"25,722",Not yet rated,NULL,N/A
BVXVW,NULL,1440616532194,0,100% bearish,of 1 rating,N/A
BIOS,$2.21,1440616532455,"799,347",71% bullish,of 7 ratings,$4
BBP,$31.6899,1440616532482,"6,633",Not yet rated,NULL,N/A
BBC,$29.59,1440616532509,"12,328",Not yet rated,NULL,N/A
BSTC,$48.05,1440616532530,"26,898",100% bearish,of 1 rating,$76
BSPM,$0.64,1440616532796,"19,248",50% bullish,of 2 ratings,N/A
BITI,$16.75,1440616532843,"36,252",100% bullish,of 1 rating,$28
BEAT,$14.265,1440616532885,"352,161",67% bearish,of 3 ratings,$15
BOTA,$2.13,1440616532954,"43,889",88% bullish,of 8 ratings,N/A
BBOX,$15.11,1440616533015,"37,037",100% bearish,of 1 rating,N/A
TECH,$94.832,1440616533053,"84,847",100% bullish,of 1 rating,$117
BJRI,$44.01,1440616533083,"122,935",50% bullish,of 2 ratings,$55
BLKB,$58.705,1440616533284,"62,106",100% bearish,of 2 ratings,$66
BDMS,NULL,1440616533451,0,100% bearish,of 1 rating,N/A
BDE,$7.19,1440616533478,"36,721",50% bullish,of 2 ratings,$9
BBRY,$6.78,1440616533509,"2,551,602",61% bullish,of 330 ratings,$9
HAWK,$40.28,1440616533618,"492,126",91% bullish,of 11 ratings,$49
ADRE,$28.8,1440616533783,"15,426",100% bearish,of 1 rating,N/A
BKCC,$9.0999,1440616533874,"219,745",100% bullish,of 2 ratings,$10
ADRU,$21.1976,1440616534000,563,100% bearish,of 1 rating,N/A
ADRA,$26.38,1440616534025,885,100% bearish,of 1 rating,N/A
ADRD,$21.3799,1440616534092,"7,784",100% bearish,of 1 rating,N/A
BLMN,$19.6,1440616534164,"570,807",83% bullish,of 6 ratings,$27.50
BBLU,$0.78,1440616534191,"72,861",100% bullish,of 2 ratings,$4.43
BCOR,$13.41,1440616534268,"96,369",57% bullish,of 7 ratings,$15
BLBD,$12.1,1440616534329,"15,235",Not yet rated,NULL,N/A
BUFF,$26.145,1440616534412,"139,666",83% bullish,of 12 ratings,$31.50
NILE,$32.8,1440616534676,"67,152",50% bullish,of 2 ratings,$34
BHBK,$13.825,1440616534701,"72,881",100% bullish,of 1 rating,$14.50
BLUE,$128.08,1440616534856,"292,840",71% bullish,of 7 ratings,$217.50
BKEP,$5.7901,1440616534887,"33,110",100% bearish,of 1 rating,$8.50
BKEPP,$7.02,1440616535082,"40,977",100% bearish,of 1 rating,N/A
BOBE,$43.22,1440616535112,"66,266",75% bullish,of 4 ratings,$57
BOFI,$119.49,1440616535156,"100,293",100% bullish,of 6 ratings,$144
BPMC,$26.09,1440616535243,"76,861",50% bullish,of 2 ratings,$47.50
BNCN,$20.12,1440616535275,"64,048",Not yet rated,NULL,$24
BOKF,$58.78,1440616535375,"149,671",100% bearish,of 1 rating,$69
WIFI,$7.48,1440616535402,"145,009",50% bullish,of 2 ratings,$13.50
BONA,$11.515,1440616535427,"62,385",75% bullish,of 4 ratings,$8.50
BNSO,$1.3341,1440616535610,240,100% bearish,of 1 rating,N/A
BAMM,$3.2,1440616535783,"1,651",60% bullish,of 5 ratings,N/A
BOJA,$20.86,1440616535822,"93,464",100% bullish,of 1 rating,$30
BPFH,$11.69,1440616535922,"213,277",100% bearish,of 1 rating,$14
BPFHP,NULL,1440616536054,0,100% bearish,of 1 rating,N/A
BPFHW,$4.55,1440616536125,"2,003",100% bearish,of 1 rating,N/A
BBEP,$2.481,1440616536270,"953,662",69% bullish,of 13 ratings,$5.625
BCLI,$2.86,1440616536305,"25,831",80% bullish,of 5 ratings,$12
EPAY,$25.05,1440616536326,"54,448",100% bearish,of 2 ratings,$30
BDGE,$26.49,1440616536403,"7,367",Not yet rated,NULL,$31.75
BBRG,$12.51,1440616536430,"51,457",67% bullish,of 3 ratings,$14.50
BDBD,$8.0301,1440616536469,"368,990",60% bullish,of 5 ratings,$10
BBEPP,$12.86,1440616536608,"12,331",100% bearish,of 1 rating,N/A
BCOV,$5.22,1440616536776,"39,421",67% bullish,of 3 ratings,$10.20
BRID,NULL,1440616536827,0,100% bearish,of 1 rating,N/A
BLIN,NULL,1440616536918,0,50% bullish,of 2 ratings,$2.20
BRCM,$49.62,1440616537258,"3,169,821",75% bullish,of 12 ratings,$56
BVSN,$5.7009,1440616537283,"2,501",60% bearish,of 5 ratings,N/A
BRCD,$10.58,1440616537309,"4,183,390",92% bullish,of 13 ratings,$11.50
BSFT,$30.53,1440616537340,"131,158",57% bullish,of 7 ratings,$40.50
BYFC,$1.4071,1440616537446,"1,100",50% bullish,of 2 ratings,N/A
BWEN,$3.17,1440616537507,"11,030",100% bullish,of 3 ratings,$8
BRKL,$10.57,1440616537598,"116,600",100% bearish,of 1 rating,$10.75
BRKR,$18.47,1440616537687,"187,781",100% bearish,of 2 ratings,$22
BLMT,$20.515,1440616537720,"1,237",Not yet rated,NULL,N/A
BMTC,$28.6,1440616537816,"60,999",Not yet rated,NULL,$34
BSQR,$5.98,1440616537843,"21,835",67% bullish,of 3 ratings,N/A
BRKS,$10.14,1440616537975,"67,335",67% bullish,of 3 ratings,$15.25
BWLD,$192.88,1440616538221,"176,286",82% bullish,of 11 ratings,$205
CHRW,$67.08,1440616538285,"865,296",Not yet rated,NULL,$72
BUR,$1.78,1440616538372,"9,646",100% bearish,of 1 rating,$8
CFFI,$34.23,1440616538397,200,100% bearish,of 1 rating,N/A
BLDR,$13.91,1440616538426,"584,266",50% bullish,of 2 ratings,$22
CCMP,$42.93,1440616538558,"36,612",50% bullish,of 2 ratings,$59
CA,$26.54,1440616538590,"1,740,425",50% bullish,of 4 ratings,$33
CACQ,$6.95,1440616538694,"11,817",100% bearish,of 1 rating,$12.25
CDNS,$19.46,1440616538746,"814,066",75% bullish,of 4 ratings,$22.50
CDZI,$7.81,1440616538973,"46,452",100% bearish,of 1 rating,N/A
CZR,$8.49,1440616539008,"336,294",60% bearish,of 5 ratings,$10.50
CLBS,$1.28,1440616539214,"74,774",79% bullish,of 14 ratings,$4
PRSS,$4.37,1440616539239,"4,870",80% bullish,of 5 ratings,$4.50
CSTE,$39.26,1440616539278,"657,861",100% bearish,of 1 rating,$65
CHI,$10.343,1440616539413,"247,675",100% bearish,of 1 rating,N/A
CLMS,$10.34,1440616539461,"33,242",Not yet rated,NULL,$10.50
CHY,$11.08,1440616539558,"211,284",Not yet rated,NULL,N/A
CCD,$18.8,1440616539599,"306,096",Not yet rated,NULL,N/A
CFGE,NULL,1440616539733,0,Not yet rated,NULL,N/A
CGO,$11.84,1440616539760,"25,033",100% bearish,of 1 rating,N/A
CSQ,$9.5601,1440616539795,"365,691",Not yet rated,NULL,N/A
CHW,$7.4,1440616539930,"138,769",100% bearish,of 1 rating,N/A
CAMP,$15.7,1440616539983,"153,431",88% bullish,of 8 ratings,$25
CVGW,$58.27,1440616540135,"135,823",50% bullish,of 2 ratings,$58.50
CFNB,NULL,1440616540159,0,100% bearish,of 1 rating,N/A
CALA,$4.74,1440616540328,"271,967",100% bullish,of 3 ratings,$19.50
CALD,$15.42,1440616540374,"195,633",100% bearish,of 1 rating,$20.50
CALM,$47.98,1440616540399,"512,520",80% bullish,of 5 ratings,$65
CLMT,$24.6299,1440616540457,"183,412",75% bullish,of 8 ratings,$31
ABCD,$4.97,1440616540528,"56,099",83% bullish,of 6 ratings,N/A
CAMBU,NULL,1440616540558,0,100% bearish,of 1 rating,N/A
CAMB,$10.05,1440616540658,200,Not yet rated,NULL,N/A
CAMBW,NULL,1440616540791,0,Not yet rated,NULL,N/A
CAMT,$2.6,1440616540896,"25,382",73% bullish,of 11 ratings,$4
CGIX,$9.8,1440616540962,"35,479",67% bullish,of 3 ratings,$14.375
CSIQ,$16.984,1440616541225,"1,933,892",86% bullish,of 28 ratings,$42.50
CAC,$39.44,1440616541257,"3,524",Not yet rated,NULL,N/A
CPHC,$10.23,1440616541322,100,100% bearish,of 1 rating,N/A
CPLA,$47.56,1440616541389,"48,070",67% bearish,of 3 ratings,$65
CBF,$28.77,1440616541414,"95,586",Not yet rated,NULL,$32
CSWC,$44.97,1440616541442,"11,036",Not yet rated,NULL,N/A
CBNJ,$10.965,1440616541470,"27,761",100% bullish,of 1 rating,N/A
CPLP,$6.43,1440616541604,"362,298",71% bullish,of 7 ratings,$11
CAPN,$1.6399,1440616541813,"65,891",100% bullish,of 1 rating,$10.85
CCBG,$14.88,1440616541873,"6,080",Not yet rated,NULL,$17.25
CPTA,$13.996,1440616541901,"59,050",100% bearish,of 1 rating,$18.50
CFFN,$11.9,1440616542028,"420,298",Not yet rated,NULL,$12.75
CAPNW,$0.4999,1440616542069,"9,600",Not yet rated,NULL,N/A
CAPR,$4.18,1440616542114,"22,324",Not yet rated,NULL,$12
CARB,$11.14,1440616542295,"73,971",75% bullish,of 4 ratings,$12
CARA,$18.18,1440616542324,"324,274",50% bullish,of 4 ratings,$25
CBYL,$5.25,1440616542424,"5,411",100% bearish,of 1 rating,$20
CRDC,$0.32,1440616542451,"213,757",100% bullish,of 1 rating,$1.25
CPST,$0.3562,1440616542476,"452,805",95% bullish,of 22 ratings,$1.25
CRME,$8.71,1440616542661,"9,012",89% bullish,of 9 ratings,$11.25
CFNL,$21.89,1440616542701,"39,271",Not yet rated,NULL,$24
CSII,$23.11,1440616542763,"86,860",100% bearish,of 2 ratings,$42.125
CATM,$34.05,1440616542837,"72,583",100% bearish,of 1 rating,$44
CDNA,$6.5,1440616542942,"6,200",100% bearish,of 1 rating,$9
CECO,$3.5201,1440616542967,"145,636",67% bearish,of 3 ratings,$6
CTRE,$11.39,1440616543326,"130,790",50% bullish,of 2 ratings,$13.50
CLBH,$12.52,1440616543383,"2,699",Not yet rated,NULL,$16.50
CKEC,$22.39,1440616543488,"84,438",50% bullish,of 2 ratings,$35.915
CARO,$15.061,1440616543513,250,100% bearish,of 1 rating,$19
CRZO,$28.52,1440616543538,"464,822",67% bearish,of 3 ratings,$55.50
CART,$5.35,1440616543567,210,100% bearish,of 1 rating,N/A
TAST,$12.13,1440616543797,"128,366",Not yet rated,NULL,$14.25
CSCD,$14.91,1440616543927,"44,516",100% bullish,of 2 ratings,$17
CRTN,$2.51,1440616543960,500,100% bearish,of 1 rating,N/A
CASM,$1.14,1440616544066,"6,700",100% bullish,of 1 rating,$3.50
CARV,$7.18,1440616544125,"17,550",50% bullish,of 2 ratings,N/A
CACB,$5.35,1440616544203,"34,011",Not yet rated,NULL,$5.50
CASY,$104.5475,1440616544231,"105,630",50% bullish,of 2 ratings,$99.50
CWST,$6.01,1440616544259,"35,379",50% bullish,of 2 ratings,$7.25
CASI,$1.458,1440616544395,"1,590",100% bullish,of 1 rating,$3.50
CASS,$48.77,1440616544609,"10,196",100% bearish,of 1 rating,N/A
CATB,$10.85,1440616544635,"17,371",100% bearish,of 1 rating,$28
CPRX,$3.443,1440616544684,"353,054",71% bullish,of 7 ratings,$7
CAVM,$67.65,1440616544818,"337,829",67% bearish,of 3 ratings,$72
CATYW,NULL,1440616544884,0,100% bearish,of 1 rating,N/A
CATY,$28.74,1440616544959,"262,379",100% bearish,of 1 rating,$33.50
CVCO,$71.32,1440616544986,"15,592",100% bearish,of 1 rating,N/A
CNLMR,NULL,1440616545038,0,Not yet rated,NULL,N/A
CBFV,$20.5,1440616545126,"6,375",Not yet rated,NULL,$25
CNLM,NULL,1440616545289,0,Not yet rated,NULL,N/A
CNLMU,NULL,1440616545327,0,100% bullish,of 1 rating,N/A
CDK,$47.501,1440616545426,"550,671",67% bearish,of 3 ratings,$50
CBOE,$62.72,1440616545455,"292,018",Not yet rated,NULL,$60
CNLMW,NULL,1440616545476,0,Not yet rated,NULL,N/A
CECE,$9.29,1440616545717,"44,660",50% bullish,of 2 ratings,$16
CDW,$39.24,1440616545766,"675,619",75% bullish,of 4 ratings,$44
CELG,$118.045,1440616545793,"2,593,268",92% bullish,of 13 ratings,$155.50
CELGZ,$1.6,1440616545848,"30,400",80% bullish,of 5 ratings,N/A
CLDN,$1.04,1440616545978,"64,849",71% bullish,of 7 ratings,$3
CPXX,$2.01,1440616546077,"104,615",100% bullish,of 2 ratings,$7
CLDX,$14.27,1440616546114,"773,323",89% bullish,of 9 ratings,$36
CLRB,$3.11,1440616546143,803,100% bearish,of 1 rating,N/A
CLLS,$30,1440616546277,"100,728",75% bullish,of 4 ratings,$51.50
CLRBW,$0.935,1440616546366,700,Not yet rated,NULL,N/A
CBMG,$22.37,1440616546432,"42,617",50% bullish,of 2 ratings,N/A
CEMP,$34.12,1440616546721,"336,969",71% bullish,of 7 ratings,$52
CETX,$2.28,1440616546749,"5,600",Not yet rated,NULL,$5.60
CYAD,$50.5737,1440616546798,"1,700",100% bullish,of 1 rating,$87.50
CLTX,$2.428,1440616546829,"216,927",100% bullish,of 2 ratings,N/A
CLSN,$1.8802,1440616546879,"95,272",80% bullish,of 10 ratings,$7.50
CSFL,$13.87,1440616546926,"59,490",Not yet rated,NULL,$15
CETV,$2.02,1440616547149,"51,735",67% bullish,of 3 ratings,$2.80
CFBK,$1.37,1440616547209,"3,100",Not yet rated,NULL,N/A
CENT,$11.88,1440616547286,"34,123",Not yet rated,NULL,$10
CENX,$4.3301,1440616547417,"1,296,483",67% bullish,of 6 ratings,$9
CENTA,$12.52,1440616547447,"121,061",Not yet rated,NULL,N/A
CNBKA,$41.99,1440616547516,882,50% bullish,of 2 ratings,N/A
CVCY,$11.22,1440616547576,"1,400",Not yet rated,NULL,$12
CNTY,$5.79,1440616547709,"10,722",80% bullish,of 5 ratings,$7.75
CPHD,$48.42,1440616547735,"283,109",67% bearish,of 3 ratings,$66.50
CERE,$1.16,1440616547886,"198,164",88% bullish,of 8 ratings,N/A
CRNT,$1.34,1440616547938,"23,146",50% bullish,of 2 ratings,$2
CERS,$4.77,1440616547967,"221,294",75% bullish,of 4 ratings,$7
CERN,$61.4,1440616548068,"1,291,445",67% bullish,of 3 ratings,$79
CERU,$3.45,1440616548126,"23,841",75% bullish,of 4 ratings,$15
KOOL,$0.6297,1440616548199,"48,921",100% bullish,of 5 ratings,$7
CEVA,$18.07,1440616548257,"28,729",100% bearish,of 1 rating,$25
HOTR,$1.4201,1440616548391,"80,183",100% bullish,of 2 ratings,$5
CYOU,$19.32,1440616548522,"100,864",50% bullish,of 6 ratings,$24
HOTRW,NULL,1440616548571,0,Not yet rated,NULL,N/A
CHFN,$12.29,1440616548824,"6,698",Not yet rated,NULL,$14
CHTR,$176.92,1440616548851,"500,985",100% bearish,of 2 ratings,$196
CTHR,$1.27,1440616548878,"2,152",50% bullish,of 2 ratings,$2.50
CHKP,$79.69,1440616549028,"785,161",50% bullish,of 4 ratings,$92
GTLS,$21.88,1440616549056,"93,509",50% bullish,of 4 ratings,$40
CHEKW,NULL,1440616549117,0,Not yet rated,NULL,N/A
CHEK,$2.04,1440616549188,"44,983",Not yet rated,NULL,$7.75
CEMI,$3.66,1440616549215,"69,409",50% bullish,of 2 ratings,$7.50
CHFC,$31.21,1440616549243,"18,793",100% bearish,of 1 rating,$36
CHMG,$26.6,1440616549371,"1,200",Not yet rated,NULL,$30
CCXI,$6.85,1440616549619,"31,568",67% bullish,of 3 ratings,$14
CHMA,$23.97,1440616549645,"32,843",Not yet rated,NULL,$40
CHEV,$14.3999,1440616549673,"2,146",Not yet rated,NULL,N/A
CHKE,$26.05,1440616549772,"19,386",100% bearish,of 1 rating,$32.50
CADC,NULL,1440616549933,0,78% bullish,of 9 ratings,N/A
PLCE,$58.08,1440616549959,"310,256",100% bearish,of 1 rating,$71
CBNK,$16.11,1440616550034,"11,467",100% bearish,of 1 rating,N/A
CMRX,$49.37,1440616550061,"170,360",50% bullish,of 2 ratings,$57
CALI,$0.8601,1440616550229,"4,223",67% bullish,of 3 ratings,N/A
CAAS,$5.85,1440616550259,"21,278",93% bullish,of 14 ratings,$11.50
CBAK,$1.77,1440616550282,"34,014",67% bullish,of 9 ratings,N/A
CBPO,$95.15,1440616550315,"106,330",75% bullish,of 8 ratings,$140.50
CCCR,$0.86,1440616550363,"16,011",67% bearish,of 3 ratings,N/A
CCCL,$0.7647,1440616550503,"32,300",100% bullish,of 6 ratings,N/A
JRJC,$3.04,1440616550635,"110,633",82% bullish,of 11 ratings,N/A
CHOP,$1.28,1440616550767,"15,680",50% bullish,of 2 ratings,N/A
HGSH,$1.72,1440616550923,"3,500",67% bullish,of 3 ratings,N/A
CNIT,$1.37,1440616550949,"45,740",67% bullish,of 6 ratings,N/A
CJJD,$1.69,1440616550995,"27,710",100% bullish,of 1 rating,N/A
HTHT,$24.3,1440616551021,"79,975",50% bullish,of 2 ratings,$28.40
CHLN,$2.08,1440616551046,"6,131",67% bullish,of 3 ratings,N/A
CREG,$0.66,1440616551176,"8,330",100% bullish,of 3 ratings,N/A
CHNR,$1.6701,1440616551310,"2,382",100% bearish,of 1 rating,N/A
CPGI,$6.88,1440616551366,400,Not yet rated,NULL,N/A
CSUN,$1.34,1440616551502,"15,225",80% bullish,of 5 ratings,N/A
CXDC,$5.75,1440616551536,"38,137",67% bearish,of 3 ratings,N/A
CNTF,$0.7601,1440616551569,"32,506",Not yet rated,NULL,N/A
CCIH,$6.21,1440616551590,"207,921",67% bullish,of 6 ratings,$12.65
CNYD,$3.013,1440616551667,"2,616",67% bullish,of 3 ratings,N/A
CNET,$0.7803,1440616551943,"21,013",50% bullish,of 2 ratings,N/A
IMOS,$16.65,1440616551973,"150,177",60% bullish,of 5 ratings,$21.50
CHSCM,$25.86,1440616552075,"14,064",Not yet rated,NULL,N/A
CHSCL,$26.9875,1440616552139,"20,305",Not yet rated,NULL,N/A
CHSCO,$28.0503,1440616552168,"12,320",Not yet rated,NULL,N/A
CHSCP,$30.6499,1440616552206,"3,133",Not yet rated,NULL,N/A
CHSCN,$26.5601,1440616552268,"4,367",Not yet rated,NULL,N/A
CHDN,$132.39,1440616552471,"14,241",Not yet rated,NULL,$165
CMCT,$15,1440616552530,620,100% bearish,of 1 rating,N/A
CDTX,$14.29,1440616552604,"9,104",Not yet rated,NULL,$22
CIFC,$7,1440616552629,"1,702",100% bearish,of 1 rating,N/A
CHUY,$31.13,1440616552657,"84,472",50% bullish,of 2 ratings,$34
CINF,$51.98,1440616552699,"304,851",50% bullish,of 4 ratings,$50.50
CIDM,$0.5793,1440616552876,"93,133",50% bullish,of 2 ratings,$2.10
CMPR,$68.09,1440616552927,"154,817",50% bullish,of 2 ratings,$72.50
CSCO,$25.46,1440616553148,"21,889,376",84% bullish,of 208 ratings,$32
CTRN,$26.72,1440616553239,"76,832",100% bearish,of 1 rating,$31.50
CPHR,$5.88,1440616553280,"10,299",100% bearish,of 1 rating,$17
CRUS,$28.28,1440616553308,"470,174",75% bullish,of 12 ratings,$44.50
CZNC,$19.59,1440616553337,"7,474",Not yet rated,NULL,N/A
CTAS,$83.83,1440616553438,"243,415",100% bearish,of 1 rating,$91
CZFC,NULL,1440616553675,0,Not yet rated,NULL,N/A
CHCO,$47.02,1440616553746,"15,399",Not yet rated,NULL,$46
CIZN,$19.33,1440616553775,902,Not yet rated,NULL,N/A
CZWI,$8.99,1440616553803,600,Not yet rated,NULL,N/A
CIVBP,NULL,1440616553846,0,Not yet rated,NULL,N/A
CTXS,$68.07,1440616553872,"693,668",86% bullish,of 7 ratings,$80
CIVB,$10.05,1440616553936,"3,400",Not yet rated,NULL,$11
CLNE,$4.31,1440616554161,"577,315",80% bullish,of 15 ratings,$9
CDTI,$1.5,1440616554190,"31,470",75% bullish,of 4 ratings,$3.20
CLNT,$1.37,1440616554246,"7,062",75% bullish,of 8 ratings,N/A
CLFD,$16.98,1440616554289,"25,794",67% bullish,of 3 ratings,$18
CBLI,$3.63,1440616554451,"34,581",60% bullish,of 5 ratings,N/A
CLIR,$4.6299,1440616554478,"42,052",100% bullish,of 3 ratings,N/A
CLRO,$11.4335,1440616554532,"37,392",50% bullish,of 2 ratings,$14.25
CLVS,$69.96,1440616554631,"479,084",60% bullish,of 5 ratings,$101.50
CMFN,$10.7499,1440616554658,"21,441",100% bearish,of 1 rating,$15.50
CSBK,$13.775,1440616554690,"44,819",Not yet rated,NULL,N/A
CME,$91.53,1440616554797,"597,935",67% bullish,of 3 ratings,$102
CCNE,$16.62,1440616554993,"3,236",50% bullish,of 2 ratings,$21.50
CISG,$7.505,1440616555034,"61,197",100% bullish,of 5 ratings,$10
CNV,$4.3,1440616555060,"33,160",50% bullish,of 2 ratings,$7.15
CWAY,$11.21,1440616555081,"2,278",Not yet rated,NULL,N/A
COBZ,$12.79,1440616555328,"23,820",100% bullish,of 1 rating,$14
CDRB,$12.445,1440616555356,"11,584",67% bullish,of 3 ratings,N/A
COKE,$162.1,1440616555390,"10,875",79% bullish,of 19 ratings,N/A
CDXS,$3.42,1440616555494,"25,955",64% bullish,of 11 ratings,$6
CVLY,$20.25,1440616555522,900,Not yet rated,NULL,N/A
CCOI,$27.52,1440616555554,"251,061",50% bullish,of 4 ratings,$35
CGNT,$1.4784,1440616555576,"23,335",100% bullish,of 2 ratings,$2
JVA,$4.3601,1440616555653,"6,058",83% bullish,of 6 ratings,$7
CGNX,$33.69,1440616555880,"528,690",50% bullish,of 2 ratings,$47
CTSH,$61.87,1440616555954,"2,148,452",90% bullish,of 10 ratings,$75
COHR,$55.89,1440616556059,"65,890",50% bullish,of 2 ratings,$72
CHRS,$27.66,1440616556107,"136,385",67% bearish,of 3 ratings,$37
CLRX,$0.5294,1440616556136,"30,517",50% bullish,of 2 ratings,N/A
CLCT,$18.04,1440616556242,"4,644",100% bearish,of 1 rating,N/A
COHU,$9.21,1440616556283,"98,070",100% bearish,of 1 rating,$14.25
CBAN,NULL,1440616556309,0,Not yet rated,NULL,N/A
CIGI,$42.02,1440616556330,"9,354",100% bearish,of 1 rating,$52
COLL,$14.99,1440616556501,"31,199",100% bearish,of 1 rating,$26
CLCD,$6.27,1440616556527,"66,625",100% bearish,of 1 rating,$20.50
COLM,$60.97,1440616556581,"52,895",100% bearish,of 1 rating,$71
COLB,$29.6,1440616556713,"42,110",Not yet rated,NULL,$36
CBMX,$1.09,1440616556740,"23,727",83% bullish,of 6 ratings,$3.15
CMCO,$17.96,1440616556874,"43,382",60% bullish,of 5 ratings,$28
CBSH,$43.62,1440616557046,"142,594",50% bullish,of 2 ratings,$46
CBSHP,$25.32,1440616557075,"1,553",100% bearish,of 1 rating,N/A
CMCSK,$56.02,1440616557101,"1,911,952",Not yet rated,NULL,$84
CMCSA,$55.255,1440616557181,"5,643,269",66% bullish,of 35 ratings,$69.50
CUBN,$13.5,1440616557321,"3,271",Not yet rated,NULL,N/A
COMM,$29.36,1440616557431,"473,921",67% bearish,of 3 ratings,$35
JCS,$8.7,1440616557463,"1,654",67% bullish,of 3 ratings,N/A
ESXB,$5.06,1440616557484,"2,604",Not yet rated,NULL,N/A
CVGI,$4.76,1440616557537,"80,809",50% bullish,of 2 ratings,$6
CSAL,$20.28,1440616557612,"287,396",75% bullish,of 4 ratings,$30
CYHHZ,$0.01,1440616557745,"73,198",100% bullish,of 1 rating,N/A
CTBI,$34.68,1440616557771,"10,701",Not yet rated,NULL,$36
CWBC,$6.79,1440616557901,"16,794",Not yet rated,NULL,N/A
COB,$10.3,1440616557991,"2,936",100% bullish,of 1 rating,$11.75
CVLT,$34.96,1440616558366,"286,488",75% bullish,of 4 ratings,$44.50
CIZ,$32.64,1440616558392,587,100% bearish,of 1 rating,N/A
CID,$33.02,1440616558419,700,Not yet rated,NULL,N/A
CIL,$32.83,1440616558468,400,Not yet rated,NULL,N/A
CSF,$35.62,1440616558602,"1,345",100% bearish,of 1 rating,N/A
CSA,$31.8999,1440616558653,150,Not yet rated,NULL,N/A
CDL,NULL,1440616558758,0,Not yet rated,NULL,N/A
CDC,$33.66,1440616558817,"14,885",Not yet rated,NULL,N/A
CFA,$34.5419,1440616558844,"4,857",100% bearish,of 1 rating,N/A
CFO,$34.5031,1440616558998,"8,991",100% bearish,of 1 rating,N/A
CGEN,$4.8791,1440616559042,"78,881",50% bullish,of 2 ratings,$11
CPSI,$45.1,1440616559105,"40,866",100% bearish,of 1 rating,$45.50
CSB,$32.44,1440616559137,1,Not yet rated,NULL,N/A
SCOR,$53.48,1440616559215,"203,928",100% bearish,of 1 rating,$66
CTG,$6.34,1440616559242,"26,672",100% bearish,of 1 rating,$8.50
CHCI,$0.7101,1440616559430,"41,347",50% bullish,of 2 ratings,N/A
CNCE,$15.543,1440616559585,"63,895",75% bullish,of 4 ratings,$22
CNSI,$18.55,1440616559647,"167,054",100% bearish,of 2 ratings,$29
CNAT,$3.54,1440616559679,"72,108",83% bullish,of 6 ratings,$13
CXRX,$69.9,1440616559700,"2,045",100% bearish,of 1 rating,$90
CMTL,$25.41,1440616559779,"34,931",100% bearish,of 2 ratings,$37
CDOR,$1.315,1440616559829,525,100% bullish,of 1 rating,N/A
CDORO,NULL,1440616559858,0,100% bearish,of 1 rating,N/A
CDORP,$6.37,1440616559959,"1,210",100% bearish,of 1 rating,N/A
CCUR,$4.7294,1440616560000,"45,656",75% bullish,of 4 ratings,N/A
CFMS,$19.2501,1440616560054,"163,068",Not yet rated,NULL,$27
CNFR,$10.46,1440616560248,"14,586",Not yet rated,NULL,N/A
CNXR,$6.4,1440616560387,"19,682",100% bearish,of 1 rating,$12
CNMD,$53.1,1440616560414,"52,412",Not yet rated,NULL,$59
CNOB,$19.05,1440616560435,"17,546",100% bullish,of 1 rating,$23.50
CTWS,$34.16,1440616560472,"6,160",100% bearish,of 1 rating,$44
CONN,$30.36,1440616560575,"393,756",67% bullish,of 3 ratings,$48.50
CWCO,$10.13,1440616560600,"36,246",67% bullish,of 3 ratings,$14.50
CNSL,$19.46,1440616560749,"102,271",100% bearish,of 1 rating,$23
CPSS,$5.75,1440616560896,"26,979",100% bullish,of 1 rating,$10
CTCT,$24.16,1440616560943,"131,022",67% bullish,of 3 ratings,$37
CFRX,$5,1440616560974,"28,528",Not yet rated,NULL,$14
CTRL,$7.87,1440616561076,"80,457",50% bullish,of 2 ratings,$11
CTRV,$3.8,1440616561147,"8,900",Not yet rated,NULL,$6.40
CFRXW,$1.89,1440616561207,800,100% bearish,of 1 rating,N/A
CFRXZ,NULL,1440616561231,0,Not yet rated,NULL,N/A
CPRT,$34,1440616561495,"109,695",67% bearish,of 3 ratings,$40
CRBP,$1.8401,1440616561539,"207,168",100% bullish,of 2 ratings,$6.25
CORT,$4.88,1440616561578,"336,734",67% bullish,of 3 ratings,$12
BVA,$3.85,1440616561625,200,50% bullish,of 2 ratings,N/A
CSOD,$35.48,1440616561723,"251,132",50% bullish,of 2 ratings,$42
CORI,$10.31,1440616561767,"37,187",100% bearish,of 1 rating,$18
CRVL,$30.4,1440616561867,"16,872",100% bearish,of 1 rating,N/A
CORE,$60.094,1440616561938,"67,086",100% bearish,of 1 rating,$72
CSGP,$173.97,1440616562093,"91,670",50% bullish,of 2 ratings,$235
COSI,$1.04,1440616562238,"186,872",100% bullish,of 1 rating,N/A
CPAH,NULL,1440616562281,0,50% bullish,of 2 ratings,N/A
COST,$137.6872,1440616562315,"1,079,730",79% bullish,of 24 ratings,$154.50
CVTI,$22.23,1440616562417,"109,071",67% bearish,of 3 ratings,$39
COVS,$2.515,1440616562456,"53,823",67% bullish,of 3 ratings,N/A
COWN,$5.005,1440616562482,"877,867",75% bullish,of 4 ratings,$7
ICBK,$18.55,1440616562610,300,Not yet rated,NULL,$21
COWNL,$27,1440616562694,"8,795",Not yet rated,NULL,N/A
CPSH,$2.17,1440616562774,"16,080",Not yet rated,NULL,N/A
CBRL,$143.34,1440616562824,"133,608",50% bullish,of 2 ratings,$155
CRAI,$21.6,1440616562910,"12,989",100% bearish,of 1 rating,$36
CRAY,$19.94,1440616562937,"155,775",83% bullish,of 6 ratings,$38.50
BREW,$7.41,1440616563068,"47,924",67% bullish,of 6 ratings,$15
CACC,$197.76,1440616563140,"70,367",50% bullish,of 2 ratings,$158.50
GLDI,$10.9911,1440616563302,"16,352",100% bearish,of 1 rating,N/A
CREE,$25.58,1440616563377,"685,487",65% bullish,of 17 ratings,$29.50
SLVO,$9.72,1440616563550,"65,464",100% bearish,of 1 rating,N/A
CRESY,$9.64,1440616563642,"100,483",100% bearish,of 1 rating,$19
CRDS,$1.01,1440616563667,"18,936",50% bullish,of 4 ratings,$4.50
CRTO,$41.77,1440616563698,"183,867",67% bullish,of 6 ratings,$64
CRWS,$7.94,1440616563833,"5,400",Not yet rated,NULL,$10
CRWN,$4.49,1440616563860,"44,825",75% bullish,of 4 ratings,N/A
CCRN,$13.73,1440616563992,"68,012",100% bearish,of 1 rating,$14.25
CROX,$13.96,1440616564017,"718,308",63% bullish,of 8 ratings,$16.50
CYRX,$2.79,1440616564256,"15,593",Not yet rated,NULL,$9
CYRXW,$0.8701,1440616564303,"19,400",Not yet rated,NULL,N/A
CSPI,$5.88,1440616564358,"1,050",67% bullish,of 3 ratings,N/A
CSGS,$30.07,1440616564380,"68,663",Not yet rated,NULL,$40
CCLP,$13.3,1440616564435,"39,180",67% bearish,of 3 ratings,$20
CTCM,$1.71,1440616564511,"98,138",80% bearish,of 5 ratings,$3.90
CTIB,$3.556,1440616564687,400,100% bearish,of 1 rating,N/A
CTIC,$1.515,1440616564715,"1,197,246",84% bullish,of 76 ratings,$5.75
CUI,$5.11,1440616564847,"14,952",50% bullish,of 2 ratings,$10
CPIX,$6.09,1440616564869,"64,400",Not yet rated,NULL,N/A
CTRP,$64.005,1440616564951,"943,979",75% bullish,of 8 ratings,$92
CMLS,$1.4,1440616565084,"444,571",50% bullish,of 4 ratings,$6
CUNB,$20.92,1440616565110,"7,498",Not yet rated,NULL,$24.50
CUTR,$14.25,1440616565164,"34,261",67% bearish,of 3 ratings,$18
CRIS,$2.38,1440616565254,"301,758",100% bullish,of 8 ratings,$6
CVV,$10.6,1440616565351,"11,518",100% bullish,of 5 ratings,N/A
CVBF,$15.73,1440616565408,"160,506",Not yet rated,NULL,$18
CYAN,$7.273,1440616565575,920,100% bearish,of 1 rating,N/A
CYCC,$0.51,1440616565659,"145,217",73% bullish,of 11 ratings,N/A
CYBX,$67.31,1440616565684,"207,287",50% bullish,of 4 ratings,$71.50
CYBR,$49.44,1440616565731,"860,941",71% bullish,of 7 ratings,$66
CYBE,$5.89,1440616565865,"5,030",100% bearish,of 1 rating,N/A
CBAY,$2.62,1440616565897,"53,172",100% bullish,of 1 rating,$4
CYCCP,$5.5,1440616565925,300,100% bearish,of 1 rating,N/A
CYNA,$16.22,1440616565953,"30,742",100% bullish,of 1 rating,$31.50
CYNO,$32.63,1440616566130,"45,633",67% bearish,of 3 ratings,$45.50
CY,$9.27,1440616566187,"3,081,793",80% bullish,of 10 ratings,$15.50
CYRN,$1.67,1440616566218,"30,050",67% bullish,of 3 ratings,$4
CYTK,$6.73,1440616566276,"108,019",71% bullish,of 14 ratings,$13.50
CYTX,$0.3285,1440616566319,"1,182,431",83% bullish,of 12 ratings,$5.50
CONE,$31.42,1440616566365,"149,906",67% bearish,of 3 ratings,$35
CYTR,$2.1568,1440616566501,"386,354",67% bullish,of 6 ratings,$10
CTSO,$6.36,1440616566706,"47,675",Not yet rated,NULL,$15.625
ZIV,$41.81,1440616566840,"83,397",Not yet rated,NULL,N/A
TVIZ,$17.51,1440616566897,"8,120",100% bearish,of 1 rating,N/A
DJCO,$193.18,1440616566921,501,Not yet rated,NULL,N/A
TVIX,$12.65,1440616566948,"21,328,106",81% bullish,of 16 ratings,N/A
DAEG,$0.35,1440616566973,"8,296",100% bearish,of 1 rating,N/A
XIV,$27.91,1440616567123,"22,979,125",75% bearish,of 4 ratings,N/A
DAKT,$8.47,1440616567292,"368,512",50% bullish,of 2 ratings,$14
DARA,$0.85,1440616567318,"83,983",83% bullish,of 6 ratings,$1.50
DWCH,$4.82,1440616567362,"15,104",75% bullish,of 4 ratings,$8.25
DAIO,$2.57,1440616567388,"5,600",Not yet rated,NULL,N/A
DTLK,$5.475,1440616567519,"61,699",100% bearish,of 1 rating,$9
DRAM,$1.13,1440616567545,"31,350",78% bullish,of 9 ratings,N/A
PLAY,$33.36,1440616567878,"170,435",100% bullish,of 5 ratings,$42
DTEA,$12.97,1440616567963,"55,031",100% bearish,of 2 ratings,$24
DWSN,$4.27,1440616568008,"21,351",67% bullish,of 3 ratings,N/A
TACO,$12.78,1440616568033,"152,541",75% bullish,of 4 ratings,$20
TACOW,$3.95,1440616568095,"29,200",100% bullish,of 1 rating,N/A
DBVT,$38.59,1440616568170,"33,107",100% bearish,of 1 rating,$53
TRAK,$62.86,1440616568237,"390,441",50% bullish,of 2 ratings,$62.50
DFRG,$14.28,1440616568268,"122,610",100% bearish,of 1 rating,$20
DHRM,$1.424,1440616568334,"4,087",Not yet rated,NULL,N/A
DGAS,$20.49,1440616568496,"16,347",67% bearish,of 3 ratings,N/A
DELT,$2.65,1440616568561,400,Not yet rated,NULL,N/A
DCTH,$0.377,1440616568666,"445,529",78% bullish,of 9 ratings,N/A
DENN,$11.46,1440616568767,"160,293",100% bullish,of 3 ratings,$15
DEPO,$28.1,1440616568830,"266,161",60% bullish,of 5 ratings,$29
DELTW,NULL,1440616568901,0,Not yet rated,NULL,N/A
DSCI,$5.69,1440616568964,"24,303",50% bullish,of 2 ratings,$16
DERM,$25.04,1440616568996,"62,091",100% bearish,of 1 rating,$33.50
XRAY,$52.32,1440616569054,"292,951",100% bullish,of 1 rating,$58
DXLG,$4.5,1440616569101,"161,071",100% bearish,of 1 rating,$8
DEST,$11.45,1440616569244,"54,451",50% bullish,of 2 ratings,N/A
DXM,$0.309,1440616569330,"68,184",50% bullish,of 2 ratings,N/A
DXCM,$91.89,1440616569374,"357,406",57% bullish,of 7 ratings,$98
DSWL,$1.6901,1440616569399,"58,992",100% bullish,of 1 rating,N/A
DHXM,NULL,1440616569424,0,Not yet rated,NULL,N/A
DMND,$27.96,1440616569595,"178,671",75% bullish,of 12 ratings,$32
DHIL,$189.98,1440616569804,"1,752",Not yet rated,NULL,N/A
DRNA,$10.33,1440616569877,"37,960",67% bearish,of 3 ratings,$25
FANG,$61.44,1440616569903,"375,696",50% bullish,of 2 ratings,$86.50
DGII,$9.5,1440616569931,"14,082",100% bearish,of 1 rating,$10
DCIX,$1.58,1440616569959,"54,533",50% bullish,of 4 ratings,$3.50
DRAD,$3.68,1440616569986,"6,170",100% bullish,of 1 rating,$5.25
DMRC,$34.09,1440616570062,"99,370",100% bearish,of 1 rating,$44
DGLY,$7.975,1440616570244,"374,961",50% bullish,of 6 ratings,$20
DCOM,$16.63,1440616570391,"59,532",100% bearish,of 2 ratings,$16.50
DPRX,$12.24,1440616570418,"3,902",100% bullish,of 2 ratings,$27.75
APPS,$2.31,1440616570484,"96,575",100% bearish,of 1 rating,$10.25
DISCA,$26.42,1440616570511,"1,385,791",67% bullish,of 3 ratings,$34
DIOD,$19.51,1440616570549,"74,977",75% bearish,of 4 ratings,$24
DISCB,$25.45,1440616570575,12,100% bearish,of 1 rating,$35
DISCK,$25.06,1440616570711,"1,183,624",100% bearish,of 1 rating,$32
DSCO,$0.3569,1440616570771,"192,067",83% bullish,of 6 ratings,$2.75
DISH,$58.4,1440616570928,"636,042",69% bullish,of 13 ratings,$73
DVCR,$10.6,1440616570998,100,100% bullish,of 1 rating,N/A
DNBF,$26.15,1440616571058,"2,394",Not yet rated,NULL,$27.50
DLHC,$2.3841,1440616571083,"5,321",100% bearish,of 1 rating,N/A
BAGR,$2.68,1440616571142,"44,028",100% bearish,of 1 rating,$6
DLTR,$76.88,1440616571273,"994,994",82% bullish,of 11 ratings,$88
DGICA,$14.14,1440616571343,"5,115",100% bearish,of 1 rating,$17
DMLP,$13.78,1440616571374,"21,164",100% bearish,of 1 rating,N/A
DGICB,NULL,1440616571477,0,100% bearish,of 1 rating,N/A
DORM,$50.401,1440616571742,"128,479",100% bearish,of 1 rating,$56
HILL,$9.675,1440616571768,"1,916,666",60% bearish,of 5 ratings,$9.75
DRWIW,$0.046,1440616571793,"1,400",Not yet rated,NULL,N/A
DRWI,$0.2288,1440616571944,"71,300",60% bullish,of 5 ratings,$.45
DWA,$19.675,1440616571982,"515,551",63% bullish,of 8 ratings,$26
DRYS,$0.345,1440616572007,"1,662,763",77% bullish,of 31 ratings,$.60
DSKX,$3.0899,1440616572133,"120,489",100% bullish,of 1 rating,N/A
DSPG,$8.51,1440616572235,"20,025",100% bearish,of 1 rating,$13.50
CADT,NULL,1440616572262,0,Not yet rated,NULL,N/A
CADTR,NULL,1440616572286,0,Not yet rated,NULL,N/A
CADTU,NULL,1440616572453,0,Not yet rated,NULL,N/A
DTSI,$26.46,1440616572512,"33,092",100% bearish,of 2 ratings,$39.50
CADTW,NULL,1440616572554,0,Not yet rated,NULL,N/A
DNKN,$50.82,1440616572628,"505,828",67% bullish,of 15 ratings,$56.50
DRRX,$1.935,1440616572659,"782,573",50% bullish,of 6 ratings,$3
DXPE,$26.74,1440616572760,"89,748",50% bullish,of 2 ratings,N/A
BOOM,$9.01,1440616572919,"58,174",67% bullish,of 3 ratings,$12
DYAX,$22.97,1440616572944,"356,848",89% bullish,of 9 ratings,$30
DYSL,$1.4001,1440616573009,"138,106",100% bullish,of 2 ratings,N/A
DYNT,$2.98,1440616573075,"3,448",75% bullish,of 4 ratings,N/A
ETFC,$25.0999,1440616573139,"1,683,689",57% bullish,of 14 ratings,$33
EGBN,$41.57,1440616573270,"72,139",Not yet rated,NULL,$48
EGLE,$6.36,1440616573376,"6,450",60% bullish,of 5 ratings,N/A
EBMT,$11.14,1440616573402,"2,045",Not yet rated,NULL,$13.50
DVAX,$26.6,1440616573459,"106,810",70% bullish,of 10 ratings,$40
EROC,$1.27,1440616573675,"278,335",50% bullish,of 2 ratings,$3
EGRX,$78.61,1440616573734,"279,781",67% bullish,of 3 ratings,$97
EWBC,$38.27,1440616573759,"1,369,301",100% bearish,of 1 rating,$50
EML,$16.89,1440616573964,"3,857",Not yet rated,NULL,N/A
ELNK,$8.215,1440616573988,"382,648",60% bullish,of 5 ratings,$9.50
EVBS,$6.4735,1440616574225,"3,618",Not yet rated,NULL,$7
ECHO,$23.06,1440616574251,"142,695",67% bearish,of 3 ratings,$35.50
EBAY,$25.955,1440616574295,"6,300,105",81% bullish,of 117 ratings,$48
EACQU,$10.19,1440616574324,"4,100",Not yet rated,NULL,N/A
ELON,$0.58,1440616574396,"70,661",50% bullish,of 2 ratings,N/A
EBIX,$27.39,1440616574421,"177,568",69% bullish,of 13 ratings,$40
ECTE,$1.37,1440616574552,"11,386",75% bullish,of 4 ratings,N/A
SATS,$43.067,1440616574683,"71,584",50% bullish,of 2 ratings,$60
ECACU,$10.06,1440616574710,"4,100",Not yet rated,NULL,N/A
ESES,$3.0501,1440616574874,286,100% bearish,of 1 rating,$7
EDAP,$3.4896,1440616574921,"84,716",60% bullish,of 5 ratings,$4.50
EDGW,$6.78,1440616574951,"15,997",100% bearish,of 1 rating,N/A
EEI,$10.95,1440616575015,702,67% bearish,of 3 ratings,N/A
EDUC,$4.9,1440616575105,"1,233",100% bearish,of 1 rating,N/A
EFUT,$4.2843,1440616575214,400,Not yet rated,NULL,N/A
EGAN,$3.26,1440616575241,"28,351",50% bullish,of 2 ratings,$6.25
ESLT,$74.69,1440616575442,"14,854",67% bullish,of 3 ratings,N/A
EGLT,$10.44,1440616575477,"31,439",50% bullish,of 2 ratings,$21
EMITF,$1.225,1440616575503,"9,665",75% bullish,of 4 ratings,N/A
ERI,$9.49,1440616575530,"48,233",100% bearish,of 1 rating,$10
LOCO,$11.89,1440616575560,"400,619",69% bullish,of 13 ratings,$20
EHTH,$13.7,1440616575585,"47,226",50% bullish,of 4 ratings,$16.50
ELRC,$10.34,1440616575721,"22,817",100% bearish,of 1 rating,N/A
EFII,$42.875,1440616576135,"145,444",80% bullish,of 5 ratings,$55
ELSE,$3.85,1440616576161,206,60% bullish,of 5 ratings,N/A
EA,$65.72,1440616576190,"1,880,738",77% bullish,of 35 ratings,$80
ELEC,NULL,1440616576226,0,Not yet rated,NULL,N/A
ESIO,$4.18,1440616576254,"96,807",50% bullish,of 2 ratings,$10
EBIO,$3.19,1440616576288,"311,547",100% bearish,of 2 ratings,$8.35
ELECU,NULL,1440616576317,0,Not yet rated,NULL,N/A
ELECW,NULL,1440616576422,0,Not yet rated,NULL,N/A
ESBK,$19.8276,1440616576652,"2,700",Not yet rated,NULL,N/A
RDEN,$10.5,1440616576677,"48,214",100% bearish,of 4 ratings,$15
LONG,$16.72,1440616576706,"65,906",67% bullish,of 3 ratings,$15.75
EMCI,$23.13,1440616576850,"13,774",Not yet rated,NULL,N/A
ELTK,$1.1599,1440616576981,"33,533",67% bearish,of 3 ratings,N/A
EMCF,NULL,1440616577058,0,100% bearish,of 1 rating,N/A
CAPX,$22.0116,1440616577082,100,Not yet rated,NULL,N/A
EMKR,$7,1440616577225,"71,035",75% bullish,of 4 ratings,$8.50
EMMSP,$3,1440616577278,"2,498",100% bearish,of 1 rating,N/A
EMMS,$1.11,1440616577353,"47,180",67% bullish,of 6 ratings,N/A
NYNY,$4.1428,1440616577409,"38,237",50% bullish,of 2 ratings,N/A
ENTA,$40.51,1440616577453,"84,510",50% bullish,of 2 ratings,$42
ENDP,$75.575,1440616577506,"842,516",50% bullish,of 6 ratings,$104
ERS,$2.8,1440616577534,"6,500",Not yet rated,NULL,N/A
WIRE,$30.6,1440616577583,"31,565",100% bearish,of 1 rating,$37
ECPG,$38.72,1440616577679,"64,429",100% bullish,of 2 ratings,$52
ELGX,$12.47,1440616577862,"343,427",75% bullish,of 4 ratings,$17
ECYT,$5.02,1440616577887,"159,714",83% bullish,of 6 ratings,$12
EIGI,$15.1,1440616577965,"509,199",67% bearish,of 3 ratings,$22.50
EFOI,$18.5,1440616578020,"818,824",50% bullish,of 2 ratings,$20.50
WATT,$6.2398,1440616578101,"134,756",50% bullish,of 2 ratings,$13
ERII,$2.655,1440616578259,"56,103",80% bullish,of 5 ratings,$2.50
ENOC,$8.33,1440616578290,"98,938",75% bullish,of 4 ratings,$18
EXXI,$1.42,1440616578356,"824,382",86% bullish,of 7 ratings,$3.50
ENG,$0.9995,1440616578384,"39,178",100% bullish,of 3 ratings,N/A
ENPH,$4.48,1440616578420,"410,216",75% bullish,of 4 ratings,$11
ENFC,$17.82,1440616578548,800,Not yet rated,NULL,N/A
ESGR,$146.27,1440616578630,"21,400",100% bearish,of 1 rating,$185
ETRM,$0.2394,1440616578762,"535,642",69% bearish,of 35 ratings,$1.625
EBTC,$21,1440616578795,"1,804",Not yet rated,NULL,N/A
ENTL,$21.65,1440616578930,"12,665",Not yet rated,NULL,$28
ENTG,$13.47,1440616578984,"230,180",100% bearish,of 1 rating,$18
EFSC,$23.61,1440616579065,"18,207",Not yet rated,NULL,$27
EGT,$2.0999,1440616579166,693,100% bullish,of 1 rating,N/A
ENZY,$9.05,1440616579193,"5,441",67% bullish,of 3 ratings,$9.50
ENVI,$1.83,1440616579221,"3,780",67% bullish,of 3 ratings,N/A
ENZN,$0.9701,1440616579243,"202,900",100% bullish,of 9 ratings,N/A
EPRS,$4.73,1440616579400,"46,557",82% bullish,of 11 ratings,$15
PLUS,$74.99,1440616579602,"32,614",50% bullish,of 2 ratings,$88
EPZM,$17.28,1440616579627,"107,881",60% bullish,of 5 ratings,$34
EPIQ,$13.04,1440616579653,"39,288",100% bearish,of 1 rating,$18
EQFN,NULL,1440616579701,0,100% bearish,of 1 rating,N/A
EQIX,$259.64,1440616579784,"310,569",75% bullish,of 4 ratings,$312.50
EAC,$3.25,1440616579809,"8,811",100% bearish,of 1 rating,$8
ERIE,$81.33,1440616579940,"7,183",Not yet rated,NULL,$73
ERIC,$9.64,1440616579965,"2,122,649",67% bullish,of 9 ratings,$12.20
ESCA,$16.9,1440616580099,"5,382",100% bearish,of 1 rating,$22
ESCRP,$1.1699,1440616580128,"6,702",100% bearish,of 1 rating,N/A
ESCR,$0.1403,1440616580230,"4,478",50% bullish,of 2 ratings,N/A
ESMC,NULL,1440616580256,0,Not yet rated,NULL,N/A
ESPR,$52.55,1440616580312,"559,980",70% bearish,of 10 ratings,$123
EPIX,$4.85,1440616580389,"2,100",Not yet rated,NULL,N/A
ESSA,$12.59,1440616580455,"3,650",100% bearish,of 1 rating,N/A
ESSX,$0.4189,1440616580664,"15,438",50% bullish,of 2 ratings,N/A
ESND,$33.58,1440616580733,"53,343",100% bearish,of 2 ratings,$40
ETSY,$13.0799,1440616580768,"260,039",80% bullish,of 5 ratings,$16
EEFT,$63.83,1440616580838,"180,783",100% bearish,of 1 rating,$67.50
CLWT,$2.56,1440616580902,500,100% bearish,of 1 rating,N/A
ESEA,$5.69,1440616581006,200,100% bullish,of 1 rating,$15
EVK,$3.63,1440616581207,"4,750",75% bearish,of 4 ratings,N/A
EVOK,$3.895,1440616581266,"52,710",100% bearish,of 1 rating,$13.375
EVOL,$6.02,1440616581298,"9,464",75% bullish,of 4 ratings,$10
EVLV,$2.22,1440616581325,"107,693",60% bullish,of 5 ratings,$6.50
EVEP,$7.04,1440616581352,"219,816",50% bullish,of 2 ratings,$15
EXAS,$20.62,1440616581373,"444,503",78% bullish,of 9 ratings,$31
EXA,$11.1101,1440616581408,"12,823",100% bearish,of 1 rating,$13
EXAC,$18.12,1440616581647,"14,274",100% bearish,of 1 rating,$22.50
EXEL,$5.53,1440616581718,"2,518,276",81% bullish,of 16 ratings,$6
EXPE,$114.525,1440616581746,"720,971",64% bullish,of 11 ratings,$130
EXFO,$2.6,1440616581826,"2,700",67% bearish,of 3 ratings,$3.95
EXLS,$35.74,1440616581883,"39,398",50% bullish,of 2 ratings,$41
EXPO,$42.12,1440616581958,"40,639",100% bearish,of 1 rating,$45.50
EXPD,$48.88,1440616582015,"1,000,822",80% bullish,of 5 ratings,$52
EYEG,$3.68,1440616582175,"29,305",Not yet rated,NULL,N/A
ESRX,$83.57,1440616582220,"1,931,482",67% bearish,of 6 ratings,$101
EXLP,$18.5,1440616582284,"128,454",100% bearish,of 1 rating,$25
EZCH,$20.585,1440616582354,"47,900",75% bullish,of 8 ratings,$19.50
FFIV,$121.895,1440616582417,"479,702",63% bullish,of 8 ratings,$132
EZPW,$5.89,1440616582484,"236,251",50% bullish,of 4 ratings,$7.50
EXTR,$2.6801,1440616582515,"309,611",80% bullish,of 5 ratings,$3
EYEGW,NULL,1440616582567,0,Not yet rated,NULL,N/A
FB,$86.54,1440616582617,"20,375,689",73% bullish,of 1066 ratings,$111
FRP,$15.41,1440616582829,"98,644",100% bearish,of 1 rating,$18
FALC,$1.5965,1440616582891,"23,143",63% bearish,of 8 ratings,N/A
FWM,$2.39,1440616582925,"56,678",100% bearish,of 2 ratings,$3.20
FCS,$13.26,1440616582955,"343,459",67% bearish,of 3 ratings,$17
DAVE,$14.19,1440616583059,"7,429",100% bearish,of 1 rating,$15.50
FFKT,$25.74,1440616583166,"7,280",Not yet rated,NULL,$29
FARM,$21.62,1440616583238,"16,701",100% bearish,of 1 rating,$35
FMNB,$8.03,1440616583318,"2,550",Not yet rated,NULL,N/A
FATE,$6.4599,1440616583423,"23,521",50% bullish,of 2 ratings,$11
FBSS,$15.5,1440616583486,400,Not yet rated,NULL,N/A
FAST,$38.02,1440616583511,"1,195,799",80% bullish,of 5 ratings,$45.50
FARO,$37.65,1440616583568,"39,756",50% bullish,of 2 ratings,$48
FDML,$8.315,1440616583647,"113,049",50% bullish,of 4 ratings,$14
FBRC,$22.26,1440616583776,"19,993",100% bearish,of 1 rating,$29
FEIC,$74.07,1440616583804,"94,105",50% bullish,of 2 ratings,$95.50
FHCO,$1.3,1440616583933,"24,958",50% bullish,of 4 ratings,N/A
FCSC,$5.447,1440616583963,"87,732",100% bearish,of 1 rating,$8.125
FNHC,$21.81,1440616583990,"94,102",100% bearish,of 1 rating,$35
FENX,$9.54,1440616584037,"56,668",100% bullish,of 1 rating,$14.25
ONEQ,$182.36,1440616584173,"26,633",100% bullish,of 1 rating,N/A
FGEN,$22.87,1440616584200,"103,932",100% bearish,of 1 rating,$39
FRGI,$50.97,1440616584339,"62,939",50% bullish,of 2 ratings,$70
FDUS,$13.77,1440616584370,"41,136",50% bullish,of 2 ratings,$18
LION,$18.84,1440616584396,"65,642",100% bullish,of 1 rating,$20
FSAM,$8.32,1440616584475,"14,645",100% bearish,of 1 rating,$10.25
FSC,$6.175,1440616584694,"564,409",60% bullish,of 5 ratings,$8
FSCFL,$24.2499,1440616584721,"4,970",Not yet rated,NULL,N/A
FITBI,$27.34,1440616584752,"6,308",Not yet rated,NULL,N/A
FITB,$19.06,1440616584805,"6,025,906",54% bullish,of 13 ratings,$22
FSFR,$8.71,1440616584851,"57,150",100% bearish,of 1 rating,$11.50
FNGN,$31.88,1440616584910,"216,813",67% bullish,of 3 ratings,$47
FNSR,$15.36,1440616584940,"620,841",71% bullish,of 7 ratings,$24.50
FISI,$24.63,1440616585047,"3,691",100% bullish,of 2 ratings,$24.50
FNJN,$1.6007,1440616585111,"20,809",100% bearish,of 1 rating,$5
FNTC,NULL,1440616585144,0,Not yet rated,NULL,N/A
FNTCW,NULL,1440616585304,0,Not yet rated,NULL,N/A
FNTCU,$10.15,1440616585360,10,Not yet rated,NULL,N/A
FEYE,$37.94,1440616585458,"2,262,815",87% bullish,of 15 ratings,$55.50
FNLC,$18.55,1440616585483,"6,122",100% bullish,of 1 rating,N/A
FBNC,$16.765,1440616585673,"1,876",100% bullish,of 1 rating,$20
FRBA,$6.05,1440616585750,"10,900",Not yet rated,NULL,$8
FBIZ,$44.1,1440616585784,"39,400",100% bearish,of 2 ratings,$52
FCAP,$27.02,1440616585805,202,Not yet rated,NULL,N/A
FCVA,$4.6,1440616585851,845,Not yet rated,NULL,N/A
BUSE,$6.33,1440616585876,"16,996",Not yet rated,NULL,$6.875
FCFS,$38.71,1440616585938,"133,081",100% bearish,of 3 ratings,$48
FCNCA,$231.2,1440616586212,"1,735",Not yet rated,NULL,N/A
FCLF,NULL,1440616586237,0,Not yet rated,NULL,N/A
FCCO,$11.81,1440616586380,"1,904",Not yet rated,NULL,$13.25
FBNK,$16.74,1440616586406,"17,910",100% bearish,of 1 rating,$17.50
FCBC,$17.2,1440616586431,"14,772",Not yet rated,NULL,$18
FCFP,$6.9,1440616586456,201,Not yet rated,NULL,N/A
FDEF,$37.27,1440616586599,"17,324",Not yet rated,NULL,$38
FFBC,$17.94,1440616586624,"101,415",67% bearish,of 3 ratings,$20.25
FFNM,$6.37,1440616586804,200,Not yet rated,NULL,N/A
THFF,$33.09,1440616586932,"8,187",Not yet rated,NULL,$35
FFBCW,NULL,1440616586960,0,100% bearish,of 1 rating,N/A
FFNW,$11.89,1440616587014,"20,499",Not yet rated,NULL,$14
FFWM,$20.69,1440616587043,"13,144",Not yet rated,NULL,$24
FFIN,$30.21,1440616587064,"72,896",50% bullish,of 2 ratings,$31.75
INBK,$29.86,1440616587098,"6,527",50% bullish,of 2 ratings,$37
FIBK,$26.31,1440616587257,"41,966",Not yet rated,NULL,$32
FMBH,$21.56,1440616587464,174,Not yet rated,NULL,N/A
FRME,$25.55,1440616587494,"81,023",Not yet rated,NULL,$26.50
FMBI,$17.13,1440616587524,"115,335",Not yet rated,NULL,$20
FNFG,$8.745,1440616587596,"1,224,557",80% bullish,of 5 ratings,$9
FNBC,$34.01,1440616587625,"24,502",Not yet rated,NULL,$40
FSFG,$30.79,1440616587679,780,Not yet rated,NULL,N/A
FNWB,$11.75,1440616587724,"14,783",Not yet rated,NULL,N/A
FSGI,$2.5,1440616587820,"6,672",Not yet rated,NULL,N/A
FSLR,$45.99,1440616587896,"893,022",74% bullish,of 39 ratings,$65
BICK,$18.78,1440616587953,300,100% bullish,of 1 rating,N/A
FSBK,$7.588,1440616588023,"4,508",100% bullish,of 1 rating,N/A
FCAN,$22.9399,1440616588120,225,Not yet rated,NULL,N/A
FBZ,$9.74,1440616588140,200,Not yet rated,NULL,N/A
FTCS,$35.8828,1440616588219,"13,867",100% bearish,of 1 rating,N/A
FCA,$18.58,1440616588347,"2,365",Not yet rated,NULL,N/A
FV,$22.89,1440616588448,"2,350,905",100% bearish,of 1 rating,N/A
FEMB,$41.88,1440616588579,18,Not yet rated,NULL,N/A
IFV,$17.5499,1440616588610,"729,636",100% bearish,of 1 rating,N/A
FTSM,$59.8914,1440616588640,"10,679",100% bearish,of 1 rating,N/A
TDIV,$24.043,1440616588713,"224,673",100% bearish,of 1 rating,N/A
FEUZ,$30.56,1440616588766,"10,910",Not yet rated,NULL,N/A
MDIV,$18.803,1440616588795,"245,643",Not yet rated,NULL,N/A
FTGC,$21.6416,1440616588822,"19,936",Not yet rated,NULL,N/A
FGM,$35.59,1440616588849,"40,524",Not yet rated,NULL,N/A
FTHI,$18.78,1440616589000,"9,500",Not yet rated,NULL,N/A
FHK,$32.57,1440616589251,"41,096",Not yet rated,NULL,N/A
HYLS,$48.83,1440616589338,"29,952",100% bearish,of 1 rating,N/A
SKYY,$28.3001,1440616589417,"54,414",100% bullish,of 1 rating,N/A
FPXI,NULL,1440616589470,0,Not yet rated,NULL,N/A
FJP,$46.27,1440616589555,"55,550",Not yet rated,NULL,N/A
YDIV,$16,1440616589596,"2,817",Not yet rated,NULL,N/A
PLTM,$6.1402,1440616589623,"6,807",100% bearish,of 1 rating,N/A
CU,$12.0836,1440616589655,"6,467",100% bearish,of 1 rating,N/A
FTLB,$18.8731,1440616589790,"1,250",100% bearish,of 1 rating,N/A
LMBS,$50.11,1440616589820,200,Not yet rated,NULL,N/A
CIBR,$17.67,1440616589985,"78,124",Not yet rated,NULL,N/A
QABA,$36.4261,1440616590020,"10,062",100% bearish,of 1 rating,N/A
FMB,$51.04,1440616590114,325,Not yet rated,NULL,N/A
QCLN,$14.19,1440616590140,"16,552",Not yet rated,NULL,N/A
FONE,$33.7899,1440616590166,100,Not yet rated,NULL,N/A
GRID,NULL,1440616590387,0,100% bearish,of 1 rating,N/A
QQXT,$39.52,1440616590517,"32,094",Not yet rated,NULL,N/A
RDVY,$20.62,1440616590574,"10,398",Not yet rated,NULL,N/A
QQEW,$40.6,1440616590603,"109,974",Not yet rated,NULL,N/A
QTEC,$38.925,1440616590631,"108,884",Not yet rated,NULL,N/A
AIRR,$15.71,1440616590661,"2,328",100% bearish,of 1 rating,N/A
QINC,$19.83,1440616590706,"6,431",Not yet rated,NULL,N/A
CARZ,$33.9096,1440616590732,"5,924",100% bearish,of 1 rating,N/A
FKO,$22.59,1440616591004,300,Not yet rated,NULL,N/A
FTSL,$48.5047,1440616591144,"81,759",100% bearish,of 1 rating,N/A
FSZ,$38.92,1440616591229,"51,301",Not yet rated,NULL,N/A
FTW,NULL,1440616591253,0,Not yet rated,NULL,N/A
FDIV,$46.42,1440616591315,934,100% bearish,of 1 rating,N/A
FKU,$41.05,1440616591446,"45,430",Not yet rated,NULL,N/A
TUSA,$24.35,1440616591492,"8,738",Not yet rated,NULL,N/A
FUNC,$8.2118,1440616591584,700,Not yet rated,NULL,N/A
SVVC,$9.3301,1440616591618,"8,128",50% bullish,of 2 ratings,$26
FMER,$17.57,1440616591643,"849,094",50% bullish,of 2 ratings,$20
FISV,$84.03,1440616591691,"854,867",100% bearish,of 3 ratings,$90
FSV,$31.16,1440616591725,"10,556",Not yet rated,NULL,$33.60
FIVE,$36.06,1440616591832,"407,650",75% bearish,of 4 ratings,$44
FIVN,$4.06,1440616591926,"122,761",100% bullish,of 1 rating,$8.50
FLML,$21.32,1440616592166,"69,067",50% bullish,of 2 ratings,$30
FLXN,$23.76,1440616592263,"44,778",100% bearish,of 1 rating,$40
FLXS,$31.15,1440616592323,"12,265",100% bearish,of 2 ratings,N/A
FPRX,$18.61,1440616592352,"255,819",50% bullish,of 2 ratings,$35
MBSD,$24.9,1440616592379,700,Not yet rated,NULL,N/A
SKOR,$50.2,1440616592403,100,Not yet rated,NULL,N/A
FLKS,$12.29,1440616592455,"29,691",50% bullish,of 2 ratings,$27
FLEX,$10.23,1440616592612,"1,356,055",63% bullish,of 8 ratings,$12
FLIR,$27.455,1440616592666,"499,705",100% bearish,of 1 rating,$38.50
FLDM,$11.73,1440616592696,"199,893",67% bearish,of 3 ratings,$21.50
FOMX,$9.56,1440616592801,"65,872",50% bullish,of 2 ratings,$23.50
FOGO,$17.9999,1440616592861,"28,630",50% bullish,of 2 ratings,$25.50
FFIC,$19.94,1440616592887,"74,663",Not yet rated,NULL,$21
FONR,$9.5752,1440616593019,"31,939",100% bullish,of 1 rating,N/A
FORM,$6.18,1440616593154,"152,927",67% bullish,of 3 ratings,$10.50
FORTY,$29.58,1440616593184,831,100% bearish,of 1 rating,N/A
FES,$0.94,1440616593284,"30,570",50% bullish,of 2 ratings,$1
FBIO,$2.44,1440616593317,"66,354",83% bullish,of 6 ratings,N/A
FORR,$31.43,1440616593345,"25,185",Not yet rated,NULL,N/A
FWRD,$45.42,1440616593419,"61,320",100% bearish,of 1 rating,$50
FTNT,$42.6,1440616593443,"583,234",80% bullish,of 10 ratings,$52
FORD,$1.658,1440616593596,"8,866,740",67% bullish,of 3 ratings,N/A
FWP,$25.37,1440616593667,"50,802",100% bearish,of 1 rating,$45
FXCB,$17.07,1440616593727,"6,228",Not yet rated,NULL,$19
FOSL,$58.36,1440616593860,"532,401",60% bearish,of 5 ratings,$80
FMI,$21.48,1440616593885,"85,404",100% bearish,of 2 ratings,$27.50
FOXF,$15.23,1440616593913,"31,427",100% bearish,of 1 rating,$19
FRAN,$10.87,1440616594041,"374,911",50% bullish,of 4 ratings,$15
FELE,$27.94,1440616594091,"83,226",50% bullish,of 4 ratings,$33
FRED,$13,1440616594117,"115,885",50% bullish,of 2 ratings,$16.50
FREE,$0.3483,1440616594188,"216,438",92% bullish,of 12 ratings,N/A
RAIL,$19.46,1440616594288,"54,749",100% bearish,of 1 rating,$24.50
FRPT,$12.38,1440616594319,"184,303",67% bearish,of 3 ratings,$23.50
FEIM,$10.51,1440616594387,"2,086",100% bearish,of 1 rating,N/A
FTR,$4.83,1440616594423,"13,845,266",78% bullish,of 27 ratings,$6.25
FTRPR,$96.94,1440616594514,"58,519",100% bearish,of 1 rating,N/A
FRPH,$30.51,1440616594540,"1,939",100% bearish,of 1 rating,N/A
FTD,$29.399,1440616594751,"42,704",100% bearish,of 1 rating,$40
FSBW,$22.75,1440616594883,"1,138",Not yet rated,NULL,N/A
FTEK,$2.04,1440616594938,"57,048",75% bullish,of 4 ratings,N/A
FCEL,$0.7164,1440616594962,"456,966",88% bullish,of 41 ratings,$2.65
FSYS,$6.14,1440616594992,"24,892",67% bullish,of 3 ratings,$10
FULLL,$25.15,1440616595096,272,Not yet rated,NULL,N/A
FULL,$3.1,1440616595122,"16,709",67% bearish,of 3 ratings,$4.25
FSNN,$2.24,1440616595455,"12,600",67% bullish,of 3 ratings,$6
FFHL,$0.883,1440616595482,"1,100",50% bullish,of 4 ratings,N/A
FLL,$1.465,1440616595503,"20,215",75% bullish,of 4 ratings,$3.50
FULT,$11.89,1440616595554,"462,467",100% bearish,of 1 rating,$13
FXENP,$15.86,1440616595632,560,100% bearish,of 1 rating,N/A
FXEN,$0.7838,1440616595658,"31,077",75% bullish,of 4 ratings,$1.10
GK,$67.17,1440616595788,"40,229",Not yet rated,NULL,$78
WILC,$4.789,1440616595854,"7,811",100% bullish,of 2 ratings,N/A
GLPG,$60.5301,1440616596007,"45,818",100% bullish,of 1 rating,$75
GALTU,NULL,1440616596032,0,100% bearish,of 1 rating,N/A
GALTW,NULL,1440616596108,0,100% bullish,of 1 rating,N/A
GALE,$1.485,1440616596202,"1,225,691",89% bullish,of 47 ratings,$4
GALT,$1.715,1440616596227,"72,405",80% bullish,of 5 ratings,N/A
GAIA,$5.85,1440616596358,"6,112",50% bullish,of 2 ratings,$8.50
GLPI,$31.19,1440616596393,"317,080",100% bearish,of 1 rating,$37.50
GLMD,$8.68,1440616596455,"50,874",67% bullish,of 3 ratings,$20.50
GRMN,$37.65,1440616596542,"488,232",50% bullish,of 6 ratings,$46.50
GGAC,$9.85,1440616596605,189,100% bearish,of 1 rating,N/A
GPIC,$10,1440616596630,459,100% bearish,of 1 rating,N/A
GGACR,NULL,1440616596782,0,100% bullish,of 1 rating,N/A
GGACU,$10.02,1440616596835,872,Not yet rated,NULL,N/A
GGACW,$0.11,1440616596862,"17,510",Not yet rated,NULL,N/A
GNCMA,$16.83,1440616597076,"86,871",100% bearish,of 1 rating,$12
GARS,$14.06,1440616597104,"26,019",Not yet rated,NULL,$16
GENC,$9.25,1440616597125,520,100% bearish,of 1 rating,N/A
GENE,$2.0501,1440616597254,"84,299",100% bullish,of 12 ratings,N/A
GFN,$3.52,1440616597281,"9,802",100% bearish,of 2 ratings,$8
GFNCP,$94.18,1440616597302,500,Not yet rated,NULL,N/A
GFNSL,$25.6,1440616597337,"1,870",Not yet rated,NULL,N/A
GNCA,$12.42,1440616597433,"53,742",100% bearish,of 1 rating,$20
GHDX,$25.64,1440616597487,"72,585",50% bullish,of 2 ratings,$30
GNTX,$15.19,1440616597686,"1,158,408",Not yet rated,NULL,$20
THRM,$42.7,1440616597819,"283,077",75% bearish,of 4 ratings,$55.50
GNVC,$2.3,1440616597844,"13,508",90% bullish,of 10 ratings,$8.50
GEOS,$13.92,1440616597972,"68,174",100% bearish,of 3 ratings,$21
GNMK,$9.39,1440616598062,"72,225",67% bullish,of 6 ratings,$14
GERN,$3.01,1440616598087,"1,408,490",88% bullish,of 16 ratings,$5.25
GTWN,NULL,1440616598131,0,Not yet rated,NULL,N/A
GABC,$29,1440616598159,"6,836",Not yet rated,NULL,$31
GEVO,$2.21,1440616598262,"394,015",75% bullish,of 12 ratings,$5
ROCK,$16.27,1440616598408,"49,689",80% bullish,of 5 ratings,$24
GIGM,$0.5616,1440616598435,"7,300",100% bullish,of 2 ratings,N/A
GILT,$4.26,1440616598465,"7,335",50% bullish,of 2 ratings,N/A
GIGA,$1.44,1440616598493,"4,068",100% bearish,of 1 rating,N/A
GILD,$106.0919,1440616598622,"5,885,893",91% bullish,of 87 ratings,$129
GIII,$65.76,1440616598649,"70,321",67% bullish,of 3 ratings,$75
GBCI,$25,1440616598684,"263,257",50% bullish,of 2 ratings,$31
GLAD,$8.265,1440616598958,"81,347",50% bullish,of 2 ratings,$8.75
GLADO,$25.49,1440616599088,"2,875",Not yet rated,NULL,N/A
GAIN,$7.2499,1440616599137,"147,063",100% bullish,of 2 ratings,$8.25
GOODN,$25.27,1440616599167,300,Not yet rated,NULL,N/A
GOODP,$25.25,1440616599194,15,Not yet rated,NULL,N/A
GOOD,$14.26,1440616599215,"69,236",Not yet rated,NULL,$19
GOODO,$25,1440616599249,400,Not yet rated,NULL,N/A
GAINN,$25.22,1440616599358,"17,289",Not yet rated,NULL,N/A
GAINO,$25.1889,1440616599486,"4,121",Not yet rated,NULL,N/A
GAINP,$26,1440616599589,"2,644",Not yet rated,NULL,N/A
LAND,$9.23,1440616599619,"13,984",50% bullish,of 2 ratings,$13.75
GLBZ,$11.62,1440616599645,850,Not yet rated,NULL,N/A
GBT,$41.8205,1440616599725,"143,601",100% bearish,of 1 rating,N/A
GDEF,NULL,1440616599869,0,Not yet rated,NULL,N/A
GPACU,NULL,1440616600040,0,Not yet rated,NULL,N/A
GBLI,$26.77,1440616600072,"3,354",Not yet rated,NULL,N/A
ACTX,$12.5599,1440616600171,100,100% bullish,of 1 rating,N/A
GSOL,$8.13,1440616600200,"16,417",100% bearish,of 1 rating,N/A
ENT,$11.2301,1440616600232,"527,159",100% bearish,of 1 rating,$18
SOCL,$17.0148,1440616600253,"46,145",100% bullish,of 2 ratings,N/A
QQQC,$18.0328,1440616600336,"3,390",100% bearish,of 1 rating,N/A
ALTY,NULL,1440616600467,0,Not yet rated,NULL,N/A
SRET,NULL,1440616600601,0,Not yet rated,NULL,N/A
YLCO,NULL,1440616600674,0,Not yet rated,NULL,N/A
GSM,$12.38,1440616600733,"366,545",50% bullish,of 2 ratings,$23
GAI,$5.9899,1440616600818,"1,046",50% bullish,of 2 ratings,N/A
GBIM,$2.09,1440616600889,"19,803",50% bullish,of 2 ratings,N/A
GLYC,$6.75,1440616601023,"12,817",50% bullish,of 2 ratings,$14
GLBS,$1.0101,1440616601054,"2,500",67% bullish,of 3 ratings,N/A
GLUU,$4.19,1440616601080,"999,107",92% bullish,of 26 ratings,$9
GLRI,$1,1440616601149,"6,350",100% bearish,of 1 rating,$4.25
GMLP,$17.17,1440616601251,"111,468",50% bullish,of 4 ratings,$32.50
GOGO,$15.17,1440616601312,"429,815",80% bullish,of 5 ratings,$25
GLNG,$34.08,1440616601391,"427,174",83% bullish,of 6 ratings,$58
GLDC,$4.0001,1440616601446,100,50% bullish,of 2 ratings,N/A
GDEN,$9.07,1440616601483,"18,406",50% bullish,of 2 ratings,N/A
GOGL,$2.58,1440616601675,"212,934",75% bullish,of 4 ratings,$5
GOOG,$622.11,1440616601699,"1,245,002",89% bullish,of 70 ratings,$825
GBDC,$16.4601,1440616601767,"126,126",Not yet rated,NULL,$17.75
GTIM,$6.54,1440616601828,"25,954",Not yet rated,NULL,$11.50
GMAN,$4.1,1440616601914,"80,540",60% bullish,of 5 ratings,$8.50
GOOGL,$653.665,1440616601964,"1,214,416",88% bullish,of 1080 ratings,$749
GPIA,NULL,1440616601992,0,Not yet rated,NULL,N/A
GPRO,$45.6389,1440616602020,"6,012,201",78% bullish,of 58 ratings,$72
GPIAU,NULL,1440616602100,0,Not yet rated,NULL,N/A
GPIAW,NULL,1440616602315,0,Not yet rated,NULL,N/A
GRVY,$3.25,1440616602345,550,50% bullish,of 2 ratings,N/A
GBSN,$0.324,1440616602366,"6,408,973",100% bearish,of 1 rating,$8.25
LOPE,$36.58,1440616602410,"90,736",100% bearish,of 2 ratings,$50
GBSNU,NULL,1440616602442,0,NULL,NULL,NULL
GLDD,$5.24,1440616602512,"123,211",100% bearish,of 4 ratings,$7.75
GSBC,$39.31,1440616602647,"7,112",100% bullish,of 1 rating,$44
GRBK,$12.15,1440616602752,"108,428",77% bullish,of 13 ratings,N/A
GPP,$13.13,1440616602820,"38,160",Not yet rated,NULL,$20.50
GPRE,$17.95,1440616602846,"279,739",67% bullish,of 6 ratings,$28.50
GNBC,$11.28,1440616602879,"8,702",100% bearish,of 1 rating,$16.50
GCBC,$28.5,1440616602906,14,100% bullish,of 1 rating,N/A
GRIF,$30.6,1440616603088,400,100% bearish,of 1 rating,N/A
GRPN,$4.145,1440616603220,"5,150,461",61% bullish,of 71 ratings,$6.75
GLRE,$23.65,1440616603246,"113,714",50% bullish,of 2 ratings,$41
GRFS,$30.49,1440616603378,"86,449",50% bullish,of 2 ratings,$35
OMAB,$38.34,1440616603507,"23,694",100% bullish,of 1 rating,$44
GGAL,$18.36,1440616603533,"123,566",80% bullish,of 5 ratings,$40
GSIG,$12.82,1440616603582,"40,947",100% bearish,of 2 ratings,N/A
GSIT,$4.65,1440616603687,"2,503",100% bearish,of 1 rating,N/A
GTXI,$0.782,1440616603722,"19,037",100% bullish,of 5 ratings,$.75
GSVC,$8.4,1440616603747,"25,196",50% bullish,of 2 ratings,$14.50
GBNK,$15.4,1440616603921,"7,810",100% bearish,of 1 rating,$18
GFED,$14.6,1440616603947,600,Not yet rated,NULL,$17
GUID,$6.89,1440616603968,"79,317",100% bearish,of 3 ratings,$10
GULTU,$0.2901,1440616604112,"64,690",100% bearish,of 1 rating,N/A
GURE,$1.59,1440616604163,"14,138",88% bullish,of 8 ratings,N/A
GIFI,$11.16,1440616604184,"32,103",100% bearish,of 1 rating,$16
GPOR,$32.73,1440616604370,"816,760",75% bullish,of 4 ratings,$55
GWPH,$101.39,1440616604397,"72,612",78% bullish,of 9 ratings,$148.50
GYRO,NULL,1440616604538,0,100% bearish,of 1 rating,N/A
GWGH,$7.1101,1440616604564,"1,400",100% bearish,of 1 rating,$15.05
HLG,NULL,1440616604592,0,100% bearish,of 1 rating,N/A
HEES,$17.16,1440616604692,"219,116",67% bearish,of 3 ratings,$31
HNRG,$7.5,1440616604737,"95,288",100% bearish,of 1 rating,$10
HBK,$13.74,1440616604764,304,50% bullish,of 2 ratings,N/A
HALL,$10.99,1440616604831,"8,676",Not yet rated,NULL,N/A
HALO,$17.29,1440616604933,"645,280",67% bullish,of 3 ratings,$22.50
HMPR,$1.84,1440616605022,"22,981",100% bullish,of 1 rating,N/A
HBHC,$26.25,1440616605125,"172,209",50% bullish,of 2 ratings,$30
HBHCL,$24.316,1440616605150,"23,573",Not yet rated,NULL,N/A
HNH,$25.9748,1440616605177,"3,444",100% bullish,of 1 rating,N/A
HQCL,$11.6525,1440616605462,"52,332",67% bullish,of 3 ratings,$14
HDNG,$9.6,1440616605491,"12,979",50% bullish,of 4 ratings,N/A
HAFC,$23.67,1440616605512,"78,665",100% bullish,of 2 ratings,$28.50
HRMNU,NULL,1440616605545,0,Not yet rated,NULL,N/A
HNSN,$0.508,1440616605641,"46,174",88% bullish,of 8 ratings,$.40
HRMN,NULL,1440616605742,0,Not yet rated,NULL,N/A
HLIT,$5.59,1440616605822,"175,382",100% bearish,of 1 rating,$6.50
HRMNW,NULL,1440616605849,0,Not yet rated,NULL,N/A
TINY,$2.4995,1440616605992,"5,672",50% bullish,of 2 ratings,$5.26
HART,$0.89,1440616606064,"83,775",100% bearish,of 1 rating,N/A
HCAPL,$25.2,1440616606091,"4,214",Not yet rated,NULL,N/A
HBIO,$4.49,1440616606340,"39,033",Not yet rated,NULL,$10
HCOM,$22.04,1440616606414,"8,077",100% bearish,of 1 rating,$28
HCAP,$12.08,1440616606517,"4,781",50% bullish,of 2 ratings,$15
HAS,$72.735,1440616606547,"658,872",63% bullish,of 8 ratings,$84.50
HA,$22.9,1440616606580,"286,689",67% bullish,of 9 ratings,$27
HWBK,$13.5001,1440616606607,200,100% bearish,of 1 rating,N/A
HAYN,$35.9,1440616606676,"25,054",100% bearish,of 1 rating,$59
HWKN,$35.55,1440616606705,"13,466",Not yet rated,NULL,N/A
HDS,$31.87,1440616606834,"1,528,238",100% bearish,of 2 ratings,$39.50
HIIQ,$4.32,1440616607121,"6,246",50% bullish,of 2 ratings,$7
HQY,$28.74,1440616607156,"76,541",67% bullish,of 3 ratings,$31
HSTM,$24.47,1440616607177,"22,479",50% bullish,of 2 ratings,$33.75
HCSG,$33.15,1440616607253,"109,547",50% bullish,of 4 ratings,$35
HWAY,$11.97,1440616607278,"120,512",100% bearish,of 1 rating,$15
HTLD,$20.43,1440616607348,"201,216",Not yet rated,NULL,$22.50
HTLF,$35.975,1440616607428,"15,285",100% bullish,of 1 rating,$39.50
HTBX,$5.07,1440616607575,"17,116",50% bullish,of 2 ratings,$15.50
HTWR,$81.77,1440616607647,"73,351",50% bullish,of 2 ratings,$103
HMTV,$13.5162,1440616607841,"36,560",100% bearish,of 1 rating,$16
HSII,$19.7,1440616607867,"57,752",100% bullish,of 3 ratings,$25
HCACU,$9.9505,1440616608054,"2,000",Not yet rated,NULL,N/A
HNNA,$24.497,1440616608080,"5,682",Not yet rated,NULL,N/A
HSIC,$136.88,1440616608107,"149,279",83% bullish,of 6 ratings,$146
HERO,NULL,1440616608130,0,NULL,NULL,NULL
HELE,$84.705,1440616608264,"107,832",67% bearish,of 3 ratings,$100
HMNY,$2.27,1440616608368,200,100% bearish,of 1 rating,N/A
HFWA,$17.57,1440616608394,"9,246",100% bullish,of 1 rating,$20
HTBK,$10.72,1440616608428,"16,722",Not yet rated,NULL,$12
HEOP,$7.73,1440616608459,"3,192",Not yet rated,NULL,$8.50
HCCI,$11,1440616608524,"20,653",100% bearish,of 1 rating,$16.50
MLHR,$26.74,1440616608555,"149,163",50% bullish,of 2 ratings,$33.50
HRTX,$33.27,1440616608820,"553,334",67% bullish,of 6 ratings,$41
HFFC,$15.8,1440616608908,"2,640",Not yet rated,NULL,N/A
HPJ,$2.164,1440616609040,"18,999",75% bullish,of 4 ratings,$12.43
HIFS,$115.72,1440616609076,"1,282",Not yet rated,NULL,N/A
HIMX,$6.39,1440616609175,"536,361",86% bullish,of 21 ratings,$8.50
HSKA,$33.49,1440616609196,"20,655",100% bearish,of 1 rating,$38
HIHO,$3.61,1440616609225,"11,210",Not yet rated,NULL,N/A
HSGX,$6.06,1440616609278,"2,600",100% bearish,of 1 rating,$17
HIBB,$38.2499,1440616609420,"244,857",100% bearish,of 1 rating,$46.50
HOLI,$16.95,1440616609452,"162,154",50% bullish,of 4 ratings,$27
HMNF,$11.1422,1440616609585,"2,677",Not yet rated,NULL,N/A
HMSY,$9.86,1440616609606,"824,462",67% bullish,of 3 ratings,$19.35
HOLX,$38.58,1440616609687,"1,551,658",67% bullish,of 3 ratings,$42
HFBL,$21.54,1440616609892,200,Not yet rated,NULL,N/A
HOMB,$37.45,1440616609963,"102,664",Not yet rated,NULL,$42
HBCP,$24.35,1440616609988,"2,047",Not yet rated,NULL,$29
HMIN,$26.635,1440616610180,"73,575",100% bearish,of 2 ratings,$35
AWAY,$27.92,1440616610206,"493,012",67% bullish,of 3 ratings,$36
HTBI,$18.03,1440616610336,"16,233",67% bullish,of 3 ratings,$18.625
CETC,$0.7284,1440616610364,"53,665",86% bullish,of 7 ratings,N/A
HFBC,$10.96,1440616610549,"4,417",Not yet rated,NULL,N/A
HOFT,$23.5,1440616610653,"16,236",100% bearish,of 1 rating,N/A
HKTV,$4.296,1440616610681,"23,845",100% bearish,of 1 rating,N/A
HZNP,$28.91,1440616610709,"897,970",85% bullish,of 20 ratings,$40
HRZN,$10.01,1440616610739,"43,453",50% bullish,of 2 ratings,$14.25
ZINC,$7.03,1440616610874,"248,532",100% bearish,of 1 rating,$17
HBNC,$23.1,1440616611079,"10,158",100% bullish,of 1 rating,$27
HDP,$23.1,1440616611269,"263,041",67% bearish,of 3 ratings,$30.50
HMST,$21.81,1440616611304,"88,293",100% bullish,of 2 ratings,$27
HMHC,$22.495,1440616611365,"753,630",Not yet rated,NULL,$27
HTGM,$5.695,1440616611435,"14,811",100% bearish,of 1 rating,$19.50
HSNI,$61.13,1440616611460,"110,036",Not yet rated,NULL,$80
HWCC,$7.24,1440616611523,"29,096",100% bearish,of 1 rating,$9
HOVNP,$4.35,1440616611602,"3,500",100% bearish,of 1 rating,N/A
HBMD,$14.28,1440616611705,300,100% bearish,of 1 rating,N/A
HBANP,$1350,1440616611870,25,100% bearish,of 1 rating,N/A
HBAN,$10.49,1440616611899,"4,258,582",76% bullish,of 17 ratings,$12.29
HUBG,$37.56,1440616611926,"82,680",100% bearish,of 1 rating,$43
HSON,$2.58,1440616611946,"4,303",100% bearish,of 1 rating,$5
HCBK,$9.125,1440616612083,"1,240,440",83% bullish,of 6 ratings,$8.61
HDSN,$3.045,1440616612183,"135,587",100% bullish,of 1 rating,$6.25
HBP,$3.06,1440616612422,"6,673",100% bullish,of 1 rating,N/A
HURC,$29.2,1440616612474,"4,072",100% bearish,of 1 rating,N/A
HTCH,$1.45,1440616612515,"55,108",100% bearish,of 1 rating,$3.50
HDRA,NULL,1440616612578,0,Not yet rated,NULL,N/A
HDRAR,NULL,1440616612641,0,Not yet rated,NULL,N/A
HURN,$73.7499,1440616612671,"119,143",50% bullish,of 2 ratings,$80
HDRAU,NULL,1440616612737,0,Not yet rated,NULL,N/A
HDRAW,NULL,1440616612774,0,Not yet rated,NULL,N/A
HYGS,$7.8,1440616612927,"16,645",50% bullish,of 2 ratings,$13
IBKC,$58.6512,1440616613059,"87,374",100% bullish,of 1 rating,$70
IDSY,$3.725,1440616613089,"76,757",100% bearish,of 1 rating,$7
IACI,$69.18,1440616613110,"426,994",75% bullish,of 4 ratings,$90
ICAD,$3.4,1440616613257,"77,130",50% bullish,of 2 ratings,$7.25
IKGH,$1.53,1440616613285,"11,532",75% bullish,of 4 ratings,N/A
IEP,$68.78,1440616613516,"66,618",75% bullish,of 4 ratings,$99
ICON,$12.57,1440616613563,"498,858",50% bullish,of 2 ratings,$18.50
ICUI,$112.935,1440616613590,"35,205",Not yet rated,NULL,$122
INVE,$4.22,1440616613645,"18,086",75% bullish,of 4 ratings,$4
ICLR,$78.3,1440616613671,"332,843",100% bearish,of 3 ratings,$85
ICFI,$34.02,1440616613743,"31,039",50% bullish,of 2 ratings,$48.50
IPWR,$7.115,1440616613899,"9,289",100% bullish,of 1 rating,$15
IDRA,$2.76,1440616613983,"619,039",89% bullish,of 9 ratings,$6.50
DSKY,$10.78,1440616614031,"101,610",67% bullish,of 6 ratings,$11.50
IDXX,$71.73,1440616614055,"187,697",100% bearish,of 1 rating,$77
IRG,$4.5589,1440616614271,"18,941",100% bearish,of 1 rating,$4.50
IROQ,$16.76,1440616614353,"1,235",100% bullish,of 1 rating,N/A
IKAN,$2.73,1440616614400,"33,212",83% bullish,of 6 ratings,$5
ILMN,$194.16,1440616614492,"1,565,278",80% bullish,of 5 ratings,$240
IKNX,$11.95,1440616614555,100,100% bearish,of 1 rating,N/A
RXDX,$12.82,1440616614580,"65,009",100% bullish,of 1 rating,$20
IIVI,$17,1440616614640,"73,961",100% bearish,of 1 rating,$22
KANG,$15.02,1440616614728,"353,190",50% bullish,of 2 ratings,$22.55
IMNP,$1.2199,1440616614900,"112,596",50% bullish,of 2 ratings,$6
IMMR,$11.81,1440616615004,"56,128",80% bullish,of 5 ratings,$15.50
ICCC,$7.69,1440616615086,"7,143",100% bullish,of 1 rating,N/A
IMDZ,$14.9,1440616615116,"56,897",100% bearish,of 1 rating,$33
IMGN,$13.5399,1440616615156,"527,362",75% bullish,of 4 ratings,$17.50
ISNS,$3.975,1440616615219,"11,825",50% bullish,of 2 ratings,N/A
SAAS,$7.45,1440616615497,"148,275",50% bullish,of 2 ratings,$15
IPXL,$43.33,1440616615597,"292,297",67% bullish,of 3 ratings,$46.50
INCY,$106.35,1440616615623,"523,236",50% bullish,of 6 ratings,$125.50
IMMU,$1.91,1440616615650,"369,959",86% bullish,of 7 ratings,$2
IMMY,$7.2975,1440616615671,"7,302",100% bearish,of 1 rating,$11
INCR,$41.595,1440616615701,"128,476",50% bullish,of 2 ratings,$53
IBCP,$14.15,1440616615856,"49,741",100% bullish,of 1 rating,$14.50
INDB,$43.85,1440616615893,"48,570",Not yet rated,NULL,$44
IBTX,$39.751,1440616616000,"21,301",100% bullish,of 2 ratings,$47.25
INFN,$20.905,1440616616062,"1,492,552",71% bullish,of 7 ratings,$28
INFI,$8.73,1440616616095,"255,023",50% bullish,of 4 ratings,$18
IDSA,$3.35,1440616616454,"5,156",Not yet rated,NULL,N/A
IMKTA,$51.56,1440616616479,"38,418",100% bearish,of 1 rating,N/A
INNL,$12.4,1440616616507,"1,365",100% bearish,of 1 rating,$16.50
INWK,$6.93,1440616616637,"65,094",50% bullish,of 2 ratings,$10
INOD,$2.34,1440616616730,"10,720",100% bearish,of 1 rating,N/A
IPCC,$77.61,1440616616800,"11,858",Not yet rated,NULL,$77.50
III,$3.97,1440616616827,"10,620",57% bullish,of 7 ratings,$6
IFON,$1.22,1440616616899,"15,080",75% bullish,of 4 ratings,N/A
IOSP,$47.35,1440616616959,"191,238",100% bearish,of 1 rating,N/A
ISSC,$2.85,1440616617104,"5,338",67% bearish,of 3 ratings,N/A
IPHS,$46.53,1440616617161,"41,952",100% bearish,of 1 rating,$60
INGN,$46.42,1440616617185,"74,633",100% bearish,of 1 rating,$50.50
INOV,$20.71,1440616617403,"307,175",100% bearish,of 1 rating,$33
ITEK,$12.0701,1440616617487,"367,351",100% bearish,of 3 ratings,$20
NSIT,$25.56,1440616617535,"77,843",50% bullish,of 2 ratings,N/A
ISIG,$2.6,1440616617738,"7,800",100% bearish,of 1 rating,N/A
INSM,$23.81,1440616617786,"189,789",71% bullish,of 7 ratings,$31.50
INO,$6.755,1440616617868,"534,991",89% bullish,of 18 ratings,$20
PODD,$29.15,1440616617944,"144,930",67% bearish,of 3 ratings,$35
NTEC,$5.55,1440616617969,"39,299",100% bearish,of 1 rating,N/A
IDTI,$17.75,1440616618159,"1,015,841",60% bullish,of 5 ratings,$25
IIIN,$17,1440616618186,"27,873",100% bearish,of 2 ratings,N/A
INSY,$32.53,1440616618215,"284,055",75% bullish,of 4 ratings,$48
IART,$59.45,1440616618236,"197,961",100% bearish,of 1 rating,$71.50
IESC,$7.25,1440616618387,"2,193",100% bearish,of 1 rating,N/A
IQNT,$18.81,1440616618553,"144,381",86% bullish,of 7 ratings,$20
ISSI,$22.08,1440616618644,"129,975",67% bullish,of 3 ratings,$19.75
INTC,$27.145,1440616618723,"18,895,056",82% bullish,of 238 ratings,$36
IPAR,$25.985,1440616618752,"24,443",67% bullish,of 3 ratings,$38
IPCI,$2.12,1440616618807,"59,393",67% bullish,of 6 ratings,$8
IBKR,$38.06,1440616618854,"305,938",100% bullish,of 1 rating,N/A
ININ,$35.11,1440616619023,"40,867",67% bearish,of 3 ratings,$57
IDCC,$48.045,1440616619178,"129,591",80% bullish,of 5 ratings,$63
ICLD,$1.78,1440616619275,"131,688",75% bullish,of 4 ratings,N/A
IMI,$2.01,1440616619339,"102,235",67% bullish,of 3 ratings,$2.22
TILE,$23.65,1440616619410,"297,348",100% bearish,of 3 ratings,$27
ICPT,$180.9586,1440616619542,"177,233",70% bullish,of 10 ratings,$359.50
ICLDW,NULL,1440616619610,0,100% bearish,of 1 rating,N/A
IBOC,$24.78,1440616619638,"53,105",100% bearish,of 1 rating,N/A
INAP,$7.9,1440616619668,"103,038",75% bullish,of 4 ratings,$11
IGLD,$6.965,1440616619768,"3,315",50% bullish,of 2 ratings,N/A
ISCA,$30.431,1440616619807,"80,864",100% bearish,of 1 rating,N/A
IIJI,$10.13,1440616620058,100,50% bullish,of 2 ratings,$11.50
ISIL,$10.19,1440616620089,"342,998",50% bullish,of 6 ratings,$15
PTNT,$2.97,1440616620189,"10,602",Not yet rated,NULL,N/A
INTX,$2.03,1440616620214,"131,648",67% bullish,of 3 ratings,N/A
INPH,$0.2802,1440616620239,"13,200",50% bullish,of 2 ratings,N/A
IILG,$19.66,1440616620265,"60,932",100% bearish,of 1 rating,$29
XENT,$25.86,1440616620499,"90,198",50% bullish,of 2 ratings,$36.50
IVAC,$4.645,1440616620750,"14,761",100% bearish,of 1 rating,$6.625
INTL,$26.03,1440616620779,"40,516",67% bearish,of 3 ratings,N/A
ITCI,$25.99,1440616620807,"368,522",75% bearish,of 4 ratings,$40
INTLL,$25.6499,1440616620833,"3,925",Not yet rated,NULL,N/A
IIN,$6.02,1440616620907,100,100% bearish,of 1 rating,$12
INVT,$0.26,1440616621142,"58,802",67% bullish,of 3 ratings,N/A
ISRG,$508.0475,1440616621169,"92,490",67% bullish,of 3 ratings,$600
INTU,$83.64,1440616621222,"1,906,153",86% bullish,of 7 ratings,$107.50
SNAK,$8.37,1440616621247,"100,565",50% bullish,of 2 ratings,$14
ITIC,$71,1440616621418,600,100% bearish,of 2 ratings,N/A
ISTR,$15.55,1440616621510,"3,802",100% bearish,of 1 rating,$18.50
ISBC,$11.5,1440616621640,"1,182,616",100% bullish,of 1 rating,$13.25
IPAS,$1.07,1440616621705,"2,784",67% bullish,of 3 ratings,N/A
NVIV,$9.7299,1440616621730,"118,707",50% bullish,of 4 ratings,$24.50
DTUL,NULL,1440616621783,0,Not yet rated,NULL,N/A
IVTY,$13.61,1440616621869,"5,654",Not yet rated,NULL,$18
IPCM,$79.12,1440616621894,"99,437",50% bullish,of 2 ratings,$80.125
DFVL,NULL,1440616621920,0,Not yet rated,NULL,N/A
IRIX,$6.72,1440616622131,"37,742",100% bearish,of 1 rating,N/A
IRDM,$6.93,1440616622201,"281,022",60% bullish,of 5 ratings,$11.50
IRWD,$10.9,1440616622299,"504,217",100% bearish,of 1 rating,$13
IRDMB,$271.95,1440616622326,906,67% bearish,of 3 ratings,N/A
IRBT,$27.78,1440616622356,"184,353",67% bullish,of 6 ratings,$37
IPGP,$84.19,1440616622527,"207,913",100% bearish,of 2 ratings,$109.50
IRMD,$25.65,1440616622611,"4,986",67% bearish,of 3 ratings,$25
IRCP,NULL,1440616622636,0,100% bullish,of 2 ratings,N/A
IFAS,NULL,1440616622659,0,NULL,NULL,NULL
COMT,$31.05,1440616622793,"6,356",100% bearish,of 1 rating,N/A
GNMA,$50.17,1440616622818,"3,288",Not yet rated,NULL,N/A
FCHI,NULL,1440616622855,0,NULL,NULL,NULL
IFGL,$28.1999,1440616623104,"74,572",Not yet rated,NULL,N/A
IFNA,NULL,1440616623173,0,NULL,NULL,NULL
ACWI,$54.74,1440616623198,"1,740,227",Not yet rated,NULL,N/A
AAXJ,$51.94,1440616623331,"2,045,093",Not yet rated,NULL,N/A
IFEU,$37.75,1440616623362,"34,336",Not yet rated,NULL,N/A
AXJS,NULL,1440616623385,0,NULL,NULL,NULL
ACWX,$40.1175,1440616623440,"1,116,335",100% bearish,of 1 rating,N/A
AAIT,NULL,1440616623462,0,NULL,NULL,NULL
EMDI,NULL,1440616623659,0,NULL,NULL,NULL
EMEY,NULL,1440616623732,0,NULL,NULL,NULL
EEMA,$48.87,1440616623760,"10,142",Not yet rated,NULL,N/A
EGRW,NULL,1440616623857,0,NULL,NULL,NULL
EEML,$26.54,1440616623966,"9,686",Not yet rated,NULL,N/A
EEME,NULL,1440616624033,0,NULL,NULL,NULL
EUFN,$21.7,1440616624096,"347,901",100% bearish,of 1 rating,N/A
EVAL,NULL,1440616624122,0,NULL,NULL,NULL
IEUS,$44.69,1440616624163,"8,922",100% bearish,of 1 rating,N/A
QAT,$20.285,1440616624196,688,Not yet rated,NULL,N/A
UAE,$16.815,1440616624328,300,Not yet rated,NULL,N/A
ICLN,$9.14,1440616624502,"9,886",50% bullish,of 2 ratings,N/A
IBB,$337.825,1440616624535,"862,707",63% bullish,of 8 ratings,N/A
WOOD,$46.63,1440616624564,"9,282",50% bullish,of 2 ratings,N/A
SOXX,$79.34,1440616624598,"367,713",50% bullish,of 2 ratings,N/A
EMIF,$27.4799,1440616624627,"31,897",Not yet rated,NULL,N/A
INDY,$27.1792,1440616624652,"94,307",50% bullish,of 2 ratings,N/A
ISHG,$80.2413,1440616624796,"23,793",100% bearish,of 1 rating,N/A
IGOV,$91.57,1440616625058,"39,124",100% bearish,of 1 rating,N/A
ISLE,$16.485,1440616625088,"121,042",50% bullish,of 4 ratings,$16
ISRL,$125,1440616625115,115,100% bearish,of 1 rating,N/A
ITRI,$29.425,1440616625189,"203,569",Not yet rated,NULL,$37
ISIS,$48.45,1440616625249,"938,026",53% bullish,of 15 ratings,$67
ITRN,$23.58,1440616625276,"1,286",50% bullish,of 2 ratings,N/A
XXIA,$14.93,1440616625301,"172,606",71% bullish,of 7 ratings,$14.625
ITUS,NULL,1440616625433,0,Not yet rated,NULL,N/A
JJSF,$113.68,1440616625575,"25,094",100% bearish,of 1 rating,N/A
IXYS,$10.52,1440616625604,"57,464",50% bullish,of 4 ratings,N/A
MAYS,NULL,1440616625655,0,Not yet rated,NULL,N/A
JBHT,$73,1440616625707,"819,699",50% bullish,of 4 ratings,$89.50
JCOM,$67.63,1440616625753,"168,154",100% bullish,of 2 ratings,$77
JASO,$7.47,1440616625780,"570,948",82% bullish,of 17 ratings,$10
JKHY,$68.29,1440616625921,"457,420",50% bullish,of 2 ratings,$72
JXSB,$23.56,1440616626053,"4,124",Not yet rated,NULL,N/A
JAKK,$9.37,1440616626154,"261,595",60% bearish,of 5 ratings,$11
JAGX,$2.79,1440616626182,"3,129",Not yet rated,NULL,N/A
JACK,$79.74,1440616626203,"204,054",83% bullish,of 6 ratings,$105
JAXB,$12.75,1440616626264,"64,600",100% bullish,of 1 rating,N/A
ERW,NULL,1440616626429,0,Not yet rated,NULL,N/A
JRVR,$26.7,1440616626463,"45,985",Not yet rated,NULL,$32
JMBA,$13.41,1440616626494,"99,981",75% bullish,of 4 ratings,$18
JAZZ,$164.54,1440616626573,"199,545",80% bullish,of 15 ratings,$206.50
JASN,$4.8098,1440616626598,"14,193",50% bullish,of 2 ratings,$9.50
JASNW,NULL,1440616626678,0,50% bullish,of 2 ratings,N/A
JBLU,$22.1365,1440616626811,"3,347,590",94% bullish,of 18 ratings,$27
JD,$25.36,1440616626955,"4,550,681",75% bullish,of 16 ratings,$36
JST,$3.76,1440616627082,"28,503",75% bullish,of 4 ratings,N/A
JCTCF,$9.5,1440616627137,100,100% bullish,of 1 rating,N/A
DATE,$5.695,1440616627185,"94,336",75% bullish,of 4 ratings,$9
JOEZ,$0.1601,1440616627217,"228,995",92% bullish,of 12 ratings,N/A
JTPY,$2.92,1440616627243,920,100% bearish,of 1 rating,N/A
WYIGU,$10.01,1440616627274,"64,843",Not yet rated,NULL,N/A
JIVE,$4.29,1440616627318,"274,020",75% bullish,of 4 ratings,$5
JNP,$9.41,1440616627511,"11,545",100% bullish,of 3 ratings,$15
JOUT,$22.79,1440616627604,"6,900",100% bearish,of 1 rating,$34
JUNO,$35.95,1440616627643,"754,105",73% bullish,of 11 ratings,$71.50
KTWO,$21.21,1440616627672,"68,435",100% bearish,of 1 rating,$28.50
KALU,$78.86,1440616627772,"54,330",67% bearish,of 3 ratings,$91
KBIO,$2.0199,1440616627814,"155,570",50% bullish,of 4 ratings,N/A
JBSS,$52.71,1440616627913,"24,574",67% bearish,of 3 ratings,N/A
KMDA,$3.3,1440616628047,"5,500",50% bullish,of 2 ratings,$8
KNDI,$6.155,1440616628077,"223,438",86% bullish,of 22 ratings,N/A
