Symbol,Price,Date,Volume,Rating,RatingVoteCount,OneYearEstimate
FLWS,$8.387,1441055402665,"596,480",80% bullish,of 5 ratings,$15
FCTY,$7.81,1441055402752,"3,243",100% bullish,of 1 rating,$8.50
FCCY,$11.72,1441055402801,607,100% bullish,of 1 rating,$13
TFSCU,$10.21,1441055402831,"1,300",Not yet rated,NULL,N/A
TFSCR,NULL,1441055402857,0,Not yet rated,NULL,N/A
TFSCW,$0.23,1441055402877,"1,664",100% bearish,of 1 rating,N/A
PIH,$7.64,1441055402933,"9,200",100% bearish,of 1 rating,N/A
SRCE,$29.943,1441055403065,"24,954",100% bullish,of 3 ratings,$33
VNET,$17.79,1441055403137,"324,390",60% bullish,of 5 ratings,$35
DSLV,$68.5,1441055403238,"31,915",100% bearish,of 1 rating,N/A
TWOU,$34.967,1441055403318,"187,300",50% bullish,of 2 ratings,$39
USLV,$12.57,1441055403371,"271,418",86% bullish,of 7 ratings,N/A
UGLD,$9.3,1441055403450,"348,206",100% bearish,of 1 rating,N/A
DGLD,$80.8,1441055403477,"9,491",100% bullish,of 1 rating,N/A
JOBS,$26.81,1441055403728,"97,545",50% bullish,of 4 ratings,$36
SIXD,$2.413,1441055403859,"79,883",Not yet rated,NULL,N/A
AVHI,$14.143,1441055403988,"43,341",100% bearish,of 1 rating,$19
CAFD,$14.85,1441055404019,"127,990",Not yet rated,NULL,$25
EGHT,$7.727,1441055404040,"368,979",82% bullish,of 17 ratings,$11
ABAX,$47.017,1441055404120,"87,050",100% bearish,of 1 rating,$60
SHLM,$34.327,1441055404183,"131,300",100% bearish,of 1 rating,$47
AAON,$20.677,1441055404255,"96,866",100% bearish,of 1 rating,$24
ABY,$22.757,1441055404304,"470,521",100% bearish,of 2 ratings,$46
ABGB,$5.89,1441055404334,"40,611",67% bullish,of 3 ratings,$5.50
ABEOW,$1.8,1441055404435,"3,075",100% bullish,of 1 rating,N/A
ABEO,$4.667,1441055404570,"188,040",50% bullish,of 4 ratings,$15.50
AXAS,$1.953,1441055404701,"816,444",78% bullish,of 9 ratings,$3.50
ACTG,$9.517,1441055404727,"172,307",67% bullish,of 3 ratings,$18.50
ABMD,$95.9065,1441055404748,"269,615",75% bullish,of 4 ratings,$100.50
ACHC,$73.0212,1441055404906,"472,462",50% bullish,of 2 ratings,$92
ACAD,$36.627,1441055404937,"579,037",80% bullish,of 20 ratings,$48
XLRN,$28.977,1441055405080,"92,147",50% bullish,of 2 ratings,$57
AXDX,$19.617,1441055405132,"137,623",100% bearish,of 1 rating,N/A
ARAY,$6.887,1441055405184,"976,096",100% bearish,of 1 rating,$10.50
ANCX,$20.43,1441055405221,"28,209",Not yet rated,NULL,$20
ACST,$0.38,1441055405248,"28,122",100% bullish,of 2 ratings,N/A
VXDN,$1.96,1441055405382,"33,110",100% bearish,of 1 rating,N/A
VXUP,$1.59,1441055405440,"45,398",100% bearish,of 1 rating,N/A
ACRX,$4.28,1441055405586,"194,233",67% bearish,of 6 ratings,$5.50
ACET,$22.407,1441055405719,"54,992",75% bullish,of 4 ratings,$30
AKAO,$6.9,1441055405749,"23,650",75% bullish,of 4 ratings,$15
ACHN,$7.387,1441055405852,"1,409,087",90% bullish,of 21 ratings,$16
ACIW,$21.327,1441055406211,"298,912",67% bearish,of 3 ratings,$24
ACOR,$31.967,1441055406297,"604,745",67% bearish,of 3 ratings,$38.50
ACTS,$1.7,1441055406364,"82,375",100% bearish,of 1 rating,N/A
ACPW,$2.01,1441055406399,"116,450",100% bullish,of 4 ratings,$3.50
ATVI,$28.647,1441055406466,"9,093,201",67% bullish,of 84 ratings,$31.50
ACNB,$20.48,1441055406535,674,Not yet rated,NULL,N/A
ACTA,$14.227,1441055406596,"68,405",67% bearish,of 3 ratings,$25
ACUR,$3.05,1441055406727,"20,373",100% bullish,of 5 ratings,$5
ADMP,$3.66,1441055406918,"11,341",50% bullish,of 2 ratings,$10
ADMS,$20.06,1441055407061,"36,740",100% bearish,of 2 ratings,$36
AEY,$2.39,1441055407101,"10,410",100% bearish,of 2 ratings,N/A
ADAP,$10.96,1441055407131,"105,582",67% bullish,of 3 ratings,$22
ADUS,$28.737,1441055407158,"44,661",100% bearish,of 1 rating,$31
ADEP,$6.45,1441055407231,"111,663",50% bullish,of 2 ratings,$10.75
ACXM,$20.957,1441055407314,"327,528",67% bullish,of 3 ratings,N/A
ADMA,$9.23,1441055407449,"13,803",Not yet rated,NULL,$19
ADBE,$78.5621,1441055407577,"1,619,943",65% bullish,of 17 ratings,$90
AMD,$1.807,1441055407654,"5,071,805",83% bullish,of 103 ratings,$2
ADRO,$19.36,1441055407683,"208,887",80% bullish,of 5 ratings,$45.50
AEIS,$24.267,1441055407708,"144,909",50% bullish,of 2 ratings,$32.50
ADTN,$16.023,1441055407733,"730,400",67% bullish,of 3 ratings,$17.125
TFSC,$9.7401,1441055407891,539,100% bearish,of 1 rating,N/A
ADXS,$14.5,1441055407916,"643,819",64% bullish,of 14 ratings,$27
ADXSW,$10.19,1441055407961,"6,365",100% bullish,of 1 rating,N/A
MULT,$23.103,1441055408057,200,100% bearish,of 1 rating,N/A
AEGN,$18.397,1441055408118,"114,516",100% bearish,of 2 ratings,$21
YPRO,$23.0899,1441055408203,185,100% bearish,of 1 rating,N/A
AEHR,$2.4,1441055408247,"4,422",50% bullish,of 2 ratings,N/A
AMTX,$3.09,1441055408335,"7,100",50% bullish,of 2 ratings,$26.11
AEGR,$17.687,1441055408467,"221,630",50% bullish,of 6 ratings,$26
AERI,$15.807,1441055408531,"568,607",75% bullish,of 4 ratings,$31.50
AEPI,$54.45,1441055408599,"20,413",100% bearish,of 1 rating,N/A
AEZS,$0.0895,1441055408626,"9,540,678",90% bullish,of 21 ratings,$1.50
AEMD,$7.27,1441055408652,"199,779",Not yet rated,NULL,$27.50
AVAV,$24.047,1441055408681,"69,222",50% bullish,of 4 ratings,$31
AFMD,$10.077,1441055408784,"117,446",50% bullish,of 4 ratings,$15
AFFX,$9.327,1441055408862,"374,345",80% bullish,of 5 ratings,$12.50
AGYS,$10.273,1441055409024,"36,608",100% bearish,of 1 rating,N/A
AGRX,$8.833,1441055409050,"8,053",100% bearish,of 1 rating,$17.50
AGIO,$86.4,1441055409078,"181,553",88% bullish,of 8 ratings,$114
AGEN,$7.107,1441055409124,"447,218",85% bullish,of 13 ratings,$14
AIMT,$21.09,1441055409321,"143,927",Not yet rated,NULL,N/A
AGFSW,$2.05,1441055409352,"44,036",100% bearish,of 2 ratings,N/A
AGFS,$9.75,1441055409378,"55,812",100% bearish,of 1 rating,N/A
AIRT,$22.04,1441055409425,808,100% bullish,of 1 rating,N/A
AIRM,$37.45,1441055409458,"137,419",80% bearish,of 5 ratings,$53
ATSG,$9.087,1441055409559,"198,445",67% bullish,of 3 ratings,$13
AMCN,$4.57,1441055409584,"81,077",83% bullish,of 6 ratings,N/A
AKAM,$71.3171,1441055409720,"1,048,970",63% bullish,of 8 ratings,$77
AIXG,$6.32,1441055409788,"8,512",67% bearish,of 3 ratings,$5.25
AKER,$2.56,1441055409874,"20,191",Not yet rated,NULL,N/A
AKBA,$6.958,1441055409943,"202,884",100% bearish,of 1 rating,$18
AKRX,$39.787,1441055410007,"525,860",78% bullish,of 9 ratings,$56
ALRM,$17.02,1441055410033,"49,872",100% bearish,of 1 rating,$22
AMRI,$19.94,1441055410086,"119,851",75% bearish,of 4 ratings,$24
ALSK,$2.22,1441055410112,"117,646",78% bullish,of 18 ratings,$2
ABDC,$12.98,1441055410241,"29,281",Not yet rated,NULL,$15
ALDX,$7.2,1441055410309,"4,186",100% bearish,of 1 rating,$14.50
ADHD,$7.68,1441055410335,"124,747",50% bullish,of 4 ratings,$18
ALXN,$172.2072,1441055410377,"1,229,584",88% bullish,of 8 ratings,$223
ALXA,$1.18,1441055410476,"4,108",83% bullish,of 6 ratings,$2.125
ALDR,$38.747,1441055410504,"315,073",67% bearish,of 3 ratings,$62
ALCO,$42.07,1441055410578,"7,068",50% bullish,of 2 ratings,N/A
ALGN,$56.5932,1441055410673,"590,638",100% bearish,of 2 ratings,$73
ALIM,$3.343,1441055410755,"69,988",80% bullish,of 5 ratings,$10
ALKS,$59.566,1441055410846,"523,806",67% bullish,of 3 ratings,$75
ALGT,$203.26,1441055410871,"116,889",100% bearish,of 2 ratings,$235
ALLB,$22.96,1441055411075,108,Not yet rated,NULL,N/A
AIQ,$14.32,1441055411106,"11,380",67% bullish,of 3 ratings,N/A
AFOP,$18.863,1441055411165,"154,373",75% bullish,of 8 ratings,$21
AHGP,$35.81,1441055411204,"60,808",67% bullish,of 3 ratings,N/A
ARLP,$25.58,1441055411233,"164,746",67% bearish,of 3 ratings,$32
AMOT,$19.017,1441055411261,"69,105",100% bearish,of 1 rating,N/A
AHPI,$1.5,1441055411282,"1,375",50% bullish,of 2 ratings,N/A
ALQA,$4.5,1441055411418,"28,699",75% bullish,of 4 ratings,$8.50
ALLT,$5.19,1441055411479,"219,348",75% bullish,of 4 ratings,$6.25
MDRX,$13.767,1441055411550,"1,565,640",60% bullish,of 5 ratings,$16
ALNY,$102.9203,1441055411619,"930,403",67% bullish,of 3 ratings,$148.50
AFAM,$44.297,1441055411921,"49,982",50% bullish,of 2 ratings,$44
AOSL,$7.653,1441055411951,"410,006",67% bullish,of 3 ratings,$9
ALTR,$48.5549,1441055411978,"1,278,852",80% bearish,of 5 ratings,$54
SMCP,NULL,1441055412023,0,Not yet rated,NULL,N/A
ATEC,$0.575,1441055412050,"70,885",100% bullish,of 1 rating,$2
AIMC,$25.01,1441055412126,"72,286",100% bearish,of 2 ratings,$28.50
ASPS,$26.91,1441055412155,"171,347",67% bullish,of 3 ratings,$46.50
AMAG,$62.537,1441055412287,"981,928",100% bullish,of 2 ratings,$77.50
AMRN,$2.21,1441055412379,"902,469",85% bullish,of 39 ratings,$8
AMZN,$512.89,1441055412687,"1,720,366",81% bullish,of 264 ratings,$646
AYA,$20.83,1441055412808,"11,528",100% bearish,of 1 rating,$40
AMBCW,$7.75,1441055412836,532,100% bearish,of 1 rating,N/A
AMBA,$95.253,1441055412861,"1,988,015",83% bullish,of 12 ratings,$102.50
AMBC,$16.247,1441055412883,"197,649",100% bearish,of 1 rating,$16.50
AMRK,$10.5,1441055412920,"5,800",50% bullish,of 2 ratings,$14
DOX,$57.21,1441055412942,"286,793",67% bearish,of 3 ratings,$60
EPAX,$2.7,1441055412973,"7,232",100% bearish,of 1 rating,N/A
AMED,$38.637,1441055413263,"182,993",100% bearish,of 1 rating,$42
AMDA,$0.4732,1441055413294,"416,693",90% bullish,of 10 ratings,$1
ASBI,$22.8,1441055413315,992,Not yet rated,NULL,N/A
ATAX,$5.38,1441055413348,"107,183",100% bullish,of 1 rating,$6.50
AMCX,$72.377,1441055413398,"334,980",67% bullish,of 3 ratings,$87.50
UHAL,$374.556,1441055413450,"20,443",100% bullish,of 2 ratings,$393.50
AMOV,$18.2,1441055413538,901,100% bearish,of 1 rating,N/A
AGNC,$19.1319,1441055413674,"3,266,486",71% bullish,of 28 ratings,$22
AGNCB,$24.18,1441055413708,"24,283",Not yet rated,NULL,N/A
AAL,$38.98,1441055413737,"7,323,362",93% bullish,of 88 ratings,$57
AGNCP,$25.37,1441055413808,"5,320",Not yet rated,NULL,N/A
MTGEP,$24.12,1441055413836,"2,900",Not yet rated,NULL,N/A
ACSF,$12.21,1441055413965,"26,542",100% bearish,of 1 rating,$15
MTGE,$15.267,1441055413990,"477,814",75% bullish,of 4 ratings,$19.50
ACAS,$13.91,1441055414123,"948,047",60% bullish,of 5 ratings,$16.75
AETI,$3.39,1441055414192,"9,700",67% bearish,of 3 ratings,N/A
ANCI,$1.55,1441055414250,300,100% bearish,of 1 rating,N/A
AMNB,$23.63,1441055414348,"18,620",Not yet rated,NULL,$25.50
AMIC,NULL,1441055414378,0,100% bearish,of 1 rating,N/A
ANAT,$99.29,1441055414483,"59,428",100% bullish,of 1 rating,N/A
ASEI,$39.307,1441055414562,"23,243",100% bearish,of 1 rating,$52.50
ARII,$41.457,1441055414590,"189,635",67% bearish,of 3 ratings,$45
APEI,$21.927,1441055414782,"109,439",100% bearish,of 1 rating,$25.50
AMRB,$10.1,1441055414809,"61,877",Not yet rated,NULL,$11
AMSWA,$9.157,1441055414843,"204,218",100% bearish,of 2 ratings,$10.75
AMSC,$5.45,1441055414870,"298,303",50% bullish,of 4 ratings,N/A
AMWD,$66.2845,1441055414891,"96,175",50% bullish,of 2 ratings,$70
CRMT,$35.8,1441055415025,"19,681",100% bearish,of 1 rating,$39
ABCB,$27.267,1441055415115,"110,074",Not yet rated,NULL,$31
AMSF,$46.737,1441055415247,"55,179",Not yet rated,NULL,$57.50
ATLO,$23.67,1441055415273,"2,585",Not yet rated,NULL,N/A
ASRV,$3.29,1441055415316,"2,525",100% bullish,of 2 ratings,N/A
ASRVP,NULL,1441055415403,0,Not yet rated,NULL,N/A
AMGN,$151.1,1441055415478,"3,087,491",89% bullish,of 19 ratings,$185
FOLD,$14.377,1441055415620,"1,385,300",56% bullish,of 9 ratings,$21
AMSG,$78.417,1441055415671,"222,625",100% bearish,of 1 rating,$85.50
ASYS,$5.46,1441055415701,"33,687",67% bullish,of 3 ratings,$12
AMKR,$5.397,1441055415722,"2,104,267",100% bearish,of 2 ratings,$5
AMSGP,$149.73,1441055415800,700,Not yet rated,NULL,N/A
AMPH,$12.867,1441055415861,"97,731",50% bullish,of 2 ratings,$20
AFSI,$58.147,1441055415887,"289,827",60% bullish,of 5 ratings,$72
AMRS,$1.81,1441055415962,"134,858",70% bullish,of 10 ratings,N/A
ANAD,$0.324,1441055416094,"63,184",100% bullish,of 2 ratings,$.50
ANAC,$130.41,1441055416230,"284,356",80% bullish,of 5 ratings,$180.50
ADI,$55.8656,1441055416272,"1,795,390",67% bullish,of 3 ratings,$69
ANGI,$5.293,1441055416363,"558,886",64% bullish,of 11 ratings,$5.50
ABCW,$40.907,1441055416398,"14,292",67% bullish,of 3 ratings,N/A
AMCF,$0.205,1441055416423,"165,742",100% bullish,of 7 ratings,N/A
ANCB,$21.95,1441055416494,586,Not yet rated,NULL,$23
ALOG,$80.58,1441055416519,"66,759",100% bearish,of 2 ratings,$100.50
ANGO,$14.757,1441055416690,"121,086",67% bullish,of 3 ratings,$19
ANIK,$35.41,1441055416776,"129,944",60% bullish,of 5 ratings,$51.25
ATRS,$1.797,1441055416801,"543,599",92% bullish,of 12 ratings,$4.50
ANSS,$88.5911,1441055416832,"324,631",100% bearish,of 1 rating,$100
ANIP,$48.767,1441055416863,"100,404",89% bullish,of 19 ratings,$66
ANTH,$6.827,1441055416931,"462,367",80% bullish,of 10 ratings,$13
ABAC,$0.73,1441055416957,"3,050",100% bearish,of 1 rating,N/A
APIC,$6.52,1441055417137,"45,398",100% bearish,of 1 rating,$19
ATNY,$2.34,1441055417201,"3,762",50% bullish,of 2 ratings,$3.75
AAPL,$112.66,1441055417288,"35,213,209",86% bullish,of 2357 ratings,$150
APOG,$52.147,1441055417330,"138,902",50% bullish,of 2 ratings,$67
AINV,$6.51,1441055417386,"1,756,973",50% bullish,of 4 ratings,$8
APPF,$16.01,1441055417411,"44,429",50% bullish,of 2 ratings,$22
APOL,$11.107,1441055417466,"881,822",87% bearish,of 68 ratings,$14
APDN,$3.57,1441055417596,"76,757",Not yet rated,NULL,$9
ARCI,$1.18,1441055417624,"3,600",Not yet rated,NULL,N/A
AGTC,$16.433,1441055417755,"27,444",50% bullish,of 2 ratings,$33
AMCC,$5.847,1441055417783,"321,078",80% bullish,of 5 ratings,$8
APDNW,$1.35,1441055417823,"8,620",Not yet rated,NULL,N/A
AMAT,$16.0866,1441055417850,"10,352,675",82% bullish,of 11 ratings,$23
AAOI,$20.607,1441055417920,"437,159",50% bullish,of 4 ratings,$26
AREX,$2.563,1441055418054,"600,071",100% bearish,of 1 rating,$3
APRI,$1.71,1441055418115,"1,314,494",83% bullish,of 6 ratings,$4.86
APTO,$5.4,1441055418140,"4,076",Not yet rated,NULL,$17
AQXP,$17.11,1441055418297,"233,624",50% bullish,of 2 ratings,$2
AUMA,NULL,1441055418437,0,Not yet rated,NULL,N/A
AUMAW,NULL,1441055418469,0,Not yet rated,NULL,N/A
AUMAU,NULL,1441055418490,0,Not yet rated,NULL,N/A
ABUS,$7.11,1441055418625,"276,280",86% bullish,of 14 ratings,$23
PETX,$17.657,1441055418652,"237,292",100% bearish,of 2 ratings,$26
ARDM,$6.78,1441055418679,"2,851",100% bullish,of 1 rating,$26
AQMS,$4.99,1441055418707,"33,045",Not yet rated,NULL,N/A
ARCW,$3.64,1441055418848,"6,563",100% bearish,of 2 ratings,$10.50
ABIO,$0.9,1441055418894,"113,401",50% bullish,of 2 ratings,$3.75
RKDA,$6.513,1441055419040,"17,524",100% bearish,of 2 ratings,$10
ARCB,$28.88,1441055419069,"126,142",67% bearish,of 3 ratings,$39.50
ACGL,$68.2732,1441055419144,"419,023",50% bullish,of 2 ratings,$72
ARNA,$2.707,1441055419191,"2,118,594",90% bullish,of 78 ratings,$5.50
ACAT,$26.43,1441055419228,"112,126",100% bearish,of 3 ratings,$33
ARDX,$18.977,1441055419411,"64,411",50% bullish,of 2 ratings,$24.50
ARGS,$6.21,1441055419479,"60,143",50% bullish,of 2 ratings,$19.50
AGII,$55.977,1441055419507,"85,215",Not yet rated,NULL,$59.50
ARCC,$15.77,1441055419528,"942,363",67% bearish,of 3 ratings,$17.75
AGIIL,$25.29,1441055419565,"3,124",Not yet rated,NULL,N/A
ARMH,$42.16,1441055419595,"1,082,221",54% bearish,of 13 ratings,$60
ARIS,$3.72,1441055419667,"9,645",Not yet rated,NULL,$4.50
ARKR,$24.74,1441055419724,"1,027",50% bullish,of 2 ratings,N/A
ARIA,$9.437,1441055419953,"8,033,866",87% bullish,of 46 ratings,$9
ARWA,NULL,1441055420025,0,Not yet rated,NULL,N/A
ARTX,$1.48,1441055420132,"14,321",88% bullish,of 16 ratings,$4.50
ARWAU,NULL,1441055420162,0,100% bullish,of 1 rating,N/A
ARWAW,NULL,1441055420182,0,Not yet rated,NULL,N/A
ARWAR,NULL,1441055420211,0,Not yet rated,NULL,N/A
ARRY,$5.897,1441055420264,"1,451,591",100% bullish,of 7 ratings,$10
ARQL,$1.7,1441055420346,"100,558",75% bullish,of 4 ratings,$5
ARRS,$26.417,1441055420514,"674,609",50% bullish,of 2 ratings,$38
DWAT,$10.01,1441055420556,10,100% bearish,of 1 rating,N/A
ARTNA,$21.987,1441055420596,"8,032",100% bearish,of 1 rating,$29
ARWR,$5.927,1441055420622,"633,488",75% bullish,of 4 ratings,$10.50
AROW,$27.53,1441055420652,"9,524",Not yet rated,NULL,N/A
ARTW,$4.21,1441055420688,"3,533",75% bearish,of 4 ratings,N/A
ASBB,NULL,1441055420754,0,Not yet rated,NULL,N/A
ASNA,$12.07,1441055420958,"2,001,701",50% bullish,of 2 ratings,$18
ASND,$19.14,1441055421090,"21,716",50% bullish,of 2 ratings,$30
ASTI,$0.11,1441055421116,"1,403,338",83% bullish,of 6 ratings,$3
APWC,$1.75,1441055421163,"2,170",100% bearish,of 1 rating,N/A
ASCMA,$28.08,1441055421188,"49,731",100% bearish,of 1 rating,$45
AZPN,$37.867,1441055421332,"329,536",50% bullish,of 2 ratings,$42
ASMB,$13.713,1441055421361,"94,694",67% bullish,of 3 ratings,N/A
ASML,$85.3,1441055421383,"384,533",50% bullish,of 4 ratings,$127
ASFI,$8.87,1441055421515,"3,500",100% bullish,of 1 rating,N/A
ALOT,$13.94,1441055421542,"1,422",100% bearish,of 1 rating,N/A
ASTE,$39.507,1441055421580,"147,109",100% bearish,of 1 rating,$48
ASMI,NULL,1441055421672,0,NULL,NULL,NULL
ATRO,$51.657,1441055421697,"86,181",100% bearish,of 2 ratings,$80
ASUR,$5.75,1441055421769,"10,700",50% bullish,of 2 ratings,$8
ASTC,$2.01,1441055421794,"27,807",100% bullish,of 5 ratings,N/A
ATAI,$2.38,1441055421938,"4,035",100% bearish,of 1 rating,N/A
ATHN,$132.967,1441055422157,"175,324",67% bearish,of 3 ratings,$153
ATHX,$1.13,1441055422198,"103,751",89% bullish,of 9 ratings,$5
AFCB,NULL,1441055422218,0,Not yet rated,NULL,N/A
AAPC,NULL,1441055422248,0,Not yet rated,NULL,N/A
AAME,$3.51,1441055422287,375,Not yet rated,NULL,N/A
ATRA,$40.53,1441055422316,"204,815",50% bullish,of 2 ratings,$68
ACFC,$5.3,1441055422337,"64,347",100% bearish,of 1 rating,$6.50
ATLC,$3.94,1441055422546,"2,015",67% bullish,of 3 ratings,N/A
ATNI,$71.45,1441055422575,"59,280",100% bearish,of 1 rating,$69.50
AFH,$16.133,1441055422706,"30,244",Not yet rated,NULL,$21.50
ATOS,$0.79,1441055422731,"17,768",100% bullish,of 7 ratings,$7
AAWW,$41.31,1441055422757,"223,800",50% bullish,of 2 ratings,$65
ATML,$8.1375,1441055422786,"4,342,800",78% bullish,of 9 ratings,$9.50
ATRC,$24.457,1441055422922,"98,342",100% bullish,of 1 rating,$30
ATRI,$387,1441055422943,"2,232",Not yet rated,NULL,N/A
ATRM,$2.8599,1441055423023,"1,000",50% bullish,of 2 ratings,N/A
AUDC,$3.38,1441055423103,"46,935",80% bullish,of 5 ratings,$5
LIFE,$14.477,1441055423136,"17,227",86% bullish,of 7 ratings,$43
ATTU,$13.18,1441055423192,"24,909",100% bearish,of 1 rating,$20.50
AUBN,$26.96,1441055423230,106,Not yet rated,NULL,N/A
AUPH,$3.38,1441055423335,"53,845",100% bearish,of 1 rating,$8
ADAT,$0.33,1441055423412,"203,789",100% bullish,of 2 ratings,N/A
EARS,$4.755,1441055423470,"6,141",100% bearish,of 2 ratings,$11
ADSK,$46.7547,1441055423612,"2,761,134",67% bullish,of 6 ratings,$66
ABTL,$17.65,1441055423743,"57,503",100% bullish,of 4 ratings,$20.25
AVGO,$125.9826,1441055423768,"1,819,586",88% bullish,of 8 ratings,$165
AVNU,$12.35,1441055423818,"23,060",Not yet rated,NULL,$14
AAVL,$10.457,1441055423911,"184,700",100% bearish,of 1 rating,$20
ADP,$77.3123,1441055423944,"1,944,189",100% bearish,of 1 rating,$88
AVEO,$1.37,1441055424043,"482,722",75% bullish,of 8 ratings,$3
AVID,$8.307,1441055424069,"217,082",100% bearish,of 1 rating,$20
AVNW,$1.16,1441055424204,"60,937",50% bullish,of 2 ratings,$2.20
AVGR,$14.44,1441055424284,"7,375",100% bearish,of 1 rating,$20
CAR,$44.01,1441055424310,"973,068",80% bullish,of 5 ratings,$60
ACLS,$3.257,1441055424532,"509,555",67% bullish,of 6 ratings,$4.75
AXPW,$2.25,1441055424663,"5,147,697",83% bullish,of 6 ratings,N/A
AXGN,$4.69,1441055424694,"228,896",Not yet rated,NULL,$5
AXPWW,NULL,1441055424714,0,Not yet rated,NULL,N/A
BCOM,NULL,1441055424746,0,100% bearish,of 1 rating,N/A
AXTI,$2.19,1441055424767,"32,708",50% bullish,of 2 ratings,$2.75
RILY,$10.15,1441055424795,200,Not yet rated,NULL,N/A
BOSC,$2.2,1441055424930,"2,480",50% bullish,of 2 ratings,N/A
BEAV,$48.7549,1441055425099,"590,912",67% bearish,of 3 ratings,$59
BIDU,$147.01,1441055425231,"2,100,580",81% bullish,of 88 ratings,$210
BWINB,$22.92,1441055425260,"7,250",Not yet rated,NULL,N/A
BWINA,$23.31,1441055425281,280,Not yet rated,NULL,N/A
BCPC,$58.527,1441055425302,"106,425",100% bearish,of 1 rating,$75
AWRE,$3.2,1441055425338,"3,090",67% bullish,of 3 ratings,N/A
BLDP,$1.34,1441055425436,"182,730",91% bullish,of 22 ratings,$2.50
BANF,$60.467,1441055425565,"15,652",Not yet rated,NULL,$68
BANFP,NULL,1441055425593,0,Not yet rated,NULL,N/A
BMRC,$47.997,1441055425655,"20,339",Not yet rated,NULL,$52
BOCH,$5.76,1441055425721,"2,807",Not yet rated,NULL,$6.50
BOTJ,NULL,1441055425778,0,Not yet rated,NULL,N/A
BKMU,$7.227,1441055425799,"54,938",Not yet rated,NULL,$8
BKSC,$16.98,1441055425831,"6,667",Not yet rated,NULL,N/A
OZRK,$41.797,1441055425887,"267,228",67% bullish,of 3 ratings,$49.50
BWFG,$18.09,1441055426107,406,100% bearish,of 1 rating,N/A
BFIN,$12.297,1441055426133,"19,139",Not yet rated,NULL,$13
BZUN,$5.12,1441055426160,"116,101",50% bullish,of 2 ratings,$11.50
BANR,$44.407,1441055426186,"74,185",100% bullish,of 3 ratings,$50
BHAC,NULL,1441055426210,0,Not yet rated,NULL,N/A
BHACR,NULL,1441055426423,0,Not yet rated,NULL,N/A
TAPR,NULL,1441055426456,0,100% bearish,of 1 rating,N/A
BHACU,NULL,1441055426487,0,Not yet rated,NULL,N/A
BBSI,$35.647,1441055426517,"56,736",67% bearish,of 3 ratings,$62.50
BHACW,$0.1399,1441055426552,200,Not yet rated,NULL,N/A
BSET,$29.02,1441055426588,"66,556",100% bearish,of 1 rating,$35
BYBK,$5.02,1441055426618,"4,993",100% bearish,of 1 rating,N/A
BYLK,$13,1441055426648,"5,372",Not yet rated,NULL,$14
BV,$5.2,1441055426756,"359,503",67% bullish,of 6 ratings,$9
BBCN,$14.547,1441055426947,"192,847",100% bearish,of 1 rating,$16
BCBP,$11.4522,1441055426972,"2,000",Not yet rated,NULL,N/A
BDCV,$4.95,1441055427099,"24,536",100% bearish,of 1 rating,$10.19
BECN,$36.247,1441055427129,"303,344",50% bullish,of 2 ratings,$40
BEBE,$1.373,1441055427154,"756,081",75% bullish,of 4 ratings,$2.125
BBGI,$4,1441055427200,"5,672",100% bearish,of 1 rating,N/A
BSF,$8.653,1441055427229,"5,323",Not yet rated,NULL,N/A
BBBY,$62.11,1441055427327,"1,526,560",71% bullish,of 7 ratings,$75
BLPH,$5.08,1441055427474,"10,831",100% bearish,of 1 rating,$12.50
BELFB,$17.66,1441055427519,"61,189",100% bearish,of 1 rating,N/A
BELFA,$15.28,1441055427610,222,100% bearish,of 1 rating,N/A
BLCM,$17.0588,1441055427639,"269,194",50% bullish,of 4 ratings,$40
BNFT,$36.677,1441055427667,"111,311",67% bullish,of 3 ratings,$46
BNCL,$12.437,1441055427688,"219,229",100% bullish,of 3 ratings,$12.50
BNTC,$7.97,1441055427865,"15,845",100% bullish,of 1 rating,N/A
BGMD,$0.7208,1441055427961,"98,928",100% bullish,of 10 ratings,N/A
BIND,$4.69,1441055428030,"162,547",75% bullish,of 4 ratings,$13.50
BGCP,$8.767,1441055428062,"1,113,158",88% bullish,of 8 ratings,$14
BGFV,$11.497,1441055428083,"167,403",57% bullish,of 7 ratings,$12
BASI,$1.71,1441055428160,"5,450",Not yet rated,NULL,N/A
ORPN,$5.84,1441055428217,"8,549",100% bullish,of 1 rating,$28.50
BCDA,NULL,1441055428243,0,Not yet rated,NULL,N/A
BCRX,$11.637,1441055428390,"776,079",63% bullish,of 8 ratings,$18
BIOC,$2.01,1441055428461,"96,586",83% bullish,of 6 ratings,$3.85
BDSI,$6.747,1441055428493,"459,772",88% bullish,of 8 ratings,$17
BIIB,$297.2,1441055428533,"1,007,337",88% bullish,of 16 ratings,$400
BIOD,$0.662,1441055428590,"23,605",80% bullish,of 5 ratings,$4
BIOL,$1.5,1441055428771,"23,028",Not yet rated,NULL,N/A
BMRN,$129.2529,1441055428822,"655,729",80% bullish,of 5 ratings,$160
BLFS,$2.75,1441055428847,"6,274,587",100% bearish,of 1 rating,$4.75
BLRX,$1.53,1441055428904,"96,764",100% bullish,of 12 ratings,$5
BRLI,NULL,1441055429033,0,NULL,NULL,NULL
BVXVW,$0.75,1441055429058,"6,000",100% bearish,of 1 rating,N/A
BVXV,$3.51,1441055429090,"7,770",Not yet rated,NULL,N/A
BIOS,$2.427,1441055429185,"460,822",71% bullish,of 7 ratings,$4
BPTH,$1.05,1441055429216,"167,802",100% bullish,of 2 ratings,$5
BBC,$31.18,1441055429243,"12,611",Not yet rated,NULL,N/A
BBP,$32.8,1441055429312,"9,093",Not yet rated,NULL,N/A
BSPM,$0.7,1441055429469,"10,206",50% bullish,of 2 ratings,N/A
BSTC,$49.66,1441055429496,"72,843",100% bearish,of 1 rating,$76
BOTA,$2.19,1441055429517,"22,161",88% bullish,of 8 ratings,N/A
TECH,$94.477,1441055429549,"132,015",100% bullish,of 1 rating,$117
BEAT,$14.287,1441055429678,"300,004",67% bearish,of 3 ratings,$15
BITI,$17.015,1441055429763,"6,744",100% bullish,of 1 rating,$28
BDMS,NULL,1441055429792,0,100% bearish,of 1 rating,N/A
BBOX,$15.397,1441055429967,"80,238",100% bearish,of 1 rating,N/A
BJRI,$42.99,1441055429999,"130,074",50% bullish,of 2 ratings,$55
BLKB,$57.137,1441055430027,"121,597",100% bearish,of 2 ratings,$66
BDE,$7.447,1441055430048,"130,522",50% bullish,of 2 ratings,$9
HAWK,$39.507,1441055430081,"289,950",91% bullish,of 11 ratings,$49
BBRY,$7.59,1441055430106,"2,782,739",61% bullish,of 330 ratings,$9
BKCC,$9.43,1441055430241,"229,359",50% bullish,of 2 ratings,$10
ADRA,$27.21,1441055430266,900,100% bearish,of 1 rating,N/A
ADRU,$21.67,1441055430480,752,100% bearish,of 1 rating,N/A
ADRD,$22.09,1441055430510,"8,470",100% bearish,of 1 rating,N/A
BLMN,$20.697,1441055430534,"1,248,018",83% bullish,of 6 ratings,$27.50
ADRE,$29.93,1441055430567,"8,151",100% bearish,of 1 rating,N/A
BCOR,$13.957,1441055430610,"204,479",57% bullish,of 7 ratings,$15
BLBD,$11.83,1441055430672,"6,381",Not yet rated,NULL,N/A
BUFF,$25.58,1441055430775,"559,638",83% bullish,of 12 ratings,$31.50
BHBK,$14.147,1441055430881,"116,639",100% bullish,of 1 rating,$14.50
BBLU,$0.768,1441055430916,"83,732",100% bullish,of 2 ratings,$4.43
NILE,$34.06,1441055430954,"98,665",50% bullish,of 2 ratings,$34
BLUE,$133.067,1441055431013,"425,140",71% bullish,of 7 ratings,$217.50
BKEP,$6.2,1441055431113,"41,381",100% bearish,of 1 rating,$8.50
BPMC,$27.36,1441055431164,"28,151",50% bullish,of 2 ratings,$47.50
BKEPP,NULL,1441055431193,0,100% bearish,of 1 rating,N/A
BNCN,$20.657,1441055431389,"228,264",Not yet rated,NULL,$24
BOFI,$115.84,1441055431471,"253,787",100% bullish,of 6 ratings,$144
WIFI,$7.547,1441055431519,"153,044",50% bullish,of 2 ratings,$13.50
BONA,$11.59,1441055431548,"72,746",75% bullish,of 4 ratings,$8.50
BOBE,$45.19,1441055431580,"304,668",75% bullish,of 4 ratings,$57
BOJA,$20.82,1441055431606,"145,738",100% bullish,of 1 rating,$30
BAMM,$3.2,1441055431680,"27,805",60% bullish,of 5 ratings,N/A
BOKF,$63.277,1441055431707,"138,949",100% bearish,of 1 rating,$69
BNSO,$1.3,1441055431770,282,100% bearish,of 1 rating,N/A
BPFH,$11.897,1441055431987,"217,604",100% bearish,of 1 rating,$14
BPFHP,$24.9,1441055432016,"2,980",100% bearish,of 1 rating,N/A
BPFHW,NULL,1441055432037,0,100% bearish,of 1 rating,N/A
EPAY,$26.737,1441055432069,"131,004",100% bearish,of 2 ratings,$30
BCLI,$3.04,1441055432168,"48,743",80% bullish,of 5 ratings,$12
BDBD,$8.197,1441055432210,"795,779",60% bullish,of 5 ratings,$10
BBRG,$12.747,1441055432299,"97,231",67% bullish,of 3 ratings,$14.50
BBEPP,$14.785,1441055432451,"27,086",100% bearish,of 1 rating,N/A
BBEP,$2.87,1441055432527,"1,786,398",69% bullish,of 13 ratings,$5.625
BLIN,$1.35,1441055432579,"1,000",100% bullish,of 2 ratings,$2.20
BDGE,$26.36,1441055432608,"33,995",Not yet rated,NULL,$31.75
BRCM,$51.6752,1441055432714,"2,714,540",75% bullish,of 12 ratings,$56
BCOV,$5.333,1441055433109,"44,948",67% bullish,of 3 ratings,$10.20
BRID,$8.88,1441055433142,2,100% bearish,of 1 rating,N/A
BSFT,$31.557,1441055433241,"90,712",57% bullish,of 7 ratings,$40.50
BVSN,$6.01,1441055433266,"4,981",60% bearish,of 5 ratings,N/A
BYFC,$1.46,1441055433297,214,50% bullish,of 2 ratings,N/A
BRCD,$10.647,1441055433404,"2,002,127",92% bullish,of 13 ratings,$11.50
BWEN,$3.18,1441055433430,"16,277",75% bullish,of 4 ratings,$8
BRKL,$10.547,1441055433558,"199,284",100% bearish,of 1 rating,$10.75
BRKS,$10.377,1441055433596,"124,412",67% bullish,of 3 ratings,$15.25
BRKR,$18.377,1441055433659,"264,220",100% bearish,of 2 ratings,$22
BSQR,$6.07,1441055433693,"53,368",67% bullish,of 3 ratings,N/A
BMTC,$29.677,1441055433715,"46,501",Not yet rated,NULL,$34
BLMT,$20.917,1441055433746,"19,940",Not yet rated,NULL,N/A
BWLD,$189.68,1441055433881,"129,548",82% bullish,of 11 ratings,$205
BLDR,$14.807,1441055433980,"1,244,275",67% bullish,of 3 ratings,$22
BUR,$1.67,1441055434111,"21,200",100% bearish,of 1 rating,$8
CHRW,$67.4233,1441055434243,"954,635",Not yet rated,NULL,$72
CFFI,$36.49,1441055434280,197,100% bearish,of 1 rating,N/A
CA,$27.2873,1441055434325,"1,670,425",50% bullish,of 4 ratings,$33
CDZI,$8.03,1441055434375,"54,944",100% bearish,of 1 rating,N/A
CCMP,$43.38,1441055434404,"111,471",50% bullish,of 2 ratings,$59
CDNS,$20.017,1441055434430,"854,369",75% bullish,of 4 ratings,$22.50
CACQ,$7.117,1441055434462,"70,257",100% bearish,of 1 rating,$12.25
CZR,$9.55,1441055434535,"669,101",60% bearish,of 5 ratings,$10.50
CSTE,$42.44,1441055434729,"144,986",50% bullish,of 2 ratings,$65
PRSS,$4.25,1441055434773,"38,646",80% bullish,of 5 ratings,$4.50
CLBS,$1.54,1441055434861,"119,353",79% bullish,of 14 ratings,$4
CHY,$11.37,1441055434886,"192,530",Not yet rated,NULL,N/A
CLMS,$10.557,1441055434914,"85,204",Not yet rated,NULL,$10.50
CHI,$10.61,1441055435046,"173,905",100% bearish,of 1 rating,N/A
CHW,$7.49,1441055435134,"238,628",100% bearish,of 1 rating,N/A
CCD,$19.25,1441055435182,"92,654",Not yet rated,NULL,N/A
CFGE,$10.5301,1441055435286,755,Not yet rated,NULL,N/A
CSQ,$9.95,1441055435346,"258,449",Not yet rated,NULL,N/A
CAMP,$16.617,1441055435424,"296,012",88% bullish,of 8 ratings,$25
CGO,$12.32,1441055435485,"15,063",100% bearish,of 1 rating,N/A
CVGW,$58.25,1441055435510,"120,024",50% bullish,of 2 ratings,$62
CFNB,$13.8,1441055435554,3,100% bearish,of 1 rating,N/A
CALA,$5.833,1441055435584,"356,960",100% bullish,of 3 ratings,$19.50
CALM,$53.117,1441055435686,"647,960",80% bullish,of 5 ratings,$65
CALD,$15.767,1441055435767,"326,555",100% bearish,of 1 rating,$21
ABCD,$5.213,1441055435905,"193,110",83% bullish,of 6 ratings,N/A
CLMT,$25.91,1441055436039,"136,461",75% bullish,of 8 ratings,$31
CAMB,NULL,1441055436067,0,Not yet rated,NULL,N/A
CAMBW,NULL,1441055436092,0,Not yet rated,NULL,N/A
CAMBU,NULL,1441055436173,0,100% bearish,of 1 rating,N/A
CAC,$40.01,1441055436321,"7,155",Not yet rated,NULL,N/A
CAMT,$2.68,1441055436352,"23,809",73% bullish,of 11 ratings,$4
CSIQ,$18.71,1441055436425,"1,121,572",86% bullish,of 28 ratings,$42.50
CGIX,$9.61,1441055436460,"10,902",67% bullish,of 3 ratings,$14.375
CBNJ,$11.1,1441055436521,"18,922",100% bearish,of 1 rating,N/A
CPHC,$10.38,1441055436551,"1,000",100% bearish,of 1 rating,N/A
CBF,$30.767,1441055436577,"162,128",Not yet rated,NULL,$32
CPLA,$48.75,1441055436709,"114,430",67% bearish,of 3 ratings,$65
CCBG,$14.943,1441055436762,"7,832",Not yet rated,NULL,$17.25
CPLP,$7.08,1441055436849,"333,372",71% bullish,of 7 ratings,$11
CSWC,$45.34,1441055436988,"12,142",Not yet rated,NULL,N/A
CFFN,$12.047,1441055437015,"604,367",Not yet rated,NULL,$12.75
CPTA,$13.7,1441055437041,"31,266",100% bearish,of 1 rating,$18.50
CAPN,$2.32,1441055437090,"123,430",100% bullish,of 1 rating,$10.85
CAPR,$4.76,1441055437175,"12,643",Not yet rated,NULL,$12
CAPNW,$0.6898,1441055437242,100,Not yet rated,NULL,N/A
CARB,$11.007,1441055437401,"101,230",75% bullish,of 4 ratings,$12
CBYL,$5.433,1441055437458,"12,146",100% bearish,of 1 rating,$20
CARA,$18.957,1441055437483,"698,246",50% bullish,of 4 ratings,$25
CRDC,$0.34,1441055437654,"93,127",100% bullish,of 1 rating,$1.25
CRME,$8.9,1441055437714,"15,002",89% bullish,of 9 ratings,$11.25
CPST,$0.402,1441055437746,"821,779",95% bullish,of 22 ratings,$1.25
CFNL,$22.307,1441055437780,"66,909",Not yet rated,NULL,$24
CSII,$24.077,1441055437846,"147,162",100% bearish,of 2 ratings,$42.125
CATM,$34.5,1441055437917,"259,095",100% bearish,of 1 rating,$44
CDNA,$6.92,1441055437946,"3,100",100% bearish,of 1 rating,$9
CECO,$3.707,1441055438022,"434,472",67% bearish,of 3 ratings,$6
CKEC,$23.85,1441055438152,"151,273",50% bullish,of 2 ratings,$35.915
CLBH,$12.7,1441055438184,508,Not yet rated,NULL,$16.50
CTRE,$11.207,1441055438212,"3,010,411",50% bullish,of 2 ratings,$13.50
CARO,$15.5,1441055438237,"1,607",100% bearish,of 1 rating,$19
CRZO,$36.427,1441055438395,"1,127,112",67% bearish,of 3 ratings,$54.50
CART,$5.35,1441055438424,"2,300",100% bearish,of 1 rating,N/A
CRTN,$2.51,1441055438529,"3,520",100% bearish,of 1 rating,N/A
TAST,$12.647,1441055438566,"289,942",Not yet rated,NULL,$14.25
CARV,$6.45,1441055438696,"34,853",50% bullish,of 2 ratings,N/A
CASM,$1.17,1441055438721,"17,337",100% bullish,of 1 rating,$3.50
CACB,$5.407,1441055438750,"58,663",Not yet rated,NULL,$5.50
CSCD,$15.423,1441055438775,"62,634",100% bullish,of 2 ratings,$17
CASY,$105.86,1441055438959,"141,794",50% bullish,of 2 ratings,$99.50
CWST,$6.157,1441055438994,"56,669",50% bullish,of 2 ratings,$7.25
CASS,$48.2,1441055439020,"15,301",100% bearish,of 1 rating,N/A
CASI,$1.39,1441055439098,"8,304",100% bullish,of 1 rating,$3.50
CPRX,$3.627,1441055439126,"348,077",71% bullish,of 7 ratings,$7
CATB,$11.39,1441055439189,"11,973",100% bearish,of 1 rating,$28
CATY,$29.627,1441055439270,"349,912",100% bearish,of 1 rating,$33.50
CATYW,NULL,1441055439297,0,100% bearish,of 1 rating,N/A
CAVM,$68.017,1441055439439,"300,049",67% bearish,of 3 ratings,$72
CNLM,NULL,1441055439573,0,Not yet rated,NULL,N/A
CBFV,$20.46,1441055439617,986,Not yet rated,NULL,$25
CVCO,$71.55,1441055439649,"12,932",100% bearish,of 1 rating,N/A
CNLMR,NULL,1441055439712,0,Not yet rated,NULL,N/A
CNLMW,NULL,1441055439742,0,Not yet rated,NULL,N/A
CNLMU,NULL,1441055439794,0,100% bullish,of 1 rating,N/A
CBOE,$63.257,1441055439896,"310,446",Not yet rated,NULL,$60
CDK,$49.535,1441055439998,"420,800",67% bearish,of 3 ratings,$50
CECE,$9.683,1441055440048,"88,301",50% bullish,of 2 ratings,$16
CDW,$39.747,1441055440075,"1,197,254",75% bullish,of 4 ratings,$44
CPXX,$2.18,1441055440105,"90,378",100% bullish,of 2 ratings,$7
CELG,$117.65,1441055440142,"5,186,225",92% bullish,of 13 ratings,$155.50
CELGZ,$1.66,1441055440210,"32,775",80% bullish,of 5 ratings,N/A
CLDN,$1.12,1441055440399,"64,399",71% bullish,of 7 ratings,$3
CLDX,$14.837,1441055440429,"854,052",89% bullish,of 9 ratings,$36
CLLS,$34.22,1441055440457,"79,506",75% bullish,of 4 ratings,$51.50
CLRBW,$0.8926,1441055440481,101,Not yet rated,NULL,N/A
CLRB,$3.07,1441055440509,585,100% bearish,of 1 rating,N/A
CBMG,$23.21,1441055440639,"50,874",50% bullish,of 2 ratings,N/A
CLSN,$2.08,1441055440728,"46,136",80% bullish,of 10 ratings,$7.50
CYAD,$48.79,1441055440856,250,100% bullish,of 1 rating,$87.50
CETX,$2.29,1441055440886,"11,052",Not yet rated,NULL,$5.60
CEMP,$34.23,1441055440909,"508,511",71% bullish,of 7 ratings,$52
CLTX,$2.5,1441055440941,"422,463",100% bullish,of 2 ratings,N/A
CFBK,NULL,1441055441043,0,Not yet rated,NULL,N/A
CSFL,$13.817,1441055441070,"99,837",Not yet rated,NULL,$15
CETV,$2.197,1441055441210,"113,920",67% bullish,of 3 ratings,$2.80
CVCY,$11.55,1441055441301,"1,244",Not yet rated,NULL,$12
CENTA,$12.647,1441055441337,"360,431",Not yet rated,NULL,N/A
CENX,$5.6,1441055441364,"1,477,960",67% bullish,of 6 ratings,$9
CENT,$12.26,1441055441389,"92,820",Not yet rated,NULL,$10
CNBKA,$41.687,1441055441421,888,50% bullish,of 2 ratings,N/A
CNTY,$5.82,1441055441447,"33,640",80% bullish,of 5 ratings,$7.75
CPHD,$48.737,1441055441599,"325,170",67% bearish,of 3 ratings,$66.50
CRNT,$1.47,1441055441730,"192,630",50% bullish,of 2 ratings,$2
CERE,$1.18,1441055441756,"200,319",88% bullish,of 8 ratings,N/A
CERN,$61.7662,1441055441803,"1,777,730",67% bullish,of 3 ratings,$79
CERU,$4.03,1441055441901,"75,594",75% bullish,of 4 ratings,$14
CERS,$4.957,1441055441958,"465,179",75% bullish,of 4 ratings,$7
KOOL,$0.71,1441055442002,"9,681",100% bullish,of 5 ratings,$7
HOTR,$1.51,1441055442104,"83,337",100% bullish,of 2 ratings,$5
CEVA,$19.247,1441055442135,"48,646",100% bearish,of 1 rating,$25
CYOU,$20.99,1441055442165,"218,087",50% bullish,of 6 ratings,$24
HOTRW,NULL,1441055442199,0,Not yet rated,NULL,N/A
GTLS,$25.557,1441055442231,"251,126",50% bullish,of 4 ratings,$40
CTHR,$1.34,1441055442300,"6,356",50% bullish,of 2 ratings,$2.50
CHTR,$181.6282,1441055442372,"749,695",100% bearish,of 2 ratings,$202
CHKP,$78.01,1441055442596,"849,932",50% bullish,of 4 ratings,$92
CHFN,$12.547,1441055442629,"42,776",Not yet rated,NULL,$14
CEMI,$4.06,1441055442725,"12,174",50% bullish,of 2 ratings,$7.50
CHEK,$2.25,1441055442754,540,Not yet rated,NULL,$7.75
CHFC,$31.937,1441055442782,"58,192",100% bearish,of 1 rating,$36
CHEKW,NULL,1441055442810,0,Not yet rated,NULL,N/A
CCXI,$6.577,1441055442914,"114,251",67% bullish,of 3 ratings,$14
CHMG,$26.5,1441055442978,300,Not yet rated,NULL,$30
CHEV,$14.49,1441055443053,244,Not yet rated,NULL,N/A
CBNK,$16.3,1441055443147,"23,488",100% bearish,of 1 rating,N/A
CHKE,$25.64,1441055443176,"29,330",100% bearish,of 1 rating,$32.50
CMRX,$48.937,1441055443205,"216,978",50% bullish,of 2 ratings,$57
CHMA,$25.96,1441055443230,"46,009",Not yet rated,NULL,$40
PLCE,$59.917,1441055443309,"123,188",100% bearish,of 1 rating,$69
CADC,$2.62,1441055443383,"3,302",78% bullish,of 9 ratings,N/A
CAAS,$6.25,1441055443626,"21,058",93% bullish,of 14 ratings,$11.50
CALI,$0.885,1441055443652,800,67% bullish,of 3 ratings,N/A
CCCL,$0.75,1441055443698,"6,000",100% bullish,of 6 ratings,N/A
CCCR,$0.65,1441055443727,"44,875",67% bearish,of 3 ratings,N/A
CBAK,$1.99,1441055443755,"14,571",67% bullish,of 9 ratings,N/A
CBPO,$94.84,1441055443830,"123,741",75% bullish,of 8 ratings,$140.50
JRJC,$3.71,1441055443890,"45,715",82% bullish,of 11 ratings,N/A
CHOP,$1.16,1441055443920,"5,974",50% bullish,of 2 ratings,N/A
HGSH,$1.9,1441055444022,"3,812",67% bullish,of 3 ratings,N/A
CHLN,$2.03,1441055444086,"4,180",67% bullish,of 3 ratings,N/A
CNIT,$1.3,1441055444216,"151,817",67% bullish,of 6 ratings,N/A
CJJD,$1.84,1441055444247,"1,865",100% bullish,of 1 rating,N/A
HTHT,$25.65,1441055444280,"170,650",50% bullish,of 2 ratings,$28.40
CHNR,$1.66,1441055444345,"8,981",100% bearish,of 1 rating,N/A
CREG,$0.68,1441055444439,"41,387",100% bullish,of 3 ratings,N/A
CPGI,$6.96,1441055444473,"1,271",Not yet rated,NULL,N/A
CSUN,$1.44,1441055444604,"9,859",80% bullish,of 5 ratings,N/A
CNTF,$0.84,1441055444633,"52,700",Not yet rated,NULL,N/A
CNYD,$3.2,1441055444654,"3,830",67% bullish,of 3 ratings,N/A
CCIH,$7.13,1441055444785,"100,200",67% bullish,of 6 ratings,$12.65
CXDC,$5.78,1441055444816,"32,708",67% bearish,of 3 ratings,N/A
IMOS,$18.59,1441055444837,"184,340",60% bullish,of 5 ratings,$21.50
CNET,$0.9,1441055444858,"54,862",50% bullish,of 2 ratings,N/A
CHSCL,$27.28,1441055444994,"22,781",Not yet rated,NULL,N/A
CHSCM,$26.34,1441055445045,"22,568",Not yet rated,NULL,N/A
CHSCN,$27.13,1441055445143,"27,495",Not yet rated,NULL,N/A
CHDN,$132.87,1441055445242,"57,123",Not yet rated,NULL,$165
CHSCO,$28.39,1441055445274,"7,944",Not yet rated,NULL,N/A
CHUY,$30.637,1441055445373,"171,761",50% bullish,of 2 ratings,$34
CHSCP,$30.76,1441055445400,"5,714",Not yet rated,NULL,N/A
CMPR,$69.977,1441055445435,"294,338",50% bullish,of 2 ratings,$72.50
CDTX,$14.23,1441055445565,"20,933",Not yet rated,NULL,$22
CMCT,$15.1,1441055445617,921,100% bearish,of 1 rating,N/A
CINF,$52.3352,1441055445647,"627,792",50% bullish,of 4 ratings,$50.50
CIFC,$7.043,1441055445676,"1,919",100% bearish,of 1 rating,N/A
CIDM,$0.565,1441055445697,"140,643",50% bullish,of 2 ratings,$2.10
CPHR,$5.43,1441055445833,"25,050",100% bearish,of 1 rating,$17
CTAS,$84.9815,1441055445858,"459,144",100% bearish,of 1 rating,$91
CRUS,$30.157,1441055445888,"677,001",75% bullish,of 12 ratings,$44.50
CSCO,$25.8774,1441055446063,"26,955,635",84% bullish,of 209 ratings,$32
CTXS,$68.1168,1441055446250,"1,931,823",86% bullish,of 7 ratings,$80
CHCO,$47.62,1441055446311,"34,486",Not yet rated,NULL,$46
CZNC,$19.983,1441055446343,"11,423",Not yet rated,NULL,N/A
CZWI,$9.1,1441055446365,502,Not yet rated,NULL,N/A
CIZN,$19.62,1441055446386,626,Not yet rated,NULL,N/A
CZFC,$12.68,1441055446425,850,Not yet rated,NULL,N/A
CIVBP,NULL,1441055446446,0,Not yet rated,NULL,N/A
CTRN,$26.407,1441055446478,"47,635",100% bearish,of 1 rating,$31.50
CIVB,$9.96,1441055446614,715,Not yet rated,NULL,$11
CDTI,$1.66,1441055446685,"27,948",75% bullish,of 4 ratings,$3.20
CLNE,$5.317,1441055446756,"869,656",80% bullish,of 15 ratings,$9
CLNT,$1.44,1441055446823,"11,439",75% bullish,of 8 ratings,N/A
CLFD,$16.993,1441055446928,"34,037",67% bullish,of 3 ratings,$18
CLIR,$4.96,1441055446978,"24,813",100% bullish,of 3 ratings,N/A
CLVS,$77.857,1441055447004,"372,778",60% bullish,of 5 ratings,$101.50
CLRO,$11.47,1441055447025,"8,251",50% bullish,of 2 ratings,$14.25
CSBK,$13.787,1441055447067,"32,500",Not yet rated,NULL,N/A
CBLI,$4.06,1441055447167,"27,819",60% bullish,of 5 ratings,N/A
CME,$94.4494,1441055447201,"2,009,099",67% bullish,of 3 ratings,$102
CMFN,$11.56,1441055447254,"24,495",100% bearish,of 1 rating,$15.50
CISG,$7.63,1441055447384,"61,903",100% bullish,of 5 ratings,$10
CWAY,$11.08,1441055447429,"2,400",Not yet rated,NULL,N/A
CCNE,$17.053,1441055447456,"17,341",50% bullish,of 2 ratings,$21.50
COKE,$154.23,1441055447665,"25,572",79% bullish,of 19 ratings,N/A
COBZ,$12.877,1441055447707,"43,146",100% bullish,of 1 rating,$14
CNV,$4.48,1441055447745,"7,938",50% bullish,of 2 ratings,$7.15
CDRB,$14.14,1441055447775,"4,720",67% bullish,of 3 ratings,N/A
CDXS,$3.73,1441055447874,"13,282",64% bullish,of 11 ratings,$6
CVLY,$20.97,1441055447901,221,Not yet rated,NULL,N/A
CCOI,$27.767,1441055447959,"312,344",50% bullish,of 4 ratings,$35
CGNT,$1.58,1441055448036,"6,381",100% bullish,of 2 ratings,$2
CGNX,$35.557,1441055448116,"292,828",50% bullish,of 2 ratings,$47
JVA,$4.68,1441055448147,"7,595",83% bullish,of 6 ratings,$7
CTSH,$62.9463,1441055448246,"2,844,631",90% bullish,of 10 ratings,$75
CHRS,$27.597,1441055448274,"144,975",67% bearish,of 3 ratings,$37
COHR,$58.297,1441055448416,"66,943",50% bullish,of 2 ratings,$72
COHU,$9.697,1441055448444,"91,283",100% bearish,of 1 rating,$14.25
CLRX,$0.5418,1441055448472,"51,241",50% bullish,of 2 ratings,N/A
CLCT,$18.67,1441055448501,"12,976",100% bearish,of 1 rating,N/A
COLL,$15.12,1441055448602,"31,389",100% bearish,of 1 rating,$26
CBAN,$8.83,1441055448645,"1,318",Not yet rated,NULL,N/A
CIGI,$43.67,1441055448690,"32,295",100% bearish,of 1 rating,$52
CLCD,$6.55,1441055448871,"22,449",100% bearish,of 1 rating,$20.50
COLB,$30.307,1441055448898,"175,471",Not yet rated,NULL,$36
CMCO,$19.007,1441055448930,"38,388",60% bullish,of 5 ratings,$28
COLM,$61.367,1441055448959,"138,207",100% bearish,of 1 rating,$71
CMCSA,$56.3244,1441055448987,"6,876,023",66% bullish,of 35 ratings,$69.50
CBMX,$1.1,1441055449122,"6,490",83% bullish,of 6 ratings,$3.15
CMCSK,$57.2457,1441055449171,"2,927,729",Not yet rated,NULL,$84
CUBN,$13.5,1441055449378,"1,350",Not yet rated,NULL,N/A
CVGI,$5.123,1441055449419,"74,217",50% bullish,of 2 ratings,$6
COMM,$32.347,1441055449448,"1,242,499",67% bearish,of 3 ratings,$35
CBSHP,$25.52,1441055449554,"2,399",100% bearish,of 1 rating,N/A
CSAL,$20.098,1441055449579,"725,270",75% bullish,of 4 ratings,$30
JCS,$8.88,1441055449608,"6,710",67% bullish,of 3 ratings,N/A
CBSH,$44.807,1441055449634,"318,088",50% bullish,of 2 ratings,$46
CYHHZ,$0.01,1441055449769,817,100% bullish,of 1 rating,N/A
CTBI,$35.1,1441055449830,"17,354",Not yet rated,NULL,$36
ESXB,$5.05,1441055449863,"12,117",Not yet rated,NULL,N/A
CVLT,$35.837,1441055449960,"318,379",75% bullish,of 4 ratings,$44.50
COB,$10.533,1441055450025,"11,026",100% bullish,of 1 rating,$11.75
CIZ,$33.29,1441055450054,"3,062",100% bearish,of 1 rating,N/A
CWBC,$6.72,1441055450101,"2,616",Not yet rated,NULL,N/A
CIL,$33.63,1441055450163,900,Not yet rated,NULL,N/A
CID,$33.58,1441055450264,350,Not yet rated,NULL,N/A
CSA,$33.04,1441055450335,855,Not yet rated,NULL,N/A
CFA,$35.5603,1441055450479,"2,300",100% bearish,of 1 rating,N/A
CDL,$33.5,1441055450511,110,Not yet rated,NULL,N/A
CFO,$35.54,1441055450537,"31,512",100% bearish,of 1 rating,N/A
CDC,$34.64,1441055450563,"5,801",Not yet rated,NULL,N/A
CSF,$36.7689,1441055450584,"1,348",100% bearish,of 1 rating,N/A
CSB,$33.09,1441055450614,400,Not yet rated,NULL,N/A
CGEN,$4.92,1441055450773,"104,753",50% bullish,of 2 ratings,$11
CPSI,$46.02,1441055450845,"54,710",100% bearish,of 1 rating,$45.50
SCOR,$52.207,1441055450922,"250,529",100% bearish,of 1 rating,$66
CHCI,$0.66,1441055450980,"8,173",50% bullish,of 2 ratings,N/A
CTG,$6.71,1441055451010,"28,070",100% bearish,of 1 rating,$8.50
CMTL,$26.677,1441055451117,"79,845",100% bearish,of 2 ratings,$37
CNCE,$15.577,1441055451222,"90,150",75% bullish,of 4 ratings,$22
CCUR,$5.38,1441055451299,"32,377",75% bullish,of 4 ratings,N/A
CXRX,$77.0203,1441055451332,"20,623",100% bearish,of 1 rating,$90
CDOR,$1.36,1441055451362,400,100% bullish,of 1 rating,N/A
CNAT,$3.93,1441055451387,"37,099",83% bullish,of 6 ratings,$13
CDORO,NULL,1441055451430,0,100% bearish,of 1 rating,N/A
CNSI,$18.837,1441055451458,"189,491",100% bearish,of 2 ratings,$29
CDORP,$7,1441055451616,700,100% bearish,of 1 rating,N/A
CFMS,$16,1441055451641,"1,363,274",100% bearish,of 1 rating,$27
CNFR,$9.96,1441055451718,"4,307",Not yet rated,NULL,N/A
CTWS,$34.75,1441055451824,"24,344",100% bearish,of 1 rating,$44
CNMD,$53.057,1441055451853,"94,940",Not yet rated,NULL,$59
CNOB,$19.147,1441055451955,"66,516",100% bullish,of 1 rating,$23.50
CNXR,$7.14,1441055451983,"60,653",100% bearish,of 1 rating,$12
CTCT,$24.757,1441055452110,"154,461",67% bullish,of 3 ratings,$37
CONN,$29.847,1441055452140,"362,367",67% bullish,of 3 ratings,$48.50
CNSL,$19.507,1441055452161,"154,239",100% bearish,of 1 rating,$23
CWCO,$10.627,1441055452194,"96,663",67% bullish,of 3 ratings,$14.50
CPSS,$5.73,1441055452219,"22,883",100% bullish,of 1 rating,$10
CFRXZ,$0.6,1441055452374,"1,598",Not yet rated,NULL,N/A
CFRX,$4.91,1441055452401,"18,303",Not yet rated,NULL,$14
CFRXW,$1.9,1441055452421,"1,700",100% bearish,of 1 rating,N/A
CTRL,$8.973,1441055452614,"72,096",50% bullish,of 2 ratings,$11
CPRT,$35.017,1441055452665,"402,998",67% bearish,of 3 ratings,$40
CTRV,$3.6,1441055452790,"33,750",Not yet rated,NULL,$6.40
BVA,$3.84,1441055452819,"13,336",50% bullish,of 2 ratings,N/A
CORT,$4.997,1441055452848,"268,694",67% bullish,of 3 ratings,$12
CORE,$60.107,1441055452878,"105,430",100% bearish,of 1 rating,$72
CORI,$10.007,1441055452906,"343,123",100% bearish,of 1 rating,$18
CRBP,$1.91,1441055452948,"143,741",100% bullish,of 2 ratings,$6.25
CSOD,$35.737,1441055452975,"348,564",50% bullish,of 2 ratings,$42
CRVL,$30.03,1441055453121,"42,409",100% bearish,of 1 rating,N/A
COSI,$1.19,1441055453252,"251,695",100% bullish,of 1 rating,N/A
CSGP,$177.04,1441055453277,"122,256",50% bullish,of 2 ratings,$235
COST,$140.036,1441055453323,"2,223,212",79% bullish,of 24 ratings,$154.50
CVTI,$23.59,1441055453468,"63,707",67% bearish,of 3 ratings,$39
CPAH,$0.47,1441055453493,"2,800",50% bullish,of 2 ratings,N/A
ICBK,$18.58,1441055453518,903,Not yet rated,NULL,$21
CPSH,$2.41,1441055453644,400,Not yet rated,NULL,N/A
COWN,$5.287,1441055453711,"682,411",75% bullish,of 4 ratings,$7
COWNL,$25.85,1441055453740,"12,410",Not yet rated,NULL,N/A
COVS,$2.7,1441055453766,"86,788",67% bullish,of 3 ratings,N/A
CRAI,$22.72,1441055453800,"28,871",100% bearish,of 1 rating,$36
CBRL,$144.1512,1441055453899,"220,710",50% bullish,of 2 ratings,$155
BREW,$8.173,1441055453929,"18,195",67% bullish,of 6 ratings,$15
CRAY,$21.187,1441055453956,"149,425",83% bullish,of 6 ratings,$38.50
CACC,$203.814,1441055454031,"89,922",50% bullish,of 2 ratings,$158.50
GLDI,$11,1441055454292,"7,987",100% bearish,of 1 rating,N/A
SLVO,$9.99,1441055454323,"1,671",100% bearish,of 1 rating,N/A
CRESY,$10.46,1441055454356,"14,857",100% bearish,of 1 rating,$19
CREE,$27.217,1441055454383,"699,723",65% bullish,of 17 ratings,$29.50
CRTO,$39.24,1441055454414,"427,725",67% bullish,of 6 ratings,$64
CCRN,$13.887,1441055454453,"243,630",100% bearish,of 1 rating,$14.25
CROX,$14.73,1441055454481,"732,987",63% bullish,of 8 ratings,$16.50
CRDS,$1.01,1441055454510,"16,739",75% bullish,of 4 ratings,$4.50
CRWS,$8.08,1441055454680,"1,392",Not yet rated,NULL,$10
CRWN,$5.347,1441055454751,"538,051",75% bullish,of 4 ratings,N/A
CYRX,$2.81,1441055454857,"19,739",Not yet rated,NULL,$9
CSPI,$5.7,1441055454990,100,67% bullish,of 3 ratings,N/A
CYRXW,$0.77,1441055455049,"19,101",Not yet rated,NULL,N/A
CCLP,$15.33,1441055455074,"51,874",67% bearish,of 3 ratings,$20
CSGS,$30.907,1441055455101,"177,948",Not yet rated,NULL,$40
CTCM,$1.83,1441055455126,"72,700",80% bearish,of 5 ratings,$3.90
CTIB,$3.699,1441055455299,100,100% bearish,of 1 rating,N/A
CTIC,$1.577,1441055455329,"377,176",84% bullish,of 76 ratings,$5.75
CTRP,$66.45,1441055455356,"1,117,345",75% bullish,of 8 ratings,$92.50
CUNB,$21.567,1441055455494,"40,364",Not yet rated,NULL,$24.50
CUI,$5.19,1441055455519,"23,990",50% bullish,of 2 ratings,$10
CRIS,$2.617,1441055455552,"362,733",100% bullish,of 8 ratings,$6
CMLS,$1.427,1441055455582,"464,082",50% bullish,of 4 ratings,$6
CPIX,$6.02,1441055455683,"4,063",Not yet rated,NULL,N/A
CUTR,$14.633,1441055455771,"658,280",67% bearish,of 3 ratings,$18
CVBF,$16.247,1441055455869,"298,106",Not yet rated,NULL,$18
CYBR,$50.56,1441055455942,"465,018",75% bullish,of 8 ratings,$66
CVV,$11.01,1441055455974,"6,548",100% bullish,of 5 ratings,N/A
CYBX,$65.34,1441055456002,"157,174",50% bullish,of 4 ratings,$71.50
CYAN,$6.99,1441055456074,"7,240",100% bearish,of 1 rating,N/A
CYCC,$0.56,1441055456145,"58,852",73% bullish,of 11 ratings,N/A
CYBE,$6.8,1441055456176,"14,315",100% bearish,of 1 rating,N/A
CBAY,$2.65,1441055456318,"54,792",100% bullish,of 1 rating,$4
CYCCP,NULL,1441055456352,0,100% bearish,of 1 rating,N/A
CYNA,$15.88,1441055456378,"32,579",50% bullish,of 2 ratings,$31.50
CY,$9.997,1441055456454,"4,810,063",80% bullish,of 10 ratings,$15.50
CYNO,$31.637,1441055456482,"112,462",67% bearish,of 3 ratings,$45.50
CYRN,$1.72,1441055456586,"17,666",67% bullish,of 3 ratings,$4
CONE,$31.657,1441055456624,"571,848",67% bearish,of 3 ratings,$35.50
CYTX,$0.3672,1441055456755,"2,406,750",83% bullish,of 12 ratings,$5.50
CYTK,$6.917,1441055456815,"136,740",71% bullish,of 14 ratings,$13.50
CYTR,$2.457,1441055456848,"308,165",67% bullish,of 6 ratings,$10
CTSO,$6.9,1441055456869,"36,181",Not yet rated,NULL,$15.625
DAEG,$0.37,1441055456947,700,100% bearish,of 1 rating,N/A
TVIX,$15.14,1441055457004,"11,882,241",81% bullish,of 16 ratings,N/A
TVIZ,$20.78,1441055457135,"3,600",100% bearish,of 1 rating,N/A
ZIV,$38.4,1441055457234,"99,986",Not yet rated,NULL,N/A
XIV,$25.3,1441055457260,"14,405,289",75% bearish,of 4 ratings,N/A
DAKT,$8.687,1441055457291,"153,842",50% bullish,of 2 ratings,$12
DJCO,$194.96,1441055457333,"1,124",Not yet rated,NULL,N/A
DAIO,$2.69,1441055457391,"1,612",Not yet rated,NULL,N/A
DARA,$0.89,1441055457438,"37,064",83% bullish,of 6 ratings,$1.50
DRAM,$1.38,1441055457735,"41,466",78% bullish,of 9 ratings,N/A
DTLK,$5.803,1441055457766,"44,284",100% bearish,of 1 rating,$9
DWCH,$5.2,1441055457788,"32,417",75% bullish,of 4 ratings,$8.25
PLAY,$34.437,1441055457818,"260,647",100% bullish,of 5 ratings,$42
DWSN,$4.63,1441055457840,"13,221",67% bullish,of 3 ratings,N/A
DTEA,$13.72,1441055457872,"63,010",100% bearish,of 2 ratings,$24
DBVT,$39.03,1441055458003,"133,816",100% bearish,of 1 rating,$53
DHRM,$1.56,1441055458146,"9,033",Not yet rated,NULL,N/A
TRAK,$62.76,1441055458175,"302,851",50% bullish,of 2 ratings,$62.50
DFRG,$14.84,1441055458203,"125,103",100% bearish,of 1 rating,$20
TACO,$12.69,1441055458224,"168,597",75% bullish,of 4 ratings,$20
TACOW,$3.76,1441055458279,"8,462",100% bullish,of 1 rating,N/A
DCTH,$0.445,1441055458438,"53,084",78% bullish,of 9 ratings,N/A
DGAS,$20.41,1441055458480,"6,147",67% bearish,of 3 ratings,N/A
DELT,$2.4,1441055458544,"1,200",Not yet rated,NULL,N/A
DELTW,NULL,1441055458574,0,Not yet rated,NULL,N/A
DENN,$11.227,1441055458614,"300,542",100% bullish,of 3 ratings,$15
DEPO,$26.927,1441055458744,"641,673",60% bullish,of 5 ratings,$29
XRAY,$52.4048,1441055458780,"452,495",100% bullish,of 1 rating,$58
DSCI,$5.83,1441055458824,"45,874",50% bullish,of 2 ratings,$16
DEST,$11.35,1441055459008,"44,304",50% bullish,of 2 ratings,N/A
DSWL,$1.7,1441055459043,"8,748",100% bullish,of 1 rating,N/A
DXLG,$6.053,1441055459069,"406,326",100% bearish,of 1 rating,$8
DERM,$25.697,1441055459110,"553,093",100% bearish,of 1 rating,$33.50
DXCM,$94.1287,1441055459142,"530,260",57% bullish,of 7 ratings,$98
DXM,$0.26,1441055459165,"104,126",50% bullish,of 2 ratings,N/A
DHXM,NULL,1441055459263,0,Not yet rated,NULL,N/A
FANG,$68.05,1441055459395,"1,260,092",50% bullish,of 2 ratings,$86.50
DHIL,$194.72,1441055459425,"3,372",Not yet rated,NULL,N/A
DCIX,$1.66,1441055459530,"35,805",50% bullish,of 4 ratings,$3.50
DMND,$30.17,1441055459560,"232,811",75% bullish,of 12 ratings,$32
DRNA,$10.967,1441055459663,"70,273",67% bearish,of 3 ratings,$25
DGII,$10.237,1441055459705,"56,895",100% bearish,of 1 rating,$11
DGLY,$8.34,1441055459814,"67,719",50% bullish,of 6 ratings,$20
DMRC,$38.127,1441055459842,"52,049",100% bearish,of 1 rating,$44
DRAD,$3.8,1441055459867,"18,432",100% bullish,of 1 rating,$5.25
APPS,$2.613,1441055460000,"170,095",100% bearish,of 1 rating,$10.25
DIOD,$19.687,1441055460029,"101,302",75% bearish,of 4 ratings,$24
DCOM,$17.027,1441055460134,"113,649",100% bearish,of 2 ratings,$16
DISCB,NULL,1441055460266,0,100% bearish,of 1 rating,$35
DISCA,$26.6027,1441055460300,"1,978,406",67% bullish,of 3 ratings,$34
DISCK,$25.3575,1441055460321,"1,484,496",100% bearish,of 1 rating,$32
DSCO,$0.42,1441055460402,"325,389",83% bullish,of 6 ratings,$2.75
DPRX,$15.25,1441055460429,"13,420",100% bullish,of 2 ratings,$27.75
DISH,$59.2759,1441055460455,"810,485",69% bullish,of 13 ratings,$73
BAGR,$2.71,1441055460698,"18,172",100% bearish,of 1 rating,$6
DNBF,$25.61,1441055460762,"3,700",Not yet rated,NULL,$27.50
DVCR,$10.5,1441055460783,"12,889",100% bullish,of 1 rating,N/A
DGICA,$14.293,1441055460860,"14,919",100% bearish,of 1 rating,$17
DLTR,$76.2676,1441055460918,"3,040,705",82% bullish,of 11 ratings,$88
DLHC,$2.5,1441055460945,"8,002",100% bearish,of 1 rating,N/A
DGICB,NULL,1441055460966,0,100% bearish,of 1 rating,N/A
DMLP,$15.32,1441055461098,"59,617",100% bearish,of 1 rating,N/A
DRWIW,NULL,1441055461339,0,Not yet rated,NULL,N/A
DWA,$19.94,1441055461406,"297,457",63% bullish,of 8 ratings,$26
DORM,$50.35,1441055461436,"92,685",100% bearish,of 1 rating,$56
DSKX,$3.34,1441055461495,"84,594",100% bullish,of 1 rating,N/A
DRWI,$0.205,1441055461540,"105,178",60% bullish,of 5 ratings,$.45
DRYS,$0.4561,1441055461571,"2,734,398",77% bullish,of 31 ratings,$.60
DSPG,$8.753,1441055461597,"137,148",100% bearish,of 1 rating,$13.50
CADT,NULL,1441055461799,0,Not yet rated,NULL,N/A
CADTR,NULL,1441055461837,0,Not yet rated,NULL,N/A
CADTU,NULL,1441055461902,0,Not yet rated,NULL,N/A
CADTW,NULL,1441055461981,0,Not yet rated,NULL,N/A
DTSI,$26.527,1441055462049,"37,891",100% bearish,of 2 ratings,$39.50
HILL,$9.667,1441055462115,"971,752",60% bearish,of 5 ratings,$9.75
DNKN,$50.16,1441055462142,"779,100",67% bullish,of 15 ratings,$56.50
DRRX,$2.057,1441055462163,"241,643",50% bullish,of 6 ratings,$3
DXPE,$29.75,1441055462349,"161,539",50% bullish,of 2 ratings,N/A
DYAX,$23.017,1441055462377,"668,818",89% bullish,of 9 ratings,$30
DYSL,$1.49,1441055462408,"22,870",100% bullish,of 2 ratings,N/A
DYNT,$3.05,1441055462509,200,75% bullish,of 4 ratings,N/A
DVAX,$28.357,1441055462542,"655,914",70% bullish,of 10 ratings,$40
BOOM,$11.33,1441055462646,"60,024",67% bullish,of 3 ratings,$12
EBMT,$11.83,1441055462790,804,Not yet rated,NULL,$13.50
ETFC,$26.2926,1441055462818,"1,471,489",57% bullish,of 14 ratings,$32.50
EGBN,$41.907,1441055462847,"60,304",Not yet rated,NULL,$48
EGLE,$7.143,1441055462955,"33,835",60% bullish,of 5 ratings,N/A
EGRX,$78.55,1441055462985,"161,683",67% bullish,of 3 ratings,$97
ELNK,$8.387,1441055463015,"658,835",60% bullish,of 5 ratings,$9.50
EROC,$1.58,1441055463060,"351,176",50% bullish,of 2 ratings,$3
EACQU,$10.2,1441055463191,"2,704",Not yet rated,NULL,N/A
EWBC,$40.407,1441055463246,"506,340",100% bearish,of 1 rating,$50
EML,$16.46,1441055463278,"2,313",Not yet rated,NULL,N/A
EBAY,$27.1127,1441055463300,"7,889,378",81% bullish,of 117 ratings,$34
EBIX,$28.39,1441055463352,"328,199",69% bullish,of 13 ratings,$40
EVBS,$6.57,1441055463379,"11,744",Not yet rated,NULL,$7
ELON,$0.56,1441055463511,"79,849",50% bullish,of 2 ratings,N/A
EEI,$11.27,1441055463703,"1,160",67% bearish,of 3 ratings,N/A
ECTE,$1.46,1441055463729,"5,904",75% bullish,of 4 ratings,N/A
SATS,$44.597,1441055463750,"133,258",50% bullish,of 2 ratings,$60
ECHO,$23.257,1441055463778,"140,092",67% bearish,of 3 ratings,$34.50
ESES,$3.16,1441055464038,450,100% bearish,of 1 rating,$7
ECACU,$10.1,1441055464063,"1,278",Not yet rated,NULL,N/A
EDUC,$6.1,1441055464092,"22,701",100% bearish,of 1 rating,N/A
EDGW,$7.2,1441055464221,"4,535",100% bearish,of 1 rating,N/A
EGLT,$11.21,1441055464248,"155,478",50% bullish,of 2 ratings,$21
EDAP,$3.65,1441055464278,"39,138",60% bullish,of 5 ratings,$4.50
EFUT,NULL,1441055464308,0,Not yet rated,NULL,N/A
EGAN,$3.61,1441055464381,"9,386",50% bullish,of 2 ratings,$6.25
EHTH,$14.937,1441055464406,"71,545",50% bullish,of 4 ratings,$16.50
ESLT,$76.71,1441055464750,"4,803",67% bullish,of 3 ratings,N/A
EMITF,$1.23,1441055464775,"22,160",75% bullish,of 4 ratings,N/A
LOCO,$13.013,1441055464852,"705,114",69% bullish,of 13 ratings,$19.50
ERI,$9.417,1441055464914,"119,801",100% bearish,of 1 rating,$10
ELRC,$10.657,1441055464985,"23,055",100% bearish,of 1 rating,N/A
ELEC,NULL,1441055465164,0,Not yet rated,NULL,N/A
EFII,$43.767,1441055465194,"88,505",80% bullish,of 5 ratings,$55
EA,$66.1566,1441055465228,"2,293,325",78% bullish,of 36 ratings,$80
ELSE,$3.89,1441055465262,102,60% bullish,of 5 ratings,N/A
ESIO,$4.64,1441055465283,"61,043",50% bullish,of 2 ratings,$10
ELECW,$0.239,1441055465317,100,Not yet rated,NULL,N/A
EBIO,$3.53,1441055465348,"124,749",100% bearish,of 2 ratings,$8.35
ELECU,NULL,1441055465373,0,Not yet rated,NULL,N/A
CAPX,$22.81,1441055465552,"1,304",Not yet rated,NULL,N/A
RDEN,$11.027,1441055465582,"166,233",100% bearish,of 4 ratings,$15
ESBK,$19.78,1441055465637,347,Not yet rated,NULL,N/A
LONG,$17.12,1441055465953,"8,309",67% bullish,of 3 ratings,$15.75
ELTK,$1.26,1441055465992,"89,157",67% bearish,of 3 ratings,N/A
EMCF,$23.2999,1441055466055,350,100% bearish,of 1 rating,N/A
EMCI,$22.877,1441055466133,"13,296",Not yet rated,NULL,N/A
EMMSP,$3,1441055466226,300,100% bearish,of 1 rating,N/A
EMMS,$1.26,1441055466271,"31,007",83% bullish,of 6 ratings,N/A
EMKR,$6.967,1441055466327,"188,027",75% bullish,of 4 ratings,$8.50
ENTA,$39.04,1441055466366,"140,590",50% bullish,of 2 ratings,$42
ERS,$2.86,1441055466398,"1,900",Not yet rated,NULL,N/A
NYNY,$4.263,1441055466461,"21,966",50% bullish,of 2 ratings,N/A
ECPG,$40.63,1441055466492,"181,583",100% bullish,of 2 ratings,$52
ENDP,$77.0077,1441055466676,"990,684",50% bullish,of 6 ratings,$104
WIRE,$32.467,1441055466726,"71,026",100% bearish,of 1 rating,$37
ELGX,$12.977,1441055466882,"255,461",75% bullish,of 4 ratings,$17
ECYT,$5.267,1441055466907,"292,688",83% bullish,of 6 ratings,$12
EIGI,$15.29,1441055466937,"233,229",67% bearish,of 3 ratings,$22.50
EFOI,$21.9,1441055467037,"904,404",50% bullish,of 2 ratings,$24.50
WATT,$7.22,1441055467111,"107,863",50% bullish,of 2 ratings,$13
ERII,$2.67,1441055467140,"69,654",80% bullish,of 5 ratings,$2.50
EXXI,$1.903,1441055467243,"1,559,300",86% bullish,of 7 ratings,$3.50
ENOC,$9.337,1441055467281,"143,938",75% bullish,of 4 ratings,$18
ENPH,$4.597,1441055467310,"637,933",75% bullish,of 4 ratings,$11
ESGR,$146.11,1441055467336,"13,312",100% bearish,of 1 rating,$185
ENG,$1.03,1441055467363,"15,990",100% bullish,of 3 ratings,N/A
ENFC,$17.79,1441055467528,"2,300",Not yet rated,NULL,N/A
ENTG,$13.727,1441055467667,"544,937",100% bearish,of 1 rating,$18
ENTL,$22.257,1441055467770,"15,044",Not yet rated,NULL,$28
EBTC,$21.887,1441055467795,"3,830",Not yet rated,NULL,N/A
ETRM,$0.28,1441055467820,"620,673",69% bearish,of 35 ratings,$1.625
EFSC,$23.907,1441055467862,"38,257",Not yet rated,NULL,$27
EGT,$2.1,1441055467887,"1,728",100% bullish,of 1 rating,N/A
ENVI,$1.86,1441055467956,"25,286",67% bullish,of 3 ratings,N/A
ENZN,$1.04,1441055468047,"351,904",100% bullish,of 9 ratings,N/A
EPIQ,$12.717,1441055468084,"116,317",100% bearish,of 1 rating,$18
ENZY,$9.91,1441055468215,"18,898",67% bullish,of 3 ratings,$9.50
EPRS,$5.05,1441055468243,"55,006",82% bullish,of 11 ratings,$15
EPZM,$19.997,1441055468385,"314,650",60% bullish,of 5 ratings,$34
EQIX,$269,1441055468412,"7,106,588",75% bullish,of 4 ratings,$312.50
PLUS,$75.717,1441055468433,"61,010",50% bullish,of 2 ratings,$88
EQFN,$8.39,1441055468478,70,100% bearish,of 1 rating,N/A
ERIC,$9.76,1441055468611,"1,278,699",67% bullish,of 9 ratings,$12.20
EAC,$3.39,1441055468637,"14,535",100% bearish,of 1 rating,$8
ERIE,$81.967,1441055468765,"33,397",Not yet rated,NULL,$73
ESCA,$17.893,1441055468833,"8,395",100% bearish,of 1 rating,$22
ESPR,$47.95,1441055468897,"818,211",70% bearish,of 10 ratings,$122.50
ESCRP,$1.5,1441055468925,"3,743",100% bearish,of 1 rating,N/A
ESCR,$0.1151,1441055468960,"166,513",50% bullish,of 2 ratings,N/A
ESMC,$1.39,1441055469056,"4,866",Not yet rated,NULL,N/A
ESSA,$12.93,1441055469083,"1,485",100% bearish,of 1 rating,N/A
EPIX,NULL,1441055469111,0,Not yet rated,NULL,N/A
ESND,$34.497,1441055469283,"107,528",100% bearish,of 2 ratings,$40
ETSY,$14.33,1441055469329,"579,465",80% bullish,of 5 ratings,$16
ESSX,$0.487,1441055469354,"36,770",50% bullish,of 2 ratings,N/A
CLWT,$2.5,1441055469539,300,100% bullish,of 1 rating,N/A
ESEA,$5.03,1441055469566,"5,019",100% bullish,of 1 rating,$15
EEFT,$64.47,1441055469595,"160,556",100% bearish,of 1 rating,$67.50
EVK,$3.75,1441055469696,"1,198",75% bearish,of 4 ratings,N/A
EVEP,$8.94,1441055469756,"297,623",50% bullish,of 2 ratings,$15
EVLV,$2.693,1441055469782,"117,393",60% bullish,of 5 ratings,$5.125
EXAS,$22.107,1441055469916,"535,093",78% bullish,of 9 ratings,$31
EVOL,$5.98,1441055469943,"5,856",75% bullish,of 4 ratings,$10
EVOK,$3.89,1441055469964,"27,015",100% bearish,of 1 rating,$13.375
EXA,$10.99,1441055470006,"5,563",100% bearish,of 1 rating,$13
EXAC,$19.613,1441055470099,"55,645",100% bearish,of 1 rating,$22.50
EXFO,$3.04,1441055470151,"9,555",67% bearish,of 3 ratings,$3.95
EXLS,$36.177,1441055470363,"85,485",50% bullish,of 2 ratings,$41
EXPD,$48.9651,1441055470392,"986,167",80% bullish,of 5 ratings,$52
EXEL,$5.92,1441055470413,"9,377,740",81% bullish,of 16 ratings,$6
EXPE,$114.99,1441055470443,"640,245",64% bullish,of 11 ratings,$130
ESRX,$83.6,1441055470577,"5,391,187",67% bearish,of 6 ratings,$101
EXPO,$42.75,1441055470603,"66,561",100% bearish,of 1 rating,$45.50
EXTR,$2.997,1441055470782,"1,006,112",80% bullish,of 5 ratings,$3
EXLP,$21.74,1441055470843,"275,476",100% bearish,of 1 rating,$25
EZCH,$22.92,1441055470874,"74,224",75% bullish,of 8 ratings,$19.50
EYEGW,NULL,1441055470906,0,Not yet rated,NULL,N/A
EYEG,$3.76,1441055470937,"7,745",Not yet rated,NULL,N/A
FFIV,$121.3979,1441055470968,"568,807",63% bullish,of 8 ratings,$132
EZPW,$6.317,1441055471013,"271,119",50% bullish,of 4 ratings,$7
FB,$89.17,1441055471039,"24,049,753",73% bullish,of 1072 ratings,$111
FCS,$13.597,1441055471250,"470,340",67% bearish,of 3 ratings,$17
FRP,$16.357,1441055471278,"309,767",100% bearish,of 1 rating,$18
FWM,$2.273,1441055471303,"126,798",100% bearish,of 2 ratings,$3.20
DAVE,$14.61,1441055471470,"28,432",100% bearish,of 1 rating,$15.50
FALC,$1.72,1441055471501,"32,954",63% bearish,of 8 ratings,N/A
FFKT,$25.937,1441055471530,"24,309",Not yet rated,NULL,$29
FARM,$22.857,1441055471609,"93,033",100% bearish,of 1 rating,$35
FMNB,$8.31,1441055471640,"18,782",Not yet rated,NULL,N/A
FAST,$38.54,1441055471707,"1,433,980",80% bullish,of 5 ratings,$45.50
FATE,$6.53,1441055471737,"30,961",50% bullish,of 2 ratings,$11
FARO,$38.847,1441055471768,"68,241",50% bullish,of 2 ratings,$48
FBSS,$15.89,1441055471875,5,Not yet rated,NULL,N/A
FDML,$9.197,1441055471937,"279,120",50% bullish,of 4 ratings,$14
FBRC,$21.94,1441055472042,"17,421",100% bearish,of 1 rating,$29
FNHC,$21.91,1441055472095,"52,459",100% bearish,of 1 rating,$35
FEIC,$75.477,1441055472175,"180,542",50% bullish,of 2 ratings,$95.50
FHCO,$1.4,1441055472307,"45,589",50% bullish,of 4 ratings,N/A
FENX,$9.973,1441055472334,"72,158",100% bullish,of 1 rating,$14.25
LION,$19.292,1441055472462,"213,976",100% bullish,of 1 rating,$20
FCSC,$5.637,1441055472529,"81,950",100% bearish,of 1 rating,$8.125
FGEN,$24.497,1441055472555,"564,218",100% bearish,of 1 rating,$39
FRGI,$51.64,1441055472588,"144,210",50% bullish,of 2 ratings,$70
ONEQ,$187.99,1441055472613,"9,256",100% bullish,of 1 rating,N/A
FDUS,$14.68,1441055472642,"19,811",50% bullish,of 2 ratings,$18
FSAM,$8.27,1441055472744,"6,802",100% bearish,of 1 rating,$10.25
FSCFL,$24.4175,1441055472790,"3,975",Not yet rated,NULL,N/A
FITB,$19.918,1441055472973,"4,155,289",54% bullish,of 13 ratings,$22
FSFR,$8.84,1441055472999,"30,149",100% bearish,of 1 rating,$11.50
FSC,$6.54,1441055473020,"610,214",60% bullish,of 5 ratings,$8
FITBI,$27.39,1441055473156,"28,613",Not yet rated,NULL,N/A
FNJN,$1.9,1441055473289,"10,078",100% bearish,of 1 rating,$5
FISI,$24.77,1441055473322,"24,948",100% bullish,of 2 ratings,$24.50
FNGN,$32.46,1441055473344,"284,269",67% bullish,of 3 ratings,$47
FNTCU,NULL,1441055473375,0,Not yet rated,NULL,N/A
FNSR,$15.427,1441055473406,"678,722",71% bullish,of 7 ratings,$24.50
FNTCW,$0.39,1441055473432,"3,398",Not yet rated,NULL,N/A
FNTC,NULL,1441055473506,0,Not yet rated,NULL,N/A
FNLC,$18.553,1441055473636,"29,367",100% bullish,of 1 rating,N/A
FEYE,$37.7838,1441055473661,"2,107,806",87% bullish,of 15 ratings,$55.50
FBNC,$17.017,1441055473691,"23,333",100% bullish,of 1 rating,$20
BUSE,$6.397,1441055473794,"65,808",Not yet rated,NULL,$6.875
FRBA,$6.09,1441055473822,"2,300",Not yet rated,NULL,$8
FCVA,$4.75,1441055474038,"6,984",Not yet rated,NULL,N/A
FCAP,$26.9,1441055474068,4,Not yet rated,NULL,N/A
FBIZ,$22.433,1441055474105,"37,796",100% bearish,of 2 ratings,$52
FCFS,$41.267,1441055474137,"120,618",100% bearish,of 3 ratings,$47
FCBC,$17.707,1441055474166,"11,908",Not yet rated,NULL,$18
FCLF,$9.1999,1441055474238,"2,000",Not yet rated,NULL,N/A
FCNCA,$237.177,1441055474267,"11,111",Not yet rated,NULL,N/A
FCFP,$6.95,1441055474458,"2,700",Not yet rated,NULL,N/A
FBNK,$16.997,1441055474516,"29,969",100% bearish,of 1 rating,$17.50
FCCO,$12.23,1441055474542,"9,256",Not yet rated,NULL,$13.25
FDEF,$37.69,1441055474604,"16,387",Not yet rated,NULL,$38
FFNM,$6.39,1441055474671,300,Not yet rated,NULL,N/A
FFBC,$18.437,1441055474815,"129,707",67% bearish,of 3 ratings,$20.25
FFBCW,NULL,1441055474840,0,100% bearish,of 1 rating,N/A
FFIN,$31.137,1441055474893,"167,757",50% bullish,of 2 ratings,$31.75
THFF,$32.89,1441055474924,"8,872",Not yet rated,NULL,$35
FFNW,$12.24,1441055475024,"7,168",Not yet rated,NULL,$14
INBK,$31.34,1441055475057,"19,532",50% bullish,of 2 ratings,$37
FFWM,$21.2,1441055475102,"17,236",Not yet rated,NULL,$24
FIBK,$26.677,1441055475127,"96,188",Not yet rated,NULL,$32
FMBH,NULL,1441055475295,0,Not yet rated,NULL,N/A
FRME,$26.017,1441055475357,"77,333",Not yet rated,NULL,$26.50
FMBI,$17.637,1441055475383,"242,962",Not yet rated,NULL,$20
FNFG,$9.247,1441055475525,"1,491,101",80% bullish,of 5 ratings,$9
FNWB,$12,1441055475572,"6,468",Not yet rated,NULL,N/A
FNBC,$35,1441055475633,"85,426",Not yet rated,NULL,$40
FSFG,$30.07,1441055475740,145,Not yet rated,NULL,N/A
FSGI,$2.49,1441055475778,"10,207",Not yet rated,NULL,N/A
FSLR,$47.55,1441055475810,"888,222",72% bullish,of 39 ratings,$65
FSBK,$7.78,1441055475841,"2,202",100% bullish,of 1 rating,N/A
BICK,$19.56,1441055475862,773,100% bullish,of 1 rating,N/A
FBZ,$9.82,1441055475909,"1,100",Not yet rated,NULL,N/A
FTCS,$36.36,1441055476052,"4,352",100% bearish,of 1 rating,N/A
FCAN,$24.71,1441055476111,800,Not yet rated,NULL,N/A
FCA,$19.82,1441055476290,394,Not yet rated,NULL,N/A
FV,$23.29,1441055476315,"1,628,491",100% bearish,of 1 rating,N/A
IFV,$17.75,1441055476387,"218,618",100% bearish,of 1 rating,N/A
FEMB,$41.5,1441055476443,912,Not yet rated,NULL,N/A
TDIV,$24.8,1441055476530,"54,437",100% bearish,of 1 rating,N/A
FTSM,$61,1441055476557,"211,709",100% bearish,of 1 rating,N/A
MDIV,$19.25,1441055476599,"118,290",Not yet rated,NULL,N/A
FEUZ,$31.11,1441055476627,"1,425",Not yet rated,NULL,N/A
FGM,$35.63,1441055476727,"9,582",Not yet rated,NULL,N/A
FTGC,$22.64,1441055476872,"48,577",Not yet rated,NULL,N/A
FTHI,$19.43,1441055476902,"1,541",Not yet rated,NULL,N/A
FHK,$33.06,1441055476931,"18,716",Not yet rated,NULL,N/A
HYLS,$49.6,1441055477009,"129,385",100% bearish,of 1 rating,N/A
FPXI,$27.14,1441055477033,"1,360",Not yet rated,NULL,N/A
CU,$13.07,1441055477256,"7,989",100% bearish,of 1 rating,N/A
PLTM,$6.35,1441055477347,"6,457",100% bearish,of 1 rating,N/A
YDIV,$16.4505,1441055477377,"2,620",Not yet rated,NULL,N/A
SKYY,$28.97,1441055477398,"52,038",100% bullish,of 1 rating,N/A
LMBS,$50.28,1441055477436,"1,589",Not yet rated,NULL,N/A
FTLB,$19.81,1441055477456,"1,342",100% bearish,of 1 rating,N/A
FJP,$47.13,1441055477478,"50,651",Not yet rated,NULL,N/A
FMB,NULL,1441055477527,0,Not yet rated,NULL,N/A
QABA,$37.49,1441055477731,"5,564",100% bearish,of 1 rating,N/A
CIBR,$17.89,1441055477769,"46,732",Not yet rated,NULL,N/A
FONE,$35.27,1441055477794,652,Not yet rated,NULL,N/A
QCLN,$15.18,1441055477873,"8,588",Not yet rated,NULL,N/A
CARZ,$34.91,1441055478022,"3,769",100% bearish,of 1 rating,N/A
RDVY,$21.1196,1441055478128,"2,773",Not yet rated,NULL,N/A
GRID,$33,1441055478161,112,100% bearish,of 1 rating,N/A
QQXT,$40.41,1441055478222,"14,812",Not yet rated,NULL,N/A
QINC,$20.151,1441055478253,257,Not yet rated,NULL,N/A
QQEW,$41.73,1441055478282,"61,091",Not yet rated,NULL,N/A
FTSL,$48.73,1441055478310,"28,455",100% bearish,of 1 rating,N/A
QTEC,$40.11,1441055478331,"23,631",Not yet rated,NULL,N/A
AIRR,$16.65,1441055478486,"18,224",100% bearish,of 1 rating,N/A
FDIV,$47.01,1441055478565,"2,246",100% bearish,of 1 rating,N/A
FKO,NULL,1441055478700,0,Not yet rated,NULL,N/A
FSZ,$39.1,1441055478769,"15,238",Not yet rated,NULL,N/A
FTW,$31.85,1441055478900,500,Not yet rated,NULL,N/A
FKU,$41.61,1441055478921,"10,046",Not yet rated,NULL,N/A
TUSA,$25.01,1441055478974,"3,644",Not yet rated,NULL,N/A
FMER,$17.957,1441055478999,"939,602",50% bullish,of 2 ratings,$20
FUNC,$8.14,1441055479054,"2,720",Not yet rated,NULL,N/A
SVVC,$9.31,1441055479082,"5,794",50% bullish,of 2 ratings,$26
FISV,$85.2615,1441055479179,"1,102,422",100% bearish,of 3 ratings,$90
FIVE,$38.667,1441055479228,"667,173",75% bearish,of 4 ratings,$44
FIVN,$3.933,1441055479370,"76,782",100% bullish,of 1 rating,$8.50
FSV,$31.93,1441055479399,"9,495",Not yet rated,NULL,$33.60
FPRX,$19.067,1441055479505,"732,484",50% bullish,of 2 ratings,$35
FLML,$22.15,1441055479575,"62,562",50% bullish,of 2 ratings,$30
FLKS,$12.03,1441055479673,"16,549",50% bullish,of 2 ratings,$27
FLXS,$30.797,1441055479763,"32,575",100% bearish,of 2 ratings,N/A
SKOR,$50.3,1441055479833,"5,500",Not yet rated,NULL,N/A
FLEX,$10.5089,1441055479865,"2,096,264",63% bullish,of 8 ratings,$12
FLXN,$24.11,1441055479890,"101,106",100% bearish,of 1 rating,$40
MBSD,$24.98,1441055479964,"1,585",Not yet rated,NULL,N/A
FLIR,$28.6329,1441055480064,"680,795",100% bearish,of 1 rating,$38.50
FFIC,$19.947,1441055480091,"56,387",Not yet rated,NULL,$20.50
FLDM,$12.187,1441055480154,"257,401",67% bearish,of 3 ratings,$15
FOMX,$10.157,1441055480226,"128,656",50% bullish,of 2 ratings,$23.50
FOGO,$19.22,1441055480287,"158,547",50% bullish,of 2 ratings,$25.50
FONR,$9.54,1441055480421,"3,026",100% bullish,of 1 rating,N/A
FORM,$6.647,1441055480552,"197,353",67% bullish,of 3 ratings,$10.50
FES,$0.91,1441055480587,"57,777",50% bullish,of 2 ratings,$1
FORR,$31.61,1441055480620,"20,516",Not yet rated,NULL,N/A
FORTY,$31.63,1441055480683,411,100% bearish,of 1 rating,N/A
FBIO,$2.75,1441055480712,"80,277",83% bullish,of 6 ratings,N/A
FTNT,$42.137,1441055480750,"893,688",80% bullish,of 10 ratings,$52
FWRD,$45.017,1441055480893,"148,554",100% bearish,of 1 rating,$50
FORD,$1.38,1441055480986,"1,111,796",67% bullish,of 3 ratings,N/A
FOSL,$61.58,1441055481041,"390,120",60% bearish,of 5 ratings,$80
FXCB,$17.263,1441055481091,"38,438",Not yet rated,NULL,$19
FWP,$26.31,1441055481117,"17,060",100% bearish,of 1 rating,$45
FMI,$23.54,1441055481251,"203,259",100% bearish,of 2 ratings,$27.50
FOXF,$15.017,1441055481280,"55,242",100% bearish,of 1 rating,$19
FRAN,$11.237,1441055481355,"299,158",50% bullish,of 4 ratings,$15
FELE,$29.287,1441055481410,"122,880",50% bullish,of 4 ratings,$33
FRED,$13.117,1441055481483,"191,747",50% bullish,of 2 ratings,$15.50
FREE,$0.396,1441055481573,"1,430,248",92% bullish,of 12 ratings,N/A
RAIL,$21.553,1441055481605,"120,998",100% bearish,of 1 rating,$24.50
FEIM,$11.19,1441055481631,"2,498",100% bearish,of 1 rating,N/A
FRPT,$12.987,1441055481708,"430,410",67% bearish,of 3 ratings,$23.50
FTR,$5.07,1441055481865,"13,353,476",78% bullish,of 27 ratings,$6.25
FTRPR,$100.8,1441055481902,"8,167",100% bearish,of 1 rating,N/A
FSBW,$23.25,1441055481956,"2,985",Not yet rated,NULL,N/A
FRPH,$31.107,1441055481996,"18,886",100% bearish,of 1 rating,N/A
FTD,$29.887,1441055482031,"112,719",100% bearish,of 1 rating,$40
FSYS,$6.85,1441055482128,"19,064",67% bullish,of 3 ratings,$10
FCEL,$0.8223,1441055482206,"788,325",88% bullish,of 41 ratings,$2.65
FTEK,$2.04,1441055482269,"25,489",75% bullish,of 4 ratings,N/A
FULL,$3.16,1441055482375,"19,224",67% bearish,of 3 ratings,$4.25
FLL,$1.54,1441055482508,"14,329",75% bullish,of 4 ratings,$3.50
FULT,$12.157,1441055482540,"489,754",100% bearish,of 1 rating,$13
FULLL,NULL,1441055482581,0,Not yet rated,NULL,N/A
FXEN,$0.9694,1441055482673,"59,312",75% bullish,of 4 ratings,$1.10
FSNN,$2.12,1441055482702,"5,282",67% bullish,of 3 ratings,$6
FFHL,$1.04,1441055482728,"2,095",50% bullish,of 4 ratings,N/A
FXENP,$15.6,1441055482856,"1,612",100% bearish,of 1 rating,N/A
GK,$67.607,1441055482903,"48,693",Not yet rated,NULL,$78
GAIA,$6.11,1441055483032,"6,928",50% bullish,of 2 ratings,$8.50
GLPG,$60.54,1441055483096,"17,204",100% bullish,of 1 rating,$75
WILC,$4.95,1441055483160,"3,352",100% bullish,of 2 ratings,N/A
GALTU,NULL,1441055483226,0,100% bearish,of 1 rating,N/A
GALE,$1.577,1441055483307,"992,272",89% bullish,of 47 ratings,$4
GLMD,$8.97,1441055483385,"14,437",67% bullish,of 3 ratings,$20.50
GALT,$2.21,1441055483413,"155,554",80% bullish,of 5 ratings,N/A
GALTW,NULL,1441055483452,0,100% bullish,of 1 rating,N/A
GLPI,$30.937,1441055483485,"390,323",100% bearish,of 1 rating,$37.50
GPIC,$9.51,1441055483621,"1,460",100% bearish,of 1 rating,N/A
GRMN,$37.61,1441055483678,"732,487",50% bullish,of 6 ratings,$46.50
GGACR,$0.2643,1441055483767,"14,000",100% bullish,of 1 rating,N/A
GGAC,NULL,1441055483793,0,100% bearish,of 1 rating,N/A
GGACU,$10.25,1441055483926,200,Not yet rated,NULL,N/A
GARS,$14.55,1441055483947,"42,968",Not yet rated,NULL,$16
GGACW,$0.13,1441055484030,"89,760",Not yet rated,NULL,N/A
GENC,$9.05,1441055484079,"4,400",100% bearish,of 1 rating,N/A
GNCMA,$16.847,1441055484166,"120,636",100% bearish,of 1 rating,$12
GFN,$3.81,1441055484237,"16,914",100% bearish,of 2 ratings,$8
GFNCP,$93.9,1441055484263,110,Not yet rated,NULL,N/A
GFNSL,$25.6,1441055484291,"1,500",Not yet rated,NULL,N/A
GENE,$2.3,1441055484341,"131,063",100% bullish,of 12 ratings,N/A
GNCA,$11.627,1441055484522,"540,178",100% bearish,of 1 rating,$20
GNMK,$10.337,1441055484551,"226,333",67% bullish,of 6 ratings,$14
GHDX,$27.517,1441055484729,"178,796",50% bullish,of 2 ratings,$30
GNTX,$15.497,1441055484756,"2,433,734",Not yet rated,NULL,$20
THRM,$45.587,1441055484835,"145,005",75% bearish,of 4 ratings,$55.50
GTWN,$18.97,1441055484891,100,Not yet rated,NULL,N/A
GNVC,$2.53,1441055484920,"8,472",90% bullish,of 10 ratings,$8.50
GERN,$3.027,1441055485024,"1,566,959",88% bullish,of 16 ratings,$5.25
GEOS,$17.713,1441055485107,"98,450",100% bearish,of 3 ratings,$21
GEVO,$2.41,1441055485137,"196,799",75% bullish,of 12 ratings,$5
GABC,$28.98,1441055485158,"8,884",Not yet rated,NULL,$31
ROCK,$16.387,1441055485190,"149,085",80% bullish,of 5 ratings,$24
GIGM,$0.52,1441055485333,"49,786",100% bullish,of 2 ratings,N/A
GIGA,$1.32,1441055485362,"163,071",100% bearish,of 1 rating,N/A
GIII,$69.33,1441055485435,"243,990",67% bullish,of 3 ratings,$75
GILT,$4.27,1441055485466,"8,407",50% bullish,of 2 ratings,N/A
GILD,$105.05,1441055485567,"8,016,975",91% bullish,of 87 ratings,$129
GBCI,$26.007,1441055485627,"260,154",50% bullish,of 2 ratings,$31
GLAD,$9.07,1441055485782,"194,499",50% bullish,of 2 ratings,$8.75
GLADO,$25.55,1441055485832,"1,900",Not yet rated,NULL,N/A
GOODN,$25.57,1441055485862,"2,624",Not yet rated,NULL,N/A
GOOD,$14.397,1441055485889,"81,025",Not yet rated,NULL,$19
GOODP,$25.14,1441055485957,14,Not yet rated,NULL,N/A
GOODO,$24.85,1441055486024,"3,177",Not yet rated,NULL,N/A
GAINN,$25.13,1441055486056,"95,872",Not yet rated,NULL,N/A
GAIN,$7.5,1441055486082,"124,407",100% bullish,of 2 ratings,$8.25
GAINO,$25.32,1441055486207,"1,310",Not yet rated,NULL,N/A
LAND,$9.13,1441055486336,"31,389",50% bullish,of 2 ratings,$13.75
GAINP,$25.91,1441055486361,823,Not yet rated,NULL,N/A
GLBZ,$11.9,1441055486497,460,Not yet rated,NULL,N/A
GBLI,$26.84,1441055486647,"10,686",Not yet rated,NULL,N/A
GBT,$49.49,1441055486677,"108,921",100% bearish,of 1 rating,N/A
ENT,$11.767,1441055486728,"162,009",100% bearish,of 1 rating,$18
GDEF,$10.54,1441055486754,45,Not yet rated,NULL,N/A
GPACU,$9.98,1441055486834,2,Not yet rated,NULL,N/A
ACTX,$13.15,1441055486932,"74,850",100% bullish,of 1 rating,N/A
QQQC,$19.2,1441055486984,"1,622",100% bearish,of 1 rating,N/A
GSOL,$8.21,1441055487013,"11,602",100% bearish,of 1 rating,N/A
SOCL,$17.56,1441055487116,"20,879",100% bullish,of 2 ratings,N/A
ALTY,$14.41,1441055487163,"3,125",Not yet rated,NULL,N/A
YLCO,$11.91,1441055487188,"3,140",Not yet rated,NULL,N/A
SRET,$13.25,1441055487215,544,Not yet rated,NULL,N/A
GBIM,$2.8,1441055487397,"57,778",50% bullish,of 2 ratings,N/A
GSM,$13.74,1441055487474,"348,661",50% bullish,of 2 ratings,$22
GAI,$6,1441055487505,"3,051",50% bullish,of 2 ratings,N/A
GLBS,$1.05,1441055487609,"12,196",67% bullish,of 3 ratings,N/A
GLRI,$1,1441055487654,"7,676",100% bearish,of 1 rating,$4.25
GOGO,$15.887,1441055487684,"367,829",80% bullish,of 5 ratings,$25
GLYC,$7.01,1441055487761,"10,220",50% bullish,of 2 ratings,$14
GLUU,$4.587,1441055487787,"1,187,236",92% bullish,of 26 ratings,$9
GLNG,$38.937,1441055487922,"1,007,438",83% bullish,of 6 ratings,$55.50
GMLP,$19.77,1441055487951,"265,859",50% bullish,of 4 ratings,$30.50
GDEN,$9.2,1441055488000,"9,869",50% bullish,of 2 ratings,N/A
GOGL,$3.047,1441055488025,"243,176",75% bullish,of 4 ratings,$5
GLDC,$4,1441055488089,553,50% bullish,of 2 ratings,N/A
GTIM,$6.9,1441055488190,"23,964",Not yet rated,NULL,$11.50
GOOG,$618.3118,1441055488265,"1,222,310",89% bullish,of 71 ratings,$825
GBDC,$16.78,1441055488294,"95,016",Not yet rated,NULL,$17.75
GOOGL,$647.64,1441055488362,"1,075,972",88% bullish,of 1082 ratings,$749
GPRO,$46.52,1441055488396,"3,048,883",78% bullish,of 58 ratings,$72
GMAN,$3.78,1441055488431,"40,660",60% bullish,of 5 ratings,$8.50
GPIA,NULL,1441055488531,0,100% bearish,of 1 rating,N/A
GPIAU,NULL,1441055488660,0,Not yet rated,NULL,N/A
GPIAW,NULL,1441055488705,0,Not yet rated,NULL,N/A
GBSNU,NULL,1441055488742,0,NULL,NULL,NULL
GBSN,$0.305,1441055488804,"5,713,916",50% bullish,of 2 ratings,$8.25
LOPE,$36.96,1441055488841,"218,905",100% bearish,of 2 ratings,$50
GLDD,$5.547,1441055488943,"125,891",100% bearish,of 4 ratings,$7.75
GRVY,$3.16,1441055488968,"3,800",50% bullish,of 2 ratings,N/A
GSBC,$40.27,1441055489135,"20,026",100% bullish,of 1 rating,$44
GNBC,$11.963,1441055489204,"13,591",100% bearish,of 1 rating,$16.50
GPP,$14.62,1441055489232,"147,227",Not yet rated,NULL,$20.50
GRBK,$12.147,1441055489278,"248,845",77% bullish,of 13 ratings,N/A
GPRE,$21.257,1441055489365,"394,699",67% bullish,of 6 ratings,$28.50
GLRE,$25.497,1441055489409,"121,954",50% bullish,of 2 ratings,$41
GCBC,$28.49,1441055489434,"1,840",100% bullish,of 1 rating,N/A
GRPN,$4.497,1441055489640,"4,565,049",61% bullish,of 71 ratings,$6.75
GRFS,$30.29,1441055489706,"126,024",50% bullish,of 2 ratings,$35
GRIF,$32.49,1441055489734,156,100% bearish,of 1 rating,N/A
GSIT,$4.66,1441055489867,"4,914",100% bearish,of 1 rating,N/A
OMAB,$41.79,1441055489934,"50,036",100% bullish,of 1 rating,$44
GSIG,$12.987,1441055489997,"34,076",100% bearish,of 2 ratings,N/A
GGAL,$19.16,1441055490024,"95,793",80% bullish,of 5 ratings,$40
GSVC,$8.875,1441055490091,"39,281",50% bullish,of 2 ratings,$14.50
GTXI,$0.918,1441055490154,"43,094",100% bullish,of 5 ratings,$.75
GUID,$7.103,1441055490248,"11,971",100% bearish,of 3 ratings,$10
GFED,$15,1441055490279,"1,814",Not yet rated,NULL,$17
GBNK,$16.037,1441055490308,"23,648",100% bearish,of 1 rating,$18
GIFI,$12.63,1441055490414,"35,404",100% bearish,of 1 rating,$16
GULTU,$0.3,1441055490466,"1,281,302",100% bearish,of 1 rating,N/A
GPOR,$35.8228,1441055490490,"1,349,475",75% bullish,of 4 ratings,$55
GURE,$1.7,1441055490631,"6,150",88% bullish,of 8 ratings,N/A
GWPH,$106.35,1441055490712,"64,723",78% bullish,of 9 ratings,$148.50
GYRO,$2.82,1441055490770,"3,600",100% bearish,of 1 rating,N/A
GWGH,$7.7,1441055490811,"3,344",100% bearish,of 1 rating,$15.05
HEES,$20.707,1441055490874,"396,368",67% bearish,of 3 ratings,$31
HLG,$9.49,1441055490899,"3,398",100% bearish,of 1 rating,N/A
HNRG,$8.043,1441055490956,"101,467",100% bearish,of 1 rating,$10
HALL,$11.487,1441055491063,"22,303",Not yet rated,NULL,N/A
HBK,$13.67,1441055491189,200,50% bullish,of 2 ratings,N/A
HBHC,$28.077,1441055491225,"616,070",50% bullish,of 2 ratings,$30
HALO,$17.457,1441055491291,"666,516",67% bullish,of 3 ratings,$22.50
HMPR,$1.833,1441055491317,"14,696",100% bullish,of 1 rating,N/A
HBHCL,$24.12,1441055491343,"22,798",Not yet rated,NULL,N/A
HNH,$25.22,1441055491371,"12,206",100% bullish,of 1 rating,N/A
HAFC,$24.237,1441055491518,"202,297",100% bullish,of 2 ratings,$28.50
HNSN,$0.558,1441055491585,"62,743",88% bullish,of 8 ratings,$.40
HQCL,$13.19,1441055491759,"20,021",67% bullish,of 3 ratings,$14
HRMN,$9.9001,1441055491783,400,Not yet rated,NULL,N/A
HLIT,$5.767,1441055491811,"344,496",100% bearish,of 1 rating,$6.50
HDNG,$10.27,1441055491836,"14,933",50% bullish,of 4 ratings,N/A
HRMNW,$0.34,1441055491968,"20,000",Not yet rated,NULL,N/A
HRMNU,$10.2,1441055492013,"2,200",Not yet rated,NULL,N/A
TINY,$2.5,1441055492069,"17,404",50% bullish,of 2 ratings,$5.26
HCAP,$12.02,1441055492200,"10,334",50% bullish,of 2 ratings,$15
HART,$1.38,1441055492225,"956,161",100% bearish,of 1 rating,N/A
HBIO,$4.373,1441055492254,"86,114",100% bearish,of 1 rating,$10
HCAPL,$25.7,1441055492280,"4,800",Not yet rated,NULL,N/A
HAS,$74.5975,1441055492444,"1,043,418",63% bullish,of 8 ratings,$84.50
HCOM,$22.01,1441055492513,"6,718",100% bearish,of 1 rating,$28
HA,$22.657,1441055492575,"440,036",67% bullish,of 9 ratings,$27
HWBK,$13.97,1441055492706,214,100% bearish,of 1 rating,N/A
HDS,$32.996,1441055492768,"894,344",100% bearish,of 2 ratings,$39.50
HAYN,$38.22,1441055492793,"26,098",100% bearish,of 1 rating,$59
HWKN,$38.05,1441055492838,"23,289",Not yet rated,NULL,N/A
HCSG,$33.437,1441055492979,"140,776",50% bullish,of 4 ratings,$35
HWAY,$12.207,1441055493008,"198,897",100% bearish,of 1 rating,$15
HIIQ,$5.17,1441055493070,"24,978",50% bullish,of 2 ratings,$7
HQY,$29.317,1441055493097,"170,231",67% bullish,of 3 ratings,$32
HSTM,$24.85,1441055493131,"54,712",50% bullish,of 2 ratings,$33.75
HTLD,$20.237,1441055493236,"410,693",Not yet rated,NULL,$22.50
HTLF,$36.367,1441055493275,"43,500",100% bullish,of 1 rating,$39.50
HTWR,$85.597,1441055493332,"132,347",50% bullish,of 2 ratings,$103
HTBX,$4.86,1441055493463,"12,330",50% bullish,of 2 ratings,$15.50
HELE,$85.137,1441055493614,"98,155",67% bearish,of 3 ratings,$100
HSII,$19.487,1441055493647,"71,661",100% bullish,of 3 ratings,$25
HNNA,$24.735,1441055493692,"8,928",Not yet rated,NULL,N/A
HMNY,$2.18,1441055493723,300,100% bearish,of 1 rating,N/A
HSIC,$136.7963,1441055493757,"350,434",83% bullish,of 6 ratings,$146
HERO,NULL,1441055493775,0,NULL,NULL,NULL
HMTV,$13.613,1441055493845,"17,151",100% bearish,of 1 rating,$16
HCACU,$9.92,1441055493874,"17,812",Not yet rated,NULL,N/A
HTBK,$10.577,1441055494104,"39,467",Not yet rated,NULL,$12
HFWA,$17.717,1441055494137,"53,865",100% bullish,of 1 rating,$20
HCCI,$11.923,1441055494233,"95,879",100% bearish,of 1 rating,$16.50
HEOP,$7.773,1441055494259,"12,926",Not yet rated,NULL,$8.50
HRTX,$38.457,1441055494337,"1,476,857",67% bullish,of 6 ratings,$41
MLHR,$27.107,1441055494399,"267,100",50% bullish,of 2 ratings,$33.50
HPJ,$2.19,1441055494567,"21,120",75% bullish,of 4 ratings,$12.43
HSKA,$33.747,1441055494594,"44,752",100% bearish,of 1 rating,$38
HFFC,$15.98,1441055494727,"37,792",Not yet rated,NULL,N/A
HIMX,$6.92,1441055494757,"862,550",86% bullish,of 21 ratings,$8.50
HIBB,$39.5,1441055494777,"239,060",100% bearish,of 1 rating,$46.50
HIHO,$4.22,1441055494798,"44,652",Not yet rated,NULL,N/A
HIFS,$116.98,1441055494932,"3,816",Not yet rated,NULL,N/A
HMNF,$11.7,1441055494983,200,Not yet rated,NULL,N/A
HSGX,$6.19,1441055495081,"9,272",100% bearish,of 1 rating,$17
HMSY,$10.447,1441055495131,"864,437",67% bullish,of 3 ratings,$19.35
HOLX,$38.8139,1441055495228,"1,241,923",50% bullish,of 4 ratings,$42
HOLI,$17.55,1441055495300,"71,337",50% bullish,of 4 ratings,$27
AWAY,$28.687,1441055495472,"432,378",67% bullish,of 3 ratings,$36
HOMB,$38.117,1441055495504,"170,679",Not yet rated,NULL,$42
HFBL,$21.9999,1441055495525,100,Not yet rated,NULL,N/A
HBCP,$25.11,1441055495555,"1,195",Not yet rated,NULL,$29
HMST,$22.257,1441055495577,"69,053",100% bullish,of 2 ratings,$27
HMIN,$26.6,1441055495606,"65,893",100% bearish,of 2 ratings,$35
HKTV,$4.37,1441055495738,"4,597",100% bearish,of 1 rating,N/A
HTBI,$18.187,1441055495766,"58,784",67% bullish,of 3 ratings,$18.625
HOFT,$23.86,1441055495832,"32,521",100% bearish,of 1 rating,N/A
CETC,$0.7301,1441055495857,"10,953",86% bullish,of 7 ratings,N/A
HFBC,$11.4,1441055495935,"1,818",Not yet rated,NULL,N/A
HBNC,$23.627,1441055496116,"22,804",100% bullish,of 1 rating,$27
HZNP,$29.218,1441055496148,"994,928",85% bullish,of 20 ratings,$40
HDP,$23.757,1441055496250,"298,470",67% bearish,of 3 ratings,$30.50
HRZN,$10.53,1441055496277,"35,352",50% bullish,of 2 ratings,$14.25
HMHC,$22.577,1441055496316,"627,908",Not yet rated,NULL,$27
HOVNP,$4.01,1441055496407,"4,402",100% bearish,of 1 rating,N/A
ZINC,$8.177,1441055496444,"820,989",100% bearish,of 1 rating,$17
HWCC,$7.64,1441055496465,"71,398",100% bearish,of 1 rating,$9
HSNI,$60.807,1441055496541,"224,831",Not yet rated,NULL,$80
HBMD,$14.46,1441055496568,700,100% bearish,of 1 rating,N/A
HUBG,$37.687,1441055496732,"162,303",100% bearish,of 1 rating,$43
HTGM,$5.77,1441055496761,"7,229",100% bearish,of 1 rating,$19.50
HCBK,$9.3009,1441055496864,"1,655,009",83% bullish,of 6 ratings,$8.61
HSON,$2.58,1441055496931,"5,976",100% bearish,of 1 rating,$5
HBAN,$10.9089,1441055496958,"3,942,178",76% bullish,of 17 ratings,$12.29
HDSN,$3.12,1441055496984,"4,739",100% bullish,of 1 rating,$6.25
HURC,$30.837,1441055497153,"8,548",100% bearish,of 1 rating,N/A
HTCH,$1.5,1441055497204,"74,664",100% bearish,of 1 rating,$3.50
HBANP,NULL,1441055497235,0,100% bearish,of 1 rating,N/A
HURN,$72.387,1441055497297,"117,973",50% bullish,of 2 ratings,$80
HBP,$3.15,1441055497343,"2,900",100% bullish,of 1 rating,N/A
HDRAR,$0.36,1441055497546,"20,000",Not yet rated,NULL,N/A
HDRAU,NULL,1441055497572,0,Not yet rated,NULL,N/A
HDRA,NULL,1441055497657,0,Not yet rated,NULL,N/A
HDRAW,$0.264,1441055497705,900,Not yet rated,NULL,N/A
HYGS,$9.29,1441055497754,"29,393",50% bullish,of 2 ratings,$13
IDSY,$3.75,1441055497779,"12,050",100% bearish,of 1 rating,$7
IACI,$69.796,1441055497807,"572,026",75% bullish,of 4 ratings,$90
IKGH,$1.39,1441055497939,"29,759",75% bullish,of 4 ratings,N/A
ICAD,$3.97,1441055497982,"29,731",100% bullish,of 2 ratings,$7.25
IBKC,$60.897,1441055498007,"146,679",100% bullish,of 1 rating,$70
IEP,$73.28,1441055498139,"54,430",75% bullish,of 4 ratings,$99
ICLR,$77,1441055498218,"377,603",100% bearish,of 3 ratings,$85
ICFI,$34.207,1441055498239,"44,981",50% bullish,of 2 ratings,$48.50
ICON,$13.89,1441055498269,"518,575",50% bullish,of 2 ratings,$18.50
ICUI,$113.52,1441055498318,"75,122",Not yet rated,NULL,$122
IPWR,$7.4,1441055498495,"6,708",100% bullish,of 1 rating,$15
IDRA,$3.017,1441055498527,"1,525,846",89% bullish,of 9 ratings,$6.50
INVE,$4.65,1441055498564,"64,819",75% bullish,of 4 ratings,$4
IDXX,$71.4614,1441055498830,"362,761",100% bearish,of 1 rating,$76
DSKY,$11.02,1441055498858,"78,976",67% bullish,of 6 ratings,$11.50
IROQ,$16.71,1441055498896,"1,079",100% bullish,of 1 rating,N/A
RXDX,$13.677,1441055498928,"102,597",100% bullish,of 1 rating,$20
IIVI,$16.887,1441055498994,"200,368",100% bearish,of 1 rating,$22
IRG,$4.91,1441055499022,"14,444",100% bearish,of 1 rating,$4.25
KANG,$15.72,1441055499072,"214,112",50% bullish,of 2 ratings,$22.55
ILMN,$197.6298,1441055499309,"972,766",80% bullish,of 5 ratings,$245
IKNX,$12.56,1441055499337,"4,710",100% bearish,of 1 rating,N/A
IKAN,$2.73,1441055499363,"102,048",83% bullish,of 6 ratings,$5
ISNS,$4.14,1441055499384,"25,069",50% bullish,of 2 ratings,N/A
IMMR,$11.587,1441055499413,"117,170",80% bullish,of 5 ratings,$15.50
ICCC,$7.26,1441055499562,"6,538",100% bullish,of 1 rating,N/A
IMDZ,$16.01,1441055499633,"59,246",100% bearish,of 1 rating,$33
IMNP,$1.3,1441055499658,"84,910",50% bullish,of 2 ratings,$6
IMGN,$13.457,1441055499702,"805,345",75% bullish,of 4 ratings,$17.50
IMMU,$2.157,1441055499836,"672,051",86% bullish,of 7 ratings,$2
INCR,$41.01,1441055500049,"309,077",50% bullish,of 2 ratings,$53
IMMY,$7.79,1441055500111,"6,500",100% bearish,of 1 rating,$11
IPXL,$40.957,1441055500140,"837,016",67% bullish,of 3 ratings,$46.50
INDB,$45.29,1441055500269,"81,509",Not yet rated,NULL,$44
SAAS,$7.547,1441055500295,"645,124",50% bullish,of 2 ratings,$15
INCY,$116.2016,1441055500328,"1,174,522",50% bullish,of 6 ratings,$125.50
IBTX,$42.39,1441055500427,"18,694",100% bullish,of 2 ratings,$47.25
IBCP,$14.067,1441055500483,"56,281",100% bullish,of 1 rating,$14.50
INFN,$21.817,1441055500556,"1,710,472",71% bullish,of 7 ratings,$28
IDSA,$3.56,1441055500586,"1,034",Not yet rated,NULL,N/A
INFI,$8.817,1441055500645,"405,816",50% bullish,of 4 ratings,$18
IPCC,$77.28,1441055500718,"16,305",Not yet rated,NULL,$77.50
IMKTA,$49.7,1441055500815,"96,914",100% bearish,of 1 rating,N/A
III,$3.71,1441055500842,"75,536",57% bullish,of 7 ratings,$6
IFON,$1.26,1441055500868,"18,692",75% bullish,of 4 ratings,N/A
INWK,$7.257,1441055501157,"85,802",50% bullish,of 2 ratings,$10
IPHS,$48.073,1441055501226,"250,450",100% bearish,of 1 rating,$60
INNL,$12.73,1441055501256,"1,804",100% bearish,of 1 rating,$16.50
INOD,$2.39,1441055501284,"76,986",100% bearish,of 1 rating,N/A
ISSC,$2.83,1441055501310,"2,634",67% bearish,of 3 ratings,N/A
IOSP,$49.097,1441055501331,"209,915",100% bearish,of 1 rating,N/A
ITEK,$12.35,1441055501364,"199,018",100% bearish,of 3 ratings,$20
INGN,$49.29,1441055501513,"170,112",100% bearish,of 1 rating,$50.50
INOV,$21.89,1441055501683,"245,424",100% bearish,of 1 rating,$33
INO,$7.487,1441055501717,"897,073",89% bullish,of 18 ratings,$20
NSIT,$25.307,1441055501740,"173,771",50% bullish,of 2 ratings,N/A
ISIG,$2.68,1441055501815,"21,994",100% bearish,of 1 rating,N/A
INSM,$24.437,1441055501840,"343,034",71% bullish,of 7 ratings,$31.50
IIIN,$17.307,1441055502141,"40,501",100% bearish,of 2 ratings,N/A
INSY,$32.417,1441055502174,"333,399",75% bullish,of 4 ratings,$48
IART,$59.977,1441055502206,"622,238",100% bearish,of 2 ratings,$71.50
PODD,$29.707,1441055502234,"242,799",67% bearish,of 3 ratings,$35
NTEC,$5.55,1441055502259,"32,892",100% bearish,of 1 rating,N/A
IDTI,$18.987,1441055502291,"1,196,930",60% bullish,of 5 ratings,$25
ISSI,$21.967,1441055502320,"160,143",67% bullish,of 3 ratings,$19.75
IESC,$7.24,1441055502366,"9,124",100% bearish,of 1 rating,N/A
INTC,$28.53,1441055502548,"29,770,443",82% bullish,of 238 ratings,$36
IPCI,$2.28,1441055502692,"63,917",67% bullish,of 6 ratings,$8
IBKR,$39.917,1441055502864,"524,007",100% bullish,of 1 rating,N/A
IQNT,$18.317,1441055502894,"213,047",86% bullish,of 7 ratings,$20
IPAR,$25.697,1441055502946,"108,300",67% bullish,of 3 ratings,$38
ININ,$35.007,1441055502997,"93,811",67% bearish,of 3 ratings,$57
IDCC,$49.467,1441055503051,"230,473",80% bullish,of 5 ratings,$63
ICPT,$189.26,1441055503134,"199,715",70% bullish,of 10 ratings,$359.50
ICLDW,NULL,1441055503163,0,100% bearish,of 1 rating,N/A
IMI,$2.14,1441055503192,"26,724",67% bullish,of 3 ratings,$2.22
TILE,$24.237,1441055503292,"606,829",100% bearish,of 3 ratings,$27
IBOC,$25.647,1441055503432,"115,287",100% bearish,of 1 rating,N/A
INAP,$7.967,1441055503464,"113,489",75% bullish,of 4 ratings,$11
ICLD,$1.87,1441055503485,"128,861",75% bullish,of 4 ratings,N/A
ISCA,$32.087,1441055503520,"98,691",100% bearish,of 1 rating,N/A
IGLD,$6.9,1441055503783,"1,226",50% bullish,of 2 ratings,N/A
IIJI,NULL,1441055503809,0,50% bullish,of 2 ratings,$11.50
INPH,$0.2821,1441055503857,"25,883",50% bullish,of 2 ratings,N/A
PTNT,$3.04,1441055503882,433,Not yet rated,NULL,N/A
XENT,$25.457,1441055503950,"159,345",50% bullish,of 2 ratings,$36.50
INTX,$1.99,1441055503976,"108,370",67% bullish,of 3 ratings,N/A
IILG,$20.057,1441055504034,"116,262",100% bearish,of 1 rating,$29
ISIL,$10.537,1441055504166,"656,348",50% bullish,of 6 ratings,$15
INTL,$26.46,1441055504493,"61,003",67% bearish,of 3 ratings,N/A
IIN,$6.9,1441055504598,"2,145",100% bearish,of 1 rating,$12
ISRG,$511.0011,1441055504815,"139,805",67% bullish,of 3 ratings,$600
INTU,$85.7414,1441055504910,"1,982,861",86% bullish,of 7 ratings,$107.50
ISTR,$15.74,1441055505043,502,100% bearish,of 1 rating,$18.50
ISBC,$11.777,1441055505070,"1,126,309",100% bullish,of 1 rating,$13.25
IVAC,$4.71,1441055505236,"20,985",100% bearish,of 1 rating,$6.625
NVIV,$9.747,1441055505270,"135,372",50% bullish,of 4 ratings,$24.50
ITIC,$71.5,1441055505299,538,100% bearish,of 2 ratings,N/A
SNAK,$8.653,1441055505366,"32,627",50% bullish,of 2 ratings,$14
ITCI,$26.787,1441055505391,"325,025",75% bearish,of 4 ratings,$40
IVTY,$13.56,1441055505438,"6,557",Not yet rated,NULL,$18
IPAS,$1.09,1441055505631,"33,623",67% bullish,of 3 ratings,N/A
INTLL,$26,1441055505702,"2,500",Not yet rated,NULL,N/A
INVT,$0.338,1441055505762,"133,058",67% bullish,of 3 ratings,N/A
DFVL,$66.6,1441055505896,6,Not yet rated,NULL,N/A
DTUL,NULL,1441055505926,0,Not yet rated,NULL,N/A
IPCM,$79.397,1441055505962,"94,101",50% bullish,of 2 ratings,$80.125
IPGP,$84.417,1441055506028,"358,224",67% bearish,of 3 ratings,$109.50
IRMD,$23.9,1441055506111,"30,540",67% bearish,of 3 ratings,$25
IRIX,$6.72,1441055506156,"35,798",100% bearish,of 1 rating,N/A
IRDM,$7.447,1441055506252,"885,899",60% bullish,of 5 ratings,$11.50
IRBT,$29.297,1441055506318,"139,448",67% bullish,of 6 ratings,$37
IRDMB,$282,1441055506349,137,67% bearish,of 3 ratings,N/A
IRCP,NULL,1441055506448,0,100% bullish,of 2 ratings,N/A
COMT,$34.49,1441055506483,"17,887",100% bearish,of 1 rating,N/A
GNMA,$50.26,1441055506515,"7,903",Not yet rated,NULL,N/A
IRWD,$10.997,1441055506615,"635,610",100% bearish,of 1 rating,$13
FCHI,NULL,1441055506680,0,NULL,NULL,NULL
IFAS,NULL,1441055506778,0,NULL,NULL,NULL
IFGL,$28.24,1441055506941,"711,500",Not yet rated,NULL,N/A
IFNA,NULL,1441055506965,0,NULL,NULL,NULL
IFEU,$38.09,1441055506986,"79,455",Not yet rated,NULL,N/A
ACWI,$55.86,1441055507022,"1,005,753",Not yet rated,NULL,N/A
AAXJ,$53.34,1441055507047,"1,165,911",Not yet rated,NULL,N/A
AXJS,NULL,1441055507116,0,NULL,NULL,NULL
ACWX,$40.76,1441055507179,"187,800",100% bearish,of 1 rating,N/A
EMDI,NULL,1441055507257,0,NULL,NULL,NULL
AAIT,NULL,1441055507309,0,NULL,NULL,NULL
EEME,NULL,1441055507335,0,NULL,NULL,NULL
EEMA,$50.47,1441055507361,"45,069",Not yet rated,NULL,N/A
EGRW,NULL,1441055507440,0,NULL,NULL,NULL
EMEY,NULL,1441055507489,0,NULL,NULL,NULL
EVAL,NULL,1441055507636,0,NULL,NULL,NULL
EUFN,$21.78,1441055507717,"41,365",100% bearish,of 1 rating,N/A
IEUS,$45.91,1441055507742,"4,514",100% bearish,of 1 rating,N/A
EEML,$27.4,1441055507769,"2,900",Not yet rated,NULL,N/A
IBB,$340.8,1441055507900,"841,337",63% bullish,of 8 ratings,N/A
UAE,$18.64,1441055507951,"4,085",Not yet rated,NULL,N/A
SOXX,$83.26,1441055507978,"322,351",50% bullish,of 2 ratings,N/A
QAT,$21.87,1441055508001,"13,000",Not yet rated,NULL,N/A
ICLN,$9.44,1441055508138,"8,465",50% bullish,of 2 ratings,N/A
WOOD,$48.25,1441055508167,"19,825",50% bullish,of 2 ratings,N/A
EMIF,$28.61,1441055508211,"28,678",Not yet rated,NULL,N/A
INDY,$27.42,1441055508342,"74,073",50% bullish,of 2 ratings,N/A
ISIS,$50.185,1441055508494,"1,363,556",53% bullish,of 15 ratings,$67
ISHG,$79.575,1441055508562,"3,927",100% bearish,of 1 rating,N/A
ISLE,$18.457,1441055508629,"421,916",50% bullish,of 4 ratings,$16
ITRI,$29.997,1441055508664,"214,883",100% bearish,of 1 rating,$37
ISRL,$131,1441055508689,498,100% bearish,of 1 rating,N/A
ITUS,$4.19,1441055508755,"1,800",Not yet rated,NULL,N/A
ITRN,$24.19,1441055508780,"2,034",50% bullish,of 2 ratings,N/A
XXIA,$15.467,1441055509122,"542,167",71% bullish,of 7 ratings,$14.625
JJSF,$113.962,1441055509155,"47,373",100% bearish,of 1 rating,N/A
MAYS,$53,1441055509182,181,Not yet rated,NULL,N/A
IXYS,$11.787,1441055509257,"186,369",50% bullish,of 4 ratings,N/A
JBHT,$72.7873,1441055509362,"605,731",50% bullish,of 4 ratings,$89.50
IGOV,$90.45,1441055509492,"213,885",100% bearish,of 1 rating,N/A
JCOM,$69.577,1441055509517,"233,835",100% bullish,of 2 ratings,$77
JASO,$8.01,1441055509543,"657,054",82% bullish,of 17 ratings,$10
JKHY,$67.957,1441055509571,"230,611",50% bullish,of 2 ratings,$72
JACK,$78.177,1441055509748,"355,212",83% bullish,of 6 ratings,$105
JXSB,NULL,1441055509773,0,Not yet rated,NULL,N/A
JAXB,$13.93,1441055509843,774,100% bullish,of 1 rating,N/A
JAGX,$2.87,1441055509938,"18,103",Not yet rated,NULL,$10.50
JRVR,$27.6,1441055510015,"59,529",Not yet rated,NULL,$32
JMBA,$13.823,1441055510068,"98,832",75% bullish,of 4 ratings,$18
JAKK,$9.7614,1441055510119,"635,286",60% bearish,of 5 ratings,$11
ERW,$50.26,1441055510250,159,Not yet rated,NULL,N/A
JAZZ,$168.8369,1441055510302,"276,570",80% bullish,of 15 ratings,$206.50
JASN,$4.99,1441055510388,"4,209",50% bullish,of 2 ratings,$9.50
JASNW,NULL,1441055510434,0,50% bullish,of 2 ratings,N/A
JD,$25.88,1441055510459,"5,751,598",75% bullish,of 16 ratings,$36
JBLU,$22.317,1441055510599,"3,312,860",94% bullish,of 18 ratings,$27
JTPY,$2.95,1441055510631,"1,670",100% bearish,of 1 rating,N/A
JCTCF,NULL,1441055510657,0,100% bullish,of 1 rating,N/A
DATE,$6.05,1441055510731,"20,982",75% bullish,of 4 ratings,$9
JST,$3.85,1441055510899,"15,235",75% bullish,of 4 ratings,N/A
JIVE,$4.513,1441055510948,"172,452",75% bullish,of 4 ratings,$5
WYIGU,NULL,1441055511030,0,100% bearish,of 1 rating,N/A
JOEZ,$0.165,1441055511079,"127,164",92% bullish,of 12 ratings,N/A
