Symbol,Price,Date,Volume,Rating,RatingVoteCount,OneYearEstimate
TFSCR,NULL,1441300502605,0,Not yet rated,NULL,N/A
FCTY,$7.98,1441300502646,100,100% bullish,of 1 rating,$8.50
PIH,$7.68,1441300502672,"1,500",100% bearish,of 1 rating,N/A
TFSCW,NULL,1441300502742,0,100% bearish,of 1 rating,N/A
TFSC,NULL,1441300502802,0,100% bearish,of 1 rating,N/A
FLWS,$8.49,1441300502874,"99,847",80% bullish,of 5 ratings,$15
FCCY,NULL,1441300502899,0,100% bullish,of 1 rating,$13
DSLV,$68.2,1441300503068,"13,106",100% bearish,of 1 rating,N/A
SRCE,$29.95,1441300503101,"12,602",100% bullish,of 3 ratings,$33
UGLD,$9.03,1441300503126,"110,045",100% bearish,of 1 rating,N/A
DGLD,$83.2699,1441300503196,"3,242",100% bullish,of 1 rating,N/A
VNET,$17.42,1441300503228,"230,281",60% bullish,of 5 ratings,$35
TWOU,$34.5675,1441300503257,"135,345",50% bullish,of 2 ratings,$39
JOBS,$26.38,1441300503299,"25,226",50% bullish,of 4 ratings,$36
USLV,$12.57,1441300503486,"175,719",86% bullish,of 7 ratings,N/A
EGHT,$7.81,1441300503644,"89,980",82% bullish,of 17 ratings,$11
SIXD,$2.7,1441300503786,"27,665",Not yet rated,NULL,N/A
CAFD,$15.1,1441300503816,"188,145",Not yet rated,NULL,$24.50
AAON,$20.11,1441300503837,"18,050",100% bearish,of 1 rating,$24
AVHI,$13.77,1441300503866,"12,114",100% bearish,of 1 rating,$19
SHLM,$33.08,1441300503918,"67,751",100% bearish,of 1 rating,$47
ABGB,$4.79,1441300504006,"35,127",67% bullish,of 3 ratings,$5.50
ABEOW,$1.77,1441300504181,"6,540",100% bullish,of 1 rating,N/A
ABEO,$4.68,1441300504217,"18,010",50% bullish,of 4 ratings,$15.50
ABY,$22.25,1441300504238,"173,001",100% bearish,of 2 ratings,$46
ABAX,$47.16,1441300504271,"12,587",100% bearish,of 1 rating,$60
ABMD,$95.373,1441300504313,"136,527",75% bullish,of 4 ratings,$100.50
AXAS,$1.69,1441300504343,"390,670",78% bullish,of 9 ratings,$3.50
ACTG,$9.16,1441300504538,"92,958",67% bullish,of 3 ratings,$18.50
ACAD,$38.62,1441300504832,"1,502,110",80% bullish,of 20 ratings,$48
ACHC,$73.19,1441300504861,"177,252",50% bullish,of 2 ratings,$92
AXDX,$18.96,1441300504891,"20,814",100% bearish,of 1 rating,N/A
XLRN,$28.254,1441300504962,"53,988",50% bullish,of 2 ratings,$57
ANCX,$19.66,1441300504988,"2,752",Not yet rated,NULL,$20
ACST,$0.3298,1441300505035,"36,673",100% bullish,of 2 ratings,N/A
ARAY,$6.6669,1441300505170,"282,629",100% bearish,of 1 rating,$10.50
VXDN,$1.99,1441300505203,"45,836",100% bearish,of 1 rating,N/A
ACRX,$4.23,1441300505305,"153,362",67% bearish,of 6 ratings,$7
AKAO,$6.93,1441300505375,"18,846",75% bullish,of 4 ratings,$15
VXUP,$1.5,1441300505400,"31,613",100% bearish,of 1 rating,N/A
ACET,$21.9766,1441300505482,"39,784",75% bullish,of 4 ratings,$30
ACHN,$7.52,1441300505633,"1,005,508",90% bullish,of 21 ratings,$16
ACIW,$21.4638,1441300505722,"134,615",67% bearish,of 3 ratings,$24
ACNB,NULL,1441300505827,0,Not yet rated,NULL,N/A
ACOR,$31.97,1441300505853,"171,965",67% bearish,of 3 ratings,$38.50
ACPW,$1.96,1441300505885,"10,666",100% bullish,of 4 ratings,$3.25
ATVI,$28.57,1441300506088,"3,134,118",67% bullish,of 84 ratings,$31.50
ACTA,$14,1441300506119,"26,405",67% bearish,of 3 ratings,$25
ACUR,$2.82,1441300506153,"10,333",100% bullish,of 5 ratings,$5
ACTS,$1.59,1441300506180,"23,957",100% bearish,of 1 rating,N/A
ADMS,$18.95,1441300506217,"29,070",100% bearish,of 2 ratings,$36
ACXM,$20.69,1441300506246,"49,743",67% bullish,of 3 ratings,N/A
ADMP,$3.58,1441300506319,"28,671",50% bullish,of 2 ratings,$10
ADAP,$11,1441300506493,"8,067",67% bullish,of 3 ratings,$22
ADUS,$29.765,1441300506574,"19,404",100% bearish,of 1 rating,$31
AEY,$2.3201,1441300506702,"2,032",100% bearish,of 2 ratings,N/A
ADEP,$7.1,1441300506800,"46,996",50% bullish,of 2 ratings,$10.75
ADMA,$9.0786,1441300506854,"1,616",Not yet rated,NULL,$19
ADBE,$78.26,1441300506884,"870,005",65% bullish,of 17 ratings,$90
ADRO,$18.5968,1441300506954,"38,973",80% bullish,of 5 ratings,$45.50
ADTN,$15.78,1441300506981,"36,650",67% bullish,of 3 ratings,$17.125
AEIS,$24.47,1441300507008,"30,878",50% bullish,of 2 ratings,$32.50
ADXS,$13.49,1441300507146,"206,365",64% bullish,of 14 ratings,$27
AMD,$1.7833,1441300507194,"2,972,165",83% bullish,of 103 ratings,$2
ADXSW,$9.69,1441300507219,"30,094",100% bullish,of 1 rating,N/A
MULT,NULL,1441300507251,0,100% bearish,of 1 rating,N/A
AEGR,$17.76,1441300507351,"107,035",50% bullish,of 6 ratings,$26
YPRO,NULL,1441300507411,0,100% bearish,of 1 rating,N/A
AEHR,$2.25,1441300507613,"3,330",50% bullish,of 2 ratings,N/A
TFSCU,$10.23,1441300507651,"2,300",Not yet rated,NULL,N/A
AEPI,$55.89,1441300507709,"4,278",100% bearish,of 1 rating,N/A
AEGN,$18.05,1441300507734,"20,888",100% bearish,of 2 ratings,$21
AMTX,$2.87,1441300507785,"18,439",50% bullish,of 2 ratings,$26.11
AVAV,$20.831,1441300507887,"126,800",50% bullish,of 4 ratings,$30
AEZS,$0.0894,1441300507911,"8,007,506",90% bullish,of 21 ratings,$1.50
AERI,$15.89,1441300507968,"154,357",75% bullish,of 4 ratings,$31.50
AFMD,$9.53,1441300508059,"34,987",50% bullish,of 4 ratings,$15
AFFX,$9.04,1441300508118,"320,189",80% bullish,of 5 ratings,$12.50
AEMD,$7.65,1441300508191,"159,283",Not yet rated,NULL,$27.50
AGRX,$8.49,1441300508247,"8,398",100% bearish,of 1 rating,$17.50
AGEN,$6.71,1441300508276,"274,449",85% bullish,of 13 ratings,$14
AGYS,$9.59,1441300508386,"3,031",100% bearish,of 1 rating,N/A
AGIO,$84.06,1441300508487,"103,491",88% bullish,of 8 ratings,$114
AGFS,$9.85,1441300508555,"14,697",100% bearish,of 1 rating,N/A
AIMT,$23.26,1441300508589,"99,790",Not yet rated,NULL,$35.50
AIRT,NULL,1441300508625,0,100% bullish,of 1 rating,N/A
AIRM,$36.44,1441300508656,"42,124",80% bearish,of 5 ratings,$53
AGFSW,NULL,1441300508681,0,100% bearish,of 2 ratings,N/A
ATSG,$8.865,1441300508762,"34,166",67% bullish,of 3 ratings,$13
AMCN,$4.58,1441300508941,"31,421",83% bullish,of 6 ratings,N/A
AIXG,$6.43,1441300508985,"4,487",67% bearish,of 3 ratings,$5.25
AKAM,$73.41,1441300509043,"867,947",63% bullish,of 8 ratings,$77.50
AKBA,$6.72,1441300509126,"381,592",100% bearish,of 1 rating,$18
AKER,$2.8299,1441300509175,"3,000",Not yet rated,NULL,N/A
AKRX,$38.56,1441300509259,"172,696",78% bullish,of 9 ratings,$56
ALRM,$15.98,1441300509298,"81,401",100% bearish,of 1 rating,$22
ALSK,$2.22,1441300509391,"33,364",78% bullish,of 18 ratings,$2
AMRI,$20,1441300509421,"55,403",75% bearish,of 4 ratings,$24
ABDC,$12.9,1441300509442,"13,741",Not yet rated,NULL,$15
ADHD,$7.67,1441300509475,"50,478",50% bullish,of 4 ratings,$18
ALDR,$40.26,1441300509609,"167,722",67% bearish,of 3 ratings,$62
ALDX,$7.0501,1441300509635,"1,101",100% bearish,of 1 rating,$14.50
ALXN,$174.23,1441300509672,"328,179",88% bullish,of 8 ratings,$223.50
ALXA,$1.17,1441300509778,"8,346",83% bullish,of 6 ratings,$2.125
ALCO,$41.81,1441300509884,"11,291",50% bullish,of 2 ratings,N/A
ALIM,$3.06,1441300509944,"8,852",80% bullish,of 5 ratings,$10
ALGN,$55.24,1441300510031,"339,506",100% bearish,of 2 ratings,$73
ALLB,$23.03,1441300510079,601,Not yet rated,NULL,N/A
ALGT,$207.12,1441300510106,"46,779",100% bearish,of 2 ratings,$235
ALKS,$63.03,1441300510134,"326,965",67% bullish,of 3 ratings,$75
AFOP,$19.08,1441300510164,"141,294",75% bullish,of 8 ratings,$21
AIQ,$14.85,1441300510190,"2,906",67% bullish,of 3 ratings,N/A
AHGP,$35.94,1441300510457,"8,279",67% bullish,of 3 ratings,N/A
AHPI,$1.5,1441300510487,625,50% bullish,of 2 ratings,N/A
AMOT,$18.06,1441300510535,"51,372",100% bearish,of 1 rating,N/A
ARLP,$25.13,1441300510564,"43,727",67% bearish,of 3 ratings,$32
ALLT,$5.04,1441300510592,"10,176",75% bullish,of 4 ratings,$6.25
ALQA,$4.64,1441300510667,"12,152",75% bullish,of 4 ratings,$8.50
MDRX,$13.13,1441300510746,"3,304,463",60% bullish,of 5 ratings,$16
AFAM,$45.57,1441300510947,"42,337",50% bullish,of 2 ratings,$44
AOSL,$7.98,1441300511045,"14,833",67% bullish,of 3 ratings,$9
SMCP,$23.3,1441300511076,700,Not yet rated,NULL,N/A
ALNY,$97.8,1441300511126,"150,340",67% bullish,of 3 ratings,$151.50
ATEC,$0.5987,1441300511153,"19,459",100% bullish,of 1 rating,$2
ALTR,$48.78,1441300511174,"476,496",80% bearish,of 5 ratings,$54
ASPS,$26.31,1441300511206,"56,889",67% bullish,of 3 ratings,$46.50
AMRN,$2.2299,1441300511494,"356,404",85% bullish,of 40 ratings,$8
AIMC,$23.64,1441300511523,"41,483",100% bearish,of 2 ratings,$28.50
AMAG,$62.34,1441300511549,"216,686",100% bullish,of 2 ratings,$75
AMZN,$507.93,1441300511574,"875,335",81% bullish,of 267 ratings,$646
AMRK,$10.48,1441300511604,"1,000",50% bullish,of 2 ratings,$14
AYA,$20.69,1441300511625,"2,483",100% bearish,of 1 rating,$40
AMBC,$16.32,1441300511756,"66,316",100% bearish,of 1 rating,$16.50
AMBCW,$8.54,1441300511786,725,100% bearish,of 1 rating,N/A
AMBA,$76.18,1441300511890,"1,380,333",83% bullish,of 12 ratings,$95
EPAX,$2.69,1441300512030,"29,376",100% bearish,of 1 rating,N/A
AMCX,$71.4,1441300512091,"148,036",67% bullish,of 3 ratings,$87.50
AMDA,$0.4833,1441300512127,"161,011",90% bullish,of 10 ratings,$1
UHAL,$379.39,1441300512194,"6,211",100% bullish,of 2 ratings,$393.50
DOX,$56.99,1441300512221,"160,965",67% bearish,of 3 ratings,$60
ASBI,$22.81,1441300512248,"2,979",Not yet rated,NULL,N/A
AMED,$40.61,1441300512271,"73,607",100% bearish,of 1 rating,$42
ATAX,$5.3099,1441300512409,"28,927",100% bullish,of 1 rating,$6.50
AMOV,$18.03,1441300512474,141,100% bearish,of 1 rating,N/A
AAL,$40.9,1441300512501,"3,434,426",93% bullish,of 88 ratings,$57
AGNC,$19.165,1441300512644,"538,300",71% bullish,of 28 ratings,$22
AGNCB,$24.2499,1441300512715,"1,420",Not yet rated,NULL,N/A
AGNCP,$25.3066,1441300512775,"5,007",Not yet rated,NULL,N/A
MTGEP,$24.23,1441300512801,"3,500",Not yet rated,NULL,N/A
MTGE,$15.21,1441300512931,"116,445",75% bullish,of 4 ratings,$19.50
ACSF,$12.325,1441300512958,"8,933",100% bearish,of 1 rating,$15
ANCI,$1.55,1441300513102,1,100% bearish,of 1 rating,N/A
ACAS,$13.7,1441300513130,"543,296",60% bullish,of 5 ratings,$16.75
AETI,$3.28,1441300513207,"1,320",67% bearish,of 3 ratings,N/A
AMIC,NULL,1441300513265,0,100% bearish,of 1 rating,N/A
AMNB,$23.33,1441300513290,"9,439",Not yet rated,NULL,$25.50
APEI,$21.54,1441300513342,"31,559",100% bearish,of 1 rating,$25.50
ANAT,$99.02,1441300513373,"3,677",100% bullish,of 1 rating,N/A
ARII,$40.05,1441300513472,"56,281",67% bearish,of 3 ratings,$45
AMRB,$10.15,1441300513639,"2,713",Not yet rated,NULL,$11
ASEI,$39.38,1441300513674,"18,666",100% bearish,of 1 rating,$52.50
AMSC,$4.8501,1441300513771,"44,853",50% bullish,of 4 ratings,N/A
AMSWA,$8.89,1441300513799,"5,646",100% bearish,of 2 ratings,$10.75
CRMT,$35.8,1441300513878,"27,943",100% bearish,of 1 rating,$38
AMWD,$65.99,1441300513936,"38,800",50% bullish,of 2 ratings,$70
AMSF,$46.37,1441300514033,"3,786",Not yet rated,NULL,$57.50
ABCB,$27.12,1441300514058,"109,555",Not yet rated,NULL,$31
ASRV,$3.29,1441300514122,"2,701",100% bullish,of 2 ratings,N/A
ASRVP,NULL,1441300514152,0,Not yet rated,NULL,N/A
ATLO,$23.33,1441300514185,500,Not yet rated,NULL,N/A
AMGN,$150.27,1441300514253,"747,031",89% bullish,of 19 ratings,$185
FOLD,$14.87,1441300514382,"513,537",56% bullish,of 9 ratings,$21
AMPH,$13.19,1441300514464,"81,529",50% bullish,of 2 ratings,$20
AMKR,$5.305,1441300514489,"302,882",100% bearish,of 2 ratings,$5
AMSG,$78.25,1441300514550,"78,691",100% bearish,of 1 rating,$85.50
AFSI,$57.6275,1441300514680,"86,576",60% bullish,of 5 ratings,$72
ASYS,$5.47,1441300514706,"16,923",67% bullish,of 3 ratings,$12
AMSGP,NULL,1441300514734,0,Not yet rated,NULL,N/A
AMRS,$1.72,1441300514772,"48,198",70% bullish,of 10 ratings,N/A
ANAC,$132.07,1441300514866,"171,974",80% bullish,of 5 ratings,$180.50
ADI,$55.34,1441300514933,"705,417",75% bullish,of 4 ratings,$69
ANAD,$0.32,1441300514963,"132,697",100% bullish,of 2 ratings,$.50
ALOG,$80.71,1441300514995,"49,500",100% bearish,of 2 ratings,$100.50
ANCB,$21.47,1441300515024,870,Not yet rated,NULL,$23
ABCW,$41,1441300515127,"1,554",67% bullish,of 3 ratings,N/A
AMCF,NULL,1441300515270,0,NULL,NULL,NULL
ANIK,$35.68,1441300515553,"40,832",60% bullish,of 5 ratings,$51.25
ANGO,$14.55,1441300515585,"29,485",67% bullish,of 3 ratings,$19
ANIP,$51.127,1441300515606,"98,909",89% bullish,of 19 ratings,$66
ANGI,$5.08,1441300515643,"54,479",64% bullish,of 11 ratings,$5.50
ANTH,$6.94,1441300515688,"326,323",80% bullish,of 10 ratings,$13
ATRS,$1.82,1441300515738,"209,330",92% bullish,of 12 ratings,$4.50
ANSS,$89.985,1441300515769,"122,700",100% bearish,of 1 rating,$100
ABAC,$0.8,1441300515868,"12,718",100% bearish,of 1 rating,N/A
ATNY,$2.41,1441300515937,"1,566",50% bullish,of 2 ratings,$3.75
APIC,$6.52,1441300516020,"45,882",100% bearish,of 1 rating,$19
APOL,$11,1441300516053,"286,740",87% bearish,of 68 ratings,$14
APOG,$52.72,1441300516109,"46,053",50% bullish,of 2 ratings,$67
AINV,$6.4764,1441300516160,"503,918",50% bullish,of 4 ratings,$8
APPF,$17.2,1441300516216,"22,993",50% bullish,of 2 ratings,$22
AAPL,$110.68,1441300516249,"16,347,365",86% bullish,of 2363 ratings,$150
ARCI,NULL,1441300516320,0,Not yet rated,NULL,N/A
APDN,$3.4028,1441300516451,"8,785",Not yet rated,NULL,$9
AGTC,$16.21,1441300516479,"18,985",50% bullish,of 2 ratings,$33
APDNW,$1.42,1441300516503,"3,280",Not yet rated,NULL,N/A
AMCC,$5.67,1441300516639,"142,549",80% bullish,of 5 ratings,$8
AMAT,$15.86,1441300516672,"3,407,264",82% bullish,of 11 ratings,$23
AAOI,$20.34,1441300516771,"51,344",50% bullish,of 4 ratings,$26
APRI,$1.6069,1441300516809,"192,716",83% bullish,of 6 ratings,$4.86
AREX,$2.43,1441300516830,"356,664",50% bullish,of 2 ratings,$3
AQXP,$16.2,1441300516905,"57,867",50% bullish,of 2 ratings,$2
APTO,$5.298,1441300516930,"1,314",Not yet rated,NULL,$17
AQMS,$5,1441300517000,"8,913",Not yet rated,NULL,N/A
AUMA,NULL,1441300517191,0,Not yet rated,NULL,N/A
AUMAU,NULL,1441300517337,0,Not yet rated,NULL,N/A
ARDM,NULL,1441300517368,0,100% bullish,of 1 rating,$26
AUMAW,NULL,1441300517398,0,Not yet rated,NULL,N/A
PETX,$17.72,1441300517419,"61,136",100% bearish,of 2 ratings,$26
ABUS,$6.9,1441300517472,"242,534",86% bullish,of 14 ratings,$21.50
ABIO,$0.9051,1441300517605,"22,914",50% bullish,of 2 ratings,$3.75
ARCW,$3.28,1441300517642,"4,968",100% bearish,of 2 ratings,$10.50
RKDA,$5.83,1441300517677,"2,300",100% bearish,of 2 ratings,$10
ACGL,$69.03,1441300517810,"53,125",50% bullish,of 2 ratings,$72
ARCB,$28.29,1441300517839,"42,606",67% bearish,of 3 ratings,$39.50
ACAT,$25.92,1441300517885,"22,003",100% bearish,of 3 ratings,$33
ARDX,$18.49,1441300517949,"52,710",50% bullish,of 2 ratings,$24.50
ARNA,$2.75,1441300518055,"938,763",90% bullish,of 78 ratings,$5.50
ARCC,$15.48,1441300518101,"456,094",67% bearish,of 3 ratings,$17.75
AGII,$55.0907,1441300518209,"25,167",Not yet rated,NULL,$59.50
AGIIL,$25.257,1441300518239,"1,544",Not yet rated,NULL,N/A
ARGS,$6.25,1441300518260,"25,343",50% bullish,of 2 ratings,$19.50
ARIS,$3.8286,1441300518339,596,Not yet rated,NULL,$4.50
ARKR,$25.083,1441300518435,"1,061",50% bullish,of 2 ratings,N/A
ARIA,$7.745,1441300518468,"2,490,157",89% bullish,of 46 ratings,$9
ARMH,$42.978,1441300518538,"414,691",54% bearish,of 13 ratings,$60
ARTX,$1.43,1441300518632,"24,802",88% bullish,of 16 ratings,$4.50
ARWAR,$0.2436,1441300518666,200,Not yet rated,NULL,N/A
ARWA,NULL,1441300518690,0,Not yet rated,NULL,N/A
ARWAU,NULL,1441300518892,0,100% bullish,of 1 rating,N/A
ARRY,$5.7892,1441300518970,"423,151",100% bullish,of 7 ratings,$10
ARQL,$1.68,1441300519000,"14,238",75% bullish,of 4 ratings,$5
ARWAW,NULL,1441300519033,0,Not yet rated,NULL,N/A
ARRS,$26.215,1441300519061,"342,656",50% bullish,of 2 ratings,$38
DWAT,NULL,1441300519131,0,100% bearish,of 1 rating,N/A
ARTNA,$21.99,1441300519160,"3,788",100% bearish,of 1 rating,$29
AROW,$27.2,1441300519202,"2,145",Not yet rated,NULL,N/A
ARWR,$5.4799,1441300519332,"505,095",75% bullish,of 4 ratings,$10.50
ARTW,$4.0096,1441300519377,"2,467",75% bearish,of 4 ratings,N/A
ASNA,$12.29,1441300519409,"515,051",50% bullish,of 2 ratings,$18
ASND,$19.8,1441300519513,"10,744",50% bullish,of 2 ratings,$30
ASBB,$24,1441300519566,125,Not yet rated,NULL,N/A
ASMI,NULL,1441300519704,0,NULL,NULL,NULL
ASTI,$0.2638,1441300519809,"4,134,114",83% bullish,of 6 ratings,$3
ASCMA,$27.195,1441300519835,"15,311",100% bearish,of 1 rating,$45
APWC,NULL,1441300519872,0,100% bearish,of 1 rating,N/A
AZPN,$38.06,1441300519903,"123,395",50% bullish,of 2 ratings,$42
ASMB,$13.6,1441300519965,"15,101",67% bullish,of 3 ratings,N/A
ASML,$92.94,1441300519994,"260,390",50% bullish,of 4 ratings,$127
ASFI,$8.87,1441300520020,"2,168",100% bullish,of 1 rating,N/A
ALOT,$13.98,1441300520228,"1,508",100% bearish,of 1 rating,N/A
ASTE,$38,1441300520317,"34,435",100% bearish,of 1 rating,$49
ASTC,$2.19,1441300520345,"8,659",100% bullish,of 5 ratings,N/A
ATRO,$50.94,1441300520374,"72,504",100% bearish,of 2 ratings,$80
ASUR,$5.36,1441300520401,"6,946",50% bullish,of 2 ratings,$8
ATAI,$2.34,1441300520478,"10,451",100% bearish,of 1 rating,N/A
ATHN,$131.685,1441300520537,"53,824",67% bearish,of 3 ratings,$153
ATRA,$42.547,1441300520567,"63,079",50% bullish,of 2 ratings,$68
AFCB,$25.64,1441300520696,101,Not yet rated,NULL,N/A
AAPC,$10.1,1441300520774,8,Not yet rated,NULL,N/A
AAME,$3.57,1441300520838,"3,753",Not yet rated,NULL,N/A
ATHX,$1.13,1441300520863,"139,272",89% bullish,of 9 ratings,$5
ACFC,$5.45,1441300520922,"4,082",100% bearish,of 1 rating,$6.50
ATNI,$73.32,1441300520995,"5,917",100% bearish,of 1 rating,$69.50
ATLC,$3.97,1441300521078,"3,154",67% bullish,of 3 ratings,N/A
AAWW,$38.69,1441300521209,"83,435",50% bullish,of 2 ratings,$65
ATML,$7.96,1441300521238,"1,598,752",78% bullish,of 9 ratings,$9.50
AFH,$16.25,1441300521259,"28,679",Not yet rated,NULL,$21.50
ATRI,$382.42,1441300521291,"3,637",Not yet rated,NULL,N/A
ATOS,$0.8275,1441300521313,"95,563",100% bullish,of 7 ratings,$7
ATRC,$24.38,1441300521349,"39,104",100% bullish,of 1 rating,$30
ATRM,$2.74,1441300521449,307,50% bullish,of 2 ratings,N/A
ATTU,$13.23,1441300521529,"5,869",100% bearish,of 1 rating,$20.50
LIFE,$14.35,1441300521594,"14,338",86% bullish,of 7 ratings,$43
AUDC,$3.32,1441300521724,"45,778",80% bullish,of 5 ratings,$5
AUBN,$26.85,1441300521749,200,Not yet rated,NULL,N/A
EARS,$4.43,1441300521803,"3,222",100% bearish,of 2 ratings,$11
AUPH,$3.46,1441300521886,"5,354",100% bearish,of 1 rating,$8
ADAT,$0.27,1441300521912,"211,752",100% bullish,of 2 ratings,N/A
ABTL,$18.12,1441300521967,"26,615",100% bullish,of 4 ratings,$20.25
ADSK,$46.02,1441300522040,"1,888,789",67% bullish,of 6 ratings,$66
ADP,$77.58,1441300522073,"489,716",100% bearish,of 1 rating,$88
AVNU,$12.91,1441300522178,626,Not yet rated,NULL,$14
AVEO,$1.35,1441300522269,"119,354",75% bullish,of 8 ratings,$3
AVGO,$124.7176,1441300522326,"813,718",88% bullish,of 8 ratings,$165
AAVL,$10.12,1441300522399,"65,458",100% bearish,of 1 rating,$20
AVNW,$1.22,1441300522425,"29,387",50% bullish,of 2 ratings,N/A
AVID,$8.515,1441300522446,"135,692",100% bearish,of 1 rating,$20
AVGR,$14.6,1441300522582,"9,006",100% bearish,of 1 rating,$20
AWRE,$3.22,1441300522685,"11,510",67% bullish,of 3 ratings,N/A
ACLS,$3.235,1441300522715,"184,519",67% bullish,of 6 ratings,$4.75
AXPW,$2.1299,1441300522748,"991,930",86% bullish,of 7 ratings,N/A
CAR,$43.92,1441300522779,"517,319",80% bullish,of 5 ratings,$60
AXGN,$4.7,1441300522806,"105,618",Not yet rated,NULL,$5
AXPWW,NULL,1441300522845,0,Not yet rated,NULL,N/A
AXTI,$2.1401,1441300522878,"11,500",50% bullish,of 2 ratings,$2.75
BCOM,$19.31,1441300523106,610,100% bearish,of 1 rating,N/A
BEAV,$49.19,1441300523203,"129,988",67% bearish,of 3 ratings,$59
RILY,NULL,1441300523232,0,Not yet rated,NULL,N/A
BOSC,$2.11,1441300523258,800,50% bullish,of 2 ratings,N/A
BIDU,$147.66,1441300523336,"751,328",81% bullish,of 88 ratings,$210
BCPC,$57.35,1441300523416,"34,715",100% bearish,of 1 rating,$75
BWINA,NULL,1441300523445,0,Not yet rated,NULL,N/A
BWINB,$22.56,1441300523515,"2,534",Not yet rated,NULL,N/A
BLDP,$1.335,1441300523548,"246,174",91% bullish,of 22 ratings,$2.50
BKMU,$6.94,1441300523728,"8,014",Not yet rated,NULL,$8
BANF,$60.25,1441300523757,"5,837",Not yet rated,NULL,$68
BOCH,$5.79,1441300523784,"2,098",Not yet rated,NULL,$6.50
BMRC,$47.77,1441300523813,"1,037",Not yet rated,NULL,$52
BANFP,NULL,1441300523920,0,Not yet rated,NULL,N/A
BKSC,$16.5,1441300524022,"4,295",Not yet rated,NULL,N/A
BOTJ,NULL,1441300524047,0,Not yet rated,NULL,N/A
BWFG,$18.2,1441300524179,"6,251",100% bearish,of 1 rating,N/A
BANR,$43.94,1441300524228,"10,855",100% bullish,of 3 ratings,$50
OZRK,$40.73,1441300524254,"114,441",67% bullish,of 3 ratings,$49.50
BFIN,$12.17,1441300524278,"2,593",Not yet rated,NULL,$13
BZUN,$5.23,1441300524410,"278,807",50% bullish,of 2 ratings,$11.50
TAPR,$33.25,1441300524453,100,100% bearish,of 1 rating,N/A
BHAC,NULL,1441300524482,0,Not yet rated,NULL,N/A
BHACU,NULL,1441300524587,0,Not yet rated,NULL,N/A
BHACW,NULL,1441300524615,0,Not yet rated,NULL,N/A
BBSI,$33.84,1441300524665,"13,200",67% bearish,of 3 ratings,$62.50
BSET,$28.44,1441300524692,"32,483",100% bearish,of 1 rating,$35
BHACR,NULL,1441300524717,0,Not yet rated,NULL,N/A
BYBK,$5.03,1441300524881,400,100% bearish,of 1 rating,N/A
BV,$5.02,1441300525019,"154,813",67% bullish,of 6 ratings,$8.75
BBCN,$14.27,1441300525047,"58,891",100% bearish,of 1 rating,$16
BDCV,$4.89,1441300525106,"4,078",100% bearish,of 1 rating,$10.19
BYLK,$12.9963,1441300525206,"2,100",Not yet rated,NULL,$14
BCBP,$11.4001,1441300525237,435,Not yet rated,NULL,N/A
BSF,$8.49,1441300525259,"2,513",Not yet rated,NULL,N/A
BECN,$36.18,1441300525292,"87,635",50% bullish,of 2 ratings,$40
BBGI,$4.23,1441300525337,1,100% bearish,of 1 rating,N/A
BEBE,$1.24,1441300525393,"141,738",75% bullish,of 4 ratings,$2.125
BBBY,$62.54,1441300525775,"364,318",71% bullish,of 7 ratings,$75
BELFA,$15.75,1441300525806,607,100% bearish,of 1 rating,N/A
BLPH,$4.17,1441300525879,"2,167",100% bearish,of 1 rating,$12.50
BELFB,$18.47,1441300525908,"3,593",100% bearish,of 1 rating,N/A
BLCM,$15.63,1441300525934,"69,334",50% bullish,of 4 ratings,$40
BNCL,$12.36,1441300526014,"43,143",100% bullish,of 3 ratings,$12.50
BGMD,$0.67,1441300526250,"110,669",100% bullish,of 10 ratings,N/A
BNFT,$36.44,1441300526281,"26,729",67% bullish,of 3 ratings,$46
BGCP,$8.9,1441300526308,"177,488",88% bullish,of 8 ratings,$14
BGFV,$11.13,1441300526334,"25,652",57% bullish,of 7 ratings,$12
ORPN,$5.76,1441300526370,"7,410",100% bullish,of 1 rating,$28.50
BIND,$4.8967,1441300526391,"50,772",75% bullish,of 4 ratings,$13.50
BNTC,$7.35,1441300526425,"12,817",100% bullish,of 1 rating,N/A
BASI,$1.65,1441300526464,1,Not yet rated,NULL,N/A
BIOC,$1.9999,1441300526670,"78,635",83% bullish,of 6 ratings,$3.85
BCRX,$11.28,1441300526851,"134,252",63% bullish,of 8 ratings,$18
BCDA,NULL,1441300526878,0,Not yet rated,NULL,N/A
BLFS,$2.22,1441300527016,"70,725",100% bearish,of 1 rating,$4.75
BDSI,$6.2001,1441300527048,"386,792",88% bullish,of 8 ratings,$17
BIOL,$1.54,1441300527069,"3,049",Not yet rated,NULL,N/A
BIIB,$303.28,1441300527091,"470,584",88% bullish,of 16 ratings,$400
BIOD,$0.6855,1441300527125,"41,599",80% bullish,of 5 ratings,$4
BLRX,$1.6601,1441300527151,"217,829",100% bullish,of 12 ratings,$5
BVXV,$3.785,1441300527294,"96,330",Not yet rated,NULL,N/A
BMRN,$126.998,1441300527360,"154,133",80% bullish,of 5 ratings,$160
BRLI,NULL,1441300527451,0,NULL,NULL,NULL
BIOS,$2.42,1441300527499,"278,452",71% bullish,of 7 ratings,$4
BVXVW,$0.821,1441300527529,"5,191",100% bearish,of 1 rating,N/A
BPTH,$1.1412,1441300527555,"18,158",100% bullish,of 2 ratings,$5
BBC,$31.0001,1441300527630,"11,389",Not yet rated,NULL,N/A
BBP,$32.5,1441300527826,"5,434",Not yet rated,NULL,N/A
BSPM,$0.636,1441300527867,"10,067",50% bullish,of 2 ratings,N/A
BSTC,$47.62,1441300527927,"24,686",100% bearish,of 1 rating,$76
TECH,$92.71,1441300527956,"28,355",100% bullish,of 1 rating,$117
BEAT,$15.41,1441300528014,"190,620",67% bearish,of 3 ratings,$15
BOTA,$2.1899,1441300528046,"15,780",88% bullish,of 8 ratings,N/A
BITI,$16.79,1441300528143,"1,600",100% bullish,of 1 rating,$28
BDMS,NULL,1441300528174,0,100% bearish,of 1 rating,N/A
BJRI,$44.26,1441300528325,"72,494",50% bullish,of 2 ratings,$55
BDE,$7.48,1441300528396,"48,581",50% bullish,of 2 ratings,$9
BBOX,$15,1441300528458,"6,749",100% bearish,of 1 rating,N/A
BLKB,$57.1,1441300528499,"27,618",100% bearish,of 2 ratings,$66
BBRY,$7.4201,1441300528525,"951,197",61% bullish,of 330 ratings,$9
HAWK,$40.04,1441300528554,"128,647",91% bullish,of 11 ratings,$49
BKCC,$9.5,1441300528657,"139,497",50% bullish,of 2 ratings,$10
ADRE,$29.665,1441300528785,"1,285",100% bearish,of 1 rating,N/A
ADRA,$26.86,1441300528869,150,100% bearish,of 1 rating,N/A
ADRD,$21.8099,1441300528895,301,100% bearish,of 1 rating,N/A
BLMN,$20.6,1441300528979,"207,897",83% bullish,of 6 ratings,$27.50
BLBD,$11.8,1441300529034,"2,350",Not yet rated,NULL,N/A
BCOR,$13.48,1441300529065,"30,502",57% bullish,of 7 ratings,$15
ADRU,NULL,1441300529087,0,100% bearish,of 1 rating,N/A
BUFF,$23.98,1441300529219,"140,718",77% bullish,of 13 ratings,$31.50
BBLU,$0.8535,1441300529288,"102,521",100% bullish,of 2 ratings,$4.43
BHBK,$14.05,1441300529313,"6,166",100% bullish,of 1 rating,$14.50
NILE,$33.9,1441300529352,"36,598",50% bullish,of 2 ratings,$34
BLUE,$128,1441300529518,"123,226",71% bullish,of 7 ratings,$217.50
BKEP,$6.4,1441300529546,"22,102",100% bearish,of 1 rating,$8.50
BKEPP,$7.86,1441300529584,"1,004",100% bearish,of 1 rating,N/A
BPMC,$28.11,1441300529674,"17,903",50% bullish,of 2 ratings,$47.50
BOFI,$109.7,1441300529773,"172,032",100% bullish,of 6 ratings,$144
BOBE,$44.56,1441300529805,"234,779",75% bullish,of 4 ratings,$57
BNCN,$20.95,1441300529830,"9,495",Not yet rated,NULL,$24
WIFI,$7.63,1441300529876,"80,435",50% bullish,of 2 ratings,$13.50
BOJA,$20.71,1441300529901,"28,874",100% bullish,of 1 rating,$30
BOKF,$62.46,1441300530050,"57,973",100% bearish,of 1 rating,$69
BONA,$11.4,1441300530144,"20,254",75% bullish,of 4 ratings,$8.50
BNSO,$1.274,1441300530214,"2,222",100% bearish,of 1 rating,N/A
BAMM,$3.18,1441300530245,"2,486",60% bullish,of 5 ratings,N/A
BPFH,$11.81,1441300530320,"64,403",100% bearish,of 1 rating,$14
BPFHW,NULL,1441300530345,0,100% bearish,of 1 rating,N/A
BPFHP,$24.91,1441300530390,"3,150",100% bearish,of 1 rating,N/A
EPAY,$26.8601,1441300530560,"56,544",100% bearish,of 2 ratings,$30
BDBD,$8.36,1441300530593,"166,273",60% bullish,of 5 ratings,$10
BCLI,$3.12,1441300530624,"16,108",80% bullish,of 5 ratings,$12
BBEPP,$14.5792,1441300530727,"10,927",100% bearish,of 1 rating,N/A
BBRG,$12.4,1441300530755,"12,094",67% bullish,of 3 ratings,$14.50
BBEP,$2.685,1441300530825,"527,379",69% bullish,of 13 ratings,$5.625
BDGE,$26.25,1441300530909,"2,580",Not yet rated,NULL,$31.75
BLIN,NULL,1441300530952,0,50% bullish,of 2 ratings,$2.20
BRID,$8.4,1441300530980,1,100% bearish,of 1 rating,N/A
BCOV,$5.1867,1441300531007,"29,437",67% bullish,of 3 ratings,$10.20
BRCM,$51.21,1441300531160,"793,226",69% bullish,of 13 ratings,$56
BSFT,$31.9314,1441300531187,"32,328",57% bullish,of 7 ratings,$40.50
BVSN,$5.9501,1441300531235,"1,300",60% bearish,of 5 ratings,N/A
BWEN,$3.13,1441300531376,"5,802",75% bullish,of 4 ratings,$8
BYFC,$1.35,1441300531406,"2,144",50% bullish,of 2 ratings,N/A
BRCD,$10.37,1441300531464,"923,512",92% bullish,of 13 ratings,$12
BRKL,$10.5,1441300531526,"119,577",100% bearish,of 1 rating,$10.75
BRKR,$18.04,1441300531722,"350,024",100% bearish,of 2 ratings,$22
BRKS,$10.29,1441300531750,"71,044",67% bullish,of 3 ratings,$15.25
BMTC,$29.29,1441300531778,"21,967",Not yet rated,NULL,$34
BLDR,$15.31,1441300531914,"690,044",67% bullish,of 3 ratings,$22
BSQR,$6.13,1441300531942,"8,500",67% bullish,of 3 ratings,N/A
BLMT,$20.96,1441300531965,841,Not yet rated,NULL,N/A
BWLD,$196.7,1441300531998,"73,152",82% bullish,of 11 ratings,$205
BUR,$1.78,1441300532106,"10,000",100% bearish,of 1 rating,$8
CFFI,$36.76,1441300532132,101,100% bearish,of 1 rating,N/A
CHRW,$68.13,1441300532166,"482,319",Not yet rated,NULL,$72
CA,$27.37,1441300532267,"597,696",50% bullish,of 4 ratings,$33
CDNS,$20.53,1441300532301,"1,143,412",75% bullish,of 4 ratings,$22.50
CDZI,$7.42,1441300532371,"13,488",100% bearish,of 1 rating,N/A
CCMP,$42.94,1441300532396,"14,306",50% bullish,of 2 ratings,$59
CZR,$9.28,1441300532574,"203,416",60% bearish,of 5 ratings,$10.50
CACQ,$7.16,1441300532600,"44,366",100% bearish,of 1 rating,$12.25
PRSS,$4.31,1441300532729,"3,828",80% bullish,of 5 ratings,$4.50
CSTE,$38.96,1441300532782,"73,188",50% bullish,of 2 ratings,$65
CLBS,$1.72,1441300532808,"146,700",79% bullish,of 14 ratings,$4
CLMS,$9.7,1441300532865,"38,528",Not yet rated,NULL,$10.50
CCD,$19.3,1441300532965,"32,799",Not yet rated,NULL,N/A
CFGE,$10.53,1441300533059,"1,100",Not yet rated,NULL,N/A
CHI,$10.45,1441300533089,"95,638",100% bearish,of 1 rating,N/A
CHW,$7.48,1441300533114,"95,137",100% bearish,of 1 rating,N/A
CHY,$11.267,1441300533168,"90,640",Not yet rated,NULL,N/A
CGO,$12.0294,1441300533302,"6,493",100% bearish,of 1 rating,N/A
CSQ,$9.83,1441300533327,"120,042",Not yet rated,NULL,N/A
CAMP,$16.01,1441300533354,"48,049",88% bullish,of 8 ratings,$25
CVGW,$51.18,1441300533488,"264,542",50% bullish,of 2 ratings,$62
CFNB,NULL,1441300533516,0,100% bearish,of 1 rating,N/A
CALD,$16.17,1441300533619,"174,296",100% bearish,of 1 rating,$21
CALM,$53.15,1441300533704,"165,236",80% bullish,of 5 ratings,$63.50
CALA,$5.9,1441300533729,"103,782",67% bullish,of 3 ratings,$19.50
CLMT,$25.6,1441300533761,"99,590",75% bullish,of 8 ratings,$31
CAMB,NULL,1441300533863,0,Not yet rated,NULL,N/A
ABCD,$5.1712,1441300533919,"15,823",83% bullish,of 6 ratings,N/A
CAMBU,NULL,1441300533944,0,100% bearish,of 1 rating,N/A
CAMBW,NULL,1441300533972,0,Not yet rated,NULL,N/A
CSIQ,$18.37,1441300534150,"613,233",86% bullish,of 28 ratings,$42.50
CAC,$40,1441300534264,"1,537",Not yet rated,NULL,N/A
CAMT,$2.59,1441300534295,"8,316",73% bullish,of 11 ratings,$4
CGIX,$9.6555,1441300534365,"7,748",67% bullish,of 3 ratings,$14.375
CPHC,$10.25,1441300534390,"1,452",100% bearish,of 1 rating,N/A
CBNJ,$10.88,1441300534426,"16,444",100% bearish,of 1 rating,N/A
CPLA,$47.85,1441300534566,"24,602",67% bearish,of 3 ratings,$65
CBF,$30.33,1441300534596,"51,304",Not yet rated,NULL,$32
CPLP,$7.04,1441300534662,"107,354",71% bullish,of 7 ratings,$11
CSWC,$45,1441300534697,"9,161",Not yet rated,NULL,N/A
CCBG,$15.15,1441300534737,"2,355",Not yet rated,NULL,$17.25
CPTA,$13.79,1441300534797,"28,193",100% bearish,of 1 rating,$18.50
CAPNW,$0.6,1441300534828,692,Not yet rated,NULL,N/A
CFFN,$11.9,1441300534902,"181,956",Not yet rated,NULL,$12.75
CAPR,$4.49,1441300535055,"16,012",Not yet rated,NULL,$12
CAPN,$2.2,1441300535083,"57,960",100% bullish,of 1 rating,$10.85
CARB,$11.12,1441300535304,"10,934",75% bullish,of 4 ratings,$12
CPST,$0.3949,1441300535336,"265,644",95% bullish,of 22 ratings,$1.25
CBYL,$4.28,1441300535363,"84,422",100% bearish,of 1 rating,$20
CARA,$19.24,1441300535384,"111,164",50% bullish,of 4 ratings,$25
CFNL,$22,1441300535416,"15,457",Not yet rated,NULL,$24
CRDC,$0.3237,1441300535443,"63,824",100% bullish,of 1 rating,$1.25
CRME,$9.05,1441300535578,"6,212",89% bullish,of 9 ratings,$11.25
CATM,$33.69,1441300535646,"41,087",100% bearish,of 1 rating,$44
CSII,$23.41,1441300535718,"57,314",100% bearish,of 2 ratings,$42.125
CDNA,$7.2,1441300535753,"17,753",100% bearish,of 1 rating,$9
CTRE,$11.135,1441300535851,"68,899",50% bullish,of 2 ratings,$13.50
CECO,$3.605,1441300535878,"103,367",67% bearish,of 3 ratings,$6
CLBH,$12.625,1441300535909,409,Not yet rated,NULL,$16.50
CKEC,$22.83,1441300536008,"37,763",50% bullish,of 2 ratings,$35.915
CART,$5.382,1441300536137,"1,100",100% bearish,of 1 rating,N/A
CARO,$15.2701,1441300536204,"1,315",100% bearish,of 1 rating,$19
CRZO,$35.5,1441300536235,"477,428",67% bearish,of 3 ratings,$54.50
TAST,$12.69,1441300536262,"60,995",Not yet rated,NULL,$14.25
CRTN,NULL,1441300536338,0,100% bearish,of 1 rating,N/A
CARV,$6.38,1441300536446,"27,211",50% bullish,of 2 ratings,N/A
CACB,$5.41,1441300536549,"1,727",Not yet rated,NULL,$5.50
CASM,$1.18,1441300536581,"4,002",100% bullish,of 1 rating,$3.50
CSCD,$15.2399,1441300536606,"4,656",100% bullish,of 2 ratings,$17
CASY,$104.58,1441300536680,"101,511",50% bullish,of 2 ratings,$99.50
CWST,$6.25,1441300536772,"41,116",50% bullish,of 2 ratings,$7.25
CASI,$1.38,1441300536816,955,100% bullish,of 1 rating,$3.50
CASS,$48.28,1441300536916,"2,537",100% bearish,of 1 rating,N/A
CATY,$29.28,1441300537058,"210,944",100% bearish,of 1 rating,$33.50
CPRX,$3.74,1441300537088,"171,292",71% bullish,of 7 ratings,$7
CATB,$11.735,1441300537114,"9,496",100% bearish,of 1 rating,$28
CVCO,$70.86,1441300537156,"5,645",100% bearish,of 1 rating,N/A
CATYW,NULL,1441300537185,0,100% bearish,of 1 rating,N/A
CAVM,$68.51,1441300537215,"146,364",67% bearish,of 3 ratings,$72
CBFV,$20.92,1441300537292,"5,275",Not yet rated,NULL,$25
CNLM,NULL,1441300537363,0,Not yet rated,NULL,N/A
CNLMR,NULL,1441300537521,0,Not yet rated,NULL,N/A
CNLMU,NULL,1441300537551,0,100% bullish,of 1 rating,N/A
CNLMW,NULL,1441300537573,0,Not yet rated,NULL,N/A
CBOE,$63.9,1441300537628,"108,980",Not yet rated,NULL,$63
CDK,$48.74,1441300537708,"91,048",67% bearish,of 3 ratings,$50
CECE,$9.45,1441300537849,"59,578",50% bullish,of 2 ratings,$16
CDW,$39.22,1441300537875,"124,689",75% bullish,of 4 ratings,$44
CELG,$118.32,1441300537896,"1,116,670",100% bullish,of 13 ratings,$156
CPXX,$2.28,1441300537939,"40,789",100% bullish,of 2 ratings,$7
CELGZ,$1.7,1441300538041,"30,364",80% bullish,of 5 ratings,N/A
CLDN,$1.16,1441300538075,"64,572",71% bullish,of 7 ratings,$3
CLDX,$14.14,1441300538128,"345,148",89% bullish,of 9 ratings,$36
CLRB,$3.09,1441300538178,1,100% bearish,of 1 rating,N/A
CLRBW,NULL,1441300538498,0,Not yet rated,NULL,N/A
CBMG,$23.19,1441300538550,"16,984",50% bullish,of 2 ratings,N/A
CLLS,$31.67,1441300538575,"18,236",75% bullish,of 4 ratings,$51.50
CLSN,$2.02,1441300538604,"15,156",80% bullish,of 10 ratings,$7.50
CLTX,$1.9333,1441300538625,"85,832",100% bullish,of 2 ratings,N/A
CYAD,NULL,1441300538645,0,100% bullish,of 1 rating,$87.50
CETV,$2.08,1441300538815,"6,909",67% bullish,of 3 ratings,$2.80
CETX,$2.45,1441300538842,"12,700",Not yet rated,NULL,$5.60
CSFL,$13.82,1441300538863,"30,163",Not yet rated,NULL,$15
CENT,$14.39,1441300538998,"243,756",Not yet rated,NULL,$10
CENTA,$14.645,1441300539028,"111,283",Not yet rated,NULL,N/A
CEMP,$33.97,1441300539055,"158,740",71% bullish,of 7 ratings,$52
CFBK,$1.37,1441300539092,226,Not yet rated,NULL,N/A
CVCY,$11.71,1441300539124,"5,108",Not yet rated,NULL,$12
CENX,$5.24,1441300539223,"560,533",67% bullish,of 6 ratings,$9
CNBKA,$40.42,1441300539404,"1,076",50% bullish,of 2 ratings,N/A
CPHD,$47.52,1441300539476,"144,222",67% bearish,of 3 ratings,$66
CERE,$1.195,1441300539505,"1,371,122",88% bullish,of 8 ratings,N/A
CNTY,$5.91,1441300539526,"2,963",80% bullish,of 5 ratings,$7.75
CRNT,$1.42,1441300539559,"33,108",50% bullish,of 2 ratings,$2
CERS,$5.035,1441300539656,"247,488",75% bullish,of 4 ratings,$7
CERN,$60.73,1441300539730,"290,085",67% bullish,of 3 ratings,$79
CERU,$4.2,1441300539892,"10,768",75% bullish,of 4 ratings,$14
CYOU,$18.67,1441300539934,"39,458",50% bullish,of 6 ratings,$24
KOOL,$0.6799,1441300539962,"4,511",100% bullish,of 5 ratings,$7
HOTR,$1.38,1441300539992,"46,120",100% bullish,of 2 ratings,$5
CEVA,$19.24,1441300540013,"33,962",100% bearish,of 1 rating,$25
CTHR,$1.29,1441300540142,"1,255",50% bullish,of 2 ratings,$2.50
HOTRW,$0.1501,1441300540169,"5,100",Not yet rated,NULL,N/A
GTLS,$23.29,1441300540190,"80,636",50% bullish,of 4 ratings,$40
CHTR,$181.96,1441300540409,"294,973",100% bearish,of 2 ratings,$202
CHKP,$78.23,1441300540514,"311,593",50% bullish,of 4 ratings,$92
CHFN,$12.17,1441300540550,584,Not yet rated,NULL,$14
CHEKW,NULL,1441300540615,0,Not yet rated,NULL,N/A
CHFC,$30.66,1441300540642,"20,066",100% bearish,of 1 rating,$36
CHMG,$26.49,1441300540673,"1,120",Not yet rated,NULL,$30
CEMI,$4.15,1441300540694,"2,523",50% bullish,of 2 ratings,$7.50
CHEK,$2.34,1441300540725,"1,482",Not yet rated,NULL,$7.75
CCXI,$6.39,1441300540916,"5,839",67% bullish,of 3 ratings,$14
CHKE,$25.2,1441300540946,"5,084",100% bearish,of 1 rating,$32.50
CHEV,$14.5,1441300540972,101,Not yet rated,NULL,N/A
CHMA,$28.385,1441300541047,"63,294",Not yet rated,NULL,$40
CBNK,$16.65,1441300541100,"1,867",100% bearish,of 1 rating,N/A
PLCE,$59.21,1441300541352,"37,179",100% bearish,of 1 rating,$69
CADC,NULL,1441300541382,0,78% bullish,of 9 ratings,N/A
CMRX,$49.7,1441300541407,"179,121",50% bullish,of 2 ratings,$57
CBAK,$1.95,1441300541427,"15,431",67% bullish,of 9 ratings,N/A
CALI,$0.8201,1441300541465,720,67% bullish,of 3 ratings,N/A
CAAS,$6.1,1441300541486,"7,371",93% bullish,of 14 ratings,$11.50
CBPO,$93.63,1441300541563,"38,931",75% bullish,of 8 ratings,$140.50
CCCR,$0.69,1441300541629,"1,000",67% bearish,of 3 ratings,N/A
CCCL,$0.7763,1441300541765,"17,940",100% bullish,of 6 ratings,N/A
JRJC,$3.33,1441300541793,"55,777",82% bullish,of 11 ratings,N/A
CHOP,$1.09,1441300541935,"1,200",50% bullish,of 2 ratings,N/A
HGSH,$1.7626,1441300541978,"3,819",67% bullish,of 3 ratings,N/A
CNIT,$1.16,1441300542081,"42,048",67% bullish,of 6 ratings,N/A
CHLN,$1.86,1441300542108,"1,660",67% bullish,of 3 ratings,N/A
CJJD,$1.85,1441300542151,"1,600",100% bullish,of 1 rating,N/A
HTHT,$25.57,1441300542279,"20,619",50% bullish,of 2 ratings,$28.40
CREG,$0.65,1441300542308,"8,700",100% bullish,of 3 ratings,N/A
CSUN,$1.35,1441300542341,"5,856",80% bullish,of 5 ratings,N/A
CHNR,$1.5899,1441300542370,"3,168",100% bearish,of 1 rating,N/A
CNTF,$0.83,1441300542439,"2,656",Not yet rated,NULL,N/A
CPGI,$6.8,1441300542499,"1,700",Not yet rated,NULL,N/A
CNYD,$3.05,1441300542734,"3,041",67% bullish,of 3 ratings,N/A
CXDC,$5.86,1441300542762,"18,674",67% bearish,of 3 ratings,N/A
CCIH,$7.11,1441300542782,"54,848",67% bullish,of 6 ratings,$12.65
CNET,$0.82,1441300542917,"15,859",50% bullish,of 2 ratings,N/A
CHSCN,$27.0099,1441300543015,"1,547",Not yet rated,NULL,N/A
IMOS,$18.99,1441300543047,"111,557",60% bullish,of 5 ratings,$21.50
CHSCL,$27.1299,1441300543074,"9,775",Not yet rated,NULL,N/A
CHSCM,$26.18,1441300543102,"21,874",Not yet rated,NULL,N/A
CHSCO,$28.4,1441300543140,"2,652",Not yet rated,NULL,N/A
CHSCP,$30.5416,1441300543234,"1,665",Not yet rated,NULL,N/A
CHDN,$132,1441300543267,"46,135",Not yet rated,NULL,$165
CHUY,$31,1441300543366,"92,595",50% bullish,of 2 ratings,$34
CMCT,NULL,1441300543518,0,100% bearish,of 1 rating,N/A
CDTX,$14.15,1441300543601,"4,702",Not yet rated,NULL,$22
CMPR,$70.68,1441300543671,"109,987",50% bullish,of 2 ratings,$72.50
CIDM,$0.5864,1441300543732,"25,370",50% bullish,of 2 ratings,$2.10
CTAS,$85.01,1441300543763,"108,572",100% bearish,of 1 rating,$91
CIFC,$7.05,1441300543819,30,100% bearish,of 1 rating,N/A
CPHR,$5.17,1441300543915,320,100% bearish,of 1 rating,$17
CINF,$52.86,1441300543964,"190,087",50% bullish,of 4 ratings,$50.50
CSCO,$25.92,1441300543993,"7,355,138",83% bullish,of 210 ratings,$32
CRUS,$30.4001,1441300544025,"293,368",75% bullish,of 12 ratings,$44.50
CTRN,$26.59,1441300544097,"23,755",100% bearish,of 1 rating,$31.50
CZNC,$19.41,1441300544157,"2,912",Not yet rated,NULL,N/A
CZFC,$12.82,1441300544225,100,Not yet rated,NULL,N/A
CZWI,$8.91,1441300544317,101,Not yet rated,NULL,N/A
CIZN,NULL,1441300544381,0,Not yet rated,NULL,N/A
CTXS,$68.23,1441300544479,"590,564",86% bullish,of 7 ratings,$80
CHCO,$47.21,1441300544566,"7,059",Not yet rated,NULL,$46
CLNT,$1.46,1441300544674,950,75% bullish,of 8 ratings,N/A
CIVB,$10.1999,1441300544704,"1,237",Not yet rated,NULL,$11
CIVBP,NULL,1441300544806,0,Not yet rated,NULL,N/A
CLNE,$5.16,1441300544887,"517,237",80% bullish,of 15 ratings,$9
CLRO,$11.3025,1441300544913,"1,208",50% bullish,of 2 ratings,$14.25
CLFD,$17.44,1441300544934,"27,286",67% bullish,of 3 ratings,$18
CDTI,$1.57,1441300544962,"31,522",75% bullish,of 4 ratings,$3.20
CLIR,$4.98,1441300545097,"11,350",100% bullish,of 3 ratings,N/A
CBLI,$4.18,1441300545262,"34,549",60% bullish,of 5 ratings,N/A
CSBK,$13.91,1441300545403,"10,778",Not yet rated,NULL,N/A
CLVS,$81.24,1441300545487,"112,362",60% bullish,of 5 ratings,$101.50
CMFN,$11.46,1441300545582,"3,255",100% bearish,of 1 rating,$15.50
CCNE,$17.01,1441300545612,"1,145",50% bullish,of 2 ratings,$21.50
CME,$93.71,1441300545651,"290,414",67% bullish,of 3 ratings,$102
CNV,$4.53,1441300545817,"4,800",50% bullish,of 2 ratings,$7.15
COBZ,$12.79,1441300545845,"21,752",100% bullish,of 1 rating,$14
CWAY,NULL,1441300545870,0,Not yet rated,NULL,N/A
CISG,$7.89,1441300545902,"11,720",100% bullish,of 5 ratings,$10
COKE,$162.32,1441300545999,"6,673",79% bullish,of 19 ratings,N/A
CDXS,$3.53,1441300546076,"60,400",64% bullish,of 11 ratings,$6
CDRB,$8.99,1441300546153,"25,592",67% bullish,of 3 ratings,N/A
CVLY,$20.5001,1441300546209,800,Not yet rated,NULL,N/A
CCOI,$27.19,1441300546235,"77,936",50% bullish,of 4 ratings,$35
JVA,$4.66,1441300546310,"2,721",83% bullish,of 6 ratings,$7
CGNT,$1.53,1441300546403,416,100% bullish,of 2 ratings,$2
CTSH,$62.775,1441300546466,"520,138",90% bullish,of 10 ratings,$75
COHR,$55.89,1441300546603,"18,382",50% bullish,of 2 ratings,$72
CGNX,$35.19,1441300546633,"132,283",50% bullish,of 2 ratings,$47
CHRS,$26.57,1441300546654,"49,202",67% bearish,of 3 ratings,$37
CLRX,$0.6801,1441300546698,"28,773",50% bullish,of 2 ratings,N/A
COHU,$9.66,1441300546786,"23,618",100% bearish,of 1 rating,$14.25
COLL,$14.9733,1441300546864,"42,105",100% bearish,of 1 rating,$26
CLCT,$18.02,1441300546889,"10,844",100% bearish,of 1 rating,N/A
CIGI,$43.74,1441300546955,"17,246",100% bearish,of 1 rating,$52
CBAN,$8.9,1441300547047,100,Not yet rated,NULL,N/A
CLCD,$6.06,1441300547094,"29,672",100% bearish,of 1 rating,$20.50
CBMX,$1.1301,1441300547458,585,83% bullish,of 6 ratings,$3.15
CMCO,$18.93,1441300547489,"16,986",60% bullish,of 5 ratings,$28
COLB,$29.57,1441300547520,"21,051",Not yet rated,NULL,$36
CMCSK,$57.45,1441300547545,"936,379",Not yet rated,NULL,$84
CBSHP,$25.4282,1441300547580,"3,883",100% bearish,of 1 rating,N/A
CBSH,$43.75,1441300547601,"54,408",50% bullish,of 2 ratings,$46
COLM,$61.85,1441300547625,"34,803",100% bearish,of 1 rating,$71
CMCSA,$56.35,1441300547660,"3,609,300",66% bullish,of 35 ratings,$69.50
COMM,$32.86,1441300547939,"193,911",67% bearish,of 3 ratings,$35
CVGI,$4.89,1441300547981,"12,757",50% bullish,of 2 ratings,$6
CUBN,$13.4,1441300548008,"1,700",Not yet rated,NULL,N/A
CSAL,$20.68,1441300548040,"411,977",75% bullish,of 4 ratings,$30
JCS,$9.26,1441300548141,600,67% bullish,of 3 ratings,N/A
ESXB,$5.1099,1441300548269,"2,600",Not yet rated,NULL,N/A
CYHHZ,$0.01,1441300548296,"10,551",100% bullish,of 1 rating,N/A
CTBI,$34.39,1441300548317,"4,674",Not yet rated,NULL,$36
CWBC,$6.9,1441300548353,"26,721",Not yet rated,NULL,N/A
CVLT,$35.18,1441300548378,"46,995",75% bullish,of 4 ratings,$44.50
COB,$10.32,1441300548447,"5,130",100% bullish,of 1 rating,$11.75
CIL,NULL,1441300548539,0,Not yet rated,NULL,N/A
CIZ,$33.01,1441300548580,415,100% bearish,of 1 rating,N/A
CID,NULL,1441300548720,0,Not yet rated,NULL,N/A
CDC,$34.2833,1441300548745,"7,257",Not yet rated,NULL,N/A
CSA,NULL,1441300548781,0,Not yet rated,NULL,N/A
CSF,$36.59,1441300549080,"1,303",100% bearish,of 1 rating,N/A
CFO,$35.31,1441300549180,"14,475",100% bearish,of 1 rating,N/A
CDL,NULL,1441300549305,0,Not yet rated,NULL,N/A
CSB,NULL,1441300549413,0,Not yet rated,NULL,N/A
CFA,$35.31,1441300549443,"1,800",100% bearish,of 1 rating,N/A
CGEN,$5,1441300549476,"45,501",50% bullish,of 2 ratings,$11
CPSI,$45.3,1441300549501,"11,783",100% bearish,of 1 rating,$45.50
CTG,$6.72,1441300549531,"7,185",100% bearish,of 1 rating,$8.50
SCOR,$46.2,1441300549574,"468,479",100% bearish,of 1 rating,$66
CMTL,$26.0236,1441300549665,"5,403",100% bearish,of 2 ratings,$37
CHCI,$0.68,1441300549721,"3,388",50% bullish,of 2 ratings,N/A
CNSI,$18.2,1441300549847,"41,883",100% bearish,of 2 ratings,$29
CNAT,$3.91,1441300549951,"32,740",83% bullish,of 6 ratings,$13
CCUR,$5.37,1441300550116,"4,317",75% bullish,of 4 ratings,N/A
CNCE,$15.865,1441300550181,"60,161",75% bullish,of 4 ratings,$22
CXRX,$82.0831,1441300550207,"3,420",100% bearish,of 1 rating,$90
CDORO,$16.95,1441300550252,"2,150",100% bearish,of 1 rating,N/A
CDOR,$1.33,1441300550280,200,100% bullish,of 1 rating,N/A
CDORP,$6.62,1441300550335,"4,838",100% bearish,of 1 rating,N/A
CNFR,$9.73,1441300550383,"4,200",Not yet rated,NULL,N/A
CFMS,$14.445,1441300550408,"203,431",100% bearish,of 1 rating,$26.50
CTWS,$34.84,1441300550635,"3,761",100% bearish,of 1 rating,$44
CNXR,$6.9,1441300550662,"23,945",100% bearish,of 1 rating,$12
CNOB,$18.95,1441300550684,"3,750",100% bullish,of 1 rating,$23.50
CNMD,$50.91,1441300550704,"55,445",Not yet rated,NULL,$59
CONN,$28.48,1441300550850,"85,272",67% bullish,of 3 ratings,$48.50
CWCO,$10.28,1441300550939,"7,960",67% bullish,of 3 ratings,$14.50
CTCT,$24.658,1441300551046,"58,259",67% bullish,of 3 ratings,$37
CFRX,$4.84,1441300551078,"7,376",Not yet rated,NULL,$14
CNSL,$19.62,1441300551099,"29,540",100% bearish,of 1 rating,$23
CFRXW,NULL,1441300551134,0,100% bearish,of 1 rating,N/A
CFRXZ,NULL,1441300551231,0,Not yet rated,NULL,N/A
CPSS,$5.63,1441300551256,"2,811",100% bullish,of 1 rating,$10
CTRL,$8.6268,1441300551299,"76,267",50% bullish,of 2 ratings,$11
CTRV,$3.748,1441300551324,639,Not yet rated,NULL,$6.40
CRBP,$1.86,1441300551500,"95,664",100% bullish,of 2 ratings,$6.25
CPRT,$35.1,1441300551524,"48,748",67% bearish,of 3 ratings,$40
CORT,$4.87,1441300551761,"94,697",67% bullish,of 3 ratings,$12
BVA,$3.83,1441300551786,1,50% bullish,of 2 ratings,N/A
CORE,$60.23,1441300551814,"25,494",100% bearish,of 1 rating,$72
CRVL,$30.78,1441300551841,"9,128",100% bearish,of 1 rating,N/A
CSOD,$36.685,1441300551874,"121,749",50% bullish,of 2 ratings,$42
CORI,$10.63,1441300551895,"21,519",100% bearish,of 1 rating,$18
COSI,$1.095,1441300552002,"31,209",100% bullish,of 1 rating,N/A
CSGP,$176.9,1441300552032,"37,893",50% bullish,of 2 ratings,$235
COST,$140.38,1441300552185,"447,142",79% bullish,of 24 ratings,$154.50
CPAH,$0.42,1441300552233,"2,500",50% bullish,of 2 ratings,N/A
ICBK,$18.8,1441300552291,1,Not yet rated,NULL,$21
CVTI,$22.41,1441300552315,"18,865",67% bearish,of 3 ratings,$39
COVS,$2.53,1441300552537,"13,026",67% bullish,of 3 ratings,N/A
COWN,$5.075,1441300552564,"338,979",75% bullish,of 4 ratings,$7
CPSH,$2.3799,1441300552698,200,Not yet rated,NULL,N/A
COWNL,$26.42,1441300552724,"3,300",Not yet rated,NULL,N/A
BREW,$7.71,1441300552754,"9,234",67% bullish,of 6 ratings,$15
CRAI,$23.48,1441300552780,"8,313",100% bearish,of 1 rating,$36
CRAY,$21.18,1441300552914,"81,237",83% bullish,of 6 ratings,$38.50
CACC,$203.42,1441300552990,"19,988",50% bullish,of 2 ratings,$158.50
GLDI,$11,1441300553045,"1,375",100% bearish,of 1 rating,N/A
CBRL,$145.45,1441300553095,"79,252",50% bullish,of 2 ratings,$155
SLVO,$10.0001,1441300553237,350,100% bearish,of 1 rating,N/A
CREE,$26.59,1441300553268,"271,610",65% bullish,of 17 ratings,$29.50
CRESY,$10.26,1441300553367,"8,392",100% bearish,of 1 rating,$19
CRTO,$37.96,1441300553399,"102,843",67% bullish,of 6 ratings,$64
CRDS,$1.08,1441300553502,"153,927",75% bullish,of 4 ratings,$3.50
CROX,$14.1811,1441300553559,"154,515",63% bullish,of 8 ratings,$16.50
CCRN,$14.05,1441300553707,"64,739",100% bearish,of 1 rating,$14.25
CYRX,$2.96,1441300553764,"3,600",Not yet rated,NULL,$9
CRWS,$8.07,1441300553864,"3,793",Not yet rated,NULL,$10
CRWN,$5.13,1441300553922,"39,919",75% bullish,of 4 ratings,N/A
CSGS,$30.85,1441300553997,"33,560",Not yet rated,NULL,$40
CYRXW,$0.7901,1441300554026,"15,500",Not yet rated,NULL,N/A
CCLP,$14.01,1441300554051,"32,856",67% bearish,of 3 ratings,$20
CSPI,$5.68,1441300554193,"2,601",67% bullish,of 3 ratings,N/A
CTCM,$1.75,1441300554220,"38,463",80% bearish,of 5 ratings,$3.90
CTIC,$1.555,1441300554359,"149,771",84% bullish,of 76 ratings,$5.75
CTIB,$3.73,1441300554405,"1,600",100% bearish,of 1 rating,N/A
CTRP,$66.85,1441300554488,"470,072",75% bullish,of 8 ratings,$92.50
CUNB,$21.88,1441300554546,"7,010",Not yet rated,NULL,$24.50
CUI,$5.41,1441300554577,"11,088",50% bullish,of 2 ratings,$10
CPIX,$6.13,1441300554672,"6,276",Not yet rated,NULL,N/A
CMLS,$1.33,1441300554774,"57,840",50% bullish,of 4 ratings,$6
CUTR,$14.97,1441300554848,"41,415",67% bearish,of 3 ratings,$18
CVBF,$16.02,1441300554900,"41,077",Not yet rated,NULL,$18
CRIS,$2.568,1441300554925,"41,420",100% bullish,of 8 ratings,$6
CVV,$11.52,1441300554952,"4,201",100% bullish,of 5 ratings,N/A
CYAN,$6.18,1441300555003,"4,614",100% bearish,of 1 rating,N/A
CYBX,$64.71,1441300555139,"34,616",50% bullish,of 4 ratings,$71.50
CYBE,$6.89,1441300555292,"6,002",100% bearish,of 1 rating,N/A
CYBR,$49.135,1441300555357,"366,350",75% bullish,of 8 ratings,$68.50
CYCC,$0.5597,1441300555393,"11,076",73% bullish,of 11 ratings,N/A
CYCCP,NULL,1441300555493,0,100% bearish,of 1 rating,N/A
CBAY,$2.69,1441300555519,"2,784",100% bullish,of 1 rating,$4
CYNA,$15.99,1441300555651,"8,493",50% bullish,of 2 ratings,$31.50
CYNO,$32.565,1441300555697,"98,884",67% bearish,of 3 ratings,$45.50
CY,$10.075,1441300555791,"2,889,601",80% bullish,of 10 ratings,$15.50
CYRN,$1.7998,1441300555824,"3,205",67% bullish,of 3 ratings,$4
CONE,$32.21,1441300555860,"370,196",67% bearish,of 3 ratings,$35.50
CYTK,$7.03,1441300555926,"78,844",71% bullish,of 14 ratings,$13.50
CYTX,$0.3677,1441300555997,"553,522",83% bullish,of 12 ratings,$5.50
CTSO,$7.42,1441300556023,"32,068",Not yet rated,NULL,$15.625
CYTR,$2.44,1441300556098,"205,773",67% bullish,of 6 ratings,$10
DAEG,$0.36,1441300556552,"2,300",100% bearish,of 1 rating,N/A
TVIX,$14.53,1441300556591,"7,147,642",81% bullish,of 16 ratings,N/A
DAKT,$8.47,1441300556686,"60,285",50% bullish,of 2 ratings,$12
ZIV,$36.6,1441300556718,"33,654",Not yet rated,NULL,N/A
TVIZ,$20.99,1441300556739,"5,312",100% bearish,of 1 rating,N/A
DJCO,$194.32,1441300556760,5,Not yet rated,NULL,N/A
XIV,$24.85,1441300556815,"13,303,260",75% bearish,of 4 ratings,N/A
DAIO,$2.57,1441300556997,"5,223",Not yet rated,NULL,N/A
DTLK,$5.52,1441300557040,"29,739",100% bearish,of 1 rating,$9
DTEA,$12.61,1441300557131,"22,797",100% bearish,of 2 ratings,$24
DRAM,$1.3499,1441300557187,"1,902",78% bullish,of 9 ratings,N/A
DARA,$0.8289,1441300557260,"36,365",83% bullish,of 6 ratings,$1.50
DWCH,$5.01,1441300557318,"5,242",75% bullish,of 4 ratings,$8.25
DWSN,$4.43,1441300557488,"15,715",67% bullish,of 3 ratings,N/A
DBVT,$37.25,1441300557526,"35,193",100% bearish,of 1 rating,$53
TRAK,$62.86,1441300557670,"90,175",50% bullish,of 2 ratings,$62.50
DHRM,$1.59,1441300557812,500,Not yet rated,NULL,N/A
DFRG,$14.44,1441300557845,"22,192",100% bearish,of 1 rating,$20
DCTH,$0.43,1441300557895,"40,810",78% bullish,of 9 ratings,N/A
TACO,$13.015,1441300557977,"14,217",75% bullish,of 4 ratings,$20
PLAY,$36.25,1441300558001,"121,651",100% bullish,of 5 ratings,$42
DGAS,$20.41,1441300558199,"4,078",67% bearish,of 3 ratings,N/A
DELT,$2.12,1441300558247,"1,100",Not yet rated,NULL,N/A
DELTW,NULL,1441300558280,0,Not yet rated,NULL,N/A
TACOW,$4.34,1441300558308,908,100% bullish,of 1 rating,N/A
DENN,$11.175,1441300558377,"63,035",100% bullish,of 3 ratings,$15
DSCI,$5.95,1441300558459,"87,099",50% bullish,of 2 ratings,$16
DEPO,$26.67,1441300558588,"470,422",60% bullish,of 5 ratings,$29
XRAY,$51.7,1441300558613,"119,851",100% bullish,of 1 rating,$58
DERM,$25.52,1441300558661,"12,500",100% bearish,of 1 rating,$33.50
DXLG,$6.5,1441300558853,"76,826",100% bearish,of 1 rating,$8
DSWL,$1.55,1441300558928,"5,095",100% bullish,of 1 rating,N/A
DXCM,$88.2099,1441300558958,"396,751",57% bullish,of 7 ratings,$98
DXM,$0.2898,1441300559062,"98,590",50% bullish,of 2 ratings,N/A
DHXM,$6.042,1441300559091,"6,695",100% bearish,of 1 rating,N/A
DMND,$30.5,1441300559122,"18,458",75% bullish,of 12 ratings,$32
DHIL,$189.82,1441300559223,608,Not yet rated,NULL,N/A
DEST,$10.42,1441300559251,"12,475",50% bullish,of 2 ratings,N/A
FANG,$67.24,1441300559432,"228,585",50% bullish,of 2 ratings,$86
DRNA,$10.68,1441300559463,"37,900",67% bearish,of 3 ratings,$25
DCIX,$1.59,1441300559484,"17,347",50% bullish,of 4 ratings,$3.50
DGII,$10.44,1441300559563,"37,167",100% bearish,of 1 rating,$11
DMRC,$38.24,1441300559625,"24,255",100% bearish,of 1 rating,$44
DRAD,$3.7799,1441300559843,"3,463",100% bullish,of 1 rating,$5.25
DCOM,$16.71,1441300559877,"43,583",100% bearish,of 2 ratings,$16
APPS,$2.14,1441300559903,"170,107",100% bearish,of 1 rating,$10.25
DIOD,$21.47,1441300559973,"268,284",75% bearish,of 4 ratings,$24
DGLY,$7.3,1441300559998,"36,847",50% bullish,of 6 ratings,$20
DPRX,$13.97,1441300560029,"20,636",100% bullish,of 2 ratings,$27.75
DISCK,$26.03,1441300560078,"301,205",100% bearish,of 1 rating,$32
DISCB,$27.43,1441300560318,300,100% bearish,of 1 rating,$35
DISCA,$27.35,1441300560343,"677,046",67% bullish,of 3 ratings,$34
DSCO,$0.4794,1441300560473,"185,326",83% bullish,of 6 ratings,$2.75
DISH,$59.42,1441300560565,"371,143",69% bullish,of 13 ratings,$73
DVCR,$10.3875,1441300560592,501,100% bullish,of 1 rating,N/A
BAGR,$2.7,1441300560614,840,100% bearish,of 1 rating,$6
DLHC,$2.49,1441300560666,702,100% bearish,of 1 rating,N/A
DNBF,$26.01,1441300560768,200,Not yet rated,NULL,$27.50
DGICA,$13.87,1441300560838,"10,734",100% bearish,of 1 rating,$17
DGICB,NULL,1441300560997,0,100% bearish,of 1 rating,N/A
DORM,$50.28,1441300561064,"51,391",100% bearish,of 1 rating,$56
DLTR,$67,1441300561096,"1,766,072",82% bullish,of 11 ratings,$85
HILL,$9.695,1441300561122,"235,080",60% bearish,of 5 ratings,$9.75
DMLP,$14.8,1441300561151,"7,492",100% bearish,of 1 rating,N/A
DRWI,$0.211,1441300561193,"404,018",60% bullish,of 5 ratings,$.45
DRWIW,$0.055,1441300561255,"31,741",Not yet rated,NULL,N/A
DRYS,$0.4566,1441300561544,"1,330,324",77% bullish,of 31 ratings,$.60
DWA,$20.7,1441300561572,"211,487",63% bullish,of 8 ratings,$26
DSKX,$3.3475,1441300561600,"40,361",100% bullish,of 1 rating,N/A
DSPG,$8.85,1441300561745,"6,656",100% bearish,of 1 rating,$13.50
CADTR,NULL,1441300561783,0,Not yet rated,NULL,N/A
CADTU,NULL,1441300561909,0,Not yet rated,NULL,N/A
CADTW,NULL,1441300561933,0,Not yet rated,NULL,N/A
DTSI,$27.89,1441300562008,"53,583",100% bearish,of 2 ratings,$39.50
CADT,NULL,1441300562110,0,Not yet rated,NULL,N/A
DRRX,$2.06,1441300562165,"62,625",50% bullish,of 6 ratings,$3
DYAX,$22.2,1441300562243,"133,839",89% bullish,of 9 ratings,$30
DXPE,$29.94,1441300562273,"56,180",50% bullish,of 2 ratings,N/A
BOOM,$10.79,1441300562298,"86,527",67% bullish,of 3 ratings,$12
DNKN,$48.99,1441300562532,"355,237",67% bullish,of 15 ratings,$56.50
ETFC,$25.68,1441300562668,"1,281,179",57% bullish,of 14 ratings,$32.50
DYSL,$1.5221,1441300562694,"6,389",100% bullish,of 2 ratings,N/A
DYNT,$3.03,1441300562755,"3,026",75% bullish,of 4 ratings,N/A
DVAX,$27.93,1441300562825,"89,579",70% bullish,of 10 ratings,$40
EBMT,$11.53,1441300562991,667,Not yet rated,NULL,$13.50
EGRX,$78.51,1441300563019,"54,977",67% bullish,of 3 ratings,$97
EGLE,$6.64,1441300563040,"17,511",60% bullish,of 5 ratings,N/A
EROC,$1.49,1441300563074,"89,477",50% bullish,of 2 ratings,$3
EWBC,$39.37,1441300563103,"209,857",100% bearish,of 1 rating,$50
EGBN,$41.58,1441300563201,"9,616",Not yet rated,NULL,$48
EACQU,NULL,1441300563243,0,Not yet rated,NULL,N/A
ELNK,$8.49,1441300563268,"146,666",60% bullish,of 5 ratings,$9.50
EBAY,$27.18,1441300563474,"3,342,768",81% bullish,of 117 ratings,$34
EML,$17.288,1441300563648,245,Not yet rated,NULL,N/A
ECHO,$23.045,1441300563694,"116,119",67% bearish,of 3 ratings,$34.50
SATS,$44.12,1441300563750,"19,796",50% bullish,of 2 ratings,$60
EBIX,$28.63,1441300563776,"43,283",69% bullish,of 13 ratings,$40
ELON,$0.57,1441300563805,"33,701",50% bullish,of 2 ratings,N/A
ECTE,$1.58,1441300563907,"21,171",75% bullish,of 4 ratings,N/A
EEI,$11.79,1441300564088,341,67% bearish,of 3 ratings,N/A
ECACU,NULL,1441300564218,0,Not yet rated,NULL,N/A
ESES,$3.75,1441300564280,6,100% bearish,of 1 rating,$7
EDGW,$7.24,1441300564360,184,100% bearish,of 1 rating,N/A
EDAP,$3.6118,1441300564393,"5,021",60% bullish,of 5 ratings,$4.50
EDUC,$6.56,1441300564423,"29,050",100% bearish,of 1 rating,N/A
EFUT,NULL,1441300564499,0,Not yet rated,NULL,N/A
EGAN,$3.65,1441300564558,"4,804",50% bullish,of 2 ratings,$6.25
EVBS,NULL,1441300564650,0,Not yet rated,NULL,$7
EGLT,$12.658,1441300564871,"46,642",50% bullish,of 2 ratings,$21
EHTH,$14.83,1441300564927,"29,840",50% bullish,of 4 ratings,$17
LOCO,$12.5606,1441300564953,"134,423",69% bullish,of 13 ratings,$19.50
ESLT,$78.6138,1441300565013,"1,615",67% bullish,of 3 ratings,N/A
EMITF,$1.25,1441300565081,"6,899",75% bullish,of 4 ratings,N/A
ERI,$9.34,1441300565113,"11,761",100% bearish,of 1 rating,$10
ELRC,$10.63,1441300565158,"4,256",100% bearish,of 1 rating,N/A
EFII,$43.7399,1441300565338,"42,378",80% bullish,of 5 ratings,$55
EA,$66.05,1441300565395,"1,000,856",78% bullish,of 36 ratings,$80
ELSE,NULL,1441300565479,0,60% bullish,of 5 ratings,N/A
ELEC,NULL,1441300565506,0,Not yet rated,NULL,N/A
ELECU,$9.998,1441300565531,300,Not yet rated,NULL,N/A
EBIO,$3.35,1441300565672,"78,706",100% bearish,of 2 ratings,$8.35
ELECW,NULL,1441300565800,0,Not yet rated,NULL,N/A
CAPX,$22.85,1441300565887,1,Not yet rated,NULL,N/A
RDEN,$11.6257,1441300565933,"97,455",100% bearish,of 4 ratings,$15
LONG,$16.87,1441300565960,"2,100",67% bullish,of 3 ratings,$15.75
ESBK,$19.05,1441300566019,821,Not yet rated,NULL,N/A
ELTK,$1.2728,1441300566044,"38,497",67% bearish,of 3 ratings,N/A
EMCF,$23.51,1441300566250,100,100% bearish,of 1 rating,N/A
EMCI,$22.45,1441300566392,"4,326",Not yet rated,NULL,N/A
EMMS,$1.26,1441300566423,"11,122",83% bullish,of 6 ratings,N/A
EMKR,$6.84,1441300566456,"54,724",75% bullish,of 4 ratings,$8.50
EMMSP,NULL,1441300566525,0,100% bearish,of 1 rating,N/A
ESIO,$4.5,1441300566550,"38,472",50% bullish,of 2 ratings,$10
NYNY,$4.28,1441300566578,"5,028",50% bullish,of 2 ratings,N/A
ERS,NULL,1441300566634,0,Not yet rated,NULL,N/A
ENTA,$39,1441300566739,"40,844",50% bullish,of 2 ratings,$42
ECPG,$38.09,1441300566824,"57,851",100% bullish,of 2 ratings,$52
ELGX,$12.56,1441300566964,"578,977",75% bullish,of 4 ratings,$17
WIRE,$32.14,1441300566994,"14,595",100% bearish,of 1 rating,$37
ENDP,$74.75,1441300567015,"372,990",50% bullish,of 6 ratings,$101.50
ECYT,$5.12,1441300567156,"108,991",83% bullish,of 6 ratings,$12
EIGI,$15.2,1441300567195,"171,141",67% bearish,of 3 ratings,$22.50
WATT,$6.87,1441300567242,"13,456",50% bullish,of 2 ratings,$13
EFOI,$24.5285,1441300567302,"622,378",50% bullish,of 2 ratings,$24.50
ERII,$2.62,1441300567468,"18,833",80% bullish,of 5 ratings,$2.50
ENOC,$8.77,1441300567518,"59,325",75% bullish,of 4 ratings,$18
ENG,$1.0399,1441300567545,"35,066",100% bullish,of 3 ratings,N/A
ESGR,$149.99,1441300567687,"12,501",100% bearish,of 1 rating,$185
ENPH,$4.42,1441300567713,"434,301",75% bullish,of 4 ratings,$11
ENFC,$17.4501,1441300567770,801,Not yet rated,NULL,N/A
ENTL,$21.6682,1441300567841,"4,628",Not yet rated,NULL,$28
EXXI,$1.8,1441300567968,"722,336",86% bullish,of 7 ratings,$3.50
ENTG,$13.58,1441300567992,"107,230",100% bearish,of 1 rating,$18
ETRM,$0.2941,1441300568061,"639,832",69% bearish,of 35 ratings,$1.625
EBTC,$21.159,1441300568092,554,Not yet rated,NULL,N/A
EFSC,$23.63,1441300568191,"5,180",Not yet rated,NULL,$27
EGT,$2,1441300568335,"2,500",100% bullish,of 1 rating,N/A
ENVI,$1.87,1441300568361,"21,966",67% bullish,of 3 ratings,N/A
EPRS,$5.1,1441300568494,"11,134",82% bullish,of 11 ratings,$15
ENZN,$1,1441300568530,"38,497",100% bullish,of 9 ratings,N/A
ENZY,$10.38,1441300568556,"19,936",67% bullish,of 3 ratings,$9.50
EPZM,$20.005,1441300568624,"95,997",60% bullish,of 5 ratings,$34
EPIQ,$12.57,1441300568649,"6,973",100% bearish,of 1 rating,$18
EQIX,$272.41,1441300568803,"213,020",75% bullish,of 4 ratings,$312.50
EQFN,$8.38,1441300569013,100,100% bearish,of 1 rating,N/A
EAC,$3.41,1441300569042,"7,238",100% bearish,of 1 rating,$8
PLUS,$73.94,1441300569079,"20,227",50% bullish,of 2 ratings,$88
ERIE,$81.33,1441300569175,"9,308",Not yet rated,NULL,$73
ERIC,$9.87,1441300569202,"843,091",67% bullish,of 9 ratings,$12.20
ESCR,$0.2075,1441300569225,"224,716",50% bullish,of 2 ratings,N/A
ESCA,$17.97,1441300569467,"1,681",100% bearish,of 1 rating,$22
ESCRP,$1.5,1441300569495,"2,736",100% bearish,of 1 rating,N/A
ESMC,$1.34,1441300569528,400,Not yet rated,NULL,N/A
ESSA,$12.85,1441300569554,"1,120",100% bearish,of 1 rating,N/A
ESND,$33.75,1441300569593,"19,980",100% bearish,of 2 ratings,$40
ESPR,$45.84,1441300569621,"239,483",70% bearish,of 10 ratings,$115
ESSX,$0.49,1441300569811,"2,134",50% bullish,of 2 ratings,N/A
CLWT,NULL,1441300569946,0,100% bearish,of 1 rating,N/A
ETSY,$14.15,1441300569974,"148,640",80% bullish,of 5 ratings,$16
EPIX,NULL,1441300570039,0,Not yet rated,NULL,N/A
EVEP,$8.67,1441300570109,"123,754",50% bullish,of 2 ratings,$15
ESEA,$4.68,1441300570267,"1,288",100% bullish,of 1 rating,$15
EEFT,$65.58,1441300570295,"41,925",100% bearish,of 1 rating,$67.50
EVK,$3.56,1441300570321,100,75% bearish,of 4 ratings,N/A
EVOK,$3.5408,1441300570457,"34,059",100% bearish,of 1 rating,$13.375
EVLV,$2.62,1441300570484,"43,352",60% bullish,of 5 ratings,$4.625
EXAS,$21.2783,1441300570675,"273,059",78% bullish,of 9 ratings,$31
EXEL,$5.63,1441300570753,"1,739,766",81% bullish,of 16 ratings,$6
EXA,$10.32,1441300570806,"52,612",100% bearish,of 1 rating,$13
EXAC,$18.8,1441300570831,"7,513",100% bearish,of 1 rating,$22.50
EVOL,$5.8,1441300570963,"4,907",75% bullish,of 4 ratings,$10
EXFO,$2.86,1441300570988,101,67% bearish,of 3 ratings,$3.95
EXLS,$36.52,1441300571013,"19,425",50% bullish,of 2 ratings,$41
EXPE,$113.43,1441300571166,"182,897",64% bullish,of 11 ratings,$130
ESRX,$83.92,1441300571219,"705,733",67% bearish,of 6 ratings,$101
EXLP,$18.98,1441300571308,"32,111",100% bearish,of 1 rating,$25
EXPO,$42.505,1441300571527,"12,995",100% bearish,of 1 rating,$45.50
EXTR,$3.08,1441300571663,"386,142",80% bullish,of 5 ratings,$3
EYEG,$3.7578,1441300571689,"7,256",Not yet rated,NULL,N/A
EYEGW,$1.0401,1441300571715,200,Not yet rated,NULL,N/A
EXPD,$49.335,1441300571767,"714,804",80% bullish,of 5 ratings,$52
EZCH,$22.09,1441300571911,"42,157",75% bullish,of 8 ratings,$19.50
EZPW,$6.02,1441300572047,"134,071",50% bullish,of 4 ratings,$7
FB,$88.481,1441300572080,"8,738,861",73% bullish,of 1074 ratings,$111
FFIV,$121.8199,1441300572114,"188,034",63% bullish,of 8 ratings,$132
FRP,$15.73,1441300572211,"12,031",100% bearish,of 1 rating,$18
FWM,$2.28,1441300572241,"42,695",100% bearish,of 2 ratings,$3.20
FCS,$13.69,1441300572374,"210,096",67% bearish,of 3 ratings,$17
DAVE,$14.77,1441300572412,"11,009",100% bearish,of 1 rating,$15.50
FFKT,$25.49,1441300572521,"2,676",Not yet rated,NULL,$29
FARM,$22.76,1441300572547,"13,529",100% bearish,of 1 rating,$35
FMNB,$8.21,1441300572703,"23,646",Not yet rated,NULL,N/A
FALC,$1.71,1441300572733,"2,046",63% bearish,of 8 ratings,N/A
FATE,$6.04,1441300572834,"5,249",50% bullish,of 2 ratings,$11
FAST,$37.6,1441300572922,"784,953",80% bullish,of 5 ratings,$45.50
FBRC,$21.65,1441300572954,"19,743",100% bearish,of 1 rating,$29
FARO,$37.33,1441300572980,"18,931",50% bullish,of 2 ratings,$48
FDML,$8.54,1441300573001,"52,036",50% bullish,of 4 ratings,$14
FBSS,NULL,1441300573141,0,Not yet rated,NULL,N/A
FEIC,$75.17,1441300573204,"49,653",50% bullish,of 2 ratings,$95.50
FHCO,$1.42,1441300573303,"12,829",50% bullish,of 4 ratings,N/A
FNHC,$21.61,1441300573328,"7,402",100% bearish,of 1 rating,$35
FENX,$9.66,1441300573361,"40,890",100% bullish,of 1 rating,$14.25
FCSC,$5.51,1441300573505,"90,849",100% bearish,of 1 rating,$8.125
FGEN,$22.74,1441300573531,"84,469",100% bearish,of 1 rating,$39
LION,$19.51,1441300573694,"35,781",100% bullish,of 1 rating,$20
ONEQ,$186.6122,1441300573721,"7,688",100% bullish,of 1 rating,N/A
FRGI,$51.81,1441300573760,"18,663",50% bullish,of 2 ratings,$70
FDUS,$14.69,1441300573787,"11,133",50% bullish,of 2 ratings,$18
FSAM,$7.88,1441300573862,"2,447",100% bearish,of 1 rating,$10.25
FSC,$6.5901,1441300573923,"217,722",60% bullish,of 5 ratings,$8
FSCFL,$24.42,1441300573951,"7,770",Not yet rated,NULL,N/A
FITB,$19.5,1441300574054,"1,135,022",54% bullish,of 13 ratings,$22
FSFR,$8.85,1441300574134,"21,039",100% bearish,of 1 rating,$11.50
FITBI,$27.4743,1441300574192,"3,311",Not yet rated,NULL,N/A
FNGN,$30.75,1441300574348,"84,823",67% bullish,of 3 ratings,$47
FISI,$24.39,1441300574379,"2,995",100% bullish,of 2 ratings,$24.50
FNJN,$1.7499,1441300574410,"6,405",100% bearish,of 1 rating,$5
FNSR,$15.37,1441300574431,"148,389",71% bullish,of 7 ratings,$24
FNTC,NULL,1441300574489,0,Not yet rated,NULL,N/A
FNTCU,NULL,1441300574515,0,Not yet rated,NULL,N/A
FNTCW,$0.331,1441300574643,"4,300",Not yet rated,NULL,N/A
FBNC,$16.81,1441300574743,"2,619",100% bullish,of 1 rating,$20
FNLC,$18.83,1441300574796,"4,634",100% bullish,of 1 rating,N/A
FEYE,$37.01,1441300574829,"1,923,426",88% bullish,of 16 ratings,$55.50
FRBA,$6.001,1441300574929,569,Not yet rated,NULL,$8
BUSE,$6.31,1441300574957,"24,048",Not yet rated,NULL,$6.875
FBIZ,$22.46,1441300575109,"3,555",100% bearish,of 2 ratings,$26
FCVA,$4.7999,1441300575210,101,Not yet rated,NULL,N/A
FCAP,$27.39,1441300575250,100,Not yet rated,NULL,N/A
FCFS,$39.45,1441300575343,"26,209",100% bearish,of 3 ratings,$47
FCBC,$17.28,1441300575381,"4,039",Not yet rated,NULL,$18
FCNCA,$230.31,1441300575407,"1,954",Not yet rated,NULL,N/A
FCCO,$12.3,1441300575538,1,Not yet rated,NULL,$13.25
FCFP,NULL,1441300575570,0,Not yet rated,NULL,N/A
FBNK,$16.81,1441300575590,"3,081",100% bearish,of 1 rating,$17.50
FCLF,$9.2,1441300575667,"1,118",Not yet rated,NULL,N/A
FDEF,$36.81,1441300575809,"6,105",Not yet rated,NULL,$38
FFBC,$18.13,1441300575836,"16,478",67% bearish,of 3 ratings,$20.25
FFBCW,NULL,1441300575972,0,100% bearish,of 1 rating,N/A
FFNM,$6.34,1441300575999,101,Not yet rated,NULL,N/A
FFIN,$30.12,1441300576024,"26,794",50% bullish,of 2 ratings,$31.75
THFF,$32.81,1441300576071,"4,684",Not yet rated,NULL,$35
FFNW,$12.1,1441300576220,"3,502",Not yet rated,NULL,$14
FFWM,$21.34,1441300576319,"11,737",Not yet rated,NULL,$24
INBK,$30.24,1441300576344,"3,727",50% bullish,of 2 ratings,$37
FIBK,$26.49,1441300576372,"18,287",Not yet rated,NULL,$32
FRME,$25.955,1441300576403,"60,521",Not yet rated,NULL,$26.50
FMBH,NULL,1441300576506,0,Not yet rated,NULL,N/A
FMBI,$17.36,1441300576555,"85,495",Not yet rated,NULL,$20
FNBC,$34.16,1441300576724,"88,608",Not yet rated,NULL,$40
FSFG,$31.11,1441300576928,300,Not yet rated,NULL,N/A
FNFG,$9.09,1441300576956,"1,039,141",80% bullish,of 5 ratings,$9
FNWB,$12.0322,1441300576986,545,Not yet rated,NULL,N/A
FSLR,$48.2925,1441300577007,"507,829",72% bullish,of 39 ratings,$65
FSGI,$2.4801,1441300577085,"3,300",Not yet rated,NULL,N/A
FSBK,$7.78,1441300577142,"3,950",100% bullish,of 1 rating,N/A
BICK,$19.4098,1441300577168,685,100% bullish,of 1 rating,N/A
FBZ,NULL,1441300577307,0,Not yet rated,NULL,N/A
FCAN,$24.5,1441300577385,"81,700",Not yet rated,NULL,N/A
FTCS,$36.147,1441300577410,"8,512",100% bearish,of 1 rating,N/A
FCA,$19.305,1441300577453,"118,440",Not yet rated,NULL,N/A
IFV,$17.545,1441300577647,"125,734",100% bearish,of 1 rating,N/A
FV,$23.134,1441300577679,"728,020",100% bearish,of 1 rating,N/A
FEMB,NULL,1441300577774,0,Not yet rated,NULL,N/A
FTSM,$59.96,1441300577799,"39,236",100% bearish,of 1 rating,N/A
MDIV,$19.0043,1441300577860,"47,896",Not yet rated,NULL,N/A
FGM,$35.45,1441300577886,"26,758",Not yet rated,NULL,N/A
FEUZ,$30.89,1441300577948,"13,954",Not yet rated,NULL,N/A
TDIV,$24.73,1441300577974,"26,234",100% bearish,of 1 rating,N/A
FTGC,$22.4238,1441300578151,"46,279",Not yet rated,NULL,N/A
FTHI,$19.29,1441300578282,100,Not yet rated,NULL,N/A
HYLS,$49.6112,1441300578307,"13,020",100% bearish,of 1 rating,N/A
FPXI,NULL,1441300578354,0,Not yet rated,NULL,N/A
YDIV,$16.29,1441300578546,"1,562",Not yet rated,NULL,N/A
FHK,$32.9,1441300578575,"17,555",Not yet rated,NULL,N/A
SKYY,$28.5635,1441300578617,"29,669",100% bullish,of 1 rating,N/A
PLTM,$6.3,1441300578681,"1,000",100% bearish,of 1 rating,N/A
FTLB,$19.25,1441300578718,"10,000",100% bearish,of 1 rating,N/A
LMBS,NULL,1441300578853,0,Not yet rated,NULL,N/A
FJP,$46.045,1441300578880,"3,848",Not yet rated,NULL,N/A
FMB,NULL,1441300579104,0,Not yet rated,NULL,N/A
CIBR,$17.6,1441300579186,"36,723",Not yet rated,NULL,N/A
CU,$12.85,1441300579235,"2,900",100% bearish,of 1 rating,N/A
QABA,$37.1563,1441300579261,"2,175",100% bearish,of 1 rating,N/A
FONE,NULL,1441300579314,0,Not yet rated,NULL,N/A
QCLN,$15.1828,1441300579393,"2,533",Not yet rated,NULL,N/A
GRID,$31.33,1441300579452,820,100% bearish,of 1 rating,N/A
CARZ,$34.74,1441300579520,400,100% bearish,of 1 rating,N/A
RDVY,$21.0288,1441300579548,"2,323",Not yet rated,NULL,N/A
QTEC,$39.7701,1441300579763,"12,438",Not yet rated,NULL,N/A
QQXT,$40.22,1441300579791,"6,693",Not yet rated,NULL,N/A
QINC,NULL,1441300579830,0,Not yet rated,NULL,N/A
AIRR,$16.41,1441300579859,"1,192",100% bearish,of 1 rating,N/A
QQEW,$41.54,1441300579880,"12,940",Not yet rated,NULL,N/A
FKO,NULL,1441300580022,0,Not yet rated,NULL,N/A
FSZ,$38.79,1441300580261,381,Not yet rated,NULL,N/A
FTSL,$48.85,1441300580290,"36,174",100% bearish,of 1 rating,N/A
FDIV,NULL,1441300580318,0,100% bearish,of 1 rating,N/A
TUSA,$24.8,1441300580343,600,Not yet rated,NULL,N/A
FKU,$41.34,1441300580368,"2,575",Not yet rated,NULL,N/A
FTW,$32.38,1441300580418,"62,131",Not yet rated,NULL,N/A
FUNC,$8.06,1441300580514,"1,751",Not yet rated,NULL,N/A
FMER,$17.4036,1441300580691,"230,067",50% bullish,of 2 ratings,$20
SVVC,$9.292,1441300580721,"9,155",50% bullish,of 2 ratings,$26
FSV,$32.07,1441300580750,"7,287",Not yet rated,NULL,$33.60
FPRX,$19.2,1441300580780,"107,567",50% bullish,of 2 ratings,$35
FISV,$85.67,1441300580811,"324,479",100% bearish,of 3 ratings,$90
FIVE,$34.45,1441300580852,"3,770,945",75% bearish,of 4 ratings,$44
FIVN,$3.81,1441300580906,"44,711",100% bullish,of 1 rating,$8.50
FLML,$22.2,1441300581007,"73,634",50% bullish,of 2 ratings,$30
FLKS,$11.41,1441300581240,"15,060",50% bullish,of 2 ratings,$27
FLXN,$25.85,1441300581262,"29,494",100% bearish,of 1 rating,$40
SKOR,$50.38,1441300581335,"2,475",Not yet rated,NULL,N/A
MBSD,$24.96,1441300581412,300,Not yet rated,NULL,N/A
FLEX,$10.545,1441300581443,"1,177,453",63% bullish,of 8 ratings,$12
FLXS,$31.04,1441300581464,"5,324",100% bearish,of 2 ratings,N/A
FLIR,$28.65,1441300581495,"206,070",100% bearish,of 2 ratings,$38.50
FLDM,$11.03,1441300581545,"72,308",67% bearish,of 3 ratings,$15
FFIC,$19.51,1441300581717,"8,823",Not yet rated,NULL,$20.50
FOMX,$9.72,1441300581796,"61,457",50% bullish,of 2 ratings,$23.50
FOGO,$19.47,1441300581848,"20,600",50% bullish,of 2 ratings,$25.50
FONR,$9.75,1441300581875,"3,152",100% bullish,of 1 rating,N/A
FES,$0.9,1441300581904,"4,029",50% bullish,of 2 ratings,$1
FORM,$6.67,1441300582004,"55,382",67% bullish,of 3 ratings,$10.50
FORTY,$30.12,1441300582063,553,100% bearish,of 1 rating,N/A
FORR,$30.71,1441300582234,"13,186",Not yet rated,NULL,N/A
FBIO,$2.58,1441300582279,"13,121",83% bullish,of 6 ratings,N/A
FTNT,$42.475,1441300582309,"405,417",80% bullish,of 10 ratings,$52
FORD,$1.6901,1441300582411,"597,176",67% bullish,of 3 ratings,N/A
FOSL,$61.04,1441300582471,"155,932",60% bearish,of 5 ratings,$80
FWP,$25.5701,1441300582499,"30,049",100% bearish,of 1 rating,$45
FWRD,$44.07,1441300582520,"45,527",100% bearish,of 1 rating,$50
FMI,$23.61,1441300582664,"85,578",100% bearish,of 2 ratings,$27.50
FXCB,$17.18,1441300582706,"50,763",Not yet rated,NULL,$19
FOXF,$15.29,1441300582731,"5,210",100% bearish,of 1 rating,$19
FRAN,$12.2,1441300582862,"542,260",50% bullish,of 4 ratings,$15
FELE,$28.02,1441300582893,"57,562",50% bullish,of 4 ratings,$33
FRED,$12.84,1441300582994,"78,577",50% bullish,of 2 ratings,$15.50
FREE,$0.3502,1441300583032,"626,695",92% bullish,of 12 ratings,N/A
RAIL,$19.99,1441300583059,"22,371",100% bearish,of 1 rating,$24.50
FEIM,$11.03,1441300583215,700,100% bearish,of 1 rating,N/A
FTRPR,$107.26,1441300583244,"10,751",100% bearish,of 1 rating,N/A
FTR,$5.485,1441300583270,"9,609,774",78% bullish,of 27 ratings,$6.25
FRPT,$12.51,1441300583397,"241,649",67% bearish,of 3 ratings,$23.50
FSBW,$23.25,1441300583632,"1,800",Not yet rated,NULL,N/A
FTEK,$1.97,1441300583660,"21,070",75% bullish,of 4 ratings,N/A
FTD,$30,1441300583686,"49,620",100% bearish,of 1 rating,$40
FSYS,$6.36,1441300583711,"100,561",67% bullish,of 3 ratings,$8.50
FRPH,$31.2,1441300583738,635,100% bearish,of 1 rating,N/A
FCEL,$0.8626,1441300583886,"567,887",88% bullish,of 41 ratings,$2.65
FULL,$3.09,1441300583953,"22,159",67% bearish,of 3 ratings,$4.25
FULLL,$25.17,1441300584056,720,Not yet rated,NULL,N/A
FLL,$1.5,1441300584081,"2,600",75% bullish,of 4 ratings,$3.50
FULT,$11.9,1441300584132,"249,666",100% bearish,of 1 rating,$13
FSNN,$2.14,1441300584158,6,67% bullish,of 3 ratings,$6
FFHL,NULL,1441300584293,0,50% bullish,of 4 ratings,N/A
FXENP,NULL,1441300584507,0,100% bearish,of 1 rating,N/A
GK,$67.18,1441300584540,"9,383",Not yet rated,NULL,$78
FXEN,$1.0199,1441300584568,"38,031",75% bullish,of 4 ratings,$1.10
WILC,$4.84,1441300584595,"1,200",100% bullish,of 2 ratings,N/A
GALT,$2.16,1441300584618,"31,927",80% bullish,of 5 ratings,N/A
GLPG,$59.2044,1441300584652,"8,252",100% bullish,of 1 rating,$75
GAIA,$6.015,1441300584676,"14,983",50% bullish,of 2 ratings,$8.50
GALTW,$0.58,1441300584811,"8,183",100% bullish,of 1 rating,N/A
GALE,$1.62,1441300584953,"296,998",89% bullish,of 47 ratings,$4
GLMD,$8.4,1441300584979,820,67% bullish,of 3 ratings,$20.50
GALTU,NULL,1441300585004,0,100% bearish,of 1 rating,N/A
GPIC,$9.94,1441300585225,"2,746",100% bearish,of 1 rating,N/A
GLPI,$30.75,1441300585250,"120,827",100% bearish,of 1 rating,$37.50
GRMN,$37.3,1441300585280,"277,665",50% bullish,of 6 ratings,$46.50
GGACU,NULL,1441300585378,0,Not yet rated,NULL,N/A
GGACR,$0.255,1441300585406,200,100% bullish,of 1 rating,N/A
GGACW,$0.13,1441300585430,150,Not yet rated,NULL,N/A
GARS,$14.54,1441300585473,"20,283",Not yet rated,NULL,$16
GGAC,$9.9,1441300585503,"2,043",100% bearish,of 1 rating,N/A
GENC,$9.03,1441300585685,519,100% bearish,of 1 rating,N/A
GFN,$4,1441300585710,"6,096",100% bearish,of 2 ratings,$8
GNCMA,$16.66,1441300585769,"46,962",100% bearish,of 1 rating,$12
GFNCP,$88.06,1441300585855,110,Not yet rated,NULL,N/A
GFNSL,$25.8,1441300586063,100,Not yet rated,NULL,N/A
GENE,$2.36,1441300586099,"51,777",100% bullish,of 12 ratings,N/A
GHDX,$25.54,1441300586170,"47,685",50% bullish,of 2 ratings,$30
THRM,$45.535,1441300586199,"73,808",75% bearish,of 4 ratings,$55.50
GNTX,$15.74,1441300586221,"363,502",Not yet rated,NULL,$20
GNMK,$9.6,1441300586252,"13,400",67% bullish,of 6 ratings,$14
GNVC,$2.48,1441300586282,"15,882",90% bullish,of 10 ratings,$8.50
GNCA,$10.775,1441300586353,"43,801",100% bearish,of 1 rating,$20
GEOS,$17.985,1441300586487,"90,573",100% bearish,of 3 ratings,$21
GTWN,NULL,1441300586514,0,Not yet rated,NULL,N/A
GERN,$3.41,1441300586646,"8,006,742",88% bullish,of 16 ratings,$5.25
GABC,$28.75,1441300586673,"3,520",Not yet rated,NULL,$31.50
GEVO,$2.3099,1441300586862,"397,479",75% bullish,of 12 ratings,$5
GIGA,$1.373,1441300586927,"50,500",100% bearish,of 1 rating,N/A
ROCK,$16.64,1441300586960,"20,755",80% bullish,of 5 ratings,$24
GIII,$70.34,1441300586988,"234,072",67% bullish,of 3 ratings,$75
GIGM,$0.5212,1441300587014,"2,500",100% bullish,of 2 ratings,N/A
GBCI,$25.9,1441300587057,"38,352",50% bullish,of 2 ratings,$31
GILT,$4.1624,1441300587082,"3,031",50% bullish,of 2 ratings,N/A
GILD,$102.344,1441300587149,"2,462,245",91% bullish,of 87 ratings,$129
GLAD,$8.759,1441300587341,"32,317",50% bullish,of 2 ratings,$8.75
GOOD,$14.1001,1441300587370,"27,090",Not yet rated,NULL,$19
GOODN,$25.5,1441300587400,500,Not yet rated,NULL,N/A
GLADO,$25.59,1441300587425,"3,100",Not yet rated,NULL,N/A
GOODO,NULL,1441300587558,0,Not yet rated,NULL,N/A
GOODP,$25.1101,1441300587687,300,Not yet rated,NULL,N/A
GAINN,$25.14,1441300587762,"31,524",Not yet rated,NULL,N/A
GAIN,$7.485,1441300587787,"23,666",100% bullish,of 2 ratings,$8.25
GAINO,NULL,1441300587853,0,Not yet rated,NULL,N/A
GBT,$51.65,1441300587962,"44,959",100% bearish,of 1 rating,N/A
LAND,$9.2,1441300587987,"3,046",50% bullish,of 2 ratings,$13.75
GAINP,$25.64,1441300588013,"1,464",Not yet rated,NULL,N/A
GLBZ,$11.48,1441300588065,150,Not yet rated,NULL,N/A
GDEF,$10.6499,1441300588221,300,Not yet rated,NULL,N/A
ENT,$11.18,1441300588356,"108,966",100% bearish,of 1 rating,$18
GBLI,$27.22,1441300588383,"6,308",Not yet rated,NULL,N/A
GSOL,$8.3,1441300588456,"6,442",100% bearish,of 1 rating,N/A
ACTX,$13.17,1441300588523,660,100% bullish,of 1 rating,N/A
GPACU,NULL,1441300588548,0,Not yet rated,NULL,N/A
QQQC,$18.62,1441300588586,"4,037",100% bearish,of 1 rating,N/A
SOCL,$17.34,1441300588703,"4,994",100% bullish,of 2 ratings,N/A
YLCO,$11.7399,1441300588835,"2,510",Not yet rated,NULL,N/A
SRET,NULL,1441300588861,0,Not yet rated,NULL,N/A
ALTY,NULL,1441300588881,0,Not yet rated,NULL,N/A
GSM,$13.57,1441300589010,"88,337",50% bullish,of 2 ratings,$22
GAI,$6.15,1441300589103,408,50% bullish,of 2 ratings,N/A
GBIM,$2.63,1441300589200,"28,690",50% bullish,of 2 ratings,N/A
GLBS,$1.04,1441300589299,100,67% bullish,of 3 ratings,N/A
GLRI,$1.1,1441300589325,"147,148",100% bearish,of 1 rating,$4.25
GLYC,$6.97,1441300589353,"1,390",50% bullish,of 2 ratings,$14
GLUU,$4.535,1441300589455,"777,635",92% bullish,of 26 ratings,$9
GOGO,$16.25,1441300589596,"157,220",80% bullish,of 5 ratings,$25
GLNG,$39.69,1441300589624,"353,693",83% bullish,of 6 ratings,$55.50
GLDC,$4.0888,1441300589655,200,50% bullish,of 2 ratings,N/A
GMLP,$21.28,1441300589761,"54,519",50% bullish,of 4 ratings,$29
GDEN,$9,1441300589792,"5,300",50% bullish,of 2 ratings,N/A
GBDC,$16.99,1441300589820,"77,689",Not yet rated,NULL,$17.75
GOGL,$2.87,1441300589849,"169,744",75% bullish,of 4 ratings,$5
GTIM,$6.69,1441300589948,"2,633",Not yet rated,NULL,$11.50
GOOG,$608.135,1441300590031,"435,140",88% bullish,of 73 ratings,$787.50
GPRO,$39.3,1441300590176,"4,256,177",78% bullish,of 59 ratings,$72
GOOGL,$639.9,1441300590206,"369,434",88% bullish,of 1082 ratings,$749
GPIA,NULL,1441300590310,0,100% bearish,of 1 rating,N/A
GMAN,$3.7,1441300590342,"10,370",60% bullish,of 5 ratings,$8.50
GPIAU,$10,1441300590367,100,Not yet rated,NULL,N/A
GPIAW,NULL,1441300590439,0,Not yet rated,NULL,N/A
LOPE,$37.02,1441300590606,"49,275",100% bearish,of 2 ratings,$50
GBSN,$0.1849,1441300590631,"8,030,965",50% bullish,of 2 ratings,$8.25
GBSNU,NULL,1441300590656,0,NULL,NULL,NULL
GRVY,NULL,1441300590677,0,50% bullish,of 2 ratings,N/A
GLDD,$5.45,1441300590811,"18,657",100% bearish,of 4 ratings,$7.75
GSBC,$40.6,1441300590863,"12,081",100% bullish,of 1 rating,$44
GNBC,$11.8,1441300590951,"5,062",100% bearish,of 1 rating,$16.50
GRBK,$11.72,1441300591045,"31,167",77% bullish,of 13 ratings,N/A
GPRE,$20.3799,1441300591148,"113,214",67% bullish,of 6 ratings,$28.50
GCBC,NULL,1441300591187,0,100% bullish,of 1 rating,N/A
GPP,$14.46,1441300591216,"5,200",Not yet rated,NULL,$20.50
GLRE,$24.77,1441300591237,"76,246",50% bullish,of 2 ratings,$34
GRIF,NULL,1441300591384,0,100% bearish,of 1 rating,N/A
GRFS,$30.96,1441300591413,"281,047",50% bullish,of 2 ratings,$35
GRPN,$4.29,1441300591445,"1,551,684",61% bullish,of 71 ratings,$6.75
OMAB,$41.64,1441300591488,"24,271",100% bullish,of 1 rating,$44
GSIG,$12.74,1441300591628,"2,872",100% bearish,of 2 ratings,N/A
GSIT,$4.59,1441300591656,"2,821",100% bearish,of 1 rating,N/A
GGAL,$18.984,1441300591734,"68,213",80% bullish,of 5 ratings,$40
GSVC,$8.96,1441300591784,"18,860",50% bullish,of 2 ratings,$15.75
GTXI,$0.86,1441300591964,"9,582",100% bullish,of 5 ratings,$.75
GBNK,$15.86,1441300591993,"10,554",100% bearish,of 1 rating,$18
GFED,$14.65,1441300592020,700,Not yet rated,NULL,$17
GULTU,$0.3028,1441300592156,"65,383",100% bearish,of 1 rating,N/A
GURE,$1.72,1441300592183,"4,351",88% bullish,of 8 ratings,N/A
GUID,$6.92,1441300592215,"10,176",100% bearish,of 3 ratings,$10
GPOR,$33.67,1441300592313,"456,924",75% bullish,of 4 ratings,$54
GIFI,$12.5,1441300592349,"19,796",100% bearish,of 1 rating,$16
GWPH,$103.01,1441300592441,"65,718",78% bullish,of 9 ratings,$148.50
GWGH,$7.71,1441300592466,403,100% bearish,of 1 rating,$15.05
GYRO,$30.0101,1441300592527,799,100% bearish,of 1 rating,N/A
HEES,$18.83,1441300592634,"135,807",67% bearish,of 3 ratings,$31
HLG,NULL,1441300592787,0,100% bearish,of 1 rating,N/A
HNRG,$7.46,1441300592824,"76,668",100% bearish,of 1 rating,$10
HBK,$13.8,1441300592849,1,50% bullish,of 2 ratings,N/A
HALL,$11.36,1441300592874,"6,847",Not yet rated,NULL,N/A
HMPR,$1.87,1441300592922,"15,584",100% bullish,of 1 rating,N/A
HALO,$17.14,1441300592953,"300,567",67% bullish,of 3 ratings,$22.50
HBHC,$27.29,1441300593055,"100,297",50% bullish,of 2 ratings,$30
HBHCL,$24.49,1441300593086,"9,897",Not yet rated,NULL,N/A
HNH,$25.7,1441300593251,"9,509",100% bullish,of 1 rating,N/A
HQCL,$12.881,1441300593353,"4,857",67% bullish,of 3 ratings,$14
HNSN,$0.5457,1441300593396,"17,132",88% bullish,of 8 ratings,$.40
HAFC,$23.9,1441300593421,"71,771",100% bullish,of 2 ratings,$28.50
HDNG,$10,1441300593497,"3,826",50% bullish,of 4 ratings,N/A
HRMN,NULL,1441300593679,0,Not yet rated,NULL,N/A
HLIT,$5.76,1441300593723,"104,295",100% bearish,of 1 rating,$6.50
HRMNU,NULL,1441300593818,0,Not yet rated,NULL,N/A
HRMNW,NULL,1441300593915,0,Not yet rated,NULL,N/A
TINY,$2.49,1441300593959,"14,512",50% bullish,of 2 ratings,$5.26
HART,$1.26,1441300593987,"65,357",100% bearish,of 1 rating,N/A
HCAP,$12.1,1441300594013,"6,746",50% bullish,of 2 ratings,$15
HBIO,$4.46,1441300594034,"22,283",100% bearish,of 1 rating,$10
HCAPL,NULL,1441300594363,0,Not yet rated,NULL,N/A
HAS,$76.9,1441300594390,"608,523",63% bullish,of 8 ratings,$84.50
HWBK,NULL,1441300594641,0,100% bearish,of 1 rating,N/A
HA,$23.6192,1441300594687,"137,251",67% bullish,of 9 ratings,$27
HWKN,$38.11,1441300594783,"7,318",Not yet rated,NULL,N/A
HCOM,$21.88,1441300594808,354,100% bearish,of 1 rating,$28
HAYN,$38.01,1441300594836,"15,466",100% bearish,of 1 rating,$59
HIIQ,$4.84,1441300594966,"6,220",50% bullish,of 2 ratings,$7
HDS,$32.51,1441300594997,"662,439",100% bearish,of 2 ratings,$39.50
HCSG,$32.69,1441300595022,"89,870",50% bullish,of 4 ratings,$35
HQY,$29.09,1441300595096,"244,476",67% bullish,of 3 ratings,$35
HSTM,$24.2699,1441300595161,"12,655",50% bullish,of 2 ratings,$33.75
HTLD,$20.085,1441300595289,"97,090",Not yet rated,NULL,$22.50
HWAY,$11.79,1441300595314,"39,851",100% bearish,of 1 rating,$15
HTWR,$65.43,1441300595444,"374,696",50% bullish,of 2 ratings,$104
HTLF,$35.6382,1441300595469,"10,218",100% bullish,of 1 rating,$39.50
HTBX,$3.26,1441300595678,"79,161",50% bullish,of 2 ratings,$15.50
HSII,$20.04,1441300595703,"45,164",100% bullish,of 3 ratings,$25
HMTV,$13.43,1441300595746,"1,388",100% bearish,of 1 rating,$16
HELE,$85.18,1441300595893,"58,263",67% bearish,of 3 ratings,$100
HMNY,NULL,1441300595928,0,100% bearish,of 1 rating,N/A
HCACU,NULL,1441300595969,0,Not yet rated,NULL,N/A
HNNA,NULL,1441300596023,0,Not yet rated,NULL,N/A
HSIC,$135.36,1441300596051,"61,008",83% bullish,of 6 ratings,$146
HERO,NULL,1441300596069,0,NULL,NULL,NULL
HTBK,$10.47,1441300596202,"18,623",Not yet rated,NULL,$12
HFWA,$17.65,1441300596304,"7,210",100% bullish,of 1 rating,$20
HEOP,$7.78,1441300596400,"7,674",Not yet rated,NULL,$8.50
HCCI,$11.87,1441300596503,"4,297",100% bearish,of 1 rating,$16.50
MLHR,$26.68,1441300596546,"73,288",50% bullish,of 2 ratings,$33.50
HRTX,$36.73,1441300596571,"343,991",57% bullish,of 7 ratings,$41
HSKA,$32.74,1441300596707,"21,645",100% bearish,of 1 rating,$38
HPJ,$2.18,1441300596734,"3,900",75% bullish,of 4 ratings,$12.43
HFFC,$16,1441300596755,101,Not yet rated,NULL,N/A
HIHO,$4.297,1441300596791,"10,008",Not yet rated,NULL,N/A
HIBB,$38.6,1441300596883,"128,474",100% bearish,of 1 rating,$46.50
HIFS,$116,1441300597078,200,Not yet rated,NULL,N/A
HSGX,$5.84,1441300597106,"3,301",100% bearish,of 1 rating,$17
HIMX,$7.02,1441300597131,"680,189",86% bullish,of 21 ratings,$8.50
HMNF,$11.49,1441300597156,102,Not yet rated,NULL,N/A
HMSY,$9.92,1441300597181,"157,960",67% bullish,of 3 ratings,$19.35
HOLI,$16.755,1441300597438,"85,853",50% bullish,of 4 ratings,$27
HOLX,$38.25,1441300597539,"641,415",50% bullish,of 4 ratings,$42
HOMB,$37.3699,1441300597569,"14,442",Not yet rated,NULL,$42
HMIN,$25.41,1441300597605,"20,211",100% bearish,of 2 ratings,$35
HBCP,$24.84,1441300597626,557,Not yet rated,NULL,$29
AWAY,$28.55,1441300597659,"305,660",67% bullish,of 3 ratings,$36
HFBL,NULL,1441300597697,0,Not yet rated,NULL,N/A
HMST,$21.625,1441300597722,"35,480",100% bullish,of 2 ratings,$27
HTBI,$18.09,1441300597940,"11,566",67% bullish,of 3 ratings,$18.625
HKTV,$4.32,1441300598067,600,100% bearish,of 1 rating,N/A
CETC,$0.7902,1441300598092,"16,052",86% bullish,of 7 ratings,N/A
HOFT,$23.69,1441300598118,"18,123",100% bearish,of 1 rating,N/A
HFBC,$11.22,1441300598164,"1,120",Not yet rated,NULL,N/A
HZNP,$29.67,1441300598195,"709,618",85% bullish,of 20 ratings,$40
HBNC,$23.69,1441300598300,"6,904",100% bullish,of 1 rating,$27
ZINC,$7.26,1441300598328,"170,172",100% bearish,of 1 rating,$17
HRZN,$10.37,1441300598353,"3,878",50% bullish,of 2 ratings,$14.25
HDP,$23.11,1441300598479,"96,835",67% bearish,of 3 ratings,$30.50
HOVNP,$3.96,1441300598531,"4,850",100% bearish,of 1 rating,N/A
HBMD,$13.97,1441300598579,"1,633",100% bearish,of 1 rating,N/A
HWCC,$7.55,1441300598604,"26,352",100% bearish,of 1 rating,$9
HMHC,$22.43,1441300598631,"253,788",Not yet rated,NULL,$27
HSNI,$60.23,1441300598904,"46,699",Not yet rated,NULL,$80
HSON,$2.7399,1441300598995,"5,392",100% bearish,of 1 rating,$5
HCBK,$9.27,1441300599040,"993,220",83% bullish,of 6 ratings,$8.61
HUBG,$38.15,1441300599070,"71,004",100% bearish,of 1 rating,$43
HBAN,$10.69,1441300599092,"1,265,791",76% bullish,of 17 ratings,$12.29
HTGM,$5.72,1441300599175,"2,949",100% bearish,of 1 rating,$19.50
HDSN,$3.085,1441300599257,"9,530",100% bullish,of 1 rating,$6.25
HBANP,$1330,1441300599430,8,100% bearish,of 1 rating,N/A
HTCH,$1.4888,1441300599461,"19,376",100% bearish,of 1 rating,$3.50
HDRA,NULL,1441300599494,0,Not yet rated,NULL,N/A
HURC,$29.33,1441300599519,"4,020",100% bearish,of 1 rating,N/A
HBP,$3.1399,1441300599548,"1,000",100% bullish,of 1 rating,N/A
HURN,$72.4,1441300599587,"39,752",50% bullish,of 2 ratings,$80
HDRAR,NULL,1441300599690,0,Not yet rated,NULL,N/A
HDRAU,NULL,1441300599822,0,Not yet rated,NULL,N/A
HDRAW,$0.264,1441300599847,1,Not yet rated,NULL,N/A
IACI,$70.44,1441300600051,"164,532",80% bullish,of 5 ratings,$90
HYGS,$8.7199,1441300600109,"22,700",50% bullish,of 2 ratings,$13
IDSY,$3.7966,1441300600143,"2,220",100% bearish,of 1 rating,$7
IBKC,$59.92,1441300600187,"34,864",100% bullish,of 1 rating,$70
ICFI,$33.69,1441300600239,"4,224",50% bullish,of 2 ratings,$48.50
ICLR,$75.8,1441300600271,"153,927",100% bearish,of 3 ratings,$85
IKGH,$1.4699,1441300600298,"5,538",75% bullish,of 4 ratings,N/A
ICAD,$3.99,1441300600374,"33,726",100% bullish,of 2 ratings,$7.25
IEP,$70.13,1441300600444,"15,189",75% bullish,of 4 ratings,$99
ICUI,$111.04,1441300600732,"22,478",Not yet rated,NULL,$122
INVE,$4.45,1441300600762,"3,552",75% bullish,of 4 ratings,$4
IPWR,$7.25,1441300600792,"1,901",100% bullish,of 1 rating,$15
IDRA,$2.99,1441300600866,"453,269",89% bullish,of 9 ratings,$6.50
ICON,$13.28,1441300600891,"200,650",50% bullish,of 2 ratings,$18.50
DSKY,$10.75,1441300601057,"40,179",67% bullish,of 6 ratings,$11.50
IDXX,$73.05,1441300601086,"180,935",100% bearish,of 1 rating,$76
IROQ,$16.793,1441300601107,697,100% bullish,of 1 rating,N/A
IRG,$5,1441300601267,"2,547",100% bearish,of 1 rating,$4.25
IIVI,$16.6201,1441300601339,"27,823",100% bearish,of 1 rating,$22
RXDX,$14.32,1441300601371,"86,876",100% bullish,of 1 rating,$20
IKAN,$2.74,1441300601392,"11,830",83% bullish,of 6 ratings,$5
KANG,$15.56,1441300601427,"89,231",50% bullish,of 2 ratings,$23.10
IKNX,$12.282,1441300601526,401,100% bearish,of 1 rating,N/A
ILMN,$195,1441300601590,"255,857",80% bullish,of 5 ratings,$245
ISNS,$4.11,1441300601731,"12,048",50% bullish,of 2 ratings,N/A
IMMR,$12.15,1441300601860,"59,319",80% bullish,of 5 ratings,$15.50
ICCC,$6.79,1441300601946,"1,875",100% bullish,of 1 rating,N/A
IMDZ,$15.89,1441300602023,"12,200",100% bearish,of 1 rating,$33
IMMU,$2.15,1441300602128,"279,119",86% bullish,of 7 ratings,$2
IMNP,$1.27,1441300602165,"62,341",50% bullish,of 2 ratings,$6
IMMY,$7.677,1441300602186,"4,151",100% bearish,of 1 rating,$11
IMGN,$13.02,1441300602259,"237,283",75% bullish,of 4 ratings,$17.50
IPXL,$40.93,1441300602290,"132,017",67% bullish,of 3 ratings,$46.50
INCR,$42.235,1441300602323,"84,256",50% bullish,of 2 ratings,$53
SAAS,$7.19,1441300602483,"89,007",50% bullish,of 2 ratings,$15
INDB,$44.09,1441300602571,"25,015",Not yet rated,NULL,$44
IBCP,$14,1441300602596,"16,332",100% bullish,of 1 rating,$14.50
INCY,$117.92,1441300602646,"366,092",50% bullish,of 6 ratings,$125.50
IBTX,$40.34,1441300602727,"1,488",100% bullish,of 2 ratings,$47.25
IDSA,$3.5375,1441300602915,100,Not yet rated,NULL,N/A
INFN,$22.1164,1441300602992,"547,462",71% bullish,of 7 ratings,$28
IPCC,$75.73,1441300603022,"10,552",Not yet rated,NULL,$77.50
IMKTA,$49.36,1441300603051,"29,980",100% bearish,of 1 rating,N/A
III,$3.755,1441300603080,"47,171",57% bullish,of 7 ratings,$6
INFI,$8.54,1441300603150,"131,219",50% bullish,of 4 ratings,$16.50
IFON,$1.295,1441300603179,"6,380",75% bullish,of 4 ratings,N/A
INNL,NULL,1441300603375,0,100% bearish,of 1 rating,$16.50
INWK,$6.89,1441300603462,"43,546",50% bullish,of 2 ratings,$10
INOD,$2.3503,1441300603507,218,100% bearish,of 1 rating,N/A
IPHS,$46.56,1441300603636,"44,360",100% bearish,of 1 rating,$60
IOSP,$49.37,1441300603712,"68,377",100% bearish,of 1 rating,N/A
ISSC,$2.8272,1441300603742,675,67% bearish,of 3 ratings,N/A
ITEK,$13.15,1441300603763,"216,264",100% bearish,of 3 ratings,$20
INGN,$52.3,1441300603797,"107,428",100% bearish,of 1 rating,$50.50
INOV,$21.69,1441300603893,"152,660",100% bearish,of 1 rating,$33
INO,$7.0679,1441300603924,"282,000",89% bullish,of 18 ratings,$20
NSIT,$25.115,1441300603955,"32,541",50% bullish,of 2 ratings,N/A
INSM,$24.4,1441300604105,"58,622",71% bullish,of 7 ratings,$31.50
ISIG,$2.68,1441300604130,400,100% bearish,of 1 rating,N/A
IIIN,$17.16,1441300604156,"10,885",100% bearish,of 2 ratings,N/A
PODD,$28.5,1441300604203,"33,528",67% bearish,of 3 ratings,$35
INSY,$33.75,1441300604394,"143,310",75% bullish,of 4 ratings,$48
NTEC,$5.634,1441300604528,509,100% bearish,of 1 rating,N/A
ISSI,$21.79,1441300604606,"40,958",67% bullish,of 3 ratings,$19.75
IDTI,$19.1899,1441300604640,"406,984",60% bullish,of 5 ratings,$25
IART,$62.19,1441300604661,"150,176",100% bearish,of 2 ratings,$71.50
IESC,NULL,1441300604682,0,100% bearish,of 1 rating,N/A
INTC,$29.235,1441300604717,"12,030,386",82% bullish,of 238 ratings,$36
IQNT,$18.94,1441300604742,"87,359",86% bullish,of 7 ratings,$20
ININ,$35.93,1441300605001,"41,127",67% bearish,of 3 ratings,$57
IPCI,$2.2,1441300605030,"21,904",67% bullish,of 6 ratings,$8
IPAR,$24.83,1441300605051,"14,719",67% bullish,of 3 ratings,$38
ICLD,$1.88,1441300605085,"29,307",75% bullish,of 4 ratings,N/A
IBKR,$37.95,1441300605178,"200,960",100% bullish,of 1 rating,N/A
ICLDW,NULL,1441300605215,0,100% bearish,of 1 rating,N/A
ICPT,$186.11,1441300605240,"59,555",70% bullish,of 10 ratings,$359.50
IDCC,$48.66,1441300605426,"62,190",80% bullish,of 5 ratings,$63
IMI,$2.04,1441300605466,"3,351",67% bullish,of 3 ratings,$2.22
TILE,$24.63,1441300605494,"86,211",100% bearish,of 3 ratings,$27
INAP,$9.2,1441300605523,"114,128",75% bullish,of 4 ratings,$11
IBOC,$24.97,1441300605629,"13,322",100% bearish,of 1 rating,N/A
IIJI,$8.23,1441300605925,200,50% bullish,of 2 ratings,$12.50
ISCA,$32.49,1441300605955,"14,247",100% bearish,of 1 rating,N/A
IGLD,$7.335,1441300605977,975,50% bullish,of 2 ratings,N/A
PTNT,$3.05,1441300606061,408,Not yet rated,NULL,N/A
INPH,$0.307,1441300606114,200,50% bullish,of 2 ratings,N/A
INTX,$1.98,1441300606141,"5,450",67% bullish,of 3 ratings,N/A
XENT,$25.58,1441300606212,"58,969",50% bullish,of 2 ratings,$36.50
IVAC,$4.6112,1441300606340,"13,116",100% bearish,of 1 rating,$6.625
IILG,$19.72,1441300606398,"29,010",100% bearish,of 1 rating,$29
ISIL,$10.5301,1441300606427,"227,582",50% bullish,of 6 ratings,$15
INTL,$26.095,1441300606473,"32,798",67% bearish,of 3 ratings,N/A
INTLL,$25.9799,1441300606527,500,Not yet rated,NULL,N/A
ITCI,$26.41,1441300606661,"292,737",75% bearish,of 4 ratings,$40
INTU,$86.06,1441300606691,"664,986",86% bullish,of 7 ratings,$107.50
ISRG,$513.39,1441300606746,"44,981",67% bullish,of 3 ratings,$600
IIN,$6.92,1441300606792,101,100% bearish,of 1 rating,$12
INVT,$0.3397,1441300606948,"75,198",67% bullish,of 3 ratings,N/A
SNAK,$8.42,1441300606973,"14,924",50% bullish,of 2 ratings,$14
ISTR,$15.5201,1441300607004,140,100% bearish,of 1 rating,$18.50
ISBC,$11.67,1441300607099,"521,447",100% bullish,of 1 rating,$13.25
ITIC,$71.25,1441300607131,200,100% bearish,of 2 ratings,N/A
NVIV,$9.46,1441300607226,"70,395",50% bullish,of 4 ratings,$24.50
IPAS,$1.05,1441300607252,"15,861",67% bullish,of 3 ratings,N/A
IVTY,$14.09,1441300607309,"8,036",Not yet rated,NULL,$18
DTUL,NULL,1441300607388,0,Not yet rated,NULL,N/A
DFVL,NULL,1441300607416,0,Not yet rated,NULL,N/A
IPCM,$79.26,1441300607490,"189,377",50% bullish,of 2 ratings,$80.125
IPGP,$82.51,1441300607576,"70,826",67% bearish,of 3 ratings,$109.50
IRDM,$7.03,1441300607778,"574,925",60% bullish,of 5 ratings,$11.50
IRIX,$6.84,1441300607816,"6,108",100% bearish,of 1 rating,N/A
IRDMB,$273.157,1441300607848,"10,000",67% bearish,of 3 ratings,N/A
IRMD,$24.01,1441300607869,"3,042",67% bearish,of 3 ratings,$25
IRBT,$29.66,1441300607944,"39,067",67% bullish,of 6 ratings,$37
IRCP,NULL,1441300608012,0,100% bullish,of 2 ratings,N/A
IRWD,$10.78,1441300608037,"230,193",100% bearish,of 1 rating,$13
COMT,$33.6801,1441300608074,"2,820",100% bearish,of 1 rating,N/A
FCHI,NULL,1441300608245,0,NULL,NULL,NULL
GNMA,$50.2,1441300608272,"1,537",Not yet rated,NULL,N/A
IFAS,NULL,1441300608294,0,NULL,NULL,NULL
IFEU,$37.9735,1441300608432,"1,348",Not yet rated,NULL,N/A
IFNA,NULL,1441300608454,0,NULL,NULL,NULL
ACWI,$55.15,1441300608698,"416,898",Not yet rated,NULL,N/A
AAXJ,$52.57,1441300608763,"239,207",Not yet rated,NULL,N/A
ACWX,$40.11,1441300608790,"546,241",100% bearish,of 1 rating,N/A
EEMA,$49.5,1441300608811,"41,714",Not yet rated,NULL,N/A
IFGL,$28.03,1441300608833,"70,277",Not yet rated,NULL,N/A
AXJS,NULL,1441300608860,0,NULL,NULL,NULL
AAIT,NULL,1441300608887,0,NULL,NULL,NULL
EMEY,NULL,1441300609023,0,NULL,NULL,NULL
EGRW,NULL,1441300609116,0,NULL,NULL,NULL
EVAL,NULL,1441300609200,0,NULL,NULL,NULL
EEME,NULL,1441300609222,0,NULL,NULL,NULL
EUFN,$21.46,1441300609249,"36,730",100% bearish,of 1 rating,N/A
EEML,$26.9899,1441300609274,"1,120",Not yet rated,NULL,N/A
EMDI,NULL,1441300609296,0,NULL,NULL,NULL
IBB,$339.795,1441300609558,"673,710",63% bullish,of 8 ratings,N/A
ICLN,$9.32,1441300609665,"99,449",50% bullish,of 2 ratings,N/A
QAT,NULL,1441300609692,0,Not yet rated,NULL,N/A
IEUS,$45.02,1441300609763,"15,824",100% bearish,of 1 rating,N/A
UAE,$18.0164,1441300609783,"1,000",Not yet rated,NULL,N/A
SOXX,$82.85,1441300609820,"119,504",50% bullish,of 2 ratings,N/A
EMIF,$27.93,1441300609866,"1,404",Not yet rated,NULL,N/A
INDY,$27.1399,1441300609915,"59,744",50% bullish,of 2 ratings,N/A
WOOD,$47.9,1441300610132,"6,125",50% bullish,of 2 ratings,N/A
IGOV,$90.6344,1441300610205,"7,469",100% bearish,of 1 rating,N/A
ISIS,$51.63,1441300610263,"637,260",53% bullish,of 15 ratings,$67
ISHG,$79.3391,1441300610310,"4,458",100% bearish,of 1 rating,N/A
ISLE,$18.83,1441300610339,"155,686",50% bullish,of 4 ratings,$16
ISRL,$127.94,1441300610442,22,100% bearish,of 1 rating,N/A
ITRI,$29.52,1441300610517,"33,716",100% bearish,of 1 rating,$37
ITRN,$23.83,1441300610621,"1,532",50% bullish,of 2 ratings,N/A
ITUS,$3.9499,1441300610682,"1,509",Not yet rated,NULL,N/A
XXIA,$15.19,1441300610708,"79,532",71% bullish,of 7 ratings,$14.625
IXYS,$11.55,1441300610741,"38,616",50% bullish,of 4 ratings,N/A
JJSF,$115.49,1441300610763,"10,591",100% bearish,of 1 rating,N/A
MAYS,NULL,1441300610839,0,Not yet rated,NULL,N/A
JBHT,$75.12,1441300610924,"411,075",50% bullish,of 4 ratings,$89.50
JCOM,$68,1441300610949,"134,273",100% bullish,of 2 ratings,$77
JASO,$8.029,1441300611098,"283,718",82% bullish,of 17 ratings,$10
JKHY,$67.5,1441300611174,"109,400",67% bearish,of 3 ratings,$72
JACK,$78.8488,1441300611313,"101,996",71% bullish,of 7 ratings,$105
JXSB,$24,1441300611385,"1,815",Not yet rated,NULL,N/A
JAKK,$9.4301,1441300611445,"158,055",60% bearish,of 5 ratings,$11
JAXB,$13,1441300611472,100,100% bullish,of 1 rating,N/A
JMBA,$14.31,1441300611502,"113,841",75% bullish,of 4 ratings,$18
ERW,NULL,1441300611602,0,Not yet rated,NULL,N/A
JRVR,$28,1441300611729,"37,907",Not yet rated,NULL,$32
JAZZ,$164.03,1441300611757,"49,830",80% bullish,of 15 ratings,$206.50
JASNW,NULL,1441300611785,0,50% bullish,of 2 ratings,N/A
JASN,$4.86,1441300611806,"1,327",50% bullish,of 2 ratings,$9.50
JD,$24.8,1441300611949,"2,858,863",75% bullish,of 16 ratings,$36
JTPY,$2.95,1441300612013,1,100% bearish,of 1 rating,N/A
JAGX,$3.35,1441300612040,"3,600",Not yet rated,NULL,$10.50
JBLU,$23.5199,1441300612114,"1,952,830",94% bullish,of 18 ratings,$27
DATE,$6.12,1441300612217,"35,645",75% bullish,of 4 ratings,$9
JCTCF,$9.6,1441300612313,100,100% bullish,of 1 rating,N/A
JST,$3.76,1441300612390,"2,203",75% bullish,of 4 ratings,N/A
WYIGU,$9.98,1441300612455,940,100% bearish,of 1 rating,N/A
JIVE,$4.55,1441300612524,"103,013",75% bullish,of 4 ratings,$5
JOEZ,$0.1747,1441300612553,"115,993",92% bullish,of 12 ratings,N/A
JBSS,$49.93,1441300612580,"10,668",67% bearish,of 3 ratings,N/A
JOUT,$24.35,1441300612631,"2,854",100% bearish,of 1 rating,$34
JUNO,$34.9481,1441300612715,"306,568",73% bullish,of 11 ratings,$71.50
JNP,$13.13,1441300612763,"107,188",100% bullish,of 3 ratings,$15
KALU,$81.995,1441300612914,"43,493",67% bearish,of 3 ratings,$91
KBIO,$2.9,1441300613070,"1,713,546",50% bullish,of 4 ratings,N/A
KTWO,$21.18,1441300613115,"18,602",100% bearish,of 1 rating,$28.50
KMDA,$3.49,1441300613142,"7,255",50% bullish,of 2 ratings,$8
KNDI,$6.26,1441300613214,"47,470",86% bullish,of 22 ratings,N/A
KCLI,$46.5,1441300613274,"5,355",Not yet rated,NULL,N/A
KBSF,NULL,1441300613399,0,100% bullish,of 1 rating,N/A
KPTI,$14.0299,1441300613424,"94,046",67% bearish,of 3 ratings,$39
KCAP,$4.6479,1441300613450,"48,127",75% bullish,of 4 ratings,$6
KMPH,$20.43,1441300613604,"17,545",100% bearish,of 2 ratings,$22
KRNY,$11.275,1441300613632,"46,111",100% bearish,of 1 rating,$12
KELYA,$14.37,1441300613658,"18,671",67% bullish,of 6 ratings,$20
KELYB,NULL,1441300613679,0,50% bullish,of 2 ratings,N/A
KERX,$5.2099,1441300613859,"1,512,521",82% bullish,of 11 ratings,$12
KFFB,NULL,1441300613925,0,100% bearish,of 1 rating,N/A
GMCR,$57.01,1441300613985,"789,124",71% bullish,of 42 ratings,$64
KEQU,$16.64,1441300614056,100,100% bullish,of 1 rating,N/A
KTEC,$12.05,1441300614115,7,Not yet rated,NULL,N/A
