Symbol,Price,Date,Volume,Rating,RatingVoteCount,OneYearEstimate
TFSCU,NULL,1439842202647,0,Not yet rated,NULL,N/A
TFSCR,$0.35,1439842202725,"1,600",Not yet rated,NULL,N/A
FLWS,$9.73,1439842202756,"77,616",100% bullish,of 5 ratings,$15
FCTY,NULL,1439842202787,0,100% bullish,of 1 rating,$8.50
PIH,$7.7,1439842202818,"9,875",100% bearish,of 1 rating,N/A
FCCY,$11.73,1439842202855,"4,389",100% bullish,of 1 rating,$13
TFSCW,NULL,1439842202890,0,100% bearish,of 1 rating,N/A
SRCE,$31.35,1439842202918,"17,384",100% bullish,of 3 ratings,$33
DGLD,$85.482,1439842203080,"1,294",100% bullish,of 1 rating,N/A
UGLD,$8.907,1439842203110,"59,561",100% bearish,of 1 rating,N/A
TWOU,$36,1439842203180,"494,320",50% bullish,of 2 ratings,$39
USLV,$14.79,1439842203209,"117,234",86% bullish,of 7 ratings,N/A
JOBS,$28.49,1439842203245,"69,963",50% bullish,of 4 ratings,$36
VNET,$21.45,1439842203276,"589,752",60% bullish,of 5 ratings,$29.50
TFSC,NULL,1439842203423,0,100% bearish,of 1 rating,N/A
DSLV,$61.9,1439842203448,"5,392",100% bearish,of 1 rating,N/A
SIXD,$2.965,1439842203738,"59,276",Not yet rated,NULL,N/A
CAFD,$15.57,1439842203768,"62,777",Not yet rated,NULL,$25
AVHI,$14.12,1439842203832,"21,616",100% bearish,of 1 rating,$19
ABGB,$4.93,1439842203868,"46,791",67% bullish,of 3 ratings,$5.50
ABAX,$48.24,1439842203964,"77,486",100% bearish,of 1 rating,$60
EGHT,$8.58,1439842203995,"158,177",82% bullish,of 17 ratings,$11
AAON,$22.93,1439842204021,"48,471",100% bearish,of 1 rating,$24
SHLM,$35.53,1439842204097,"55,010",100% bearish,of 1 rating,$50
ABEOW,$2.35,1439842204231,"1,470",100% bullish,of 1 rating,N/A
ABEO,$5.39,1439842204357,"86,654",67% bullish,of 3 ratings,$15.50
ABY,$22.195,1439842204384,"386,579",100% bearish,of 2 ratings,$46
ABMD,$106.46,1439842204415,"354,041",75% bullish,of 4 ratings,$86
AXAS,$1.81,1439842204516,"415,624",78% bullish,of 9 ratings,$3.50
ACTG,$8.96,1439842204604,"239,375",67% bullish,of 3 ratings,$18.50
ACST,$0.3873,1439842204792,"29,904",100% bullish,of 2 ratings,N/A
ACHC,$81.87,1439842204856,"416,694",50% bullish,of 2 ratings,$92
ACAD,$39.36,1439842204920,"538,722",85% bullish,of 20 ratings,$48
AXDX,$19.5,1439842204987,"91,451",100% bearish,of 1 rating,N/A
XLRN,$32.34,1439842205013,"141,943",50% bullish,of 2 ratings,$57
ANCX,$19.11,1439842205087,"20,115",Not yet rated,NULL,$19
ARAY,$6.15,1439842205320,"421,784",100% bearish,of 1 rating,$10.50
VXDN,$17.02,1439842205345,"3,615",Not yet rated,NULL,N/A
VXUP,$16.9,1439842205532,"26,591",Not yet rated,NULL,N/A
ACRX,$4.41,1439842205588,"188,144",67% bearish,of 6 ratings,$5.50
ACIW,$23.12,1439842205626,"120,548",50% bullish,of 2 ratings,$24
AKAO,$7.25,1439842205659,"91,977",75% bullish,of 4 ratings,$15
ACHN,$8.65,1439842205721,"4,541,100",90% bullish,of 21 ratings,$16
ACET,$25.44,1439842205752,"48,095",75% bullish,of 4 ratings,$30
ACOR,$32.28,1439842205905,"143,370",67% bearish,of 3 ratings,$38.50
ACNB,$20.2,1439842205931,200,Not yet rated,NULL,N/A
ACTS,$1.5,1439842206067,"40,035",100% bearish,of 1 rating,N/A
ACPW,$1.8984,1439842206093,"8,929",100% bullish,of 4 ratings,$3.50
ATVI,$29.3,1439842206163,"2,758,654",68% bullish,of 84 ratings,$31.50
ACTA,$13.86,1439842206347,"50,280",67% bearish,of 3 ratings,$25
ACUR,$0.65,1439842206374,"104,963",100% bullish,of 5 ratings,$1
ADMS,$21.96,1439842206396,"41,516",100% bearish,of 2 ratings,$36
ACXM,$21.31,1439842206432,"222,778",67% bullish,of 3 ratings,N/A
ADAP,$15.52,1439842206530,"61,982",67% bullish,of 3 ratings,$22
ADMP,$3.75,1439842206578,"31,044",50% bullish,of 2 ratings,$10
ADEP,$7.4,1439842206813,"12,119",50% bullish,of 2 ratings,$10.75
AEY,$2.26,1439842206856,"8,285",100% bearish,of 2 ratings,N/A
ADUS,$29.23,1439842206896,"46,498",100% bearish,of 1 rating,$31
ADMA,$9.45,1439842206953,"8,740",Not yet rated,NULL,$19
ADRO,$21.69,1439842206987,"121,572",80% bullish,of 5 ratings,$45.50
ADTN,$16.28,1439842207023,"179,803",67% bullish,of 3 ratings,$17.125
ADBE,$86.71,1439842207119,"694,026",65% bullish,of 17 ratings,$90
AEIS,$26.53,1439842207274,"168,270",50% bullish,of 2 ratings,$32.50
AMD,$1.815,1439842207299,"5,155,057",83% bullish,of 102 ratings,$2
ADXSW,$11.8131,1439842207457,"1,485",100% bullish,of 1 rating,N/A
ADXS,$16.88,1439842207487,"490,546",64% bullish,of 14 ratings,$27
YPRO,$23.06,1439842207524,"9,860",100% bearish,of 1 rating,N/A
MULT,NULL,1439842207586,0,100% bearish,of 1 rating,N/A
AEGR,$18.385,1439842207629,"248,153",50% bullish,of 6 ratings,$26
AEHR,$2.24,1439842207728,"12,806",50% bullish,of 2 ratings,N/A
AMTX,$3.4,1439842207756,"3,765",50% bullish,of 2 ratings,$26.11
AEGN,$18.96,1439842207812,"48,014",100% bearish,of 1 rating,$21
AVAV,$26.19,1439842207942,"72,435",50% bullish,of 4 ratings,$31
AEPI,$57.59,1439842207967,"16,366",100% bearish,of 1 rating,N/A
AEZS,$0.115,1439842208000,"9,078,216",90% bullish,of 21 ratings,$1.625
AERI,$16.21,1439842208102,"157,335",75% bullish,of 4 ratings,$31.50
AFMD,$12,1439842208246,"125,619",50% bullish,of 4 ratings,$15
AEMD,$6.8376,1439842208271,"20,124",Not yet rated,NULL,$27.50
AFFX,$9.95,1439842208473,"473,930",80% bullish,of 5 ratings,$12
AGIO,$96.04,1439842208502,"184,860",88% bullish,of 8 ratings,$114
AGYS,$9.42,1439842208530,"9,768",100% bearish,of 1 rating,N/A
AGRX,$8.95,1439842208557,"9,075",100% bearish,of 1 rating,$18
AGEN,$7.73,1439842208578,"524,127",85% bullish,of 13 ratings,$14
AGFSW,$2.45,1439842208787,"12,297",100% bearish,of 1 rating,N/A
AIMT,$24.35,1439842208817,"163,695",Not yet rated,NULL,N/A
AGFS,$10.97,1439842208865,"61,549",100% bearish,of 1 rating,N/A
AIRT,$23.2499,1439842208920,907,100% bullish,of 1 rating,N/A
AIRM,$40,1439842208945,"119,182",80% bearish,of 5 ratings,$53
ATSG,$9.79,1439842209082,"70,096",67% bullish,of 3 ratings,$13
AMCN,$5.13,1439842209115,"450,048",83% bullish,of 6 ratings,N/A
AIXG,$6,1439842209175,"3,415",67% bearish,of 3 ratings,$6
AKAM,$73.53,1439842209314,"497,012",63% bullish,of 8 ratings,$77
AKER,$3.81,1439842209478,"1,754",Not yet rated,NULL,N/A
ALRM,$16.77,1439842209506,"47,132",100% bearish,of 1 rating,$22
AKRX,$44.29,1439842209533,"224,898",78% bullish,of 9 ratings,$56
ALSK,$2.06,1439842209565,"86,349",78% bullish,of 18 ratings,$2
AKBA,$7.2,1439842209591,"102,198",100% bearish,of 1 rating,$18
AMRI,$20.92,1439842209663,"111,530",75% bearish,of 4 ratings,$24
ADHD,$9.2,1439842209726,"281,687",50% bullish,of 4 ratings,$18
ABDC,$13.04,1439842209855,"38,770",Not yet rated,NULL,$15
ALDR,$38.45,1439842209998,"392,385",67% bearish,of 3 ratings,$62
ALDX,$8.42,1439842210056,"8,600",100% bearish,of 1 rating,$14.50
ALXN,$191.23,1439842210082,"389,260",88% bullish,of 8 ratings,$223
ALXA,$1.13,1439842210264,"14,055",83% bullish,of 6 ratings,$2.125
ALGN,$60.85,1439842210332,"315,319",100% bearish,of 2 ratings,$73
ALCO,$44.57,1439842210369,"11,137",50% bullish,of 2 ratings,N/A
ALIM,$3.96,1439842210391,"37,393",80% bullish,of 5 ratings,$10
ALLB,$23.8,1439842210466,"2,548",Not yet rated,NULL,N/A
ALKS,$68.19,1439842210492,"305,697",67% bullish,of 3 ratings,$75
ALGT,$235.1638,1439842210524,"81,219",100% bearish,of 1 rating,$235
AFOP,$19.14,1439842210549,"42,427",75% bullish,of 8 ratings,$21
AIQ,$15.1758,1439842210863,"5,205",67% bullish,of 3 ratings,N/A
ARLP,$24.59,1439842210940,"132,343",67% bearish,of 3 ratings,$32
AHGP,$36.1,1439842210961,"30,351",67% bullish,of 3 ratings,N/A
AHPI,$1.45,1439842211041,700,50% bullish,of 2 ratings,N/A
AMOT,$18.15,1439842211091,"23,732",100% bearish,of 1 rating,N/A
ALLT,$5.1,1439842211293,"86,322",75% bullish,of 4 ratings,$6.25
SMCP,NULL,1439842211388,0,Not yet rated,NULL,N/A
ALQA,$4.64,1439842211522,"27,294",75% bullish,of 4 ratings,$8.50
AFAM,$49.444,1439842211549,"43,691",50% bullish,of 2 ratings,$44
MDRX,$14.235,1439842211586,"1,142,796",60% bullish,of 5 ratings,$16
ATEC,$0.68,1439842211607,"65,832",100% bullish,of 1 rating,$2
ALNY,$111.55,1439842211689,"255,246",67% bullish,of 3 ratings,$148.50
ALTR,$49.37,1439842211846,"491,499",80% bearish,of 5 ratings,$54
ASPS,$29.92,1439842211893,"56,008",67% bullish,of 3 ratings,$46.50
AOSL,$7.28,1439842212034,"24,192",67% bullish,of 3 ratings,$9
AIMC,$26.54,1439842212119,"46,154",100% bearish,of 1 rating,$28.50
AMRK,$10.5,1439842212169,"2,312",50% bullish,of 2 ratings,$14
AMAG,$64.53,1439842212199,"296,874",100% bullish,of 2 ratings,$75
AMRN,$2.31,1439842212303,"514,178",85% bullish,of 39 ratings,$8
AMBC,$16.6,1439842212328,"128,395",100% bearish,of 1 rating,$16.50
AYA,$23.265,1439842212398,"13,446",100% bearish,of 1 rating,$40
AMCX,$76.37,1439842212473,"340,697",67% bullish,of 3 ratings,$85.50
AMZN,$535.41,1439842212603,"1,191,409",81% bullish,of 261 ratings,$646
AMBA,$108.45,1439842212655,"757,066",83% bullish,of 12 ratings,$102.50
EPAX,$2.68,1439842212689,"184,910",100% bearish,of 1 rating,N/A
DOX,$60.46,1439842212746,"169,864",100% bullish,of 2 ratings,$60
AMBCW,$8.11,1439842212791,"2,412",100% bearish,of 1 rating,N/A
AMDA,$0.4987,1439842212924,"1,007,932",90% bullish,of 10 ratings,$1
UHAL,$382.99,1439842213117,"11,617",100% bullish,of 2 ratings,$393.50
AMED,$45.5,1439842213171,"105,201",100% bearish,of 1 rating,$42
ATAX,$5.36,1439842213192,"47,542",100% bullish,of 1 rating,$6.50
AMOV,$18.69,1439842213224,"12,038",100% bearish,of 1 rating,N/A
ASBI,$22.74,1439842213277,899,Not yet rated,NULL,N/A
AGNCB,$24.1,1439842213359,"11,064",Not yet rated,NULL,N/A
AGNC,$19.895,1439842213411,"2,132,395",75% bullish,of 28 ratings,$22
AAL,$43.94,1439842213436,"4,406,964",93% bullish,of 87 ratings,$57
MTGE,$15.99,1439842213610,"244,009",75% bullish,of 4 ratings,$19.50
MTGEP,$24.2587,1439842213697,400,Not yet rated,NULL,N/A
ACSF,$12.7999,1439842213755,"19,091",100% bearish,of 1 rating,$15
AGNCP,$25.2899,1439842213780,"6,475",Not yet rated,NULL,N/A
ACAS,$14.36,1439842213836,"1,110,256",60% bullish,of 5 ratings,$16.75
AETI,$3.8401,1439842213982,"6,335",67% bearish,of 3 ratings,N/A
ANCI,$1.61,1439842214035,"2,450",100% bearish,of 1 rating,N/A
APEI,$22.37,1439842214134,"68,949",100% bearish,of 1 rating,$29
AMIC,$10.1,1439842214168,236,Not yet rated,NULL,N/A
ANAT,$104.8,1439842214196,"9,646",100% bullish,of 1 rating,N/A
AMRB,$10.1,1439842214225,"36,412",Not yet rated,NULL,$11
AMNB,$23.08,1439842214274,"4,703",Not yet rated,NULL,$25.50
ARII,$40.43,1439842214335,"110,849",67% bearish,of 3 ratings,$45
ASEI,$39.5999,1439842214361,"18,331",100% bearish,of 1 rating,$52.50
AMSC,$4.1101,1439842214649,"13,452",50% bullish,of 4 ratings,N/A
AMSWA,$9.36,1439842214687,"6,459",100% bearish,of 2 ratings,$10.75
AMWD,$65.88,1439842214785,"46,909",50% bullish,of 2 ratings,$58
ABCB,$28.48,1439842214813,"80,645",Not yet rated,NULL,$30.50
CRMT,$45.645,1439842214839,"5,320",100% bearish,of 1 rating,$49
ASRV,$3.3,1439842214943,"27,437",100% bullish,of 2 ratings,N/A
AMSF,$50.76,1439842214969,"29,514",Not yet rated,NULL,$57.50
ATLO,$24.33,1439842215121,"2,212",Not yet rated,NULL,N/A
ASRVP,$27.52,1439842215155,100,Not yet rated,NULL,N/A
AMGN,$169.73,1439842215254,"1,043,368",89% bullish,of 19 ratings,$185
FOLD,$16.63,1439842215287,"585,236",56% bullish,of 9 ratings,$21
AMKR,$4.485,1439842215321,"661,958",100% bearish,of 2 ratings,$5
AMSG,$85.98,1439842215390,"130,477",100% bearish,of 1 rating,$85.50
AMPH,$14.77,1439842215415,"125,524",50% bullish,of 2 ratings,$20
ASYS,$5.82,1439842215545,"32,003",67% bullish,of 3 ratings,$12
AMSGP,NULL,1439842215675,0,Not yet rated,NULL,N/A
AFSI,$63.01,1439842215769,"691,333",60% bullish,of 5 ratings,$72
ANAC,$137.13,1439842215802,"298,733",80% bullish,of 5 ratings,$180.50
ALOG,$82.33,1439842215901,"51,707",100% bearish,of 2 ratings,$100.50
ANAD,$0.368,1439842215937,"659,005",100% bullish,of 2 ratings,$.50
ADI,$59.505,1439842215986,"674,417",67% bullish,of 3 ratings,$68
AMRS,$1.68,1439842216016,"42,359",70% bullish,of 10 ratings,N/A
ANCB,$22.75,1439842216047,100,Not yet rated,NULL,$23
AMCF,$0.2601,1439842216152,"16,867",100% bullish,of 7 ratings,N/A
ANGI,$4.501,1439842216399,"235,430",64% bullish,of 11 ratings,$5.50
ANGO,$14.97,1439842216425,"37,245",67% bullish,of 3 ratings,$19
ANIP,$56.97,1439842216476,"208,733",89% bullish,of 19 ratings,$66
ABCW,$41.46,1439842216503,"5,625",67% bullish,of 3 ratings,N/A
ANIK,$36.3,1439842216562,"47,406",60% bullish,of 5 ratings,$51.25
ANSS,$96.38,1439842216634,"262,540",100% bearish,of 1 rating,$100
ATNY,$2.4,1439842216874,"3,789",50% bullish,of 2 ratings,$3.75
ANTH,$9.675,1439842216908,"298,593",80% bullish,of 10 ratings,$13
ABAC,$0.885,1439842216930,"22,547",100% bearish,of 1 rating,N/A
ATRS,$1.935,1439842216969,"524,905",92% bullish,of 12 ratings,$4.50
APOG,$54.52,1439842217011,"88,992",100% bullish,of 1 rating,$62
AINV,$6.595,1439842217069,"3,310,572",50% bullish,of 4 ratings,$8
APIC,$7.8001,1439842217096,"76,116",100% bearish,of 1 rating,$19
APOL,$11.87,1439842217125,"535,641",87% bearish,of 68 ratings,$14
APPF,$17.31,1439842217312,"55,314",50% bullish,of 2 ratings,$22
AAPL,$117.19,1439842217390,"20,702,106",86% bullish,of 2332 ratings,$150
AGTC,$15.88,1439842217586,"16,789",50% bullish,of 2 ratings,$33
APDN,$3.328,1439842217614,"43,239",Not yet rated,NULL,$9
APDNW,$1.33,1439842217635,"6,700",Not yet rated,NULL,N/A
ARCI,$1.26,1439842217656,"11,308",Not yet rated,NULL,N/A
AMAT,$17.03,1439842217696,"7,396,037",82% bullish,of 11 ratings,$23.50
AMCC,$5.825,1439842217788,"538,961",80% bullish,of 5 ratings,$8
APRI,$1.16,1439842217844,"44,681",83% bullish,of 6 ratings,$4.86
AREX,$2.64,1439842217919,"152,564",100% bearish,of 1 rating,$3
AQXP,$20.52,1439842217983,"968,707",50% bullish,of 2 ratings,$2
AAOI,$21.83,1439842218009,"1,519,866",50% bullish,of 4 ratings,$26
APTO,$5.04,1439842218087,"2,402",Not yet rated,NULL,$17
AQMS,$5.4371,1439842218146,"21,300",Not yet rated,NULL,N/A
AUMA,$9.75,1439842218218,"99,314",Not yet rated,NULL,N/A
AUMAU,NULL,1439842218278,0,Not yet rated,NULL,N/A
AUMAW,NULL,1439842218446,0,Not yet rated,NULL,N/A
PETX,$17.03,1439842218477,"166,840",100% bearish,of 2 ratings,$26
ARDM,$7.3601,1439842218534,780,100% bullish,of 1 rating,$26
ABUS,$8.8,1439842218578,"277,264",86% bullish,of 14 ratings,$23
ARCW,$3.62,1439842218609,"4,976",100% bearish,of 2 ratings,$10.50
ABIO,$0.9227,1439842218673,"116,689",50% bullish,of 2 ratings,$3.75
RKDA,$5.3,1439842218744,"18,671",100% bearish,of 2 ratings,$10
ARCB,$32.63,1439842218902,"80,241",50% bullish,of 2 ratings,$39.50
ACGL,$73.81,1439842218927,"73,903",50% bullish,of 2 ratings,$72
ACAT,$30.015,1439842218980,"66,205",100% bearish,of 3 ratings,$33
ARDX,$18.83,1439842219062,"74,958",50% bullish,of 2 ratings,$22
ARNA,$3.43,1439842219112,"862,776",90% bullish,of 77 ratings,$5.50
ARCC,$16.08,1439842219173,"495,282",67% bearish,of 3 ratings,$17.875
AGII,$58.03,1439842219274,"137,170",Not yet rated,NULL,$58
ARGS,$4.55,1439842219374,"12,336",50% bullish,of 2 ratings,$19.50
ARMH,$43.09,1439842219455,"1,907,644",54% bearish,of 13 ratings,$61
ARIS,$3.23,1439842219516,"7,926",Not yet rated,NULL,$4.50
ARKR,NULL,1439842219542,0,50% bullish,of 2 ratings,N/A
ARIA,$7.58,1439842219583,"1,080,847",87% bullish,of 46 ratings,$9
AGIIL,$25.4,1439842219609,"1,157",Not yet rated,NULL,N/A
ARWA,NULL,1439842219682,0,Not yet rated,NULL,N/A
ARTX,$1.59,1439842219814,"60,173",88% bullish,of 16 ratings,$4.50
ARWAR,$0.275,1439842219883,"18,000",Not yet rated,NULL,N/A
ARWAW,NULL,1439842220014,0,Not yet rated,NULL,N/A
ARWAU,NULL,1439842220149,0,100% bullish,of 1 rating,N/A
ARQL,$1.7,1439842220175,"53,705",75% bullish,of 4 ratings,$5
ARWR,$5.82,1439842220315,"678,473",75% bullish,of 4 ratings,$10.50
AROW,$27.6,1439842220345,"6,808",Not yet rated,NULL,N/A
ARRS,$27.93,1439842220376,"475,097",50% bullish,of 2 ratings,$38
DWAT,$10.5,1439842220405,"13,509",100% bearish,of 1 rating,N/A
ARTNA,$22.46,1439842220435,"7,926",100% bearish,of 1 rating,$29
ARRY,$5.865,1439842220457,"380,123",100% bullish,of 7 ratings,$10
ARTW,$4.41,1439842220601,"1,302",75% bearish,of 4 ratings,N/A
ASBB,$23.45,1439842220742,"10,325",Not yet rated,NULL,N/A
ASNA,$12.42,1439842220775,"580,144",50% bullish,of 2 ratings,$18
ASND,$17.01,1439842220834,"51,696",100% bullish,of 1 rating,$30
ASCMA,$28.6281,1439842220874,"96,779",100% bearish,of 1 rating,$45
ASTI,$0.1705,1439842221065,"2,370,425",83% bullish,of 6 ratings,$3
APWC,$2.08,1439842221092,120,100% bearish,of 1 rating,N/A
ASMI,$39.2401,1439842221165,786,50% bullish,of 2 ratings,N/A
ASML,$93.18,1439842221237,"593,821",67% bullish,of 3 ratings,$127
ASFI,$9.1,1439842221265,"9,400",100% bullish,of 1 rating,N/A
AZPN,$39.22,1439842221291,"801,405",50% bullish,of 2 ratings,$42
ASMB,$14.06,1439842221428,"41,661",67% bullish,of 3 ratings,N/A
ALOT,$13.7,1439842221505,"1,558",100% bearish,of 1 rating,N/A
ASTE,$38.37,1439842221533,"70,379",100% bearish,of 1 rating,$48
ATRO,$58.69,1439842221560,"124,116",100% bearish,of 2 ratings,$80
ASUR,$5.935,1439842221784,"7,690",Not yet rated,NULL,$8
ASTC,$2.34,1439842221858,"2,929",100% bullish,of 5 ratings,N/A
ATHN,$142,1439842221961,"180,905",67% bearish,of 3 ratings,$153
ATHX,$1.17,1439842222059,"204,893",89% bullish,of 9 ratings,$5
AFCB,NULL,1439842222087,0,Not yet rated,NULL,N/A
AAPC,$10.19,1439842222113,44,Not yet rated,NULL,N/A
ATRA,$49.95,1439842222138,"96,787",50% bullish,of 2 ratings,$68
ATAI,$3.1,1439842222168,"38,755",100% bearish,of 1 rating,N/A
ACFC,$6.56,1439842222300,"177,778",Not yet rated,NULL,$6.50
AAME,$3.54,1439842222330,831,Not yet rated,NULL,N/A
ATNI,$75.1336,1439842222466,"45,453",100% bearish,of 1 rating,$69.50
AAWW,$45.11,1439842222515,"121,961",50% bullish,of 2 ratings,$65
ATLC,$3.94,1439842222598,"1,900",67% bullish,of 3 ratings,N/A
AFH,$17.17,1439842222624,"3,437",Not yet rated,NULL,$21.50
ATML,$7.846,1439842222828,"1,971,113",78% bullish,of 9 ratings,$9.50
ATRI,$400.35,1439842222854,818,Not yet rated,NULL,N/A
ATRC,$27.59,1439842222885,"73,574",100% bullish,of 1 rating,$30
ATOS,$0.9516,1439842222988,"31,054",100% bullish,of 7 ratings,$7
ATRM,$3,1439842223091,"1,032",50% bullish,of 2 ratings,N/A
AUDC,$3.3,1439842223157,"56,818",80% bullish,of 5 ratings,$5
LIFE,$16,1439842223223,"61,813",86% bullish,of 7 ratings,$43
ATTU,$14.95,1439842223293,"26,160",100% bearish,of 1 rating,$20.50
AUBN,$27.6,1439842223319,890,Not yet rated,NULL,N/A
AUPH,$3.59,1439842223468,"13,085",100% bearish,of 1 rating,$8
ADAT,$0.11,1439842223499,"22,543",100% bullish,of 2 ratings,N/A
EARS,$5.01,1439842223529,"13,163",100% bearish,of 2 ratings,$12
ABTL,$19.76,1439842223629,"61,982",100% bullish,of 4 ratings,$20.25
ADP,$84.71,1439842223678,"1,683,516",100% bearish,of 1 rating,$88
ADSK,$55.36,1439842223716,"475,969",83% bullish,of 6 ratings,$69.50
AVGO,$125.32,1439842223763,"1,077,408",88% bullish,of 8 ratings,$160
AAVL,$10.99,1439842223859,"1,138,359",100% bearish,of 1 rating,$20
AVNU,NULL,1439842223991,0,Not yet rated,NULL,$14
AVEO,$1.71,1439842224017,"20,665,582",75% bullish,of 8 ratings,$3
AVNW,$1.1216,1439842224079,"30,011",50% bullish,of 2 ratings,$2.20
AVGR,$15.36,1439842224170,"23,938",100% bearish,of 1 rating,$20
CAR,$46.915,1439842224364,"2,990,182",80% bullish,of 5 ratings,$60
AVID,$9.09,1439842224391,"160,073",100% bearish,of 1 rating,$20
AWRE,$3.25,1439842224426,800,67% bullish,of 3 ratings,N/A
AXPWW,$1.47,1439842224470,192,Not yet rated,NULL,N/A
ACLS,$3.21,1439842224519,"294,977",67% bullish,of 6 ratings,$4.75
AXPW,$1.3085,1439842224546,"52,518",83% bullish,of 6 ratings,N/A
AXTI,$2.2,1439842224613,"30,010",50% bullish,of 2 ratings,$2.75
AXGN,$3.89,1439842224675,"19,588",Not yet rated,NULL,$5
RILY,$10,1439842224807,50,Not yet rated,NULL,N/A
BOSC,$2.3699,1439842224947,"7,476",50% bullish,of 2 ratings,N/A
BEAV,$50.8813,1439842224977,"377,057",67% bearish,of 3 ratings,$59
BCOM,$19.98,1439842224999,516,100% bearish,of 1 rating,N/A
BIDU,$167.48,1439842225028,"1,619,984",81% bullish,of 88 ratings,$215
BCPC,$60.91,1439842225082,"107,787",100% bearish,of 1 rating,$75
BWINA,NULL,1439842225159,0,Not yet rated,NULL,N/A
BANF,$63.96,1439842225428,"5,400",Not yet rated,NULL,$68
BKMU,$7.38,1439842225503,"16,082",Not yet rated,NULL,$8
BOCH,$5.8,1439842225534,"5,308",Not yet rated,NULL,$6.50
BWINB,$23.47,1439842225561,"15,165",Not yet rated,NULL,N/A
BANFP,$27.05,1439842225594,"2,900",Not yet rated,NULL,N/A
BLDP,$1.325,1439842225627,"93,158",91% bullish,of 22 ratings,$2.50
BMRC,$49,1439842225648,"5,804",Not yet rated,NULL,$52
BKSC,$15.99,1439842225680,"3,500",Not yet rated,NULL,N/A
OZRK,$43.74,1439842225958,"141,105",67% bullish,of 3 ratings,$49.50
BOTJ,$11.1401,1439842226031,"2,006",Not yet rated,NULL,N/A
BFIN,$12.4,1439842226056,"6,455",Not yet rated,NULL,$13
BZUN,$7.73,1439842226114,"40,000",50% bullish,of 2 ratings,$13.85
BANR,$47.92,1439842226259,"24,505",100% bullish,of 3 ratings,$50
BWFG,$18.24,1439842226285,792,100% bearish,of 1 rating,N/A
BHAC,NULL,1439842226411,0,Not yet rated,NULL,N/A
BBSI,$37.92,1439842226504,"36,380",67% bearish,of 3 ratings,$62.50
BHACU,NULL,1439842226560,0,Not yet rated,NULL,N/A
TAPR,$31.14,1439842226582,"1,126",100% bearish,of 1 rating,N/A
BHACR,$0.269,1439842226615,"10,079",Not yet rated,NULL,N/A
BHACW,NULL,1439842226648,0,Not yet rated,NULL,N/A
BYBK,$5.09,1439842226710,300,100% bearish,of 1 rating,N/A
BSET,$31.71,1439842226735,"43,818",100% bearish,of 1 rating,$35
BYLK,$12.94,1439842227064,"5,774",Not yet rated,NULL,$14
BV,$5.36,1439842227122,"152,863",67% bullish,of 6 ratings,$9
BECN,$36.05,1439842227202,"104,885",50% bullish,of 2 ratings,$40
BBCN,$15.625,1439842227263,"133,756",100% bearish,of 1 rating,$16
BDCV,$4.99,1439842227294,"21,871",100% bearish,of 1 rating,$10.19
BCBP,$11.7245,1439842227333,"4,253",Not yet rated,NULL,N/A
BSF,$9.03,1439842227361,"1,350",Not yet rated,NULL,N/A
BEBE,$1.85,1439842227390,"50,542",75% bullish,of 4 ratings,$3.075
BBGI,$4.85,1439842227548,157,100% bearish,of 1 rating,N/A
BELFB,$20.05,1439842227697,"15,979",100% bearish,of 1 rating,N/A
BBBY,$63.29,1439842227730,"746,702",71% bullish,of 7 ratings,$75
BELFA,$17.18,1439842227833,645,100% bearish,of 1 rating,N/A
BLPH,$4.41,1439842227861,"23,470",100% bearish,of 1 rating,$12.50
BLCM,$18.99,1439842227888,"215,315",50% bullish,of 4 ratings,$40
BNCL,$13.04,1439842227909,"183,633",100% bullish,of 3 ratings,$12.50
BNFT,$40.95,1439842228045,"97,577",67% bullish,of 3 ratings,$46
BGMD,$0.87,1439842228190,"222,068",100% bullish,of 10 ratings,N/A
BGCP,$9.695,1439842228215,"574,805",88% bullish,of 8 ratings,$14
BNTC,NULL,1439842228265,0,100% bullish,of 1 rating,N/A
BIND,$4.52,1439842228359,"25,158",67% bullish,of 3 ratings,$13.50
BGFV,$11.23,1439842228395,"79,931",57% bullish,of 7 ratings,$12
ORPN,$5.77,1439842228497,"8,593",100% bullish,of 1 rating,$28.50
BIOC,$1.84,1439842228581,"207,868",83% bullish,of 6 ratings,$3.70
BCDA,NULL,1439842228628,0,Not yet rated,NULL,N/A
BASI,$1.65,1439842228688,750,Not yet rated,NULL,N/A
BIOD,$0.7244,1439842228765,"250,185",80% bullish,of 5 ratings,$4
BCRX,$12.17,1439842228823,"293,587",63% bullish,of 8 ratings,$18
BDSI,$6.74,1439842228868,"676,812",88% bullish,of 8 ratings,$17
BIIB,$315.85,1439842228928,"694,604",88% bullish,of 16 ratings,$400
BIOL,$1.56,1439842228966,"78,612",Not yet rated,NULL,N/A
BLFS,$2.1801,1439842229068,"5,603",100% bearish,of 1 rating,$4.75
BMRN,$139.52,1439842229169,"270,208",80% bullish,of 5 ratings,$160
BLRX,$1.58,1439842229234,"229,152",100% bullish,of 12 ratings,$7
BVXVW,NULL,1439842229274,0,100% bearish,of 1 rating,N/A
BVXV,$4.173,1439842229300,"32,936",Not yet rated,NULL,N/A
BPTH,$1.15,1439842229437,"26,744",100% bullish,of 2 ratings,$5
BRLI,$35.96,1439842229490,"109,072",83% bullish,of 6 ratings,$32
BIOS,$1.555,1439842229570,"1,521,901",71% bullish,of 7 ratings,$4
BSTC,$51.47,1439842229703,"57,937",100% bearish,of 1 rating,$76
BBC,$33.7016,1439842229768,"26,922",Not yet rated,NULL,N/A
BOTA,$2.31,1439842229801,"47,785",86% bullish,of 7 ratings,N/A
BSPM,$0.68,1439842229824,"13,874",50% bullish,of 2 ratings,N/A
BBP,$34.556,1439842229875,"29,986",Not yet rated,NULL,N/A
TECH,$106.49,1439842229904,"91,631",100% bullish,of 1 rating,$117
BEAT,$12.345,1439842230040,"158,939",67% bearish,of 3 ratings,$15
BITI,$19.62,1439842230066,"27,352",100% bullish,of 1 rating,$28
BDMS,NULL,1439842230242,0,100% bearish,of 1 rating,N/A
BDE,$7.59,1439842230374,"78,073",50% bullish,of 2 ratings,$9
BJRI,$46.57,1439842230454,"110,842",50% bullish,of 2 ratings,$55
BKCC,$9.49,1439842230536,"142,488",100% bullish,of 2 ratings,$10
BBRY,$7.625,1439842230565,"1,782,851",61% bullish,of 330 ratings,$9
BBOX,$15.95,1439842230608,"30,795",100% bearish,of 1 rating,N/A
BLKB,$63.65,1439842230634,"87,240",100% bearish,of 2 ratings,$66
HAWK,$44.34,1439842230706,"307,293",90% bullish,of 10 ratings,$49
ADRD,$23.501,1439842230775,"4,514",100% bearish,of 1 rating,N/A
ADRA,NULL,1439842230799,0,Not yet rated,NULL,N/A
ADRE,$31.35,1439842230826,"10,387",Not yet rated,NULL,N/A
BLMN,$21.885,1439842231071,"538,001",83% bullish,of 6 ratings,$27.50
ADRU,$23.2492,1439842231203,"4,505",100% bearish,of 1 rating,N/A
BUFF,$26.39,1439842231230,"414,449",83% bullish,of 12 ratings,N/A
BCOR,$13.755,1439842231269,"96,157",57% bullish,of 7 ratings,$15
BBLU,$0.8701,1439842231363,"95,078",100% bullish,of 2 ratings,$4.43
BHBK,$14.42,1439842231384,"20,772",100% bullish,of 1 rating,$14.50
BLBD,$12.98,1439842231413,"9,790",Not yet rated,NULL,N/A
BKEP,$6.95,1439842231541,"16,626",100% bearish,of 1 rating,$8.50
BLUE,$131.95,1439842231567,"374,806",86% bullish,of 7 ratings,$217.50
BPMC,$29.69,1439842231592,"197,728",50% bullish,of 2 ratings,$47.50
BKEPP,NULL,1439842231621,0,100% bearish,of 1 rating,N/A
BOBE,$46.39,1439842231792,"59,341",75% bullish,of 4 ratings,$57
NILE,$34.69,1439842231819,"53,848",50% bullish,of 2 ratings,$34
BNCN,$22.11,1439842231845,"45,731",Not yet rated,NULL,$22
BOFI,$131.38,1439842231870,"93,619",100% bullish,of 6 ratings,$137.50
WIFI,$9.2,1439842232008,"206,607",50% bullish,of 2 ratings,$13.50
BOJA,$22.74,1439842232191,"157,506",100% bullish,of 1 rating,$30
BOKF,$66.19,1439842232217,"64,580",100% bearish,of 1 rating,$71
BAMM,$3.2199,1439842232406,"5,757",60% bullish,of 5 ratings,N/A
BPFHP,$25.7,1439842232432,"2,300",100% bearish,of 1 rating,N/A
BPFH,$12.5,1439842232480,"62,540",100% bearish,of 1 rating,$14
BNSO,$1.44,1439842232507,"70,374",100% bearish,of 1 rating,N/A
BONA,$12.14,1439842232528,"257,810",75% bullish,of 4 ratings,$8.50
BPFHW,$6.4,1439842232581,"1,278",100% bearish,of 1 rating,N/A
EPAY,$26.52,1439842232713,"44,654",100% bearish,of 2 ratings,$30
BDBD,$9.05,1439842232743,"400,931",60% bullish,of 5 ratings,$10
BCLI,$2.9701,1439842232798,"85,644",80% bullish,of 5 ratings,$12
BBEP,$2.59,1439842232931,"1,362,534",69% bullish,of 13 ratings,$5.625
BBEPP,$13.8899,1439842232958,"24,866",100% bearish,of 1 rating,N/A
BBRG,$13.21,1439842233014,"62,424",67% bullish,of 3 ratings,$14.50
BRID,NULL,1439842233206,0,100% bearish,of 1 rating,N/A
BDGE,$28.11,1439842233232,"6,362",Not yet rated,NULL,$31.75
BYFC,$1.43,1439842233379,500,50% bullish,of 2 ratings,N/A
BCOV,$5.47,1439842233406,"31,121",67% bullish,of 3 ratings,$10.20
BRCM,$51.49,1439842233431,"1,416,450",75% bullish,of 12 ratings,$56
BSFT,$34.15,1439842233481,"48,903",57% bullish,of 7 ratings,$40.50
BLIN,$1.4,1439842233518,"2,800",50% bullish,of 2 ratings,$2.80
BRCD,$10.0358,1439842233641,"1,286,036",92% bullish,of 13 ratings,$12.50
BVSN,$6.05,1439842233671,"1,326",60% bearish,of 5 ratings,N/A
BWEN,$3.6,1439842233698,"13,110",100% bullish,of 3 ratings,$8
BRKS,$10.92,1439842233831,"91,102",67% bullish,of 3 ratings,$15.25
BRKR,$20.37,1439842233975,"179,816",100% bearish,of 2 ratings,$22
BRKL,$10.8521,1439842234035,"142,961",100% bearish,of 1 rating,$10.75
BLMT,$21.38,1439842234171,950,Not yet rated,NULL,N/A
BMTC,$30.08,1439842234204,"69,900",Not yet rated,NULL,$34
BSQR,$7.26,1439842234225,"220,191",67% bullish,of 3 ratings,N/A
BWLD,$197.94,1439842234263,"103,911",82% bullish,of 11 ratings,$205
BUR,$2.0401,1439842234303,"1,718",100% bearish,of 1 rating,$8
CHRW,$69.69,1439842234358,"559,080",Not yet rated,NULL,$72
BLDR,$14.365,1439842234387,"345,371",50% bullish,of 2 ratings,$22
CA,$29.4571,1439842234520,"763,148",50% bullish,of 4 ratings,$33
CCMP,$45.78,1439842234580,"24,787",50% bullish,of 2 ratings,$59
CDNS,$21.5966,1439842234611,"758,096",75% bullish,of 4 ratings,$22.50
CFFI,$37,1439842234659,"5,958",100% bearish,of 1 rating,N/A
CDZI,$7.24,1439842234755,"22,539",100% bearish,of 1 rating,N/A
CACQ,$7.47,1439842234791,"37,693",100% bearish,of 1 rating,$12.25
CZR,$7.495,1439842235009,"571,817",60% bearish,of 5 ratings,$10.50
CSTE,$48.64,1439842235079,"652,015",100% bearish,of 1 rating,$65
PRSS,$4.74,1439842235144,"11,432",80% bullish,of 5 ratings,$4.50
CLMS,$11.92,1439842235250,"73,106",Not yet rated,NULL,$10.50
CHI,$11.035,1439842235278,"236,419",100% bearish,of 1 rating,N/A
CLBS,$1.42,1439842235306,"169,315",79% bullish,of 14 ratings,$4
CHY,$11.85,1439842235334,"252,395",Not yet rated,NULL,N/A
CCD,$20.97,1439842235356,"92,668",Not yet rated,NULL,N/A
CHW,$8.11,1439842235506,"175,889",100% bearish,of 1 rating,N/A
CFGE,$11.0699,1439842235536,"2,000",Not yet rated,NULL,N/A
CAMP,$16.655,1439842235664,"133,134",86% bullish,of 7 ratings,$25
CSQ,$10.58,1439842235690,"268,853",Not yet rated,NULL,N/A
CGO,$12.83,1439842235765,"21,932",100% bearish,of 1 rating,N/A
CVGW,$53.8,1439842235822,"52,928",50% bullish,of 2 ratings,$58.50
CFNB,NULL,1439842235869,0,100% bearish,of 1 rating,N/A
CALA,$5.48,1439842236004,"151,209",100% bullish,of 3 ratings,$19.50
CALM,$52.075,1439842236062,"323,781",80% bullish,of 5 ratings,$65
CLMT,$26.64,1439842236159,"239,102",75% bullish,of 8 ratings,$31
ABCD,$4.68,1439842236188,"55,474",83% bullish,of 6 ratings,N/A
CALD,$16.465,1439842236223,"156,831",100% bearish,of 1 rating,$20.50
CAMB,NULL,1439842236321,0,Not yet rated,NULL,N/A
CAMBU,NULL,1439842236346,0,100% bearish,of 1 rating,N/A
CAMBW,NULL,1439842236378,0,Not yet rated,NULL,N/A
CAC,$40.8,1439842236478,"3,003",Not yet rated,NULL,N/A
CAMT,$2.87,1439842236571,"26,866",73% bullish,of 11 ratings,$4
CSIQ,$24.23,1439842236618,"1,473,920",86% bullish,of 28 ratings,$45
CGIX,$11.13,1439842236721,"18,783",67% bullish,of 3 ratings,$14.375
CPHC,NULL,1439842236855,0,100% bearish,of 1 rating,N/A
CBNJ,$10.945,1439842236882,"40,709",100% bullish,of 1 rating,N/A
CPLA,$49.56,1439842236919,"39,425",50% bullish,of 2 ratings,$65
CCBG,$15.08,1439842237010,"11,891",Not yet rated,NULL,$17.25
CPTA,$15.13,1439842237037,"73,024",Not yet rated,NULL,$18.50
CBF,$30.5,1439842237059,"24,477",Not yet rated,NULL,$32
CPLP,$7.3,1439842237093,"278,358",71% bullish,of 7 ratings,$11
CFFN,$12.185,1439842237225,"329,809",Not yet rated,NULL,$12.75
CSWC,$49.94,1439842237323,"30,392",Not yet rated,NULL,N/A
CAPN,$2.3801,1439842237382,"414,350",100% bullish,of 1 rating,$10.85
CAPNW,$0.6,1439842237424,"10,300",Not yet rated,NULL,N/A
CPST,$0.3952,1439842237515,"546,290",95% bullish,of 22 ratings,$1
CAPR,$4.16,1439842237555,"16,720",Not yet rated,NULL,$12
CARA,$21.99,1439842237580,"206,301",50% bullish,of 4 ratings,$27.50
CRDC,$0.38,1439842237862,"69,536",100% bullish,of 1 rating,$1.25
CARB,$11.59,1439842237898,"54,280",75% bullish,of 4 ratings,$12
CFNL,$23.5262,1439842237935,"79,950",Not yet rated,NULL,$24
CBYL,$6.45,1439842237958,"13,666",100% bearish,of 1 rating,$20
CSII,$24.12,1439842238001,"116,764",100% bearish,of 2 ratings,$42.125
CRME,$9.78,1439842238032,"5,283",89% bullish,of 9 ratings,$11.25
CATM,$35.36,1439842238053,"102,709",100% bearish,of 1 rating,$44
CDNA,$6.05,1439842238209,358,100% bearish,of 1 rating,$9
CECO,$3.94,1439842238377,"226,463",67% bearish,of 3 ratings,$6
CKEC,$23.87,1439842238442,"56,982",50% bullish,of 2 ratings,$35.915
CTRE,$11.48,1439842238469,"223,640",50% bullish,of 2 ratings,N/A
CLBH,NULL,1439842238544,0,Not yet rated,NULL,$16.50
CART,$5.45,1439842238957,346,100% bearish,of 1 rating,N/A
TAST,$12.98,1439842239071,"168,596",Not yet rated,NULL,$14.25
CRZO,$34.77,1439842239103,"339,205",67% bearish,of 3 ratings,$57
CASM,$1.1,1439842239134,"17,912",100% bullish,of 1 rating,$3.50
CARV,$5.85,1439842239155,200,50% bullish,of 2 ratings,N/A
CACB,$5.52,1439842239193,"9,836",Not yet rated,NULL,$5.50
CRTN,NULL,1439842239214,0,100% bearish,of 1 rating,N/A
CARO,$15.85,1439842239247,"26,140",100% bearish,of 1 rating,$19
CSCD,$14.09,1439842239572,"49,485",100% bullish,of 2 ratings,$17
CWST,$6.5,1439842239599,"111,413",50% bullish,of 2 ratings,$7
CASY,$107.84,1439842239663,"145,143",50% bullish,of 2 ratings,$99.50
CASI,$1.48,1439842239738,"12,483",100% bullish,of 1 rating,$3.50
CASS,$51.265,1439842239796,"9,024",100% bearish,of 1 rating,N/A
CATB,$12.12,1439842239842,"20,525",100% bearish,of 1 rating,$28
CPRX,$4.195,1439842239867,"310,200",71% bullish,of 7 ratings,$7
CATYW,NULL,1439842239999,0,100% bearish,of 1 rating,N/A
CATY,$32.19,1439842240025,"202,750",100% bearish,of 1 rating,$33.50
CVCO,$73.13,1439842240050,"12,319",100% bearish,of 1 rating,N/A
CAVM,$74.02,1439842240193,"350,258",67% bearish,of 3 ratings,$72
CNLMR,NULL,1439842240228,0,Not yet rated,NULL,N/A
CBFV,$19.9499,1439842240249,500,Not yet rated,NULL,N/A
CNLM,NULL,1439842240324,0,Not yet rated,NULL,N/A
CNLMU,NULL,1439842240382,0,100% bullish,of 1 rating,N/A
CNLMW,NULL,1439842240414,0,Not yet rated,NULL,N/A
CBOE,$64.3,1439842240697,"217,374",Not yet rated,NULL,$60
CDW,$39.75,1439842240843,"715,177",75% bullish,of 4 ratings,$44
CDK,$52.0178,1439842240874,"245,824",67% bearish,of 3 ratings,$50
CLRB,$3.07,1439842240909,400,100% bearish,of 1 rating,N/A
CLDX,$16.14,1439842240938,"976,845",89% bullish,of 9 ratings,$36
CLDN,$1.0616,1439842240970,"224,160",71% bullish,of 7 ratings,$3
CECE,$10.67,1439842241021,"112,988",50% bullish,of 2 ratings,$16
CPXX,$2.18,1439842241046,"70,076",100% bullish,of 2 ratings,$7
CELG,$131.16,1439842241277,"1,278,470",92% bullish,of 13 ratings,$155.50
CELGZ,$2.07,1439842241310,"2,000",80% bullish,of 5 ratings,N/A
CLRBW,NULL,1439842241337,0,Not yet rated,NULL,N/A
CLSN,$2.19,1439842241383,"82,191",80% bullish,of 10 ratings,$7.50
CLLS,$33.58,1439842241487,"43,553",75% bullish,of 4 ratings,$51.50
CBMG,$22.36,1439842241517,"33,376",50% bullish,of 2 ratings,N/A
CYAD,$55.11,1439842241703,200,100% bullish,of 1 rating,$87.50
CEMP,$37.63,1439842241860,"475,752",71% bullish,of 7 ratings,$48.50
CLTX,$0.6101,1439842241892,"12,430",100% bullish,of 2 ratings,N/A
CSFL,$14.1197,1439842241992,"75,191",Not yet rated,NULL,$15
CETX,$2.52,1439842242049,"58,631",Not yet rated,NULL,$5.60
CENT,$11.53,1439842242077,"41,029",Not yet rated,NULL,$10
CVCY,$11.15,1439842242124,911,Not yet rated,NULL,$12
CFBK,NULL,1439842242152,0,Not yet rated,NULL,N/A
CETV,$2.23,1439842242174,"35,623",67% bullish,of 3 ratings,$2.80
CENTA,$12.31,1439842242477,"34,284",Not yet rated,NULL,N/A
CNBKA,$41.57,1439842242613,"1,542",100% bullish,of 1 rating,N/A
CENX,$5.8123,1439842242639,"1,443,393",67% bullish,of 6 ratings,$9
CNTY,$6.32,1439842242665,"42,303",80% bullish,of 5 ratings,$7.75
CPHD,$51.39,1439842242694,"357,427",50% bullish,of 2 ratings,$67
CRNT,$1.48,1439842242715,"390,993",50% bullish,of 2 ratings,$2
CERU,$3.51,1439842242980,"120,458",75% bullish,of 4 ratings,$15
CERE,$1.69,1439842243032,"534,910",88% bullish,of 8 ratings,N/A
CERN,$64.55,1439842243060,"1,105,807",67% bullish,of 3 ratings,$79
CEVA,$19.35,1439842243081,"52,798",100% bearish,of 1 rating,$25
KOOL,$0.71,1439842243124,"14,415",100% bullish,of 5 ratings,$7
CYOU,$20.08,1439842243214,"191,779",50% bullish,of 6 ratings,$24
CERS,$4.89,1439842243244,"324,150",75% bullish,of 4 ratings,$7
HOTR,$1.53,1439842243275,"655,356",100% bullish,of 2 ratings,$5
HOTRW,NULL,1439842243596,0,Not yet rated,NULL,N/A
GTLS,$25.07,1439842243698,"176,634",50% bullish,of 4 ratings,$40
CHKP,$82.2,1439842243742,"477,099",50% bullish,of 4 ratings,$92
CTHR,$1.21,1439842243779,"4,615",50% bullish,of 2 ratings,$2.50
CHFN,$12.54,1439842243809,"7,199",Not yet rated,NULL,$14
CHTR,$187.18,1439842243913,"625,316",100% bearish,of 2 ratings,$196
CEMI,$4.69,1439842243940,"3,400",50% bullish,of 2 ratings,$7.50
CHEK,$3.3,1439842244068,550,Not yet rated,NULL,$7.75
CHEKW,$1.21,1439842244113,"1,125",Not yet rated,NULL,N/A
CHKE,$27.75,1439842244548,"9,597",100% bearish,of 1 rating,$32.50
CHEV,$14.35,1439842244704,"8,299",Not yet rated,NULL,N/A
CHMG,$26.5,1439842244730,727,Not yet rated,NULL,$30
CHFC,$32.9,1439842244756,"18,111",100% bearish,of 1 rating,$36
CCXI,$6.81,1439842244789,"30,226",67% bullish,of 3 ratings,$14
CBNK,$16.62,1439842244811,100,100% bearish,of 1 rating,N/A
CHMA,$27.57,1439842244886,"322,314",Not yet rated,NULL,$40
PLCE,$59.1341,1439842245145,"153,952",100% bearish,of 1 rating,$71
CAAS,$6.95,1439842245182,"46,305",93% bullish,of 14 ratings,$11.50
CADC,NULL,1439842245209,0,78% bullish,of 9 ratings,N/A
CALI,$0.88,1439842245283,"48,119",67% bullish,of 3 ratings,N/A
CMRX,$53.19,1439842245311,"123,277",50% bullish,of 2 ratings,$57
CBAK,$2.37,1439842245337,"15,798",67% bullish,of 9 ratings,N/A
CBPO,$111.031,1439842245386,"118,112",75% bullish,of 8 ratings,$140.50
CCCR,$0.6584,1439842245531,"15,154",67% bearish,of 3 ratings,N/A
CCCL,$0.9899,1439842245607,"1,700",100% bullish,of 6 ratings,N/A
JRJC,$4.39,1439842245697,"28,929",82% bullish,of 11 ratings,N/A
CHOP,$1.2,1439842245725,"5,926",50% bullish,of 2 ratings,N/A
HGSH,$1.79,1439842245755,"7,763",67% bullish,of 3 ratings,N/A
CHLN,$1.38,1439842245780,928,67% bullish,of 3 ratings,N/A
CREG,$0.83,1439842246106,"37,497",100% bullish,of 3 ratings,N/A
HTHT,$24.16,1439842246170,"339,871",50% bullish,of 2 ratings,$28
CJJD,$2.27,1439842246200,"59,176",100% bullish,of 1 rating,N/A
CHNR,NULL,1439842246225,0,100% bearish,of 1 rating,N/A
CNIT,$1.84,1439842246273,"155,362",67% bullish,of 6 ratings,N/A
CPGI,$6.96,1439842246298,624,Not yet rated,NULL,N/A
CSUN,$1.56,1439842246358,"10,806",80% bullish,of 5 ratings,N/A
CNTF,$0.92,1439842246515,"19,026",Not yet rated,NULL,N/A
CNYD,$3.2,1439842246655,"4,214",67% bullish,of 3 ratings,N/A
CCIH,$10.17,1439842246686,"50,725",67% bullish,of 6 ratings,$12.65
CNET,$0.82,1439842246712,"100,281",50% bullish,of 2 ratings,N/A
CHSCL,$27.1201,1439842246743,"40,225",Not yet rated,NULL,N/A
CXDC,$6.21,1439842246938,"13,698",67% bullish,of 3 ratings,N/A
CHSCM,$26.3199,1439842246967,"19,777",Not yet rated,NULL,N/A
IMOS,$16.59,1439842247018,"115,615",60% bullish,of 5 ratings,$21.50
CHSCN,$27.4699,1439842247099,"8,665",Not yet rated,NULL,N/A
CHDN,$137.53,1439842247199,"71,127",Not yet rated,NULL,$165
CHSCP,$30.54,1439842247229,"1,866",Not yet rated,NULL,N/A
CHSCO,$28.53,1439842247254,"2,912",Not yet rated,NULL,N/A
CHUY,$33.56,1439842247443,"112,872",50% bullish,of 2 ratings,$34
CDTX,$14.68,1439842247469,"18,615",Not yet rated,NULL,$22
CIFC,$7.3,1439842247533,3,Not yet rated,NULL,N/A
CMPR,$70.44,1439842247601,"148,486",50% bullish,of 2 ratings,$72.50
CMCT,NULL,1439842247630,0,100% bearish,of 1 rating,N/A
CINF,$56.5655,1439842247733,"203,087",50% bullish,of 4 ratings,$50.50
CTAS,$89.12,1439842247785,"142,380",100% bearish,of 1 rating,$91
CIDM,$0.66,1439842248868,"337,873",50% bullish,of 2 ratings,$2.10
CSCO,$28.86,1439842248950,"12,153,414",84% bullish,of 208 ratings,$32.50
CRUS,$29.62,1439842249001,"292,417",75% bullish,of 12 ratings,$44.50
CZWI,NULL,1439842249189,0,Not yet rated,NULL,N/A
CPHR,$7.06,1439842249215,"10,310",100% bearish,of 1 rating,$16
CZFC,NULL,1439842249240,0,Not yet rated,NULL,N/A
CTRN,$22.67,1439842249271,"68,008",100% bearish,of 1 rating,$29.50
CIZN,$19.93,1439842249297,"1,500",Not yet rated,NULL,N/A
CZNC,$20.21,1439842249379,"3,351",Not yet rated,NULL,N/A
CTXS,$77.76,1439842249485,"360,082",86% bullish,of 7 ratings,$80
CHCO,$48.65,1439842249592,"15,235",Not yet rated,NULL,$46
CIVB,$10.3,1439842249624,606,Not yet rated,NULL,$11
CDTI,$1.72,1439842249691,"158,772",75% bullish,of 4 ratings,$3.25
CLNT,$2,1439842249758,"44,239",75% bullish,of 8 ratings,N/A
CLNE,$4.7,1439842249825,"858,111",80% bullish,of 15 ratings,$9
CIVBP,NULL,1439842249858,0,Not yet rated,NULL,N/A
CLRO,$11.82,1439842250054,"3,839",50% bullish,of 2 ratings,$14.25
CLIR,$5.39,1439842250099,"58,227",100% bullish,of 3 ratings,N/A
CLFD,$18.47,1439842250141,"14,807",67% bullish,of 3 ratings,$18
CBLI,$3.72,1439842250167,"36,182",60% bullish,of 5 ratings,N/A
CSBK,$13.99,1439842250301,"50,799",Not yet rated,NULL,N/A
CCNE,$17.66,1439842250333,"7,022",50% bullish,of 2 ratings,$21.50
CME,$98.32,1439842250362,"417,610",67% bullish,of 3 ratings,$102
CLVS,$80.49,1439842250433,"175,015",60% bullish,of 5 ratings,$101.50
CMFN,$10.8,1439842250565,"19,982",100% bearish,of 1 rating,$15.50
CNV,$4.8,1439842250591,"18,385",50% bullish,of 2 ratings,$7.15
CISG,$8.5301,1439842250620,"65,070",100% bullish,of 5 ratings,$10
CWAY,$11.51,1439842250750,800,Not yet rated,NULL,N/A
COBZ,$13.11,1439842250775,"54,555",100% bullish,of 1 rating,$14
COKE,$166.13,1439842250910,"8,756",79% bullish,of 19 ratings,N/A
CDXS,$3.909,1439842251004,"96,406",64% bullish,of 11 ratings,$6
JVA,$4.7599,1439842251036,"2,225",83% bullish,of 6 ratings,$7
CDRB,$13.79,1439842251063,"11,608",67% bullish,of 3 ratings,N/A
CVLY,NULL,1439842251134,0,Not yet rated,NULL,N/A
CGNT,$1.59,1439842251218,"40,285",100% bullish,of 2 ratings,$2
CCOI,$29.25,1439842251303,"245,865",50% bullish,of 4 ratings,$35
CTSH,$67.68,1439842251445,"1,439,462",90% bullish,of 10 ratings,$74.50
CHRS,$33.17,1439842251478,"98,649",67% bearish,of 3 ratings,$37
CGNX,$36.95,1439842251508,"421,207",50% bullish,of 2 ratings,$47
COHR,$59.19,1439842251535,"57,205",50% bullish,of 2 ratings,$72
COHU,$9.43,1439842251701,"40,278",100% bearish,of 1 rating,$14.25
CLRX,$0.5,1439842251773,"19,258",50% bullish,of 2 ratings,$1.85
CLCT,$19.76,1439842251831,"6,912",100% bearish,of 1 rating,N/A
CBAN,$8.81,1439842251999,200,Not yet rated,NULL,N/A
CLCD,$7.7201,1439842252136,"24,258",100% bearish,of 1 rating,$20.50
COLL,$16.45,1439842252157,"44,918",100% bearish,of 1 rating,$26
CIGI,$47.28,1439842252192,"8,172",100% bearish,of 1 rating,$52
COLB,$33.39,1439842252230,"132,103",Not yet rated,NULL,$36
CBMX,$1.34,1439842252259,"14,978",83% bullish,of 6 ratings,$3.15
CMCO,$21.86,1439842252286,"21,388",60% bullish,of 5 ratings,$28
COLM,$66.15,1439842252330,"62,147",100% bearish,of 1 rating,$71
CMCSK,$60.292,1439842252419,"2,223,460",Not yet rated,NULL,$84
CMCSA,$60.44,1439842252634,"6,636,936",66% bullish,of 35 ratings,$69.50
CBSHP,$25.335,1439842252662,"5,004",100% bearish,of 1 rating,N/A
CBSH,$47.6467,1439842252688,"145,300",50% bullish,of 2 ratings,$46
CUBN,$13.7701,1439842252824,"16,235",Not yet rated,NULL,N/A
COMM,$31.8,1439842252887,"492,659",67% bearish,of 3 ratings,$35
CVGI,$4.63,1439842252913,"183,106",50% bullish,of 2 ratings,$6
CSAL,$23.25,1439842253039,"462,377",75% bullish,of 4 ratings,$30
ESXB,$5.07,1439842253136,"25,213",Not yet rated,NULL,N/A
JCS,$10.05,1439842253164,"1,453",67% bullish,of 3 ratings,N/A
CYHHZ,$0.011,1439842253208,"114,100",100% bullish,of 1 rating,N/A
CWBC,$6.74,1439842253234,"3,500",Not yet rated,NULL,N/A
COB,$10.79,1439842253303,"3,957",100% bullish,of 1 rating,$11.50
CTBI,$35.18,1439842253380,"14,233",Not yet rated,NULL,$36
CVLT,$37.9,1439842253412,"415,005",75% bullish,of 4 ratings,$44.50
CIZ,$35.26,1439842253511,"3,912",100% bearish,of 1 rating,N/A
CIL,NULL,1439842253593,0,Not yet rated,NULL,N/A
CID,NULL,1439842253766,0,Not yet rated,NULL,N/A
CSA,NULL,1439842253793,0,Not yet rated,NULL,N/A
CSF,$38.59,1439842253869,524,100% bearish,of 1 rating,N/A
CDC,$36.86,1439842253925,"5,255",Not yet rated,NULL,N/A
CFO,$37.72,1439842254062,"10,281",100% bearish,of 1 rating,N/A
CGEN,$5.64,1439842254096,"99,776",50% bullish,of 2 ratings,$11
CSB,NULL,1439842254122,0,Not yet rated,NULL,N/A
CDL,NULL,1439842254291,0,Not yet rated,NULL,N/A
CFA,$37.7189,1439842254349,782,100% bearish,of 1 rating,N/A
CTG,$6.52,1439842254423,"64,186",100% bearish,of 1 rating,$8.50
CPSI,$46.32,1439842254494,"28,952",100% bearish,of 1 rating,$45.50
SCOR,$64.63,1439842254567,"150,326",100% bearish,of 1 rating,$66
CMTL,$28.39,1439842254699,"24,549",100% bearish,of 2 ratings,$37
CHCI,$0.55,1439842254727,"26,700",50% bullish,of 2 ratings,N/A
CNSI,$19.58,1439842254748,"43,185",100% bearish,of 2 ratings,$29
CNCE,$17.23,1439842254890,"142,311",75% bullish,of 4 ratings,$22
CXRX,$78.11,1439842255026,"4,255",Not yet rated,NULL,$90
CCUR,$5.09,1439842255055,"17,030",75% bullish,of 4 ratings,N/A
CNAT,$4.21,1439842255085,"66,977",83% bullish,of 6 ratings,$13
CDOR,$1.43,1439842255113,"9,224",100% bullish,of 1 rating,N/A
CDORP,$7.25,1439842255138,600,100% bearish,of 1 rating,N/A
CDORO,$19,1439842255189,850,100% bearish,of 1 rating,N/A
CFMS,$22.23,1439842255331,"177,254",Not yet rated,NULL,$27
CNFR,$10.5,1439842255504,"18,350",Not yet rated,NULL,N/A
CNMD,$56.87,1439842255532,"33,049",Not yet rated,NULL,$59
CNOB,$20.41,1439842255554,"30,324",100% bullish,of 1 rating,$23.50
CTWS,$35.16,1439842255699,"6,793",100% bearish,of 1 rating,$44
CNXR,$6.9,1439842255742,"18,980",100% bearish,of 1 rating,$12
CNSL,$20.53,1439842255808,"56,468",100% bearish,of 1 rating,$23
CONN,$34.4,1439842255879,"223,641",67% bullish,of 3 ratings,$48.50
CWCO,$12.08,1439842255973,"46,571",67% bullish,of 3 ratings,$14.50
CTCT,$24.71,1439842256006,"114,950",67% bullish,of 3 ratings,$37
CFRX,$5.4,1439842256083,"110,907",Not yet rated,NULL,$14
CPSS,$5.72,1439842256112,"21,097",100% bullish,of 1 rating,$10
CFRXW,$2,1439842256184,"14,200",100% bearish,of 1 rating,N/A
CFRXZ,$0.71,1439842256246,"38,680",Not yet rated,NULL,N/A
CTRV,$4.58,1439842256379,"11,009",Not yet rated,NULL,$6.40
CTRL,$8.575,1439842256407,"84,031",50% bullish,of 2 ratings,$11
CPRT,$36.69,1439842256537,"102,935",67% bearish,of 3 ratings,$40
CRBP,$1.94,1439842256563,"43,701",100% bullish,of 1 rating,$6.25
CORT,$5.48,1439842256641,"138,945",67% bullish,of 3 ratings,$12
CORE,$64.4,1439842256722,"59,374",100% bearish,of 1 rating,$72
CSOD,$38.49,1439842256778,"234,797",50% bullish,of 2 ratings,$42
BVA,$3.9,1439842256809,101,50% bullish,of 2 ratings,N/A
CORI,$11.71,1439842256904,"31,986",100% bearish,of 1 rating,$18
COSI,$1.1935,1439842257141,"121,468",100% bullish,of 1 rating,N/A
COST,$146.1,1439842257168,"386,267",83% bullish,of 24 ratings,$154.50
CSGP,$195.98,1439842257189,"52,170",50% bullish,of 2 ratings,$235
CRVL,$33.48,1439842257224,"7,302",100% bearish,of 1 rating,N/A
CPAH,$0.46,1439842257328,"2,985",50% bullish,of 2 ratings,N/A
CVTI,$25.78,1439842257373,"53,282",67% bearish,of 3 ratings,$39
ICBK,$18.43,1439842257510,"1,380",Not yet rated,NULL,$21
COVS,$2.84,1439842257537,"134,401",67% bullish,of 3 ratings,N/A
COWN,$5.5866,1439842257574,"982,671",75% bullish,of 4 ratings,$7
CPSH,$2.4,1439842257601,203,Not yet rated,NULL,N/A
COWNL,$26.78,1439842257812,"1,400",Not yet rated,NULL,N/A
BREW,$8.15,1439842257884,"42,437",67% bullish,of 6 ratings,$15
CBRL,$152.14,1439842257948,"128,163",50% bullish,of 2 ratings,$155
CRAI,$23.47,1439842257988,"28,381",Not yet rated,NULL,$36
CACC,$206.75,1439842258091,"62,174",50% bullish,of 2 ratings,$158.50
CRAY,$22.84,1439842258117,"142,209",83% bullish,of 6 ratings,$38.50
GLDI,$10.97,1439842258249,"1,482",100% bearish,of 1 rating,N/A
SLVO,$10.5664,1439842258305,"2,614",100% bearish,of 1 rating,N/A
CREE,$27.5,1439842258332,"665,882",65% bullish,of 17 ratings,$28.50
CRESY,$11.67,1439842258462,"12,839",100% bearish,of 1 rating,$19
CRTO,$46.89,1439842258490,"154,584",67% bullish,of 6 ratings,$64
CROX,$14.815,1439842258520,"585,611",63% bullish,of 8 ratings,$16.50
CRDS,$1.11,1439842258546,"17,567",50% bullish,of 4 ratings,$4.50
CCRN,$14.23,1439842258682,"157,609",100% bearish,of 1 rating,$14.25
CRWS,$8.102,1439842258710,"5,839",Not yet rated,NULL,$10
CRWN,$4.82,1439842258887,"47,709",75% bullish,of 4 ratings,N/A
CYRXW,$0.85,1439842259043,"46,271",Not yet rated,NULL,N/A
CYRX,$2.93,1439842259071,"65,469",Not yet rated,NULL,$9
CSGS,$32.27,1439842259106,"52,671",Not yet rated,NULL,$40
CCLP,$14.9,1439842259208,"30,222",67% bearish,of 3 ratings,$21
CSPI,$6.18,1439842259236,"4,900",67% bullish,of 3 ratings,N/A
CTCM,$1.77,1439842259267,"186,665",80% bearish,of 5 ratings,$3.90
CTRP,$72.66,1439842259376,"444,242",75% bullish,of 8 ratings,$92
CTIB,NULL,1439842259404,0,100% bearish,of 1 rating,N/A
CTIC,$1.83,1439842259431,"351,574",84% bullish,of 76 ratings,$5.75
CUNB,$22.6399,1439842259630,"3,000",Not yet rated,NULL,$24.50
CPIX,$6,1439842259655,"9,100",Not yet rated,NULL,N/A
CUI,$5.55,1439842259698,"63,920",50% bullish,of 2 ratings,$10
CMLS,$1.28,1439842259788,"542,645",50% bullish,of 4 ratings,$6
CUTR,$15.05,1439842259846,"25,863",67% bearish,of 3 ratings,$18
CVBF,$17.52,1439842259979,"107,780",Not yet rated,NULL,$18
CRIS,$2.915,1439842260004,"259,234",100% bullish,of 8 ratings,$6
CVV,$12.7,1439842260061,"150,426",100% bullish,of 5 ratings,N/A
CYAN,$7.6129,1439842260139,"1,360",100% bearish,of 1 rating,N/A
CYBR,$59.83,1439842260220,"1,035,987",86% bullish,of 7 ratings,$66
CYBE,$5.65,1439842260245,"10,649",100% bearish,of 1 rating,N/A
CYBX,$59.43,1439842260272,"96,761",50% bullish,of 4 ratings,$70
CBAY,$2.76,1439842260400,"104,456",100% bullish,of 1 rating,$4
CYCCP,NULL,1439842260448,0,100% bearish,of 1 rating,N/A
CYCC,$0.6,1439842260542,"61,879",73% bullish,of 11 ratings,N/A
CYNA,$15.05,1439842260614,"6,313",100% bullish,of 1 rating,$33
CYNO,$34.37,1439842260844,"87,089",67% bearish,of 3 ratings,$45.50
CY,$10.295,1439842260918,"2,307,184",80% bullish,of 10 ratings,$15.50
CYRN,$1.65,1439842260945,"314,676",67% bullish,of 3 ratings,$4
CONE,$34.4,1439842261026,"628,628",67% bearish,of 3 ratings,$35
CYTX,$0.39,1439842261123,"577,470",83% bullish,of 12 ratings,$5.50
CYTK,$6.73,1439842261146,"120,017",71% bullish,of 14 ratings,$13.50
CTSO,$7.69,1439842261174,"193,746",Not yet rated,NULL,$15.625
CYTR,$2.44,1439842261227,"351,706",67% bullish,of 6 ratings,$10
TVIZ,NULL,1439842261317,0,100% bearish,of 1 rating,N/A
DAEG,$0.36,1439842261374,"32,900",100% bearish,of 1 rating,N/A
TVIX,$5.505,1439842261412,"2,800,633",81% bullish,of 16 ratings,N/A
XIV,$48.49,1439842261549,"4,524,985",75% bearish,of 4 ratings,N/A
DJCO,$210.65,1439842261585,"10,403",Not yet rated,NULL,N/A
ZIV,$50.15,1439842261682,"55,889",Not yet rated,NULL,N/A
DAKT,$12.24,1439842261740,"81,106",50% bullish,of 2 ratings,$14
DARA,$0.9012,1439842261844,"49,503",83% bullish,of 6 ratings,$1.50
DAIO,$2.69,1439842261983,"1,712",Not yet rated,NULL,N/A
DTLK,$6.07,1439842262017,"31,996",100% bearish,of 1 rating,$9
DWCH,$5.25,1439842262054,"21,722",75% bullish,of 4 ratings,$8.25
DRAM,$1.499,1439842262075,"5,004",78% bullish,of 9 ratings,N/A
DWSN,$5.16,1439842262150,"55,025",67% bullish,of 3 ratings,$6
PLAY,$37.18,1439842262182,"90,602",100% bullish,of 5 ratings,$42
DTEA,$13.5,1439842262319,"135,407",100% bearish,of 2 ratings,$24
DBVT,$42.16,1439842262348,"54,211",100% bearish,of 1 rating,$53
TRAK,$62.36,1439842262492,"82,773",50% bullish,of 2 ratings,$62.50
DHRM,$1.73,1439842262519,75,Not yet rated,NULL,N/A
DFRG,$15.45,1439842262540,"77,474",100% bearish,of 1 rating,$20
TACO,$13.7,1439842262704,"347,332",100% bullish,of 3 ratings,$20
DCTH,$0.4936,1439842262734,"174,273",78% bullish,of 9 ratings,N/A
TACOW,$4.45,1439842262835,"28,909",100% bullish,of 1 rating,N/A
DELTW,$0.17,1439842262861,"12,000",Not yet rated,NULL,N/A
XRAY,$56.75,1439842263000,"303,983",100% bullish,of 1 rating,$58
DENN,$12.4282,1439842263037,"227,896",100% bullish,of 3 ratings,$15
DELT,$2.389,1439842263066,"1,723",Not yet rated,NULL,N/A
DEPO,$31.45,1439842263134,"580,554",60% bullish,of 5 ratings,$32
DGAS,$20.17,1439842263164,"3,740",67% bearish,of 3 ratings,N/A
DERM,$25.15,1439842263211,"91,189",100% bearish,of 1 rating,$23
DSCI,$6.47,1439842263340,"83,937",50% bullish,of 2 ratings,$16
DXLG,$4.88,1439842263476,"7,780",100% bearish,of 1 rating,$8
DEST,$12.35,1439842263503,"48,649",50% bullish,of 2 ratings,N/A
DSWL,$1.767,1439842263567,347,100% bullish,of 1 rating,N/A
DXM,$0.3201,1439842263649,"142,821",50% bullish,of 2 ratings,N/A
DXCM,$98.07,1439842263843,"392,653",57% bullish,of 7 ratings,$98
DHIL,$193.1,1439842263903,"2,723",Not yet rated,NULL,N/A
DHXM,NULL,1439842263934,0,Not yet rated,NULL,N/A
DMND,$32.16,1439842263963,"57,736",75% bullish,of 12 ratings,$32
FANG,$72.28,1439842263993,"442,231",50% bullish,of 2 ratings,$86
DCIX,$1.89,1439842264033,"15,548",50% bullish,of 4 ratings,$3.50
DRNA,$11.07,1439842264092,"45,366",67% bearish,of 3 ratings,$25
DMRC,$37.91,1439842264294,"34,972",100% bearish,of 1 rating,$44
DGII,$10.06,1439842264377,"30,536",100% bearish,of 1 rating,$10
DGLY,$7.7329,1439842264403,"98,483",50% bullish,of 6 ratings,$20
DRAD,$4.16,1439842264433,"16,147",100% bullish,of 1 rating,$5.25
APPS,$2.35,1439842264537,"77,273",100% bearish,of 1 rating,$10.25
DCOM,$17.36,1439842264670,"44,102",100% bearish,of 2 ratings,$16.50
DISCK,$27.7,1439842264803,"659,345",100% bearish,of 1 rating,$40
DIOD,$20.47,1439842264831,"90,910",75% bearish,of 4 ratings,$24
DPRX,$12.97,1439842264855,"16,728",100% bullish,of 2 ratings,$27.75
DISCB,NULL,1439842264887,0,100% bearish,of 1 rating,$35
DISH,$67.18,1439842265058,"496,988",69% bullish,of 13 ratings,$73
DISCA,$29.3,1439842265118,"1,253,985",67% bullish,of 3 ratings,$34
DVCR,$11.81,1439842265148,"2,637",100% bullish,of 1 rating,N/A
DSCO,$0.47,1439842265170,"311,851",83% bullish,of 6 ratings,$2.75
BAGR,$2.997,1439842265250,"12,022",100% bearish,of 1 rating,$6
DLHC,$2.5148,1439842265313,"1,050",100% bearish,of 1 rating,N/A
DMLP,$14.83,1439842265584,"29,726",100% bearish,of 1 rating,N/A
DLTR,$78.48,1439842265610,"571,546",82% bullish,of 11 ratings,$88
DNBF,$26.54,1439842265642,998,Not yet rated,NULL,$27.50
DGICB,$21.37,1439842265668,4,100% bearish,of 1 rating,N/A
DGICA,$14.74,1439842265739,"10,263",100% bearish,of 1 rating,$17
DRWI,$0.3014,1439842265813,"76,300",60% bullish,of 5 ratings,$.45
HILL,$5.44,1439842265842,"249,969",60% bearish,of 5 ratings,$8
DORM,$52.19,1439842265872,"103,035",100% bearish,of 1 rating,$56
DRWIW,NULL,1439842266044,0,Not yet rated,NULL,N/A
DWA,$19.62,1439842266099,"188,556",63% bullish,of 8 ratings,$26
DRYS,$0.365,1439842266128,"2,500,345",77% bullish,of 31 ratings,$.60
CADT,NULL,1439842266228,0,Not yet rated,NULL,N/A
DSPG,$8.86,1439842266293,"22,145",100% bearish,of 1 rating,$13.50
DSKX,$3.82,1439842266324,"1,180,220",100% bullish,of 1 rating,N/A
DTSI,$27.65,1439842266621,"55,309",100% bearish,of 2 ratings,$39.50
CADTW,NULL,1439842266650,0,Not yet rated,NULL,N/A
DRRX,$2.25,1439842266672,"174,517",50% bullish,of 6 ratings,$3
DNKN,$52.53,1439842266694,"250,548",67% bullish,of 15 ratings,$56.50
CADTR,$0.195,1439842266738,300,Not yet rated,NULL,N/A
CADTU,NULL,1439842266825,0,Not yet rated,NULL,N/A
DYAX,$23.47,1439842266853,"351,046",89% bullish,of 9 ratings,$30
DXPE,$29.76,1439842266880,"93,422",50% bullish,of 2 ratings,N/A
DYSL,NULL,1439842267040,0,100% bullish,of 2 ratings,N/A
BOOM,$10.12,1439842267122,"31,003",67% bullish,of 3 ratings,$12
DYNT,$3.0001,1439842267184,"3,650",75% bullish,of 4 ratings,N/A
DVAX,$30.17,1439842267255,"164,272",70% bullish,of 10 ratings,$40
ETFC,$28.64,1439842267334,"894,413",57% bullish,of 14 ratings,$33
EBMT,NULL,1439842267411,0,Not yet rated,NULL,$13.50
EGLE,$7.52,1439842267517,"14,037",60% bullish,of 5 ratings,N/A
EGRX,$71.97,1439842267608,"259,572",67% bullish,of 3 ratings,$97
EGBN,$44.9866,1439842267664,"131,549",Not yet rated,NULL,$48
EROC,$1.495,1439842267712,"232,502",50% bullish,of 2 ratings,$3
EWBC,$45.21,1439842267845,"790,096",100% bearish,of 1 rating,$50
EACQU,$10.05,1439842267871,900,Not yet rated,NULL,N/A
ELNK,$9.1293,1439842267894,"687,234",80% bullish,of 5 ratings,$9.50
EBAY,$28.31,1439842268167,"4,114,503",81% bullish,of 117 ratings,$48
EVBS,NULL,1439842268199,0,Not yet rated,NULL,$7
EBIX,$30.91,1439842268220,"56,664",69% bullish,of 13 ratings,$40
EML,$17.2,1439842268272,"2,777",Not yet rated,NULL,N/A
ELON,$0.5564,1439842268354,"38,142",50% bullish,of 2 ratings,N/A
ECHO,$25.06,1439842268384,"131,538",67% bearish,of 3 ratings,$36
ECTE,$1.578,1439842268484,"123,675",75% bullish,of 4 ratings,N/A
SATS,$46.71,1439842268510,"40,787",50% bullish,of 2 ratings,$60
EEI,$11.1475,1439842268551,"1,284",67% bearish,of 3 ratings,N/A
EDAP,$3.62,1439842268732,"22,953",60% bullish,of 5 ratings,$4.50
EDGW,$7.1,1439842268759,258,100% bearish,of 1 rating,N/A
ECACU,$10.02,1439842268785,"1,100",Not yet rated,NULL,N/A
ESES,$3.59,1439842268814,"6,727",100% bearish,of 1 rating,$7
EFUT,$4.57,1439842268964,"4,185",Not yet rated,NULL,N/A
EDUC,$4.65,1439842269013,"1,900",100% bearish,of 1 rating,N/A
EGAN,$3.49,1439842269174,"88,741",50% bullish,of 2 ratings,$6.25
LOCO,$14.66,1439842269250,"1,327,634",69% bullish,of 13 ratings,$23
ESLT,$81.71,1439842269278,"5,970",100% bullish,of 2 ratings,N/A
EGLT,$12.88,1439842269341,"50,940",50% bullish,of 2 ratings,$21
EHTH,$14.89,1439842269410,"83,331",50% bullish,of 4 ratings,$16.50
EMITF,$1.29,1439842269438,"10,608",75% bullish,of 4 ratings,N/A
ERI,$9.82,1439842269572,"179,795",100% bearish,of 1 rating,$10
ELRC,$10.29,1439842269632,"11,290",100% bearish,of 1 rating,N/A
EA,$73.7,1439842269703,"1,290,052",77% bullish,of 35 ratings,$80
ESIO,$4.65,1439842269832,"83,173",50% bullish,of 2 ratings,$10
ELSE,$4.08,1439842269961,"5,348",60% bullish,of 5 ratings,N/A
EFII,$46.1,1439842269988,"83,634",80% bullish,of 5 ratings,$55
ELEC,NULL,1439842270009,0,Not yet rated,NULL,N/A
ELECU,NULL,1439842270040,0,Not yet rated,NULL,N/A
EBIO,$4.05,1439842270216,"1,212,170",100% bearish,of 2 ratings,$8.35
ELECW,NULL,1439842270247,0,Not yet rated,NULL,N/A
RDEN,$10.32,1439842270346,"70,262",100% bearish,of 4 ratings,$15
ELTK,$1.14,1439842270407,"10,595",67% bearish,of 3 ratings,N/A
ESBK,NULL,1439842270440,0,Not yet rated,NULL,N/A
CAPX,NULL,1439842270472,0,Not yet rated,NULL,N/A
LONG,$17.1,1439842270538,"92,290",67% bullish,of 3 ratings,$15.75
EMCI,$24.37,1439842270565,"4,929",Not yet rated,NULL,N/A
EMCF,$23.9899,1439842270767,363,100% bearish,of 1 rating,N/A
EMKR,$7.38,1439842270798,"614,453",75% bullish,of 4 ratings,$8.50
EMMSP,$3.38,1439842270832,400,100% bearish,of 1 rating,N/A
EMMS,$1.23,1439842270899,"42,631",67% bullish,of 6 ratings,N/A
NYNY,$4.47,1439842270930,"27,380",50% bullish,of 2 ratings,N/A
ENTA,$41.31,1439842270959,"85,689",50% bullish,of 2 ratings,$42
ERS,$3,1439842271059,"15,902",Not yet rated,NULL,N/A
ECPG,$41.02,1439842271165,"78,283",100% bullish,of 2 ratings,$52
ELGX,$13.05,1439842271325,"521,148",75% bullish,of 4 ratings,$17
WIRE,$33.89,1439842271388,"48,512",100% bearish,of 1 rating,$41
ENDP,$86.35,1439842271414,"799,111",50% bullish,of 6 ratings,$104
WATT,$7.05,1439842271440,"87,947",50% bullish,of 2 ratings,$13
ECYT,$5.44,1439842271496,"155,519",83% bullish,of 6 ratings,$12
EFOI,$16.28,1439842271576,"856,483",50% bullish,of 2 ratings,$17
EIGI,$16.25,1439842271634,"427,105",67% bearish,of 3 ratings,$20
EXXI,$1.6871,1439842271783,"504,278",86% bullish,of 7 ratings,$3.50
ERII,$2.9,1439842271809,"47,344",80% bullish,of 5 ratings,$2.50
ENOC,$8.96,1439842271840,"124,214",75% bullish,of 4 ratings,$18
ENG,$1.0984,1439842271941,"14,742",100% bullish,of 3 ratings,N/A
ENPH,$5.6,1439842271974,"262,910",75% bullish,of 4 ratings,$11
ESGR,$161.54,1439842272010,"26,934",100% bearish,of 1 rating,$185
ENFC,NULL,1439842272325,0,Not yet rated,NULL,N/A
ENTG,$14.705,1439842272512,"334,992",100% bearish,of 1 rating,$18
ENTL,$22.72,1439842272653,"13,536",Not yet rated,NULL,$28
EBTC,$21.21,1439842272683,806,Not yet rated,NULL,N/A
ETRM,$0.2739,1439842272709,"636,102",69% bearish,of 35 ratings,$1.625
EGT,$2.2399,1439842272783,"1,753",100% bullish,of 1 rating,N/A
ENZN,$1.105,1439842272940,"839,724",100% bullish,of 9 ratings,N/A
ENZY,$8.825,1439842273070,"23,008",67% bullish,of 3 ratings,$9.50
EPIQ,$13.99,1439842273102,"38,790",100% bearish,of 1 rating,$18
EPRS,$5.13,1439842273158,"49,495",82% bullish,of 11 ratings,$15
ENVI,$1.855,1439842273196,"25,600",67% bullish,of 3 ratings,N/A
EPZM,$18.69,1439842273227,"124,193",60% bullish,of 5 ratings,$34
EFSC,$24.83,1439842273259,"15,343",Not yet rated,NULL,$27
PLUS,$75.73,1439842273333,"45,896",50% bullish,of 2 ratings,$88
EQFN,$8.35,1439842273393,"3,100",Not yet rated,NULL,N/A
EQIX,$283.4444,1439842273585,"162,186",67% bullish,of 3 ratings,$312.50
ERIC,$10.42,1439842273729,"875,035",63% bullish,of 8 ratings,$13.30
EAC,$3.44,1439842273757,"3,679",100% bearish,of 1 rating,$7.50
ESCA,$18.66,1439842273906,"4,462",100% bearish,of 1 rating,$22
ERIE,$87.355,1439842273935,"13,229",Not yet rated,NULL,$73
ESCR,$0.2388,1439842273966,"7,331",50% bullish,of 2 ratings,N/A
ESCRP,$1.6592,1439842273988,"5,485",100% bearish,of 1 rating,N/A
ESPR,$75.4,1439842274024,"968,989",56% bearish,of 9 ratings,$130
ESSA,$12.7715,1439842274050,"3,799",100% bearish,of 1 rating,N/A
EPIX,NULL,1439842274124,0,Not yet rated,NULL,N/A
ETSY,$17.31,1439842274340,"689,780",80% bullish,of 5 ratings,$16
CLWT,$2.5554,1439842274379,210,100% bearish,of 1 rating,N/A
ESSX,$0.4515,1439842274443,"34,313",50% bullish,of 2 ratings,N/A
ESND,$36.11,1439842274482,"68,936",100% bearish,of 1 rating,$40
ESMC,$1.4,1439842274531,706,Not yet rated,NULL,N/A
EEFT,$68.89,1439842274665,"89,446",100% bearish,of 1 rating,$67.50
EVEP,$9.01,1439842274834,"266,597",50% bullish,of 2 ratings,$15
ESEA,$6.45,1439842274919,279,100% bullish,of 1 rating,$15
EVLV,$2.35,1439842274966,"68,965",60% bullish,of 5 ratings,$6.50
EVOL,$6.43,1439842274994,"19,309",75% bullish,of 4 ratings,$10
EVK,$3.9,1439842275015,"3,284",75% bearish,of 4 ratings,N/A
EXAS,$23.3931,1439842275145,"285,307",78% bullish,of 9 ratings,$31
EVOK,$4.62,1439842275176,"7,928",100% bearish,of 1 rating,$13.75
EXAC,$18.85,1439842275198,"35,973",100% bearish,of 1 rating,$22.50
EXA,$10.72,1439842275276,"33,233",100% bearish,of 1 rating,$13
EXEL,$5.9272,1439842275339,"1,388,401",81% bullish,of 16 ratings,$6
EXFO,$2.89,1439842275586,"1,600",67% bearish,of 3 ratings,$3.95
EXLS,$37.49,1439842275624,"34,081",100% bullish,of 1 rating,$41
EXPD,$49.19,1439842275723,"400,514",80% bullish,of 5 ratings,$50.50
EXPE,$123.06,1439842275753,"363,642",64% bullish,of 11 ratings,$130
ESRX,$88.9151,1439842275779,"983,061",67% bearish,of 6 ratings,$101
EXTR,$2.97,1439842275854,"382,551",80% bullish,of 5 ratings,$3
EXPO,$44.15,1439842275913,"26,417",100% bearish,of 1 rating,$45.50
EYEGW,NULL,1439842276092,0,Not yet rated,NULL,N/A
EZCH,$21.73,1439842276172,"133,316",75% bullish,of 8 ratings,$19.50
EXLP,$20.7445,1439842276210,"73,838",100% bearish,of 1 rating,$27
EYEG,$4.57,1439842276239,"75,546",Not yet rated,NULL,N/A
FFIV,$133.61,1439842276264,"361,384",71% bullish,of 7 ratings,$132
FB,$93.798,1439842276303,"10,902,536",73% bullish,of 1063 ratings,$111
EZPW,$6.12,1439842276328,"188,222",50% bullish,of 4 ratings,$7.50
FCS,$14.55,1439842276476,"317,433",67% bearish,of 3 ratings,$17
FRP,$17.98,1439842276621,"92,670",100% bearish,of 1 rating,$18
FALC,$1.69,1439842276673,"35,543",63% bearish,of 8 ratings,N/A
DAVE,$15.3,1439842276723,"39,233",100% bearish,of 1 rating,$15.50
FWM,$2.41,1439842276776,"139,370",100% bearish,of 2 ratings,$3.20
FFKT,$27.36,1439842276869,"9,757",Not yet rated,NULL,$29
FMNB,$8.1699,1439842276905,"12,174",Not yet rated,NULL,N/A
FARM,$23.14,1439842276931,"8,060",100% bearish,of 1 rating,$35
FATE,$7.69,1439842277072,"16,453",100% bearish,of 1 rating,$11
FARO,$42.13,1439842277102,"50,391",50% bullish,of 2 ratings,$48
FBSS,NULL,1439842277178,0,Not yet rated,NULL,N/A
FAST,$40.3383,1439842277231,"546,425",80% bullish,of 5 ratings,$46
FBRC,$23.54,1439842277260,"9,309",100% bearish,of 1 rating,$29
FNHC,$24.1992,1439842277322,"49,599",100% bearish,of 1 rating,$35
FDML,$9.75,1439842277497,"95,331",50% bullish,of 4 ratings,$14
FEIC,$81.5325,1439842277575,"198,160",50% bullish,of 2 ratings,$95.50
FCSC,$6.6,1439842277713,"63,217",100% bearish,of 1 rating,$8.125
FGEN,$25.48,1439842277746,"374,729",100% bearish,of 1 rating,$39
FENX,$9.84,1439842277768,"42,036",100% bullish,of 1 rating,$14.25
FHCO,$1.5001,1439842277798,"21,440",50% bullish,of 4 ratings,N/A
ONEQ,$200.044,1439842277846,"41,560",100% bullish,of 1 rating,N/A
LION,$20.5032,1439842277930,"137,747",100% bullish,of 1 rating,$20
FRGI,$55.37,1439842278075,"106,250",50% bullish,of 2 ratings,$70
FSC,$6.53,1439842278134,"428,493",75% bullish,of 4 ratings,$8
FSAM,$8.9199,1439842278214,"12,416",100% bearish,of 1 rating,$11
FSCFL,$25.06,1439842278271,"3,144",Not yet rated,NULL,N/A
FDUS,$15.04,1439842278297,"22,807",100% bullish,of 1 rating,$18
FITB,$21.1305,1439842278325,"1,731,609",54% bullish,of 13 ratings,$22
FSFR,$9.17,1439842278351,"98,936",100% bearish,of 1 rating,$11.50
FITBI,$27.8,1439842278495,"9,962",Not yet rated,NULL,N/A
FNGN,$36.5145,1439842278523,"141,712",67% bullish,of 3 ratings,$47
FISI,$24.82,1439842278677,"107,251",100% bullish,of 2 ratings,$24.50
FNJN,$1.76,1439842278707,"22,669",100% bearish,of 1 rating,$5
FNTC,NULL,1439842278841,0,Not yet rated,NULL,N/A
FNSR,$17.5494,1439842278867,"505,288",86% bullish,of 7 ratings,$25
FNTCU,NULL,1439842278888,0,Not yet rated,NULL,N/A
FEYE,$43.1949,1439842279039,"1,621,343",87% bullish,of 15 ratings,$55.50
FNTCW,NULL,1439842279094,0,Not yet rated,NULL,N/A
FBNC,$17.11,1439842279122,"9,839",100% bullish,of 1 rating,$20
FNLC,$18.86,1439842279155,"8,630",100% bullish,of 1 rating,N/A
FRBA,$5.992,1439842279279,"5,550",Not yet rated,NULL,$8
FCVA,$4.5701,1439842279308,225,Not yet rated,NULL,N/A
BUSE,$6.43,1439842279345,"20,037",Not yet rated,NULL,$6.875
FBIZ,$44,1439842279387,"6,307",100% bearish,of 2 ratings,$52
FCAP,$26.95,1439842279524,"4,722",Not yet rated,NULL,N/A
FCFS,$38.2421,1439842279623,"44,028",100% bearish,of 2 ratings,$48
FCNCA,$251.9638,1439842279655,"17,488",Not yet rated,NULL,N/A
FCCO,$12.02,1439842279791,"1,332",Not yet rated,NULL,$13.25
FCLF,$9.2,1439842279818,"1,200",Not yet rated,NULL,N/A
FCBC,$18.12,1439842279844,"10,727",Not yet rated,NULL,$17
FCFP,$7,1439842279872,"1,400",Not yet rated,NULL,N/A
FDEF,$37.67,1439842280125,"16,991",Not yet rated,NULL,$38
FFBC,$19.24,1439842280155,"82,550",67% bearish,of 3 ratings,$20.25
FFNM,$6.42,1439842280182,400,Not yet rated,NULL,N/A
FFBCW,NULL,1439842280226,0,100% bearish,of 1 rating,N/A
FBNK,$16.35,1439842280256,"4,483",100% bearish,of 1 rating,$17.50
FFIN,$32.66,1439842280354,"28,344",50% bullish,of 2 ratings,$31.75
THFF,$33.75,1439842280431,"8,960",Not yet rated,NULL,$35
FFNW,$12.5,1439842280574,"4,076",Not yet rated,NULL,$14
FFWM,$21.34,1439842280708,"30,917",Not yet rated,NULL,$24
FRME,$26.26,1439842280729,"183,262",Not yet rated,NULL,$26.50
FMBH,$21.86,1439842280761,"3,157",Not yet rated,NULL,N/A
INBK,$36.04,1439842280789,"21,001",50% bullish,of 2 ratings,$37
FMBI,$18.5478,1439842280810,"110,741",Not yet rated,NULL,$20
FIBK,$28.05,1439842280845,"31,129",Not yet rated,NULL,$32
FNBC,$36.6916,1439842280942,"50,513",Not yet rated,NULL,$41
FNFG,$9.715,1439842281148,"864,095",80% bullish,of 5 ratings,$9
FSLR,$51.4368,1439842281185,"683,718",74% bullish,of 39 ratings,$65
FNWB,$12.3299,1439842281206,"3,400",Not yet rated,NULL,N/A
FSFG,$31.49,1439842281291,"4,568",Not yet rated,NULL,N/A
FSBK,$7.96,1439842281338,"6,510",100% bullish,of 1 rating,N/A
FSGI,$2.4899,1439842281368,"4,996",Not yet rated,NULL,N/A
BICK,NULL,1439842281471,0,100% bullish,of 1 rating,N/A
FBZ,NULL,1439842281602,0,Not yet rated,NULL,N/A
FTCS,$38.73,1439842281735,"24,808",Not yet rated,NULL,N/A
FCA,$23,1439842281767,"5,787",Not yet rated,NULL,N/A
FCAN,$25.77,1439842281793,"1,965",Not yet rated,NULL,N/A
FV,$24.96,1439842281871,"1,086,337",Not yet rated,NULL,N/A
FEMB,NULL,1439842281901,0,Not yet rated,NULL,N/A
IFV,$18.8696,1439842281949,"407,871",100% bearish,of 1 rating,N/A
FTSM,$59.92,1439842282004,"17,404",100% bearish,of 1 rating,N/A
TDIV,$26.1494,1439842282153,"34,473",100% bearish,of 1 rating,N/A
FGM,$37.5055,1439842282286,"3,205",Not yet rated,NULL,N/A
FEUZ,$32.5,1439842282313,100,Not yet rated,NULL,N/A
MDIV,$19.91,1439842282359,"120,663",Not yet rated,NULL,N/A
HYLS,$49.82,1439842282443,"232,310",100% bearish,of 1 rating,N/A
FTGC,$22.793,1439842282468,"204,226",Not yet rated,NULL,N/A
FTHI,$20.57,1439842282496,"1,106",Not yet rated,NULL,N/A
FHK,$35.9759,1439842282700,"3,539",Not yet rated,NULL,N/A
FPXI,NULL,1439842282726,0,Not yet rated,NULL,N/A
YDIV,$17.206,1439842282751,"1,175",Not yet rated,NULL,N/A
CU,$13.3548,1439842282892,"2,391",100% bearish,of 1 rating,N/A
FJP,$50.59,1439842282928,"35,127",Not yet rated,NULL,N/A
PLTM,$6.533,1439842282959,"1,300",100% bearish,of 1 rating,N/A
SKYY,$30.6999,1439842283064,"35,952",100% bullish,of 1 rating,N/A
FTLB,NULL,1439842283114,0,100% bearish,of 1 rating,N/A
FMB,$51.2,1439842283295,204,Not yet rated,NULL,N/A
LMBS,NULL,1439842283324,0,Not yet rated,NULL,N/A
CIBR,$19.77,1439842283428,"69,697",Not yet rated,NULL,N/A
FONE,$36.47,1439842283466,160,Not yet rated,NULL,N/A
QCLN,$16.28,1439842283492,"13,171",Not yet rated,NULL,N/A
QABA,$39.69,1439842283524,"14,900",100% bearish,of 1 rating,N/A
GRID,$34.6299,1439842283626,107,100% bearish,of 1 rating,N/A
QQEW,$44.43,1439842283762,"28,009",Not yet rated,NULL,N/A
RDVY,$22.5384,1439842283791,"10,796",Not yet rated,NULL,N/A
CARZ,$36.93,1439842283925,"2,532",100% bearish,of 1 rating,N/A
QQXT,$43.07,1439842283952,"4,345",Not yet rated,NULL,N/A
QTEC,$42.55,1439842283981,"112,929",Not yet rated,NULL,N/A
AIRR,$17.1,1439842284002,"20,432",100% bearish,of 1 rating,N/A
QINC,$21.6399,1439842284136,"5,689",Not yet rated,NULL,N/A
FTSL,$48.965,1439842284181,"38,351",100% bearish,of 1 rating,N/A
FKO,NULL,1439842284400,0,Not yet rated,NULL,N/A
FDIV,$47.39,1439842284430,"9,239",100% bearish,of 1 rating,N/A
FTW,$32.02,1439842284463,"2,586",Not yet rated,NULL,N/A
TUSA,$26.4352,1439842284532,550,Not yet rated,NULL,N/A
FSZ,$40.7645,1439842284557,"1,825",Not yet rated,NULL,N/A
FUNC,$8.333,1439842284625,821,Not yet rated,NULL,N/A
FKU,$43.97,1439842284702,"42,967",Not yet rated,NULL,N/A
SVVC,$10.65,1439842284831,"10,452",100% bullish,of 1 rating,$26
FMER,$18.7,1439842284885,"627,176",50% bullish,of 2 ratings,$20
FIVE,$37.7238,1439842284966,"273,721",75% bearish,of 4 ratings,$44
FISV,$89.8631,1439842285015,"372,886",100% bearish,of 3 ratings,$90
FPRX,$19.22,1439842285073,"201,193",50% bullish,of 2 ratings,$35
FSV,$33.98,1439842285107,"8,604",Not yet rated,NULL,$33.60
FIVN,$4.43,1439842285208,"104,698",100% bullish,of 1 rating,$8.50
FLML,$21.47,1439842285236,"156,527",50% bullish,of 2 ratings,$30
FLKS,$14.37,1439842285278,"17,928",50% bullish,of 2 ratings,$27
FLXN,$23.883,1439842285466,"54,467",100% bearish,of 1 rating,$39.50
MBSD,NULL,1439842285514,0,Not yet rated,NULL,N/A
SKOR,$50.43,1439842285593,20,Not yet rated,NULL,N/A
FLXS,$41.57,1439842285649,"17,642",100% bearish,of 2 ratings,N/A
FLEX,$11.175,1439842285678,"1,213,251",63% bullish,of 8 ratings,$12
FLIR,$30.5618,1439842285700,"167,784",100% bearish,of 1 rating,$38.50
FLDM,$12.7653,1439842285733,"258,914",67% bearish,of 3 ratings,$21.50
FFIC,$20.93,1439842285837,"21,777",Not yet rated,NULL,$21
FOMX,$10.6,1439842285872,"79,392",50% bullish,of 2 ratings,$23.50
FOGO,$18.46,1439842286128,"99,731",50% bullish,of 2 ratings,$25.50
FES,$0.9916,1439842286189,"1,320",50% bullish,of 2 ratings,$1
FONR,$9.64,1439842286227,"1,238",100% bullish,of 1 rating,N/A
FORTY,$35,1439842286257,500,Not yet rated,NULL,N/A
FORM,$6.6096,1439842286329,"163,461",67% bullish,of 3 ratings,$10.50
FTNT,$47.79,1439842286356,"734,735",80% bullish,of 10 ratings,$52
FORR,$32.26,1439842286799,"16,333",Not yet rated,NULL,N/A
FBIO,$3.11,1439842286842,"55,348",83% bullish,of 6 ratings,N/A
FORD,$1.15,1439842286987,"611,792",50% bullish,of 2 ratings,N/A
FWP,$25.5,1439842287034,"38,966",100% bearish,of 1 rating,$45
FWRD,$48.5743,1439842287065,"80,168",100% bearish,of 1 rating,$50
FMI,$20.14,1439842287091,"132,345",100% bearish,of 2 ratings,$27.50
FOSL,$62.0286,1439842287166,"506,441",50% bullish,of 4 ratings,$70
FXCB,$17.4794,1439842287228,"1,329",Not yet rated,NULL,$19
FOXF,$15.8,1439842287618,"22,833",100% bearish,of 1 rating,$19
FREE,$0.52,1439842287646,"1,371,480",92% bullish,of 12 ratings,N/A
FRAN,$11.2956,1439842287675,"449,469",50% bullish,of 4 ratings,$15
FELE,$30.1733,1439842287697,"101,763",50% bullish,of 4 ratings,$33
FRED,$14.6,1439842287731,"86,880",50% bullish,of 2 ratings,$16.50
RAIL,$22.0677,1439842287752,"58,092",100% bearish,of 1 rating,$24.50
FEIM,$10.95,1439842287830,"2,010",100% bearish,of 1 rating,N/A
FTR,$5.61,1439842287989,"10,103,569",78% bullish,of 27 ratings,$6.25
FRPT,$14.54,1439842288020,"184,714",67% bearish,of 3 ratings,$23.50
FTRPR,$109.35,1439842288070,"109,250",100% bearish,of 1 rating,N/A
FRPH,$31.545,1439842288203,706,100% bearish,of 1 rating,N/A
FTD,$30.4881,1439842288231,"107,679",100% bearish,of 1 rating,$40
FSBW,$23.51,1439842288257,"3,972",Not yet rated,NULL,N/A
FSYS,$6.68,1439842288283,"22,021",67% bullish,of 3 ratings,$10
FTEK,$2.32,1439842288502,"27,446",75% bullish,of 4 ratings,N/A
FCEL,$0.7964,1439842288534,"474,854",88% bullish,of 40 ratings,$2.65
FULL,$3.21,1439842288589,"55,125",67% bearish,of 3 ratings,$4.25
FULLL,$25.587,1439842288638,400,Not yet rated,NULL,N/A
FSNN,$2.6,1439842288776,"2,480",67% bullish,of 3 ratings,$6
FULT,$13.1033,1439842288806,"261,288",100% bearish,of 1 rating,$13
FLL,$1.58,1439842288886,"18,003",75% bullish,of 4 ratings,$2.825
FFHL,$0.88,1439842288917,30,50% bullish,of 4 ratings,N/A
FXEN,$1.02,1439842289047,"251,872",75% bullish,of 4 ratings,$1.10
GK,$72.0886,1439842289074,"38,242",Not yet rated,NULL,$78
FXENP,$16.5,1439842289108,350,100% bearish,of 1 rating,N/A
WILC,$5.24,1439842289242,"3,893",100% bullish,of 2 ratings,N/A
GLPG,$59.9,1439842289284,"6,667",100% bullish,of 1 rating,$75
GAIA,$5.82,1439842289377,"42,158",50% bullish,of 2 ratings,$8.50
GALT,$2.2,1439842289436,"153,362",80% bullish,of 5 ratings,N/A
GALTU,NULL,1439842289598,0,100% bearish,of 1 rating,N/A
GALTW,$0.7131,1439842289626,999,100% bullish,of 1 rating,N/A
GALE,$1.46,1439842289653,"442,538",89% bullish,of 47 ratings,$4
GLMD,$8.8,1439842289681,"10,151",67% bullish,of 3 ratings,$20.50
GLPI,$33.4139,1439842289813,"205,265",100% bearish,of 1 rating,$37.50
GPIC,$10.27,1439842289842,864,100% bearish,of 1 rating,N/A
GRMN,$39.9359,1439842289869,"312,570",50% bullish,of 6 ratings,$48
GGACR,NULL,1439842289890,0,100% bullish,of 1 rating,N/A
GGACU,NULL,1439842290121,0,Not yet rated,NULL,N/A
GGACW,NULL,1439842290168,0,Not yet rated,NULL,N/A
GARS,$14.92,1439842290258,"10,149",Not yet rated,NULL,$16
GGAC,$9.82,1439842290285,200,100% bearish,of 1 rating,N/A
GENC,$9.45,1439842290310,225,100% bearish,of 1 rating,N/A
GNCMA,$18.0866,1439842290336,"51,509",100% bearish,of 1 rating,$12
GFN,$4.01,1439842290364,"30,714",100% bearish,of 2 ratings,$8
GFNCP,$93.77,1439842290627,100,Not yet rated,NULL,N/A
GFNSL,$25.8,1439842290672,"2,500",Not yet rated,NULL,N/A
GENE,$2.73,1439842290695,"101,895",100% bullish,of 12 ratings,N/A
GNMK,$9.486,1439842290762,"48,160",67% bullish,of 6 ratings,$14
GNTX,$16.06,1439842290796,"932,570",Not yet rated,NULL,$20
GNCA,$13.11,1439842290821,"73,468",100% bearish,of 1 rating,$20
GHDX,$26.78,1439842290842,"147,336",50% bullish,of 2 ratings,$30
THRM,$48.56,1439842290878,"121,300",75% bearish,of 4 ratings,$55.50
GNVC,$2.44,1439842291016,"7,821",90% bullish,of 10 ratings,$8.50
GTWN,NULL,1439842291277,0,Not yet rated,NULL,N/A
GIGM,$0.6229,1439842291381,"62,513",100% bullish,of 2 ratings,N/A
GABC,$29.7,1439842291409,"8,254",Not yet rated,NULL,$31.50
GEOS,$15.92,1439842291444,"57,028",100% bearish,of 3 ratings,$25.50
ROCK,$18.67,1439842291474,"225,683",80% bullish,of 5 ratings,$24
GIGA,$1.45,1439842291539,"14,444",100% bearish,of 1 rating,N/A
GERN,$3.47,1439842291567,"1,361,642",88% bullish,of 16 ratings,$5.25
GEVO,$2.17,1439842291594,"164,663",75% bullish,of 12 ratings,N/A
GIII,$69.96,1439842291751,"69,404",67% bullish,of 3 ratings,$75
GILD,$116.43,1439842291808,"3,332,281",91% bullish,of 86 ratings,$129
GILT,$4.563,1439842291845,"5,494",50% bullish,of 2 ratings,N/A
GBCI,$28.135,1439842291956,"79,899",50% bullish,of 2 ratings,$31
GLAD,$8.36,1439842291983,"72,205",50% bullish,of 2 ratings,$8.75
GLADO,$25.59,1439842292009,"3,590",Not yet rated,NULL,N/A
GOOD,$15.95,1439842292058,"47,715",Not yet rated,NULL,$19
GOODN,$25.65,1439842292330,800,Not yet rated,NULL,N/A
GOODP,$25.3,1439842292361,"1,263",Not yet rated,NULL,N/A
GOODO,$25.223,1439842292392,550,Not yet rated,NULL,N/A
GAIN,$7.97,1439842292463,"133,941",100% bullish,of 2 ratings,$8.25
LAND,$9.56,1439842292496,"7,924",50% bullish,of 2 ratings,$13.75
GAINP,$26.1305,1439842292536,"1,467",Not yet rated,NULL,N/A
GAINO,$25.59,1439842292595,"3,560",Not yet rated,NULL,N/A
GAINN,$25.4446,1439842292625,"70,495",Not yet rated,NULL,N/A
GLBZ,$11.85,1439842292729,"1,712",Not yet rated,NULL,N/A
GBT,$53.06,1439842292759,"371,683",Not yet rated,NULL,N/A
ENT,$13.1,1439842292893,"191,548",100% bearish,of 1 rating,$18
GDEF,$10.54,1439842292919,1,Not yet rated,NULL,N/A
GPACU,$10.08,1439842293085,200,Not yet rated,NULL,N/A
GBLI,$27.39,1439842293120,"7,021",Not yet rated,NULL,N/A
GSOL,$8.44,1439842293148,"16,475",100% bearish,of 1 rating,N/A
ACTX,NULL,1439842293224,0,100% bullish,of 1 rating,N/A
SOCL,$18.69,1439842293286,"14,483",100% bullish,of 2 ratings,N/A
QQQC,$21.57,1439842293355,"8,633",100% bearish,of 1 rating,N/A
ALTY,NULL,1439842293508,0,Not yet rated,NULL,N/A
SRET,$13.9001,1439842293535,"3,625",Not yet rated,NULL,N/A
YLCO,$12.3,1439842293562,915,Not yet rated,NULL,N/A
GAI,$5.51,1439842293617,812,50% bullish,of 2 ratings,N/A
GSM,$14.29,1439842293695,"136,954",50% bullish,of 2 ratings,$24.50
GBIM,$2.4,1439842293784,"85,653",50% bullish,of 2 ratings,N/A
GLYC,$7.46,1439842293974,"8,776",50% bullish,of 2 ratings,$14
GLRI,$1.19,1439842294019,"6,062",100% bearish,of 1 rating,$6
GLUU,$4.7465,1439842294069,"1,113,274",92% bullish,of 26 ratings,$9
GLNG,$39.21,1439842294096,"670,115",83% bullish,of 6 ratings,$58
GLBS,$1.21,1439842294125,"3,218",67% bullish,of 3 ratings,N/A
GOGO,$16.42,1439842294226,"298,652",80% bullish,of 5 ratings,$25
GMLP,$20.63,1439842294897,"57,208",50% bullish,of 4 ratings,$33
GLDC,$4.12,1439842295199,100,50% bullish,of 2 ratings,N/A
GDEN,$9.02,1439842295345,"3,025",50% bullish,of 2 ratings,N/A
GOGL,$3.61,1439842295413,"132,714",75% bullish,of 4 ratings,$5
GBDC,$16.54,1439842295612,"83,265",Not yet rated,NULL,$17.75
GPRO,$58.51,1439842295676,"2,547,191",79% bullish,of 58 ratings,$72
GTIM,$7.27,1439842295744,"50,448",Not yet rated,NULL,$11.50
GOOG,$656.9233,1439842295833,"430,688",89% bullish,of 64 ratings,$795
GMAN,$4.7,1439842295861,"51,452",60% bullish,of 5 ratings,$8
GPIAW,NULL,1439842295891,0,Not yet rated,NULL,N/A
GPIA,NULL,1439842295912,0,Not yet rated,NULL,N/A
GOOGL,$690.2155,1439842295933,"505,697",88% bullish,of 1078 ratings,$747
GRVY,$3.56,1439842296067,450,50% bullish,of 2 ratings,N/A
GPIAU,NULL,1439842296096,0,Not yet rated,NULL,N/A
LOPE,$39.4499,1439842296203,"123,874",100% bearish,of 2 ratings,$50
GBSN,$2.42,1439842296236,"41,035",100% bearish,of 1 rating,$8.25
GBSNU,$16.5,1439842296306,"12,850",Not yet rated,NULL,N/A
GLDD,$5.58,1439842296400,"68,668",100% bearish,of 4 ratings,$7.75
GPP,$14.9899,1439842296562,"12,002",Not yet rated,NULL,$20.50
GPRE,$22.9697,1439842296599,"503,758",67% bullish,of 6 ratings,$28.50
GSBC,$42.39,1439842296627,"10,982",100% bullish,of 1 rating,$44
GRBK,$14.3423,1439842296649,"207,657",77% bullish,of 13 ratings,N/A
GNBC,$13.5,1439842296681,"12,714",100% bearish,of 1 rating,$17
GRFS,$32.04,1439842296817,"258,337",50% bullish,of 2 ratings,$35
GRIF,NULL,1439842296877,0,100% bearish,of 1 rating,N/A
GRPN,$4.405,1439842297035,"7,239,894",61% bullish,of 71 ratings,$6.75
GGAL,$21.09,1439842297066,"117,163",80% bullish,of 5 ratings,$40
GLRE,$26.6,1439842297093,"78,112",100% bullish,of 1 rating,$41
GCBC,NULL,1439842297225,0,100% bullish,of 1 rating,N/A
OMAB,$43.38,1439842297251,"28,104",100% bullish,of 1 rating,$44
GSIG,$13.71,1439842297405,"9,745",100% bearish,of 2 ratings,N/A
GBNK,$16.48,1439842297541,"18,451",100% bearish,of 1 rating,$18
GSVC,$9.53,1439842297601,"23,255",50% bullish,of 2 ratings,$14.50
GFED,NULL,1439842297671,0,Not yet rated,NULL,$17
GSIT,$5,1439842297700,"6,684",100% bearish,of 1 rating,N/A
GULTU,$0.33,1439842297724,"839,112",100% bearish,of 1 rating,N/A
GIFI,$12.21,1439842297749,"26,590",100% bearish,of 1 rating,$16
GTXI,$0.9991,1439842297779,"36,048",100% bullish,of 5 ratings,$.75
GUID,$9.18,1439842297980,"32,985",100% bearish,of 3 ratings,$10
GPOR,$35.71,1439842298123,"1,236,449",75% bullish,of 4 ratings,$55.50
GURE,$1.8299,1439842298183,"73,987",88% bullish,of 8 ratings,N/A
GWPH,$114.46,1439842298208,"98,877",78% bullish,of 9 ratings,$148.50
GYRO,$2.8799,1439842298234,"2,200",100% bearish,of 1 rating,N/A
GWGH,$7.76,1439842298411,100,100% bearish,of 1 rating,$15.05
HLG,$9.01,1439842298473,753,100% bearish,of 1 rating,N/A
HEES,$17.31,1439842298546,"129,852",67% bearish,of 3 ratings,$31
HNRG,$7.69,1439842298572,"55,231",100% bearish,of 1 rating,$10
HALL,$11.73,1439842298612,"33,759",Not yet rated,NULL,N/A
HMPR,$1.96,1439842298639,"7,417",100% bullish,of 1 rating,N/A
HALO,$19.76,1439842298708,"711,569",67% bullish,of 3 ratings,$22.50
HBHC,$29.13,1439842298739,"160,109",50% bullish,of 2 ratings,$30
HBK,$13.52,1439842298894,800,50% bullish,of 2 ratings,N/A
HBHCL,$24.565,1439842298945,"23,333",Not yet rated,NULL,N/A
HNH,$29.255,1439842299038,"2,183",100% bullish,of 1 rating,N/A
HQCL,$11.09,1439842299229,"4,110",67% bullish,of 3 ratings,N/A
HAFC,$26,1439842299269,"41,559",100% bullish,of 2 ratings,$28.50
HRMN,NULL,1439842299329,0,Not yet rated,NULL,N/A
HNSN,$0.52,1439842299359,"114,497",88% bullish,of 8 ratings,$.40
HDNG,$10.23,1439842299389,"10,956",50% bullish,of 4 ratings,N/A
HRMNU,NULL,1439842299410,0,Not yet rated,NULL,N/A
HRMNW,NULL,1439842299461,0,Not yet rated,NULL,N/A
HLIT,$5.8065,1439842299626,"272,298",100% bearish,of 1 rating,$6.50
TINY,$2.5897,1439842299682,"23,804",50% bullish,of 2 ratings,$5.26
HBIO,$4.605,1439842299818,"48,569",Not yet rated,NULL,$10
HART,$0.65,1439842299861,"271,342",100% bearish,of 1 rating,N/A
HCAP,$12.42,1439842299953,"7,874",50% bullish,of 2 ratings,$15
HA,$25.93,1439842300059,"599,836",67% bullish,of 9 ratings,$27
HAS,$80.59,1439842300086,"304,979",63% bullish,of 8 ratings,$84.50
HWKN,$37.635,1439842300215,"8,312",Not yet rated,NULL,N/A
HCAPL,$25.74,1439842300275,"1,400",Not yet rated,NULL,N/A
HDS,$34.805,1439842300371,"614,282",100% bearish,of 2 ratings,$39.50
HAYN,$40.9303,1439842300401,"34,482",100% bearish,of 1 rating,$59
HWBK,$13.75,1439842300453,526,100% bearish,of 1 rating,N/A
HIIQ,$4.85,1439842300485,"48,623",50% bullish,of 2 ratings,$7
HCOM,$23.49,1439842300590,"6,968",100% bearish,of 1 rating,$28
HCSG,$34.7517,1439842300617,"73,084",50% bullish,of 4 ratings,$35
HQY,$33.73,1439842300693,"174,145",67% bullish,of 3 ratings,$31
HWAY,$12.475,1439842300826,"107,647",100% bearish,of 1 rating,$15
HSTM,$25.76,1439842300888,"104,574",50% bullish,of 2 ratings,$33.75
HTLD,$21.24,1439842301041,"125,983",Not yet rated,NULL,$22.50
HTLF,$37.66,1439842301128,"14,698",100% bullish,of 1 rating,$39.50
HTBX,$5.54,1439842301211,"15,191",50% bullish,of 2 ratings,$15.50
HSII,$20.32,1439842301239,"45,648",100% bullish,of 3 ratings,$25
HELE,$91.85,1439842301266,"58,460",67% bearish,of 3 ratings,$100
HTWR,$89.6689,1439842301288,"106,070",50% bullish,of 2 ratings,$103
HMNY,NULL,1439842301475,0,100% bearish,of 1 rating,N/A
HMTV,$13.53,1439842301501,"2,759",100% bearish,of 1 rating,$16
HNNA,$23.31,1439842301527,550,Not yet rated,NULL,N/A
HSIC,$145.2949,1439842301750,"159,359",83% bullish,of 6 ratings,$146
HTBK,$11.11,1439842301784,"17,081",Not yet rated,NULL,$12
HCACU,$9.98,1439842301812,"1,765",Not yet rated,NULL,N/A
HERO,$0.065,1439842301883,"2,363,541",81% bullish,of 16 ratings,$.75
HEOP,$7.99,1439842301955,"10,608",Not yet rated,NULL,$8.50
HFWA,$18.56,1439842301981,"19,824",100% bullish,of 1 rating,$20
HCCI,$12.82,1439842302044,"16,558",100% bearish,of 1 rating,$16.50
MLHR,$29.42,1439842302111,"149,789",100% bullish,of 1 rating,$33.50
HFFC,$16.48,1439842302326,602,Not yet rated,NULL,N/A
HIBB,$41.19,1439842302421,"177,294",100% bearish,of 1 rating,$48.50
HSKA,$34.64,1439842302450,"33,972",100% bearish,of 1 rating,$38
HRTX,$31.74,1439842302529,"199,831",67% bullish,of 6 ratings,$41
HPJ,$2.8701,1439842302555,"15,886",75% bullish,of 4 ratings,$12.43
HIHO,$4.3,1439842302725,"14,870",Not yet rated,NULL,N/A
HIFS,$118.2,1439842302797,"1,046",Not yet rated,NULL,N/A
HSGX,$6.85,1439842302854,"9,324",100% bearish,of 1 rating,$17
HIMX,$6.88,1439842302880,"718,606",85% bullish,of 20 ratings,$8.50
HMNF,$11.5,1439842302908,20,Not yet rated,NULL,N/A
HMSY,$9.535,1439842302954,"845,462",67% bullish,of 3 ratings,$19.35
HOLI,$18.66,1439842303161,"411,342",50% bullish,of 4 ratings,$27
HBCP,$24.49,1439842303297,100,Not yet rated,NULL,$29
HOLX,$42.89,1439842303369,"1,323,127",67% bullish,of 3 ratings,$42
HOMB,$41.13,1439842303442,"143,259",Not yet rated,NULL,$41
HFBL,NULL,1439842303467,0,Not yet rated,NULL,N/A
AWAY,$31.0603,1439842303509,"450,522",67% bullish,of 3 ratings,$36
HMIN,$29.5,1439842303535,"41,409",100% bearish,of 2 ratings,$35
HMST,$21.97,1439842303681,"25,464",100% bullish,of 2 ratings,$27
HKTV,$5.21,1439842303835,"2,168",100% bearish,of 1 rating,N/A
CETC,$0.96,1439842303895,"80,597",86% bullish,of 7 ratings,N/A
HOFT,$25.6,1439842303927,"19,150",100% bearish,of 1 rating,N/A
HTBI,$18.5954,1439842303948,"37,311",67% bullish,of 3 ratings,$18.625
HBNC,$24.91,1439842303980,"13,196",100% bullish,of 1 rating,$27
HZNP,$31.85,1439842304008,"1,273,810",85% bullish,of 20 ratings,$40
HFBC,$11.73,1439842304033,"3,322",Not yet rated,NULL,N/A
ZINC,$8.7833,1439842304307,"223,422",100% bearish,of 1 rating,$17
HRZN,$11.28,1439842304333,"27,993",100% bearish,of 1 rating,$14.25
HWCC,$7.12,1439842305206,"85,576",100% bearish,of 1 rating,$9
HDP,$25.9575,1439842305409,"192,309",67% bearish,of 3 ratings,$30.50
HMHC,$23.5788,1439842305482,"197,929",Not yet rated,NULL,$27
HOVNP,$5.31,1439842305860,"1,402",100% bearish,of 1 rating,N/A
HBMD,$13.664,1439842305888,804,100% bearish,of 1 rating,N/A
HTGM,$5.72,1439842306023,"15,677",100% bearish,of 1 rating,$19.50
HCBK,$10.34,1439842306055,"654,449",83% bullish,of 6 ratings,$8.61
HDSN,$3.18,1439842306156,"11,112",100% bullish,of 1 rating,$6.25
HSNI,$63.1253,1439842306183,"197,092",Not yet rated,NULL,$80
HSON,$2.85,1439842306214,"36,724",100% bearish,of 1 rating,$5
HUBG,$41.25,1439842306241,"59,351",100% bearish,of 1 rating,$43
HBANP,$1357,1439842306322,40,100% bearish,of 1 rating,N/A
HURN,$75.81,1439842306480,"80,489",50% bullish,of 2 ratings,$80
HURC,$31.0399,1439842306506,"10,321",100% bearish,of 1 rating,N/A
HBAN,$11.795,1439842306538,"4,363,318",76% bullish,of 17 ratings,$12.50
HTCH,$1.68,1439842306568,"24,493",100% bearish,of 1 rating,$3.50
HBP,$3.1391,1439842306638,"21,070",100% bullish,of 1 rating,N/A
HDRA,NULL,1439842306664,0,Not yet rated,NULL,N/A
HDRAR,NULL,1439842306796,0,Not yet rated,NULL,N/A
HDRAU,NULL,1439842306946,0,Not yet rated,NULL,N/A
HYGS,$7.72,1439842307005,"19,026",50% bullish,of 2 ratings,$13
HDRAW,NULL,1439842307035,0,Not yet rated,NULL,N/A
IDSY,$4.01,1439842307088,"4,475",100% bearish,of 1 rating,$7
IACI,$75.08,1439842307135,"236,969",75% bullish,of 4 ratings,$90
IKGH,$1.74,1439842307165,"39,095",75% bullish,of 4 ratings,N/A
IBKC,$63.7128,1439842307222,"73,768",100% bullish,of 1 rating,$70
IEP,$73.6199,1439842307266,"83,657",75% bullish,of 4 ratings,$99
ICLR,$80.58,1439842307359,"1,368,512",100% bearish,of 3 ratings,$82
ICAD,$3.65,1439842307391,"27,568",50% bullish,of 2 ratings,$7.25
ICUI,$122.098,1439842307490,"62,514",Not yet rated,NULL,$122
ICFI,$35.26,1439842307521,"23,816",50% bullish,of 2 ratings,$48.50
ICON,$13.735,1439842307554,"527,898",50% bullish,of 2 ratings,$18.50
IPWR,$7.89,1439842307654,"4,445",100% bullish,of 1 rating,$15
INVE,$4.56,1439842307679,"137,224",75% bullish,of 4 ratings,$4
IDRA,$2.77,1439842307871,"707,664",89% bullish,of 9 ratings,$6.50
IDXX,$78.63,1439842307921,"282,746",100% bearish,of 1 rating,$77
IROQ,$16.6,1439842308069,"6,833",100% bullish,of 1 rating,N/A
DSKY,$12.46,1439842308103,"94,858",67% bullish,of 6 ratings,$11.50
IRG,$4.52,1439842308133,"5,954",100% bearish,of 1 rating,$4.50
IIVI,$17.93,1439842308166,"130,076",100% bearish,of 1 rating,$22
KANG,$16.88,1439842308202,"94,130",50% bullish,of 2 ratings,$22.55
RXDX,$13.6166,1439842308232,"110,248",100% bullish,of 1 rating,$20
IKAN,$2.73,1439842308365,"35,542",83% bullish,of 6 ratings,$5
ILMN,$208.0558,1439842308532,"802,594",80% bullish,of 5 ratings,$240
ISNS,$4.06,1439842308593,"16,544",50% bullish,of 2 ratings,N/A
ICCC,$9.2,1439842308662,"8,381",100% bullish,of 1 rating,N/A
IMMR,$12.465,1439842308691,"54,359",80% bullish,of 5 ratings,$15.50
IKNX,$11.3999,1439842308736,"5,520",100% bearish,of 1 rating,N/A
IMNP,$1.6,1439842308823,"82,547",50% bullish,of 2 ratings,$6
IMDZ,$16.54,1439842308852,"36,321",100% bearish,of 1 rating,$33
IMMU,$1.835,1439842308957,"217,383",86% bullish,of 7 ratings,$2
IMGN,$14.51,1439842308989,"599,583",75% bullish,of 4 ratings,$17.50
IPXL,$46.8,1439842309059,"373,744",67% bullish,of 3 ratings,$46.50
IMMY,$7.71,1439842309119,"12,250",100% bearish,of 1 rating,$11
INCY,$114.77,1439842309205,"1,369,843",50% bullish,of 6 ratings,$125.50
SAAS,$8.0382,1439842309286,"314,312",50% bullish,of 2 ratings,$15
INCR,$44.43,1439842309340,"517,715",50% bullish,of 2 ratings,$53
INDB,$48.93,1439842309418,"79,693",Not yet rated,NULL,$44
INFN,$24.71,1439842309817,"904,360",71% bullish,of 7 ratings,$27.50
IBTX,$44.56,1439842309849,"9,454",100% bullish,of 2 ratings,$47.25
IBCP,$14.75,1439842309870,"29,001",100% bullish,of 1 rating,$14.50
IDSA,$3.5746,1439842309918,"9,007",Not yet rated,NULL,N/A
INFI,$9.58,1439842309947,"238,508",50% bullish,of 4 ratings,$18
IPCC,$79.96,1439842310002,"22,774",Not yet rated,NULL,$77
III,$4.195,1439842310049,"101,877",57% bullish,of 7 ratings,$6
IFON,$1.35,1439842310093,"113,181",75% bullish,of 4 ratings,N/A
IMKTA,$55.3245,1439842310198,"61,681",100% bearish,of 1 rating,N/A
INWK,$7.82,1439842310302,"78,017",50% bullish,of 2 ratings,$10
INOD,$2.5425,1439842310355,"1,465",100% bearish,of 1 rating,N/A
INNL,$13.01,1439842310433,"1,700",100% bearish,of 1 rating,$16.50
IPHS,$51.53,1439842310486,"86,594",100% bearish,of 1 rating,$60
IOSP,$46.5162,1439842310519,"40,197",100% bearish,of 1 rating,N/A
INGN,$50.5565,1439842310669,"306,544",100% bearish,of 1 rating,$50.50
ISSC,$3,1439842310699,"3,900",67% bearish,of 3 ratings,N/A
ITEK,$15.2,1439842310725,"1,397,768",67% bearish,of 3 ratings,$20
INO,$7.855,1439842310777,"744,005",89% bullish,of 18 ratings,$20
NSIT,$26.77,1439842310853,"44,513",50% bullish,of 2 ratings,N/A
ISIG,$2.69,1439842311025,700,100% bearish,of 1 rating,N/A
INOV,$21.25,1439842311052,"172,391",100% bearish,of 1 rating,$33
INSM,$27.12,1439842311103,"182,939",71% bullish,of 7 ratings,$32
PODD,$30.27,1439842311132,"417,931",50% bullish,of 2 ratings,$35
INSY,$36.04,1439842311259,"444,488",75% bullish,of 4 ratings,$48
IIIN,$18.08,1439842311287,"8,144",100% bearish,of 2 ratings,N/A
NTEC,$6.03,1439842311358,"12,140",Not yet rated,NULL,N/A
IDTI,$19.61,1439842311457,"711,859",60% bullish,of 5 ratings,$25
IART,$62.2837,1439842311627,"99,929",100% bearish,of 1 rating,$71.50
INTC,$29.11,1439842311686,"7,788,088",82% bullish,of 238 ratings,$36
IESC,$7.23,1439842311758,"11,334",100% bearish,of 1 rating,N/A
ISSI,$22.39,1439842311841,"208,314",67% bullish,of 3 ratings,$19.75
IQNT,$17.82,1439842312166,"76,221",86% bullish,of 7 ratings,$20
IPCI,$2.26,1439842312333,"74,364",67% bullish,of 6 ratings,$7.75
IPAR,$28.53,1439842312484,"85,845",67% bullish,of 3 ratings,$38
IBKR,$42.83,1439842312511,"272,374",100% bullish,of 1 rating,N/A
ININ,$40.51,1439842312532,"18,755",67% bearish,of 3 ratings,$57
ICPT,$212.0357,1439842312682,"95,674",70% bullish,of 10 ratings,$363
ICLDW,$0.9602,1439842312814,201,100% bearish,of 1 rating,N/A
TILE,$25.8301,1439842312947,"612,909",67% bearish,of 3 ratings,$27
ICLD,$1.97,1439842312976,"1,303,838",75% bullish,of 4 ratings,N/A
INAP,$8.79,1439842312998,"57,102",75% bullish,of 4 ratings,$11
IMI,$2.07,1439842313037,"10,457",67% bullish,of 3 ratings,$2.22
IDCC,$50.59,1439842313130,"169,444",75% bullish,of 4 ratings,$63
ISCA,$33.73,1439842313156,"46,618",100% bearish,of 1 rating,N/A
IBOC,$27.72,1439842313186,"65,444",100% bearish,of 1 rating,N/A
IIJI,NULL,1439842313388,0,50% bullish,of 2 ratings,$11.50
IGLD,$7.76,1439842313420,"3,400",50% bullish,of 2 ratings,N/A
XENT,$28.65,1439842313473,"66,909",50% bullish,of 2 ratings,$36.50
INPH,$0.348,1439842313499,"8,152",50% bullish,of 2 ratings,N/A
PTNT,$3.06,1439842313528,"2,824",Not yet rated,NULL,N/A
INTX,$2.58,1439842313658,"35,092",67% bullish,of 3 ratings,N/A
ISIL,$11.07,1439842313687,"224,124",50% bullish,of 6 ratings,$15
IILG,$21.53,1439842313792,"35,032",100% bearish,of 1 rating,$30.50
ITCI,$31.48,1439842313929,"290,061",75% bearish,of 4 ratings,$40
INTL,$29.0676,1439842313972,"52,199",67% bearish,of 3 ratings,N/A
IVAC,$5.13,1439842314004,"5,534",Not yet rated,NULL,$6.625
INTLL,$25.7,1439842314061,"4,100",Not yet rated,NULL,N/A
INTU,$105.61,1439842314109,"403,416",100% bullish,of 7 ratings,$107.50
IIN,$6.25,1439842314143,"1,700",100% bearish,of 1 rating,$12
ISRG,$530.8825,1439842314278,"71,715",67% bullish,of 3 ratings,$600
SNAK,$8.78,1439842314305,"43,607",50% bullish,of 2 ratings,$14
INVT,$0.295,1439842314331,"165,284",67% bullish,of 3 ratings,N/A
ISBC,$12.395,1439842314482,"984,463",100% bullish,of 1 rating,$13.25
ISTR,$15.8999,1439842314514,629,100% bearish,of 1 rating,$18.50
NVIV,$12.29,1439842314579,"140,664",50% bullish,of 4 ratings,$24.50
ITIC,$71.03,1439842314608,"8,135",100% bearish,of 2 ratings,N/A
IVTY,$11.91,1439842314660,"14,795",Not yet rated,NULL,$18
IPAS,$1.08,1439842314744,"16,544",67% bullish,of 3 ratings,N/A
DTUL,NULL,1439842314851,0,Not yet rated,NULL,N/A
DFVL,NULL,1439842315061,0,Not yet rated,NULL,N/A
IPCM,$79.55,1439842315092,"82,407",50% bullish,of 2 ratings,$80.125
IRMD,$26.23,1439842315113,"10,396",67% bearish,of 3 ratings,$25
IRIX,$7.09,1439842315146,"10,046",100% bearish,of 1 rating,N/A
IPGP,$91.8211,1439842315178,"109,377",100% bearish,of 2 ratings,$109.50
IRDM,$6.975,1439842315204,"219,462",60% bullish,of 5 ratings,$11.50
IRDMB,$275.05,1439842315682,750,67% bearish,of 3 ratings,N/A
IRCP,NULL,1439842315709,0,100% bullish,of 2 ratings,N/A
IRWD,$11.6235,1439842315779,"858,859",100% bearish,of 1 rating,$13
IRBT,$31.2295,1439842315808,"116,098",67% bullish,of 6 ratings,$37
GNMA,$50.0675,1439842315834,"3,286",Not yet rated,NULL,N/A
COMT,$33.58,1439842315859,"15,222",100% bearish,of 1 rating,N/A
IFEU,$40.15,1439842315913,"9,355",Not yet rated,NULL,N/A
IFAS,$29.1,1439842316005,500,Not yet rated,NULL,N/A
FCHI,$50.78,1439842316093,"1,008",Not yet rated,NULL,N/A
IFGL,$30.14,1439842316202,"84,687",Not yet rated,NULL,N/A
IFNA,NULL,1439842316333,0,Not yet rated,NULL,N/A
AAXJ,$56.49,1439842316387,"325,750",Not yet rated,NULL,N/A
ACWX,$43.19,1439842316422,"587,397",100% bearish,of 1 rating,N/A
ACWI,$59.3,1439842316474,"2,320,400",Not yet rated,NULL,N/A
AXJS,NULL,1439842316521,0,Not yet rated,NULL,N/A
AAIT,$30.622,1439842316546,200,100% bullish,of 1 rating,N/A
EEMA,$53.3515,1439842316773,"27,731",Not yet rated,NULL,N/A
EMEY,$25.71,1439842316969,214,Not yet rated,NULL,N/A
EEME,$39.51,1439842317001,"4,320",100% bearish,of 1 rating,N/A
EEML,$28.885,1439842317032,556,Not yet rated,NULL,N/A
EGRW,$49.7489,1439842317058,"3,904",Not yet rated,NULL,N/A
EMDI,NULL,1439842317100,0,Not yet rated,NULL,N/A
EUFN,$23.25,1439842317127,"120,761",100% bearish,of 1 rating,N/A
IEUS,$47.3,1439842317193,"5,150",100% bearish,of 1 rating,N/A
EVAL,$37.5575,1439842317270,"1,852",Not yet rated,NULL,N/A
QAT,$22.05,1439842317399,"1,600",Not yet rated,NULL,N/A
UAE,$19.2317,1439842317441,"1,400",Not yet rated,NULL,N/A
SOXX,$86.39,1439842317469,"145,149",50% bullish,of 2 ratings,N/A
EMIF,$30.35,1439842317545,"3,926",Not yet rated,NULL,N/A
ICLN,$10.31,1439842317651,"32,905",50% bullish,of 2 ratings,N/A
IBB,$371.91,1439842317679,"612,983",63% bullish,of 8 ratings,N/A
ISHG,$78.7201,1439842317849,"48,296",100% bearish,of 1 rating,N/A
INDY,$29.68,1439842317877,"357,300",100% bullish,of 1 rating,N/A
WOOD,$51.37,1439842317905,"12,039",50% bullish,of 2 ratings,N/A
IGOV,$90.16,1439842317930,"17,455",100% bearish,of 1 rating,N/A
ISIS,$51.59,1439842318095,"509,402",53% bullish,of 15 ratings,$67
ISLE,$19.1552,1439842318154,"151,728",50% bullish,of 4 ratings,$16
ISRL,NULL,1439842318180,0,100% bearish,of 1 rating,N/A
ITRN,$25.84,1439842318238,"5,583",50% bullish,of 2 ratings,N/A
ITRI,$33.59,1439842318309,"94,131",Not yet rated,NULL,$37
XXIA,$15.67,1439842318398,"265,019",71% bullish,of 7 ratings,$14.625
ITUS,$4.21,1439842318471,"2,312",Not yet rated,NULL,N/A
IXYS,$11.11,1439842318531,"68,027",50% bullish,of 4 ratings,N/A
JJSF,$118.81,1439842318556,"18,071",100% bearish,of 1 rating,N/A
MAYS,NULL,1439842318615,0,Not yet rated,NULL,N/A
JASO,$8.43,1439842318705,"951,852",82% bullish,of 17 ratings,$10
JKHY,$71.53,1439842318841,"145,533",50% bullish,of 2 ratings,$72
JCOM,$73.4332,1439842318868,"121,545",100% bullish,of 2 ratings,$77
JBHT,$80.16,1439842318907,"247,930",50% bullish,of 4 ratings,$89.50
JACK,$87.47,1439842318939,"173,914",83% bullish,of 6 ratings,$105
JXSB,NULL,1439842319004,0,Not yet rated,NULL,N/A
JAXB,$12.9401,1439842319170,300,100% bullish,of 1 rating,N/A
JAKK,$9.7715,1439842319281,"139,581",60% bearish,of 5 ratings,$10.50
JAGX,$2.95,1439842319311,"1,500",Not yet rated,NULL,N/A
JRVR,$27.18,1439842319339,"18,086",Not yet rated,NULL,$27
JMBA,$14.09,1439842319366,"124,696",75% bullish,of 4 ratings,$18
ERW,$51.83,1439842319410,20,Not yet rated,NULL,N/A
JASN,$5.3,1439842319503,"21,027",50% bullish,of 2 ratings,$9.50
JASNW,$0.3,1439842319541,"9,050",50% bullish,of 2 ratings,N/A
JAZZ,$185.4018,1439842319688,"94,049",80% bullish,of 15 ratings,$206.50
JD,$27.32,1439842319753,"4,844,646",75% bullish,of 16 ratings,$36
JBLU,$24.39,1439842319791,"3,215,008",94% bullish,of 16 ratings,$27
JCTCF,$9.55,1439842319838,"1,440",100% bullish,of 1 rating,N/A
JTPY,$2.978,1439842319864,"1,317",100% bearish,of 1 rating,N/A
DATE,$6.53,1439842320065,"105,609",75% bullish,of 4 ratings,$9
JST,$4.45,1439842320094,"16,795",75% bullish,of 4 ratings,N/A
WYIGU,$10.05,1439842320230,200,Not yet rated,NULL,N/A
JIVE,$4.11,1439842320264,"172,160",75% bullish,of 4 ratings,$5
JNP,$9.88,1439842320285,"16,717",100% bullish,of 3 ratings,$15
JOUT,$25.43,1439842320320,"5,366",100% bearish,of 1 rating,$34
JBSS,$48.305,1439842320342,"31,077",67% bearish,of 3 ratings,N/A
JOEZ,$0.1984,1439842320374,"130,083",92% bullish,of 12 ratings,N/A
JUNO,$41.57,1439842320507,"863,368",73% bullish,of 11 ratings,$70
KTWO,$21.41,1439842320639,"61,861",100% bearish,of 1 rating,$28.50
KALU,$85.7215,1439842320709,"61,039",67% bearish,of 3 ratings,$91
KMDA,$3.89,1439842320773,"1,800",50% bullish,of 2 ratings,$8
KBIO,$1.96,1439842320883,"12,287",50% bullish,of 4 ratings,N/A
KNDI,$7.08,1439842320988,"196,292",86% bullish,of 22 ratings,N/A
