Symbol,Price,Date,Volume,Rating,RatingVoteCount,OneYearEstimate
TFSCR,NULL,1440702902312,0,Not yet rated,NULL,N/A
PIH,$7.623,1440702902356,"9,000",100% bearish,of 1 rating,N/A
TFSC,NULL,1440702902441,0,100% bearish,of 1 rating,N/A
FLWS,$7.99,1440702902489,"902,889",80% bullish,of 5 ratings,$15
TFSCW,NULL,1440702902515,0,100% bearish,of 1 rating,N/A
FCCY,$11.72,1440702902539,310,100% bullish,of 1 rating,$13
FCTY,NULL,1440702902696,0,100% bullish,of 1 rating,$8.50
TFSCU,NULL,1440702902721,0,Not yet rated,NULL,N/A
VNET,$17.95,1440702902743,"759,357",60% bullish,of 5 ratings,$29.50
SRCE,$29.26,1440702902776,"21,595",100% bullish,of 3 ratings,$33
UGLD,$9.02,1440702903013,"949,310",100% bearish,of 1 rating,N/A
DSLV,$71.824,1440702903042,"15,379",100% bearish,of 1 rating,N/A
USLV,$12.0801,1440702903063,"307,340",86% bullish,of 7 ratings,N/A
TWOU,$35,1440702903096,"125,049",50% bullish,of 2 ratings,$39
DGLD,$83.67,1440702903204,"22,209",100% bullish,of 1 rating,N/A
JOBS,$27.155,1440702903354,"335,675",50% bullish,of 4 ratings,$36
SIXD,$2.8501,1440702903379,"154,883",Not yet rated,NULL,N/A
EGHT,$7.83,1440702903512,"226,288",82% bullish,of 17 ratings,$11
CAFD,$14.76,1440702903542,"241,050",Not yet rated,NULL,$25
SHLM,$33.77,1440702903568,"43,654",100% bearish,of 1 rating,$47
AVHI,$14.02,1440702903644,"67,604",100% bearish,of 1 rating,$19
AAON,$20.51,1440702903725,"43,093",100% bearish,of 1 rating,$24
ABGB,$5.71,1440702903837,"201,348",67% bullish,of 3 ratings,$5.50
ABAX,$47.14,1440702903944,"80,596",100% bearish,of 1 rating,$60
ABEOW,$1.655,1440702903984,"1,761",100% bullish,of 1 rating,N/A
ABEO,$4.64,1440702904013,"44,598",50% bullish,of 4 ratings,$15.50
ABY,$21.63,1440702904034,"260,496",100% bearish,of 2 ratings,$46
AXAS,$1.8036,1440702904255,"845,133",78% bullish,of 9 ratings,$3.50
ACAD,$36.97,1440702904327,"541,253",80% bullish,of 20 ratings,$48
ABMD,$97.59,1440702904354,"243,708",75% bullish,of 4 ratings,$100.50
ACTG,$9.145,1440702904428,"107,469",67% bullish,of 3 ratings,$18.50
ACST,$0.35,1440702904487,"37,640",100% bullish,of 2 ratings,N/A
ACHC,$72.835,1440702904561,"433,835",50% bullish,of 2 ratings,$92
XLRN,$28.13,1440702904660,"75,858",50% bullish,of 2 ratings,$57
ANCX,$19.74,1440702904689,"11,404",Not yet rated,NULL,$20
ARAY,$6.48,1440702904790,"555,895",100% bearish,of 1 rating,$10.50
AXDX,$18.24,1440702904833,"88,814",100% bearish,of 1 rating,N/A
VXUP,$1.5001,1440702904861,"43,927",100% bearish,of 1 rating,N/A
VXDN,$1.99,1440702904926,"58,410",100% bearish,of 1 rating,N/A
ACRX,$4.23,1440702905178,"148,578",67% bearish,of 6 ratings,$5.50
ACHN,$7.48,1440702905203,"861,375",90% bullish,of 21 ratings,$16
ACIW,$20.75,1440702905255,"275,585",67% bearish,of 3 ratings,$24
AKAO,$6.6119,1440702905283,"44,922",75% bullish,of 4 ratings,$15
ACET,$22.33,1440702905350,"87,791",75% bullish,of 4 ratings,$30
ACOR,$30.99,1440702905456,"415,258",67% bearish,of 3 ratings,$38.50
ACTS,$1.63,1440702905506,"44,841",100% bearish,of 1 rating,N/A
ACNB,$19.85,1440702905534,826,Not yet rated,NULL,N/A
ACPW,$1.8215,1440702905688,"12,206",100% bullish,of 4 ratings,$3.50
ACTA,$13.09,1440702905714,"69,563",67% bearish,of 3 ratings,$25
ATVI,$27.38,1440702905790,"2,838,930",68% bullish,of 84 ratings,$31.50
ACUR,$0.55,1440702905863,"78,518",100% bullish,of 5 ratings,$1
ACXM,$20.74,1440702906000,"153,839",67% bullish,of 3 ratings,N/A
ADMS,$19.93,1440702906162,"37,050",100% bearish,of 2 ratings,$36
ADUS,$28.53,1440702906189,"24,273",100% bearish,of 1 rating,$31
ADAP,$11.52,1440702906210,"34,493",67% bullish,of 3 ratings,$22
AEY,$2.35,1440702906343,"6,213",100% bearish,of 2 ratings,N/A
ADEP,$6.77,1440702906503,"17,287",50% bullish,of 2 ratings,$10.75
ADRO,$21.86,1440702906543,"138,422",80% bullish,of 5 ratings,$45.50
ADBE,$78.27,1440702906568,"1,578,793",65% bullish,of 17 ratings,$90
ADMA,$9.25,1440702906640,"5,950",Not yet rated,NULL,$19
ADTN,$15.55,1440702906670,"131,357",67% bullish,of 3 ratings,$17.125
AEIS,$24.5,1440702906773,"58,544",50% bullish,of 2 ratings,$32.50
AMD,$1.76,1440702906929,"4,509,194",83% bullish,of 103 ratings,$2
ADXS,$14.73,1440702907017,"524,667",64% bullish,of 14 ratings,$27
ADXSW,$10.3599,1440702907059,"7,050",100% bullish,of 1 rating,N/A
MULT,NULL,1440702907085,0,100% bearish,of 1 rating,N/A
ADMP,$3.6,1440702907106,"14,439",50% bullish,of 2 ratings,$10
YPRO,$22.99,1440702907257,113,100% bearish,of 1 rating,N/A
AEHR,$2.2501,1440702907358,"1,950",50% bullish,of 2 ratings,N/A
AEGN,$18.02,1440702907463,"54,949",100% bearish,of 2 ratings,$21
AEPI,$53.616,1440702907491,"6,688",100% bearish,of 1 rating,N/A
AVAV,$23.85,1440702907516,"44,156",50% bullish,of 4 ratings,$31
AEGR,$17.35,1440702907541,"252,407",50% bullish,of 6 ratings,$26
AMTX,$2.6653,1440702907569,"22,236",50% bullish,of 2 ratings,$26.11
AERI,$16.22,1440702907728,"336,470",75% bullish,of 4 ratings,$31.50
AFMD,$9.95,1440702907860,"69,993",50% bullish,of 4 ratings,$15
AEMD,$7,1440702907968,"78,157",Not yet rated,NULL,$27.50
AEZS,$0.0823,1440702908004,"6,277,090",90% bullish,of 21 ratings,$1.50
AFFX,$9.5,1440702908042,"236,777",80% bullish,of 5 ratings,$12
AGEN,$6.73,1440702908099,"427,925",85% bullish,of 13 ratings,$14
AGYS,$9.64,1440702908120,"8,492",100% bearish,of 1 rating,N/A
AGIO,$88.12,1440702908344,"229,632",88% bullish,of 8 ratings,$114
AGRX,$8.38,1440702908370,"6,464",100% bearish,of 1 rating,$17.50
AGFSW,$2.12,1440702908502,"15,800",100% bearish,of 2 ratings,N/A
AGFS,$10.2,1440702908528,"22,134",100% bearish,of 1 rating,N/A
AIRM,$36.83,1440702908556,"115,552",80% bearish,of 5 ratings,$53
AIMT,$21.79,1440702908581,"27,584",Not yet rated,NULL,N/A
ATSG,$8.79,1440702908812,"60,772",67% bullish,of 3 ratings,$13
AMCN,$4.58,1440702908838,"374,822",83% bullish,of 6 ratings,N/A
AIRT,$21.49,1440702908888,500,100% bullish,of 1 rating,N/A
AIXG,$6.05,1440702908977,"19,963",67% bearish,of 3 ratings,$5.25
AKER,$2.7905,1440702908999,"4,292",Not yet rated,NULL,N/A
AKRX,$40.4699,1440702909079,"455,667",78% bullish,of 9 ratings,$56
AKBA,$6.32,1440702909106,"78,691",100% bearish,of 1 rating,$18
AKAM,$69.525,1440702909147,"697,492",63% bullish,of 8 ratings,$77
ALRM,$16.6344,1440702909289,"50,728",100% bearish,of 1 rating,$22
ALSK,$2.02,1440702909357,"149,188",78% bullish,of 18 ratings,$2
AMRI,$19.74,1440702909421,"67,114",75% bearish,of 4 ratings,$24
ABDC,$12.035,1440702909463,"20,343",Not yet rated,NULL,$15
ALDX,$6.78,1440702909490,"7,260",100% bearish,of 1 rating,$14.50
ALXN,$176.37,1440702909619,"634,122",88% bullish,of 8 ratings,$223
ALDR,$38.63,1440702909649,"159,264",67% bearish,of 3 ratings,$62
ALXA,$1.19,1440702909753,"18,826",83% bullish,of 6 ratings,$2.125
ALCO,$42.01,1440702909833,"1,934",50% bullish,of 2 ratings,N/A
ADHD,$7.6,1440702909893,"124,318",50% bullish,of 4 ratings,$18
ALGN,$56.3,1440702909933,"148,719",100% bearish,of 2 ratings,$73
ALIM,$3.36,1440702910076,"34,376",80% bullish,of 5 ratings,$10
ALGT,$208.99,1440702910103,"122,713",100% bearish,of 2 ratings,$235
ALKS,$60.05,1440702910130,"230,959",67% bullish,of 3 ratings,$75
ALLB,$22.79,1440702910278,100,Not yet rated,NULL,N/A
AIQ,$13.56,1440702910332,"4,550",67% bullish,of 3 ratings,N/A
AFOP,$18.49,1440702910432,"98,750",75% bullish,of 8 ratings,$21
AHGP,$35.7948,1440702910461,"133,119",67% bullish,of 3 ratings,N/A
AHPI,NULL,1440702910653,0,50% bullish,of 2 ratings,N/A
ALLT,$5.01,1440702910685,"45,609",75% bullish,of 4 ratings,$6.25
ALQA,$4.31,1440702910711,"4,650",75% bullish,of 4 ratings,$8.50
ARLP,$24.31,1440702910736,"199,703",67% bearish,of 3 ratings,$32
MDRX,$13.485,1440702910766,"679,649",60% bullish,of 5 ratings,$16
AMOT,$18.56,1440702910795,"49,093",100% bearish,of 1 rating,N/A
AFAM,$45.1175,1440702910930,"32,732",50% bullish,of 2 ratings,$44
AOSL,$7.21,1440702911038,"35,053",67% bullish,of 3 ratings,$9
ALNY,$103.49,1440702911101,"219,478",67% bullish,of 3 ratings,$148.50
ATEC,$0.5701,1440702911218,"45,380",100% bullish,of 1 rating,$2
SMCP,NULL,1440702911269,0,Not yet rated,NULL,N/A
AIMC,$24.57,1440702911370,"21,536",100% bearish,of 2 ratings,$28.50
AMRN,$2.05,1440702911395,"1,417,637",85% bullish,of 39 ratings,$8
ALTR,$48.28,1440702911455,"1,327,787",80% bearish,of 5 ratings,$54
AMAG,$65.44,1440702911538,"271,749",100% bullish,of 2 ratings,$77.50
ASPS,$25.38,1440702911598,"127,777",67% bullish,of 3 ratings,$46.50
AMRK,NULL,1440702911624,0,50% bullish,of 2 ratings,$14
AMBC,$15.8628,1440702911773,"133,608",100% bearish,of 1 rating,$16.50
AMBCW,$7.55,1440702911874,"7,277",100% bearish,of 1 rating,N/A
AMZN,$509.955,1440702911900,"2,198,996",81% bullish,of 264 ratings,$646
AMBA,$89.44,1440702912038,"1,562,391",83% bullish,of 12 ratings,$102.50
AYA,$20.45,1440702912066,"29,533",100% bearish,of 1 rating,$40
AMCX,$71.765,1440702912138,"436,076",67% bullish,of 3 ratings,$87.50
EPAX,$2.68,1440702912164,"9,692",100% bearish,of 1 rating,N/A
AMDA,$0.4899,1440702912295,"669,205",90% bullish,of 10 ratings,$1
AMED,$39,1440702912432,"106,958",100% bearish,of 1 rating,$42
DOX,$57.25,1440702912473,"209,462",67% bearish,of 3 ratings,$60
ASBI,$22.51,1440702912526,"3,700",Not yet rated,NULL,N/A
AMOV,$18.1017,1440702912556,"3,445",100% bearish,of 1 rating,N/A
ATAX,$5.1795,1440702912586,"46,623",100% bullish,of 1 rating,$6.50
UHAL,$369.75,1440702912607,"7,199",100% bullish,of 2 ratings,$393.50
AAL,$38.62,1440702912635,"6,540,003",93% bullish,of 88 ratings,$57
AGNC,$19.37,1440702912980,"1,595,109",71% bullish,of 28 ratings,$22
MTGE,$15.49,1440702913052,"187,535",75% bullish,of 4 ratings,$19.50
ACSF,$12.03,1440702913112,"39,964",100% bearish,of 1 rating,$15
AGNCP,$25.2351,1440702913138,"3,800",Not yet rated,NULL,N/A
AGNCB,$24.1999,1440702913159,"14,040",Not yet rated,NULL,N/A
MTGEP,$24.3745,1440702913188,"1,131",Not yet rated,NULL,N/A
ACAS,$13.512,1440702913390,"1,106,325",60% bullish,of 5 ratings,$16.75
AETI,$3.67,1440702913462,"12,869",67% bearish,of 3 ratings,N/A
ANCI,$1.52,1440702913491,350,100% bearish,of 1 rating,N/A
AMRB,$10.0501,1440702913562,"1,479",Not yet rated,NULL,$11
AMIC,$10.01,1440702913591,"1,514",Not yet rated,NULL,N/A
APEI,$21.8298,1440702913634,"39,247",100% bearish,of 1 rating,$25.50
AMNB,$22.99,1440702913661,"5,174",Not yet rated,NULL,$25.50
ANAT,$100.02,1440702913818,"9,183",100% bullish,of 1 rating,N/A
ARII,$38.28,1440702913880,"282,689",67% bearish,of 3 ratings,$45
AMSWA,$8.425,1440702913986,"23,386",100% bearish,of 2 ratings,$10.75
AMWD,$66.26,1440702914131,"54,924",50% bullish,of 2 ratings,$70
ASEI,$37.63,1440702914164,"22,277",100% bearish,of 1 rating,$52.50
AMSC,$4.45,1440702914192,"160,412",50% bullish,of 4 ratings,N/A
CRMT,$35.88,1440702914221,"20,566",100% bearish,of 1 rating,$39
AMSF,$46.52,1440702914320,"26,839",Not yet rated,NULL,$57.50
ABCB,$26.82,1440702914416,"40,810",Not yet rated,NULL,$31
ATLO,$23.8,1440702914448,"2,696",Not yet rated,NULL,N/A
ASRV,$3.3,1440702914598,868,100% bullish,of 2 ratings,N/A
ASRVP,NULL,1440702914681,0,Not yet rated,NULL,N/A
FOLD,$14.59,1440702914730,"503,539",56% bullish,of 9 ratings,$21
AMGN,$151.69,1440702914779,"1,774,073",89% bullish,of 19 ratings,$185
AMPH,$13.65,1440702914859,"92,253",50% bullish,of 2 ratings,$20
AMKR,$4.995,1440702914954,"805,265",100% bearish,of 2 ratings,$5
AMSG,$80.11,1440702914987,"133,515",100% bearish,of 1 rating,$85.50
ASYS,$5.34,1440702915211,"37,824",67% bullish,of 3 ratings,$12
AMRS,$1.67,1440702915346,"50,187",70% bullish,of 10 ratings,N/A
ANAC,$131.645,1440702915388,"217,887",80% bullish,of 5 ratings,$180.50
ADI,$55.67,1440702915417,"1,960,647",67% bullish,of 3 ratings,$69
AMSGP,$141.83,1440702915522,12,Not yet rated,NULL,N/A
AFSI,$58.62,1440702915568,"197,547",60% bullish,of 5 ratings,$72
ALOG,$78.15,1440702915594,"35,491",100% bearish,of 2 ratings,$100.50
ANAD,$0.3301,1440702915615,"215,130",100% bullish,of 2 ratings,$.50
ANCB,$22.1,1440702915763,"1,100",Not yet rated,NULL,$23
ABCW,$40.65,1440702915966,"5,946",67% bullish,of 3 ratings,N/A
ANGO,$14.44,1440702916016,"86,482",67% bullish,of 3 ratings,$19
AMCF,$0.2442,1440702916042,900,100% bullish,of 7 ratings,N/A
ANGI,$4.97,1440702916211,"423,123",64% bullish,of 11 ratings,$5.50
ANSS,$89.18,1440702916295,"160,438",100% bearish,of 1 rating,$100
ANIK,$35.15,1440702916322,"62,386",60% bullish,of 5 ratings,$51.25
ANIP,$49.66,1440702916351,"103,194",89% bullish,of 19 ratings,$66
ANTH,$7.44,1440702916404,"370,650",80% bullish,of 10 ratings,$13
ATRS,$1.69,1440702916453,"313,401",92% bullish,of 12 ratings,$4.50
ABAC,$0.78,1440702916601,"8,027",100% bearish,of 1 rating,N/A
ATNY,$2.34,1440702916640,"1,600",50% bullish,of 2 ratings,$3.75
APIC,$7.3201,1440702916667,"107,763",100% bearish,of 1 rating,$19
APOG,$50.32,1440702916852,"68,501",50% bullish,of 2 ratings,$67
AINV,$6.54,1440702916879,"562,550",50% bullish,of 4 ratings,$8
APOL,$11.02,1440702916900,"572,033",87% bearish,of 68 ratings,$14
APPF,$16.99,1440702917034,"45,386",50% bullish,of 2 ratings,$22
ARCI,NULL,1440702917168,0,Not yet rated,NULL,N/A
APDNW,$1.24,1440702917301,"5,200",Not yet rated,NULL,N/A
AMAT,$15.7099,1440702917335,"8,231,967",82% bullish,of 11 ratings,$23
AAPL,$110.26,1440702917357,"36,080,712",86% bullish,of 2350 ratings,$150
APDN,$3.453,1440702917387,"36,222",Not yet rated,NULL,$9
AGTC,$15.4,1440702917414,"57,767",50% bullish,of 2 ratings,$33
AMCC,$5.63,1440702917452,"246,045",80% bullish,of 5 ratings,$8
AAOI,$20.22,1440702917517,"157,542",50% bullish,of 4 ratings,$26
AREX,$2.04,1440702917557,"613,768",100% bearish,of 1 rating,$3
APRI,$1.2199,1440702917767,"17,720",83% bullish,of 6 ratings,$4.86
AUMAU,$9.95,1440702917959,"7,208",Not yet rated,NULL,N/A
AQMS,$4.963,1440702917989,"7,610",Not yet rated,NULL,N/A
APTO,$5.06,1440702918016,"9,001",Not yet rated,NULL,$17
AUMAW,NULL,1440702918091,0,Not yet rated,NULL,N/A
AQXP,$17.2401,1440702918223,"312,179",50% bullish,of 2 ratings,$2
ARDM,NULL,1440702918257,0,100% bullish,of 1 rating,$26
AUMA,NULL,1440702918282,0,Not yet rated,NULL,N/A
ARCW,$3.6211,1440702918355,"10,712",100% bearish,of 2 ratings,$10.50
ABUS,$7.13,1440702918383,"237,761",86% bullish,of 14 ratings,$23
ABIO,$0.87,1440702918516,"72,444",50% bullish,of 2 ratings,$3.75
RKDA,$6.175,1440702918645,"12,664",100% bearish,of 2 ratings,$10
PETX,$17.3,1440702918692,"108,327",100% bearish,of 2 ratings,$26
ACGL,$67.64,1440702918874,"152,016",50% bullish,of 2 ratings,$72
ACAT,$25.76,1440702918903,"73,804",100% bearish,of 3 ratings,$33
ARDX,$17.69,1440702918978,"72,346",50% bullish,of 2 ratings,$24.50
ARCB,$28.72,1440702919003,"86,741",67% bearish,of 3 ratings,$39.50
ARCC,$15.24,1440702919029,"864,811",67% bearish,of 3 ratings,$17.875
AGII,$54.96,1440702919195,"65,329",Not yet rated,NULL,$59.50
ARNA,$2.635,1440702919249,"1,847,391",90% bullish,of 77 ratings,$5.50
ARKR,$24.9,1440702919379,2,50% bullish,of 2 ratings,N/A
ARIA,$6.83,1440702919423,"1,427,067",87% bullish,of 46 ratings,$9
AGIIL,$25.596,1440702919554,"3,233",Not yet rated,NULL,N/A
ARGS,$6.2,1440702919629,"25,628",50% bullish,of 2 ratings,$19.50
ARIS,$3.9899,1440702919727,"56,714",Not yet rated,NULL,$4.50
ARMH,$42.1501,1440702919782,"1,646,047",54% bearish,of 13 ratings,$61
ARTX,$1.4201,1440702919831,"59,797",88% bullish,of 16 ratings,$4.50
ARWAU,NULL,1440702919914,0,100% bullish,of 1 rating,N/A
ARWA,NULL,1440702919965,0,Not yet rated,NULL,N/A
ARRY,$5.72,1440702920057,"621,964",100% bullish,of 7 ratings,$10
ARWAR,NULL,1440702920081,0,Not yet rated,NULL,N/A
ARQL,$1.76,1440702920143,"87,847",75% bullish,of 4 ratings,$5
DWAT,$9.9,1440702920229,"2,800",100% bearish,of 1 rating,N/A
ARWAW,$0.125,1440702920286,"4,805",Not yet rated,NULL,N/A
ARRS,$25.98,1440702920336,"347,326",50% bullish,of 2 ratings,$38
AROW,$27.07,1440702920422,"5,985",Not yet rated,NULL,N/A
ARTNA,$22.1999,1440702920599,"12,943",100% bearish,of 1 rating,$29
ARWR,$5.5399,1440702920647,"377,005",75% bullish,of 4 ratings,$10.50
ASMI,NULL,1440702921026,0,NULL,NULL,NULL
ASND,$19.92,1440702921051,"48,378",100% bullish,of 1 rating,$30
ASNA,$11.5165,1440702921076,"951,584",50% bullish,of 2 ratings,$18
ARTW,$4.33,1440702921109,593,75% bearish,of 4 ratings,N/A
ASBB,$24.28,1440702921134,100,Not yet rated,NULL,N/A
APWC,$1.595,1440702921265,"7,262",100% bearish,of 1 rating,N/A
AZPN,$37.09,1440702921354,"256,149",50% bullish,of 2 ratings,$42
ASCMA,$26.52,1440702921427,"59,801",100% bearish,of 1 rating,$45
ASMB,$12.91,1440702921452,"28,727",67% bullish,of 3 ratings,N/A
ASML,$90.98,1440702921665,"755,384",50% bullish,of 4 ratings,$127
ASTI,$0.107,1440702921763,"1,353,155",83% bullish,of 6 ratings,$3
ASFI,$8.9076,1440702921795,"3,711",100% bullish,of 1 rating,N/A
ALOT,NULL,1440702921816,0,100% bearish,of 1 rating,N/A
ASTE,$36.74,1440702921845,"49,147",100% bearish,of 1 rating,$48
ATRO,$52.92,1440702921901,"81,280",100% bearish,of 2 ratings,$80
ASTC,$1.9699,1440702922004,"19,440",100% bullish,of 5 ratings,N/A
AFCB,$27.3,1440702922326,200,Not yet rated,NULL,N/A
ASUR,$6,1440702922356,"12,050",50% bullish,of 2 ratings,$8
ATHX,$1.13,1440702922384,"101,045",89% bullish,of 9 ratings,$5
ATHN,$133.8499,1440702922413,"142,560",67% bearish,of 3 ratings,$153
ATAI,$2.42,1440702922454,"2,022",100% bearish,of 1 rating,N/A
ATRA,$38.31,1440702922542,"78,510",50% bullish,of 2 ratings,$68
AAPC,$10.1,1440702922570,16,Not yet rated,NULL,N/A
ACFC,$5.45,1440702922675,"43,986",100% bearish,of 1 rating,$6.50
AAME,$3.5899,1440702922820,"2,970",Not yet rated,NULL,N/A
ATLC,$3.86,1440702922866,2,67% bullish,of 3 ratings,N/A
ATNI,$70.98,1440702923066,"33,658",100% bearish,of 1 rating,$69.50
AFH,$16.3,1440702923163,"33,791",Not yet rated,NULL,$21.50
ATOS,$0.7499,1440702923227,"74,672",100% bullish,of 7 ratings,$7
AAWW,$40.37,1440702923260,"150,142",50% bullish,of 2 ratings,$65
ATML,$7.93,1440702923281,"2,267,480",78% bullish,of 9 ratings,$9.50
ATRC,$25.9,1440702923358,"66,400",100% bullish,of 1 rating,$30
ATRI,$384.05,1440702923745,"4,967",Not yet rated,NULL,N/A
LIFE,$15.46,1440702923777,"18,447",86% bullish,of 7 ratings,$43
ATRM,$2.7001,1440702923801,"7,205",50% bullish,of 2 ratings,N/A
ATTU,$13.33,1440702923832,"18,721",100% bearish,of 1 rating,$20.50
AUBN,$26.96,1440702923853,550,Not yet rated,NULL,N/A
AUDC,$3.275,1440702923889,"79,891",80% bullish,of 5 ratings,$5
EARS,$4.81,1440702923995,"4,050",100% bearish,of 2 ratings,$11.50
ADAT,$0.3599,1440702924236,"405,968",100% bullish,of 2 ratings,N/A
ADSK,$49.23,1440702924367,"2,732,001",67% bullish,of 6 ratings,$69.50
AAVL,$10.54,1440702924437,"197,645",100% bearish,of 1 rating,$20
ADP,$76.66,1440702924522,"982,639",100% bearish,of 1 rating,$88
AUPH,$3.03,1440702924557,"14,750",100% bearish,of 1 rating,$8
AVGO,$123.08,1440702924604,"4,046,116",88% bullish,of 8 ratings,$165
AVNU,$12.4,1440702924658,"9,126",Not yet rated,NULL,$14
AVEO,$1.3701,1440702924686,"565,278",75% bullish,of 8 ratings,$3
ABTL,$17.74,1440702924714,"97,013",100% bullish,of 4 ratings,$20.25
AVID,$8.1599,1440702924844,"237,380",100% bearish,of 1 rating,$20
AVNW,$1.14,1440702924970,"76,015",50% bullish,of 2 ratings,$2.20
AVGR,$14.16,1440702925002,"13,268",100% bearish,of 1 rating,$20
ACLS,$3.125,1440702925138,"203,218",67% bullish,of 6 ratings,$4.75
AWRE,$3.15,1440702925183,"10,077",67% bullish,of 3 ratings,N/A
AXPW,$1.06,1440702925231,"76,282",83% bullish,of 6 ratings,N/A
CAR,$42.75,1440702925318,"979,812",80% bullish,of 5 ratings,$60
AXTI,$2.1701,1440702925495,"11,529",50% bullish,of 2 ratings,$2.75
BCOM,$19.003,1440702925642,984,100% bearish,of 1 rating,N/A
RILY,$9.78,1440702925667,200,Not yet rated,NULL,N/A
BEAV,$48.51,1440702925711,"484,814",67% bearish,of 3 ratings,$59
AXPWW,NULL,1440702925743,0,Not yet rated,NULL,N/A
AXGN,$4.2899,1440702925842,"84,485",Not yet rated,NULL,$5
BIDU,$150.125,1440702925881,"2,396,465",81% bullish,of 88 ratings,$210
BCPC,$57.369,1440702925915,"49,075",100% bearish,of 1 rating,$75
BOSC,$2.24,1440702926013,"5,501",50% bullish,of 2 ratings,N/A
BWINA,NULL,1440702926143,0,Not yet rated,NULL,N/A
BKMU,$6.97,1440702926405,"61,563",Not yet rated,NULL,$8
BANFP,NULL,1440702926440,0,Not yet rated,NULL,N/A
BWINB,$22.76,1440702926494,"3,562",Not yet rated,NULL,N/A
BANF,$59.5,1440702926535,"6,710",Not yet rated,NULL,$68
BMRC,$47.9,1440702926597,"9,339",Not yet rated,NULL,$52
BLDP,$1.23,1440702926625,"297,192",91% bullish,of 22 ratings,$2.50
BOCH,$5.7401,1440702926791,"12,361",Not yet rated,NULL,$6.50
BKSC,$15.917,1440702926818,"4,656",Not yet rated,NULL,N/A
OZRK,$41.78,1440702926872,"261,745",67% bullish,of 3 ratings,$49.50
BOTJ,$11.0785,1440702926976,717,Not yet rated,NULL,N/A
BANR,$43.83,1440702927105,"20,825",100% bullish,of 3 ratings,$50
BFIN,$12.08,1440702927318,"12,631",Not yet rated,NULL,$13
BHAC,$9.81,1440702927415,"1,900",Not yet rated,NULL,N/A
BWFG,NULL,1440702927485,0,100% bearish,of 1 rating,N/A
BZUN,$5.0101,1440702927546,"287,439",50% bullish,of 2 ratings,$11.50
BHACR,NULL,1440702927601,0,Not yet rated,NULL,N/A
TAPR,$32.98,1440702927681,535,100% bearish,of 1 rating,N/A
BBSI,$34.36,1440702927736,"47,334",67% bearish,of 3 ratings,$62.50
BHACU,NULL,1440702927760,0,Not yet rated,NULL,N/A
BSET,$28.28,1440702927927,"18,624",100% bearish,of 1 rating,$35
BHACW,NULL,1440702927952,0,Not yet rated,NULL,N/A
BYBK,$4.88,1440702928032,100,100% bearish,of 1 rating,N/A
BYLK,$12.71,1440702928183,500,Not yet rated,NULL,$14
BV,$5.07,1440702928258,"203,144",67% bullish,of 6 ratings,$9
BCBP,$11.44,1440702928506,500,Not yet rated,NULL,N/A
BBCN,$14.37,1440702928605,"103,880",100% bearish,of 1 rating,$16
BDCV,$4.7843,1440702928735,"23,989",100% bearish,of 1 rating,$10.19
BELFA,NULL,1440702928872,0,100% bearish,of 1 rating,N/A
BBBY,$62.01,1440702928897,"1,447,530",71% bullish,of 7 ratings,$75
BEBE,$1.79,1440702928923,"90,274",75% bullish,of 4 ratings,$3.075
BECN,$35.23,1440702928953,"195,135",50% bullish,of 2 ratings,$40
BBGI,$4.1616,1440702928978,300,100% bullish,of 1 rating,N/A
BSF,$8.6,1440702929057,"2,463",Not yet rated,NULL,N/A
BLPH,$5.14,1440702929131,"12,882",100% bearish,of 1 rating,$12.50
BELFB,$17.74,1440702929323,"18,395",100% bearish,of 1 rating,N/A
BNCL,$12.455,1440702929351,"132,211",100% bullish,of 3 ratings,$12.50
BGMD,$0.7588,1440702929383,"137,576",100% bullish,of 10 ratings,N/A
BNTC,$7.98,1440702929479,"26,593",100% bullish,of 1 rating,N/A
BNFT,$33.87,1440702929562,"73,323",67% bullish,of 3 ratings,$46
BLCM,$17.17,1440702929619,"112,960",50% bullish,of 4 ratings,$40
BGCP,$8.71,1440702929778,"662,332",88% bullish,of 8 ratings,$14
BGFV,$10.895,1440702929864,"77,050",57% bullish,of 7 ratings,$12
BIND,$4.37,1440702929948,"48,397",75% bullish,of 4 ratings,$13.50
BIOC,$1.9204,1440702929995,"315,336",83% bullish,of 6 ratings,$3.85
BASI,$1.64,1440702930080,400,Not yet rated,NULL,N/A
BCDA,NULL,1440702930151,0,Not yet rated,NULL,N/A
BCRX,$11.07,1440702930207,"146,094",63% bullish,of 8 ratings,$18
ORPN,$5.53,1440702930306,"27,750",100% bullish,of 1 rating,$28.50
BIIB,$300.19,1440702930379,"780,123",88% bullish,of 16 ratings,$400
BDSI,$6.55,1440702930451,"497,742",88% bullish,of 8 ratings,$17
BIOD,$0.6695,1440702930511,"64,497",80% bullish,of 5 ratings,$4
BIOL,$1.4301,1440702930583,"28,611",Not yet rated,NULL,N/A
BMRN,$128.9,1440702930954,"358,490",80% bullish,of 5 ratings,$160
BLFS,$2,1440702930990,"16,835",100% bearish,of 1 rating,$4.75
BRLI,NULL,1440702931083,0,NULL,NULL,NULL
BLRX,$1.35,1440702931159,"67,790",100% bullish,of 12 ratings,$5
BVXV,$3.51,1440702931184,"1,450",Not yet rated,NULL,N/A
BVXVW,NULL,1440702931209,0,100% bearish,of 1 rating,N/A
BBC,$31.01,1440702931375,"7,762",Not yet rated,NULL,N/A
BPTH,$1.06,1440702931400,"36,305",100% bullish,of 2 ratings,$5
BBP,$32.2006,1440702931575,"17,809",Not yet rated,NULL,N/A
BIOS,$2.3175,1440702931603,"558,150",71% bullish,of 7 ratings,$4
BSPM,$0.679,1440702931641,"11,275",50% bullish,of 2 ratings,N/A
TECH,$95.965,1440702931673,"116,714",100% bullish,of 1 rating,$117
BSTC,$49.36,1440702931735,"48,851",100% bearish,of 1 rating,$76
BEAT,$14.41,1440702931764,"621,515",67% bearish,of 3 ratings,$15
BOTA,$2.0701,1440702931794,"15,982",88% bullish,of 8 ratings,N/A
BITI,$17.1055,1440702932178,"10,318",100% bullish,of 1 rating,$28
BBOX,$14.65,1440702932308,"72,698",100% bearish,of 1 rating,N/A
ADRA,$27.3825,1440702932364,398,100% bearish,of 1 rating,N/A
BDE,$7.3,1440702932393,"113,724",50% bullish,of 2 ratings,$9
BKCC,$9.2301,1440702932418,"215,484",50% bullish,of 2 ratings,$10
BDMS,$12.64,1440702932444,"3,819",100% bearish,of 1 rating,N/A
BJRI,$44.51,1440702932499,"115,591",50% bullish,of 2 ratings,$55
BBRY,$7.11,1440702932604,"3,168,040",61% bullish,of 330 ratings,$9
ADRE,$29.76,1440702932662,"176,580",100% bearish,of 1 rating,N/A
ADRU,$21.73,1440702932737,"3,618",100% bearish,of 1 rating,N/A
HAWK,$39.88,1440702932766,"319,778",91% bullish,of 11 ratings,$49
BLKB,$57.211,1440702932941,"73,299",100% bearish,of 2 ratings,$66
BCOR,$13.52,1440702932968,"83,171",57% bullish,of 7 ratings,$15
BLMN,$19.985,1440702932993,"567,385",83% bullish,of 6 ratings,$27.50
ADRD,$22.1331,1440702933042,"9,704",100% bearish,of 1 rating,N/A
BLBD,$11.8,1440702933251,"16,725",Not yet rated,NULL,N/A
BUFF,$26.165,1440702933350,"109,779",83% bullish,of 12 ratings,$31.50
BHBK,$13.78,1440702933377,"39,146",100% bullish,of 1 rating,$14.50
BKEP,$6.1701,1440702933454,"24,199",100% bearish,of 1 rating,$8.50
BLUE,$131.85,1440702933645,"268,831",71% bullish,of 7 ratings,$217.50
BBLU,$0.7938,1440702933671,"72,154",100% bullish,of 2 ratings,$4.43
BKEPP,$7.7476,1440702933712,"5,323",100% bearish,of 1 rating,N/A
NILE,$33.21,1440702933809,"92,146",50% bullish,of 2 ratings,$34
BPMC,$26.895,1440702933843,"39,008",50% bullish,of 2 ratings,$47.50
BOFI,$120.56,1440702933875,"110,195",100% bullish,of 6 ratings,$144
BNCN,$20.25,1440702933911,"56,061",Not yet rated,NULL,$24
BOBE,$43.43,1440702933939,"65,478",75% bullish,of 4 ratings,$57
WIFI,$7.48,1440702934181,"66,112",50% bullish,of 2 ratings,$13.50
BONA,$11.6001,1440702934485,"87,188",75% bullish,of 4 ratings,$8.50
BOJA,$21.5,1440702934516,"137,914",100% bullish,of 1 rating,$30
BAMM,$3.17,1440702934546,"8,981",60% bullish,of 5 ratings,N/A
BOKF,$61.23,1440702934585,"127,274",100% bearish,of 1 rating,$69
BPFH,$11.745,1440702934616,"149,564",100% bearish,of 1 rating,$14
BPFHP,$25.1,1440702934643,"3,450",100% bearish,of 1 rating,N/A
EPAY,$26.2899,1440702934722,"255,727",100% bearish,of 2 ratings,$30
BNSO,$1.2901,1440702934927,"2,500",100% bearish,of 1 rating,N/A
BPFHW,NULL,1440702934952,0,100% bearish,of 1 rating,N/A
BBEPP,$13.5667,1440702935116,"24,459",100% bearish,of 1 rating,N/A
BBEP,$2.631,1440702935145,"1,631,057",69% bullish,of 13 ratings,$5.625
BDGE,$26.19,1440702935166,"4,949",Not yet rated,NULL,$31.75
BCLI,$2.9,1440702935201,"31,261",80% bullish,of 5 ratings,$12
BDBD,$8.07,1440702935309,"324,281",60% bullish,of 5 ratings,$10
BBRG,$12.21,1440702935466,"28,134",67% bullish,of 3 ratings,$14.50
BLIN,$1.31,1440702935558,"4,295",100% bullish,of 2 ratings,$2.20
BRID,$8.8,1440702935610,100,100% bearish,of 1 rating,N/A
BCOV,$5.23,1440702935923,"79,621",67% bullish,of 3 ratings,$10.20
BYFC,NULL,1440702935969,0,50% bullish,of 2 ratings,N/A
BRKS,$10.2301,1440702935994,"54,125",67% bullish,of 3 ratings,$15.25
BRCM,$51.23,1440702936265,"3,288,150",75% bullish,of 12 ratings,$56
BRKR,$18.47,1440702936291,"195,984",100% bearish,of 2 ratings,$22
BWEN,$3.14,1440702936365,"19,761",100% bullish,of 3 ratings,$8
BRCD,$10.48,1440702936421,"2,012,828",92% bullish,of 13 ratings,$11.50
BSFT,$31.43,1440702936449,"251,562",57% bullish,of 7 ratings,$40.50
BRKL,$10.5551,1440702936510,"111,231",100% bearish,of 1 rating,$10.75
BVSN,$6.0008,1440702936654,"38,615",60% bearish,of 5 ratings,N/A
BMTC,$29,1440702936806,"40,692",Not yet rated,NULL,$34
CHRW,$67.33,1440702937002,"603,352",Not yet rated,NULL,$72
BUR,$1.83,1440702937197,"5,600",100% bearish,of 1 rating,$8
BLDR,$13.985,1440702937224,"524,395",67% bullish,of 3 ratings,$22
BWLD,$193.39,1440702937302,"162,141",82% bullish,of 11 ratings,$205
BSQR,$6.1685,1440702937352,"37,634",67% bullish,of 3 ratings,N/A
CFFI,$34.752,1440702937486,800,100% bearish,of 1 rating,N/A
CA,$26.66,1440702937510,"975,609",50% bullish,of 4 ratings,$33
CDNS,$19.765,1440702937590,"886,146",75% bullish,of 4 ratings,$22.50
CCMP,$42.99,1440702937723,"39,846",50% bullish,of 2 ratings,$59
CDZI,$7.713,1440702937855,"58,500",100% bearish,of 1 rating,N/A
CSTE,$40.04,1440702938010,"321,720",50% bullish,of 2 ratings,$65
BLMT,$20.49,1440702938072,"4,444",Not yet rated,NULL,N/A
PRSS,$4.45,1440702938108,"9,541",80% bullish,of 5 ratings,$4.50
CACQ,$7.2,1440702938133,"43,584",100% bearish,of 1 rating,$12.25
CZR,$8.34,1440702938260,"2,044,461",60% bearish,of 5 ratings,$10.50
CLBS,$1.35,1440702938347,"117,962",79% bullish,of 14 ratings,$4
CHI,$10.5701,1440702938419,"167,760",100% bearish,of 1 rating,N/A
CGO,$12.14,1440702938658,"17,043",100% bearish,of 1 rating,N/A
CHW,$7.61,1440702938813,"162,005",100% bearish,of 1 rating,N/A
CSQ,$9.83,1440702938864,"255,685",Not yet rated,NULL,N/A
CFGE,$10.57,1440702938909,810,Not yet rated,NULL,N/A
CHY,$11.3582,1440702939044,"200,105",Not yet rated,NULL,N/A
CAMP,$16.2,1440702939190,"209,831",88% bullish,of 8 ratings,$25
CVGW,$59.5834,1440702939295,"131,303",50% bullish,of 2 ratings,$58.50
CALD,$15.56,1440702939427,"200,671",100% bearish,of 1 rating,$21
CLMS,$10.455,1440702939454,"41,500",Not yet rated,NULL,$10.50
CLMT,$25.73,1440702939688,"195,634",75% bullish,of 8 ratings,$31
CALM,$49.9,1440702939718,"224,607",80% bullish,of 5 ratings,$65
CALA,$5.4763,1440702939747,"448,964",100% bullish,of 3 ratings,$19.50
ABCD,$5.19,1440702939822,"104,569",83% bullish,of 6 ratings,N/A
CFNB,$13.31,1440702939876,310,100% bearish,of 1 rating,N/A
CAMBU,NULL,1440702940026,0,100% bearish,of 1 rating,N/A
CAC,$40.01,1440702940160,"2,256",Not yet rated,NULL,N/A
CAMBW,NULL,1440702940191,0,Not yet rated,NULL,N/A
CGIX,$9.7036,1440702940436,"35,769",67% bullish,of 3 ratings,$14.375
CAMT,$2.5997,1440702940469,"33,087",73% bullish,of 11 ratings,$4
CSIQ,$17.7403,1440702940497,"1,502,843",86% bullish,of 28 ratings,$42.50
CCD,$18.8625,1440702940565,"172,558",Not yet rated,NULL,N/A
CPHC,NULL,1440702940594,0,100% bearish,of 1 rating,N/A
CBNJ,$11,1440702940652,"14,269",100% bullish,of 1 rating,N/A
CPLA,$47.83,1440702940909,"79,193",67% bearish,of 3 ratings,$65
CCBG,$14.8399,1440702940974,"4,582",Not yet rated,NULL,$17.25
CSWC,$45.63,1440702941167,"4,407",Not yet rated,NULL,N/A
CBF,$28.74,1440702941192,"643,355",Not yet rated,NULL,$32
CPTA,$13.804,1440702941324,"30,174",100% bearish,of 1 rating,$18.50
CFFN,$12.005,1440702941382,"236,254",Not yet rated,NULL,$12.75
CAPN,$2.11,1440702941515,"285,604",100% bullish,of 1 rating,$10.85
CAPNW,$0.6969,1440702941542,100,Not yet rated,NULL,N/A
CPST,$0.3711,1440702941672,"411,707",95% bullish,of 22 ratings,$1.25
CAPR,$4.26,1440702941699,"17,064",Not yet rated,NULL,$12
CARA,$18.79,1440702941939,"93,093",50% bullish,of 4 ratings,$25
CAMB,$10.05,1440702942126,100,Not yet rated,NULL,N/A
CRDC,$0.35,1440702942153,"41,243",100% bullish,of 1 rating,$1.25
CARB,$11.13,1440702942178,"64,104",75% bullish,of 4 ratings,$12
CBYL,$5.01,1440702942320,"40,854",100% bearish,of 1 rating,$20
CECO,$3.48,1440702942513,"185,177",67% bearish,of 3 ratings,$6
CRME,$8.8,1440702942538,"9,300",89% bullish,of 9 ratings,$11.25
CSII,$23.66,1440702942598,"262,927",100% bearish,of 2 ratings,$42.125
CFNL,$22.01,1440702942726,"72,597",Not yet rated,NULL,$24
CDNA,$7,1440702942813,"4,200",100% bearish,of 1 rating,$9
CTRE,$11.33,1440702942852,"149,452",50% bullish,of 2 ratings,$13.50
CLBH,$12.75,1440702942942,100,Not yet rated,NULL,$16.50
CARO,$15.5,1440702942967,802,100% bearish,of 1 rating,$19
CKEC,$23.2,1440702943120,"106,125",50% bullish,of 2 ratings,$35.915
CRTN,$2.49,1440702943503,"3,560",100% bearish,of 1 rating,N/A
CPLP,$6.8,1440702943531,"346,242",71% bullish,of 7 ratings,$11
TAST,$12.465,1440702943559,"299,333",Not yet rated,NULL,$14.25
CACB,$5.27,1440702943591,"18,761",Not yet rated,NULL,$5.50
CART,$5.35,1440702943617,100,100% bearish,of 1 rating,N/A
CATM,$34.12,1440702943639,"88,653",100% bearish,of 1 rating,$44
CARV,$7.09,1440702943686,"1,339",50% bullish,of 2 ratings,N/A
CRZO,$31.7799,1440702943711,"854,912",67% bearish,of 3 ratings,$55.50
CWST,$6.1,1440702944097,"152,560",50% bullish,of 2 ratings,$7.25
CASS,$47.88,1440702944125,"8,808",100% bearish,of 1 rating,N/A
CASI,$1.4154,1440702944146,"3,348",100% bullish,of 1 rating,$3.50
CASM,$1.13,1440702944177,"11,133",100% bullish,of 1 rating,$3.50
CATB,$11.89,1440702944204,"5,787",100% bearish,of 1 rating,$28
CASY,$103.89,1440702944338,"198,048",50% bullish,of 2 ratings,$99.50
CSCD,$14.95,1440702944468,"17,635",100% bullish,of 2 ratings,$17
CATY,$29.45,1440702944499,"313,874",100% bearish,of 1 rating,$33.50
CATYW,NULL,1440702944524,0,100% bearish,of 1 rating,N/A
CPRX,$3.6,1440702944599,"581,177",71% bullish,of 7 ratings,$7
CVCO,$69.95,1440702944789,"15,499",100% bearish,of 1 rating,N/A
CBFV,$20.9399,1440702944815,"4,000",Not yet rated,NULL,$25
CAVM,$67.895,1440702944840,"202,975",67% bearish,of 3 ratings,$72
CNLMU,NULL,1440702944896,0,100% bullish,of 1 rating,N/A
CNLMR,NULL,1440702944996,0,Not yet rated,NULL,N/A
CNLM,NULL,1440702945021,0,Not yet rated,NULL,N/A
CNLMW,NULL,1440702945156,0,Not yet rated,NULL,N/A
CBOE,$63.02,1440702945187,"226,107",Not yet rated,NULL,$60
CDW,$39.54,1440702945287,"785,904",75% bullish,of 4 ratings,$44
CDK,$48.04,1440702945389,"164,375",67% bearish,of 3 ratings,$50
CECE,$9.3599,1440702945553,"85,923",50% bullish,of 2 ratings,$16
CPXX,$2.0599,1440702945581,"84,477",100% bullish,of 2 ratings,$7
CELGZ,$1.69,1440702945655,"12,400",80% bullish,of 5 ratings,N/A
CELG,$120.64,1440702945680,"2,506,002",92% bullish,of 13 ratings,$155.50
CLRB,$3.1078,1440702945809,331,100% bearish,of 1 rating,N/A
CLDX,$14.9,1440702945849,"797,747",89% bullish,of 9 ratings,$36
CLRBW,NULL,1440702945876,0,Not yet rated,NULL,N/A
CLDN,$1.06,1440702945903,"126,342",71% bullish,of 7 ratings,$3
CBMG,$22.85,1440702946053,"26,588",50% bullish,of 2 ratings,N/A
CLSN,$2,1440702946107,"64,292",80% bullish,of 10 ratings,$7.50
CLLS,$32.72,1440702946132,"65,048",75% bullish,of 4 ratings,$51.50
CLTX,$2.3015,1440702946194,"490,917",100% bullish,of 2 ratings,N/A
CEMP,$34.26,1440702946459,"352,793",71% bullish,of 7 ratings,$52
CYAD,$49.01,1440702946484,"3,200",100% bullish,of 1 rating,$87.50
CSFL,$13.64,1440702946712,"96,779",Not yet rated,NULL,$15
CETV,$2.07,1440702946738,"57,148",67% bullish,of 3 ratings,$2.80
CENT,$11.98,1440702946769,"111,542",Not yet rated,NULL,$10
CETX,$2.3501,1440702946790,"14,001",Not yet rated,NULL,$5.60
CENTA,$12.4,1440702946868,"149,652",Not yet rated,NULL,N/A
CNBKA,$41.7,1440702947086,496,50% bullish,of 2 ratings,N/A
CRNT,$1.37,1440702947117,"47,780",50% bullish,of 2 ratings,$2
CVCY,$11.25,1440702947154,"2,000",Not yet rated,NULL,$12
CFBK,$1.371,1440702947216,100,Not yet rated,NULL,N/A
CNTY,$5.7475,1440702947245,"29,862",80% bullish,of 5 ratings,$7.75
CENX,$5.285,1440702947271,"2,196,035",67% bullish,of 6 ratings,$9
CERE,$1.1501,1440702947406,"138,941",88% bullish,of 8 ratings,N/A
CERN,$60.85,1440702947452,"870,040",67% bullish,of 3 ratings,$79
CPHD,$48.71,1440702947477,"221,899",67% bearish,of 3 ratings,$66.50
CERS,$4.83,1440702947721,"382,823",75% bullish,of 4 ratings,$7
CERU,$3.59,1440702947777,"19,012",75% bullish,of 4 ratings,$15
CYOU,$20.565,1440702947907,"73,003",50% bullish,of 6 ratings,$24
CEVA,$18.35,1440702947933,"29,813",100% bearish,of 1 rating,$25
HOTR,$1.5,1440702947992,"84,003",100% bullish,of 2 ratings,$5
KOOL,$0.65,1440702948019,"11,156",100% bullish,of 5 ratings,$7
HOTRW,NULL,1440702948063,0,Not yet rated,NULL,N/A
CTHR,$1.26,1440702948151,"13,059",50% bullish,of 2 ratings,$2.50
GTLS,$22.88,1440702948320,"167,054",50% bullish,of 4 ratings,$40
CHKP,$78.47,1440702948385,"737,350",50% bullish,of 4 ratings,$92
CHTR,$178.6225,1440702948410,"397,794",100% bearish,of 2 ratings,$196
CHFN,$12.38,1440702948435,"10,114",Not yet rated,NULL,$14
CHEK,$2.1001,1440702948462,"10,638",Not yet rated,NULL,$7.75
CEMI,$4.0628,1440702948595,"8,004",50% bullish,of 2 ratings,$7.50
CHEKW,NULL,1440702948643,0,Not yet rated,NULL,N/A
CHFC,$31.31,1440702948800,"34,645",100% bearish,of 1 rating,$36
CHMG,$26.07,1440702948830,100,Not yet rated,NULL,$30
CCXI,$6.8,1440702948859,"20,794",67% bullish,of 3 ratings,$14
CHKE,$25.88,1440702948991,"10,364",100% bearish,of 1 rating,$32.50
CHMA,$25.63,1440702949131,"54,577",Not yet rated,NULL,$40
CHEV,$14.5899,1440702949166,700,Not yet rated,NULL,N/A
CBNK,$16.2,1440702949221,200,100% bearish,of 1 rating,N/A
PLCE,$58.77,1440702949330,"160,548",100% bearish,of 1 rating,$69
CADC,NULL,1440702949356,0,78% bullish,of 9 ratings,N/A
CMRX,$49.84,1440702949400,"124,208",50% bullish,of 2 ratings,$57
CBAK,$1.95,1440702949430,"17,594",67% bullish,of 9 ratings,N/A
CALI,$0.8982,1440702949531,"2,620",67% bullish,of 3 ratings,N/A
CAAS,$6.25,1440702949675,"24,288",93% bullish,of 14 ratings,$11.50
CCCR,$0.7834,1440702949737,"16,369",67% bearish,of 3 ratings,N/A
CCCL,$0.7701,1440702949763,"27,015",100% bullish,of 6 ratings,N/A
CBPO,$98.2,1440702949784,"106,535",75% bullish,of 8 ratings,$140.50
HGSH,$1.67,1440702949975,"19,458",67% bullish,of 3 ratings,N/A
JRJC,$3.471,1440702950002,"150,678",82% bullish,of 11 ratings,N/A
CHOP,$1.28,1440702950029,"1,200",50% bullish,of 2 ratings,N/A
CJJD,$1.8,1440702950219,"33,335",100% bullish,of 1 rating,N/A
CNIT,$1.49,1440702950247,"74,956",67% bullish,of 6 ratings,N/A
CHLN,$2.09,1440702950277,"7,041",67% bullish,of 3 ratings,N/A
CHNR,$1.68,1440702950323,"1,016",100% bearish,of 1 rating,N/A
HTHT,$25.7,1440702950384,"76,521",50% bullish,of 2 ratings,$28.40
CPGI,$6.861,1440702950460,"1,022",Not yet rated,NULL,N/A
CREG,$0.7,1440702950488,"22,499",100% bullish,of 3 ratings,N/A
CSUN,$1.4799,1440702950565,"29,629",80% bullish,of 5 ratings,N/A
CNTF,$0.8101,1440702950802,"101,346",Not yet rated,NULL,N/A
CXDC,$5.805,1440702950831,"50,817",67% bearish,of 3 ratings,N/A
CNYD,$3.55,1440702950965,"20,486",67% bullish,of 3 ratings,N/A
IMOS,$16.82,1440702951023,"229,359",60% bullish,of 5 ratings,$21.50
CNET,$0.8551,1440702951050,"194,245",50% bullish,of 2 ratings,N/A
CCIH,$6.57,1440702951071,"180,020",67% bullish,of 6 ratings,$12.65
CHSCL,$27.1,1440702951104,"8,333",Not yet rated,NULL,N/A
CHSCM,$26.1324,1440702951125,"16,061",Not yet rated,NULL,N/A
CHSCO,$28.26,1440702951368,"5,320",Not yet rated,NULL,N/A
CHSCP,$30.4201,1440702951646,"3,325",Not yet rated,NULL,N/A
CHSCN,$27,1440702951685,"6,451",Not yet rated,NULL,N/A
CDTX,$14.31,1440702951751,"10,009",Not yet rated,NULL,$22
CHUY,$30.71,1440702951895,"117,135",50% bullish,of 2 ratings,$34
CHDN,$132.23,1440702951921,"16,611",Not yet rated,NULL,$165
CMCT,$15.551,1440702951951,142,100% bearish,of 1 rating,N/A
CIFC,$7.02,1440702952055,"1,192",100% bearish,of 1 rating,N/A
CMPR,$69.55,1440702952083,"169,959",50% bullish,of 2 ratings,$72.50
CINF,$52.44,1440702952111,"244,238",50% bullish,of 4 ratings,$50.50
CIDM,$0.56,1440702952132,"16,189",50% bullish,of 2 ratings,$2.10
CTRN,$26.5,1440702952508,"27,444",100% bearish,of 1 rating,$31.50
CZNC,$19.8,1440702952705,"7,000",Not yet rated,NULL,N/A
CTAS,$84.6001,1440702952738,"218,507",100% bearish,of 1 rating,$91
CPHR,$5.4001,1440702952801,"6,961",100% bearish,of 1 rating,$17
CRUS,$29.66,1440702952833,"785,261",75% bullish,of 12 ratings,$44.50
CSCO,$25.73,1440702952894,"12,856,409",84% bullish,of 209 ratings,$32
CZFC,$12.68,1440702952919,900,Not yet rated,NULL,N/A
CIZN,$19.274,1440702952962,370,Not yet rated,NULL,N/A
CZWI,$8.95,1440702952991,109,Not yet rated,NULL,N/A
CTXS,$68.84,1440702953215,"808,399",86% bullish,of 7 ratings,$80
CHCO,$46.8,1440702953366,"13,693",Not yet rated,NULL,$46
CLNE,$4.66,1440702953395,"860,882",80% bullish,of 15 ratings,$9
CIVBP,NULL,1440702953447,0,Not yet rated,NULL,N/A
CLNT,$1.3599,1440702953468,"12,202",75% bullish,of 8 ratings,N/A
CIVB,$10.25,1440702953551,"2,138",Not yet rated,NULL,$11
CDTI,$1.57,1440702953622,"115,559",75% bullish,of 4 ratings,$3.20
CLFD,$16.6025,1440702953806,"22,683",67% bullish,of 3 ratings,$18
CLRO,$11.51,1440702953832,"5,628",50% bullish,of 2 ratings,$14.25
CBLI,$3.74,1440702953886,"16,621",60% bullish,of 5 ratings,N/A
CSBK,$13.62,1440702953961,"46,652",Not yet rated,NULL,N/A
CLIR,$4.532,1440702954027,"62,076",100% bullish,of 3 ratings,N/A
CLVS,$74.75,1440702954117,"263,591",60% bullish,of 5 ratings,$101.50
CISG,$7.5647,1440702954271,"37,099",100% bullish,of 5 ratings,$10
CCNE,$16.8955,1440702954344,"2,610",50% bullish,of 2 ratings,$21.50
CMFN,$11.5206,1440702954372,"36,511",100% bearish,of 1 rating,$15.50
CME,$92.26,1440702954415,"624,047",67% bullish,of 3 ratings,$102
CNV,$4.4,1440702954500,"43,868",50% bullish,of 2 ratings,$7.15
CWAY,$11.2099,1440702954662,600,Not yet rated,NULL,N/A
CDRB,$12.66,1440702954693,"4,761",67% bullish,of 3 ratings,N/A
COBZ,$12.85,1440702954718,"28,075",100% bullish,of 1 rating,$14
CVLY,$20.3525,1440702954866,"1,024",Not yet rated,NULL,N/A
CDXS,$3.55,1440702954892,"23,656",64% bullish,of 11 ratings,$6
JVA,$4.6,1440702954946,"16,833",83% bullish,of 6 ratings,$7
COKE,$152.54,1440702954972,"12,134",79% bullish,of 19 ratings,N/A
CCOI,$27.32,1440702955047,"234,118",50% bullish,of 4 ratings,$35
CGNT,$1.52,1440702955150,"22,717",100% bullish,of 2 ratings,$2
CGNX,$34.72,1440702955252,"254,669",50% bullish,of 2 ratings,$47
CHRS,$28.325,1440702955326,"107,670",67% bearish,of 3 ratings,$37
CTSH,$62.51,1440702955354,"1,658,694",90% bullish,of 10 ratings,$75
COHR,$56.45,1440702955410,"51,439",50% bullish,of 2 ratings,$72
COHU,$9.3,1440702955495,"50,323",100% bearish,of 1 rating,$14.25
CLRX,$0.53,1440702955664,"29,805",50% bullish,of 2 ratings,N/A
CLCT,$18.0769,1440702955695,"10,929",100% bearish,of 1 rating,N/A
CBAN,$9,1440702955726,400,Not yet rated,NULL,N/A
CIGI,$42.86,1440702955793,"4,135",100% bearish,of 1 rating,$52
COLL,$15.08,1440702955828,"26,949",100% bearish,of 1 rating,$26
COLB,$30.12,1440702955873,"91,562",Not yet rated,NULL,$36
COLM,$60.71,1440702955929,"48,615",100% bearish,of 1 rating,$71
CLCD,$6.36,1440702955969,"24,514",100% bearish,of 1 rating,$20.50
CMCO,$18.17,1440702956067,"48,097",60% bullish,of 5 ratings,$28
CBMX,$1.1491,1440702956287,"10,217",83% bullish,of 6 ratings,$3.15
CMCSK,$56.66,1440702956419,"1,559,236",Not yet rated,NULL,$84
CMCSA,$55.855,1440702956445,"5,342,770",66% bullish,of 35 ratings,$69.50
CUBN,NULL,1440702956473,0,Not yet rated,NULL,N/A
CBSH,$44.47,1440702956576,"103,442",50% bullish,of 2 ratings,$46
CVGI,$4.82,1440702956606,"41,941",50% bullish,of 2 ratings,$6
COMM,$30.23,1440702956631,"630,330",67% bearish,of 3 ratings,$35
CBSHP,$25.4301,1440702956657,322,100% bearish,of 1 rating,N/A
JCS,NULL,1440702956792,0,67% bullish,of 3 ratings,N/A
CSAL,$20.695,1440702956821,"204,405",75% bullish,of 4 ratings,$30
CYHHZ,$0.01,1440702956874,"26,672",100% bullish,of 1 rating,N/A
ESXB,$5.0611,1440702956953,"1,400",Not yet rated,NULL,N/A
CTBI,$34.45,1440702957038,"14,718",Not yet rated,NULL,$36
CWBC,$6.6801,1440702957083,"3,202",Not yet rated,NULL,N/A
COB,$10.28,1440702957173,"6,657",100% bullish,of 1 rating,$11.75
CID,$33.74,1440702957418,200,Not yet rated,NULL,N/A
CVLT,$35.93,1440702957479,"238,512",75% bullish,of 4 ratings,$44.50
CIL,$33.8,1440702957517,300,Not yet rated,NULL,N/A
CSF,$36.5,1440702957544,"3,805",100% bearish,of 1 rating,N/A
CSA,NULL,1440702957572,0,Not yet rated,NULL,N/A
CIZ,$33.47,1440702957592,"2,350",100% bearish,of 1 rating,N/A
CDC,$34.61,1440702957625,"14,616",Not yet rated,NULL,N/A
CFO,$35.2,1440702957754,"11,014",100% bearish,of 1 rating,N/A
CDL,NULL,1440702957893,0,Not yet rated,NULL,N/A
CFA,$35.71,1440702958028,"14,979",100% bearish,of 1 rating,N/A
CSB,NULL,1440702958052,0,Not yet rated,NULL,N/A
CGEN,$4.8,1440702958209,"63,659",50% bullish,of 2 ratings,$11
CPSI,$45.055,1440702958243,"35,269",100% bearish,of 1 rating,$45.50
SCOR,$53.39,1440702958275,"142,507",100% bearish,of 1 rating,$66
CHCI,$0.7201,1440702958338,"6,679",50% bullish,of 2 ratings,N/A
CMTL,$25.285,1440702958363,"53,452",100% bearish,of 2 ratings,$37
CNAT,$3.63,1440702958495,"67,449",83% bullish,of 6 ratings,$13
CNCE,$15.41,1440702958733,"94,037",75% bullish,of 4 ratings,$22
CTG,$6.77,1440702958762,"24,220",100% bearish,of 1 rating,$8.50
CCUR,$4.6608,1440702958786,"35,677",75% bullish,of 4 ratings,N/A
CXRX,$72.8,1440702958817,"3,200",100% bearish,of 1 rating,$90
CNSI,$18.63,1440702958838,"46,147",100% bearish,of 2 ratings,$29
CDOR,$1.3447,1440702959099,"1,080",100% bullish,of 1 rating,N/A
CDORO,$17,1440702959229,162,100% bearish,of 1 rating,N/A
CNFR,$10.2523,1440702959335,"1,612",Not yet rated,NULL,N/A
CNMD,$52.78,1440702959361,"66,345",Not yet rated,NULL,$59
CDORP,NULL,1440702959402,0,100% bearish,of 1 rating,N/A
CFMS,$19.29,1440702959491,"137,919",Not yet rated,NULL,$27
CTWS,$34.5699,1440702959548,"11,955",100% bearish,of 1 rating,$44
CNOB,$19.4,1440702959648,"29,479",100% bullish,of 1 rating,$23.50
CONN,$29.7,1440702959708,"240,476",67% bullish,of 3 ratings,$48.50
CNSL,$19.295,1440702959779,"111,793",100% bearish,of 1 rating,$23
CNXR,$6.6,1440702959811,"39,943",100% bearish,of 1 rating,$12
CWCO,$10.375,1440702959840,"41,850",67% bullish,of 3 ratings,$14.50
CTCT,$24.28,1440702959950,"100,831",67% bullish,of 3 ratings,$37
CFRXW,$1.74,1440702960055,"1,729",100% bearish,of 1 rating,N/A
CFRX,$5.0818,1440702960082,"14,231",Not yet rated,NULL,$14
CPSS,$5.665,1440702960107,"33,626",100% bullish,of 1 rating,$10
CFRXZ,NULL,1440702960353,0,Not yet rated,NULL,N/A
CTRL,$8.14,1440702960501,"94,923",50% bullish,of 2 ratings,$11
CTRV,$3.7899,1440702960534,"4,213",Not yet rated,NULL,$6.40
CPRT,$34.28,1440702960556,"148,317",67% bearish,of 3 ratings,$40
CORT,$4.97,1440702960577,"160,825",67% bullish,of 3 ratings,$12
BVA,NULL,1440702960618,0,50% bullish,of 2 ratings,N/A
CORE,$58.93,1440702960643,"42,447",100% bearish,of 1 rating,$72
CRBP,$1.93,1440702960705,"300,003",100% bullish,of 2 ratings,$6.25
CORI,$10.57,1440702960867,"40,161",100% bearish,of 1 rating,$18
CRVL,$31.08,1440702960964,"15,091",100% bearish,of 1 rating,N/A
CSOD,$35.875,1440702960997,"487,535",50% bullish,of 2 ratings,$42
COSI,$1.16,1440702961098,"112,920",100% bullish,of 1 rating,N/A
CSGP,$178.321,1440702961123,"55,029",50% bullish,of 2 ratings,$235
COST,$137.94,1440702961279,"966,410",79% bullish,of 24 ratings,$154.50
COVS,$2.6,1440702961407,"64,868",67% bullish,of 3 ratings,N/A
ICBK,$18.56,1440702961482,300,Not yet rated,NULL,$21
CVTI,$22.985,1440702961534,"71,232",67% bearish,of 3 ratings,$39
CPAH,$0.47,1440702961560,"3,779",50% bullish,of 2 ratings,N/A
CRAI,$21.34,1440702961593,"25,560",100% bearish,of 1 rating,$36
COWN,$5.06,1440702961614,"432,825",75% bullish,of 4 ratings,$7
COWNL,NULL,1440702961693,0,Not yet rated,NULL,N/A
CPSH,$2.24,1440702961746,"1,800",Not yet rated,NULL,N/A
CBRL,$146.32,1440702961915,"133,412",50% bullish,of 2 ratings,$155
BREW,$7.45,1440702962009,"21,377",67% bullish,of 6 ratings,$15
CACC,$196.85,1440702962108,"46,452",50% bullish,of 2 ratings,$158.50
CRAY,$20.3,1440702962137,"162,807",83% bullish,of 6 ratings,$38.50
GLDI,$10.9581,1440702962279,"8,774",100% bearish,of 1 rating,N/A
CRESY,$10.31,1440702962386,"21,835",100% bearish,of 1 rating,$19
SLVO,$9.93,1440702962412,"14,933",100% bearish,of 1 rating,N/A
CREE,$26.55,1440702962441,"650,980",65% bullish,of 17 ratings,$29.50
CRTO,$43.5,1440702962587,"169,199",67% bullish,of 6 ratings,$64
CRDS,$1,1440702962626,"69,600",75% bullish,of 4 ratings,$4.50
CRWS,$8.1,1440702962766,"6,957",Not yet rated,NULL,$10
CROX,$13.85,1440702962824,"720,707",63% bullish,of 8 ratings,$16.50
CCRN,$13.8,1440702962897,"86,168",100% bearish,of 1 rating,$14.25
CRWN,$4.43,1440702962927,"24,459",75% bullish,of 4 ratings,N/A
CYRX,$2.86,1440702962981,"16,364",Not yet rated,NULL,$9
CYRXW,$0.869,1440702963028,"2,900",Not yet rated,NULL,N/A
CCLP,$14.34,1440702963202,"34,926",67% bearish,of 3 ratings,$20
CSGS,$30.35,1440702963252,"104,789",Not yet rated,NULL,$40
CSPI,$5.747,1440702963332,"11,712",67% bullish,of 3 ratings,N/A
CTIC,$1.58,1440702963381,"873,133",84% bullish,of 76 ratings,$5.75
CTIB,$3.55,1440702963547,"3,299",100% bearish,of 1 rating,N/A
CTRP,$68.56,1440702963573,"1,483,678",75% bullish,of 8 ratings,$92
CTCM,$1.74,1440702963599,"155,784",80% bearish,of 5 ratings,$3.90
CUNB,$21.12,1440702963767,"6,982",Not yet rated,NULL,$24.50
CUI,$4.9,1440702963811,"10,578",50% bullish,of 2 ratings,$10
CPIX,$6.03,1440702963839,"2,100",Not yet rated,NULL,N/A
CMLS,$1.44,1440702963870,"212,945",50% bullish,of 4 ratings,$6
CRIS,$2.45,1440702963978,"214,883",100% bullish,of 8 ratings,$6
CUTR,$14.31,1440702964163,"44,040",67% bearish,of 3 ratings,$18
CVV,$10.8401,1440702964193,"3,861",100% bullish,of 5 ratings,N/A
CYAN,$7.7299,1440702964214,"8,351",100% bearish,of 1 rating,N/A
CYBR,$50.25,1440702964247,"841,606",75% bullish,of 8 ratings,$66
CVBF,$15.99,1440702964343,"143,928",Not yet rated,NULL,$18
CYBE,$6.245,1440702964432,"16,245",100% bearish,of 1 rating,N/A
CYBX,$66.075,1440702964472,"184,979",50% bullish,of 4 ratings,$71.50
CYCC,$0.5299,1440702964573,"17,421",73% bullish,of 11 ratings,N/A
CYNA,$16.02,1440702964656,"9,828",100% bullish,of 1 rating,$31.50
CYCCP,NULL,1440702964682,0,100% bearish,of 1 rating,N/A
CBAY,$2.6,1440702964703,"32,006",100% bullish,of 1 rating,$4
CY,$9.7,1440702964861,"3,110,859",80% bullish,of 10 ratings,$15.50
CYNO,$30.73,1440702964939,"197,859",67% bearish,of 3 ratings,$45.50
CYTK,$6.7662,1440702965114,"85,862",71% bullish,of 14 ratings,$13.50
CYRN,$1.7099,1440702965141,"17,975",67% bullish,of 3 ratings,$4
CONE,$31.835,1440702965211,"221,212",67% bearish,of 3 ratings,$35.50
CYTR,$2.29,1440702965278,"290,544",67% bullish,of 6 ratings,$10
CTSO,$6.27,1440702965312,"34,091",Not yet rated,NULL,$15.625
CYTX,$0.3051,1440702965384,"1,927,795",83% bullish,of 12 ratings,$5.50
DAEG,$0.36,1440702965563,500,100% bearish,of 1 rating,N/A
ZIV,$41.26,1440702965734,"234,354",Not yet rated,NULL,N/A
TVIX,$13.5566,1440702965765,"12,749,781",81% bullish,of 16 ratings,N/A
TVIZ,$16.62,1440702965786,"6,942",100% bearish,of 1 rating,N/A
XIV,$26.91,1440702965835,"21,018,042",75% bearish,of 4 ratings,N/A
DAKT,$8.42,1440702966104,"283,381",50% bullish,of 2 ratings,$14
DJCO,$196.33,1440702966149,360,Not yet rated,NULL,N/A
DARA,$0.8401,1440702966202,"43,090",83% bullish,of 6 ratings,$1.50
DTLK,$5.65,1440702966341,"44,616",100% bearish,of 1 rating,$9
DRAM,$1.2399,1440702966486,"26,628",78% bullish,of 9 ratings,N/A
DWCH,$5.0401,1440702966517,"23,279",75% bullish,of 4 ratings,$8.25
PLAY,$34.41,1440702966619,"251,430",100% bullish,of 5 ratings,$42
DAIO,$2.6393,1440702966645,"1,204",Not yet rated,NULL,N/A
DTEA,$12.835,1440702966727,"27,032",100% bearish,of 2 ratings,$24
TRAK,$62.83,1440702966886,"221,944",50% bullish,of 2 ratings,$62.50
DBVT,$41.02,1440702966913,"113,121",100% bearish,of 1 rating,$53
DWSN,$4.26,1440702966934,"12,290",67% bullish,of 3 ratings,N/A
DHRM,$1.5,1440702966966,"24,321",Not yet rated,NULL,N/A
TACO,$13.0458,1440702967062,"76,485",75% bullish,of 4 ratings,$20
DFRG,$14.3461,1440702967146,"58,599",100% bearish,of 1 rating,$20
TACOW,$4,1440702967197,"11,228",100% bullish,of 1 rating,N/A
DGAS,$20.05,1440702967304,"8,487",67% bearish,of 3 ratings,N/A
DCTH,$0.4008,1440702967568,"97,931",78% bullish,of 9 ratings,N/A
DELT,$2.68,1440702967597,"4,100",Not yet rated,NULL,N/A
DELTW,NULL,1440702967704,0,Not yet rated,NULL,N/A
DENN,$11.46,1440702967807,"179,619",100% bullish,of 3 ratings,$15
XRAY,$52.48,1440702968155,"259,831",100% bullish,of 1 rating,$58
DSCI,$5.9,1440702968299,"43,480",50% bullish,of 2 ratings,$16
DERM,$25.93,1440702968438,"61,972",100% bearish,of 1 rating,$33.50
DEST,$11.3525,1440702968469,"63,864",50% bullish,of 2 ratings,N/A
DEPO,$28.41,1440702968493,"268,284",60% bullish,of 5 ratings,$29
DSWL,$1.7399,1440702968522,500,100% bullish,of 1 rating,N/A
DXLG,$5.27,1440702968574,"152,338",100% bearish,of 1 rating,$8
DXM,$0.24,1440702968951,"279,313",50% bullish,of 2 ratings,N/A
DHIL,$193,1440702968999,860,Not yet rated,NULL,N/A
FANG,$65.1,1440702969055,"511,231",50% bullish,of 2 ratings,$86.50
DMND,$28.53,1440702969085,"215,125",75% bullish,of 12 ratings,$32
DHXM,NULL,1440702969105,0,Not yet rated,NULL,N/A
DXCM,$92.78,1440702969187,"480,732",57% bullish,of 7 ratings,$98
DCIX,$1.7001,1440702969252,"79,800",50% bullish,of 4 ratings,$3.50
DGII,$9.74,1440702969490,"88,237",100% bearish,of 1 rating,$10
DRNA,$10.22,1440702969569,"35,963",67% bearish,of 3 ratings,$25
DMRC,$34.5,1440702969596,"25,385",100% bearish,of 1 rating,$44
APPS,$2.34,1440702969728,"64,616",100% bearish,of 1 rating,$10.25
DGLY,$8.11,1440702969757,"148,169",50% bullish,of 6 ratings,$20
DRAD,$3.67,1440702969859,"17,412",100% bullish,of 1 rating,$5.25
DCOM,$16.8,1440702969884,"86,501",100% bearish,of 2 ratings,$16.50
DIOD,$20.01,1440702970494,"76,649",75% bearish,of 4 ratings,$24
DISCA,$26.51,1440702970771,"1,123,387",67% bullish,of 3 ratings,$34
DPRX,$12.83,1440702970819,"4,806",100% bullish,of 2 ratings,$27.75
DISCB,$27.0801,1440702971228,200,100% bearish,of 1 rating,$35
DISCK,$24.97,1440702971406,"665,124",100% bearish,of 1 rating,$32
DSCO,$0.3726,1440702971562,"211,735",83% bullish,of 6 ratings,$2.75
DVCR,$10.8,1440702971640,"2,042",100% bullish,of 1 rating,N/A
BAGR,$2.76,1440702971666,"25,382",100% bearish,of 1 rating,$6
DISH,$58.33,1440702971714,"777,886",69% bullish,of 13 ratings,$73
DNBF,$26.3,1440702971801,200,Not yet rated,NULL,$27.50
DLHC,$2.4636,1440702971826,"2,034",100% bearish,of 1 rating,N/A
DLTR,$75.62,1440702971851,"2,608,919",82% bullish,of 11 ratings,$88
DGICA,$14.37,1440702972151,"6,727",100% bearish,of 1 rating,$17
DGICB,NULL,1440702972764,0,100% bearish,of 1 rating,N/A
HILL,$9.66,1440702972789,"719,723",60% bearish,of 5 ratings,$9.75
DORM,$50.47,1440702972833,"54,254",100% bearish,of 1 rating,$56
DMLP,$14.71,1440702972858,"25,725",100% bearish,of 1 rating,N/A
DRWI,$0.2255,1440702972882,"72,690",60% bullish,of 5 ratings,$.45
DRWIW,$0.049,1440702973059,400,Not yet rated,NULL,N/A
DWA,$20.15,1440702973084,"481,962",63% bullish,of 8 ratings,$26
DRYS,$0.4405,1440702973125,"4,944,008",77% bullish,of 31 ratings,$.60
DSPG,$8.73,1440702973230,"33,216",100% bearish,of 1 rating,$13.50
CADTW,NULL,1440702973294,0,Not yet rated,NULL,N/A
DSKX,$3.0001,1440702973398,"101,891",100% bullish,of 1 rating,N/A
CADTR,$0.2,1440702973425,"10,500",Not yet rated,NULL,N/A
CADT,NULL,1440702973453,0,Not yet rated,NULL,N/A
CADTU,NULL,1440702973555,0,Not yet rated,NULL,N/A
DNKN,$50.98,1440702973603,"406,629",67% bullish,of 15 ratings,$56.50
DTSI,$26.23,1440702973744,"28,622",100% bearish,of 2 ratings,$39.50
DRRX,$1.99,1440702974296,"98,613",50% bullish,of 6 ratings,$3
DXPE,$26.17,1440702974370,"270,157",50% bullish,of 2 ratings,N/A
DVAX,$27.89,1440702974499,"185,400",70% bullish,of 10 ratings,$40
DYAX,$23.6,1440702974552,"441,226",89% bullish,of 9 ratings,$30
BOOM,$9.56,1440702974577,"69,806",67% bullish,of 3 ratings,$12
DYSL,$1.5217,1440702974602,"51,341",100% bullish,of 2 ratings,N/A
DYNT,$3,1440702974626,"7,747",75% bullish,of 4 ratings,N/A
ETFC,$26.165,1440702974930,"2,075,308",57% bullish,of 14 ratings,$32.50
EGBN,$42.01,1440702974960,"70,484",Not yet rated,NULL,$48
EBMT,$12.02,1440702974988,"2,597",Not yet rated,NULL,$13.50
EGLE,$6.53,1440702975021,"7,264",60% bullish,of 5 ratings,N/A
EGRX,$79.6,1440702975121,"215,683",67% bullish,of 3 ratings,$97
ELNK,$8.37,1440702975149,"300,338",60% bullish,of 5 ratings,$9.50
EROC,$1.3901,1440702975182,"288,772",50% bullish,of 2 ratings,$3
EWBC,$39.835,1440702975203,"448,547",100% bearish,of 1 rating,$50
EACQU,NULL,1440702975348,0,Not yet rated,NULL,N/A
EBAY,$26.72,1440702975584,"6,504,073",81% bullish,of 117 ratings,$48
EVBS,NULL,1440702975611,0,Not yet rated,NULL,$7
EML,$16.58,1440702975632,"1,922",Not yet rated,NULL,N/A
EBIX,$28.06,1440702975763,"181,661",69% bullish,of 13 ratings,$40
ECHO,$23.23,1440702975995,"408,221",67% bearish,of 3 ratings,$35.50
ECTE,$1.5,1440702976021,"1,534",75% bullish,of 4 ratings,N/A
SATS,$44.11,1440702976063,"38,037",50% bullish,of 2 ratings,$60
EDAP,$3.57,1440702976094,"110,822",60% bullish,of 5 ratings,$4.50
ECACU,$10.06,1440702976156,100,Not yet rated,NULL,N/A
ELON,$0.54,1440702976182,"38,407",50% bullish,of 2 ratings,N/A
ESES,$3.43,1440702976240,500,100% bearish,of 1 rating,$7
EEI,$10.76,1440702976314,"10,362",67% bearish,of 3 ratings,N/A
EDGW,$6.9116,1440702976531,"7,974",100% bearish,of 1 rating,N/A
EFUT,$4.4,1440702976663,"2,797",Not yet rated,NULL,N/A
EDUC,$5.24,1440702976724,"9,170",100% bearish,of 1 rating,N/A
EGAN,$3.49,1440702977552,"1,092,761",50% bullish,of 2 ratings,$6.25
EGLT,$10.395,1440702977585,"22,489",50% bullish,of 2 ratings,$21
EHTH,$13.97,1440702977620,"44,800",50% bullish,of 4 ratings,$16.50
EMITF,$1.25,1440702977681,"10,994",75% bullish,of 4 ratings,N/A
LOCO,$12.48,1440702977706,"555,343",69% bullish,of 13 ratings,$20
ESLT,$77.169,1440702977919,"3,601",67% bullish,of 3 ratings,N/A
EA,$66.24,1440702977955,"1,101,551",77% bullish,of 35 ratings,$80
ERI,$9.45,1440702978005,"58,658",100% bearish,of 1 rating,$10
ESIO,$4.3601,1440702978050,"68,008",50% bullish,of 2 ratings,$10
EFII,$43.31,1440702978076,"109,487",80% bullish,of 5 ratings,$55
ELRC,$10.35,1440702978097,"20,502",100% bearish,of 1 rating,N/A
ELSE,$3.8138,1440702978235,"2,247",60% bullish,of 5 ratings,N/A
ELEC,NULL,1440702978260,0,Not yet rated,NULL,N/A
ELECU,NULL,1440702978426,0,Not yet rated,NULL,N/A
ELECW,NULL,1440702978454,0,Not yet rated,NULL,N/A
EBIO,$3.6,1440702978620,"416,632",100% bearish,of 2 ratings,$8.35
RDEN,$10.435,1440702978883,"25,110",100% bearish,of 4 ratings,$15
CAPX,$22.83,1440702978911,"5,600",Not yet rated,NULL,N/A
ESBK,$19.62,1440702978932,340,Not yet rated,NULL,N/A
ELTK,$1.23,1440702978964,"88,889",67% bearish,of 3 ratings,N/A
LONG,$16.96,1440702979098,"33,362",67% bullish,of 3 ratings,$15.75
EMKR,$6.89,1440702979123,"53,345",75% bullish,of 4 ratings,$8.50
EMCF,$23.2999,1440702979149,300,100% bearish,of 1 rating,N/A
EMCI,$23.0601,1440702979170,"10,416",Not yet rated,NULL,N/A
EMMS,$1.1328,1440702979409,"34,267",83% bullish,of 6 ratings,N/A
EMMSP,NULL,1440702979442,0,100% bearish,of 1 rating,N/A
NYNY,$4.235,1440702979505,"16,354",50% bullish,of 2 ratings,N/A
ERS,$2.87,1440702979587,"2,300",Not yet rated,NULL,N/A
ENTA,$41.64,1440702979697,"92,898",50% bullish,of 2 ratings,$42
ECPG,$39.01,1440702979726,"79,823",100% bullish,of 2 ratings,$52
WIRE,$30.97,1440702979794,"51,440",100% bearish,of 1 rating,$37
WATT,$6.462,1440702979958,"85,916",50% bullish,of 2 ratings,$13
ECYT,$5.135,1440702980005,"91,753",83% bullish,of 6 ratings,$12
ENDP,$78.04,1440702980041,"511,928",50% bullish,of 6 ratings,$104
EIGI,$15.41,1440702980066,"197,426",67% bearish,of 3 ratings,$22.50
ELGX,$12.835,1440702980103,"215,111",75% bullish,of 4 ratings,$17
EFOI,$19.1,1440702980256,"1,142,669",50% bullish,of 2 ratings,$20.50
ERII,$2.65,1440702980282,"22,709",80% bullish,of 5 ratings,$2.50
EXXI,$1.59,1440702980414,"1,487,427",86% bullish,of 7 ratings,$3.50
ENOC,$8.34,1440702980479,"76,311",75% bullish,of 4 ratings,$18
ENPH,$4.59,1440702980562,"383,353",75% bullish,of 4 ratings,$11
ESGR,$144.475,1440702980634,"8,756",100% bearish,of 1 rating,$185
ENG,$1.03,1440702980693,"10,810",100% bullish,of 3 ratings,N/A
ENTG,$13.55,1440702980875,"206,558",100% bearish,of 1 rating,$18
ENFC,$17.91,1440702981243,700,Not yet rated,NULL,N/A
ENTL,$21.76,1440702981280,"4,800",Not yet rated,NULL,$28
ETRM,$0.2705,1440702981306,"736,283",69% bearish,of 35 ratings,$1.625
EFSC,$23.59,1440702981346,"28,958",Not yet rated,NULL,$27
EGT,$2.12,1440702981373,706,100% bullish,of 1 rating,N/A
EBTC,$21.66,1440702981510,"3,080",Not yet rated,NULL,N/A
ENVI,$1.82,1440702981567,"43,634",67% bullish,of 3 ratings,N/A
ENZN,$1.055,1440702981727,"479,953",100% bullish,of 9 ratings,N/A
ENZY,$9.16,1440702981828,"3,952",67% bullish,of 3 ratings,$9.50
EPIQ,$12.95,1440702981881,"28,572",100% bearish,of 1 rating,$18
EPRS,$4.95,1440702981931,"57,136",82% bullish,of 11 ratings,$15
PLUS,$74.66,1440702982109,"40,639",50% bullish,of 2 ratings,$88
EQIX,$264.73,1440702982135,"208,459",75% bullish,of 4 ratings,$312.50
EAC,$3.26,1440702982166,"7,039",100% bearish,of 1 rating,$8
EPZM,$17.25,1440702982194,"155,325",60% bullish,of 5 ratings,$34
EQFN,$8.03,1440702982264,200,100% bearish,of 1 rating,N/A
ERIE,$82.37,1440702982326,"5,460",Not yet rated,NULL,$73
ESCA,$17.4799,1440702982434,"3,806",100% bearish,of 1 rating,$22
ERIC,$9.82,1440702982482,"905,355",67% bullish,of 9 ratings,$12.20
ESCRP,$1.1501,1440702982507,"2,100",100% bearish,of 1 rating,N/A
ESCR,$0.1399,1440702982639,"263,770",50% bullish,of 2 ratings,N/A
ESPR,$51.08,1440702982803,"359,215",70% bearish,of 10 ratings,$123
ESMC,$1.3,1440702982855,"2,406",Not yet rated,NULL,N/A
ESND,$33.76,1440702982886,"40,614",100% bearish,of 2 ratings,$40
ESSA,$12.84,1440702982933,746,100% bearish,of 1 rating,N/A
EPIX,NULL,1440702983126,0,Not yet rated,NULL,N/A
ESSX,$0.361,1440702983203,"127,356",50% bullish,of 2 ratings,N/A
ETSY,$13.535,1440702983335,"384,052",80% bullish,of 5 ratings,$16
ESEA,$5.48,1440702983598,"1,769",100% bullish,of 1 rating,$15
CLWT,$2.41,1440702983688,200,100% bullish,of 1 rating,N/A
EEFT,$64.7,1440702983753,"133,524",100% bearish,of 1 rating,$67.50
EVK,$3.75,1440702983953,300,75% bearish,of 4 ratings,N/A
EVEP,$7.86,1440702984140,"257,834",50% bullish,of 2 ratings,$15
EVLV,$2.51,1440702984274,"117,724",60% bullish,of 5 ratings,$6
EVOL,$6.07,1440702984379,"3,825",75% bullish,of 4 ratings,$10
EVOK,$3.99,1440702984415,"19,052",100% bearish,of 1 rating,$13.375
EXA,$11.21,1440702984691,"4,950",100% bearish,of 1 rating,$13
EXAC,$18.19,1440702984835,"64,908",100% bearish,of 1 rating,$22.50
EXAS,$21.81,1440702984860,"579,172",78% bullish,of 9 ratings,$31
EXLS,$36.05,1440702985077,"104,129",50% bullish,of 2 ratings,$41
EXFO,$2.95,1440702985107,"20,552",67% bearish,of 3 ratings,$3.95
EXPE,$115.19,1440702985206,"521,391",64% bullish,of 11 ratings,$130
EXEL,$5.87,1440702985232,"5,158,078",81% bullish,of 16 ratings,$6
EXPO,$42.06,1440702985567,"53,378",100% bearish,of 1 rating,$45.50
EXPD,$49.2401,1440702985592,"703,088",80% bullish,of 5 ratings,$52
EXLP,$18.27,1440702985619,"108,122",100% bearish,of 1 rating,$25
ESRX,$83.8901,1440702985747,"1,260,041",67% bearish,of 6 ratings,$101
EXTR,$2.74,1440702985772,"398,418",80% bullish,of 5 ratings,$3
EYEG,$3.74,1440702985835,"8,805",Not yet rated,NULL,N/A
EZCH,$21.84,1440702985930,"142,087",75% bullish,of 8 ratings,$19.50
EYEGW,$0.9024,1440702985969,172,Not yet rated,NULL,N/A
EZPW,$5.78,1440702986074,"123,321",50% bullish,of 4 ratings,$7.50
FFIV,$120.71,1440702986255,"498,545",63% bullish,of 8 ratings,$132
FWM,$2.4,1440702986314,"90,170",100% bearish,of 2 ratings,$3.20
FB,$87.5601,1440702986340,"18,789,930",73% bullish,of 1068 ratings,$111
FCS,$13.385,1440702986361,"332,080",67% bearish,of 3 ratings,$17
FRP,$15.29,1440702986397,"78,179",100% bearish,of 1 rating,$18
FALC,$1.7,1440702986503,"84,943",63% bearish,of 8 ratings,N/A
DAVE,$14.45,1440702986591,"3,557",100% bearish,of 1 rating,$15.50
FARM,$21.26,1440702986731,"35,762",100% bearish,of 1 rating,$35
FARO,$37.54,1440702986867,"24,288",50% bullish,of 2 ratings,$48
FMNB,$8.09,1440702986898,"10,772",Not yet rated,NULL,N/A
FFKT,$25.57,1440702986931,"7,313",Not yet rated,NULL,$29
FATE,$6.55,1440702986959,"21,904",50% bullish,of 2 ratings,$11
FAST,$38.3601,1440702986985,"990,740",80% bullish,of 5 ratings,$45.50
FBSS,NULL,1440702987126,0,Not yet rated,NULL,N/A
FBRC,$21.795,1440702987181,"41,368",100% bearish,of 1 rating,$29
FEIC,$74.69,1440702987340,"125,122",50% bullish,of 2 ratings,$95.50
FDML,$8.34,1440702987365,"165,453",50% bullish,of 4 ratings,$14
FNHC,$21.69,1440702987510,"23,179",100% bearish,of 1 rating,$35
FENX,$9.47,1440702987573,"13,492",100% bullish,of 1 rating,$14.25
FCSC,$5.55,1440702987679,"50,858",100% bearish,of 1 rating,$8.125
FHCO,$1.3598,1440702987704,"4,088",50% bullish,of 4 ratings,N/A
ONEQ,$185.82,1440702987882,"28,325",100% bullish,of 1 rating,N/A
LION,$18.78,1440702987908,"49,209",100% bullish,of 1 rating,$20
FGEN,$23.55,1440702987934,"104,579",100% bearish,of 1 rating,$39
FDUS,$14.1727,1440702988067,"26,863",50% bullish,of 2 ratings,$18
FSAM,$8.29,1440702988098,"6,234",100% bearish,of 1 rating,$10.25
FRGI,$51.98,1440702988122,"79,251",50% bullish,of 2 ratings,$70
FSC,$6.2938,1440702988200,"546,750",60% bullish,of 5 ratings,$8
FSCFL,$24.49,1440702988268,"10,581",Not yet rated,NULL,N/A
FSFR,$8.9001,1440702988328,"58,217",100% bearish,of 1 rating,$11.50
FITB,$19.79,1440702988409,"4,817,670",54% bullish,of 13 ratings,$22
FITBI,$27.4902,1440702988615,"15,955",Not yet rated,NULL,N/A
FISI,$24.55,1440702988657,"62,791",100% bullish,of 2 ratings,$24.50
FNGN,$32.62,1440702988684,"138,169",67% bullish,of 3 ratings,$47
FNTCU,NULL,1440702988818,0,Not yet rated,NULL,N/A
FNTC,$9.79,1440702988843,151,Not yet rated,NULL,N/A
FNSR,$15.48,1440702988870,"399,195",71% bullish,of 7 ratings,$24.50
FNJN,$1.8812,1440702988896,"61,672",100% bearish,of 1 rating,$5
FNTCW,NULL,1440702989033,0,Not yet rated,NULL,N/A
FEYE,$38.46,1440702989067,"2,276,787",87% bullish,of 15 ratings,$55.50
FNLC,$18.7699,1440702989174,"13,726",100% bullish,of 1 rating,N/A
FRBA,$6.0773,1440702989219,"2,300",Not yet rated,NULL,$8
BUSE,$6.34,1440702989323,"22,042",Not yet rated,NULL,$6.875
FBNC,$17,1440702989383,"13,794",100% bullish,of 1 rating,$20
FBIZ,$44,1440702989410,"8,231",100% bearish,of 2 ratings,$52
FCVA,$4.6201,1440702989540,"1,932",Not yet rated,NULL,N/A
FCAP,$26.5731,1440702989754,"1,088",Not yet rated,NULL,N/A
FCFS,$39.59,1440702989781,"67,869",100% bearish,of 3 ratings,$48
FCBC,$17.54,1440702989809,"8,585",Not yet rated,NULL,$18
FCCO,$11.751,1440702989835,"5,008",Not yet rated,NULL,$13.25
FBNK,$17.05,1440702989966,"23,247",100% bearish,of 1 rating,$17.50
FCNCA,$238.58,1440702989995,"1,859",Not yet rated,NULL,N/A
FDEF,$37.79,1440702990050,"23,739",Not yet rated,NULL,$38
FCLF,NULL,1440702990102,0,Not yet rated,NULL,N/A
FCFP,$6.823,1440702990184,250,Not yet rated,NULL,N/A
FFNM,$6.2,1440702990248,"1,450",Not yet rated,NULL,N/A
FFBC,$18.2,1440702990346,"79,016",67% bearish,of 3 ratings,$20.25
FFBCW,NULL,1440702990373,0,100% bearish,of 1 rating,N/A
FFIN,$30.82,1440702990451,"64,542",50% bullish,of 2 ratings,$31.75
FFNW,$12.08,1440702990505,"10,536",Not yet rated,NULL,$14
FFWM,$21.45,1440702990692,"26,572",Not yet rated,NULL,$24
INBK,$30.152,1440702990761,"4,584",50% bullish,of 2 ratings,$37
THFF,$32.97,1440702990788,"12,774",Not yet rated,NULL,$35
FIBK,$26.4756,1440702990809,"51,743",Not yet rated,NULL,$32
FMBH,NULL,1440702990937,0,Not yet rated,NULL,N/A
FNBC,$34.23,1440702990991,"43,469",Not yet rated,NULL,$40
FRME,$25.75,1440702991024,"88,548",Not yet rated,NULL,$26.50
FMBI,$17.46,1440702991049,"137,139",Not yet rated,NULL,$20
FNFG,$9.055,1440702991544,"1,257,847",80% bullish,of 5 ratings,$9
FSGI,$2.47,1440702991736,"1,275",Not yet rated,NULL,N/A
FSLR,$46.62,1440702991783,"806,227",72% bullish,of 39 ratings,$65
FBZ,NULL,1440702991914,0,Not yet rated,NULL,N/A
FTCS,$36.16,1440702991945,"16,458",100% bearish,of 1 rating,N/A
FNWB,$11.87,1440702991966,200,Not yet rated,NULL,N/A
FSFG,NULL,1440702991998,0,Not yet rated,NULL,N/A
BICK,$19.7301,1440702992046,"10,022",100% bullish,of 1 rating,N/A
FSBK,$7.76,1440702992094,"2,928",100% bullish,of 1 rating,N/A
FCAN,$24.3988,1440702992384,"3,151",Not yet rated,NULL,N/A
FEMB,NULL,1440702992418,0,Not yet rated,NULL,N/A
FV,$23.24,1440702992447,"3,501,501",100% bearish,of 1 rating,N/A
FEUZ,$31.452,1440702992509,318,Not yet rated,NULL,N/A
FCA,$19.9629,1440702992548,"1,795",Not yet rated,NULL,N/A
IFV,$17.78,1440702992610,"472,750",100% bearish,of 1 rating,N/A
FTSM,$59.84,1440702992707,"13,805",100% bearish,of 1 rating,N/A
TDIV,$24.362,1440702992887,"81,687",100% bearish,of 1 rating,N/A
FTGC,$22.145,1440702992932,"350,858",Not yet rated,NULL,N/A
FGM,$35.77,1440702993030,"22,782",Not yet rated,NULL,N/A
FTHI,$19.375,1440702993061,"2,500",Not yet rated,NULL,N/A
MDIV,$19.0601,1440702993086,"157,512",Not yet rated,NULL,N/A
HYLS,$49.4804,1440702993160,"22,863",100% bearish,of 1 rating,N/A
YDIV,$16.3401,1440702993189,"6,292",Not yet rated,NULL,N/A
FPXI,$27.46,1440702993222,703,Not yet rated,NULL,N/A
FHK,$33.65,1440702993319,"22,600",Not yet rated,NULL,N/A
PLTM,$6.2155,1440702993452,"18,078",100% bearish,of 1 rating,N/A
SKYY,$28.6137,1440702993583,"46,191",100% bullish,of 1 rating,N/A
CU,$12.7701,1440702993608,"3,713",100% bearish,of 1 rating,N/A
FJP,$47.475,1440702993742,"5,842",Not yet rated,NULL,N/A
FTLB,$19.25,1440702993847,"1,707",100% bearish,of 1 rating,N/A
FMB,$51.1425,1440702993874,165,Not yet rated,NULL,N/A
FONE,$35.3724,1440702994001,"1,960",Not yet rated,NULL,N/A
QABA,$37.2166,1440702994026,"10,026",100% bearish,of 1 rating,N/A
LMBS,$50.0501,1440702994098,547,Not yet rated,NULL,N/A
QCLN,$14.7201,1440702994158,"16,473",Not yet rated,NULL,N/A
CIBR,$17.7799,1440702994183,"87,075",Not yet rated,NULL,N/A
GRID,NULL,1440702994409,0,100% bearish,of 1 rating,N/A
RDVY,$20.91,1440702994447,"11,108",Not yet rated,NULL,N/A
CARZ,$34.94,1440702994478,"4,852",100% bearish,of 1 rating,N/A
QQEW,$41.5278,1440702994582,"193,315",Not yet rated,NULL,N/A
QTEC,$39.6243,1440702994630,"59,880",Not yet rated,NULL,N/A
QQXT,$40.1254,1440702994656,"29,227",Not yet rated,NULL,N/A
AIRR,$15.9701,1440702994725,"17,094",100% bearish,of 1 rating,N/A
QINC,NULL,1440702994790,0,Not yet rated,NULL,N/A
FKO,$23,1440702994929,147,Not yet rated,NULL,N/A
FTSL,$48.8009,1440702994950,"34,832",100% bearish,of 1 rating,N/A
FTW,$31.905,1440702995033,100,Not yet rated,NULL,N/A
FDIV,$44.8284,1440702995079,"6,205",100% bearish,of 1 rating,N/A
FUNC,$8.2,1440702995178,300,Not yet rated,NULL,N/A
TUSA,$24.7182,1440702995205,"1,479",Not yet rated,NULL,N/A
FSZ,$38.9292,1440702995368,"6,901",Not yet rated,NULL,N/A
FSV,$31.33,1440702995502,"3,246",Not yet rated,NULL,$33.60
FMER,$17.74,1440702995534,"664,216",50% bullish,of 2 ratings,$20
FISV,$85.23,1440702995641,"795,263",100% bearish,of 3 ratings,$90
FKU,$41.5616,1440702995670,"8,714",Not yet rated,NULL,N/A
SVVC,$9.4001,1440702995718,"13,827",50% bullish,of 2 ratings,$26
FIVE,$37.04,1440702995801,"327,345",75% bearish,of 4 ratings,$44
FPRX,$18.53,1440702995830,"121,300",50% bullish,of 2 ratings,$35
FIVN,$4.16,1440702996006,"85,464",100% bullish,of 1 rating,$8.50
FLML,$22.165,1440702996038,"155,218",50% bullish,of 2 ratings,$30
FLXN,$24.36,1440702996138,"54,983",100% bearish,of 1 rating,$40
FLKS,$11.8,1440702996169,"12,070",50% bullish,of 2 ratings,$27
FLXS,$31.42,1440702996270,"9,590",100% bearish,of 2 ratings,N/A
MBSD,$24.93,1440702996342,936,Not yet rated,NULL,N/A
SKOR,NULL,1440702996430,0,Not yet rated,NULL,N/A
FLIR,$28.19,1440702996575,"682,055",100% bearish,of 1 rating,$38.50
FLEX,$10.505,1440702996619,"1,154,840",63% bullish,of 8 ratings,$12
FLDM,$11.21,1440702996704,"358,946",67% bearish,of 3 ratings,$15
FFIC,$19.73,1440702996734,"32,506",Not yet rated,NULL,$21
FOGO,$18.28,1440702996760,"55,793",50% bullish,of 2 ratings,$25.50
FOMX,$10.045,1440702996782,"61,363",50% bullish,of 2 ratings,$23.50
FONR,$9.77,1440702996928,"10,270",100% bullish,of 1 rating,N/A
FORM,$6.28,1440702997029,"130,342",67% bullish,of 3 ratings,$10.50
FES,$0.9,1440702997124,"46,775",50% bullish,of 2 ratings,$1
FORR,$31.92,1440702997156,"19,908",Not yet rated,NULL,N/A
FORTY,NULL,1440702997187,0,100% bearish,of 1 rating,N/A
FBIO,$2.584,1440702997290,"36,085",83% bullish,of 6 ratings,N/A
FTNT,$42.1904,1440702997449,"505,001",80% bullish,of 10 ratings,$52
FMI,$22.2,1440702997638,"103,438",100% bearish,of 2 ratings,$27.50
FWP,$26.07,1440702997667,"29,969",100% bearish,of 1 rating,$45
FOSL,$60.08,1440702997695,"447,448",60% bearish,of 5 ratings,$80
FWRD,$44.7853,1440702997716,"169,919",100% bearish,of 1 rating,$50
FXCB,$17.1,1440702997750,"27,318",Not yet rated,NULL,$19
FORD,$2.1199,1440702997771,"7,565,025",67% bullish,of 3 ratings,N/A
FOXF,$15.225,1440702997844,"18,232",100% bearish,of 1 rating,$19
FRAN,$10.96,1440702998118,"233,173",50% bullish,of 4 ratings,$15
FELE,$28.3,1440702998199,"110,105",50% bullish,of 4 ratings,$33
RAIL,$19.62,1440702998481,"46,435",100% bearish,of 1 rating,$24.50
FREE,$0.37,1440702998506,"495,034",92% bullish,of 12 ratings,N/A
FRED,$12.56,1440702998688,"289,045",50% bullish,of 2 ratings,$16.50
FTR,$4.86,1440702998755,"10,852,068",78% bullish,of 27 ratings,$6.25
FEIM,$10.93,1440702998887,"1,408",100% bearish,of 1 rating,N/A
FTRPR,$98.084,1440702998950,"4,645",100% bearish,of 1 rating,N/A
FRPT,$12.41,1440702998976,"276,418",67% bearish,of 3 ratings,$23.50
FTD,$29.6,1440702999021,"43,734",100% bearish,of 1 rating,$40
FRPH,$30.62,1440702999046,"1,869",100% bearish,of 1 rating,N/A
FSYS,$6.4699,1440702999074,"15,003",67% bullish,of 3 ratings,$10
FSBW,$23.0001,1440702999207,"1,537",Not yet rated,NULL,N/A
FTEK,$2.046,1440702999235,"32,798",75% bullish,of 4 ratings,N/A
FULL,$3.0604,1440702999307,"154,380",67% bearish,of 3 ratings,$4.25
FCEL,$0.7212,1440702999450,"1,010,590",88% bullish,of 41 ratings,$2.65
FLL,$1.47,1440702999475,"7,837",75% bullish,of 4 ratings,$3.50
FFHL,$0.8545,1440702999642,"1,000",50% bullish,of 4 ratings,N/A
FULLL,NULL,1440702999725,0,Not yet rated,NULL,N/A
FXENP,NULL,1440702999795,0,100% bearish,of 1 rating,N/A
FXEN,$0.86,1440702999824,"27,777",75% bullish,of 4 ratings,$1.10
FULT,$12.06,1440702999845,"303,506",100% bearish,of 1 rating,$13
FSNN,$2.28,1440702999977,200,67% bullish,of 3 ratings,$6
GK,$66.98,1440703000006,"27,638",Not yet rated,NULL,$78
GAIA,$6,1440703000038,"15,996",50% bullish,of 2 ratings,$8.50
WILC,$4.8232,1440703000136,"2,055",100% bullish,of 2 ratings,N/A
GLPG,$61.557,1440703000280,"13,581",100% bullish,of 1 rating,$75
GALTW,NULL,1440703000307,0,100% bullish,of 1 rating,N/A
GALTU,NULL,1440703000331,0,100% bearish,of 1 rating,N/A
GALT,$1.92,1440703000482,"43,696",80% bullish,of 5 ratings,N/A
GALE,$1.4701,1440703000616,"563,512",89% bullish,of 47 ratings,$4
GLMD,$8.86,1440703000650,"9,516",67% bullish,of 3 ratings,$20.50
GLPI,$31.08,1440703000682,"371,361",100% bearish,of 1 rating,$37.50
GPIC,NULL,1440703000747,0,100% bearish,of 1 rating,N/A
GRMN,$37.635,1440703000777,"452,590",50% bullish,of 6 ratings,$46.50
GGAC,$9.88,1440703000803,"6,232",100% bearish,of 1 rating,N/A
GGACW,$0.16,1440703001061,"349,213",Not yet rated,NULL,N/A
GGACR,$0.25,1440703001086,"365,154",100% bullish,of 1 rating,N/A
GGACU,$10.3,1440703001148,"12,700",Not yet rated,NULL,N/A
GNCMA,$16.8844,1440703001298,"166,302",100% bearish,of 1 rating,$12
GFN,$3.71,1440703001337,"5,468",100% bearish,of 2 ratings,$8
GENC,$9.28,1440703001366,800,100% bearish,of 1 rating,N/A
GFNCP,$94,1440703001394,410,Not yet rated,NULL,N/A
GARS,$14.18,1440703001424,"26,105",Not yet rated,NULL,$16
GFNSL,$25.7499,1440703001552,"2,900",Not yet rated,NULL,N/A
GNTX,$15.25,1440703001951,"1,273,203",Not yet rated,NULL,$20
GHDX,$26.19,1440703001976,"68,071",50% bullish,of 2 ratings,$30
GENE,$2.119,1440703002013,"161,573",100% bullish,of 12 ratings,N/A
THRM,$44.25,1440703002178,"125,825",75% bearish,of 4 ratings,$55.50
GNCA,$12.07,1440703002206,"54,297",100% bearish,of 1 rating,$20
GNVC,$2.48,1440703002249,"3,300",90% bullish,of 10 ratings,$8.50
GNMK,$9.48,1440703002279,"42,145",67% bullish,of 6 ratings,$14
GABC,$29.34,1440703002345,"10,178",Not yet rated,NULL,$31
GEOS,$15.73,1440703002374,"109,311",100% bearish,of 3 ratings,$21
GTWN,NULL,1440703002399,0,Not yet rated,NULL,N/A
GERN,$3.03,1440703002608,"846,450",88% bullish,of 16 ratings,$5.25
GEVO,$2.36,1440703002775,"289,017",75% bullish,of 12 ratings,$5
GIGA,$1.43,1440703002809,"13,410",100% bearish,of 1 rating,N/A
GIGM,$0.54,1440703002834,"30,649",100% bullish,of 2 ratings,N/A
ROCK,$16.45,1440703002907,"48,419",80% bullish,of 5 ratings,$24
GIII,$67.39,1440703002933,"125,027",67% bullish,of 3 ratings,$75
GILT,$4.3452,1440703003061,"8,527",50% bullish,of 2 ratings,N/A
GILD,$105.85,1440703003087,"4,961,248",91% bullish,of 87 ratings,$129
GBCI,$25.47,1440703003157,"146,060",50% bullish,of 2 ratings,$31
GOODO,$25.0601,1440703003385,"1,019",Not yet rated,NULL,N/A
GOOD,$14.42,1440703003413,"48,529",Not yet rated,NULL,$19
GLAD,$8.6001,1440703003463,"230,939",50% bullish,of 2 ratings,$8.75
GOODN,NULL,1440703003488,0,Not yet rated,NULL,N/A
GLADO,$25.5899,1440703003548,"1,940",Not yet rated,NULL,N/A
GOODP,$25.05,1440703003574,400,Not yet rated,NULL,N/A
GAINN,$25.1199,1440703003913,"3,725",Not yet rated,NULL,N/A
GAIN,$7.319,1440703003942,"87,925",100% bullish,of 2 ratings,$8.25
GAINP,$25.9726,1440703003999,"2,029",Not yet rated,NULL,N/A
GLBZ,NULL,1440703004071,0,Not yet rated,NULL,N/A
LAND,$9.3899,1440703004130,"31,189",50% bullish,of 2 ratings,$13.75
GBT,$41.98,1440703004289,"37,260",100% bearish,of 1 rating,N/A
GAINO,$25.2564,1440703004334,500,Not yet rated,NULL,N/A
GDEF,NULL,1440703004399,0,Not yet rated,NULL,N/A
ENT,$11.51,1440703004542,"76,304",100% bearish,of 1 rating,$18
GBLI,$26.52,1440703004826,"4,542",Not yet rated,NULL,N/A
GSOL,$7.94,1440703004859,"12,520",100% bearish,of 1 rating,N/A
GPACU,NULL,1440703004959,0,Not yet rated,NULL,N/A
QQQC,$19.7107,1440703004984,"5,407",100% bearish,of 1 rating,N/A
ACTX,$13.2068,1440703005014,"4,251",100% bullish,of 1 rating,N/A
SOCL,$17.4316,1440703005116,"22,294",100% bullish,of 2 ratings,N/A
SRET,$13.2725,1440703005247,"2,201",Not yet rated,NULL,N/A
GSM,$13.47,1440703005390,"189,062",50% bullish,of 2 ratings,$23
GAI,$5.93,1440703005415,10,50% bullish,of 2 ratings,N/A
ALTY,$14.35,1440703005457,558,Not yet rated,NULL,N/A
GLBS,$1.011,1440703005680,"13,100",67% bullish,of 3 ratings,N/A
GLUU,$4.36,1440703005710,"1,570,241",92% bullish,of 26 ratings,$9
GLYC,$7.06,1440703005812,"4,920",50% bullish,of 2 ratings,$14
GLRI,$0.924,1440703005872,"28,553",100% bearish,of 1 rating,$4.25
YLCO,NULL,1440703005956,0,Not yet rated,NULL,N/A
GBIM,$2.213,1440703006052,"19,321",50% bullish,of 2 ratings,N/A
GOGO,$15.32,1440703006083,"346,366",80% bullish,of 5 ratings,$25
GOGL,$2.81,1440703006292,"252,025",75% bullish,of 4 ratings,$5
GLNG,$35.91,1440703006322,"493,857",83% bullish,of 6 ratings,$58
GDEN,$8.95,1440703006422,"1,600",50% bullish,of 2 ratings,N/A
GMLP,$17.5938,1440703006465,"257,615",50% bullish,of 4 ratings,$32.50
GBDC,$16.52,1440703006697,"88,441",Not yet rated,NULL,$17.75
GTIM,$6.69,1440703006747,"29,224",Not yet rated,NULL,$11.50
GOOGL,$654.59,1440703006779,"944,853",88% bullish,of 1080 ratings,$749
GLDC,$4.0992,1440703006800,505,50% bullish,of 2 ratings,N/A
GMAN,$3.6,1440703006882,"68,718",60% bullish,of 5 ratings,$8.50
GPIA,NULL,1440703006961,0,Not yet rated,NULL,N/A
GPRO,$47.08,1440703007180,"4,425,887",78% bullish,of 58 ratings,$72
GOOG,$623.93,1440703007253,"1,043,249",89% bullish,of 70 ratings,$825
LOPE,$36.985,1440703007279,"118,163",100% bearish,of 2 ratings,$50
GPIAW,$0.975,1440703007356,"4,500",Not yet rated,NULL,N/A
GRVY,$3.15,1440703007413,"3,825",50% bullish,of 2 ratings,N/A
GBSNU,NULL,1440703007511,0,NULL,NULL,NULL
GBSN,$0.3706,1440703007540,"7,802,129",50% bullish,of 2 ratings,$8.25
GPIAU,NULL,1440703007642,0,Not yet rated,NULL,N/A
GSBC,$39.43,1440703007773,"14,610",100% bullish,of 1 rating,$44
GLDD,$5.3,1440703007800,"75,737",100% bearish,of 4 ratings,$7.75
GRBK,$12.05,1440703007846,"146,289",77% bullish,of 13 ratings,N/A
GPP,$13.42,1440703007975,"39,791",Not yet rated,NULL,$20.50
GLRE,$24.7422,1440703008060,"122,089",50% bullish,of 2 ratings,$41
GPRE,$19.27,1440703008086,"330,385",67% bullish,of 6 ratings,$28.50
GNBC,$11.5801,1440703008257,"7,750",100% bearish,of 1 rating,$16.50
GCBC,NULL,1440703008344,0,100% bullish,of 1 rating,N/A
GRPN,$4.265,1440703008400,"5,011,122",61% bullish,of 71 ratings,$6.75
GGAL,$19.41,1440703008502,"148,100",80% bullish,of 5 ratings,$40
OMAB,$40.34,1440703008592,"22,680",100% bullish,of 1 rating,$44
GRFS,$30.43,1440703008621,"216,299",50% bullish,of 2 ratings,$35
GRIF,$30.12,1440703008649,"1,088",100% bearish,of 1 rating,N/A
GSIG,$12.78,1440703008670,"21,332",100% bearish,of 2 ratings,N/A
GSVC,$8.85,1440703008811,"46,388",50% bullish,of 2 ratings,$14.50
GSIT,$4.65,1440703008838,"9,750",100% bearish,of 1 rating,N/A
GTXI,$0.8001,1440703009137,"11,937",100% bullish,of 5 ratings,$.75
GBNK,$15.48,1440703009166,"12,105",100% bearish,of 1 rating,$18
GFED,NULL,1440703009268,0,Not yet rated,NULL,$17
GIFI,$11.63,1440703009325,"16,447",100% bearish,of 1 rating,$16
GUID,$6.982,1440703009351,"100,850",100% bearish,of 3 ratings,$10
GPOR,$34.28,1440703009483,"990,536",75% bullish,of 4 ratings,$55
GWPH,$106.49,1440703009508,"96,455",78% bullish,of 9 ratings,$148.50
GULTU,$0.2999,1440703009554,"265,271",100% bearish,of 1 rating,N/A
GURE,$1.65,1440703009686,"17,035",88% bullish,of 8 ratings,N/A
HEES,$18.385,1440703009764,"407,384",67% bearish,of 3 ratings,$31
GWGH,NULL,1440703009817,0,100% bearish,of 1 rating,$15.05
HLG,$8.36,1440703009986,700,100% bearish,of 1 rating,N/A
HNRG,$7.4556,1440703010040,"92,568",100% bearish,of 1 rating,$10
GYRO,NULL,1440703010117,0,100% bearish,of 1 rating,N/A
HALL,$11.26,1440703010425,"10,099",Not yet rated,NULL,N/A
HALO,$17.73,1440703010527,"493,986",67% bullish,of 3 ratings,$22.50
HBK,$13.8,1440703010555,300,50% bullish,of 2 ratings,N/A
HBHC,$27.2,1440703010584,"459,184",50% bullish,of 2 ratings,$30
HMPR,$1.89,1440703010612,"11,285",100% bullish,of 1 rating,N/A
HBHCL,$24.4687,1440703010743,"12,492",Not yet rated,NULL,N/A
HNH,$25.93,1440703010768,"11,810",100% bullish,of 1 rating,N/A
HNSN,$0.51,1440703010946,"64,735",88% bullish,of 8 ratings,$.40
HQCL,$12.05,1440703010979,"31,115",67% bullish,of 3 ratings,$14
HAFC,$24.13,1440703011000,"87,581",100% bullish,of 2 ratings,$28.50
HRMN,NULL,1440703011078,0,Not yet rated,NULL,N/A
HLIT,$5.6501,1440703011138,"143,439",100% bearish,of 1 rating,$6.50
HDNG,$9.606,1440703011159,"10,125",50% bullish,of 4 ratings,N/A
HRMNW,NULL,1440703011306,0,Not yet rated,NULL,N/A
HRMNU,NULL,1440703011387,0,Not yet rated,NULL,N/A
TINY,$2.4899,1440703011486,"20,093",50% bullish,of 2 ratings,$5.26
HART,$0.895,1440703011666,"62,194",100% bearish,of 1 rating,N/A
HCAPL,$25.15,1440703011837,"1,950",Not yet rated,NULL,N/A
HAS,$74.16,1440703011891,"382,400",63% bullish,of 8 ratings,$84.50
HCAP,$12.1401,1440703011918,"15,795",50% bullish,of 2 ratings,$15
HWBK,$13.63,1440703011939,800,100% bearish,of 1 rating,N/A
HBIO,$4.38,1440703011976,"28,098",Not yet rated,NULL,$10
HCOM,$21.835,1440703012003,"7,992",100% bearish,of 1 rating,$28
HA,$22.46,1440703012075,"474,757",67% bullish,of 9 ratings,$27
HAYN,$37.51,1440703012135,"41,086",100% bearish,of 1 rating,$59
HIIQ,$4.43,1440703012377,"35,884",50% bullish,of 2 ratings,$7
HCSG,$33.17,1440703012403,"84,353",50% bullish,of 4 ratings,$35
HDS,$32.5,1440703012434,"1,088,736",100% bearish,of 2 ratings,$39.50
HWKN,$36.82,1440703012459,"14,136",Not yet rated,NULL,N/A
HWAY,$11.925,1440703012604,"86,505",100% bearish,of 1 rating,$15
HQY,$29.15,1440703012735,"115,529",67% bullish,of 3 ratings,$31
HSTM,$24.81,1440703012764,"38,922",50% bullish,of 2 ratings,$33.75
HTWR,$84.125,1440703012861,"93,812",50% bullish,of 2 ratings,$103
HTBX,$5.06,1440703012963,"5,775",50% bullish,of 2 ratings,$15.50
HELE,$84.23,1440703012990,"76,524",67% bearish,of 3 ratings,$100
HTLD,$20.27,1440703013042,"185,403",Not yet rated,NULL,$22.50
HSII,$19.45,1440703013145,"27,014",100% bullish,of 3 ratings,$25
HMNY,NULL,1440703013171,0,100% bearish,of 1 rating,N/A
HTLF,$35.665,1440703013200,"22,692",100% bullish,of 1 rating,$39.50
HMTV,$13.49,1440703013254,"16,814",100% bearish,of 1 rating,$16
HNNA,$24.73,1440703013491,"2,031",Not yet rated,NULL,N/A
HERO,NULL,1440703013632,0,NULL,NULL,NULL
HCACU,$10.02,1440703013813,500,Not yet rated,NULL,N/A
HEOP,$7.62,1440703013840,"6,418",Not yet rated,NULL,$8.50
HTBK,$10.57,1440703013862,"20,881",Not yet rated,NULL,$12
HSIC,$136.54,1440703013883,"217,255",83% bullish,of 6 ratings,$146
HFWA,$17.5,1440703013914,"18,558",100% bullish,of 1 rating,$20
MLHR,$26.75,1440703014134,"159,290",50% bullish,of 2 ratings,$33.50
HFFC,$16,1440703014264,"3,038",Not yet rated,NULL,N/A
HSKA,$33.37,1440703014346,"24,928",100% bearish,of 1 rating,$38
HCCI,$11.0499,1440703014414,"17,169",100% bearish,of 1 rating,$16.50
HPJ,$2.2,1440703014446,"38,084",75% bullish,of 4 ratings,$12.43
HIBB,$38.38,1440703014473,"168,617",100% bearish,of 1 rating,$46.50
HRTX,$34.375,1440703014498,"235,179",67% bullish,of 6 ratings,$41
HIHO,$3.89,1440703014750,"7,458",Not yet rated,NULL,N/A
HIMX,$6.63,1440703014946,"500,820",86% bullish,of 21 ratings,$8.50
HIFS,$117,1440703014973,"2,586",Not yet rated,NULL,N/A
HSGX,$5.91,1440703014994,700,100% bearish,of 1 rating,$17
HMSY,$9.95,1440703015026,"628,925",67% bullish,of 3 ratings,$19.35
HMNF,$11.1,1440703015124,"3,350",Not yet rated,NULL,N/A
HOLI,$17.64,1440703015286,"151,325",50% bullish,of 4 ratings,$27
HOLX,$38.73,1440703015313,"686,947",67% bullish,of 3 ratings,$42
AWAY,$28.21,1440703015444,"500,711",67% bullish,of 3 ratings,$36
HMIN,$27.44,1440703015477,"166,204",100% bearish,of 2 ratings,$35
HBCP,$24.85,1440703015511,281,Not yet rated,NULL,$29
HOMB,$37.83,1440703015582,"99,741",Not yet rated,NULL,$42
HFBL,$21.54,1440703015610,200,Not yet rated,NULL,N/A
HTBI,$18.14,1440703015636,"20,315",67% bullish,of 3 ratings,$18.625
HMST,$21.76,1440703015836,"84,646",100% bullish,of 2 ratings,$27
HKTV,$4.66,1440703015889,"27,150",100% bearish,of 1 rating,N/A
CETC,$0.7299,1440703016027,"60,344",86% bullish,of 7 ratings,N/A
HRZN,$10.22,1440703016105,"27,622",50% bullish,of 2 ratings,$14.25
HZNP,$29.62,1440703016130,"1,171,585",85% bullish,of 20 ratings,$40
HOFT,$23.28,1440703016155,"29,241",100% bearish,of 1 rating,N/A
HFBC,$11.2201,1440703016203,"2,560",Not yet rated,NULL,N/A
HDP,$24.16,1440703016427,"173,466",67% bearish,of 3 ratings,$30.50
ZINC,$7.3799,1440703016453,"452,576",100% bearish,of 1 rating,$17
HBNC,$23.25,1440703016523,"4,310",100% bullish,of 1 rating,$27
HMHC,$22.52,1440703016590,"948,422",Not yet rated,NULL,$27
HWCC,$7.36,1440703016611,"57,528",100% bearish,of 1 rating,$9
HBMD,$14,1440703016645,350,100% bearish,of 1 rating,N/A
HOVNP,$4.4985,1440703016666,"3,113",100% bearish,of 1 rating,N/A
HTGM,$5.69,1440703016809,"36,277",100% bearish,of 1 rating,$19.50
HSNI,$61.67,1440703016882,"103,210",Not yet rated,NULL,$80
HUBG,$37.23,1440703017090,"121,753",100% bearish,of 1 rating,$43
HCBK,$9.35,1440703017119,"877,974",83% bullish,of 6 ratings,$8.61
HSON,$2.62,1440703017144,"12,271",100% bearish,of 1 rating,$5
HDSN,$3.0532,1440703017169,"4,791",100% bullish,of 1 rating,$6.25
HURC,$30.34,1440703017305,"10,087",100% bearish,of 1 rating,N/A
HURN,$72.63,1440703017447,"79,433",50% bullish,of 2 ratings,$80
HBAN,$10.73,1440703017473,"4,239,412",76% bullish,of 17 ratings,$12.29
HBANP,$1355,1440703017544,66,100% bearish,of 1 rating,N/A
HDRAR,NULL,1440703017603,0,Not yet rated,NULL,N/A
HDRA,$9.69,1440703017639,"7,600",Not yet rated,NULL,N/A
HBP,$3.0781,1440703017660,"1,272",100% bullish,of 1 rating,N/A
HTCH,$1.439,1440703017691,"61,746",100% bearish,of 1 rating,$3.50
HDRAU,NULL,1440703017737,0,Not yet rated,NULL,N/A
HDRAW,NULL,1440703017929,0,Not yet rated,NULL,N/A
HYGS,$8.729,1440703018003,"23,917",50% bullish,of 2 ratings,$13
IACI,$70.49,1440703018135,"338,698",75% bullish,of 4 ratings,$90
IDSY,$3.7695,1440703018210,"7,312",100% bearish,of 1 rating,$7
ICAD,$3.8,1440703018323,"95,059",100% bullish,of 2 ratings,$7.25
ICON,$13.14,1440703018349,"434,120",50% bullish,of 2 ratings,$18.50
IEP,$72.2599,1440703018374,"94,474",75% bullish,of 4 ratings,$99
IKGH,$1.7001,1440703018405,"154,069",75% bullish,of 4 ratings,N/A
IBKC,$60.06,1440703018439,"95,343",100% bullish,of 1 rating,$70
ICFI,$33.99,1440703018506,"23,818",50% bullish,of 2 ratings,$48.50
ICLR,$78.02,1440703018534,"309,847",100% bearish,of 3 ratings,$85
IDRA,$2.82,1440703018779,"896,876",89% bullish,of 9 ratings,$6.50
ICUI,$111.535,1440703018814,"50,466",Not yet rated,NULL,$122
INVE,$4.03,1440703018840,"30,714",75% bullish,of 4 ratings,$4
IPWR,$7.325,1440703018913,"2,410",100% bullish,of 1 rating,$15
IDXX,$72.69,1440703019046,"135,171",100% bearish,of 1 rating,$77
DSKY,$10.86,1440703019202,"129,739",67% bullish,of 6 ratings,$11.50
IRG,$4.5499,1440703019252,"6,076",100% bearish,of 1 rating,$4.25
IROQ,$17,1440703019290,204,100% bullish,of 1 rating,N/A
IKAN,$2.725,1440703019347,"30,438",83% bullish,of 6 ratings,$5
IIVI,$16.2,1440703019383,"466,730",100% bearish,of 1 rating,$22
RXDX,$13.22,1440703019411,"95,687",100% bullish,of 1 rating,$20
KANG,$15.76,1440703019478,"116,648",50% bullish,of 2 ratings,$22.55
IKNX,NULL,1440703019506,0,100% bearish,of 1 rating,N/A
ILMN,$199.005,1440703019653,"656,781",80% bullish,of 5 ratings,$245
IMMR,$11.73,1440703019724,"54,537",80% bullish,of 5 ratings,$15.50
ISNS,$3.913,1440703019826,"3,484",50% bullish,of 2 ratings,N/A
IMDZ,$16.03,1440703019962,"48,563",100% bearish,of 1 rating,$33
ICCC,$7.4397,1440703019990,"10,288",100% bullish,of 1 rating,N/A
IPXL,$43.38,1440703020066,"256,622",67% bullish,of 3 ratings,$46.50
IMMU,$1.92,1440703020093,"392,579",86% bullish,of 7 ratings,$2
IMGN,$13.9527,1440703020118,"332,290",75% bullish,of 4 ratings,$17.50
IMNP,$1.33,1440703020149,"70,699",50% bullish,of 2 ratings,$6
INCR,$41.48,1440703020250,"148,439",50% bullish,of 2 ratings,$53
SAAS,$7.54,1440703020278,"183,916",50% bullish,of 2 ratings,$15
IMMY,$7.71,1440703020305,"11,639",100% bearish,of 1 rating,$11
INCY,$111.83,1440703020465,"636,204",50% bullish,of 6 ratings,$125.50
IBCP,$13.95,1440703020502,"46,930",100% bullish,of 1 rating,$14.50
INDB,$44.3,1440703020570,"20,615",Not yet rated,NULL,$44
IBTX,$40.41,1440703020631,"9,560",100% bullish,of 2 ratings,$47.25
IDSA,$3.5,1440703020834,"2,449",Not yet rated,NULL,N/A
INFI,$8.95,1440703020863,"160,731",50% bullish,of 4 ratings,$18
INFN,$22.125,1440703020967,"1,125,764",71% bullish,of 7 ratings,$28
IPCC,$76.78,1440703021009,"10,877",Not yet rated,NULL,$77.50
IFON,$1.2496,1440703021096,"78,379",75% bullish,of 4 ratings,N/A
IMKTA,$50.18,1440703021195,"35,889",100% bearish,of 1 rating,N/A
INNL,$11.67,1440703021388,3,100% bearish,of 1 rating,$16.50
INWK,$6.94,1440703021470,"47,114",50% bullish,of 2 ratings,$10
INOD,$2.32,1440703021502,"35,870",100% bearish,of 1 rating,N/A
III,$3.98,1440703021535,"63,490",57% bullish,of 7 ratings,$6
IPHS,$47.8,1440703021604,"45,535",100% bearish,of 1 rating,$60
IOSP,$47.705,1440703021630,"158,427",100% bearish,of 1 rating,N/A
ISSC,$2.862,1440703021706,"1,452",67% bearish,of 3 ratings,N/A
ITEK,$12.5,1440703021838,"364,955",100% bearish,of 3 ratings,$20
INO,$6.83,1440703021976,"641,536",89% bullish,of 18 ratings,$20
INGN,$46.47,1440703022047,"69,973",100% bearish,of 1 rating,$50.50
INSM,$24.69,1440703022104,"155,245",71% bullish,of 7 ratings,$31.50
NSIT,$25.11,1440703022129,"56,601",50% bullish,of 2 ratings,N/A
IIIN,$16.95,1440703022264,"18,972",100% bearish,of 2 ratings,N/A
INOV,$21.05,1440703022291,"555,821",100% bearish,of 1 rating,$33
ISIG,$2.7,1440703022339,"265,542",100% bearish,of 1 rating,N/A
PODD,$29.18,1440703022421,"103,263",67% bearish,of 3 ratings,$35
IART,$60.18,1440703022549,"87,998",100% bearish,of 1 rating,$71.50
NTEC,$5.62,1440703022582,"2,001",100% bearish,of 1 rating,N/A
IDTI,$18.95,1440703022675,"2,812,860",60% bullish,of 5 ratings,$25
INSY,$32.49,1440703022700,"247,430",75% bullish,of 4 ratings,$48
IESC,$7.005,1440703022734,"19,481",100% bearish,of 1 rating,N/A
ISSI,$21.8,1440703022755,"83,274",67% bullish,of 3 ratings,$19.75
INTC,$27.12,1440703022859,"14,356,298",82% bullish,of 238 ratings,$36
IQNT,$18.8182,1440703022965,"125,879",86% bullish,of 7 ratings,$20
IPCI,$2.1801,1440703023066,"78,505",67% bullish,of 6 ratings,$8
IBKR,$39.31,1440703023200,"403,783",100% bullish,of 1 rating,N/A
IPAR,$25,1440703023229,"42,273",67% bullish,of 3 ratings,$38
ININ,$35.21,1440703023333,"44,643",67% bearish,of 3 ratings,$57
ICPT,$186.15,1440703023370,"92,686",70% bullish,of 10 ratings,$359.50
IDCC,$48.765,1440703023505,"142,807",80% bullish,of 5 ratings,$63
IMI,$1.995,1440703023532,"86,682",67% bullish,of 3 ratings,$2.22
ICLDW,NULL,1440703023584,0,100% bearish,of 1 rating,N/A
INAP,$7.74,1440703023609,"76,798",75% bullish,of 4 ratings,$11
TILE,$23.63,1440703023674,"292,279",100% bearish,of 3 ratings,$27
ICLD,$1.8499,1440703023768,"150,010",75% bullish,of 4 ratings,N/A
IBOC,$25.18,1440703023822,"35,337",100% bearish,of 1 rating,N/A
IGLD,$6.855,1440703023870,"3,200",50% bullish,of 2 ratings,N/A
IIJI,$8.59,1440703024101,180,50% bullish,of 2 ratings,$11.50
ISCA,$31.145,1440703024126,"29,033",100% bearish,of 1 rating,N/A
PTNT,$2.97,1440703024151,"1,000",Not yet rated,NULL,N/A
INPH,$0.28,1440703024206,"61,559",50% bullish,of 2 ratings,N/A
XENT,$25.4324,1440703024344,"84,459",50% bullish,of 2 ratings,$36.50
IILG,$19.77,1440703024372,"72,494",100% bearish,of 1 rating,$29
INTX,$1.9,1440703024397,"49,606",67% bullish,of 3 ratings,N/A
ISIL,$10.43,1440703024453,"446,290",50% bullish,of 6 ratings,$15
INTLL,NULL,1440703024603,0,Not yet rated,NULL,N/A
IVAC,$4.6,1440703024633,"49,268",100% bearish,of 1 rating,$6.625
INTL,$25.68,1440703024658,"32,424",67% bearish,of 3 ratings,N/A
IIN,$6.24,1440703024807,"1,700",100% bearish,of 1 rating,$12
ITCI,$25.5199,1440703024833,"234,445",75% bearish,of 4 ratings,$40
INTU,$85.18,1440703024964,"1,100,776",86% bullish,of 7 ratings,$107.50
ISRG,$511.4825,1440703024989,"81,742",67% bullish,of 3 ratings,$600
INVT,$0.27,1440703025015,"13,697",67% bullish,of 3 ratings,N/A
SNAK,$8.375,1440703025146,"53,710",50% bullish,of 2 ratings,$14
ISTR,$15.7,1440703025186,304,100% bearish,of 1 rating,$18.50
ITIC,NULL,1440703025284,0,100% bearish,of 2 ratings,N/A
ISBC,$11.71,1440703025339,"1,471,253",100% bullish,of 1 rating,$13.25
NVIV,$9.21,1440703025382,"132,962",50% bullish,of 4 ratings,$24.50
IVTY,$13.98,1440703025444,"12,794",Not yet rated,NULL,$18
DTUL,NULL,1440703025471,0,Not yet rated,NULL,N/A
IPAS,$1.0721,1440703025516,"71,773",67% bullish,of 3 ratings,N/A
DFVL,NULL,1440703025692,0,Not yet rated,NULL,N/A
IPCM,$79.08,1440703025787,"126,984",50% bullish,of 2 ratings,$80.125
IPGP,$84.18,1440703025850,"440,127",100% bearish,of 2 ratings,$109.50
IRMD,$25.33,1440703025914,"7,715",67% bearish,of 3 ratings,$25
IRDMB,$278.9,1440703026018,534,67% bearish,of 3 ratings,N/A
IRIX,$6.86,1440703026045,"7,900",100% bearish,of 1 rating,N/A
IRDM,$7.02,1440703026075,"314,853",60% bullish,of 5 ratings,$11.50
IRBT,$28.01,1440703026217,"109,578",67% bullish,of 6 ratings,$37
IRWD,$10.82,1440703026271,"447,443",100% bearish,of 1 rating,$13
IRCP,NULL,1440703026302,0,100% bullish,of 2 ratings,N/A
GNMA,$50.235,1440703026352,"4,036",Not yet rated,NULL,N/A
IFAS,NULL,1440703026404,0,NULL,NULL,NULL
FCHI,NULL,1440703026449,0,NULL,NULL,NULL
COMT,$32.48,1440703026477,"28,079",100% bearish,of 1 rating,N/A
IFEU,$38.24,1440703026542,"7,304",Not yet rated,NULL,N/A
IFGL,$28.677,1440703026800,"72,973",Not yet rated,NULL,N/A
IFNA,NULL,1440703026822,0,NULL,NULL,NULL
AXJS,NULL,1440703026844,0,NULL,NULL,NULL
AAIT,NULL,1440703026980,0,NULL,NULL,NULL
ACWX,$40.8,1440703027037,"800,603",100% bearish,of 1 rating,N/A
ACWI,$55.6,1440703027086,"1,707,406",Not yet rated,NULL,N/A
EMDI,NULL,1440703027234,0,NULL,NULL,NULL
EEMA,$51.0399,1440703027275,"26,935",Not yet rated,NULL,N/A
EEME,NULL,1440703027302,0,NULL,NULL,NULL
EGRW,NULL,1440703027325,0,NULL,NULL,NULL
EMEY,NULL,1440703027356,0,NULL,NULL,NULL
AAXJ,$53.6,1440703027409,"849,212",Not yet rated,NULL,N/A
EVAL,NULL,1440703027455,0,NULL,NULL,NULL
EEML,$28.2,1440703027542,"8,606",Not yet rated,NULL,N/A
EUFN,$21.8318,1440703027590,"45,043",100% bearish,of 1 rating,N/A
UAE,$18.56,1440703027924,"16,020",Not yet rated,NULL,N/A
IBB,$344,1440703027958,"1,121,991",63% bullish,of 8 ratings,N/A
IEUS,$45.525,1440703028055,"3,703",100% bearish,of 1 rating,N/A
SOXX,$81.32,1440703028085,"597,816",50% bullish,of 2 ratings,N/A
QAT,$21.31,1440703028106,"9,124",Not yet rated,NULL,N/A
ICLN,$9.6037,1440703028138,"19,905",50% bullish,of 2 ratings,N/A
EMIF,$28.9708,1440703028159,"3,465",Not yet rated,NULL,N/A
WOOD,$47.7001,1440703028191,"8,692",50% bullish,of 2 ratings,N/A
INDY,$27.6522,1440703028338,"245,876",50% bullish,of 2 ratings,N/A
ISHG,$79.74,1440703028367,"11,387",100% bearish,of 1 rating,N/A
ISIS,$50.84,1440703028528,"821,581",53% bullish,of 15 ratings,$67
ISRL,$129.36,1440703028557,100,100% bearish,of 1 rating,N/A
IGOV,$91.278,1440703028659,"7,513",100% bearish,of 1 rating,N/A
ISLE,$16.7,1440703028704,"152,109",50% bullish,of 4 ratings,$16
ITRN,$24.105,1440703028834,"16,322",50% bullish,of 2 ratings,N/A
ITUS,$4.1334,1440703028934,"8,984",Not yet rated,NULL,N/A
IXYS,$10.685,1440703028983,"53,089",50% bullish,of 4 ratings,N/A
ITRI,$29.32,1440703029013,"199,933",Not yet rated,NULL,$37
XXIA,$14.98,1440703029120,"159,154",71% bullish,of 7 ratings,$14.625
MAYS,NULL,1440703029153,0,Not yet rated,NULL,N/A
JJSF,$113.62,1440703029179,"12,410",100% bearish,of 1 rating,N/A
JBHT,$72.855,1440703029228,"425,759",50% bullish,of 4 ratings,$89.50
JCOM,$68.66,1440703029254,"90,834",100% bullish,of 2 ratings,$77
JASO,$7.81,1440703029389,"634,796",82% bullish,of 17 ratings,$10
JKHY,$67.42,1440703029459,"233,920",50% bullish,of 2 ratings,$72
JACK,$80.85,1440703029558,"195,205",83% bullish,of 6 ratings,$105
JAXB,NULL,1440703029646,0,100% bullish,of 1 rating,N/A
JMBA,$13.66,1440703029774,"57,937",75% bullish,of 4 ratings,$18
JXSB,NULL,1440703029798,0,Not yet rated,NULL,N/A
JRVR,$26.49,1440703029864,"33,802",Not yet rated,NULL,$32
JAGX,$4.0201,1440703029942,"14,369",Not yet rated,NULL,N/A
JAKK,$9.28,1440703029972,"360,876",60% bearish,of 5 ratings,$11
ERW,NULL,1440703030000,0,Not yet rated,NULL,N/A
JASN,$4.94,1440703030053,"7,532",50% bullish,of 2 ratings,$9.50
JAZZ,$168.47,1440703030075,"174,361",80% bullish,of 15 ratings,$206.50
JASNW,NULL,1440703030205,0,50% bullish,of 2 ratings,N/A
JD,$26.525,1440703030264,"4,672,649",75% bullish,of 16 ratings,$36
JBLU,$22.02,1440703030293,"3,748,127",94% bullish,of 18 ratings,$27
JTPY,$2.95,1440703030398,100,100% bearish,of 1 rating,N/A
JCTCF,$9.5,1440703030592,"1,800",100% bullish,of 1 rating,N/A
WYIGU,$10,1440703030686,"3,000",Not yet rated,NULL,N/A
JIVE,$4.28,1440703030717,"221,134",75% bullish,of 4 ratings,$5
JBSS,$52.28,1440703030747,"21,470",67% bearish,of 3 ratings,N/A
JST,$3.94,1440703030768,"37,932",75% bullish,of 4 ratings,N/A
DATE,$5.96,1440703030807,"70,560",75% bullish,of 4 ratings,$9
JOEZ,$0.1698,1440703030833,"91,874",92% bullish,of 12 ratings,N/A
JOUT,$22.1145,1440703030903,"4,241",100% bearish,of 1 rating,$34
JUNO,$36.88,1440703031071,"705,342",73% bullish,of 11 ratings,$71.50
KTWO,$21.25,1440703031154,"42,645",100% bearish,of 1 rating,$28.50
KBIO,$2.02,1440703031296,"25,204",50% bullish,of 4 ratings,N/A
KALU,$81.68,1440703031326,"74,694",67% bearish,of 3 ratings,$91
JNP,$11.08,1440703031357,"54,608",100% bullish,of 3 ratings,$15
KPTI,$13.58,1440703031427,"143,954",67% bearish,of 3 ratings,$39
