Symbol,Price,Date,Volume,Rating,RatingVoteCount,OneYearEstimate
TFSCU,NULL,1440429303054,0,Not yet rated,NULL,N/A
TFSCW,NULL,1440429303088,0,100% bearish,of 1 rating,N/A
FCCY,NULL,1440429303152,0,100% bullish,of 1 rating,$13
TFSC,NULL,1440429303220,0,100% bearish,of 1 rating,N/A
TFSCR,NULL,1440429303289,0,Not yet rated,NULL,N/A
FLWS,$9.19,1440429303320,"79,083",100% bullish,of 5 ratings,$15
PIH,$6.99,1440429303391,"3,200",100% bearish,of 1 rating,N/A
FCTY,NULL,1440429303415,0,100% bullish,of 1 rating,$8.50
SRCE,$29.12,1440429303606,"7,461",100% bullish,of 3 ratings,$33
TWOU,$33.61,1440429303739,"113,551",50% bullish,of 2 ratings,$39
USLV,$13.7418,1440429303887,"278,151",86% bullish,of 7 ratings,N/A
JOBS,$24,1440429303935,"144,328",50% bullish,of 4 ratings,$36
DSLV,$64.628,1440429303995,"22,331",100% bearish,of 1 rating,N/A
UGLD,$9.94,1440429304096,"219,163",100% bearish,of 1 rating,N/A
DGLD,$76.0899,1440429304195,"15,864",100% bearish,of 1 rating,N/A
VNET,$18.06,1440429304301,"672,597",60% bullish,of 5 ratings,$29.50
EGHT,$7.99,1440429304579,"126,433",82% bullish,of 17 ratings,$11
AVHI,$13.5,1440429304604,"5,044",100% bearish,of 1 rating,$19
CAFD,$15.2,1440429304629,"127,790",Not yet rated,NULL,$25
SHLM,$33.43,1440429304981,"24,036",100% bearish,of 1 rating,$50
ABY,$19.5,1440429305006,"234,169",100% bearish,of 2 ratings,$46
SIXD,$1.26,1440429305062,"33,333",Not yet rated,NULL,N/A
AAON,$20.75,1440429305142,"20,782",100% bearish,of 1 rating,$24
ABAX,$46.14,1440429305171,"26,379",100% bearish,of 1 rating,$60
ABGB,$4.4,1440429305275,"34,430",67% bullish,of 3 ratings,$5.50
ABEO,$4.58,1440429305305,"88,582",67% bullish,of 3 ratings,$15.50
ACTG,$8.44,1440429305704,"101,103",67% bullish,of 3 ratings,$18.50
ABMD,$94,1440429305732,"391,277",75% bullish,of 4 ratings,$100.50
ABEOW,$1.52,1440429305765,"1,040",100% bullish,of 1 rating,N/A
ACST,$0.325,1440429305866,"8,115",100% bullish,of 2 ratings,N/A
ACAD,$34.4,1440429305887,"340,590",80% bullish,of 20 ratings,$48
AXDX,$17.44,1440429306059,"48,670",100% bearish,of 1 rating,N/A
AXAS,$1.53,1440429306162,"354,809",78% bullish,of 9 ratings,$3.50
ACHC,$71.885,1440429306249,"354,035",50% bullish,of 2 ratings,$92
XLRN,$27.39,1440429306307,"58,001",50% bullish,of 2 ratings,$57
VXDN,$2.8685,1440429306379,"300,541",100% bearish,of 1 rating,N/A
VXUP,$3.11,1440429306619,"276,531",Not yet rated,NULL,N/A
ACET,$23.02,1440429306824,"23,517",75% bullish,of 4 ratings,$30
AKAO,$6.24,1440429306884,"75,661",75% bullish,of 4 ratings,$15
ANCX,$18.81,1440429306909,"10,173",Not yet rated,NULL,$19
ARAY,$6.31,1440429306952,"421,709",100% bearish,of 1 rating,$10.50
ACHN,$7.445,1440429307048,"991,634",90% bullish,of 21 ratings,$16
ACRX,$3.94,1440429307069,"130,730",67% bearish,of 6 ratings,$5.50
ACIW,$21.45,1440429307147,"92,890",50% bullish,of 2 ratings,$24
ACNB,$20.1086,1440429307436,"12,944",Not yet rated,NULL,N/A
ACOR,$29.91,1440429307651,"113,925",67% bearish,of 3 ratings,$38.50
ACXM,$19.87,1440429307712,"146,566",67% bullish,of 3 ratings,N/A
ACTS,$1.42,1440429307737,"19,200",100% bearish,of 1 rating,N/A
ATVI,$26.58,1440429307785,"2,051,588",68% bullish,of 84 ratings,$31.50
ACPW,$1.745,1440429307866,"41,688",100% bullish,of 4 ratings,$3.50
ACUR,$0.5898,1440429307891,"11,299",100% bullish,of 5 ratings,$1
ADMS,$19.33,1440429308304,"24,508",100% bearish,of 2 ratings,$36
ADMP,$3.57,1440429308407,"21,199",50% bullish,of 2 ratings,$10
ADAP,$11.79,1440429308435,"34,466",67% bullish,of 3 ratings,$22
ADBE,$75.85,1440429308915,"1,456,627",65% bullish,of 17 ratings,$90
ADRO,$18.01,1440429309023,"140,091",80% bullish,of 5 ratings,$45.50
ADTN,$15.13,1440429309050,"69,730",67% bullish,of 3 ratings,$17.125
ADMA,$9.3,1440429309089,"8,770",Not yet rated,NULL,$19
ADUS,$28.57,1440429309222,"7,001",100% bearish,of 1 rating,$31
ACTA,$13.34,1440429309354,"31,618",67% bearish,of 3 ratings,$25
ADXS,$14.017,1440429309387,"291,132",64% bullish,of 14 ratings,$27
AEIS,$23.63,1440429309436,"86,007",50% bullish,of 2 ratings,$32.50
AEY,$2.2603,1440429309606,"4,500",100% bearish,of 2 ratings,N/A
MULT,NULL,1440429309639,0,100% bearish,of 1 rating,N/A
ADEP,$6.52,1440429309739,"31,811",50% bullish,of 2 ratings,$10.75
AMD,$1.745,1440429309952,"3,706,623",83% bullish,of 103 ratings,$2
ADXSW,$10.13,1440429310039,"5,778",100% bullish,of 1 rating,N/A
YPRO,$23.2,1440429310063,400,100% bearish,of 1 rating,N/A
AEGR,$17.61,1440429310121,"118,585",50% bullish,of 6 ratings,$26
AEGN,$17.97,1440429310256,"39,821",100% bearish,of 1 rating,$21
AEHR,$2.211,1440429310437,"20,050",50% bullish,of 2 ratings,N/A
AMTX,$2.7399,1440429310494,"7,775",50% bullish,of 2 ratings,$26.11
AERI,$15.88,1440429310653,"229,493",75% bullish,of 4 ratings,$31.50
AVAV,$23.21,1440429310784,"60,807",50% bullish,of 4 ratings,$31
AEMD,$6.7325,1440429310822,"7,968",Not yet rated,NULL,$27.50
AEPI,$55.57,1440429310999,"7,498",100% bearish,of 1 rating,N/A
AFMD,$9.8,1440429311071,"62,947",50% bullish,of 4 ratings,$15
AEZS,$0.0915,1440429311136,"4,350,470",90% bullish,of 21 ratings,$1.50
AGEN,$6.71,1440429311366,"425,252",85% bullish,of 13 ratings,$14
AFFX,$8.91,1440429311452,"216,454",80% bullish,of 5 ratings,$12
AGYS,$9.25,1440429311792,"6,436",100% bearish,of 1 rating,N/A
AGIO,$83.06,1440429311821,"159,781",88% bullish,of 8 ratings,$114
AGFS,$9.67,1440429311874,"24,490",100% bearish,of 1 rating,N/A
AGRX,$8.34,1440429311923,"17,466",100% bearish,of 1 rating,$17.50
AIMT,$20.51,1440429312079,"44,311",Not yet rated,NULL,N/A
AIRT,$21.83,1440429312259,16,100% bullish,of 1 rating,N/A
AMCN,$4.53,1440429312403,"611,818",83% bullish,of 6 ratings,N/A
ATSG,$8.77,1440429312476,"59,215",67% bullish,of 3 ratings,$13
AGFSW,$1.85,1440429312682,"6,528",100% bearish,of 2 ratings,N/A
AIRM,$35.64,1440429312763,"59,994",80% bearish,of 5 ratings,$53
AIXG,$5.69,1440429312789,"10,843",67% bearish,of 3 ratings,$5.25
AKAM,$66.96,1440429312859,"628,356",63% bullish,of 8 ratings,$77
AKBA,$6.57,1440429312887,"76,568",100% bearish,of 1 rating,$18
AKER,$2.49,1440429313134,"3,664",Not yet rated,NULL,N/A
AKRX,$38.32,1440429313400,"361,754",78% bullish,of 9 ratings,$56
AMRI,$19.59,1440429313544,"96,630",75% bearish,of 4 ratings,$24
ALSK,$2.03,1440429313569,"57,252",78% bullish,of 18 ratings,$2
ADHD,$8.02,1440429313711,"81,858",50% bullish,of 4 ratings,$18
ABDC,$12.17,1440429313739,"80,038",Not yet rated,NULL,$15
ALDX,$7.3999,1440429313869,"9,138",100% bearish,of 1 rating,$14.50
ALRM,$15.33,1440429313967,"97,097",100% bearish,of 1 rating,$22
ALXA,$1.0763,1440429314065,"6,860",83% bullish,of 6 ratings,$2.125
ALXN,$169.88,1440429314167,"619,996",88% bullish,of 8 ratings,$223
ALDR,$35.82,1440429314215,"186,398",67% bearish,of 3 ratings,$62
ALCO,$41.82,1440429314502,"1,179",50% bullish,of 2 ratings,N/A
ALIM,$2.98,1440429315048,"56,160",80% bullish,of 5 ratings,$10
ALGN,$55.06,1440429315189,"110,894",100% bearish,of 2 ratings,$73
ALKS,$58.75,1440429315219,"252,582",67% bullish,of 3 ratings,$75
ALGT,$210.62,1440429315570,"30,274",100% bearish,of 1 rating,$235
ALLB,$22.87,1440429315595,"1,595",Not yet rated,NULL,N/A
ARLP,$24.44,1440429315811,"172,684",67% bearish,of 3 ratings,$32
AMOT,$17.65,1440429315984,"21,122",100% bearish,of 1 rating,N/A
ALQA,$4.2,1440429316010,"14,128",75% bullish,of 4 ratings,$8.50
AIQ,$14.37,1440429316036,"5,174",67% bullish,of 3 ratings,N/A
AFOP,$16.55,1440429316088,"119,290",75% bullish,of 8 ratings,$21
MDRX,$13.321,1440429316170,"566,788",60% bullish,of 5 ratings,$16
AHGP,$35.5828,1440429316222,"27,138",67% bullish,of 3 ratings,N/A
AHPI,$1.4526,1440429316250,"1,189",50% bullish,of 2 ratings,N/A
ALLT,$5.04,1440429316352,"31,725",75% bullish,of 4 ratings,$6.25
ALNY,$96.12,1440429316567,"242,982",67% bullish,of 3 ratings,$148.50
AFAM,$44.19,1440429316592,"25,996",50% bullish,of 2 ratings,$44
ATEC,$0.586,1440429316733,"103,049",100% bullish,of 1 rating,$2
AOSL,$7.28,1440429316916,"15,059",67% bullish,of 3 ratings,$9
SMCP,NULL,1440429317046,0,Not yet rated,NULL,N/A
ALTR,$47.24,1440429317072,"1,212,122",80% bearish,of 5 ratings,$54
AIMC,$24.79,1440429317203,"13,093",100% bearish,of 1 rating,$28.50
AMRK,$10.55,1440429317610,"1,929",50% bullish,of 2 ratings,$14
AYA,$21.15,1440429317743,"58,034",100% bearish,of 1 rating,$40
AMRN,$1.96,1440429317772,"642,253",85% bullish,of 39 ratings,$8
ASPS,$26.97,1440429317793,"97,624",67% bullish,of 3 ratings,$46.50
AMAG,$58.08,1440429317815,"220,852",100% bullish,of 2 ratings,$77.50
AMBCW,NULL,1440429317878,0,100% bearish,of 1 rating,N/A
AMZN,$475.635,1440429318009,"2,552,122",81% bullish,of 263 ratings,$646
AMBA,$86.9501,1440429318038,"1,908,916",83% bullish,of 12 ratings,$102.50
EPAX,$2.67,1440429318536,"23,050",100% bearish,of 1 rating,N/A
AMDA,$0.4391,1440429318643,"900,737",90% bullish,of 10 ratings,$1
DOX,$56.65,1440429318672,"177,639",50% bullish,of 2 ratings,$60
AMED,$38.752,1440429318772,"87,073",100% bearish,of 1 rating,$42
UHAL,$349.99,1440429318814,"10,998",100% bullish,of 2 ratings,$393.50
AMBC,$14.99,1440429318858,"74,195",100% bearish,of 1 rating,$16.50
ASBI,$22.3002,1440429319155,650,Not yet rated,NULL,N/A
AMCX,$66.59,1440429319207,"174,157",67% bullish,of 3 ratings,$87.50
ATAX,$5.18,1440429319339,"169,003",100% bullish,of 1 rating,$6.50
AAL,$38.36,1440429319508,"4,924,773",93% bullish,of 88 ratings,$57
AGNCB,$24.14,1440429319535,"3,703",Not yet rated,NULL,N/A
AGNCP,$25.14,1440429319560,"8,210",Not yet rated,NULL,N/A
AMOV,$17.54,1440429319587,"2,340",100% bearish,of 1 rating,N/A
MTGEP,$24.0501,1440429319765,"5,100",Not yet rated,NULL,N/A
AGNC,$19.5263,1440429319803,"1,582,379",75% bullish,of 28 ratings,$22
MTGE,$15.37,1440429319840,"205,018",75% bullish,of 4 ratings,$19.50
ACSF,$12.04,1440429320170,"8,179",100% bearish,of 1 rating,$15
ACAS,$13.37,1440429320299,"528,206",60% bullish,of 5 ratings,$16.75
ANCI,$1.4565,1440429320327,254,100% bearish,of 1 rating,N/A
AMNB,$22.71,1440429320552,"7,584",Not yet rated,NULL,$25.50
AMIC,NULL,1440429320577,0,Not yet rated,NULL,N/A
ARII,$37.64,1440429320708,"76,785",67% bearish,of 3 ratings,$45
AETI,$4.01,1440429320737,138,67% bearish,of 3 ratings,N/A
ANAT,$97.76,1440429320765,"8,805",100% bullish,of 1 rating,N/A
APEI,$20.975,1440429321319,"12,650",100% bearish,of 1 rating,$25.50
AMRB,$9.87,1440429321428,"5,408",Not yet rated,NULL,$11
AMSC,$3.54,1440429321582,"37,383",50% bullish,of 4 ratings,N/A
AMSWA,$8.94,1440429321619,"31,375",100% bearish,of 2 ratings,$10.75
ASEI,$38.75,1440429321645,"10,755",100% bearish,of 1 rating,$52.50
AMWD,$66.29,1440429321773,"73,577",50% bullish,of 2 ratings,$53
CRMT,$36.305,1440429321810,"14,976",100% bearish,of 1 rating,$39
ASRV,$3.22,1440429322062,700,100% bullish,of 2 ratings,N/A
AMGN,$151.01,1440429322194,"2,000,645",89% bullish,of 19 ratings,$185
ATLO,$24.29,1440429322255,"5,920",Not yet rated,NULL,N/A
ABCB,$26.83,1440429322327,"44,733",Not yet rated,NULL,$31
ASRVP,$27.5,1440429322402,400,Not yet rated,NULL,N/A
AMSF,$47.71,1440429322506,"13,612",Not yet rated,NULL,$57.50
FOLD,$13.62,1440429322533,"455,164",56% bullish,of 9 ratings,$21
AMKR,$4.49,1440429322711,"382,008",100% bearish,of 2 ratings,$5
AMPH,$13.44,1440429322736,"43,315",50% bullish,of 2 ratings,$20
AMSG,$78.95,1440429323167,"143,114",100% bearish,of 1 rating,$85.50
AMSGP,NULL,1440429323310,0,Not yet rated,NULL,N/A
ASYS,$5.1,1440429323651,"18,544",67% bullish,of 3 ratings,$12
AFSI,$56.84,1440429323681,"300,242",60% bullish,of 5 ratings,$72
ANAD,$0.3102,1440429323702,"105,423",100% bullish,of 2 ratings,$.50
AMRS,$1.57,1440429323780,"97,087",70% bullish,of 10 ratings,N/A
ALOG,$79.88,1440429323863,"24,449",100% bearish,of 2 ratings,$100.50
ADI,$52.54,1440429323936,"1,208,822",67% bullish,of 3 ratings,$69
ANCB,$22.14,1440429323995,100,Not yet rated,NULL,$23
ANAC,$124.888,1440429324190,"181,573",80% bullish,of 5 ratings,$180.50
AMCF,$0.2499,1440429324220,"18,565",100% bullish,of 7 ratings,N/A
ANGI,$4.42,1440429324248,"236,668",64% bullish,of 11 ratings,$5.50
ABCW,$38.82,1440429324354,"3,900",67% bullish,of 3 ratings,N/A
ANIP,$48.96,1440429324381,"66,072",89% bullish,of 19 ratings,$66
ANGO,$14.19,1440429324547,"12,799",67% bullish,of 3 ratings,$19
ANIK,$32.81,1440429324573,"26,767",60% bullish,of 5 ratings,$51.25
ANTH,$7.24,1440429324894,"679,983",80% bullish,of 10 ratings,$13
ABAC,$0.624,1440429325112,"19,214",100% bearish,of 1 rating,N/A
APOG,$49.165,1440429325140,"42,518",100% bullish,of 1 rating,$67
APIC,$6.27,1440429325280,"76,887",100% bearish,of 1 rating,$19
ANSS,$88.33,1440429325308,"127,796",100% bearish,of 1 rating,$100
ATRS,$1.765,1440429325352,"368,654",92% bullish,of 12 ratings,$4.50
ATNY,$2.4,1440429325380,"3,301",50% bullish,of 2 ratings,$3.75
AINV,$6.29,1440429325401,"851,326",50% bullish,of 4 ratings,$8
APOL,$10.73,1440429325591,"344,947",87% bearish,of 68 ratings,$14
ARCI,$1.3,1440429325745,362,Not yet rated,NULL,N/A
AAPL,$103.9949,1440429325771,"48,077,835",86% bullish,of 2341 ratings,$150
APPF,$15.74,1440429325915,"21,399",50% bullish,of 2 ratings,$22
APDN,$3.0399,1440429325940,"31,016",Not yet rated,NULL,$9
APDNW,$1.16,1440429326143,"3,623",Not yet rated,NULL,N/A
AGTC,$15.23,1440429326176,"17,942",50% bullish,of 2 ratings,$33
AMAT,$15.15,1440429326429,"6,201,843",82% bullish,of 11 ratings,$23
AMCC,$5.27,1440429326588,"205,146",80% bullish,of 5 ratings,$8
AQXP,$19.22,1440429326721,"247,905",50% bullish,of 2 ratings,$2
APTO,$4.56,1440429326851,"3,951",Not yet rated,NULL,$17
AREX,$1.98,1440429326983,"328,129",100% bearish,of 1 rating,$3
AQMS,$4.75,1440429327010,"2,512",Not yet rated,NULL,N/A
AUMA,$9.75,1440429327036,400,Not yet rated,NULL,N/A
APRI,$1.22,1440429327066,"71,129",83% bullish,of 6 ratings,$4.86
AAOI,$18.94,1440429327172,"132,469",50% bullish,of 4 ratings,$26
AUMAU,$9.97,1440429327246,600,Not yet rated,NULL,N/A
ARDM,NULL,1440429327331,0,100% bullish,of 1 rating,$26
AUMAW,NULL,1440429327403,0,Not yet rated,NULL,N/A
PETX,$16.72,1440429327571,"136,170",100% bearish,of 2 ratings,$26
ABUS,$6.97,1440429327632,"153,265",86% bullish,of 14 ratings,$23
ARCW,$3.28,1440429327871,"1,986",100% bearish,of 2 ratings,$10.50
ABIO,$0.8598,1440429328051,"156,519",50% bullish,of 2 ratings,$3.75
ACGL,$67.87,1440429328183,"119,773",50% bullish,of 2 ratings,$72
ARDX,$16.95,1440429328212,"21,117",50% bullish,of 2 ratings,$24.50
RKDA,$5.5,1440429328240,"4,386",100% bearish,of 2 ratings,$10
ARCB,$28.85,1440429328261,"74,012",67% bearish,of 3 ratings,$39.50
ACAT,$25.76,1440429328408,"106,222",100% bearish,of 3 ratings,$33
AGII,$55.55,1440429328581,"23,828",Not yet rated,NULL,$59.50
ARNA,$2.8,1440429328611,"729,149",90% bullish,of 77 ratings,$5.50
ARGS,$6.1152,1440429328714,"61,011",50% bullish,of 2 ratings,$19.50
AGIIL,$25.0221,1440429328747,"4,601",Not yet rated,NULL,N/A
ARCC,$14.8401,1440429328818,"1,977,125",67% bearish,of 3 ratings,$17.875
ARIS,$3.16,1440429328845,"1,829",Not yet rated,NULL,$4.50
ARWA,NULL,1440429329240,0,Not yet rated,NULL,N/A
ARTX,$1.43,1440429329386,"149,088",88% bullish,of 16 ratings,$4.50
ARIA,$6.535,1440429329415,"983,659",87% bullish,of 46 ratings,$9
ARWAW,$0.1051,1440429329457,"1,436",Not yet rated,NULL,N/A
ARMH,$40.075,1440429329510,"1,028,698",54% bearish,of 13 ratings,$61
ARKR,$24.35,1440429329537,"1,000",50% bullish,of 2 ratings,N/A
ARWAU,$10.2,1440429329614,400,100% bullish,of 1 rating,N/A
ARWAR,NULL,1440429329681,0,Not yet rated,NULL,N/A
AROW,$27.03,1440429329999,"5,660",Not yet rated,NULL,N/A
ARRS,$25.86,1440429330066,"321,121",50% bullish,of 2 ratings,$38
ARRY,$5.33,1440429330094,"466,429",100% bullish,of 7 ratings,$10
ARQL,$1.61,1440429330140,"98,573",75% bullish,of 4 ratings,$5
DWAT,$9.56,1440429330290,"3,653",100% bearish,of 1 rating,N/A
ARTNA,$22.06,1440429330329,"8,786",100% bearish,of 1 rating,$29
ARWR,$5.185,1440429330355,"615,418",75% bullish,of 4 ratings,$10.50
ARTW,$4.3015,1440429330432,"2,293",75% bearish,of 4 ratings,N/A
ASND,$17.685,1440429330763,"9,692",100% bullish,of 1 rating,$30
ASMI,NULL,1440429330806,0,NULL,NULL,NULL
ASNA,$11.15,1440429330957,"910,596",50% bullish,of 2 ratings,$18
ASTI,$0.1133,1440429331026,"498,898",83% bullish,of 6 ratings,$3
ASML,$86.6,1440429331087,"887,785",50% bullish,of 4 ratings,$127
ASBB,$23.75,1440429331111,400,Not yet rated,NULL,N/A
APWC,$1.8,1440429331349,"1,491",100% bearish,of 1 rating,N/A
ASCMA,$27.46,1440429331375,"22,923",100% bearish,of 1 rating,$45
AZPN,$37.7,1440429331556,"243,340",50% bullish,of 2 ratings,$42
ASTE,$35.67,1440429331589,"17,798",100% bearish,of 1 rating,$48
ASFI,$8.94,1440429331653,"6,412",100% bullish,of 1 rating,N/A
ALOT,$12.22,1440429331685,122,100% bearish,of 1 rating,N/A
ASMB,$12.64,1440429331714,"16,278",67% bullish,of 3 ratings,N/A
ASUR,$5.5651,1440429331952,"3,220",100% bearish,of 1 rating,$8
ATAI,$2.4001,1440429332186,"6,725",100% bearish,of 1 rating,N/A
ASTC,$2,1440429332212,"36,902",100% bullish,of 5 ratings,N/A
ATRO,$51.15,1440429332285,"41,388",100% bearish,of 2 ratings,$80
ATRA,$40.69,1440429332315,"74,491",50% bullish,of 2 ratings,$68
ATHN,$128.56,1440429332421,"99,696",67% bearish,of 3 ratings,$153
AFCB,$28.75,1440429332446,300,Not yet rated,NULL,N/A
ATHX,$1.13,1440429332742,"131,444",89% bullish,of 9 ratings,$5
AAME,$3.43,1440429332770,201,Not yet rated,NULL,N/A
AAWW,$39.97,1440429332898,"133,650",50% bullish,of 2 ratings,$65
ATLC,$3.85,1440429332998,"6,227",67% bullish,of 3 ratings,N/A
ATNI,$72.54,1440429333049,"23,103",100% bearish,of 1 rating,$69.50
AFH,$16.2001,1440429333102,"14,628",Not yet rated,NULL,$21.50
ACFC,$5.92,1440429333136,"26,157",Not yet rated,NULL,$6.50
ATML,$6.69,1440429333343,"1,922,635",78% bullish,of 9 ratings,$9.50
AAPC,$10.1,1440429333475,313,Not yet rated,NULL,N/A
ATOS,$0.78,1440429333500,"112,666",100% bullish,of 7 ratings,$7
ATRI,$379.32,1440429333547,307,Not yet rated,NULL,N/A
ATTU,$12.72,1440429333724,"57,442",100% bearish,of 1 rating,$20.50
ATRC,$24.3,1440429333761,"76,823",100% bullish,of 1 rating,$30
ATRM,NULL,1440429333894,0,50% bullish,of 2 ratings,N/A
AUBN,$26.5,1440429333978,857,Not yet rated,NULL,N/A
LIFE,$13.36,1440429334108,"20,340",86% bullish,of 7 ratings,$43
AUPH,$3.0648,1440429334172,"22,798",100% bearish,of 1 rating,$8
AUDC,$3.09,1440429334328,"40,949",80% bullish,of 5 ratings,$5
ADAT,$0.101,1440429334459,"1,352",100% bullish,of 2 ratings,N/A
ABTL,$17.4,1440429334485,"82,441",100% bullish,of 4 ratings,$20.25
ADSK,$49.43,1440429334512,"968,631",83% bullish,of 6 ratings,$69.50
ADP,$76.27,1440429334652,"1,529,836",100% bearish,of 1 rating,$88
EARS,$4.85,1440429334677,"57,932",100% bearish,of 2 ratings,$11.50
AAVL,$10.48,1440429335001,"93,486",100% bearish,of 1 rating,$20
AVGO,$109.3013,1440429335026,"1,519,025",88% bullish,of 8 ratings,$160
AVNU,$12.5,1440429335059,"6,102",Not yet rated,NULL,$14
AVEO,$1.33,1440429335188,"667,756",75% bullish,of 8 ratings,$3
AVGR,$13.94,1440429335273,"14,703",100% bearish,of 1 rating,$20
AVID,$7.7,1440429335304,"202,570",100% bearish,of 1 rating,$20
AVNW,$1.1901,1440429335404,"38,116",50% bullish,of 2 ratings,$2.20
CAR,$41.29,1440429335487,"990,037",80% bullish,of 5 ratings,$60
AWRE,$3.13,1440429335579,"6,066",67% bullish,of 3 ratings,N/A
ACLS,$3.18,1440429335708,"307,975",67% bullish,of 6 ratings,$4.75
AXPW,$1.149,1440429335874,"29,380",83% bullish,of 6 ratings,N/A
AXGN,$3.89,1440429335899,"11,325",Not yet rated,NULL,$5
AXPWW,NULL,1440429336089,0,Not yet rated,NULL,N/A
AXTI,$2.11,1440429336164,"14,409",50% bullish,of 2 ratings,$2.75
BOSC,$2.22,1440429336311,"3,266",50% bullish,of 2 ratings,N/A
BCOM,$17.29,1440429336348,"1,000",100% bearish,of 1 rating,N/A
BLDP,$1.18,1440429336790,"444,452",91% bullish,of 22 ratings,$2.50
RILY,$9.66,1440429336936,405,Not yet rated,NULL,N/A
BEAV,$47.28,1440429337036,"282,892",67% bearish,of 3 ratings,$59
BCPC,$57.14,1440429337110,"26,145",100% bearish,of 1 rating,$75
BIDU,$142.15,1440429337135,"3,268,647",81% bullish,of 88 ratings,$210
BWINB,$22.75,1440429337182,"8,876",Not yet rated,NULL,N/A
BWINA,NULL,1440429337314,0,Not yet rated,NULL,N/A
BANF,$59.865,1440429337369,"2,420",Not yet rated,NULL,$68
BANFP,$27.38,1440429337567,603,Not yet rated,NULL,N/A
BKSC,$15.41,1440429337880,"2,020",Not yet rated,NULL,N/A
BKMU,$6.89,1440429337938,"18,084",Not yet rated,NULL,$8
BOTJ,$11.11,1440429338033,"1,969",Not yet rated,NULL,N/A
BOCH,$5.74,1440429338129,"6,284",Not yet rated,NULL,$6.50
BMRC,$47.9,1440429338154,"2,224",Not yet rated,NULL,$52
OZRK,$39.31,1440429338298,"230,479",67% bullish,of 3 ratings,$49.50
BWFG,$17.85,1440429338432,772,100% bearish,of 1 rating,N/A
BFIN,$11.76,1440429338457,"10,840",Not yet rated,NULL,$13
BANR,$44,1440429338515,"12,738",100% bullish,of 3 ratings,$50
BHACR,NULL,1440429338655,0,Not yet rated,NULL,N/A
BHAC,NULL,1440429338757,0,Not yet rated,NULL,N/A
TAPR,$28.49,1440429338786,"2,459",100% bearish,of 1 rating,N/A
BZUN,$4.99,1440429338826,"350,261",50% bullish,of 2 ratings,$12.60
BHACU,NULL,1440429339162,0,Not yet rated,NULL,N/A
BHACW,NULL,1440429339207,0,Not yet rated,NULL,N/A
BSET,$28.02,1440429339354,"14,260",100% bearish,of 1 rating,$35
BYBK,NULL,1440429339439,0,100% bearish,of 1 rating,N/A
BV,$5.08,1440429339483,"111,290",67% bullish,of 6 ratings,$9
BYLK,$12.75,1440429339573,"1,000",Not yet rated,NULL,$14
BBCN,$14.24,1440429339602,"73,313",100% bearish,of 1 rating,$16
BBSI,$33.26,1440429339623,"32,215",67% bearish,of 3 ratings,$62.50
BCBP,$11.5,1440429339823,"6,199",Not yet rated,NULL,N/A
BDCV,$4.85,1440429339967,"2,404",100% bearish,of 1 rating,$10.19
BSF,$8.65,1440429340096,"4,642",Not yet rated,NULL,N/A
BBGI,NULL,1440429340183,0,100% bearish,of 1 rating,N/A
BBBY,$60.365,1440429340230,"749,813",71% bullish,of 7 ratings,$75
BECN,$34.65,1440429340555,"73,630",50% bullish,of 2 ratings,$40
BEBE,$1.78,1440429340613,"50,305",75% bullish,of 4 ratings,$3.075
BNCL,$12.37,1440429340912,"81,128",100% bullish,of 3 ratings,$12.50
BELFA,$14.19,1440429340995,"1,210",100% bearish,of 1 rating,N/A
BLPH,$4.85,1440429341051,"11,900",100% bearish,of 1 rating,$12.50
BNTC,$7.9999,1440429341150,"4,910",100% bullish,of 1 rating,N/A
BELFB,$17.5612,1440429341180,"7,521",100% bearish,of 1 rating,N/A
BLCM,$16.86,1440429341210,"103,532",50% bullish,of 4 ratings,$40
BGMD,$0.7801,1440429341280,"81,654",100% bullish,of 10 ratings,N/A
BNFT,$35.49,1440429341307,"21,580",67% bullish,of 3 ratings,$46
BGFV,$10.38,1440429341630,"47,675",57% bullish,of 7 ratings,$12
BGCP,$8.56,1440429341731,"475,800",88% bullish,of 8 ratings,$14
BIND,$4.165,1440429341763,"42,502",75% bullish,of 4 ratings,$13.50
BASI,$1.45,1440429341959,"5,770",Not yet rated,NULL,N/A
ORPN,$4.88,1440429341984,"13,595",100% bullish,of 1 rating,$28.50
BCDA,NULL,1440429342112,0,Not yet rated,NULL,N/A
BCRX,$11.875,1440429342164,"125,810",63% bullish,of 8 ratings,$18
BIOC,$1.9641,1440429342200,"171,982",83% bullish,of 6 ratings,$3.85
BIOD,$0.6663,1440429342295,"29,455",80% bullish,of 5 ratings,$4
BIIB,$290.08,1440429342362,"1,152,864",88% bullish,of 16 ratings,$400
BIOL,$1.3601,1440429342522,"47,217",Not yet rated,NULL,N/A
BDSI,$6.29,1440429342691,"275,996",88% bullish,of 8 ratings,$17
BLRX,$1.33,1440429342722,"193,777",100% bullish,of 12 ratings,$5
BMRN,$120.905,1440429342743,"470,464",80% bullish,of 5 ratings,$160
BLFS,$1.9664,1440429342826,"46,184",100% bearish,of 1 rating,$4.75
BVXV,$3.6,1440429342893,"30,243",Not yet rated,NULL,N/A
BRLI,NULL,1440429343044,0,NULL,NULL,NULL
BVXVW,$0.7,1440429343068,"23,742",100% bearish,of 1 rating,N/A
BPTH,$1.06,1440429343147,"114,036",100% bullish,of 2 ratings,$5
BBC,$29.89,1440429343226,"23,968",Not yet rated,NULL,N/A
BIOS,$1.75,1440429343284,"226,643",71% bullish,of 7 ratings,$4
BBP,$31.2912,1440429343358,"48,359",Not yet rated,NULL,N/A
BSTC,$47.65,1440429343385,"21,731",100% bearish,of 1 rating,$76
BSPM,$0.6499,1440429343687,"43,331",50% bullish,of 2 ratings,N/A
BEAT,$13.5,1440429343715,"149,241",67% bearish,of 3 ratings,$15
TECH,$97.54,1440429343742,"38,071",100% bullish,of 1 rating,$117
BOTA,$2.18,1440429343763,"47,007",88% bullish,of 8 ratings,N/A
BDMS,NULL,1440429343945,0,100% bearish,of 1 rating,N/A
BITI,$17,1440429343998,"4,974",100% bullish,of 1 rating,$28
BJRI,$43.37,1440429344045,"81,915",50% bullish,of 2 ratings,$55
BBOX,$15.02,1440429344295,"12,199",100% bearish,of 1 rating,N/A
BBRY,$7.03,1440429344321,"3,783,150",61% bullish,of 330 ratings,$9
BDE,$7.23,1440429344395,"107,214",50% bullish,of 2 ratings,$9
HAWK,$40.05,1440429344455,"266,772",91% bullish,of 11 ratings,$49
BKCC,$8.9751,1440429344484,"564,526",100% bullish,of 2 ratings,$10
BLKB,$57.17,1440429344587,"18,387",100% bearish,of 2 ratings,$66
ADRD,$21.35,1440429344749,"19,026",100% bearish,of 1 rating,N/A
ADRE,$28.17,1440429344786,"24,911",100% bearish,of 1 rating,N/A
ADRA,$25.44,1440429344814,"5,588",Not yet rated,NULL,N/A
BCOR,$13.3,1440429345015,"64,206",57% bullish,of 7 ratings,$15
BLMN,$19.955,1440429345117,"341,064",83% bullish,of 6 ratings,$27.50
BUFF,$26.1,1440429345248,"224,603",83% bullish,of 12 ratings,$31.50
ADRU,$21.4825,1440429345278,"6,871",100% bearish,of 1 rating,N/A
BLBD,$10.5201,1440429345377,575,Not yet rated,NULL,N/A
BHBK,$13.98,1440429345477,"42,732",100% bullish,of 1 rating,$14.50
BBLU,$0.7601,1440429345559,"104,440",100% bullish,of 2 ratings,$4.43
NILE,$32.16,1440429345763,"56,444",50% bullish,of 2 ratings,$34
BKEPP,$7.7,1440429345822,"2,350",100% bearish,of 1 rating,N/A
BPMC,$24.67,1440429345849,"85,494",50% bullish,of 2 ratings,$47.50
BKEP,$6.55,1440429345985,"18,852",100% bearish,of 1 rating,$8.50
BLUE,$123.185,1440429346053,"254,217",71% bullish,of 7 ratings,$217.50
BOBE,$43.23,1440429346156,"45,330",75% bullish,of 4 ratings,$57
BNCN,$20.965,1440429346218,"15,204",Not yet rated,NULL,$23
WIFI,$7.65,1440429346376,"113,465",50% bullish,of 2 ratings,$13.50
BOFI,$121.5,1440429346401,"150,083",100% bullish,of 6 ratings,$144
BOJA,$20.25,1440429346536,"120,089",100% bullish,of 1 rating,$30
BNSO,$1.39,1440429346606,100,100% bearish,of 1 rating,N/A
BONA,$10.8,1440429346735,"488,221",75% bullish,of 4 ratings,$8.50
BOKF,$59.87,1440429346867,"55,082",100% bearish,of 1 rating,$70.50
BPFH,$11.6,1440429346899,"89,193",100% bearish,of 1 rating,$14
BPFHP,NULL,1440429346929,0,100% bearish,of 1 rating,N/A
BAMM,$3.1501,1440429347000,"44,552",60% bullish,of 5 ratings,N/A
EPAY,$25.2,1440429347032,"13,436",100% bearish,of 2 ratings,$30
BPFHW,NULL,1440429347130,0,100% bearish,of 1 rating,N/A
BDBD,$8.28,1440429347300,"252,069",60% bullish,of 5 ratings,$10
BCLI,$2.69,1440429347362,"140,383",80% bullish,of 5 ratings,$12
BBRG,$12.02,1440429347431,"39,645",67% bullish,of 3 ratings,$14.50
BBEP,$2.225,1440429347563,"724,615",69% bullish,of 13 ratings,$5.625
BBEPP,$12.65,1440429347588,"29,869",100% bearish,of 1 rating,N/A
BRID,NULL,1440429347670,0,100% bearish,of 1 rating,N/A
BDGE,$26.64,1440429347745,"2,953",Not yet rated,NULL,$31.75
BLIN,$1.2001,1440429347874,"4,800",50% bullish,of 2 ratings,$2.20
BCOV,$5.21,1440429347899,"34,292",67% bullish,of 3 ratings,$10.20
BRCM,$47.695,1440429348058,"1,602,285",75% bullish,of 12 ratings,$56
BSFT,$30.24,1440429348157,"38,359",57% bullish,of 7 ratings,$40.50
BYFC,NULL,1440429348259,0,50% bullish,of 2 ratings,N/A
BVSN,$5.66,1440429348285,"2,912",60% bearish,of 5 ratings,N/A
BRCD,$10.235,1440429348310,"1,226,295",92% bullish,of 13 ratings,$12
BWEN,$3.18,1440429348335,"13,474",100% bullish,of 3 ratings,$8
BRKS,$10.13,1440429348632,"31,666",67% bullish,of 3 ratings,$15.25
BRKL,$10.38,1440429348677,"92,132",100% bearish,of 1 rating,$10.75
BWLD,$188.07,1440429348819,"114,002",82% bullish,of 11 ratings,$205
BMTC,$28.82,1440429348845,"19,039",Not yet rated,NULL,$34
BLMT,$20.53,1440429348880,"2,972",Not yet rated,NULL,N/A
BUR,$1.87,1440429348909,"12,002",100% bearish,of 1 rating,$8
BSQR,$5.8901,1440429349099,"46,912",67% bullish,of 3 ratings,N/A
BRKR,$18.64,1440429349127,"65,856",100% bearish,of 2 ratings,$22
BLDR,$14.36,1440429349292,"463,279",50% bullish,of 2 ratings,$22
CHRW,$66.27,1440429349319,"528,839",Not yet rated,NULL,$72
CA,$26.83,1440429349448,"1,329,756",50% bullish,of 4 ratings,$33
CFFI,$34.25,1440429349601,544,100% bearish,of 1 rating,N/A
CDNS,$19.38,1440429349667,"409,980",75% bullish,of 4 ratings,$22.50
CCMP,$43.3,1440429349697,"12,506",50% bullish,of 2 ratings,$59
CACQ,$6.91,1440429349727,"9,426",100% bearish,of 1 rating,$12.25
CDZI,$7.15,1440429349766,"5,462",100% bearish,of 1 rating,N/A
CSTE,$43.95,1440429349831,"204,248",100% bearish,of 1 rating,$65
PRSS,$4.22,1440429350011,"12,822",80% bullish,of 5 ratings,$4.50
CLMS,$10.51,1440429350137,"39,938",Not yet rated,NULL,$10.50
CLBS,$1.25,1440429350180,"116,507",79% bullish,of 14 ratings,$4
CZR,$8.39,1440429350265,"551,303",60% bearish,of 5 ratings,$10.50
CHY,$11.063,1440429350291,"407,395",Not yet rated,NULL,N/A
CCD,$18.545,1440429350368,"47,326",Not yet rated,NULL,N/A
CHI,$10.24,1440429350432,"299,277",100% bearish,of 1 rating,N/A
CFGE,$10.43,1440429350570,"1,504",Not yet rated,NULL,N/A
CAMP,$15.07,1440429350864,"140,850",88% bullish,of 8 ratings,$25
CHW,$7.18,1440429350922,"234,953",100% bearish,of 1 rating,N/A
CFNB,NULL,1440429350955,0,100% bearish,of 1 rating,N/A
CGO,$11.3,1440429350996,"25,204",100% bearish,of 1 rating,N/A
CVGW,$52.55,1440429351056,"29,699",50% bullish,of 2 ratings,$58.50
CSQ,$9.39,1440429351097,"396,656",Not yet rated,NULL,N/A
CALA,$4.86,1440429351124,"132,609",100% bullish,of 3 ratings,$19.50
CALD,$15.08,1440429351250,"75,460",100% bearish,of 1 rating,$20.50
ABCD,$4.64,1440429351475,"26,396",83% bullish,of 6 ratings,N/A
CLMT,$24.0585,1440429351550,"406,868",75% bullish,of 8 ratings,$31
CALM,$48.6099,1440429351621,"179,865",80% bullish,of 5 ratings,$65
CAMBW,$0.1,1440429351692,"2,360",Not yet rated,NULL,N/A
CAMB,$9.95,1440429351716,100,Not yet rated,NULL,N/A
CAMBU,NULL,1440429351741,0,100% bearish,of 1 rating,N/A
CAC,$40.27,1440429351871,"2,891",Not yet rated,NULL,N/A
CGIX,$9.04,1440429351896,"20,743",67% bullish,of 3 ratings,$14.375
CAMT,$2.58,1440429352039,"65,708",73% bullish,of 11 ratings,$4
CSIQ,$17.08,1440429352093,"1,301,580",86% bullish,of 28 ratings,$45
CBNJ,$10.6,1440429352292,"23,664",100% bullish,of 1 rating,N/A
CBF,$28.73,1440429352362,"22,849",Not yet rated,NULL,$32
CPHC,$10.2126,1440429352394,"4,111",100% bearish,of 1 rating,N/A
CPLA,$47.3,1440429352415,"15,658",67% bearish,of 3 ratings,$65
CCBG,$15.02,1440429352493,"4,164",Not yet rated,NULL,$17.25
CSWC,$45.2,1440429352639,"15,084",Not yet rated,NULL,N/A
CPLP,$6.74,1440429352664,"355,255",71% bullish,of 7 ratings,$11
CAPNW,NULL,1440429352964,0,Not yet rated,NULL,N/A
CFFN,$11.83,1440429353024,"208,062",Not yet rated,NULL,$12.75
CAPR,$4.1,1440429353062,"8,020",Not yet rated,NULL,$12
CPST,$0.3699,1440429353152,"460,927",95% bullish,of 22 ratings,$1.25
CARA,$19.765,1440429353177,"111,541",50% bullish,of 4 ratings,$25
CPTA,$13.7,1440429353237,"61,336",100% bearish,of 1 rating,$18.50
CAPN,$1.717,1440429353322,"80,052",100% bullish,of 1 rating,$10.85
CBYL,$5.725,1440429353491,"14,149",100% bearish,of 1 rating,$20
CARB,$11.13,1440429353540,"20,500",75% bullish,of 4 ratings,$12
CRDC,$0.37,1440429353695,"87,459",100% bullish,of 1 rating,$1.25
CFNL,$21.85,1440429353839,"31,583",Not yet rated,NULL,$24
CDNA,$6.34,1440429353982,"1,300",100% bearish,of 1 rating,$9
CRME,$9.21,1440429354007,"12,699",89% bullish,of 9 ratings,$11.25
CSII,$23.96,1440429354178,"48,883",100% bearish,of 2 ratings,$42.125
CECO,$3.54,1440429354220,"63,495",67% bearish,of 3 ratings,$6
CATM,$33.315,1440429354246,"82,014",100% bearish,of 1 rating,$44
CTRE,$11.72,1440429354308,"125,135",50% bullish,of 2 ratings,N/A
CKEC,$21.92,1440429354336,"55,602",50% bullish,of 2 ratings,$35.915
CLBH,$12.61,1440429354444,300,Not yet rated,NULL,$16.50
CART,$5.35,1440429354542,120,100% bearish,of 1 rating,N/A
CRTN,NULL,1440429354839,0,100% bearish,of 1 rating,N/A
CARV,NULL,1440429354939,0,50% bullish,of 2 ratings,N/A
TAST,$11.52,1440429354969,"47,590",Not yet rated,NULL,$14.25
CARO,$15.0001,1440429355044,"2,165",100% bearish,of 1 rating,$19
CASM,$1.09,1440429355071,"13,047",100% bullish,of 1 rating,$3.50
CACB,$5.33,1440429355096,"32,366",Not yet rated,NULL,$5.50
CRZO,$30.395,1440429355139,"328,910",67% bearish,of 3 ratings,$57
CSCD,$14.46,1440429355355,"33,390",100% bullish,of 2 ratings,$17
CWST,$6.1,1440429355484,"70,533",50% bullish,of 2 ratings,$7.25
CASY,$103.78,1440429355543,"101,126",50% bullish,of 2 ratings,$99.50
CATB,$11.02,1440429355640,"10,279",100% bearish,of 1 rating,$28
CASS,$46.03,1440429355702,"5,917",100% bearish,of 1 rating,N/A
CASI,$1.49,1440429355804,"12,804",100% bullish,of 1 rating,$3.50
CPRX,$3.37,1440429355890,"370,229",71% bullish,of 7 ratings,$7
CATYW,NULL,1440429356083,0,100% bearish,of 1 rating,N/A
CATY,$28.935,1440429356141,"141,156",100% bearish,of 1 rating,$33.50
CAVM,$64.5,1440429356285,"166,075",67% bearish,of 3 ratings,$72
CVCO,$71.87,1440429356493,"5,207",100% bearish,of 1 rating,N/A
CBFV,$20.65,1440429356518,"1,000",Not yet rated,NULL,N/A
CNLMU,$10.37,1440429356562,200,100% bullish,of 1 rating,N/A
CNLMW,NULL,1440429356696,0,Not yet rated,NULL,N/A
CNLM,NULL,1440429356722,0,Not yet rated,NULL,N/A
CNLMR,NULL,1440429356750,0,Not yet rated,NULL,N/A
CBOE,$60.34,1440429356934,"121,191",Not yet rated,NULL,$60
CDW,$37.6,1440429357013,"236,044",75% bullish,of 4 ratings,$44
CECE,$9.02,1440429357078,"44,320",50% bullish,of 2 ratings,$16
CDK,$48.575,1440429357103,"439,411",67% bearish,of 3 ratings,$50
CELG,$115.942,1440429357260,"2,985,086",92% bullish,of 13 ratings,$155.50
CELGZ,$1.75,1440429357427,"12,767",80% bullish,of 5 ratings,N/A
CPXX,$2.01,1440429357508,"129,397",100% bullish,of 2 ratings,$7
CLDX,$13.3218,1440429357595,"674,061",89% bullish,of 9 ratings,$36
CLRBW,NULL,1440429357622,0,Not yet rated,NULL,N/A
CLRB,$3.013,1440429357653,"2,440",100% bearish,of 1 rating,N/A
CLLS,$28.84,1440429357756,"35,377",75% bullish,of 4 ratings,$51.50
CLDN,$1.0201,1440429357822,"77,960",71% bullish,of 7 ratings,$3
CLSN,$1.86,1440429358141,"59,666",80% bullish,of 10 ratings,$7.50
CLTX,$2.7301,1440429358169,"424,544",100% bullish,of 2 ratings,N/A
CYAD,$48,1440429358215,"1,750",100% bullish,of 1 rating,$87.50
CBMG,$22.26,1440429358302,"38,613",50% bullish,of 2 ratings,N/A
CEMP,$34.05,1440429358331,"253,832",71% bullish,of 7 ratings,$52
CETV,$1.94,1440429358436,"38,869",67% bullish,of 3 ratings,$2.80
CETX,$2.35,1440429358471,"7,207",Not yet rated,NULL,$5.60
CSFL,$13.845,1440429358579,"96,603",Not yet rated,NULL,$15
CENTA,$12.12,1440429358717,"54,891",Not yet rated,NULL,N/A
CENT,$11.2,1440429358816,"107,638",Not yet rated,NULL,$10
CENX,$4.91,1440429358844,"457,402",67% bullish,of 6 ratings,$9
CNBKA,$38.16,1440429358872,"1,720",50% bullish,of 2 ratings,N/A
CFBK,$1.37,1440429358899,"4,901",Not yet rated,NULL,N/A
CVCY,$11.132,1440429359036,300,Not yet rated,NULL,$12
CNTY,$6.1499,1440429359179,"7,317",80% bullish,of 5 ratings,$7.75
CPHD,$48.1596,1440429359228,"307,368",50% bullish,of 2 ratings,$66.50
CRNT,$1.25,1440429359539,"173,978",50% bullish,of 2 ratings,$2
CERE,$1.06,1440429359568,"200,208",88% bullish,of 8 ratings,N/A
CERN,$61.219,1440429359589,"947,265",67% bullish,of 3 ratings,$79
CERU,$3.23,1440429359617,"28,278",75% bullish,of 4 ratings,$15
CEVA,$17.43,1440429359814,"22,446",100% bearish,of 1 rating,$25
KOOL,$0.64,1440429359872,"58,388",100% bullish,of 5 ratings,$7
CYOU,$19.57,1440429360039,"104,759",50% bullish,of 6 ratings,$24
HOTR,$1.425,1440429360100,"53,901",100% bullish,of 2 ratings,$5
HOTRW,NULL,1440429360132,0,Not yet rated,NULL,N/A
CERS,$4.59,1440429360266,"218,074",75% bullish,of 4 ratings,$7
CHTR,$174.42,1440429360463,"693,796",100% bearish,of 2 ratings,$196
CTHR,$1.2499,1440429360489,"36,171",50% bullish,of 2 ratings,$2.50
GTLS,$22.81,1440429360666,"105,593",50% bullish,of 4 ratings,$40
CHFN,$12.3,1440429360808,"6,433",Not yet rated,NULL,$14
CHKP,$76.005,1440429360834,"726,784",50% bullish,of 4 ratings,$92
CHEK,$3,1440429360910,"3,008",Not yet rated,NULL,$7.75
CCXI,$6.7,1440429361062,"27,216",67% bullish,of 3 ratings,$14
CHEKW,$1.0687,1440429361087,500,Not yet rated,NULL,N/A
CHKE,$24.92,1440429361267,"14,650",100% bearish,of 1 rating,$32.50
CEMI,$3.75,1440429361293,"19,174",50% bullish,of 2 ratings,$7.50
CHMG,$26.5,1440429361324,460,Not yet rated,NULL,$30
CHFC,$31.05,1440429361427,"13,518",100% bearish,of 1 rating,$36
CHEV,$14.71,1440429361556,"4,903",Not yet rated,NULL,N/A
CBNK,$16.51,1440429361586,300,100% bearish,of 1 rating,N/A
CHMA,$23.825,1440429361688,"74,372",Not yet rated,NULL,$40
PLCE,$58.98,1440429361819,"143,221",100% bearish,of 1 rating,$71
CMRX,$46.305,1440429361902,"116,766",50% bullish,of 2 ratings,$57
CALI,$0.81,1440429361975,"9,700",67% bullish,of 3 ratings,N/A
CADC,$3.12,1440429362072,"5,520",78% bullish,of 9 ratings,N/A
CCCL,$0.8062,1440429362134,"1,420",100% bullish,of 6 ratings,N/A
CAAS,$6,1440429362264,"21,665",93% bullish,of 14 ratings,$11.50
CBAK,$1.56,1440429362289,"45,992",67% bullish,of 9 ratings,N/A
HGSH,$1.749,1440429362717,"13,570",67% bullish,of 3 ratings,N/A
CCCR,$0.73,1440429362777,300,67% bearish,of 3 ratings,N/A
JRJC,$3.349,1440429362850,"214,218",82% bullish,of 11 ratings,N/A
CHLN,$1.7001,1440429362921,"6,333",67% bullish,of 3 ratings,N/A
CBPO,$93.01,1440429363007,"171,019",75% bullish,of 8 ratings,$140.50
CJJD,$1.82,1440429363063,"35,761",100% bullish,of 1 rating,N/A
CNIT,$1.21,1440429363209,"105,041",67% bullish,of 6 ratings,N/A
CHNR,$1.67,1440429363526,"4,608",100% bearish,of 1 rating,N/A
HTHT,$23.44,1440429363656,"19,250",50% bullish,of 2 ratings,$28.40
CPGI,$6.95,1440429363738,"2,844",Not yet rated,NULL,N/A
CNTF,$0.7999,1440429363787,"103,776",Not yet rated,NULL,N/A
CSUN,$1.3099,1440429363815,"34,510",80% bullish,of 5 ratings,N/A
CXDC,$6,1440429363945,"38,684",67% bullish,of 3 ratings,N/A
CREG,$0.67,1440429364183,"34,789",100% bullish,of 3 ratings,N/A
CNET,$0.7991,1440429364339,"44,640",50% bullish,of 2 ratings,N/A
CHOP,$1.12,1440429364368,"14,976",50% bullish,of 2 ratings,N/A
CCIH,$6.23,1440429364474,"206,882",67% bullish,of 6 ratings,$12.65
CNYD,$3.09,1440429364499,"6,694",67% bullish,of 3 ratings,N/A
IMOS,$16.17,1440429364540,"71,837",60% bullish,of 5 ratings,$21.50
CHSCL,$26.75,1440429364711,"15,743",Not yet rated,NULL,N/A
CHSCN,$26.63,1440429364876,"5,391",Not yet rated,NULL,N/A
CHSCM,$25.4001,1440429364907,"31,154",Not yet rated,NULL,N/A
CHSCO,$27.96,1440429364934,"5,965",Not yet rated,NULL,N/A
CHSCP,$29.93,1440429364980,"4,831",Not yet rated,NULL,N/A
CHDN,$129.755,1440429365010,"9,623",Not yet rated,NULL,$165
CHUY,$31.05,1440429365110,"88,713",50% bullish,of 2 ratings,$34
CDTX,$13.85,1440429365151,"6,016",Not yet rated,NULL,$22
CIFC,$6.8,1440429365346,"3,008",100% bearish,of 1 rating,N/A
CMCT,$15.49,1440429365656,"1,164",100% bearish,of 1 rating,N/A
CTAS,$82.13,1440429365707,"178,389",100% bearish,of 1 rating,$91
CMPR,$67.5,1440429365743,"188,265",50% bullish,of 2 ratings,$72.50
CINF,$51.793,1440429365768,"279,100",50% bullish,of 4 ratings,$50.50
CRUS,$27.319,1440429365911,"479,244",75% bullish,of 12 ratings,$44.50
CZNC,$19.3962,1440429366186,"3,472",Not yet rated,NULL,N/A
CIDM,$0.6097,1440429366214,"35,171",50% bullish,of 2 ratings,$2.10
CIZN,$19.999,1440429366242,773,Not yet rated,NULL,N/A
CPHR,$5.8501,1440429366270,"10,680",100% bearish,of 1 rating,$17
CTRN,$27.42,1440429366299,"42,996",100% bearish,of 1 rating,$31.50
CSCO,$25.42,1440429366370,"13,514,629",84% bullish,of 208 ratings,$32
CZFC,NULL,1440429366430,0,Not yet rated,NULL,N/A
CZWI,$8.77,1440429366460,"8,300",Not yet rated,NULL,N/A
CTXS,$69.53,1440429366667,"731,744",86% bullish,of 7 ratings,$80
CHCO,$46.75,1440429366725,"14,582",Not yet rated,NULL,$46
CIVB,$10.15,1440429366895,300,Not yet rated,NULL,$11
CIVBP,$32.93,1440429367038,500,Not yet rated,NULL,N/A
CLRO,$11.19,1440429367183,"8,707",50% bullish,of 2 ratings,$14.25
CLNE,$4.075,1440429367212,"567,399",80% bullish,of 15 ratings,$9
CLIR,$4.66,1440429367312,"41,912",100% bullish,of 3 ratings,N/A
CDTI,$1.483,1440429367353,"103,906",75% bullish,of 4 ratings,$3.20
CLFD,$16.98,1440429367397,"21,451",67% bullish,of 3 ratings,$18
CLNT,$1.6899,1440429367441,"4,516",75% bullish,of 8 ratings,N/A
CSBK,$13.6,1440429367470,"24,995",Not yet rated,NULL,N/A
CBLI,$3.46,1440429367542,"25,494",60% bullish,of 5 ratings,N/A
CLVS,$70.6974,1440429367746,"123,981",60% bullish,of 5 ratings,$101.50
CMFN,$11.349,1440429367772,"16,867",100% bearish,of 1 rating,$15.50
CCNE,$16.94,1440429368009,"7,747",50% bullish,of 2 ratings,$21.50
CME,$89.67,1440429368108,"682,652",67% bullish,of 3 ratings,$102
CNV,$4.52,1440429368298,"49,489",50% bullish,of 2 ratings,$7.15
CISG,$6.86,1440429368324,"140,232",100% bullish,of 5 ratings,$10
CWAY,$11.21,1440429368357,"3,154",Not yet rated,NULL,N/A
COBZ,$12.61,1440429368456,"32,420",100% bullish,of 1 rating,$14
COKE,$148.73,1440429368482,"28,965",79% bullish,of 19 ratings,N/A
CDRB,$9.46,1440429368508,"18,118",67% bullish,of 3 ratings,N/A
CVLY,$20.68,1440429368636,"2,642",Not yet rated,NULL,N/A
CDXS,$3.74,1440429368819,"25,152",64% bullish,of 11 ratings,$6
CCOI,$27.6,1440429368848,"166,097",50% bullish,of 4 ratings,$35
CGNT,$1.6301,1440429368953,"9,598",100% bullish,of 2 ratings,$2
JVA,$4.4237,1440429368989,"15,750",83% bullish,of 6 ratings,$7
CGNX,$34.74,1440429369056,"187,938",50% bullish,of 2 ratings,$47
CHRS,$28.58,1440429369367,"42,101",67% bearish,of 3 ratings,$37
COLL,$14.88,1440429369536,"31,428",100% bearish,of 1 rating,$26
COHU,$9.62,1440429369607,"31,181",100% bearish,of 1 rating,$14.25
CLCT,$17.19,1440429369672,"35,547",100% bearish,of 1 rating,N/A
CTSH,$60.92,1440429369693,"1,546,443",90% bullish,of 10 ratings,$75
CIGI,$42.28,1440429369738,"2,633",100% bearish,of 1 rating,$52
COHR,$56.03,1440429369771,"26,172",50% bullish,of 2 ratings,$72
CLRX,$0.51,1440429369844,"10,406",50% bullish,of 2 ratings,N/A
CBAN,$9.07,1440429370147,"2,904",Not yet rated,NULL,N/A
CLCD,$6.8499,1440429370316,"13,058",100% bearish,of 1 rating,$20.50
COLB,$29.85,1440429370352,"110,276",Not yet rated,NULL,$36
COLM,$60.16,1440429370630,"45,799",100% bearish,of 1 rating,$71
CMCO,$18.98,1440429370720,"14,865",60% bullish,of 5 ratings,$28
CMCSK,$56.02,1440429370946,"1,565,155",Not yet rated,NULL,$84
CMCSA,$55.115,1440429370997,"4,676,776",66% bullish,of 35 ratings,$69.50
CBSH,$43.72,1440429371018,"139,833",50% bullish,of 2 ratings,$46
CBSHP,$25.14,1440429371053,"3,755",100% bearish,of 1 rating,N/A
CUBN,NULL,1440429371074,0,Not yet rated,NULL,N/A
CBMX,$1.15,1440429371150,"47,929",83% bullish,of 6 ratings,$3.15
CVGI,$4.55,1440429371284,"15,899",50% bullish,of 2 ratings,$6
ESXB,$5.04,1440429371503,"2,650",Not yet rated,NULL,N/A
JCS,$8.56,1440429371529,"8,533",67% bullish,of 3 ratings,N/A
CSAL,$19.99,1440429371557,"291,557",75% bullish,of 4 ratings,$30
COMM,$28.26,1440429371606,"556,269",67% bearish,of 3 ratings,$35
CYHHZ,$0.0101,1440429371741,"214,890",100% bullish,of 1 rating,N/A
CTBI,$34.45,1440429371934,"14,434",Not yet rated,NULL,$36
CWBC,NULL,1440429371996,0,Not yet rated,NULL,N/A
CVLT,$35.87,1440429372028,"118,342",75% bullish,of 4 ratings,$44.50
CIL,NULL,1440429372127,0,Not yet rated,NULL,N/A
CIZ,$31.53,1440429372154,450,100% bearish,of 1 rating,N/A
COB,$10.15,1440429372182,"1,192",100% bullish,of 1 rating,$11.75
CSA,$32.53,1440429372500,"1,100",Not yet rated,NULL,N/A
CID,NULL,1440429372525,0,Not yet rated,NULL,N/A
CDC,$34.1316,1440429372555,"8,933",Not yet rated,NULL,N/A
CSF,$36.15,1440429372690,"1,160",100% bearish,of 1 rating,N/A
CDL,NULL,1440429372738,0,Not yet rated,NULL,N/A
CFO,$34.5803,1440429372820,"19,591",100% bearish,of 1 rating,N/A
CFA,$34.98,1440429372882,710,100% bearish,of 1 rating,N/A
CSB,NULL,1440429373142,0,Not yet rated,NULL,N/A
CGEN,$4.89,1440429373183,"93,104",50% bullish,of 2 ratings,$11
SCOR,$55.21,1440429373237,"82,078",100% bearish,of 1 rating,$66
CHCI,NULL,1440429373289,0,50% bullish,of 2 ratings,N/A
CPSI,$44.27,1440429373319,"19,722",100% bearish,of 1 rating,$45.50
CTG,$6.6,1440429373364,"20,315",100% bearish,of 1 rating,$8.50
CMTL,$26.24,1440429373448,"9,970",100% bearish,of 2 ratings,$37
CNAT,$3.75,1440429373473,"72,702",83% bullish,of 6 ratings,$13
CNSI,$18.24,1440429373734,"37,464",100% bearish,of 2 ratings,$29
CNCE,$15.14,1440429374034,"47,960",75% bullish,of 4 ratings,$22
CCUR,$4.958,1440429374059,"23,804",75% bullish,of 4 ratings,N/A
CXRX,$68.87,1440429374296,"1,730",100% bearish,of 1 rating,$90
CDORO,$18,1440429374384,904,100% bearish,of 1 rating,N/A
CDORP,$6.65,1440429374411,"1,140",100% bearish,of 1 rating,N/A
CFMS,$20.0042,1440429374436,"63,058",Not yet rated,NULL,$27
CDOR,$1.28,1440429374461,"3,420",100% bullish,of 1 rating,N/A
CNOB,$19.08,1440429374611,"7,004",100% bullish,of 1 rating,$23.50
CNFR,$10.0038,1440429374638,"6,454",Not yet rated,NULL,N/A
CTWS,$34.37,1440429374666,"7,987",100% bearish,of 1 rating,$44
CNMD,$53,1440429374891,"114,643",Not yet rated,NULL,$59
CNXR,$6.31,1440429374958,"24,207",100% bearish,of 1 rating,$12
CONN,$30.7601,1440429375044,"227,128",67% bullish,of 3 ratings,$48.50
CNSL,$19.03,1440429375091,"65,099",100% bearish,of 1 rating,$23
CWCO,$10.1,1440429375392,"52,384",67% bullish,of 3 ratings,$14.50
CTRV,$3.5572,1440429375536,"15,708",Not yet rated,NULL,$6.40
CTCT,$23.7815,1440429375582,"71,922",67% bullish,of 3 ratings,$37
CFRXZ,$0.44,1440429375607,"9,150",Not yet rated,NULL,N/A
CPRT,$33.63,1440429375676,"56,591",67% bearish,of 3 ratings,$40
CFRXW,$1.6,1440429375702,"2,709",100% bearish,of 1 rating,N/A
CFRX,$4.8196,1440429375774,"28,443",Not yet rated,NULL,$14
CPSS,$5.53,1440429375834,"12,236",100% bullish,of 1 rating,$10
CRBP,$1.9,1440429376092,"232,710",100% bullish,of 2 ratings,$6.25
CORT,$4.44,1440429376135,"95,020",67% bullish,of 3 ratings,$12
CTRL,$7.81,1440429376195,"65,837",50% bullish,of 2 ratings,$11
CORE,$58.18,1440429376224,"28,288",100% bearish,of 1 rating,$72
BVA,NULL,1440429376320,0,50% bullish,of 2 ratings,N/A
CORI,$10.11,1440429376423,"20,767",100% bearish,of 1 rating,$18
CSOD,$35.56,1440429376552,"140,022",50% bullish,of 2 ratings,$42
CRVL,$31.28,1440429376609,"22,800",100% bearish,of 1 rating,N/A
COST,$135.32,1440429376648,"1,275,194",79% bullish,of 24 ratings,$154.50
COSI,$1.091,1440429376708,"19,735",100% bullish,of 1 rating,N/A
CSGP,$177.19,1440429376807,"52,003",50% bullish,of 2 ratings,$235
CPAH,$0.49,1440429376867,500,50% bullish,of 2 ratings,N/A
ICBK,NULL,1440429377021,0,Not yet rated,NULL,$21
CVTI,$21.72,1440429377094,"47,376",67% bearish,of 3 ratings,$39
COVS,$2.51,1440429377741,"97,702",67% bullish,of 3 ratings,N/A
COWNL,$27,1440429377973,500,Not yet rated,NULL,N/A
GLDI,$11.0996,1440429378054,"10,327",100% bearish,of 1 rating,N/A
CBRL,$139.68,1440429378083,"137,583",50% bullish,of 2 ratings,$155
COWN,$4.995,1440429378104,"308,250",75% bullish,of 4 ratings,$7
BREW,$7.3,1440429378180,"23,379",67% bullish,of 6 ratings,$15
CPSH,$2.15,1440429378236,970,Not yet rated,NULL,N/A
CRAI,$21.69,1440429378288,"8,599",100% bearish,of 1 rating,$36
CACC,$193.23,1440429378315,"23,081",50% bullish,of 2 ratings,$158.50
CRAY,$19.67,1440429378451,"97,289",83% bullish,of 6 ratings,$38.50
SLVO,$10.24,1440429378534,"21,285",100% bearish,of 1 rating,N/A
CRESY,$9.49,1440429378708,"40,952",100% bearish,of 1 rating,$19
CREE,$26.03,1440429378734,"409,688",65% bullish,of 17 ratings,$29.50
CRTO,$40.895,1440429378780,"267,004",67% bullish,of 6 ratings,$64
CCRN,$14.15,1440429378966,"73,427",100% bearish,of 1 rating,$14.25
CROX,$13.3,1440429378991,"559,561",63% bullish,of 8 ratings,$16.50
CRDS,$1.04,1440429379123,"12,765",50% bullish,of 4 ratings,$4.50
CRWS,$7.95,1440429379149,"5,171",Not yet rated,NULL,$10
CYRX,$2.73,1440429379277,"20,879",Not yet rated,NULL,$9
CRWN,$4.42,1440429379306,"18,731",75% bullish,of 4 ratings,N/A
CYRXW,$0.8,1440429379333,"5,400",Not yet rated,NULL,N/A
CSGS,$30.56,1440429379369,"53,929",Not yet rated,NULL,$40
CSPI,$5.65,1440429379591,"9,460",67% bullish,of 3 ratings,N/A
CTCM,$1.73,1440429379660,"76,792",80% bearish,of 5 ratings,$3.90
CCLP,$13.15,1440429379732,"76,405",67% bearish,of 3 ratings,$21
CTIC,$1.66,1440429379818,"502,580",84% bullish,of 76 ratings,$5.75
CTIB,$3.4821,1440429379962,"3,675",100% bearish,of 1 rating,N/A
CUI,$4.74,1440429380163,"21,804",50% bullish,of 2 ratings,$10
CUNB,$21.2495,1440429380228,"3,656",Not yet rated,NULL,$24.50
CPIX,$5.79,1440429380257,"1,417",Not yet rated,NULL,N/A
CTRP,$59.76,1440429380282,"975,646",75% bullish,of 8 ratings,$92
CUTR,$14.175,1440429380362,"258,373",67% bearish,of 3 ratings,$18
CRIS,$2.435,1440429380422,"163,521",100% bullish,of 8 ratings,$6
CMLS,$1.235,1440429380492,"114,705",50% bullish,of 4 ratings,$6
CVBF,$15.93,1440429380517,"93,564",Not yet rated,NULL,$18
CYBR,$50.59,1440429380744,"1,093,282",86% bullish,of 7 ratings,$66
CYAN,$6.7501,1440429380770,"1,868",100% bearish,of 1 rating,N/A
CVV,$10.53,1440429380795,"19,596",100% bullish,of 5 ratings,N/A
CYBX,$64.4,1440429381112,"107,286",50% bullish,of 4 ratings,$71.50
CYCCP,NULL,1440429381173,0,100% bearish,of 1 rating,N/A
CYBE,$5.84,1440429381246,"9,196",100% bearish,of 1 rating,N/A
CBAY,$2.6,1440429381321,"25,904",100% bullish,of 1 rating,$4
CYNO,$31.17,1440429381351,"69,142",67% bearish,of 3 ratings,$45.50
CYNA,$15.605,1440429381372,"35,409",100% bullish,of 1 rating,$31.50
CY,$9.395,1440429381393,"1,890,770",80% bullish,of 10 ratings,$15.50
CYCC,$0.5399,1440429381431,"35,924",73% bullish,of 11 ratings,N/A
CTSO,$6.65,1440429381868,"95,304",Not yet rated,NULL,$15.625
CYTX,$0.3533,1440429382002,"633,730",83% bullish,of 12 ratings,$5.50
CONE,$32.04,1440429382147,"83,714",67% bearish,of 3 ratings,$35
TVIZ,$16.75,1440429382195,"5,700",100% bearish,of 1 rating,N/A
CYRN,$1.6,1440429382366,"56,978",67% bullish,of 3 ratings,$4
CYTK,$6.54,1440429382434,"73,535",71% bullish,of 14 ratings,$13.50
CYTR,$2.1,1440429382884,"367,946",67% bullish,of 6 ratings,$10
ZIV,$42.38,1440429382913,"106,887",Not yet rated,NULL,N/A
TVIX,$12.277,1440429382934,"10,494,260",81% bullish,of 16 ratings,N/A
XIV,$30.0405,1440429382971,"15,215,272",75% bearish,of 4 ratings,N/A
DAEG,$0.3321,1440429382994,"1,220",100% bearish,of 1 rating,N/A
DAKT,$11.41,1440429383070,"68,802",50% bullish,of 2 ratings,$14
DARA,$0.8499,1440429383142,"37,219",83% bullish,of 6 ratings,$1.50
DJCO,$202.132,1440429383200,833,Not yet rated,NULL,N/A
DAIO,$2.5,1440429383418,"9,529",Not yet rated,NULL,N/A
DTLK,$5.41,1440429383477,"28,042",100% bearish,of 1 rating,$9
DRAM,$1.3526,1440429383708,"5,469",78% bullish,of 9 ratings,N/A
DWCH,$4.79,1440429383746,"34,920",75% bullish,of 4 ratings,$8.25
DTEA,$13.0399,1440429383771,"27,553",100% bearish,of 2 ratings,$24
PLAY,$33.16,1440429383808,"50,870",100% bullish,of 5 ratings,$42
DWSN,$3.92,1440429383953,"22,251",67% bullish,of 3 ratings,$6
DBVT,$37.91,1440429383980,"47,662",100% bearish,of 1 rating,$53
TRAK,$62.865,1440429384048,"149,646",50% bullish,of 2 ratings,$62.50
DHRM,$1.5695,1440429384073,"6,850",Not yet rated,NULL,N/A
DCTH,$0.4459,1440429384416,"51,887",78% bullish,of 9 ratings,N/A
TACO,$12.81,1440429384547,"102,424",75% bullish,of 4 ratings,$20
TACOW,$3.98,1440429384573,"5,998",100% bullish,of 1 rating,N/A
XRAY,$51.98,1440429384894,"137,745",100% bullish,of 1 rating,$58
DFRG,$14.59,1440429384920,"36,011",100% bearish,of 1 rating,$20
DSCI,$6.15,1440429385051,"42,107",50% bullish,of 2 ratings,$16
DEPO,$27.475,1440429385122,"344,818",60% bullish,of 5 ratings,$29
DGAS,$20.293,1440429385194,"4,144",67% bearish,of 3 ratings,N/A
DERM,$23.68,1440429385423,"76,103",100% bearish,of 1 rating,$33.50
DELT,$2.44,1440429385698,200,Not yet rated,NULL,N/A
DELTW,NULL,1440429385868,0,Not yet rated,NULL,N/A
DENN,$11.285,1440429385926,"190,516",100% bullish,of 3 ratings,$15
DXM,$0.2999,1440429386014,"72,462",50% bullish,of 2 ratings,N/A
DSWL,$1.75,1440429386069,"20,440",100% bullish,of 1 rating,N/A
DEST,$11.14,1440429386094,"15,691",50% bullish,of 2 ratings,N/A
DXLG,$4.42,1440429386119,"21,078",100% bearish,of 1 rating,$8
DXCM,$85.435,1440429386311,"436,834",57% bullish,of 7 ratings,$98
DHXM,NULL,1440429386449,0,Not yet rated,NULL,N/A
DCIX,$1.6699,1440429386527,"39,121",50% bullish,of 4 ratings,$3.50
DMND,$28.96,1440429386580,"59,211",75% bullish,of 12 ratings,$32
DGII,$9.61,1440429386606,"17,756",100% bearish,of 1 rating,$10
DHIL,$185.615,1440429386671,429,Not yet rated,NULL,N/A
FANG,$64.06,1440429386740,"534,730",50% bullish,of 2 ratings,$86
DRNA,$10.22,1440429386870,"41,761",67% bearish,of 3 ratings,$25
DMRC,$36.05,1440429386908,"26,201",100% bearish,of 1 rating,$44
DGLY,$6.01,1440429387186,"183,774",50% bullish,of 6 ratings,$20
DRAD,$3.84,1440429387214,"36,662",100% bullish,of 1 rating,$5.25
APPS,$2.3,1440429387241,"53,344",100% bearish,of 1 rating,$10.25
DCOM,$16.35,1440429387266,"27,717",100% bearish,of 2 ratings,$16.50
DIOD,$19,1440429387440,"54,101",75% bearish,of 4 ratings,$24
DPRX,$12,1440429387617,"6,675",100% bullish,of 2 ratings,$27.75
DISCA,$26.28,1440429387680,"893,384",67% bullish,of 3 ratings,$34
DSCO,$0.4077,1440429387743,"137,391",83% bullish,of 6 ratings,$2.75
DISCB,$29.06,1440429387775,4,100% bearish,of 1 rating,$35
DISCK,$25.07,1440429387796,"1,019,431",100% bearish,of 1 rating,$32
DISH,$59.07,1440429387828,"681,835",69% bullish,of 13 ratings,$73
DVCR,$9.22,1440429387861,"6,182",100% bullish,of 1 rating,N/A
BAGR,$2.91,1440429387967,"6,159",100% bearish,of 1 rating,$6
DLTR,$74.62,1440429388193,"845,027",82% bullish,of 11 ratings,$88
DLHC,$2.33,1440429388225,"6,280",100% bearish,of 1 rating,N/A
DNBF,$26.5,1440429388388,103,Not yet rated,NULL,$27.50
DGICB,NULL,1440429388528,0,100% bearish,of 1 rating,N/A
DGICA,$14.11,1440429388592,"6,961",100% bearish,of 1 rating,$17
DORM,$48.805,1440429388730,"120,829",100% bearish,of 1 rating,$56
DMLP,$13.69,1440429388763,"21,416",100% bearish,of 1 rating,N/A
HILL,$9.68,1440429388785,"1,559,281",60% bearish,of 5 ratings,$9.75
DRWIW,NULL,1440429388805,0,Not yet rated,NULL,N/A
DRWI,$0.245,1440429388866,"83,675",60% bullish,of 5 ratings,$.45
DRYS,$0.3414,1440429388963,"2,448,774",77% bullish,of 31 ratings,$.60
DWA,$18.767,1440429389035,"330,402",63% bullish,of 8 ratings,$26
DSKX,$3.12,1440429389252,"98,331",100% bullish,of 1 rating,N/A
CADT,$10.02,1440429389381,300,Not yet rated,NULL,N/A
CADTR,$0.2,1440429389414,"24,465",Not yet rated,NULL,N/A
DSPG,$8.25,1440429389439,"12,809",100% bearish,of 1 rating,$13.50
CADTU,NULL,1440429389517,0,Not yet rated,NULL,N/A
DTSI,$25.11,1440429389610,"23,079",100% bearish,of 2 ratings,$39.50
DNKN,$49.12,1440429389696,"659,063",67% bullish,of 15 ratings,$56.50
CADTW,NULL,1440429389720,0,Not yet rated,NULL,N/A
DRRX,$1.9649,1440429389770,"81,962",50% bullish,of 6 ratings,$3
BOOM,$9.53,1440429390199,"22,725",67% bullish,of 3 ratings,$12
DYAX,$22.36,1440429390269,"176,492",89% bullish,of 9 ratings,$30
DYSL,$1.43,1440429390414,"14,745",100% bullish,of 2 ratings,N/A
DXPE,$27.89,1440429390435,"35,853",50% bullish,of 2 ratings,N/A
ETFC,$24.57,1440429390512,"1,247,989",57% bullish,of 14 ratings,$33
DVAX,$26.5441,1440429390607,"110,528",70% bullish,of 10 ratings,$40
DYNT,$2.84,1440429390739,"9,258",75% bullish,of 4 ratings,N/A
EGLE,$5.8257,1440429390881,"4,561",60% bullish,of 5 ratings,N/A
EGBN,$41.7,1440429390945,"53,016",Not yet rated,NULL,$48
EBMT,$11.94,1440429390979,"36,125",Not yet rated,NULL,$13.50
EGRX,$64.875,1440429391026,"99,136",67% bullish,of 3 ratings,$97
EROC,$1.088,1440429391191,"223,552",50% bullish,of 2 ratings,$3
ELNK,$7.97,1440429391280,"224,697",60% bullish,of 5 ratings,$9.50
EWBC,$39.29,1440429391322,"548,627",100% bearish,of 1 rating,$50
EACQU,NULL,1440429391436,0,Not yet rated,NULL,N/A
EML,$16.6461,1440429391543,"23,163",Not yet rated,NULL,N/A
EVBS,$6.4079,1440429391675,"3,845",Not yet rated,NULL,$7
ECTE,$1.41,1440429391750,"14,072",75% bullish,of 4 ratings,N/A
EBIX,$26.08,1440429391807,"385,756",69% bullish,of 13 ratings,$40
ELON,$0.54,1440429391860,"30,272",50% bullish,of 2 ratings,N/A
ECHO,$23.71,1440429391886,"114,654",67% bearish,of 3 ratings,$35.50
EEI,$11.0001,1440429392021,"1,504",67% bearish,of 3 ratings,N/A
EBAY,$25.15,1440429392052,"4,492,315",81% bullish,of 117 ratings,$48
SATS,$42.19,1440429392321,"45,580",50% bullish,of 2 ratings,$60
ECACU,$10.02,1440429392516,"20,000",Not yet rated,NULL,N/A
EDGW,$6.94,1440429392553,"88,314",100% bearish,of 1 rating,N/A
ESES,$3.02,1440429392621,870,100% bearish,of 1 rating,$7
EDUC,$4.5,1440429392851,"2,170",100% bearish,of 1 rating,N/A
EGAN,$3.21,1440429393131,"9,799",50% bullish,of 2 ratings,$6.25
EDAP,$2.944,1440429393198,"16,242",60% bullish,of 5 ratings,$4.50
EFUT,$4,1440429393608,"4,946",Not yet rated,NULL,N/A
LOCO,$11.402,1440429393641,"580,207",69% bullish,of 13 ratings,$20
EMITF,$1.24,1440429393668,"20,892",75% bullish,of 4 ratings,N/A
EHTH,$13.29,1440429393692,"33,278",50% bullish,of 4 ratings,$16.50
EGLT,$10.88,1440429393737,"27,216",50% bullish,of 2 ratings,$21
ERI,$9.05,1440429393832,"27,472",100% bearish,of 1 rating,$10
ESLT,$73.92,1440429393931,"13,822",67% bullish,of 3 ratings,N/A
ELRC,$10.39,1440429394158,"9,990",100% bearish,of 1 rating,N/A
ESIO,$4.4,1440429394216,"23,289",50% bullish,of 2 ratings,$10
EFII,$42.485,1440429394376,"88,321",80% bullish,of 5 ratings,$55
ELSE,$3.63,1440429394422,400,60% bullish,of 5 ratings,N/A
EA,$63.84,1440429394453,"1,546,052",77% bullish,of 35 ratings,$80
ELEC,NULL,1440429394555,0,Not yet rated,NULL,N/A
ELECW,NULL,1440429394687,0,Not yet rated,NULL,N/A
EBIO,$3.1401,1440429394855,"106,565",100% bearish,of 2 ratings,$8.35
ELECU,NULL,1440429395069,0,Not yet rated,NULL,N/A
ELTK,$1.01,1440429395160,"3,980",67% bearish,of 3 ratings,N/A
RDEN,$10.08,1440429395300,"36,178",100% bearish,of 4 ratings,$15
CAPX,$21.686,1440429395336,"1,000",Not yet rated,NULL,N/A
EMCI,$21.97,1440429395384,"6,500",Not yet rated,NULL,N/A
ESBK,NULL,1440429395412,0,Not yet rated,NULL,N/A
LONG,$16.8,1440429395437,"38,223",67% bullish,of 3 ratings,$15.75
EMMSP,NULL,1440429395864,0,100% bearish,of 1 rating,N/A
EMMS,$1.118,1440429395998,"53,199",67% bullish,of 6 ratings,N/A
EMCF,NULL,1440429396041,0,100% bearish,of 1 rating,N/A
EMKR,$6.97,1440429396067,"44,105",75% bullish,of 4 ratings,$8.50
NYNY,$3.935,1440429396088,"39,364",50% bullish,of 2 ratings,N/A
ENTA,$38.92,1440429396234,"84,246",50% bullish,of 2 ratings,$42
ERS,$2.711,1440429396281,"1,000",Not yet rated,NULL,N/A
ECPG,$38.47,1440429396434,"30,341",100% bullish,of 2 ratings,$52
WIRE,$32.05,1440429396469,"23,741",100% bearish,of 1 rating,$37
EIGI,$15.24,1440429396646,"193,212",67% bearish,of 3 ratings,$22.50
ENDP,$75.18,1440429396672,"644,340",50% bullish,of 6 ratings,$104
ELGX,$12.81,1440429396748,"126,349",75% bullish,of 4 ratings,$17
ECYT,$4.98,1440429396806,"83,716",83% bullish,of 6 ratings,$12
EFOI,$15.42,1440429396831,"168,810",50% bullish,of 2 ratings,$20.50
WATT,$6.21,1440429396889,"133,716",50% bullish,of 2 ratings,$13
ERII,$2.7799,1440429397136,"32,193",80% bullish,of 5 ratings,$2.50
EXXI,$1.33,1440429397274,"721,818",86% bullish,of 7 ratings,$3.50
ENOC,$8.17,1440429397328,"103,469",75% bullish,of 4 ratings,$18
ENPH,$4.79,1440429397359,"450,316",75% bullish,of 4 ratings,$11
ENTL,$21.5,1440429397490,"6,764",Not yet rated,NULL,$28
ENTG,$13.5,1440429397524,"165,144",100% bearish,of 1 rating,$18
ENFC,$18.01,1440429397551,"2,700",Not yet rated,NULL,N/A
ETRM,$0.218,1440429397618,"621,322",69% bearish,of 35 ratings,$1.625
ENG,$1.039,1440429397643,"22,750",100% bullish,of 3 ratings,N/A
EBTC,$20.47,1440429397830,"3,563",Not yet rated,NULL,N/A
ESGR,$150,1440429397914,"3,166",100% bearish,of 1 rating,$185
EGT,$2.1156,1440429397979,305,100% bullish,of 1 rating,N/A
EFSC,$23.66,1440429398118,"11,521",Not yet rated,NULL,$27
ENZN,$0.9399,1440429398275,"576,313",100% bullish,of 9 ratings,N/A
ENZY,$8.66,1440429398347,"6,596",67% bullish,of 3 ratings,$9.50
ENVI,$1.73,1440429398418,"6,000",67% bullish,of 3 ratings,N/A
EPIQ,$13.34,1440429398480,"15,969",100% bearish,of 1 rating,$18
PLUS,$75.65,1440429398550,"16,492",50% bullish,of 2 ratings,$88
EPZM,$17.78,1440429398575,"134,675",60% bullish,of 5 ratings,$34
EPRS,$4.895,1440429398632,"43,003",82% bullish,of 11 ratings,$15
EQIX,$261.9,1440429398824,"204,371",75% bullish,of 4 ratings,$312.50
EQFN,NULL,1440429398918,0,100% bearish,of 1 rating,N/A
EAC,$3.4001,1440429399055,"26,598",100% bearish,of 1 rating,$8
ERIE,$82.32,1440429399187,"8,795",Not yet rated,NULL,$73
ERIC,$9.6,1440429399215,"1,239,431",63% bullish,of 8 ratings,$12.20
ESCA,$17.6476,1440429399359,"9,577",100% bearish,of 1 rating,$22
ESCR,$0.16,1440429399786,"9,816",50% bullish,of 2 ratings,N/A
ESCRP,$1.5,1440429400029,129,100% bearish,of 1 rating,N/A
ESPR,$53.515,1440429400055,"330,818",67% bearish,of 9 ratings,$123
EPIX,NULL,1440429400122,0,Not yet rated,NULL,N/A
ESSA,$12.475,1440429400183,"7,749",100% bearish,of 1 rating,N/A
ESMC,NULL,1440429400208,0,Not yet rated,NULL,N/A
ESND,$34.37,1440429400342,"30,654",100% bearish,of 2 ratings,$40
CLWT,$2.3,1440429400368,"14,147",100% bearish,of 1 rating,N/A
ESSX,$0.4896,1440429400499,"16,000",50% bullish,of 2 ratings,N/A
ETSY,$13.228,1440429400531,"312,790",80% bullish,of 5 ratings,$16
EEFT,$61.76,1440429400664,"60,221",100% bearish,of 1 rating,$67.50
EVEP,$6.8799,1440429400710,"223,835",50% bullish,of 2 ratings,$15
ESEA,$5.4,1440429400797,825,100% bullish,of 1 rating,$15
EVK,$3.42,1440429400846,"9,100",75% bearish,of 4 ratings,N/A
EVLV,$2.11,1440429400951,"28,865",60% bullish,of 5 ratings,$6.50
EXAS,$19.53,1440429401251,"530,601",78% bullish,of 9 ratings,$31
EXA,$10.62,1440429401300,"6,044",100% bearish,of 1 rating,$13
EVOL,$5.5801,1440429401326,"6,262",75% bullish,of 4 ratings,$10
EXAC,$18.3,1440429401394,"12,790",100% bearish,of 1 rating,$22.50
EVOK,$3.656,1440429401461,"56,261",100% bearish,of 1 rating,$13.375
EXLS,$36.065,1440429401530,"44,590",100% bullish,of 1 rating,$41
EXFO,$2.7042,1440429401635,"22,920",67% bearish,of 3 ratings,$3.95
EXPE,$109.1,1440429401697,"714,327",64% bullish,of 11 ratings,$130
EXEL,$5.505,1440429401723,"2,079,222",81% bullish,of 16 ratings,$6
EXPD,$46.73,1440429402029,"503,434",80% bullish,of 5 ratings,$51.50
EXLP,$17.53,1440429402128,"79,945",100% bearish,of 1 rating,$27
EXPO,$41.58,1440429402169,"16,155",100% bearish,of 1 rating,$45.50
EXTR,$2.835,1440429402225,"213,592",80% bullish,of 5 ratings,$3
ESRX,$81.56,1440429402256,"2,005,641",67% bearish,of 6 ratings,$101
EYEG,$3.85,1440429402281,"10,133",Not yet rated,NULL,N/A
FCS,$13.03,1440429402691,"237,463",67% bearish,of 3 ratings,$17
FWM,$2.22,1440429402764,"135,701",100% bearish,of 2 ratings,$3.20
EYEGW,NULL,1440429402833,0,Not yet rated,NULL,N/A
FFIV,$119.61,1440429402861,"313,489",63% bullish,of 8 ratings,$132
EZPW,$6.04,1440429402891,"88,854",50% bullish,of 4 ratings,$7.50
FB,$82.655,1440429402996,"23,232,128",73% bullish,of 1066 ratings,$111
EZCH,$20.54,1440429403057,"75,761",75% bullish,of 8 ratings,$19.50
FRP,$16.29,1440429403193,"9,362",100% bearish,of 1 rating,$18
DAVE,$13.7,1440429403339,"11,534",100% bearish,of 1 rating,$15.50
FALC,$1.5909,1440429403387,"6,077",63% bearish,of 8 ratings,N/A
FARM,$21.83,1440429403543,"14,739",100% bearish,of 1 rating,$35
FARO,$37.53,1440429403613,"26,810",50% bullish,of 2 ratings,$48
FATE,$6,1440429403746,"54,042",50% bullish,of 2 ratings,$11
FFKT,$26.41,1440429403772,"2,324",Not yet rated,NULL,$29
FAST,$37.41,1440429403793,"1,383,905",80% bullish,of 5 ratings,$46
FMNB,$7.9542,1440429403825,"9,313",Not yet rated,NULL,N/A
FBRC,$21.54,1440429404097,"15,735",100% bearish,of 1 rating,$29
FEIC,$74.6,1440429404125,"88,284",50% bullish,of 2 ratings,$95.50
FBSS,$15.3467,1440429404274,300,Not yet rated,NULL,N/A
FNHC,$21.09,1440429404342,"14,606",100% bearish,of 1 rating,$35
FHCO,$1.33,1440429404446,"95,063",50% bullish,of 4 ratings,N/A
FDML,$8.92,1440429404471,"65,504",50% bullish,of 4 ratings,$14
FENX,$9.78,1440429404634,"16,592",100% bullish,of 1 rating,$14.25
FGEN,$22.502,1440429404681,"208,674",100% bearish,of 1 rating,$39
ONEQ,$180.8,1440429404778,"82,968",100% bullish,of 1 rating,N/A
FCSC,$5.455,1440429404806,"108,117",100% bearish,of 1 rating,$8.125
LION,$18.42,1440429405030,"54,741",100% bullish,of 1 rating,$20
FSAM,$8.4,1440429405087,"10,902",100% bearish,of 1 rating,$11
FRGI,$50.97,1440429405121,"53,895",50% bullish,of 2 ratings,$70
FDUS,$13.612,1440429405167,"109,756",50% bullish,of 2 ratings,$18
FSCFL,$24.55,1440429405202,504,Not yet rated,NULL,N/A
FSC,$6.305,1440429405301,"441,348",75% bullish,of 4 ratings,$8
FSFR,$8.59,1440429405367,"39,107",100% bearish,of 1 rating,$11.50
FITB,$18.915,1440429405522,"2,350,553",54% bullish,of 13 ratings,$22
FITBI,$26.63,1440429405764,"12,742",Not yet rated,NULL,N/A
FISI,$24.3,1440429405893,"20,646",100% bullish,of 2 ratings,$24.50
FNSR,$15.14,1440429405954,"277,068",71% bullish,of 7 ratings,$24.50
FNGN,$32.19,1440429405980,"108,193",67% bullish,of 3 ratings,$47
FNTC,NULL,1440429406024,0,Not yet rated,NULL,N/A
FNTCU,NULL,1440429406107,0,Not yet rated,NULL,N/A
FNJN,$1.6,1440429406131,"33,155",100% bearish,of 1 rating,$5
FNTCW,$0.32,1440429406156,"17,600",Not yet rated,NULL,N/A
FEYE,$36.43,1440429406296,"3,086,311",87% bullish,of 15 ratings,$55.50
FRBA,$5.9601,1440429406387,"2,200",Not yet rated,NULL,$8
FNLC,$18.29,1440429406520,"8,843",100% bullish,of 1 rating,N/A
FBNC,$16.29,1440429406564,"10,001",100% bullish,of 1 rating,$20
FCVA,$4.61,1440429406753,"5,105",Not yet rated,NULL,N/A
BUSE,$6.175,1440429406855,"20,599",Not yet rated,NULL,$6.875
FBIZ,$44,1440429406881,"2,165",100% bearish,of 2 ratings,$52
FCFS,$37.79,1440429407011,"20,970",100% bearish,of 3 ratings,$48
FCLF,$9.41,1440429407101,525,Not yet rated,NULL,N/A
FCBC,$17.46,1440429407154,"2,954",Not yet rated,NULL,$18
FCAP,$26.5,1440429407235,601,Not yet rated,NULL,N/A
FCNCA,$237.58,1440429407283,"1,770",Not yet rated,NULL,N/A
FCCO,NULL,1440429407380,0,Not yet rated,NULL,$13.25
FCFP,$6.9,1440429407485,"5,314",Not yet rated,NULL,N/A
FDEF,$36.1101,1440429407629,"7,203",Not yet rated,NULL,$38
FBNK,$16.48,1440429407718,"13,439",100% bearish,of 1 rating,$17.50
FFNM,$6.24,1440429407742,"3,100",Not yet rated,NULL,N/A
FFBC,$18.05,1440429407767,"40,268",67% bearish,of 3 ratings,$20.25
FFIN,$29.93,1440429407971,"65,533",50% bullish,of 2 ratings,$31.75
FFBCW,NULL,1440429408003,0,100% bearish,of 1 rating,N/A
THFF,$33,1440429408130,"5,842",Not yet rated,NULL,$35
INBK,$30.54,1440429408193,"22,300",50% bullish,of 2 ratings,$37
FIBK,$25.8,1440429408214,"32,371",Not yet rated,NULL,$32
FFWM,$21.15,1440429408249,"22,975",Not yet rated,NULL,$24
FFNW,$12.11,1440429408295,"18,261",Not yet rated,NULL,$14
FRME,$25,1440429408347,"58,411",Not yet rated,NULL,$26.50
FMBH,$22.5,1440429408475,300,Not yet rated,NULL,N/A
FMBI,$17.13,1440429408620,"129,087",Not yet rated,NULL,$20
FNFG,$8.84,1440429408775,"512,000",80% bullish,of 5 ratings,$9
FNBC,$33.78,1440429408800,"10,820",Not yet rated,NULL,$41.50
FSLR,$44.81,1440429409015,"981,191",74% bullish,of 39 ratings,$65
FNWB,$12.005,1440429409043,"12,804",Not yet rated,NULL,N/A
FSGI,$2.4625,1440429409064,"6,650",Not yet rated,NULL,N/A
FSFG,$30.53,1440429409100,"2,000",Not yet rated,NULL,N/A
FBZ,$9.75,1440429409120,200,Not yet rated,NULL,N/A
FSBK,$7.57,1440429409210,425,100% bullish,of 1 rating,N/A
BICK,$17.84,1440429409277,250,100% bullish,of 1 rating,N/A
FCAN,$22.57,1440429409315,513,Not yet rated,NULL,N/A
FTCS,$35.51,1440429409510,"153,112",100% bearish,of 1 rating,N/A
FCA,$17.43,1440429409535,"1,000",Not yet rated,NULL,N/A
IFV,$17.0875,1440429409555,"796,854",100% bearish,of 1 rating,N/A
FV,$22.4401,1440429409855,"4,756,814",100% bearish,of 1 rating,N/A
TDIV,$23.859,1440429409989,"225,330",100% bearish,of 1 rating,N/A
FEUZ,NULL,1440429410013,0,Not yet rated,NULL,N/A
FTSM,$59.94,1440429410040,"9,975",100% bearish,of 1 rating,N/A
FEMB,$42.17,1440429410069,300,Not yet rated,NULL,N/A
FGM,$34.4501,1440429410098,"18,440",Not yet rated,NULL,N/A
FTHI,$18.93,1440429410170,48,Not yet rated,NULL,N/A
MDIV,$18.93,1440429410191,"480,958",Not yet rated,NULL,N/A
FTGC,$21.73,1440429410408,"55,509",Not yet rated,NULL,N/A
FHK,$31.05,1440429410472,"9,702",Not yet rated,NULL,N/A
HYLS,$48.82,1440429410534,"39,551",100% bearish,of 1 rating,N/A
FPXI,$26.07,1440429410559,40,Not yet rated,NULL,N/A
YDIV,$16.0938,1440429410633,"3,648",Not yet rated,NULL,N/A
SKYY,$27.9054,1440429410816,"104,506",100% bullish,of 1 rating,N/A
FMB,$51.2525,1440429411033,260,Not yet rated,NULL,N/A
LMBS,$50.5999,1440429411064,700,Not yet rated,NULL,N/A
CU,$11.92,1440429411089,"12,250",100% bearish,of 1 rating,N/A
FTLB,$18.7213,1440429411133,"4,010",100% bearish,of 1 rating,N/A
PLTM,$6.41,1440429411158,"34,582",100% bearish,of 1 rating,N/A
QABA,$36.6301,1440429411262,"25,090",100% bearish,of 1 rating,N/A
FJP,$44.53,1440429411283,"7,184",Not yet rated,NULL,N/A
CIBR,$17.39,1440429411343,"99,285",Not yet rated,NULL,N/A
QCLN,$14.31,1440429411545,"53,963",Not yet rated,NULL,N/A
FONE,$33.14,1440429411619,75,Not yet rated,NULL,N/A
CARZ,$32.665,1440429411757,"6,641",100% bearish,of 1 rating,N/A
GRID,$28.8601,1440429411847,"1,780",100% bearish,of 1 rating,N/A
QQEW,$40.0895,1440429411871,"184,271",Not yet rated,NULL,N/A
AIRR,$15.69,1440429412003,"4,966",100% bearish,of 1 rating,N/A
QTEC,$38.245,1440429412053,"54,182",Not yet rated,NULL,N/A
FTSL,$48.43,1440429412162,"19,664",100% bearish,of 1 rating,N/A
RDVY,$20.61,1440429412187,"7,992",Not yet rated,NULL,N/A
QQXT,$38.8988,1440429412212,"119,529",Not yet rated,NULL,N/A
QINC,$19.96,1440429412267,300,Not yet rated,NULL,N/A
FDIV,$46.36,1440429412398,"2,000",100% bearish,of 1 rating,N/A
FKO,$19.5,1440429412427,100,Not yet rated,NULL,N/A
FSZ,$38.6301,1440429412527,"17,482",Not yet rated,NULL,N/A
FTW,$28.06,1440429412557,108,Not yet rated,NULL,N/A
TUSA,$24.29,1440429412736,300,Not yet rated,NULL,N/A
FKU,$40.3601,1440429413037,"33,604",Not yet rated,NULL,N/A
FSV,$30.47,1440429413061,"4,493",Not yet rated,NULL,$33.60
FUNC,$8.12,1440429413091,"1,758",Not yet rated,NULL,N/A
FISV,$82.695,1440429413196,"644,550",100% bearish,of 3 ratings,$90
FIVE,$35.08,1440429413222,"96,726",75% bearish,of 4 ratings,$44
SVVC,$9.456,1440429413301,"14,876",50% bullish,of 2 ratings,$26
FIVN,$4.005,1440429413360,"102,701",100% bullish,of 1 rating,$8.50
FMER,$17.24,1440429413431,"503,812",50% bullish,of 2 ratings,$20
FPRX,$18.76,1440429413610,"91,662",50% bullish,of 2 ratings,$35
FLML,$20.13,1440429413636,"87,900",50% bullish,of 2 ratings,$30
SKOR,$51.21,1440429413790,400,Not yet rated,NULL,N/A
FLXN,$23.83,1440429413815,"22,274",100% bearish,of 1 rating,$40
FLKS,$13.68,1440429413841,"19,441",50% bullish,of 2 ratings,$27
FLXS,$29.47,1440429413970,"16,262",100% bearish,of 2 ratings,N/A
MBSD,$25.37,1440429413993,400,Not yet rated,NULL,N/A
FFIC,$19.8,1440429414275,"11,694",Not yet rated,NULL,$21
FLIR,$27.5,1440429414302,"265,436",100% bearish,of 1 rating,$38.50
FLDM,$12.29,1440429414338,"75,988",67% bearish,of 3 ratings,$21.50
FLEX,$10.2162,1440429414373,"567,973",63% bullish,of 8 ratings,$12
FOMX,$9.46,1440429414438,"62,669",50% bullish,of 2 ratings,$23.50
FES,$0.9,1440429414571,"29,893",50% bullish,of 2 ratings,$1
FONR,$9.382,1440429414631,"5,295",100% bullish,of 1 rating,N/A
FOGO,$17.49,1440429414715,"71,251",50% bullish,of 2 ratings,$25.50
FORM,$6.02,1440429414846,"103,980",67% bullish,of 3 ratings,$10.50
FORTY,$29.75,1440429414894,"1,377",Not yet rated,NULL,N/A
FORR,$31.32,1440429414931,"10,000",Not yet rated,NULL,N/A
FTNT,$41.235,1440429415224,"742,674",80% bullish,of 10 ratings,$52
FOSL,$58.5,1440429415321,"288,942",50% bullish,of 4 ratings,$80
FWRD,$45.54,1440429415352,"42,218",100% bearish,of 1 rating,$50
FBIO,$2.35,1440429415381,"169,642",83% bullish,of 6 ratings,N/A
FWP,$25.13,1440429415411,"19,737",100% bearish,of 1 rating,$45
FMI,$20.97,1440429415432,"59,787",100% bearish,of 2 ratings,$27.50
FORD,$0.9968,1440429415465,"24,647",50% bullish,of 2 ratings,N/A
FOXF,$15.055,1440429415566,"13,248",100% bearish,of 1 rating,$19
FXCB,$16.95,1440429415699,"7,013",Not yet rated,NULL,$19
FRAN,$10.18,1440429415962,"126,911",50% bullish,of 4 ratings,$15
FRED,$13.94,1440429416029,"44,874",50% bullish,of 2 ratings,$16.50
FTRPR,$100.42,1440429416161,"8,451",100% bearish,of 1 rating,N/A
FRPT,$12.665,1440429416186,"171,026",67% bearish,of 3 ratings,$23.50
RAIL,$19.67,1440429416213,"46,842",100% bearish,of 1 rating,$24.50
FREE,$0.372,1440429416235,"245,895",92% bullish,of 12 ratings,N/A
FELE,$28.17,1440429416262,"118,080",50% bullish,of 4 ratings,$33
FEIM,$10.6897,1440429416288,"1,083",100% bearish,of 1 rating,N/A
FSYS,$6.13,1440429416647,"24,769",67% bullish,of 3 ratings,$10
FSBW,NULL,1440429416679,0,Not yet rated,NULL,N/A
FTR,$5.065,1440429416711,"5,213,858",78% bullish,of 27 ratings,$6.25
FTD,$28.55,1440429416780,"17,891",100% bearish,of 1 rating,$40
FRPH,$29.5,1440429416806,883,100% bearish,of 1 rating,N/A
FTEK,$2.06,1440429416832,"33,636",75% bullish,of 4 ratings,N/A
FCEL,$0.7059,1440429416965,"815,588",88% bullish,of 40 ratings,$2.65
FULT,$12.06,1440429417234,"290,439",100% bearish,of 1 rating,$13
FULL,$3.0898,1440429417262,"57,820",67% bearish,of 3 ratings,$4.25
FLL,$1.5008,1440429417283,"16,100",75% bullish,of 4 ratings,$2.825
FULLL,$25.02,1440429417316,"2,385",Not yet rated,NULL,N/A
FXEN,$0.8199,1440429417413,"45,469",75% bullish,of 4 ratings,$1.10
FFHL,$0.88,1440429417442,"2,720",50% bullish,of 4 ratings,N/A
FSNN,$2.57,1440429417507,200,67% bullish,of 3 ratings,$6
GK,$68.85,1440429417538,"25,873",Not yet rated,NULL,$78
FXENP,$15.0501,1440429417715,"3,100",100% bearish,of 1 rating,N/A
GLPG,$59.21,1440429417876,"27,736",100% bullish,of 1 rating,$75
WILC,$5.03,1440429418006,"10,843",100% bullish,of 2 ratings,N/A
GALT,$1.84,1440429418031,"105,417",80% bullish,of 5 ratings,N/A
GALTU,NULL,1440429418069,0,100% bearish,of 1 rating,N/A
GAIA,$5.81,1440429418106,"22,542",50% bullish,of 2 ratings,$8.50
GALTW,NULL,1440429418159,0,100% bullish,of 1 rating,N/A
GALE,$1.518,1440429418313,"1,300,705",89% bullish,of 47 ratings,$4
GLPI,$30.9063,1440429418543,"242,114",100% bearish,of 1 rating,$37.50
GGAC,NULL,1440429418618,0,100% bearish,of 1 rating,N/A
GRMN,$37.49,1440429418754,"796,688",50% bullish,of 6 ratings,$48
GGACR,NULL,1440429418786,0,100% bullish,of 1 rating,N/A
GLMD,$7.81,1440429418813,"14,037",67% bullish,of 3 ratings,$20.50
GGACW,$0.0514,1440429418858,800,Not yet rated,NULL,N/A
GPIC,$10.25,1440429418883,855,100% bearish,of 1 rating,N/A
GGACU,NULL,1440429418909,0,Not yet rated,NULL,N/A
GARS,$14.1401,1440429419189,"68,290",Not yet rated,NULL,$16
GNCMA,$16.66,1440429419217,"77,460",100% bearish,of 1 rating,$12
GENC,$9.3,1440429419237,"4,052",100% bearish,of 1 rating,N/A
GFN,$3.49,1440429419281,"11,419",100% bearish,of 2 ratings,$8
GFNCP,$85.05,1440429419373,448,Not yet rated,NULL,N/A
GFNSL,$24.7,1440429419436,"1,100",Not yet rated,NULL,N/A
GENE,$2.2725,1440429419530,"63,322",100% bullish,of 12 ratings,N/A
GNCA,$12.13,1440429419708,"39,180",100% bearish,of 1 rating,$20
GHDX,$25.32,1440429419741,"51,894",50% bullish,of 2 ratings,$30
GNTX,$14.73,1440429419839,"569,232",Not yet rated,NULL,$20
GNMK,$9.18,1440429419865,"56,938",67% bullish,of 6 ratings,$14
THRM,$42.93,1440429419941,"172,575",75% bearish,of 4 ratings,$55.50
GNVC,$2.09,1440429419994,"13,002",90% bullish,of 10 ratings,$8.50
GTWN,NULL,1440429420246,0,Not yet rated,NULL,N/A
GEOS,$14.966,1440429420271,"36,465",100% bearish,of 3 ratings,$25.50
GABC,$29.02,1440429420331,"20,264",Not yet rated,NULL,$31.50
ROCK,$16.96,1440429420534,"39,544",80% bullish,of 5 ratings,$24
GERN,$3.07,1440429420561,"730,574",88% bullish,of 16 ratings,$5.25
GIGM,$0.5633,1440429420597,"100,667",100% bullish,of 2 ratings,N/A
GEVO,$2.6,1440429420624,"636,432",75% bullish,of 12 ratings,$5
GIGA,$1.32,1440429420874,"5,533",100% bearish,of 1 rating,N/A
GILT,$4.228,1440429420902,"13,498",50% bullish,of 2 ratings,N/A
GILD,$102.5764,1440429420924,"6,545,519",91% bullish,of 87 ratings,$129
GIII,$62.085,1440429420979,"101,219",67% bullish,of 3 ratings,$75
GLADO,$25.49,1440429421085,"1,812",Not yet rated,NULL,N/A
GBCI,$25.41,1440429421191,"54,724",50% bullish,of 2 ratings,$31
GOOD,$14.59,1440429421240,"116,898",Not yet rated,NULL,$19
GLAD,$8.25,1440429421264,"104,343",50% bullish,of 2 ratings,$8.75
GOODN,$25.25,1440429421333,"1,900",Not yet rated,NULL,N/A
GOODP,$25.05,1440429421475,600,Not yet rated,NULL,N/A
GOODO,$25.1,1440429421500,200,Not yet rated,NULL,N/A
GAIN,$7.39,1440429421555,"298,457",100% bullish,of 2 ratings,$8.25
GAINN,$24.774,1440429421801,"18,050",Not yet rated,NULL,N/A
LAND,$9.29,1440429421834,"9,648",50% bullish,of 2 ratings,$13.75
GAINP,$25.71,1440429421862,"9,434",Not yet rated,NULL,N/A
GLBZ,$12.12,1440429421938,315,Not yet rated,NULL,N/A
GAINO,$25.1701,1440429421959,"1,350",Not yet rated,NULL,N/A
GDEF,NULL,1440429421990,0,Not yet rated,NULL,N/A
GBT,$45,1440429422038,"72,019",100% bearish,of 1 rating,N/A
ENT,$11.59,1440429422124,"101,145",100% bearish,of 1 rating,$18
GBLI,$25.61,1440429422456,"1,800",Not yet rated,NULL,N/A
ACTX,$12.67,1440429422500,"2,425",100% bullish,of 1 rating,N/A
QQQC,$18.86,1440429422528,"14,014",100% bearish,of 1 rating,N/A
GPACU,NULL,1440429422588,0,Not yet rated,NULL,N/A
GSOL,$8.1,1440429422660,"14,079",100% bearish,of 1 rating,N/A
SOCL,$16.26,1440429422686,"59,445",100% bullish,of 2 ratings,N/A
ALTY,$13.39,1440429422814,"5,000",Not yet rated,NULL,N/A
SRET,$13.296,1440429422899,"3,493",Not yet rated,NULL,N/A
YLCO,$12.15,1440429423102,985,Not yet rated,NULL,N/A
GAI,$5.16,1440429423135,"4,772",50% bullish,of 2 ratings,N/A
GBIM,$2.13,1440429423233,"43,461",50% bullish,of 2 ratings,N/A
GLBS,$1.0825,1440429423258,100,67% bullish,of 3 ratings,N/A
GSM,$12.81,1440429423402,"76,660",50% bullish,of 2 ratings,$23
GLRI,$1.05,1440429423440,"8,819",100% bearish,of 1 rating,$6
GLUU,$4.125,1440429423465,"988,360",92% bullish,of 26 ratings,$9
GLYC,$6.8,1440429423619,"6,675",50% bullish,of 2 ratings,$14
GOGO,$15.3577,1440429423788,"497,541",80% bullish,of 5 ratings,$25
GLNG,$34.46,1440429423834,"411,369",83% bullish,of 6 ratings,$58
GOGL,$2.72,1440429424005,"168,193",75% bullish,of 4 ratings,$5
GLDC,NULL,1440429424031,0,50% bullish,of 2 ratings,N/A
GBDC,$16.105,1440429424107,"75,354",Not yet rated,NULL,$17.75
GTIM,$6.4,1440429424162,"9,439",Not yet rated,NULL,$11.50
GMLP,$18.31,1440429424191,"71,994",50% bullish,of 4 ratings,$32.50
GDEN,$8.62,1440429424216,900,50% bullish,of 2 ratings,N/A
GOOGL,$622.3301,1440429424496,"1,391,172",88% bullish,of 1079 ratings,$749
GOOG,$591.8242,1440429424521,"1,283,073",89% bullish,of 70 ratings,$825
GPRO,$48.7,1440429424548,"3,204,734",78% bullish,of 58 ratings,$72
GMAN,$4.25,1440429424572,"17,884",60% bullish,of 5 ratings,$8
GPIAU,$9.99,1440429424771,"21,401",Not yet rated,NULL,N/A
GPIAW,NULL,1440429424899,0,Not yet rated,NULL,N/A
GPIA,$9.75,1440429424965,20,Not yet rated,NULL,N/A
LOPE,$36.62,1440429425071,"70,717",100% bearish,of 2 ratings,$50
GRVY,$3.29,1440429425202,709,50% bullish,of 2 ratings,N/A
GBSN,$1.3,1440429425234,"187,603",100% bearish,of 1 rating,$8.25
GBSNU,$16.53,1440429425285,"5,138",Not yet rated,NULL,N/A
GSBC,$39.31,1440429425343,"8,104",100% bullish,of 1 rating,$44
GLDD,$5.26,1440429425415,"122,253",100% bearish,of 4 ratings,$7.75
GNBC,$11.07,1440429425503,"34,360",100% bearish,of 1 rating,$17
GRBK,$12.42,1440429425635,"89,981",77% bullish,of 13 ratings,N/A
GPP,$14.26,1440429425718,"32,687",Not yet rated,NULL,$20.50
GCBC,$27.51,1440429425852,190,100% bullish,of 1 rating,N/A
GPRE,$18.69,1440429425881,"249,332",67% bullish,of 6 ratings,$28.50
GLRE,$24.04,1440429425981,"51,058",50% bullish,of 2 ratings,$41
GRFS,$30.54,1440429426007,"107,091",50% bullish,of 2 ratings,$35
GRPN,$4.02,1440429426037,"2,792,071",61% bullish,of 71 ratings,$6.75
GRIF,$30.04,1440429426139,747,100% bearish,of 1 rating,N/A
OMAB,$37.42,1440429426172,"44,105",100% bullish,of 1 rating,$44
GSIG,$12.6,1440429426432,"15,773",100% bearish,of 2 ratings,N/A
GSVC,$8.23,1440429426459,"129,695",50% bullish,of 2 ratings,$14.50
GGAL,$17.795,1440429426487,"138,953",80% bullish,of 5 ratings,$40
GSIT,$4.75,1440429426509,52,100% bearish,of 1 rating,N/A
GTXI,$0.7999,1440429426540,"61,824",100% bullish,of 5 ratings,$.75
GBNK,$15.65,1440429426644,"4,807",100% bearish,of 1 rating,$18
GFED,$14.37,1440429426704,100,Not yet rated,NULL,$17
GURE,$1.54,1440429426968,"33,348",88% bullish,of 8 ratings,N/A
GIFI,$11.48,1440429426993,"12,444",100% bearish,of 1 rating,$16
GULTU,$0.278,1440429427124,"111,565",100% bearish,of 1 rating,N/A
GUID,$7.18,1440429427186,"49,265",100% bearish,of 3 ratings,$10
GWPH,$101.6919,1440429427212,"133,131",78% bullish,of 9 ratings,$148.50
GPOR,$32.74,1440429427252,"495,958",75% bullish,of 4 ratings,$55
GWGH,NULL,1440429427280,0,100% bearish,of 1 rating,$15.05
GYRO,$2.9,1440429427305,200,100% bearish,of 1 rating,N/A
HEES,$16.26,1440429427466,"117,733",67% bearish,of 3 ratings,$31
HLG,$9.39,1440429427600,17,100% bearish,of 1 rating,N/A
HALO,$17.125,1440429427735,"447,449",67% bullish,of 3 ratings,$22.50
HNRG,$7.05,1440429427868,"48,057",100% bearish,of 1 rating,$10
HBK,$13.2778,1440429427926,100,50% bullish,of 2 ratings,N/A
HALL,$11.39,1440429427999,"7,027",Not yet rated,NULL,N/A
HMPR,$1.89,1440429428134,"110,773",100% bullish,of 1 rating,N/A
HBHC,$26.01,1440429428160,"170,171",50% bullish,of 2 ratings,$30
HBHCL,$24.15,1440429428185,"25,050",Not yet rated,NULL,N/A
HNH,$26.05,1440429428209,"2,126",100% bullish,of 1 rating,N/A
HAFC,$23.81,1440429428237,"31,108",100% bullish,of 2 ratings,$28.50
HQCL,$7.94,1440429428898,"15,256",67% bullish,of 3 ratings,$14
HDNG,$9.7254,1440429429291,"4,861",50% bullish,of 4 ratings,N/A
HLIT,$5.53,1440429429316,"115,986",100% bearish,of 1 rating,$6.50
HRMN,NULL,1440429429565,0,Not yet rated,NULL,N/A
HRMNU,NULL,1440429429631,0,Not yet rated,NULL,N/A
HRMNW,NULL,1440429429659,0,Not yet rated,NULL,N/A
HNSN,$0.5025,1440429429763,"65,509",88% bullish,of 8 ratings,$.40
TINY,$2.48,1440429429830,"18,375",50% bullish,of 2 ratings,$5.26
HCAP,$12.24,1440429429960,"10,501",50% bullish,of 2 ratings,$15
HART,$0.8,1440429429990,"74,915",100% bearish,of 1 rating,N/A
HBIO,$4.38,1440429430087,"38,888",Not yet rated,NULL,$10
HCAPL,$25.13,1440429430114,"3,127",Not yet rated,NULL,N/A
HA,$22.56,1440429430160,"452,537",67% bullish,of 9 ratings,$27
HAS,$72.52,1440429430187,"663,508",63% bullish,of 8 ratings,$84.50
HCOM,$22.185,1440429430482,504,100% bearish,of 1 rating,$28
HWKN,$35.93,1440429430663,"2,185",Not yet rated,NULL,N/A
HDS,$31.75,1440429430688,"579,983",100% bearish,of 2 ratings,$39.50
HAYN,$36.64,1440429430818,"30,331",100% bearish,of 1 rating,$59
HWBK,$13.117,1440429430844,660,100% bearish,of 1 rating,N/A
HQY,$28.395,1440429430903,"96,910",67% bullish,of 3 ratings,$31
HIIQ,$4.28,1440429430927,"5,584",50% bullish,of 2 ratings,$7
HSTM,$24.273,1440429431070,"15,984",50% bullish,of 2 ratings,$33.75
HCSG,$33.05,1440429431143,"121,333",50% bullish,of 4 ratings,$35
HWAY,$12.22,1440429431201,"98,097",100% bearish,of 1 rating,$15
HTLF,$35.35,1440429431245,"23,372",100% bullish,of 1 rating,$39.50
HTLD,$20.062,1440429431662,"140,987",Not yet rated,NULL,$22.50
HTBX,$5.1675,1440429431767,"10,213",50% bullish,of 2 ratings,$15.50
HTWR,$80.65,1440429431792,"27,757",50% bullish,of 2 ratings,$103
HSII,$20.01,1440429431817,"20,443",100% bullish,of 3 ratings,$25
HELE,$84.99,1440429431959,"64,350",67% bearish,of 3 ratings,$100
HERO,NULL,1440429432173,0,NULL,NULL,NULL
HTBK,$10.85,1440429432610,"17,131",Not yet rated,NULL,$12
HNNA,$24.3,1440429432649,"2,557",Not yet rated,NULL,N/A
HMNY,$2.15,1440429432675,640,100% bearish,of 1 rating,N/A
HCACU,$10.008,1440429432695,"1,500",Not yet rated,NULL,N/A
HMTV,$12.68,1440429432823,"7,453",100% bearish,of 1 rating,$16
HSIC,$133.67,1440429432875,"214,362",83% bullish,of 6 ratings,$146
HFWA,$17.35,1440429432904,"15,387",100% bullish,of 1 rating,$20
HEOP,$7.39,1440429432974,"2,720",Not yet rated,NULL,$8.50
MLHR,$27.47,1440429433187,"56,036",50% bullish,of 2 ratings,$33.50
HCCI,$11.05,1440429433256,"5,128",100% bearish,of 1 rating,$16.50
HRTX,$34.91,1440429433390,"319,242",67% bullish,of 6 ratings,$41
HIMX,$6.177,1440429433571,"882,188",86% bullish,of 21 ratings,$8.50
HIBB,$37.12,1440429433603,"133,199",100% bearish,of 1 rating,$48.50
HIHO,$3.8699,1440429433650,"25,721",Not yet rated,NULL,N/A
HFFC,$15.86,1440429433699,657,Not yet rated,NULL,N/A
HIFS,$115.27,1440429433725,672,Not yet rated,NULL,N/A
HSKA,$32.82,1440429433784,"11,945",100% bearish,of 1 rating,$38
HPJ,$2.08,1440429433954,"40,105",75% bullish,of 4 ratings,$12.43
HMNF,$11.15,1440429433978,300,Not yet rated,NULL,N/A
HSGX,$5.5562,1440429434049,"6,835",100% bearish,of 1 rating,$17
HOLI,$16.421,1440429434179,"211,275",50% bullish,of 4 ratings,$27
HMSY,$8.875,1440429434331,"310,859",67% bullish,of 3 ratings,$19.35
HBCP,$24,1440429434356,400,Not yet rated,NULL,$29
HOLX,$37.93,1440429434431,"756,159",67% bullish,of 3 ratings,$42
HFBL,NULL,1440429434573,0,Not yet rated,NULL,N/A
HOMB,$38.01,1440429434604,"59,985",Not yet rated,NULL,$41
AWAY,$27.58,1440429434658,"389,814",67% bullish,of 3 ratings,$36
HMIN,$26.19,1440429434704,"166,964",100% bearish,of 2 ratings,$35
HMST,$21.36,1440429434862,"32,693",100% bullish,of 2 ratings,$27
HKTV,$4.48,1440429434924,"27,893",100% bearish,of 1 rating,N/A
HTBI,$17.95,1440429434949,"17,412",67% bullish,of 3 ratings,$18.625
CETC,$0.7201,1440429435011,"56,989",86% bullish,of 7 ratings,N/A
HOFT,$23.72,1440429435099,"6,801",100% bearish,of 1 rating,N/A
HBNC,$23.75,1440429435236,"9,469",100% bullish,of 1 rating,$27
HFBC,$11.27,1440429435282,"4,105",Not yet rated,NULL,N/A
HZNP,$28.4601,1440429435415,"1,231,403",85% bullish,of 20 ratings,$40
ZINC,$7.145,1440429435621,"210,575",100% bearish,of 1 rating,$17
HRZN,$10.25,1440429435646,"39,721",100% bearish,of 1 rating,$14.25
HDP,$24,1440429435677,"93,236",67% bearish,of 3 ratings,$30.50
HMHC,$22.11,1440429435871,"188,309",Not yet rated,NULL,$27
HOVNP,$5,1440429435930,818,100% bearish,of 1 rating,N/A
HBMD,NULL,1440429436061,0,100% bearish,of 1 rating,N/A
HWCC,$7.23,1440429436088,"28,669",100% bearish,of 1 rating,$9
HSNI,$59.96,1440429436215,"50,505",Not yet rated,NULL,$80
HUBG,$38.43,1440429436313,"50,498",100% bearish,of 1 rating,$43
HTGM,$5.0418,1440429436340,"6,512",100% bearish,of 1 rating,$19.50
HSON,$2.6587,1440429436543,"6,309",100% bearish,of 1 rating,$5
HCBK,$9.16,1440429436569,"689,061",83% bullish,of 6 ratings,$8.61
HBAN,$10.57,1440429436796,"3,320,558",76% bullish,of 17 ratings,$12.29
HDSN,$2.78,1440429436927,"37,242",100% bullish,of 1 rating,$6.25
HURC,$29.28,1440429436954,"2,759",100% bearish,of 1 rating,N/A
HTCH,$1.53,1440429436978,"39,879",100% bearish,of 1 rating,$3.50
HBANP,$1332,1440429437010,96,100% bearish,of 1 rating,N/A
HBP,$3.05,1440429437084,"4,608",100% bullish,of 1 rating,N/A
HURN,$71.17,1440429437142,"39,627",50% bullish,of 2 ratings,$80
HDRAR,NULL,1440429437309,0,Not yet rated,NULL,N/A
HDRAW,$0.25,1440429437456,11,Not yet rated,NULL,N/A
HYGS,$7.3601,1440429437500,"30,475",50% bullish,of 2 ratings,$13
HDRA,NULL,1440429437524,0,Not yet rated,NULL,N/A
HDRAU,$10.2,1440429437587,200,Not yet rated,NULL,N/A
IDSY,$3.66,1440429437671,"9,643",100% bearish,of 1 rating,$7
IACI,$68.47,1440429437886,"244,600",75% bullish,of 4 ratings,$90
IKGH,$1.5832,1440429438020,"14,374",75% bullish,of 4 ratings,N/A
IBKC,$57.78,1440429438055,"74,623",100% bullish,of 1 rating,$70
IEP,$66.75,1440429438225,"87,139",75% bullish,of 4 ratings,$99
ICAD,$3.4,1440429438251,"41,174",50% bullish,of 2 ratings,$7.25
ICFI,$34.15,1440429438309,"24,094",50% bullish,of 2 ratings,$48.50
ICLR,$75.91,1440429438336,"129,055",100% bearish,of 3 ratings,$85
ICON,$12.22,1440429438357,"225,424",50% bullish,of 2 ratings,$18.50
ICUI,$110.5625,1440429438584,"30,670",Not yet rated,NULL,$122
IPWR,$7.09,1440429438643,"5,417",100% bullish,of 1 rating,$15
INVE,$4.27,1440429438874,"9,862",75% bullish,of 4 ratings,$4
DSKY,$10.96,1440429438942,"212,460",67% bullish,of 6 ratings,$11.50
IDXX,$72.705,1440429438974,"227,929",100% bearish,of 1 rating,$77
IROQ,$16.5,1440429439019,"3,301",100% bullish,of 1 rating,N/A
IDRA,$2.52,1440429439144,"386,758",89% bullish,of 9 ratings,$6.50
IRG,$4.53,1440429439173,"20,937",100% bearish,of 1 rating,$4.50
RXDX,$13.01,1440429439274,"73,867",100% bullish,of 1 rating,$20
KANG,$14.105,1440429439362,"385,369",50% bullish,of 2 ratings,$22.55
ILMN,$194.945,1440429439496,"499,247",80% bullish,of 5 ratings,$240
IIVI,$16.93,1440429439527,"63,721",100% bearish,of 1 rating,$22
IKNX,$11.33,1440429439627,400,100% bearish,of 1 rating,N/A
ISNS,$3.525,1440429439685,"43,303",50% bullish,of 2 ratings,N/A
IMMR,$11.24,1440429439710,"35,917",80% bullish,of 5 ratings,$15.50
IKAN,$2.725,1440429439784,"9,975",83% bullish,of 6 ratings,$5
ICCC,$7.4,1440429439987,"4,695",100% bullish,of 1 rating,N/A
IMGN,$13.12,1440429440064,"328,708",75% bullish,of 4 ratings,$17.50
IPXL,$41.39,1440429440123,"140,305",67% bullish,of 3 ratings,$46.50
IMDZ,$15.5,1440429440147,"34,223",100% bearish,of 1 rating,$33
IMNP,$1.2,1440429440199,"117,915",50% bullish,of 2 ratings,$6
IMMU,$1.83,1440429440406,"189,738",86% bullish,of 7 ratings,$2
INCR,$40.16,1440429440470,"124,985",50% bullish,of 2 ratings,$53
IMMY,$7.49,1440429440500,"6,302",100% bearish,of 1 rating,$11
SAAS,$7.56,1440429440634,"105,714",50% bullish,of 2 ratings,$15
IBCP,$13.78,1440429440850,"44,532",100% bullish,of 1 rating,$14.50
INDB,$44.875,1440429440875,"19,789",Not yet rated,NULL,$44
INCY,$99.0399,1440429440934,"382,829",50% bullish,of 6 ratings,$125.50
IDSA,$3.52,1440429441066,"3,800",Not yet rated,NULL,N/A
IBTX,$41.39,1440429441091,"13,789",100% bullish,of 2 ratings,$47.25
INFN,$19.9305,1440429441149,"794,033",71% bullish,of 7 ratings,$28
INFI,$8.9175,1440429441330,"266,500",50% bullish,of 4 ratings,$18
IFON,$1.16,1440429441359,"34,338",75% bullish,of 4 ratings,N/A
III,$3.97,1440429441385,"27,020",57% bullish,of 7 ratings,$6
IPCC,$78.38,1440429441513,"9,033",Not yet rated,NULL,$77.50
INOD,$2.544,1440429441646,"1,300",100% bearish,of 1 rating,N/A
INWK,$6.95,1440429441730,"43,465",50% bullish,of 2 ratings,$10
IMKTA,$51.12,1440429441759,"31,599",100% bearish,of 1 rating,N/A
INNL,$12.22,1440429441833,955,100% bearish,of 1 rating,$16.50
IPHS,$45.9113,1440429441857,"25,017",100% bearish,of 1 rating,$60
IOSP,$47.99,1440429442051,"90,646",100% bearish,of 1 rating,N/A
INGN,$47.52,1440429442118,"103,834",100% bearish,of 1 rating,$50.50
ITEK,$12.32,1440429442182,"239,678",100% bearish,of 3 ratings,$20
ISSC,$2.88,1440429442214,"3,200",67% bearish,of 3 ratings,N/A
INO,$6.79,1440429442347,"566,322",89% bullish,of 18 ratings,$20
INOV,$20.735,1440429442382,"69,816",100% bearish,of 1 rating,$33
NSIT,$25.22,1440429442454,"19,558",50% bullish,of 2 ratings,N/A
ISIG,$2.57,1440429442555,"3,331",100% bearish,of 1 rating,N/A
IIIN,$16.89,1440429442687,"8,702",100% bearish,of 2 ratings,N/A
INSM,$22.61,1440429442717,"197,564",71% bullish,of 7 ratings,$31.50
PODD,$27.72,1440429442819,"65,085",50% bullish,of 2 ratings,$35
INSY,$31.57,1440429443044,"194,420",75% bullish,of 4 ratings,$48
IDTI,$17.25,1440429443130,"781,164",60% bullish,of 5 ratings,$25
NTEC,$5.79,1440429443162,"14,900",100% bearish,of 1 rating,N/A
ISSI,$22.06,1440429443265,"87,330",67% bullish,of 3 ratings,$19.75
IESC,$6.88,1440429443290,5,100% bearish,of 1 rating,N/A
INTC,$26.325,1440429443355,"16,011,064",82% bullish,of 238 ratings,$36
IART,$59.72,1440429443456,"61,915",100% bearish,of 1 rating,$71.50
IPAR,$26.08,1440429443695,"12,635",67% bullish,of 3 ratings,$38
ININ,$36.14,1440429443722,"15,503",67% bearish,of 3 ratings,$57
IPCI,$2.06,1440429443743,"82,041",67% bullish,of 6 ratings,$7.75
IQNT,$18.67,1440429443778,"71,276",86% bullish,of 7 ratings,$20
IBKR,$36.76,1440429443884,"369,124",100% bullish,of 1 rating,N/A
ICPT,$179.38,1440429444116,"118,197",70% bullish,of 10 ratings,$359.50
ICLDW,NULL,1440429444253,0,100% bearish,of 1 rating,N/A
IMI,$2.0237,1440429444293,"10,604",67% bullish,of 3 ratings,$2.22
IDCC,$46.66,1440429444317,"116,148",80% bullish,of 5 ratings,$63
ICLD,$1.8079,1440429444352,"167,426",75% bullish,of 4 ratings,N/A
TILE,$23.69,1440429444487,"65,874",67% bearish,of 3 ratings,$27
INAP,$7.93,1440429444553,"45,064",75% bullish,of 4 ratings,$11
IGLD,$5.9664,1440429444656,"3,400",50% bullish,of 2 ratings,N/A
ISCA,$30.86,1440429444871,"16,576",100% bearish,of 1 rating,N/A
INPH,$0.2982,1440429445003,"6,099",50% bullish,of 2 ratings,N/A
IBOC,$25.1,1440429445032,"38,485",100% bearish,of 1 rating,N/A
IIJI,$8.99,1440429445136,100,50% bullish,of 2 ratings,$11.50
XENT,$26.11,1440429445173,"83,696",50% bullish,of 2 ratings,$36.50
PTNT,$2.98,1440429445238,600,Not yet rated,NULL,N/A
INTX,$2.25,1440429445339,"5,189",67% bullish,of 3 ratings,N/A
IILG,$19.53,1440429445526,"24,600",100% bearish,of 1 rating,$29
IVAC,$4.83,1440429445553,"4,086",100% bearish,of 1 rating,$6.625
ISIL,$10.21,1440429445578,"560,038",50% bullish,of 6 ratings,$15
ITCI,$26.8601,1440429445760,"101,716",75% bearish,of 4 ratings,$40
INTL,$25.84,1440429445787,"35,891",67% bearish,of 3 ratings,N/A
INTLL,$25.45,1440429446036,"4,338",Not yet rated,NULL,N/A
ISRG,$490.37,1440429446065,"69,491",67% bullish,of 3 ratings,$600
INTU,$86.4199,1440429446091,"1,327,881",86% bullish,of 7 ratings,$107.50
IIN,$6.05,1440429446173,924,100% bearish,of 1 rating,$12
SNAK,$8.4907,1440429446251,"48,706",50% bullish,of 2 ratings,$14
INVT,$0.27,1440429446317,"128,797",67% bullish,of 3 ratings,N/A
ISTR,$15.51,1440429446342,2,100% bearish,of 1 rating,$18.50
NVIV,$9.26,1440429446478,"307,455",50% bullish,of 4 ratings,$24.50
ITIC,NULL,1440429446706,0,100% bearish,of 2 ratings,N/A
ISBC,$11.66,1440429446731,"918,316",100% bullish,of 1 rating,$13.25
DTUL,$66.22,1440429446755,200,Not yet rated,NULL,N/A
DFVL,$67.82,1440429446887,101,Not yet rated,NULL,N/A
IVTY,$12.6,1440429446919,"5,905",Not yet rated,NULL,$18
IPAS,$1.01,1440429446944,"52,927",67% bullish,of 3 ratings,N/A
IPCM,$79.25,1440429447139,"60,725",50% bullish,of 2 ratings,$80.125
IRIX,$7.03,1440429447172,"1,300",100% bearish,of 1 rating,N/A
IRMD,$24.96,1440429447307,"3,426",67% bearish,of 3 ratings,$25
IRDM,$6.76,1440429447350,"187,285",60% bullish,of 5 ratings,$11.50
IRBT,$29.3706,1440429447375,"93,637",67% bullish,of 6 ratings,$37
IRDMB,$266.34,1440429447442,100,67% bearish,of 3 ratings,N/A
IPGP,$82.62,1440429447470,"106,897",100% bearish,of 2 ratings,$109.50
IRWD,$10.83,1440429447573,"220,706",100% bearish,of 1 rating,$13
COMT,$31.213,1440429447857,"6,502",100% bearish,of 1 rating,N/A
IRCP,$24.75,1440429447882,"13,435",100% bullish,of 2 ratings,N/A
GNMA,$50.52,1440429447907,"4,255",Not yet rated,NULL,N/A
FCHI,NULL,1440429447933,0,NULL,NULL,NULL
IFAS,NULL,1440429448036,0,NULL,NULL,NULL
IFGL,$27.62,1440429448242,"21,429",Not yet rated,NULL,N/A
IFNA,NULL,1440429448287,0,NULL,NULL,NULL
ACWX,$39.025,1440429448423,"256,627",100% bearish,of 1 rating,N/A
IFEU,$37.7501,1440429448480,"9,581",Not yet rated,NULL,N/A
ACWI,$53.8,1440429448505,"873,735",Not yet rated,NULL,N/A
AXJS,NULL,1440429448694,0,NULL,NULL,NULL
EMDI,NULL,1440429448727,0,NULL,NULL,NULL
AAIT,NULL,1440429448749,0,NULL,NULL,NULL
AAXJ,$49.59,1440429448889,"661,031",Not yet rated,NULL,N/A
EEMA,$46.16,1440429448913,"9,529",Not yet rated,NULL,N/A
EEME,NULL,1440429448961,0,NULL,NULL,NULL
EMEY,NULL,1440429449159,0,NULL,NULL,NULL
EVAL,NULL,1440429449248,0,NULL,NULL,NULL
EEML,$26.15,1440429449323,236,Not yet rated,NULL,N/A
EGRW,NULL,1440429449452,0,NULL,NULL,NULL
EUFN,$21.25,1440429449479,"164,319",100% bearish,of 1 rating,N/A
QAT,$19.96,1440429449512,35,Not yet rated,NULL,N/A
UAE,$16.69,1440429449610,"7,528",Not yet rated,NULL,N/A
IEUS,$45.43,1440429449636,"5,046",100% bearish,of 1 rating,N/A
IBB,$330.3,1440429449813,"1,328,083",63% bullish,of 8 ratings,N/A
SOXX,$77.7,1440429449837,"390,335",50% bullish,of 2 ratings,N/A
EMIF,$27.4999,1440429450041,"1,544",Not yet rated,NULL,N/A
ICLN,$8.8753,1440429450127,"79,614",50% bullish,of 2 ratings,N/A
WOOD,$47,1440429450170,"53,196",50% bullish,of 2 ratings,N/A
ISHG,$81.8099,1440429450196,"5,159",100% bearish,of 1 rating,N/A
INDY,$26.01,1440429450258,"492,754",50% bullish,of 2 ratings,N/A
ISLE,$15.94,1440429450512,"125,385",50% bullish,of 4 ratings,$16
IGOV,$93.96,1440429450595,"11,219",100% bearish,of 1 rating,N/A
ITRN,$23.8308,1440429450727,"10,009",50% bullish,of 2 ratings,N/A
ISIS,$44.98,1440429450753,"639,047",53% bullish,of 15 ratings,$67
ITRI,$30.39,1440429450778,"160,111",Not yet rated,NULL,$37
ISRL,$125.52,1440429450806,100,100% bearish,of 1 rating,N/A
ITUS,$3.91,1440429450970,"1,209",Not yet rated,NULL,N/A
XXIA,$14.8,1440429450995,"85,784",71% bullish,of 7 ratings,$14.625
IXYS,$10.1,1440429451074,"74,009",50% bullish,of 4 ratings,N/A
JJSF,$109.81,1440429451203,"16,807",100% bearish,of 1 rating,N/A
JBHT,$74.66,1440429451237,"268,598",50% bullish,of 4 ratings,$89.50
MAYS,$59.1,1440429451373,200,Not yet rated,NULL,N/A
JCOM,$67.9,1440429451664,"46,335",100% bullish,of 2 ratings,$77
JACK,$78.091,1440429451694,"350,572",83% bullish,of 6 ratings,$105
JKHY,$66.93,1440429451761,"99,371",50% bullish,of 2 ratings,$72
JASO,$6.99,1440429451789,"428,704",82% bullish,of 17 ratings,$10
JXSB,$23.7,1440429451814,"3,280",Not yet rated,NULL,N/A
JAXB,NULL,1440429451891,0,100% bullish,of 1 rating,N/A
JMBA,$13.05,1440429452030,"50,480",75% bullish,of 4 ratings,$18
JAKK,$9.1,1440429452122,"307,259",60% bearish,of 5 ratings,$11
JAGX,$2.8,1440429452183,210,Not yet rated,NULL,N/A
ERW,NULL,1440429452281,0,Not yet rated,NULL,N/A
JRVR,$25.6761,1440429452312,"10,881",Not yet rated,NULL,$32
JASN,$4.66,1440429452413,"10,671",50% bullish,of 2 ratings,$9.50
JASNW,NULL,1440429452645,0,50% bullish,of 2 ratings,N/A
JBLU,$21.1,1440429452786,"4,418,030",94% bullish,of 18 ratings,$27
JD,$24.375,1440429452820,"5,270,678",75% bullish,of 16 ratings,$36
JAZZ,$162.23,1440429452844,"195,362",80% bullish,of 15 ratings,$206.50
JTPY,$2.91,1440429452871,"2,021",100% bearish,of 1 rating,N/A
DATE,$5.6,1440429452914,"94,488",75% bullish,of 4 ratings,$9
JCTCF,$9.514,1440429453017,100,100% bullish,of 1 rating,N/A
JIVE,$4.1199,1440429453046,"211,413",75% bullish,of 4 ratings,$5
JST,$3.8,1440429453188,"19,843",75% bullish,of 4 ratings,N/A
JOUT,$23.2424,1440429453391,"10,360",100% bearish,of 1 rating,$34
JBSS,$48.02,1440429453416,"8,724",67% bearish,of 3 ratings,N/A
JOEZ,$0.1611,1440429453453,"105,356",92% bullish,of 12 ratings,N/A
WYIGU,$10,1440429453652,"3,483",Not yet rated,NULL,N/A
JNP,$9.56,1440429453713,"21,535",100% bullish,of 3 ratings,$15
JUNO,$36.35,1440429453737,"660,761",73% bullish,of 11 ratings,$71.50
KTWO,$21.69,1440429453883,"50,611",100% bearish,of 1 rating,$28.50
KBIO,$1.97,1440429453945,"135,024",50% bullish,of 4 ratings,N/A
KALU,$80.91,1440429454012,"28,525",67% bearish,of 3 ratings,$91
KNDI,$6.2125,1440429454044,"355,575",86% bullish,of 22 ratings,N/A
KMDA,$3.1899,1440429454194,"10,874",50% bullish,of 2 ratings,$8
KCLI,$46.6001,1440429454246,"6,318",Not yet rated,NULL,N/A
KPTI,$12.896,1440429454577,"86,254",67% bearish,of 3 ratings,$39
KELYB,$13.2,1440429454602,200,50% bullish,of 2 ratings,N/A
