Symbol,Price,Date,Volume,Rating,RatingVoteCount,OneYearEstimate
TFSCU,NULL,1440267602397,0,Not yet rated,NULL,N/A
TFSC,NULL,1440267602426,0,100% bearish,of 1 rating,N/A
TFSCR,NULL,1440267602447,0,Not yet rated,NULL,N/A
FLWS,$9.36,1440267602480,"220,692",100% bullish,of 5 ratings,$15
FCTY,$7.63,1440267602508,300,100% bullish,of 1 rating,$8.50
TFSCW,NULL,1440267602529,0,100% bearish,of 1 rating,N/A
FCCY,$11.6,1440267602574,354,100% bullish,of 1 rating,$13
PIH,$7.2,1440267602658,"15,400",100% bearish,of 1 rating,N/A
SRCE,$30.03,1440267602717,"55,334",100% bullish,of 3 ratings,$33
TWOU,$34.02,1440267602742,"673,961",50% bullish,of 2 ratings,$39
DSLV,$61.29,1440267602767,"22,007",100% bearish,of 1 rating,N/A
DGLD,$76.08,1440267602793,"21,135",100% bullish,of 1 rating,N/A
UGLD,$9.99,1440267602924,"253,649",100% bearish,of 1 rating,N/A
JOBS,$25.35,1440267602953,"172,084",50% bullish,of 4 ratings,$36
USLV,$14.59,1440267603084,"218,982",86% bullish,of 7 ratings,N/A
ABGB,$4.09,1440267603608,"34,916",67% bullish,of 3 ratings,$5.50
VNET,$19.27,1440267603634,"733,790",60% bullish,of 5 ratings,$29.50
ABAX,$47.54,1440267603664,"139,615",100% bearish,of 1 rating,$60
ABEOW,$1.76,1440267603690,"2,525",100% bullish,of 1 rating,N/A
ABMD,$97.08,1440267603740,"831,796",75% bullish,of 4 ratings,$100.50
ABEO,$4.83,1440267603766,"140,862",67% bullish,of 3 ratings,$15.50
SHLM,$34.05,1440267603795,"123,800",100% bearish,of 1 rating,$50
AAON,$21.67,1440267603866,"166,594",100% bearish,of 1 rating,$24
SIXD,$1.47,1440267603927,"250,988",Not yet rated,NULL,N/A
EGHT,$8.215,1440267603960,"436,691",82% bullish,of 17 ratings,$11
AXAS,$1.56,1440267603991,"860,487",78% bullish,of 9 ratings,$3.50
CAFD,$15.52,1440267604026,"330,925",Not yet rated,NULL,$25
AVHI,$13.95,1440267604054,"37,920",100% bearish,of 1 rating,$19
ABY,$20,1440267604080,"1,100,886",100% bearish,of 2 ratings,$46
ACTG,$8.87,1440267604108,"323,174",67% bullish,of 3 ratings,$18.50
ACHC,$73.6762,1440267604243,"815,815",50% bullish,of 2 ratings,$92
ACAD,$38.13,1440267604502,"928,540",80% bullish,of 20 ratings,$48
ACST,$0.361,1440267604606,"71,223",100% bullish,of 2 ratings,N/A
AXDX,$17.93,1440267604687,"220,988",100% bearish,of 1 rating,N/A
AKAO,$6.9457,1440267604880,"55,800",75% bullish,of 4 ratings,$15
ACET,$24.41,1440267604930,"127,207",75% bullish,of 4 ratings,$30
ACRX,$4.05,1440267604959,"360,315",67% bearish,of 6 ratings,$5.50
ACIW,$21.89,1440267604980,"571,274",50% bullish,of 2 ratings,$24
ACHN,$7.75,1440267605001,"1,754,841",90% bullish,of 21 ratings,$16
XLRN,$28.36,1440267605273,"111,031",50% bullish,of 2 ratings,$57
ACOR,$29.75,1440267605311,"642,828",67% bearish,of 3 ratings,$38.50
ARAY,$6.53,1440267605342,"3,387,732",100% bearish,of 1 rating,$10.50
VXDN,$5.5,1440267605367,"50,671",100% bearish,of 1 rating,N/A
ACTS,$1.3,1440267605396,"51,585",100% bearish,of 1 rating,N/A
VXUP,$27,1440267605426,"49,956",Not yet rated,NULL,N/A
ANCX,$18.76,1440267605447,"31,836",Not yet rated,NULL,$19
ACNB,$20.33,1440267605499,"1,376",Not yet rated,NULL,N/A
ACTA,$13.89,1440267605696,"113,227",67% bearish,of 3 ratings,$25
ATVI,$27.2167,1440267605729,"5,132,751",68% bullish,of 84 ratings,$31.50
ACPW,$1.856,1440267605754,"65,399",100% bullish,of 4 ratings,$3.50
ACUR,$0.6182,1440267605959,"65,134",100% bullish,of 5 ratings,$1
ADMS,$20.07,1440267606101,"78,833",100% bearish,of 2 ratings,$36
ACXM,$20.1276,1440267606202,"350,940",67% bullish,of 3 ratings,N/A
ADBE,$78.87,1440267606233,"4,323,734",65% bullish,of 17 ratings,$90
AEY,$2.29,1440267606260,"39,023",100% bearish,of 2 ratings,N/A
ADAP,$12.53,1440267606281,"216,853",67% bullish,of 3 ratings,$22
ADMP,$3.65,1440267606336,"21,417",50% bullish,of 2 ratings,$10
ADMA,$9.3,1440267606423,"3,500",Not yet rated,NULL,$19
ADEP,$6.75,1440267606468,"33,889",50% bullish,of 2 ratings,$10.75
ADUS,$29.83,1440267606494,"59,827",100% bearish,of 1 rating,$31
AEIS,$25.055,1440267606559,"198,884",50% bullish,of 2 ratings,$32.50
ADTN,$15.59,1440267606629,"349,681",67% bullish,of 3 ratings,$17.125
ADRO,$19.44,1440267606663,"252,323",80% bullish,of 5 ratings,$45.50
ADXS,$14.5,1440267606697,"919,015",64% bullish,of 14 ratings,$27
AMD,$1.76,1440267606727,"7,935,981",83% bullish,of 103 ratings,$2
ADXSW,$10.15,1440267606931,"5,206",100% bullish,of 1 rating,N/A
MULT,NULL,1440267606963,0,100% bearish,of 1 rating,N/A
YPRO,$23.29,1440267607064,"4,120",100% bearish,of 1 rating,N/A
AEGN,$18.24,1440267607089,"212,917",100% bearish,of 1 rating,$21
AMTX,$3.09,1440267607132,"17,253",50% bullish,of 2 ratings,$26.11
AEHR,$2.24,1440267607168,"7,972",50% bullish,of 2 ratings,N/A
AEGR,$18.26,1440267607189,"394,681",50% bullish,of 6 ratings,$26
AEPI,$57.13,1440267607264,"21,960",100% bearish,of 1 rating,N/A
AVAV,$24.38,1440267607297,"143,405",50% bullish,of 4 ratings,$31
AERI,$15.92,1440267607331,"361,223",75% bullish,of 4 ratings,$31.50
AEMD,$7.22,1440267607400,"187,619",Not yet rated,NULL,$27.50
AFMD,$9.78,1440267607466,"174,087",50% bullish,of 4 ratings,$15
AGEN,$7.04,1440267607532,"940,432",85% bullish,of 13 ratings,$14
AFFX,$9.4,1440267607558,"587,032",80% bullish,of 5 ratings,$12
AEZS,$0.1005,1440267607588,"5,371,374",90% bullish,of 21 ratings,$1.50
AGRX,$8.17,1440267607687,"49,951",100% bearish,of 1 rating,$17.50
AGFS,$9.8121,1440267607893,"73,206",100% bearish,of 1 rating,N/A
AGFSW,$1.79,1440267607950,"28,997",100% bearish,of 2 ratings,N/A
AIRM,$36.55,1440267607978,"309,312",80% bearish,of 5 ratings,$53
AGIO,$85.65,1440267607999,"509,530",88% bullish,of 8 ratings,$114
AGYS,$9.63,1440267608020,"33,010",100% bearish,of 1 rating,N/A
AIMT,$21.1,1440267608058,"120,787",Not yet rated,NULL,N/A
AIRT,$22.94,1440267608079,51,100% bullish,of 1 rating,N/A
ATSG,$9.1,1440267608214,"264,911",67% bullish,of 3 ratings,$13
AMCN,$4.9,1440267608252,"424,894",83% bullish,of 6 ratings,N/A
AIXG,$5.98,1440267608284,"34,571",67% bearish,of 3 ratings,$5.25
AKAM,$68.463,1440267608305,"1,585,448",63% bullish,of 8 ratings,$77
AKRX,$40.2552,1440267608345,"930,040",78% bullish,of 9 ratings,$56
AKBA,$6.65,1440267608394,"184,781",100% bearish,of 1 rating,$18
AKER,$2.62,1440267608435,"93,096",Not yet rated,NULL,N/A
ALRM,$16.46,1440267608613,"358,434",100% bearish,of 1 rating,$22
AMRI,$19.73,1440267608697,"245,268",75% bearish,of 4 ratings,$24
ALSK,$2.11,1440267608746,"112,029",78% bullish,of 18 ratings,$2
ABDC,$12.7,1440267608799,"21,785",Not yet rated,NULL,$15
ADHD,$8.31,1440267608853,"220,062",50% bullish,of 4 ratings,$18
ALXN,$173.81,1440267608889,"1,548,456",88% bullish,of 8 ratings,$223
ALDX,$7.62,1440267608928,"6,759",100% bearish,of 1 rating,$14.50
ALXA,$1.07,1440267608964,"26,737",83% bullish,of 6 ratings,$2.125
ALDR,$36.64,1440267608985,"474,720",67% bearish,of 3 ratings,$62
ALCO,$42.36,1440267609062,"24,127",50% bullish,of 2 ratings,N/A
ALGN,$56.4432,1440267609092,"422,327",100% bearish,of 2 ratings,$73
ALIM,$3.15,1440267609166,"169,442",80% bullish,of 5 ratings,$10
ALKS,$60.35,1440267609270,"705,866",67% bullish,of 3 ratings,$75
ALGT,$216.09,1440267609343,"164,611",100% bearish,of 1 rating,$235
ALLB,$23.48,1440267609415,"1,820",Not yet rated,NULL,N/A
AIQ,$14.7,1440267609547,"29,906",67% bullish,of 3 ratings,N/A
AHGP,$36.6344,1440267609572,"31,919",67% bullish,of 3 ratings,N/A
AFOP,$17.51,1440267609712,"139,898",75% bullish,of 8 ratings,$21
ARLP,$24.94,1440267609738,"151,729",67% bearish,of 3 ratings,$32
AMOT,$17.09,1440267609801,"80,719",100% bearish,of 1 rating,N/A
ALQA,$4.43,1440267609874,"36,237",75% bullish,of 4 ratings,$8.50
AFAM,$46.84,1440267609929,"72,495",50% bullish,of 2 ratings,$44
ALLT,$5.04,1440267609952,"71,089",75% bullish,of 4 ratings,$6.25
AHPI,$1.46,1440267609976,435,50% bullish,of 2 ratings,N/A
MDRX,$13.52,1440267610027,"1,235,763",60% bullish,of 5 ratings,$16
ALNY,$100.3178,1440267610127,"414,351",67% bullish,of 3 ratings,$148.50
ALTR,$48.17,1440267610232,"2,956,121",80% bearish,of 5 ratings,$54
SMCP,$22.56,1440267610259,"1,500",Not yet rated,NULL,N/A
ASPS,$29.2565,1440267610291,"228,767",67% bullish,of 3 ratings,$46.50
AOSL,$7.21,1440267610312,"45,497",67% bullish,of 3 ratings,$9
ATEC,$0.5768,1440267610393,"46,618",100% bullish,of 1 rating,$2
AMRN,$2.03,1440267610541,"741,425",85% bullish,of 39 ratings,$8
AIMC,$25.28,1440267610563,"92,117",100% bearish,of 1 rating,$28.50
AMRK,$10.57,1440267610601,"4,627",50% bullish,of 2 ratings,$14
AMZN,$495.5,1440267610623,"3,790,755",81% bullish,of 263 ratings,$646
AYA,$21.62,1440267610655,"63,923",100% bearish,of 1 rating,$40
AMAG,$59.95,1440267610694,"476,323",100% bullish,of 2 ratings,$77.50
AMBC,$15.6,1440267610787,"245,406",100% bearish,of 1 rating,$16.50
AMBCW,$7.0532,1440267610822,"1,178",100% bearish,of 1 rating,N/A
AMBA,$89,1440267610916,"5,366,218",83% bullish,of 12 ratings,$102.50
EPAX,$2.69,1440267610987,"74,357",100% bearish,of 1 rating,N/A
AMCX,$67.7119,1440267611012,"687,069",67% bullish,of 3 ratings,$85.50
UHAL,$363.52,1440267611210,"15,187",100% bullish,of 2 ratings,$393.50
AMDA,$0.463,1440267611243,"1,233,767",90% bullish,of 10 ratings,$1
DOX,$59,1440267611270,"282,272",50% bullish,of 2 ratings,$60
ASBI,$22.55,1440267611291,154,Not yet rated,NULL,N/A
AMED,$40.5,1440267611324,"290,278",100% bearish,of 1 rating,$42
ATAX,$5.23,1440267611346,"155,087",100% bullish,of 1 rating,$6.50
AMOV,$17.65,1440267611382,"5,863",100% bearish,of 1 rating,N/A
AAL,$39.75,1440267611477,"11,179,538",93% bullish,of 88 ratings,$57
AGNCB,$24.23,1440267611564,"21,668",Not yet rated,NULL,N/A
AGNC,$19.553,1440267611589,"3,952,543",75% bullish,of 28 ratings,$22
AGNCP,$25.34,1440267611660,"7,150",Not yet rated,NULL,N/A
MTGEP,$24.12,1440267611797,"1,127",Not yet rated,NULL,N/A
MTGE,$15.7,1440267611839,"402,399",75% bullish,of 4 ratings,$19.50
ACSF,$12.225,1440267611872,"33,060",100% bearish,of 1 rating,$15
ACAS,$13.74,1440267611902,"1,556,266",60% bullish,of 5 ratings,$16.75
AETI,$4.28,1440267611971,2,67% bearish,of 3 ratings,N/A
ANCI,$1.59,1440267611999,"10,070",100% bearish,of 1 rating,N/A
AMIC,$10.21,1440267612031,8,Not yet rated,NULL,N/A
AMNB,$22.8,1440267612056,"22,976",Not yet rated,NULL,$25.50
ANAT,$100,1440267612132,"19,158",100% bullish,of 1 rating,N/A
APEI,$21.26,1440267612211,"155,037",100% bearish,of 1 rating,$25.50
ASEI,$39.68,1440267612351,"53,467",100% bearish,of 1 rating,$52.50
ARII,$38.75,1440267612485,"183,877",67% bearish,of 3 ratings,$45
AMRB,$10,1440267612513,"2,054",Not yet rated,NULL,$11
AMSC,$3.48,1440267612534,"36,442",50% bullish,of 4 ratings,N/A
AMSWA,$9.06,1440267612679,"86,700",100% bearish,of 2 ratings,$10.75
AMWD,$67.8,1440267612705,"272,213",50% bullish,of 2 ratings,$58
ABCB,$27.64,1440267612741,"189,477",Not yet rated,NULL,$31
CRMT,$37.91,1440267612770,"120,497",100% bearish,of 1 rating,$49
AMSF,$49.68,1440267612837,"122,373",Not yet rated,NULL,$57.50
ATLO,$23.31,1440267612863,"15,885",Not yet rated,NULL,N/A
ASRV,$3.27,1440267612893,840,100% bullish,of 2 ratings,N/A
FOLD,$14.05,1440267613091,"2,614,067",56% bullish,of 9 ratings,$21
AMKR,$4.39,1440267613145,"1,544,185",100% bearish,of 2 ratings,$5
ASRVP,NULL,1440267613170,0,Not yet rated,NULL,N/A
AMGN,$155.9,1440267613195,"4,702,712",89% bullish,of 19 ratings,$185
AMPH,$13.79,1440267613244,"166,636",50% bullish,of 2 ratings,$20
AMSG,$81.5,1440267613342,"320,262",100% bearish,of 1 rating,$85.50
AFSI,$58.44,1440267613477,"1,008,977",60% bullish,of 5 ratings,$72
ANAC,$129.49,1440267613511,"607,726",80% bullish,of 5 ratings,$180.50
AMRS,$1.63,1440267613532,"53,848",70% bullish,of 10 ratings,N/A
AMSGP,NULL,1440267613555,0,Not yet rated,NULL,N/A
ASYS,$5.18,1440267613576,"35,518",67% bullish,of 3 ratings,$12
ANAD,$0.333,1440267613617,"132,364",100% bullish,of 2 ratings,$.50
ADI,$53.78,1440267613718,"3,922,593",67% bullish,of 3 ratings,$69
ANCB,$22.3001,1440267613819,500,Not yet rated,NULL,$23
ABCW,$39.96,1440267613846,"10,347",67% bullish,of 3 ratings,N/A
ALOG,$83.13,1440267613871,"75,588",100% bearish,of 2 ratings,$100.50
AMCF,$0.26,1440267613926,"9,494",100% bullish,of 7 ratings,N/A
ANGI,$4.64,1440267614117,"919,270",64% bullish,of 11 ratings,$5.50
ANGO,$14.71,1440267614143,"99,313",67% bullish,of 3 ratings,$19
ANIP,$49.38,1440267614184,"250,484",89% bullish,of 19 ratings,$66
ANIK,$34.88,1440267614211,"106,488",60% bullish,of 5 ratings,$51.25
ANSS,$90.92,1440267614233,"391,059",100% bearish,of 1 rating,$100
ANTH,$7.04,1440267614273,"1,783,771",80% bullish,of 10 ratings,$13
ABAC,$0.73,1440267614298,"36,221",100% bearish,of 1 rating,N/A
ATRS,$1.81,1440267614368,"537,668",92% bullish,of 12 ratings,$4.50
ATNY,$2.37,1440267614435,"2,775",50% bullish,of 2 ratings,$3.75
APIC,$6.49,1440267614538,"180,683",100% bearish,of 1 rating,$19
APOG,$51.6,1440267614563,"212,697",100% bullish,of 1 rating,$67
AINV,$6.4767,1440267614723,"1,117,263",50% bullish,of 4 ratings,$8
APPF,$16.84,1440267614792,"52,701",50% bullish,of 2 ratings,$22
APOL,$10.9787,1440267614858,"992,661",87% bearish,of 68 ratings,$14
ARCI,$1.33,1440267614884,"3,906",Not yet rated,NULL,N/A
APDN,$3.22,1440267614910,"61,834",Not yet rated,NULL,$9
AAPL,$105.9,1440267614942,"82,174,464",86% bullish,of 2338 ratings,$150
AMCC,$5.35,1440267614963,"963,117",80% bullish,of 5 ratings,$8
APDNW,$1.15,1440267614984,"2,800",Not yet rated,NULL,N/A
AGTC,$15.74,1440267615229,"119,853",50% bullish,of 2 ratings,$33
APRI,$1.33,1440267615283,"155,441",83% bullish,of 6 ratings,$4.86
AAOI,$19.89,1440267615306,"285,163",50% bullish,of 4 ratings,$26
AREX,$2.03,1440267615331,"890,815",100% bearish,of 1 rating,$3
AMAT,$15.497,1440267615356,"12,956,491",82% bullish,of 11 ratings,$23
APTO,$5.09,1440267615387,"8,208",Not yet rated,NULL,$17
AQMS,$5,1440267615541,"19,025",Not yet rated,NULL,N/A
AUMA,NULL,1440267615569,0,Not yet rated,NULL,N/A
AUMAU,$9.94,1440267615607,"1,200",Not yet rated,NULL,N/A
AUMAW,NULL,1440267615634,0,Not yet rated,NULL,N/A
AQXP,$18.2999,1440267615660,"469,595",50% bullish,of 2 ratings,$2
PETX,$17.4,1440267615709,"307,971",100% bearish,of 2 ratings,$26
ARDM,$7.03,1440267615791,"4,358",100% bullish,of 1 rating,$26
ABIO,$0.9,1440267615970,"131,271",50% bullish,of 2 ratings,$3.75
RKDA,$5.76,1440267616010,"19,343",100% bearish,of 2 ratings,$10
ARCW,$3.48,1440267616035,"25,137",100% bearish,of 2 ratings,$10.50
ABUS,$7.21,1440267616061,"502,243",86% bullish,of 14 ratings,$23
ARCB,$29.47,1440267616101,"211,071",50% bullish,of 2 ratings,$39.50
ACGL,$70.5015,1440267616256,"414,489",50% bullish,of 2 ratings,$72
ARDX,$17.41,1440267616283,"91,948",50% bullish,of 2 ratings,$24.50
ACAT,$26.89,1440267616330,"260,125",100% bearish,of 3 ratings,$33
AGII,$57.69,1440267616462,"141,575",Not yet rated,NULL,$59.50
ARGS,$6.17,1440267616511,"116,903",50% bullish,of 2 ratings,$19.50
AGIIL,$25.45,1440267616540,"5,893",Not yet rated,NULL,N/A
ARNA,$2.97,1440267616568,"4,127,037",90% bullish,of 77 ratings,$5.50
ARCC,$15.47,1440267616596,"1,615,433",67% bearish,of 3 ratings,$17.875
ARIS,$3.3,1440267616638,"8,290",Not yet rated,NULL,$4.50
ARIA,$6.7,1440267616861,"3,153,702",87% bullish,of 46 ratings,$9
ARMH,$40.1,1440267616896,"1,339,073",54% bearish,of 13 ratings,$61
ARKR,$25.36,1440267616925,552,50% bullish,of 2 ratings,N/A
ARWA,NULL,1440267616993,0,Not yet rated,NULL,N/A
ARWAR,NULL,1440267617019,0,Not yet rated,NULL,N/A
ARTX,$1.48,1440267617052,"105,854",88% bullish,of 16 ratings,$4.50
ARWAU,NULL,1440267617203,0,100% bullish,of 1 rating,N/A
ARRY,$5.45,1440267617252,"1,219,732",100% bullish,of 7 ratings,$10
DWAT,$9.92,1440267617396,"46,463",100% bearish,of 1 rating,N/A
ARRS,$26.44,1440267617425,"1,060,211",50% bullish,of 2 ratings,$38
AROW,$27.24,1440267617457,"41,580",Not yet rated,NULL,N/A
ARQL,$1.67,1440267617478,"200,267",75% bullish,of 4 ratings,$5
ARWAW,NULL,1440267617514,0,Not yet rated,NULL,N/A
ARWR,$5.57,1440267617563,"814,360",75% bullish,of 4 ratings,$10.50
ARTNA,$22.48,1440267617606,"42,576",100% bearish,of 1 rating,$29
ARTW,$4.45,1440267617708,"3,048",75% bearish,of 4 ratings,N/A
ASBB,$25.05,1440267617767,372,Not yet rated,NULL,N/A
ASNA,$11.2187,1440267617799,"8,984,030",50% bullish,of 2 ratings,$18
ASND,$18.23,1440267617896,"38,275",100% bullish,of 1 rating,$30
ASTI,$0.13,1440267618030,"1,817,223",83% bullish,of 6 ratings,$3
ASCMA,$28.6,1440267618061,"180,787",100% bearish,of 1 rating,$45
APWC,$1.9,1440267618086,406,100% bearish,of 1 rating,N/A
ASMI,NULL,1440267618114,0,NULL,NULL,NULL
ASML,$85.91,1440267618191,"1,134,628",67% bullish,of 3 ratings,$127
AZPN,$38.4,1440267618246,"991,920",50% bullish,of 2 ratings,$42
ASFI,$8.95,1440267618277,"3,732",100% bullish,of 1 rating,N/A
ASTE,$36.28,1440267618308,"88,638",100% bearish,of 1 rating,$48
ASMB,$12.44,1440267618383,"80,806",67% bullish,of 3 ratings,N/A
ALOT,$13.51,1440267618409,"1,011",100% bearish,of 1 rating,N/A
ATRO,$52.77,1440267618557,"98,668",100% bearish,of 2 ratings,$80
ASTC,$2.2,1440267618587,"39,970",100% bullish,of 5 ratings,N/A
ATAI,$2.78,1440267618666,"31,993",100% bearish,of 1 rating,N/A
ASUR,$5.76,1440267618694,"10,939",100% bearish,of 1 rating,$8
ATRA,$42.01,1440267618720,"183,569",50% bullish,of 2 ratings,$68
AFCB,$28.01,1440267618852,249,Not yet rated,NULL,N/A
ATHN,$135.79,1440267618892,"193,647",67% bearish,of 3 ratings,$153
ATHX,$1.17,1440267618917,"238,940",89% bullish,of 9 ratings,$5
AAME,$3.58,1440267618943,"1,190",Not yet rated,NULL,N/A
AAPC,$10.21,1440267618964,394,Not yet rated,NULL,N/A
ACFC,$6.11,1440267619101,"95,163",Not yet rated,NULL,$6.50
ATLC,$3.9,1440267619126,"17,113",67% bullish,of 3 ratings,N/A
ATNI,$73.68,1440267619155,"66,107",100% bearish,of 1 rating,$69.50
AAWW,$41.78,1440267619207,"365,924",50% bullish,of 2 ratings,$65
ATML,$6.95,1440267619292,"2,918,067",78% bullish,of 9 ratings,$9.50
AFH,$16.545,1440267619338,"75,284",Not yet rated,NULL,$21.50
ATRI,$389.5,1440267619504,"4,458",Not yet rated,NULL,N/A
ATOS,$0.85,1440267619560,"182,378",100% bullish,of 7 ratings,$7
ATRC,$25.67,1440267619601,"198,665",100% bullish,of 1 rating,$30
ATTU,$13.55,1440267619655,"51,302",100% bearish,of 1 rating,$20.50
AUBN,$27.68,1440267619682,948,Not yet rated,NULL,N/A
LIFE,$14.04,1440267619703,"32,217",86% bullish,of 7 ratings,$43
AUDC,$3.18,1440267619740,"55,482",80% bullish,of 5 ratings,$5
AUPH,$3.19,1440267619847,"14,987",100% bearish,of 1 rating,$8
EARS,$4.845,1440267619883,"14,045",100% bearish,of 2 ratings,$11.50
ATRM,$2.89,1440267619976,"1,200",50% bullish,of 2 ratings,N/A
ABTL,$18.05,1440267620002,"70,992",100% bullish,of 4 ratings,$20.25
ADAT,$0.12,1440267620032,"123,764",100% bullish,of 2 ratings,N/A
ADSK,$51.76,1440267620167,"2,339,645",83% bullish,of 6 ratings,$69.50
ADP,$79.23,1440267620201,"2,485,062",100% bearish,of 1 rating,$88
AVEO,$1.38,1440267620301,"1,367,791",75% bullish,of 8 ratings,$3
AVNU,$12.7,1440267620327,506,Not yet rated,NULL,$14
AVGO,$112.787,1440267620358,"3,328,073",88% bullish,of 8 ratings,$160
AAVL,$10.62,1440267620386,"258,588",100% bearish,of 1 rating,$20
AVID,$8.01,1440267620461,"539,251",100% bearish,of 1 rating,$20
CAR,$42.2749,1440267620534,"1,835,525",80% bullish,of 5 ratings,$60
AVNW,$1.24,1440267620589,"161,594",50% bullish,of 2 ratings,$2.20
AVGR,$14.23,1440267620614,"21,077",100% bearish,of 1 rating,$20
AXPW,$1.1,1440267620687,"56,422",83% bullish,of 6 ratings,N/A
AWRE,$3.14,1440267620744,"21,064",67% bullish,of 3 ratings,N/A
ACLS,$3.29,1440267620785,"557,776",67% bullish,of 6 ratings,$4.75
BCOM,NULL,1440267621093,0,100% bearish,of 1 rating,N/A
AXPWW,NULL,1440267621146,0,Not yet rated,NULL,N/A
AXGN,$3.94,1440267621176,"27,034",Not yet rated,NULL,$5
BEAV,$48.57,1440267621206,"742,264",67% bearish,of 3 ratings,$59
BOSC,$2.37,1440267621252,"1,297",50% bullish,of 2 ratings,N/A
AXTI,$2.15,1440267621277,"35,695",50% bullish,of 2 ratings,$2.75
RILY,$10,1440267621306,600,Not yet rated,NULL,N/A
BCPC,$57.76,1440267621407,"128,021",100% bearish,of 1 rating,$75
BWINA,NULL,1440267621435,0,Not yet rated,NULL,N/A
BIDU,$152.9,1440267621477,"3,843,564",81% bullish,of 88 ratings,$210
BLDP,$1.24,1440267621507,"470,551",91% bullish,of 22 ratings,$2.50
BWINB,$23.01,1440267621584,"25,265",Not yet rated,NULL,N/A
BANF,$60.97,1440267621613,"18,077",Not yet rated,NULL,$68
BKMU,$7.19,1440267621643,"511,937",Not yet rated,NULL,$8
BANFP,NULL,1440267621669,0,Not yet rated,NULL,N/A
BOCH,$5.76,1440267621815,"16,932",Not yet rated,NULL,$6.50
BMRC,$48.75,1440267621990,"17,961",Not yet rated,NULL,$52
BKSC,$15.6,1440267622023,705,Not yet rated,NULL,N/A
OZRK,$40.71,1440267622087,"553,107",67% bullish,of 3 ratings,$49.50
BOTJ,$11.15,1440267622115,"3,090",Not yet rated,NULL,N/A
BFIN,$12.01,1440267622143,"29,911",Not yet rated,NULL,$13
BANR,$45.64,1440267622164,"84,960",100% bullish,of 3 ratings,$50
BWFG,$18.03,1440267622197,"3,688",100% bearish,of 1 rating,N/A
BZUN,$5.65,1440267622294,"399,133",50% bullish,of 2 ratings,$12.60
BHAC,NULL,1440267622352,0,Not yet rated,NULL,N/A
BHACR,$0.25,1440267622385,700,Not yet rated,NULL,N/A
TAPR,$29.38,1440267622418,"4,550",100% bearish,of 1 rating,N/A
BHACW,NULL,1440267622481,0,Not yet rated,NULL,N/A
BBSI,$34.87,1440267622513,"71,494",67% bearish,of 3 ratings,$62.50
BSET,$29.1,1440267622547,"49,205",100% bearish,of 1 rating,$35
BHACU,NULL,1440267622612,0,Not yet rated,NULL,N/A
BYBK,$5.02,1440267622884,"1,546",100% bearish,of 1 rating,N/A
BYLK,$12.95,1440267622916,"4,701",Not yet rated,NULL,$14
BBCN,$14.81,1440267622950,"308,877",100% bearish,of 1 rating,$16
BSF,$8.62,1440267622971,"18,869",Not yet rated,NULL,N/A
BV,$5.08,1440267623013,"375,082",67% bullish,of 6 ratings,$9
BDCV,$4.84,1440267623044,"9,821",100% bearish,of 1 rating,$10.19
BCBP,$11.73,1440267623070,"8,625",Not yet rated,NULL,N/A
BECN,$35.48,1440267623114,"294,756",50% bullish,of 2 ratings,$40
BEBE,$1.81,1440267623275,"150,846",75% bullish,of 4 ratings,$3.075
BBGI,$4.68,1440267623314,2,100% bearish,of 1 rating,N/A
BELFA,$15.5,1440267624007,100,100% bearish,of 1 rating,N/A
BBBY,$61.8626,1440267624054,"2,676,226",71% bullish,of 7 ratings,$75
BLPH,$5.01,1440267624306,"26,371",100% bearish,of 1 rating,$12.50
BELFB,$17.92,1440267624490,"70,318",100% bearish,of 1 rating,N/A
BNFT,$36.3,1440267624596,"94,715",67% bullish,of 3 ratings,$46
BGMD,$0.8536,1440267624836,"210,316",100% bullish,of 10 ratings,N/A
BLCM,$17.46,1440267625111,"701,289",50% bullish,of 4 ratings,$40
BIND,$4.56,1440267625182,"42,392",67% bullish,of 3 ratings,$13.50
ORPN,$5.34,1440267625209,"18,329",100% bullish,of 1 rating,$28.50
BNTC,$8.6562,1440267625230,"29,198",100% bullish,of 1 rating,N/A
BASI,$1.39,1440267625260,"12,876",Not yet rated,NULL,N/A
BGCP,$8.8,1440267625282,"2,203,135",88% bullish,of 8 ratings,$14
BNCL,$12.64,1440267625307,"393,855",100% bullish,of 3 ratings,$12.50
BIOD,$0.6899,1440267625522,"144,374",80% bullish,of 5 ratings,$4
BDSI,$6.52,1440267625628,"1,009,736",88% bullish,of 8 ratings,$17
BIIB,$298,1440267625826,"2,250,449",88% bullish,of 16 ratings,$400
BIOL,$1.46,1440267626014,"36,518",Not yet rated,NULL,N/A
BIOC,$2.08,1440267626466,"466,899",83% bullish,of 6 ratings,$3.85
BCDA,NULL,1440267626496,0,Not yet rated,NULL,N/A
BCRX,$11.99,1440267626561,"637,416",63% bullish,of 8 ratings,$18
BGFV,$10.86,1440267626601,"167,409",57% bullish,of 7 ratings,$12
BMRN,$130,1440267626660,"823,308",80% bullish,of 5 ratings,$160
BPTH,$1.13,1440267626806,"64,428",100% bullish,of 2 ratings,$5
BRLI,NULL,1440267626833,0,NULL,NULL,NULL
BBC,$30.48,1440267626862,"62,013",Not yet rated,NULL,N/A
BVXV,$3.86,1440267626894,"7,057",Not yet rated,NULL,N/A
BBP,$32.07,1440267626926,"91,659",Not yet rated,NULL,N/A
BLFS,$2.03,1440267626962,"86,446",100% bearish,of 1 rating,$4.75
BLRX,$1.42,1440267626992,"228,173",100% bullish,of 12 ratings,$5
BSTC,$49.71,1440267627020,"66,008",100% bearish,of 1 rating,$76
BIOS,$1.84,1440267627154,"1,061,659",71% bullish,of 7 ratings,$4
BVXVW,$0.77,1440267627179,"1,008",100% bearish,of 1 rating,N/A
BSPM,$0.72,1440267627219,"10,225",50% bullish,of 2 ratings,N/A
TECH,$101.4978,1440267627383,"129,987",100% bullish,of 1 rating,$117
BOTA,$2.2,1440267627489,"47,009",88% bullish,of 8 ratings,N/A
BITI,$17.33,1440267627517,"31,694",100% bullish,of 1 rating,$28
BEAT,$13.69,1440267627551,"339,071",67% bearish,of 3 ratings,$15
BDE,$7.5,1440267627577,"220,690",50% bullish,of 2 ratings,$9
BJRI,$44.71,1440267627653,"215,274",50% bullish,of 2 ratings,$55
BBOX,$15.44,1440267627689,"68,675",100% bearish,of 1 rating,N/A
BLKB,$58.91,1440267627717,"225,935",100% bearish,of 2 ratings,$66
BDMS,NULL,1440267627738,0,100% bearish,of 1 rating,N/A
BBRY,$7.15,1440267627794,"5,450,296",61% bullish,of 330 ratings,$9
HAWK,$42,1440267627942,"525,334",91% bullish,of 11 ratings,$49
BKCC,$9.118,1440267627968,"334,015",100% bullish,of 2 ratings,$10
ADRA,$27.52,1440267627994,"1,065",Not yet rated,NULL,N/A
ADRE,$29.55,1440267628124,"44,928",Not yet rated,NULL,N/A
ADRU,$21.85,1440267628149,"2,468",100% bearish,of 1 rating,N/A
ADRD,$22.12,1440267628184,"8,231",100% bearish,of 1 rating,N/A
BUFF,$26.91,1440267628279,"472,572",83% bullish,of 12 ratings,$31.50
BBLU,$0.89,1440267628308,"120,329",100% bullish,of 2 ratings,$4.43
BLBD,$11.53,1440267628359,"7,869",Not yet rated,NULL,N/A
BCOR,$13.4,1440267628416,"257,015",57% bullish,of 7 ratings,$15
BLMN,$20.36,1440267628456,"1,559,840",83% bullish,of 6 ratings,$27.50
BHBK,$14.06,1440267628513,"103,355",100% bullish,of 1 rating,$14.50
NILE,$34.29,1440267628546,"91,641",50% bullish,of 2 ratings,$34
BKEP,$6.6,1440267628642,"42,067",100% bearish,of 1 rating,$8.50
BLUE,$124.9,1440267628668,"511,022",71% bullish,of 7 ratings,$217.50
BKEPP,$7.773,1440267628797,"1,100",100% bearish,of 1 rating,N/A
BPMC,$25.74,1440267628823,"43,864",50% bullish,of 2 ratings,$47.50
BNCN,$21.26,1440267628880,"105,692",Not yet rated,NULL,$23
BOFI,$123.99,1440267628909,"365,678",100% bullish,of 6 ratings,$144
WIFI,$7.83,1440267628958,"402,837",50% bullish,of 2 ratings,$13.50
BOJA,$20.83,1440267629036,"194,845",100% bullish,of 1 rating,$30
BOBE,$44.5,1440267629066,"144,944",75% bullish,of 4 ratings,$57
BOKF,$61.8126,1440267629140,"136,973",100% bearish,of 1 rating,$70.50
BNSO,$1.38,1440267629166,"6,280",100% bearish,of 1 rating,N/A
BAMM,$3.21,1440267629226,"12,873",60% bullish,of 5 ratings,N/A
BPFH,$12.155,1440267629314,"304,942",100% bearish,of 1 rating,$14
BPFHP,$25,1440267629356,"1,571",100% bearish,of 1 rating,N/A
BONA,$11.82,1440267629404,"182,491",75% bullish,of 4 ratings,$8.50
BPFHW,$5.5,1440267629431,837,100% bearish,of 1 rating,N/A
EPAY,$25.46,1440267629559,"155,496",100% bearish,of 2 ratings,$30
BDBD,$8.43,1440267629659,"500,690",60% bullish,of 5 ratings,$10
BBRG,$12.58,1440267629686,"83,065",67% bullish,of 3 ratings,$14.50
BCLI,$2.92,1440267629711,"80,439",80% bullish,of 5 ratings,$12
BBEP,$2.26,1440267629736,"2,113,660",69% bullish,of 13 ratings,$5.625
BLIN,$1.15,1440267629869,"21,500",50% bullish,of 2 ratings,$2.20
BDGE,$27.4,1440267629899,"33,067",Not yet rated,NULL,$31.75
BBEPP,$13.24,1440267629931,"73,231",100% bearish,of 1 rating,N/A
BRID,$8.62,1440267629958,86,100% bearish,of 1 rating,N/A
BCOV,$5.22,1440267630029,"120,648",67% bullish,of 3 ratings,$10.20
BSFT,$30.87,1440267630087,"134,160",57% bullish,of 7 ratings,$40.50
BRCM,$48.57,1440267630120,"5,158,085",75% bullish,of 12 ratings,$56
BVSN,$5.54,1440267630222,"12,787",60% bearish,of 5 ratings,N/A
BYFC,$1.37,1440267630249,200,50% bullish,of 2 ratings,N/A
BRKL,$10.765,1440267630407,"389,012",100% bearish,of 1 rating,$10.75
BRCD,$10.6,1440267630448,"10,780,307",92% bullish,of 13 ratings,$12.50
BRKR,$19.0677,1440267630513,"233,562",100% bearish,of 2 ratings,$22
BWEN,$3.26,1440267630539,"21,709",100% bullish,of 3 ratings,$8
BMTC,$29.46,1440267630565,"89,269",Not yet rated,NULL,$34
BRKS,$10.37,1440267630597,"191,066",67% bullish,of 3 ratings,$15.25
BLMT,$20.8,1440267630696,"14,194",Not yet rated,NULL,N/A
BSQR,$6.03,1440267630736,"89,784",67% bullish,of 3 ratings,N/A
BWLD,$189.5073,1440267630768,"260,082",82% bullish,of 11 ratings,$205
BLDR,$14.9615,1440267630795,"1,078,324",50% bullish,of 2 ratings,$22
BUR,$1.85,1440267630825,"2,443",100% bearish,of 1 rating,$8
CHRW,$67.24,1440267631008,"1,128,419",Not yet rated,NULL,$72
CFFI,$36,1440267631034,"6,616",100% bearish,of 1 rating,N/A
CA,$27.33,1440267631065,"2,905,194",50% bullish,of 4 ratings,$33
CDZI,$7.53,1440267631170,"30,147",100% bearish,of 1 rating,N/A
CCMP,$44.25,1440267631201,"90,039",50% bullish,of 2 ratings,$59
CDNS,$19.8,1440267631222,"1,519,633",75% bullish,of 4 ratings,$22.50
CACQ,$7.1,1440267631303,"100,797",100% bearish,of 1 rating,$12.25
CZR,$8.02,1440267631354,"1,345,062",60% bearish,of 5 ratings,$10.50
PRSS,$4.42,1440267631446,"18,224",80% bullish,of 5 ratings,$4.50
CLBS,$1.33,1440267631476,"263,782",79% bullish,of 14 ratings,$4
CSTE,$45,1440267631513,"526,244",100% bearish,of 1 rating,$65
CLMS,$11.43,1440267631534,"84,354",Not yet rated,NULL,$10.50
CHI,$10.67,1440267631563,"301,618",100% bearish,of 1 rating,N/A
CHY,$11.51,1440267631606,"256,541",Not yet rated,NULL,N/A
CCD,$19.57,1440267631772,"275,211",Not yet rated,NULL,N/A
CFGE,NULL,1440267631843,0,Not yet rated,NULL,N/A
CGO,$11.92,1440267631903,"30,892",100% bearish,of 1 rating,N/A
CSQ,$9.88,1440267631928,"547,189",Not yet rated,NULL,N/A
CHW,$7.59,1440267631974,"273,520",100% bearish,of 1 rating,N/A
CVGW,$54.49,1440267632156,"146,768",50% bullish,of 2 ratings,$58.50
CALA,$5.13,1440267632183,"381,343",100% bullish,of 3 ratings,$19.50
CAMP,$15.71,1440267632213,"335,596",88% bullish,of 8 ratings,$25
CFNB,$13.73,1440267632248,143,100% bearish,of 1 rating,N/A
CALD,$15.56,1440267632269,"396,608",100% bearish,of 1 rating,$20.50
ABCD,$4.64,1440267632346,"122,674",83% bullish,of 6 ratings,N/A
CALM,$49.67,1440267632376,"539,610",80% bullish,of 5 ratings,$65
CLMT,$25.21,1440267632405,"367,348",75% bullish,of 8 ratings,$31
CAMB,NULL,1440267632539,0,Not yet rated,NULL,N/A
CAMBU,NULL,1440267632565,0,100% bearish,of 1 rating,N/A
CAMBW,$0.14,1440267632707,200,Not yet rated,NULL,N/A
CAC,$40.79,1440267632759,"25,045",Not yet rated,NULL,N/A
CAMT,$2.76,1440267632789,"17,958",73% bullish,of 11 ratings,$4
CSIQ,$17.5,1440267632839,"3,511,125",86% bullish,of 28 ratings,$45
CGIX,$9.21,1440267632870,"38,415",67% bullish,of 3 ratings,$14.375
CPHC,$10.66,1440267632897,"2,320",100% bearish,of 1 rating,N/A
CBNJ,$10.65,1440267632971,"60,681",100% bullish,of 1 rating,N/A
CBF,$30.13,1440267633055,"102,306",Not yet rated,NULL,$32
CPLA,$48.57,1440267633128,"84,854",50% bullish,of 2 ratings,$65
CPLP,$7.07,1440267633221,"470,786",71% bullish,of 7 ratings,$11
CSWC,$46.68,1440267633255,"16,339",Not yet rated,NULL,N/A
CCBG,$15.17,1440267633283,"20,399",Not yet rated,NULL,$17.25
CFFN,$12.0086,1440267633310,"689,306",Not yet rated,NULL,$12.75
CPTA,$14.22,1440267633331,"52,411",Not yet rated,NULL,$18.50
CAPN,$1.99,1440267633464,"269,769",100% bullish,of 1 rating,$10.85
CAPNW,$0.6199,1440267633599,615,Not yet rated,NULL,N/A
CAPR,$3.95,1440267633619,"6,718",Not yet rated,NULL,$12
CPST,$0.3777,1440267633652,"956,493",95% bullish,of 22 ratings,$1.25
CARB,$11.43,1440267633698,"85,069",75% bullish,of 4 ratings,$12
CBYL,$6.29,1440267633752,"38,631",100% bearish,of 1 rating,$20
CARA,$21.01,1440267633852,"286,045",50% bullish,of 4 ratings,$25
CRDC,$0.38,1440267633889,"10,734",100% bullish,of 1 rating,$1.25
CFNL,$22.47,1440267633919,"122,419",Not yet rated,NULL,$24
CRME,$9.535,1440267633945,"32,837",89% bullish,of 9 ratings,$11.25
CATM,$34.54,1440267633985,"283,184",100% bearish,of 1 rating,$44
CSII,$24.6527,1440267634017,"477,244",100% bearish,of 2 ratings,$42.125
CDNA,$6.47,1440267634077,"6,286",100% bearish,of 1 rating,$9
CECO,$3.63,1440267634255,"476,999",67% bearish,of 3 ratings,$6
CKEC,$21.84,1440267634283,"283,627",50% bullish,of 2 ratings,$35.915
CTRE,$12.03,1440267634304,"422,076",50% bullish,of 2 ratings,N/A
CLBH,$12.79,1440267634432,288,Not yet rated,NULL,$16.50
CARO,$15.35,1440267634521,"1,700",100% bearish,of 1 rating,$19
CRZO,$32,1440267634562,"968,169",67% bearish,of 3 ratings,$57
CRTN,$2.66,1440267634616,103,100% bearish,of 1 rating,N/A
TAST,$11.91,1440267634646,"220,515",Not yet rated,NULL,$14.25
CART,NULL,1440267634720,0,100% bearish,of 1 rating,N/A
CARV,$5.51,1440267634754,"1,650",50% bullish,of 2 ratings,N/A
CASM,$1.09,1440267634783,"4,748",100% bullish,of 1 rating,$3.50
CACB,$5.43,1440267634804,"111,472",Not yet rated,NULL,$5.50
CSCD,$14.23,1440267634858,"100,500",100% bullish,of 2 ratings,$17
CASY,$104.8974,1440267634963,"370,086",50% bullish,of 2 ratings,$99.50
CWST,$6.2,1440267635005,"271,280",50% bullish,of 2 ratings,$7
CASI,$1.42,1440267635092,"13,082",100% bullish,of 1 rating,$3.50
CASS,$47.46,1440267635164,"46,174",100% bearish,of 1 rating,N/A
CATB,$11.26,1440267635190,"70,464",100% bearish,of 1 rating,$28
CPRX,$3.66,1440267635211,"846,503",71% bullish,of 7 ratings,$7
CAVM,$66.14,1440267635358,"458,453",67% bearish,of 3 ratings,$72
CVCO,$73.17,1440267635393,"73,964",100% bearish,of 1 rating,N/A
CATY,$30.2864,1440267635415,"491,578",100% bearish,of 1 rating,$33.50
CATYW,$10.54,1440267635453,100,100% bearish,of 1 rating,N/A
CNLM,$9.97,1440267635485,"1,883",Not yet rated,NULL,N/A
CBFV,$20.75,1440267635544,"4,266",Not yet rated,NULL,N/A
CNLMR,NULL,1440267635569,0,Not yet rated,NULL,N/A
CNLMU,NULL,1440267635647,0,100% bullish,of 1 rating,N/A
CNLMW,NULL,1440267635705,0,Not yet rated,NULL,N/A
CBOE,$61.4126,1440267635787,"495,206",Not yet rated,NULL,$60
CDW,$38.25,1440267635874,"1,490,342",75% bullish,of 4 ratings,$44
CDK,$48.5,1440267635917,"517,921",67% bearish,of 3 ratings,$50
CELG,$119.5,1440267635962,"5,582,818",92% bullish,of 13 ratings,$155.50
CECE,$9.45,1440267636004,"124,266",50% bullish,of 2 ratings,$16
CELGZ,$1.81,1440267636066,"14,200",80% bullish,of 5 ratings,N/A
CPXX,$2.13,1440267636095,"85,814",100% bullish,of 2 ratings,$7
CLDX,$13.53,1440267636192,"2,065,127",89% bullish,of 9 ratings,$36
CLDN,$1.05,1440267636240,"324,992",71% bullish,of 7 ratings,$3
CLRBW,$0.94,1440267636266,300,Not yet rated,NULL,N/A
CLRB,$3.05,1440267636294,"5,111",100% bearish,of 1 rating,N/A
CLLS,$30.45,1440267636432,"113,250",75% bullish,of 4 ratings,$51.50
CBMG,$22.63,1440267636459,"40,791",50% bullish,of 2 ratings,N/A
CLSN,$2,1440267636488,"140,086",80% bullish,of 10 ratings,$7.50
CLTX,$3,1440267636534,"2,660,088",100% bullish,of 2 ratings,N/A
CEMP,$35.5,1440267636619,"686,260",71% bullish,of 7 ratings,$52
CYAD,$50.47,1440267636647,"5,476",100% bullish,of 1 rating,$87.50
CETX,$2.47,1440267636673,"12,950",Not yet rated,NULL,$5.60
CSFL,$14.06,1440267636804,"147,356",Not yet rated,NULL,$15
CETV,$2.02,1440267636831,"177,717",67% bullish,of 3 ratings,$2.80
CENT,$11.93,1440267636867,"28,453",Not yet rated,NULL,$10
CFBK,$1.38,1440267636899,"6,308",Not yet rated,NULL,N/A
CENTA,$12.57,1440267636999,"238,725",Not yet rated,NULL,N/A
CVCY,$11.19,1440267637027,675,Not yet rated,NULL,$12
CENX,$5.17,1440267637094,"1,660,584",67% bullish,of 6 ratings,$9
CNBKA,$40.33,1440267637194,"9,839",100% bullish,of 1 rating,N/A
CNTY,$6.02,1440267637221,"6,571",80% bullish,of 5 ratings,$7.75
CRNT,$1.37,1440267637385,"280,066",50% bullish,of 2 ratings,$2
CPHD,$47.8043,1440267637412,"535,219",50% bullish,of 2 ratings,$66.50
CERE,$1.1,1440267637462,"479,152",88% bullish,of 8 ratings,N/A
CERN,$61.72,1440267637545,"1,895,743",67% bullish,of 3 ratings,$79
CERS,$4.73,1440267637591,"650,339",75% bullish,of 4 ratings,$7
CERU,$3.42,1440267637619,"35,413",75% bullish,of 4 ratings,$15
KOOL,$0.6998,1440267637650,"19,783",100% bullish,of 5 ratings,$7
CEVA,$18.37,1440267637751,"70,931",100% bearish,of 1 rating,$25
HOTRW,NULL,1440267637795,0,Not yet rated,NULL,N/A
HOTR,$1.5,1440267637832,"212,526",100% bullish,of 2 ratings,$5
CYOU,$20.0874,1440267637892,"457,679",50% bullish,of 6 ratings,$24
GTLS,$22.3973,1440267637921,"330,795",50% bullish,of 4 ratings,$40
CTHR,$1.23,1440267637946,"48,304",50% bullish,of 2 ratings,$2.50
CHTR,$177.5087,1440267637986,"962,693",100% bearish,of 2 ratings,$196
CHFN,$12.45,1440267638148,"35,096",Not yet rated,NULL,$14
CHKP,$76.9,1440267638242,"1,048,652",50% bullish,of 4 ratings,$92
CHEKW,NULL,1440267638272,0,Not yet rated,NULL,N/A
CHEK,$3.16,1440267638306,"1,665",Not yet rated,NULL,$7.75
CEMI,$4.25,1440267638375,"5,139",50% bullish,of 2 ratings,$7.50
CHFC,$31.81,1440267638402,"100,386",100% bearish,of 1 rating,$36
CHKE,$25.42,1440267638427,"26,595",100% bearish,of 1 rating,$32.50
CHMG,$26.6,1440267638459,700,Not yet rated,NULL,$30
CCXI,$6.66,1440267638555,"125,627",67% bullish,of 3 ratings,$14
CHEV,$14.63,1440267638659,"8,266",Not yet rated,NULL,N/A
CBNK,$16.48,1440267638710,297,100% bearish,of 1 rating,N/A
PLCE,$58.5,1440267638740,"386,298",100% bearish,of 1 rating,$71
CMRX,$46.44,1440267638844,"341,351",50% bullish,of 2 ratings,$57
CADC,NULL,1440267638872,0,78% bullish,of 9 ratings,N/A
CALI,$0.87,1440267639010,"7,037",67% bullish,of 3 ratings,N/A
CHMA,$24.05,1440267639041,"123,730",Not yet rated,NULL,$40
CBAK,$1.8,1440267639062,"39,266",67% bullish,of 9 ratings,N/A
CBPO,$97.5633,1440267639100,"275,264",75% bullish,of 8 ratings,$140.50
CAAS,$6.48,1440267639189,"52,022",93% bullish,of 14 ratings,$11.50
CCCL,$0.85,1440267639218,"10,030",100% bullish,of 6 ratings,N/A
CCCR,$0.89,1440267639251,"36,866",67% bearish,of 3 ratings,N/A
JRJC,$3.88,1440267639289,"166,421",82% bullish,of 11 ratings,N/A
CHOP,$1.2,1440267639354,"146,084",50% bullish,of 2 ratings,N/A
HGSH,$1.89,1440267639436,"13,900",67% bullish,of 3 ratings,N/A
CHLN,$2.05,1440267639486,"8,803",67% bullish,of 3 ratings,N/A
CNIT,$1.54,1440267639517,"31,123",67% bullish,of 6 ratings,N/A
CJJD,$1.9,1440267639615,"52,186",100% bullish,of 1 rating,N/A
HTHT,$24.5,1440267639656,"81,284",50% bullish,of 2 ratings,$28
CREG,$0.7,1440267639704,"109,561",100% bullish,of 3 ratings,N/A
CHNR,$2.01,1440267639747,"1,911",100% bearish,of 1 rating,N/A
CSUN,$1.38,1440267639793,"19,180",80% bullish,of 5 ratings,N/A
CNTF,$0.85,1440267639849,"130,860",Not yet rated,NULL,N/A
CXDC,$6.21,1440267639890,"128,308",67% bullish,of 3 ratings,N/A
CPGI,$6.94,1440267639925,"2,888",Not yet rated,NULL,N/A
CNYD,$3.17,1440267640026,"7,840",67% bullish,of 3 ratings,N/A
CCIH,$6.0688,1440267640055,"995,724",67% bullish,of 6 ratings,$12.65
IMOS,$16.0456,1440267640187,"208,767",60% bullish,of 5 ratings,$21.50
CNET,$0.8899,1440267640217,"36,501",50% bullish,of 2 ratings,N/A
CHSCM,$25.86,1440267640249,"33,418",Not yet rated,NULL,N/A
CHSCL,$27.06,1440267640341,"26,654",Not yet rated,NULL,N/A
CHSCO,$28.32,1440267640367,"9,147",Not yet rated,NULL,N/A
CHSCN,$27.02,1440267640394,"3,839",Not yet rated,NULL,N/A
CHSCP,$30.29,1440267640447,"3,905",Not yet rated,NULL,N/A
CIFC,$6.85,1440267640653,"10,311",Not yet rated,NULL,N/A
CHUY,$31.27,1440267640693,"229,822",50% bullish,of 2 ratings,$34
CDTX,$14.04,1440267640756,"21,619",Not yet rated,NULL,$22
CMPR,$67.75,1440267640784,"558,567",50% bullish,of 2 ratings,$72.50
CMCT,$15,1440267640811,"2,992",100% bearish,of 1 rating,N/A
CHDN,$134.37,1440267640832,"57,359",Not yet rated,NULL,$165
CINF,$53.8535,1440267640863,"1,065,857",50% bullish,of 4 ratings,$50.50
CTAS,$84.87,1440267641043,"522,195",100% bearish,of 1 rating,$91
CIDM,$0.62,1440267641081,"87,510",50% bullish,of 2 ratings,$2.10
CRUS,$27.46,1440267641106,"973,633",75% bullish,of 12 ratings,$44.50
CPHR,$6.2,1440267641135,"1,500",100% bearish,of 1 rating,$16
CSCO,$26.48,1440267641169,"34,066,946",84% bullish,of 208 ratings,$32
CTRN,$27.92,1440267641190,"144,202",100% bearish,of 1 rating,$31.50
CZWI,$9.09,1440267641279,10,Not yet rated,NULL,N/A
CZNC,$19.63,1440267641319,"13,840",Not yet rated,NULL,N/A
CZFC,$12.7201,1440267641411,700,Not yet rated,NULL,N/A
CTXS,$73.91,1440267641513,"1,231,547",86% bullish,of 7 ratings,$80
CIZN,$19.55,1440267641606,"1,220",Not yet rated,NULL,N/A
CHCO,$47.47,1440267641637,"74,330",Not yet rated,NULL,$46
CIVBP,NULL,1440267641711,0,Not yet rated,NULL,N/A
CIVB,$10.29,1440267641741,"5,841",Not yet rated,NULL,$11
CLNE,$4.02,1440267641766,"1,114,136",80% bullish,of 15 ratings,$9
CLNT,$1.69,1440267641791,"56,834",75% bullish,of 8 ratings,N/A
CDTI,$1.56,1440267641821,"65,316",75% bullish,of 4 ratings,$3.20
CLRO,$11.74,1440267641969,"4,663",50% bullish,of 2 ratings,$14.25
CLIR,$5.07,1440267641999,"32,472",100% bullish,of 3 ratings,N/A
CLFD,$16.89,1440267642020,"50,082",67% bullish,of 3 ratings,$18
CBLI,$3.82,1440267642055,"47,562",60% bullish,of 5 ratings,N/A
CSBK,$13.76,1440267642105,"62,601",Not yet rated,NULL,N/A
CLVS,$72.68,1440267642162,"346,682",60% bullish,of 5 ratings,$101.50
CME,$91.629,1440267642313,"3,306,208",67% bullish,of 3 ratings,$102
CCNE,$17.08,1440267642391,"21,997",50% bullish,of 2 ratings,$21.50
CMFN,$11.79,1440267642422,"14,093",100% bearish,of 1 rating,$15.50
CISG,$7.78,1440267642476,"151,935",100% bullish,of 5 ratings,$10
CNV,$4.72,1440267642502,"20,202",50% bullish,of 2 ratings,$7.15
CWAY,$11.36,1440267642533,502,Not yet rated,NULL,N/A
COKE,$154.15,1440267642632,"30,930",79% bullish,of 19 ratings,N/A
CDRB,$11.18,1440267642678,"11,033",67% bullish,of 3 ratings,N/A
COBZ,$13,1440267642714,"155,494",100% bullish,of 1 rating,$14
CCOI,$28.31,1440267642845,"322,021",50% bullish,of 4 ratings,$35
CVLY,$20.55,1440267642871,"8,047",Not yet rated,NULL,N/A
CDXS,$3.96,1440267642892,"51,237",64% bullish,of 11 ratings,$6
JVA,$4.57,1440267642925,"28,204",83% bullish,of 6 ratings,$7
CGNX,$35.7,1440267643058,"695,000",50% bullish,of 2 ratings,$47
CGNT,$1.66,1440267643086,"34,162",100% bullish,of 2 ratings,$2
CTSH,$62.85,1440267643219,"3,763,692",90% bullish,of 10 ratings,$75
CHRS,$29.87,1440267643247,"170,994",67% bearish,of 3 ratings,$37
COHR,$57.2,1440267643268,"130,953",50% bullish,of 2 ratings,$72
COHU,$9.89,1440267643297,"271,999",100% bearish,of 1 rating,$14.25
CLRX,$0.4901,1440267643433,"59,544",50% bullish,of 2 ratings,N/A
COLL,$15.25,1440267643463,"33,838",100% bearish,of 1 rating,$26
CLCT,$18.06,1440267643485,"74,153",100% bearish,of 1 rating,N/A
CBAN,$8.95,1440267643620,520,Not yet rated,NULL,N/A
COLB,$31.17,1440267643641,"236,131",Not yet rated,NULL,$36
CIGI,$44.35,1440267643675,"9,835",100% bearish,of 1 rating,$52
CLCD,$6.91,1440267643719,"23,570",100% bearish,of 1 rating,$20.50
COLM,$62.63,1440267643807,"170,550",100% bearish,of 1 rating,$71
CBMX,$1.21,1440267643891,"39,549",83% bullish,of 6 ratings,$3.15
CMCO,$19.42,1440267643939,"118,644",60% bullish,of 5 ratings,$28
CMCSA,$56.78,1440267644137,"15,010,891",66% bullish,of 35 ratings,$69.50
CBSH,$45.3446,1440267644166,"380,222",50% bullish,of 2 ratings,$46
CMCSK,$57.64,1440267644193,"4,128,285",Not yet rated,NULL,$84
CVGI,$4.69,1440267644237,"105,073",50% bullish,of 2 ratings,$6
CUBN,$13.6,1440267644266,"2,416",Not yet rated,NULL,N/A
CBSHP,$25.25,1440267644293,"1,462",100% bearish,of 1 rating,N/A
COMM,$29.31,1440267644367,"1,032,402",67% bearish,of 3 ratings,$35
JCS,$9.21,1440267644443,626,67% bullish,of 3 ratings,N/A
CSAL,$20.6075,1440267644524,"718,045",75% bullish,of 4 ratings,$30
CYHHZ,$0.011,1440267644554,"5,341",100% bullish,of 1 rating,N/A
ESXB,$5.12,1440267644589,"12,099",Not yet rated,NULL,N/A
CTBI,$34.8,1440267644695,"47,075",Not yet rated,NULL,$36
CWBC,$6.78,1440267644795,"5,828",Not yet rated,NULL,N/A
COB,$10.42,1440267644931,"21,470",100% bullish,of 1 rating,$11.75
CID,$33.93,1440267645015,300,Not yet rated,NULL,N/A
CVLT,$36.34,1440267645061,"370,999",75% bullish,of 4 ratings,$44.50
CIL,$33.53,1440267645094,500,Not yet rated,NULL,N/A
CIZ,$33.33,1440267645115,"5,278",100% bearish,of 1 rating,N/A
CDC,$35.22,1440267645144,"23,106",Not yet rated,NULL,N/A
CFA,$35.77,1440267645192,"2,458",100% bearish,of 1 rating,N/A
CSA,$33.32,1440267645216,"2,560",Not yet rated,NULL,N/A
CSF,$36.84,1440267645282,"5,120",100% bearish,of 1 rating,N/A
CFO,$35.7,1440267645349,"16,998",100% bearish,of 1 rating,N/A
CDL,$34.42,1440267645414,"7,600",Not yet rated,NULL,N/A
CGEN,$5.15,1440267645498,"114,352",50% bullish,of 2 ratings,$11
CSB,NULL,1440267645633,0,Not yet rated,NULL,N/A
CPSI,$45.08,1440267645737,"89,664",100% bearish,of 1 rating,$45.50
CTG,$6.63,1440267646176,"46,409",100% bearish,of 1 rating,$8.50
SCOR,$56.5,1440267646206,"463,584",100% bearish,of 1 rating,$66
CHCI,$0.6,1440267646240,"23,882",50% bullish,of 2 ratings,N/A
CNSI,$18.79,1440267646314,"160,869",100% bearish,of 2 ratings,$29
CMTL,$26.49,1440267646345,"90,800",100% bearish,of 2 ratings,$37
CNAT,$4,1440267646366,"134,269",83% bullish,of 6 ratings,$13
CXRX,$71.01,1440267646443,"3,584",Not yet rated,NULL,$90
CNCE,$15.39,1440267646516,"221,475",75% bullish,of 4 ratings,$22
CDORO,NULL,1440267646548,0,100% bearish,of 1 rating,N/A
CCUR,$5.18,1440267646584,"18,754",75% bullish,of 4 ratings,N/A
CDORP,$6.7921,1440267646652,800,100% bearish,of 1 rating,N/A
CDOR,$1.47,1440267646683,"5,359",100% bullish,of 1 rating,N/A
CNFR,$10.42,1440267646714,"16,866",Not yet rated,NULL,N/A
CFMS,$21.32,1440267646811,"241,608",Not yet rated,NULL,$27
CNMD,$54.8,1440267646914,"186,789",Not yet rated,NULL,$59
CTWS,$35.1,1440267646976,"49,177",100% bearish,of 1 rating,$44
CNXR,$6.26,1440267647203,"22,458",100% bearish,of 1 rating,$12
CNOB,$19.5,1440267647234,"153,863",100% bullish,of 1 rating,$23.50
CWCO,$10.65,1440267647267,"129,607",67% bullish,of 3 ratings,$14.50
CNSL,$20.06,1440267647289,"235,939",100% bearish,of 1 rating,$23
CFRXW,$1.87,1440267647310,"4,588",100% bearish,of 1 rating,N/A
CPSS,$5.64,1440267647331,"88,625",100% bullish,of 1 rating,$10
CONN,$31.23,1440267647373,"383,835",67% bullish,of 3 ratings,$48.50
CTCT,$24.27,1440267647395,"286,115",67% bullish,of 3 ratings,$37
CTRL,$7.91,1440267647561,"125,610",50% bullish,of 2 ratings,$11
CFRX,$5.14,1440267647587,"29,285",Not yet rated,NULL,$14
CTRV,$3.55,1440267647608,"57,680",Not yet rated,NULL,$6.40
CFRXZ,$0.531,1440267647636,"2,550",Not yet rated,NULL,N/A
CPRT,$34.5858,1440267647662,"275,415",67% bearish,of 3 ratings,$40
BVA,$3.75,1440267647918,"3,794",50% bullish,of 2 ratings,N/A
CORT,$4.57,1440267647958,"394,867",67% bullish,of 3 ratings,$12
COSI,$1.11,1440267647990,"87,642",100% bullish,of 1 rating,N/A
CRBP,$2.13,1440267648017,"925,466",100% bullish,of 2 ratings,$6.25
CORE,$59.8,1440267648050,"94,606",100% bearish,of 1 rating,$72
CSGP,$181.61,1440267648071,"73,784",50% bullish,of 2 ratings,$235
CSOD,$36.95,1440267648100,"368,582",50% bullish,of 2 ratings,$42
CORI,$10.8,1440267648125,"63,491",100% bearish,of 1 rating,$18
CRVL,$32.1,1440267648320,"47,501",100% bearish,of 1 rating,N/A
COST,$139.357,1440267648350,"2,522,098",79% bullish,of 24 ratings,$154.50
CPAH,$0.4625,1440267648453,"11,752",50% bullish,of 2 ratings,N/A
ICBK,$18.6,1440267648479,402,Not yet rated,NULL,$21
CVTI,$22.53,1440267648535,"149,049",67% bearish,of 3 ratings,$39
COVS,$2.56,1440267648560,"72,882",67% bullish,of 3 ratings,N/A
COWN,$5.1,1440267648611,"839,094",75% bullish,of 4 ratings,$7
CPSH,$2.36,1440267648740,300,Not yet rated,NULL,N/A
CRAI,$22.39,1440267648769,"55,819",Not yet rated,NULL,$36
COWNL,$27.19,1440267648798,"3,700",Not yet rated,NULL,N/A
CBRL,$143.9027,1440267648834,"281,725",50% bullish,of 2 ratings,$155
BREW,$7.3,1440267648960,"59,792",67% bullish,of 6 ratings,$15
GLDI,$11.09,1440267649089,"41,785",100% bearish,of 1 rating,N/A
CACC,$192.85,1440267649116,"121,732",50% bullish,of 2 ratings,$158.50
CRAY,$20.49,1440267649143,"284,812",83% bullish,of 6 ratings,$38.50
SLVO,$10.46,1440267649176,"9,370",100% bearish,of 1 rating,N/A
CRESY,$10.29,1440267649249,"38,860",100% bearish,of 1 rating,$19
CREE,$25.45,1440267649274,"1,082,980",65% bullish,of 17 ratings,$29.50
CRTO,$43.49,1440267649419,"541,309",67% bullish,of 6 ratings,$64
CROX,$14.19,1440267649455,"1,360,754",63% bullish,of 8 ratings,$16.50
CCRN,$14.41,1440267649488,"188,998",100% bearish,of 1 rating,$14.25
CRWS,$8.03,1440267649554,"2,485",Not yet rated,NULL,$10
CRDS,$1.05,1440267649576,"13,476",50% bullish,of 4 ratings,$4.50
CRWN,$4.56,1440267649625,"130,545",75% bullish,of 4 ratings,N/A
CYRXW,$0.86,1440267649650,"41,500",Not yet rated,NULL,N/A
CYRX,$2.88,1440267649709,"35,137",Not yet rated,NULL,$9
CSGS,$31.06,1440267649886,"172,648",Not yet rated,NULL,$40
CTIC,$1.68,1440267649990,"1,708,372",84% bullish,of 76 ratings,$5.75
CCLP,$13.8063,1440267650023,"64,248",67% bearish,of 3 ratings,$21
CTIB,NULL,1440267650053,0,100% bearish,of 1 rating,N/A
CSPI,$6.18,1440267650086,"3,803",67% bullish,of 3 ratings,N/A
CUNB,$22.03,1440267650118,"49,607",Not yet rated,NULL,$24.50
CTRP,$64.2374,1440267650149,"1,571,691",75% bullish,of 8 ratings,$92
CTCM,$1.71,1440267650185,"372,018",80% bearish,of 5 ratings,$3.90
CUI,$4.8908,1440267650289,"121,551",50% bullish,of 2 ratings,$10
CMLS,$1.3,1440267650386,"970,308",50% bullish,of 4 ratings,$6
CPIX,$5.87,1440267650443,"3,515",Not yet rated,NULL,N/A
CRIS,$2.57,1440267650473,"442,411",100% bullish,of 8 ratings,$6
CVBF,$16.66,1440267650528,"658,942",Not yet rated,NULL,$18
CUTR,$14.4,1440267650555,"57,497",67% bearish,of 3 ratings,$18
CVV,$11.44,1440267650580,"25,260",100% bullish,of 5 ratings,N/A
CYBX,$66.48,1440267650786,"561,566",50% bullish,of 4 ratings,$70
CYAN,$7.3,1440267650817,"5,900",100% bearish,of 1 rating,N/A
CYBE,$5.96,1440267650838,"9,802",100% bearish,of 1 rating,N/A
CYBR,$51.5,1440267650870,"2,002,023",86% bullish,of 7 ratings,$66
CYCC,$0.5699,1440267650901,"125,541",73% bullish,of 11 ratings,N/A
CBAY,$2.69,1440267650930,"42,788",100% bullish,of 1 rating,$4
CYCCP,NULL,1440267651000,0,100% bearish,of 1 rating,N/A
CYNA,$16.08,1440267651079,"23,175",100% bullish,of 1 rating,$31.50
CYNO,$31.99,1440267651145,"242,311",67% bearish,of 3 ratings,$45.50
CY,$9.447,1440267651211,"3,384,357",80% bullish,of 10 ratings,$15.50
CYRN,$1.64,1440267651239,"253,906",67% bullish,of 3 ratings,$4
CONE,$32.98,1440267651268,"454,437",67% bearish,of 3 ratings,$35
CYTX,$0.375,1440267651368,"766,187",83% bullish,of 12 ratings,$5.50
CTSO,$6.95,1440267651398,"54,249",Not yet rated,NULL,$15.625
CYTK,$6.54,1440267651464,"193,233",71% bullish,of 14 ratings,$13.50
DAEG,$0.3443,1440267651598,"4,306",100% bearish,of 1 rating,N/A
TVIZ,$14.69,1440267651627,"3,240",100% bearish,of 1 rating,N/A
TVIX,$8.99,1440267651653,"19,877,376",81% bullish,of 16 ratings,N/A
CYTR,$2.18,1440267651686,"755,510",67% bullish,of 6 ratings,$10
XIV,$36.2,1440267651754,"25,218,869",75% bearish,of 4 ratings,N/A
ZIV,$46.57,1440267651785,"149,070",Not yet rated,NULL,N/A
DJCO,$197.2,1440267651857,"1,966",Not yet rated,NULL,N/A
DAKT,$11.7,1440267651886,"198,964",50% bullish,of 2 ratings,$14
DARA,$0.9,1440267651912,"39,987",83% bullish,of 6 ratings,$1.50
DAIO,$2.55,1440267652041,"4,354",Not yet rated,NULL,N/A
DRAM,$1.4,1440267652099,"5,900",78% bullish,of 9 ratings,N/A
DTLK,$5.5,1440267652151,"91,469",100% bearish,of 1 rating,$9
DWCH,$4.97,1440267652185,"77,045",75% bullish,of 4 ratings,$8.25
DTEA,$13.49,1440267652280,"126,308",100% bearish,of 2 ratings,$24
PLAY,$34.47,1440267652364,"228,236",100% bullish,of 5 ratings,$42
DBVT,$39.13,1440267652582,"112,606",100% bearish,of 1 rating,$53
TRAK,$62.93,1440267652611,"1,034,755",50% bullish,of 2 ratings,$62.50
DWSN,$4.02,1440267652633,"44,331",67% bullish,of 3 ratings,$6
DHRM,$1.68,1440267652685,"4,586",Not yet rated,NULL,N/A
DFRG,$14.75,1440267652766,"199,012",100% bearish,of 1 rating,$20
TACO,$13.13,1440267652791,"216,919",100% bullish,of 3 ratings,$20
TACOW,$4.01,1440267652821,"3,651",100% bullish,of 1 rating,N/A
DELT,$2.59,1440267652949,"2,349",Not yet rated,NULL,N/A
DGAS,$20.24,1440267652977,"1,955",67% bearish,of 3 ratings,N/A
DCTH,$0.48,1440267653006,"110,038",78% bullish,of 9 ratings,N/A
DELTW,NULL,1440267653196,0,Not yet rated,NULL,N/A
XRAY,$53.63,1440267653230,"910,051",100% bullish,of 1 rating,$58
DENN,$11.6,1440267653257,"551,633",100% bullish,of 3 ratings,$15
DSCI,$6.45,1440267653300,"49,351",50% bullish,of 2 ratings,$16
DEPO,$28.75,1440267653329,"1,112,213",60% bullish,of 5 ratings,$29
DERM,$24.15,1440267653353,"253,637",100% bearish,of 1 rating,$33.50
DEST,$11.83,1440267653434,"39,808",50% bullish,of 2 ratings,N/A
DSWL,$1.75,1440267653490,"10,432",100% bullish,of 1 rating,N/A
DXLG,$4.5,1440267653518,"65,758",100% bearish,of 1 rating,$8
DXM,$0.32,1440267653647,"22,270",50% bullish,of 2 ratings,N/A
DHXM,NULL,1440267653695,0,Not yet rated,NULL,N/A
DMND,$30.41,1440267653730,"181,308",75% bullish,of 12 ratings,$32
DXCM,$89.9992,1440267653757,"957,976",57% bullish,of 7 ratings,$98
FANG,$66.542,1440267653828,"1,043,554",50% bullish,of 2 ratings,$86
DHIL,$190.8,1440267653855,"18,491",Not yet rated,NULL,N/A
DRNA,$10.34,1440267654012,"90,197",67% bearish,of 3 ratings,$25
DGII,$9.95,1440267654042,"78,052",100% bearish,of 1 rating,$10
DCIX,$1.74,1440267654075,"92,529",50% bullish,of 4 ratings,$3.50
DRAD,$3.88,1440267654103,"12,681",100% bullish,of 1 rating,$5.25
DMRC,$36.52,1440267654144,"70,922",100% bearish,of 1 rating,$44
APPS,$2.36,1440267654172,"204,374",100% bearish,of 1 rating,$10.25
DCOM,$16.82,1440267654304,"156,270",100% bearish,of 2 ratings,$16.50
DGLY,$6.75,1440267654366,"241,709",50% bullish,of 6 ratings,$20
DIOD,$19.31,1440267654399,"281,801",75% bearish,of 4 ratings,$24
DPRX,$11.95,1440267654428,"18,525",100% bullish,of 2 ratings,$27.75
DISCB,NULL,1440267654499,0,100% bearish,of 1 rating,$35
DISCA,$27.1,1440267654526,"3,037,195",67% bullish,of 3 ratings,$34
DSCO,$0.4055,1440267654656,"156,711",83% bullish,of 6 ratings,$2.75
DISCK,$25.9869,1440267654686,"2,884,033",100% bearish,of 1 rating,$32
DISH,$60.9427,1440267654786,"1,735,171",69% bullish,of 13 ratings,$73
DVCR,$10.25,1440267654835,"18,982",100% bullish,of 1 rating,N/A
DLHC,$2.5,1440267654865,"6,270",100% bearish,of 1 rating,N/A
DNBF,$27.15,1440267654886,"8,727",Not yet rated,NULL,$27.50
BAGR,$3.01,1440267654918,"16,511",100% bearish,of 1 rating,$6
DLTR,$76.3408,1440267655044,"2,448,980",82% bullish,of 11 ratings,$88
DGICA,$14.4,1440267655072,"16,557",100% bearish,of 1 rating,$17
DGICB,NULL,1440267655147,0,100% bearish,of 1 rating,N/A
DORM,$49.7,1440267655223,"307,182",100% bearish,of 1 rating,$56
DMLP,$13.9,1440267655282,"47,201",100% bearish,of 1 rating,N/A
HILL,$9.69,1440267655327,"2,314,246",60% bearish,of 5 ratings,$9.75
DRYS,$0.357,1440267655483,"1,482,398",77% bullish,of 31 ratings,$.60
DRWIW,$0.0589,1440267655517,"1,581",Not yet rated,NULL,N/A
DSKX,$3.44,1440267655539,"117,971",100% bullish,of 1 rating,N/A
DWA,$19.0777,1440267655577,"879,680",63% bullish,of 8 ratings,$26
DRWI,$0.2625,1440267655598,"193,656",60% bullish,of 5 ratings,$.45
DSPG,$8.595,1440267655627,"67,339",100% bearish,of 1 rating,$13.50
CADT,$10.02,1440267655671,206,Not yet rated,NULL,N/A
CADTU,NULL,1440267655772,0,Not yet rated,NULL,N/A
CADTW,NULL,1440267655797,0,Not yet rated,NULL,N/A
CADTR,NULL,1440267655834,0,Not yet rated,NULL,N/A
DNKN,$49.874,1440267656045,"1,291,182",67% bullish,of 15 ratings,$56.50
DRRX,$1.99,1440267656099,"346,049",50% bullish,of 6 ratings,$3
DXPE,$28.59,1440267656148,"166,279",50% bullish,of 2 ratings,N/A
DYAX,$22.55,1440267656179,"854,965",89% bullish,of 9 ratings,$30
DYSL,$1.55,1440267656207,"180,829",100% bullish,of 2 ratings,N/A
BOOM,$9.64,1440267656228,"57,962",67% bullish,of 3 ratings,$12
DTSI,$26.055,1440267656278,"125,141",100% bearish,of 2 ratings,$39.50
DYNT,$2.86,1440267656360,"3,600",75% bullish,of 4 ratings,N/A
DVAX,$27.73,1440267656410,"350,077",70% bullish,of 10 ratings,$40
ETFC,$25.3,1440267656493,"2,489,422",57% bullish,of 14 ratings,$33
EBMT,$11.53,1440267656537,"19,207",Not yet rated,NULL,$13.50
EGLE,$6,1440267656562,"60,394",60% bullish,of 5 ratings,N/A
EGBN,$42.84,1440267656621,"89,593",Not yet rated,NULL,$48
EGRX,$65.38,1440267656711,"389,557",67% bullish,of 3 ratings,$97
ELNK,$8.58,1440267656813,"814,740",60% bullish,of 5 ratings,$9.50
EACQU,NULL,1440267656841,0,Not yet rated,NULL,N/A
EROC,$1.1,1440267656865,"356,235",50% bullish,of 2 ratings,$3
EWBC,$41.405,1440267656898,"1,077,281",100% bearish,of 1 rating,$50
EVBS,$6.45,1440267656967,"6,522",Not yet rated,NULL,$7
EML,$16.81,1440267657031,"6,029",Not yet rated,NULL,N/A
EBIX,$28.05,1440267657062,"477,773",69% bullish,of 13 ratings,$40
EBAY,$25.613,1440267657166,"13,096,604",81% bullish,of 117 ratings,$48
ECHO,$24.82,1440267657194,"412,036",67% bearish,of 3 ratings,$35.50
ELON,$0.545,1440267657223,"64,729",50% bullish,of 2 ratings,N/A
ECTE,$1.63,1440267657330,"78,541",75% bullish,of 4 ratings,N/A
SATS,$45.42,1440267657461,"155,588",50% bullish,of 2 ratings,$60
EEI,$11.09,1440267657488,"4,741",67% bearish,of 3 ratings,N/A
EDGW,$7.14,1440267657531,"35,959",100% bearish,of 1 rating,N/A
ESES,$3.45,1440267657561,"8,309",100% bearish,of 1 rating,$7
ECACU,$10.1,1440267657581,"1,738",Not yet rated,NULL,N/A
EDAP,$3.085,1440267657616,"136,353",60% bullish,of 5 ratings,$4.50
EDUC,$4.59,1440267657715,"7,183",100% bearish,of 1 rating,N/A
EFUT,NULL,1440267657757,0,Not yet rated,NULL,N/A
EGLT,$11.42,1440267657898,"23,570",50% bullish,of 2 ratings,$21
EGAN,$3.47,1440267657951,"10,092",50% bullish,of 2 ratings,$6.25
LOCO,$12.26,1440267657978,"1,085,303",69% bullish,of 13 ratings,$20
EHTH,$14.08,1440267658000,"414,120",50% bullish,of 4 ratings,$16.50
EMITF,$1.29,1440267658053,"7,100",75% bullish,of 4 ratings,N/A
ESLT,$80.34,1440267658180,"5,018",100% bullish,of 2 ratings,N/A
ERI,$9.6,1440267658211,"124,258",100% bearish,of 1 rating,$10
ELRC,$10.65,1440267658278,"75,948",100% bearish,of 1 rating,N/A
ESIO,$4.58,1440267658308,"42,139",50% bullish,of 2 ratings,$10
EA,$66.47,1440267658339,"3,731,767",77% bullish,of 35 ratings,$80
ELSE,$4.02,1440267658440,"1,000",60% bullish,of 5 ratings,N/A
ELEC,NULL,1440267658465,0,Not yet rated,NULL,N/A
EFII,$43.93,1440267658494,"255,202",80% bullish,of 5 ratings,$55
ELECU,NULL,1440267658594,0,Not yet rated,NULL,N/A
ELECW,NULL,1440267658649,0,Not yet rated,NULL,N/A
EBIO,$3.39,1440267658694,"858,193",100% bearish,of 2 ratings,$8.35
CAPX,$22.63,1440267658795,"1,168",Not yet rated,NULL,N/A
ESBK,$19.8,1440267658823,879,Not yet rated,NULL,N/A
RDEN,$10.38,1440267658922,"93,838",100% bearish,of 4 ratings,$15
LONG,$17.39,1440267658954,"18,568",67% bullish,of 3 ratings,$15.75
EMCI,$23,1440267659022,"15,824",Not yet rated,NULL,N/A
EMCF,NULL,1440267659050,0,100% bearish,of 1 rating,N/A
ELTK,$1.04,1440267659123,"51,304",67% bearish,of 3 ratings,N/A
EMMS,$1.28,1440267659180,"12,299",67% bullish,of 6 ratings,N/A
EMKR,$7.16,1440267659212,"129,455",75% bullish,of 4 ratings,$8.50
EMMSP,$3.25,1440267659310,400,100% bearish,of 1 rating,N/A
NYNY,$4.06,1440267659341,"74,163",50% bullish,of 2 ratings,N/A
ERS,$2.86,1440267659447,"1,336",Not yet rated,NULL,N/A
ENTA,$40.22,1440267659480,"172,455",50% bullish,of 2 ratings,$42
ECPG,$39.21,1440267659518,"126,955",100% bullish,of 2 ratings,$52
ENDP,$76.6008,1440267659551,"2,114,082",50% bullish,of 6 ratings,$104
WIRE,$32.7,1440267659576,"124,660",100% bearish,of 1 rating,$37
ECYT,$5.2,1440267659647,"252,908",83% bullish,of 6 ratings,$12
ELGX,$13.15,1440267659781,"557,451",75% bullish,of 4 ratings,$17
EIGI,$15.18,1440267659823,"788,018",67% bearish,of 3 ratings,$22.50
WATT,$6.74,1440267659886,"109,967",50% bullish,of 2 ratings,$13
EFOI,$15.8,1440267659919,"328,386",50% bullish,of 2 ratings,$20.50
EXXI,$1.44,1440267659950,"1,757,742",86% bullish,of 7 ratings,$3.50
ERII,$2.89,1440267659978,"84,939",80% bullish,of 5 ratings,$2.50
ENG,$1.02,1440267660079,"5,407",100% bullish,of 3 ratings,N/A
ENOC,$8.08,1440267660168,"211,114",75% bullish,of 4 ratings,$18
ENPH,$4.42,1440267660226,"567,322",75% bullish,of 4 ratings,$11
ESGR,$151,1440267660255,"69,547",100% bearish,of 1 rating,$185
ENTG,$13.72,1440267660301,"439,650",100% bearish,of 1 rating,$18
ENFC,$18.34,1440267660354,"2,236",Not yet rated,NULL,N/A
ENTL,$21.44,1440267660387,"15,857",Not yet rated,NULL,$28
EBTC,$20.07,1440267660485,"8,123",Not yet rated,NULL,N/A
ETRM,$0.2331,1440267660516,"441,727",69% bearish,of 35 ratings,$1.625
EFSC,$24.75,1440267660617,"69,838",Not yet rated,NULL,$27
EGT,$2.09,1440267660642,"1,500",100% bullish,of 1 rating,N/A
ENVI,$1.85,1440267660680,"15,528",67% bullish,of 3 ratings,N/A
ENZY,$8.98,1440267660814,"9,946",67% bullish,of 3 ratings,$9.50
ENZN,$1,1440267660878,"766,555",100% bullish,of 9 ratings,N/A
EPIQ,$13.87,1440267660903,"92,324",100% bearish,of 1 rating,$18
EPZM,$15.93,1440267660959,"285,509",60% bullish,of 5 ratings,$34
EPRS,$4.76,1440267660989,"74,298",82% bullish,of 11 ratings,$15
PLUS,$77.81,1440267661052,"952,339",50% bullish,of 2 ratings,$88
EQIX,$273,1440267661088,"589,444",75% bullish,of 4 ratings,$312.50
EQFN,$8.3,1440267661139,300,Not yet rated,NULL,N/A
ERIC,$9.83,1440267661218,"2,368,815",63% bullish,of 8 ratings,$12.20
EAC,$3.67,1440267661269,"15,388",100% bearish,of 1 rating,$8
ERIE,$84.5099,1440267661319,"26,146",Not yet rated,NULL,$73
ESCR,$0.14,1440267661411,"63,314",50% bullish,of 2 ratings,N/A
ESCA,$18.35,1440267661467,"25,641",100% bearish,of 1 rating,$22
ESMC,$1.33,1440267661564,502,Not yet rated,NULL,N/A
ESCRP,$1.65,1440267661591,"5,017",100% bearish,of 1 rating,N/A
ESPR,$54.47,1440267661614,"1,355,738",67% bearish,of 9 ratings,$123
ESSA,$12.45,1440267661669,"16,679",100% bearish,of 1 rating,N/A
ESND,$35.095,1440267661745,"147,368",100% bearish,of 2 ratings,$40
EPIX,$6.1,1440267661799,"1,200",Not yet rated,NULL,N/A
ESSX,$0.5249,1440267661829,"6,504",50% bullish,of 2 ratings,N/A
ETSY,$13.46,1440267661930,"796,058",80% bullish,of 5 ratings,$16
ESEA,$6.15,1440267661970,"3,082",100% bullish,of 1 rating,$15
EEFT,$64.81,1440267661995,"236,603",100% bearish,of 1 rating,$67.50
CLWT,NULL,1440267662020,0,100% bearish,of 1 rating,N/A
EVEP,$7.26,1440267662174,"294,425",50% bullish,of 2 ratings,$15
EVK,$3.74,1440267662239,982,75% bearish,of 4 ratings,N/A
EVLV,$2.14,1440267662276,"85,207",60% bullish,of 5 ratings,$6.50
EVOL,$5.85,1440267662373,"13,690",75% bullish,of 4 ratings,$10
EVOK,$4,1440267662401,"114,285",100% bearish,of 1 rating,$13.375
EXAS,$20.31,1440267662428,"1,234,918",78% bullish,of 9 ratings,$31
EXAC,$18.17,1440267662450,"136,951",100% bearish,of 1 rating,$22.50
EXEL,$5.25,1440267662585,"5,463,517",81% bullish,of 16 ratings,$6
EXA,$10.73,1440267662613,"22,120",100% bearish,of 1 rating,$13
EXPD,$48.2,1440267662796,"1,810,722",80% bullish,of 5 ratings,$51.50
EXPE,$114.6,1440267662833,"1,238,899",64% bullish,of 11 ratings,$130
EXFO,$2.9,1440267662861,"3,300",67% bearish,of 3 ratings,$3.95
EXLS,$36.55,1440267662882,"207,530",100% bullish,of 1 rating,$41
EXPO,$42.83,1440267662926,"146,412",100% bearish,of 1 rating,$45.50
ESRX,$84.81,1440267662952,"5,163,905",67% bearish,of 6 ratings,$101
EXLP,$18.2,1440267663084,"94,863",100% bearish,of 1 rating,$27
EYEG,$4.17,1440267663123,"19,980",Not yet rated,NULL,N/A
EXTR,$2.85,1440267663187,"805,798",80% bullish,of 5 ratings,$3
EYEGW,$1.24,1440267663257,800,Not yet rated,NULL,N/A
FB,$85.88,1440267663510,"39,696,768",73% bullish,of 1066 ratings,$111
EZPW,$6.08,1440267663537,"351,949",50% bullish,of 4 ratings,$7.50
EZCH,$21.4963,1440267663570,"127,057",75% bullish,of 8 ratings,$19.50
FFIV,$122.51,1440267663591,"846,241",63% bullish,of 8 ratings,$132
FCS,$13.14,1440267663673,"1,086,086",67% bearish,of 3 ratings,$17
FRP,$16.9,1440267663726,"50,706",100% bearish,of 1 rating,$18
FALC,$1.65,1440267663866,"10,845",63% bearish,of 8 ratings,N/A
FWM,$2.25,1440267663904,"178,419",100% bearish,of 2 ratings,$3.20
DAVE,$14.36,1440267663965,"19,659",100% bearish,of 1 rating,$15.50
FMNB,$8.03,1440267663994,"3,562",Not yet rated,NULL,N/A
FFKT,$26.79,1440267664021,"20,439",Not yet rated,NULL,$29
FARO,$38.92,1440267664120,"118,530",50% bullish,of 2 ratings,$48
FATE,$6.24,1440267664179,"82,980",50% bullish,of 2 ratings,$11
FARM,$22.62,1440267664226,"21,053",100% bearish,of 1 rating,$35
FBSS,NULL,1440267664277,0,Not yet rated,NULL,N/A
FAST,$39.1,1440267664313,"3,000,801",80% bullish,of 5 ratings,$46
FBRC,$22.24,1440267664411,"44,108",100% bearish,of 1 rating,$29
FDML,$8.96,1440267664438,"230,349",50% bullish,of 4 ratings,$14
FEIC,$77.57,1440267664466,"344,496",50% bullish,of 2 ratings,$95.50
FNHC,$21.92,1440267664488,"80,132",100% bearish,of 1 rating,$35
FHCO,$1.43,1440267664638,"18,402",50% bullish,of 4 ratings,N/A
FENX,$9.84,1440267664666,"59,141",100% bullish,of 1 rating,$14.25
FCSC,$5.86,1440267664717,"212,270",100% bearish,of 1 rating,$8.125
FGEN,$22.96,1440267664818,"374,029",100% bearish,of 1 rating,$39
FDUS,$14.42,1440267664844,"64,363",100% bullish,of 1 rating,$18
ONEQ,$185.63,1440267664872,"41,902",100% bullish,of 1 rating,N/A
LION,$19.31,1440267664898,"108,630",100% bullish,of 1 rating,$20
FSAM,$8.56,1440267665001,"20,457",100% bearish,of 1 rating,$11
FRGI,$51.57,1440267665047,"149,676",50% bullish,of 2 ratings,$70
FSC,$6.42,1440267665276,"839,385",75% bullish,of 4 ratings,$8
FSCFL,$24.7,1440267665322,"11,419",Not yet rated,NULL,N/A
FSFR,$8.92,1440267665369,"131,626",100% bearish,of 1 rating,$11.50
FITBI,$27.68,1440267665432,"5,800",Not yet rated,NULL,N/A
FISI,$24.77,1440267665462,"41,074",100% bullish,of 2 ratings,$24.50
FITB,$19.7,1440267665487,"7,100,591",54% bullish,of 13 ratings,$22
FNGN,$33.616,1440267665564,"485,960",67% bullish,of 3 ratings,$47
FNSR,$15.33,1440267665695,"1,137,273",71% bullish,of 7 ratings,$24.50
FNTCU,NULL,1440267665722,0,Not yet rated,NULL,N/A
FNJN,$1.66,1440267665748,"15,161",100% bearish,of 1 rating,$5
FNTC,NULL,1440267665769,0,Not yet rated,NULL,N/A
FNTCW,NULL,1440267665898,0,Not yet rated,NULL,N/A
FBNC,$16.81,1440267665926,"59,972",100% bullish,of 1 rating,$20
FEYE,$37,1440267665958,"7,331,774",87% bullish,of 15 ratings,$55.50
FRBA,$6.02,1440267665984,611,Not yet rated,NULL,$8
FNLC,$18.46,1440267666056,"17,421",100% bullish,of 1 rating,N/A
BUSE,$6.37,1440267666130,"197,401",Not yet rated,NULL,$6.875
FBIZ,$44.04,1440267666190,"28,467",100% bearish,of 2 ratings,$52
FCVA,$4.75,1440267666260,"1,132",Not yet rated,NULL,N/A
FCAP,$26.55,1440267666346,226,Not yet rated,NULL,N/A
FCLF,$9.08,1440267666388,55,Not yet rated,NULL,N/A
FCFS,$38.15,1440267666419,"157,660",100% bearish,of 2 ratings,$48
FCNCA,$241.45,1440267666440,"17,885",Not yet rated,NULL,N/A
FCCO,$12.11,1440267666525,202,Not yet rated,NULL,$13.25
FCBC,$17.88,1440267666569,"60,860",Not yet rated,NULL,$18
FCFP,$6.9,1440267666626,"2,500",Not yet rated,NULL,N/A
FBNK,$16.65,1440267666696,"60,146",100% bearish,of 1 rating,$17.50
FDEF,$38.3,1440267666725,"42,408",Not yet rated,NULL,$38
FFNM,$6.32,1440267666753,"3,040",Not yet rated,NULL,N/A
FFBC,$18.76,1440267666784,"176,775",67% bearish,of 3 ratings,$20.25
FFBCW,NULL,1440267666883,0,100% bearish,of 1 rating,N/A
THFF,$33.27,1440267667054,"47,577",Not yet rated,NULL,$35
FFNW,$12.46,1440267667097,"21,487",Not yet rated,NULL,$14
FFWM,$21.44,1440267667129,"10,014",Not yet rated,NULL,$24
FFIN,$31.1263,1440267667151,"286,801",50% bullish,of 2 ratings,$31.75
INBK,$32.43,1440267667187,"13,595",50% bullish,of 2 ratings,$37
FRME,$25.47,1440267667225,"199,009",Not yet rated,NULL,$26.50
FIBK,$26.83,1440267667282,"83,623",Not yet rated,NULL,$32
FMBH,NULL,1440267667319,0,Not yet rated,NULL,N/A
FNBC,$34.45,1440267667506,"116,074",Not yet rated,NULL,$41.50
FNWB,$12.08,1440267667539,"8,662",Not yet rated,NULL,N/A
FMBI,$17.84,1440267667570,"374,767",Not yet rated,NULL,$20
FNFG,$9.2289,1440267667674,"1,658,831",80% bullish,of 5 ratings,$9
FSFG,$30.1754,1440267667703,729,Not yet rated,NULL,N/A
FSGI,$2.45,1440267667729,"4,889",Not yet rated,NULL,N/A
FSLR,$45.5,1440267667750,"2,207,203",74% bullish,of 39 ratings,$65
FSBK,$7.93,1440267667885,"1,441",100% bullish,of 1 rating,N/A
BICK,$19.6,1440267667911,"1,801",100% bullish,of 1 rating,N/A
FCAN,$24.47,1440267667972,964,Not yet rated,NULL,N/A
FBZ,NULL,1440267668002,0,Not yet rated,NULL,N/A
FTCS,$36.65,1440267668029,"33,745",Not yet rated,NULL,N/A
FV,$23.23,1440267668073,"4,139,653",Not yet rated,NULL,N/A
FCA,$20,1440267668136,"2,607",Not yet rated,NULL,N/A
IFV,$17.6,1440267668213,"2,040,199",100% bearish,of 1 rating,N/A
FEMB,NULL,1440267668268,0,Not yet rated,NULL,N/A
FTSM,$59.9,1440267668411,"20,701",100% bearish,of 1 rating,N/A
TDIV,$24.46,1440267668545,"449,109",100% bearish,of 1 rating,N/A
FTGC,$22.05,1440267668582,"122,767",Not yet rated,NULL,N/A
FGM,$35.03,1440267668602,"69,317",Not yet rated,NULL,N/A
MDIV,$19.22,1440267668623,"565,706",Not yet rated,NULL,N/A
FTHI,$19.4,1440267668663,"10,468",Not yet rated,NULL,N/A
FEUZ,$30.69,1440267668684,"5,731",Not yet rated,NULL,N/A
HYLS,$49.21,1440267668716,"102,494",100% bearish,of 1 rating,N/A
FHK,$32.72,1440267668767,"128,700",Not yet rated,NULL,N/A
YDIV,$16.62,1440267668912,"2,670",Not yet rated,NULL,N/A
FPXI,$27.51,1440267668956,"1,318",Not yet rated,NULL,N/A
SKYY,$28.68,1440267668982,"76,557",100% bullish,of 1 rating,N/A
CU,$12.76,1440267669007,"13,066",100% bearish,of 1 rating,N/A
PLTM,$6.66,1440267669180,"3,862",100% bearish,of 1 rating,N/A
FTLB,$19.28,1440267669206,"2,451",100% bearish,of 1 rating,N/A
LMBS,$50.49,1440267669260,862,Not yet rated,NULL,N/A
FMB,$51.195,1440267669337,"1,778",Not yet rated,NULL,N/A
FJP,$46.13,1440267669363,"49,025",Not yet rated,NULL,N/A
QABA,$38.13,1440267669397,"44,503",100% bearish,of 1 rating,N/A
CIBR,$18.04,1440267669431,"162,032",Not yet rated,NULL,N/A
FONE,$34.05,1440267669491,"1,800",Not yet rated,NULL,N/A
QCLN,$14.54,1440267669529,"17,473",Not yet rated,NULL,N/A
GRID,$33.62,1440267669577,834,100% bearish,of 1 rating,N/A
CARZ,$34.42,1440267669743,"11,011",100% bearish,of 1 rating,N/A
RDVY,$21.64,1440267669806,"318,269",Not yet rated,NULL,N/A
QQEW,$41.94,1440267669875,"313,108",Not yet rated,NULL,N/A
QTEC,$39.35,1440267669905,"147,804",Not yet rated,NULL,N/A
AIRR,$16.37,1440267669927,"9,058",100% bearish,of 1 rating,N/A
QQXT,$40.09,1440267669962,"60,503",Not yet rated,NULL,N/A
FTSL,$48.8,1440267670004,"33,452",100% bearish,of 1 rating,N/A
QINC,$20.71,1440267670063,"1,700",Not yet rated,NULL,N/A
FKO,$22.32,1440267670088,"3,700",Not yet rated,NULL,N/A
FSZ,$38.85,1440267670220,"76,690",Not yet rated,NULL,N/A
FDIV,$47.59,1440267670247,"6,143",100% bearish,of 1 rating,N/A
TUSA,$25.08,1440267670274,"4,920",Not yet rated,NULL,N/A
FTW,$29.425,1440267670421,"1,534",Not yet rated,NULL,N/A
FKU,$41.6,1440267670452,"86,339",Not yet rated,NULL,N/A
SVVC,$10.15,1440267670519,"36,001",100% bullish,of 1 rating,$26
FMER,$17.6579,1440267670585,"1,802,777",50% bullish,of 2 ratings,$20
FUNC,$8.33,1440267670615,"3,636",Not yet rated,NULL,N/A
FSV,$31.87,1440267670645,"12,538",Not yet rated,NULL,$33.60
FISV,$84.87,1440267670716,"1,522,717",100% bearish,of 3 ratings,$90
FIVE,$35.34,1440267670773,"409,909",75% bearish,of 4 ratings,$44
FPRX,$18.26,1440267670799,"303,751",50% bullish,of 2 ratings,$35
FIVN,$4.11,1440267670929,"185,266",100% bullish,of 1 rating,$8.50
FLXN,$24.39,1440267670954,"86,363",100% bearish,of 1 rating,$40
FLKS,$13.13,1440267670982,"55,627",50% bullish,of 2 ratings,$27
FLML,$21.11,1440267671003,"134,027",50% bullish,of 2 ratings,$30
SKOR,$50.52,1440267671142,"1,000",Not yet rated,NULL,N/A
MBSD,NULL,1440267671240,0,Not yet rated,NULL,N/A
FLEX,$10.51,1440267671271,"2,454,407",63% bullish,of 8 ratings,$12
FLXS,$30.45,1440267671306,"36,609",100% bearish,of 2 ratings,N/A
FLIR,$28.75,1440267671333,"720,631",100% bearish,of 1 rating,$38.50
FFIC,$20.38,1440267671366,"69,120",Not yet rated,NULL,$21
FOMX,$9.79,1440267671409,"135,576",50% bullish,of 2 ratings,$23.50
FLDM,$12.54,1440267671434,"686,894",67% bearish,of 3 ratings,$21.50
FOGO,$18.84,1440267671502,"114,696",50% bullish,of 2 ratings,$25.50
FES,$0.92,1440267671677,"4,841",50% bullish,of 2 ratings,$1
FONR,$9.54,1440267671702,"18,526",100% bullish,of 1 rating,N/A
FORM,$6,1440267671728,"267,226",67% bullish,of 3 ratings,$10.50
FORR,$32.21,1440267671922,"52,356",Not yet rated,NULL,N/A
FORTY,$32.4,1440267671949,"4,710",Not yet rated,NULL,N/A
FTNT,$42.98,1440267671986,"1,928,364",80% bullish,of 10 ratings,$52
FBIO,$2.51,1440267672013,"188,268",83% bullish,of 6 ratings,N/A
FORD,$1.04,1440267672082,"120,974",50% bullish,of 2 ratings,N/A
FWRD,$46.8,1440267672116,"307,366",100% bearish,of 1 rating,$50
FWP,$25.67,1440267672139,"46,088",100% bearish,of 1 rating,$45
FOSL,$59.15,1440267672216,"1,014,809",50% bullish,of 4 ratings,$80
FMI,$21.61,1440267672284,"391,770",100% bearish,of 2 ratings,$27.50
FXCB,$17.3,1440267672345,"17,445",Not yet rated,NULL,$19
FOXF,$15.28,1440267672413,"65,653",100% bearish,of 1 rating,$19
FRAN,$10.24,1440267672500,"689,114",50% bullish,of 4 ratings,$15
FELE,$28.92,1440267672530,"341,251",50% bullish,of 4 ratings,$33
FREE,$0.43,1440267672630,"823,292",92% bullish,of 12 ratings,N/A
FRED,$14.505,1440267672660,"342,264",50% bullish,of 2 ratings,$16.50
RAIL,$20.87,1440267672711,"125,948",100% bearish,of 1 rating,$24.50
FEIM,$11.17,1440267672738,"8,777",100% bearish,of 1 rating,N/A
FTR,$5.2,1440267672759,"19,477,135",78% bullish,of 27 ratings,$6.25
FRPT,$13,1440267672792,"495,123",67% bearish,of 3 ratings,$23.50
FRPH,$30.33,1440267672926,"14,572",100% bearish,of 1 rating,N/A
FSBW,$23.34,1440267672992,"2,300",Not yet rated,NULL,N/A
FTRPR,$102.05,1440267673061,"61,829",100% bearish,of 1 rating,N/A
FTEK,$2.16,1440267673123,"40,018",75% bullish,of 4 ratings,N/A
FSYS,$6.38,1440267673198,"45,792",67% bullish,of 3 ratings,$10
FTD,$29.45,1440267673230,"149,230",100% bearish,of 1 rating,$40
FCEL,$0.7366,1440267673302,"1,658,337",88% bullish,of 40 ratings,$2.65
FULLL,$25.3,1440267673327,"2,099",Not yet rated,NULL,N/A
FULL,$3.14,1440267673360,"56,049",67% bearish,of 3 ratings,$4.25
FLL,$1.58,1440267673385,"14,473",75% bullish,of 4 ratings,$2.825
FSNN,$2.61,1440267673456,"1,800",67% bullish,of 3 ratings,$6
FULT,$12.4385,1440267673538,"1,361,369",100% bearish,of 1 rating,$13
FFHL,NULL,1440267673570,0,50% bullish,of 4 ratings,N/A
FXEN,$0.82,1440267673675,"170,889",75% bullish,of 4 ratings,$1.10
FXENP,$15.9,1440267673703,"2,740",100% bearish,of 1 rating,N/A
GK,$70.3,1440267673834,"83,887",Not yet rated,NULL,$78
WILC,$5.06,1440267673867,"5,946",100% bullish,of 2 ratings,N/A
GLPG,$61.54,1440267673928,"27,887",100% bullish,of 1 rating,$75
GAIA,$5.86,1440267673960,"23,978",50% bullish,of 2 ratings,$8.50
GALT,$1.99,1440267673989,"104,198",80% bullish,of 5 ratings,N/A
GALTW,NULL,1440267674014,0,100% bullish,of 1 rating,N/A
GALTU,NULL,1440267674090,0,100% bearish,of 1 rating,N/A
GLMD,$8.52,1440267674221,"7,887",67% bullish,of 3 ratings,$20.50
GPIC,$11.09,1440267674251,8,100% bearish,of 1 rating,N/A
GALE,$1.34,1440267674279,"1,297,229",89% bullish,of 47 ratings,$4
GLPI,$31.6262,1440267674309,"495,016",100% bearish,of 1 rating,$37.50
GRMN,$38.26,1440267674361,"1,619,493",50% bullish,of 6 ratings,$48
GGAC,NULL,1440267674409,0,100% bearish,of 1 rating,N/A
GGACR,NULL,1440267674465,0,100% bullish,of 1 rating,N/A
GGACU,NULL,1440267674608,0,Not yet rated,NULL,N/A
GARS,$14.82,1440267674636,"25,735",Not yet rated,NULL,$16
GENC,$9.48,1440267674711,"1,326",100% bearish,of 1 rating,N/A
GNCMA,$16.75,1440267674770,"180,927",100% bearish,of 1 rating,$12
GGACW,$0.12,1440267674796,438,Not yet rated,NULL,N/A
GFNSL,$25.8,1440267674841,"1,200",Not yet rated,NULL,N/A
GFN,$3.59,1440267674871,"35,382",100% bearish,of 2 ratings,$8
GFNCP,NULL,1440267674933,0,Not yet rated,NULL,N/A
GENE,$2.36,1440267674969,"148,645",100% bullish,of 12 ratings,N/A
GNMK,$9.4,1440267675118,"146,170",67% bullish,of 6 ratings,$14
GNCA,$12.48,1440267675153,"168,679",100% bearish,of 1 rating,$20
GHDX,$25.37,1440267675185,"139,056",50% bullish,of 2 ratings,$30
GNTX,$15.0882,1440267675214,"1,731,017",Not yet rated,NULL,$20
GTWN,NULL,1440267675348,0,Not yet rated,NULL,N/A
GNVC,$2.24,1440267675407,"34,502",90% bullish,of 10 ratings,$8.50
THRM,$44.01,1440267675485,"309,602",75% bearish,of 4 ratings,$55.50
GABC,$29.73,1440267675544,"47,076",Not yet rated,NULL,$31.50
GEOS,$15.3,1440267675642,"116,850",100% bearish,of 3 ratings,$25.50
GERN,$3.08,1440267675671,"2,161,517",88% bullish,of 16 ratings,$5.25
ROCK,$17.57,1440267675697,"235,847",80% bullish,of 5 ratings,$24
GEVO,$2.29,1440267675736,"240,735",75% bullish,of 12 ratings,$5
GIGM,$0.6,1440267675768,"112,719",100% bullish,of 2 ratings,N/A
GIGA,$1.42,1440267675872,"46,287",100% bearish,of 1 rating,N/A
GIII,$64.77,1440267675970,"271,077",67% bullish,of 3 ratings,$75
GILT,$4.47,1440267676003,"2,023",50% bullish,of 2 ratings,N/A
GILD,$105.383,1440267676031,"15,611,252",91% bullish,of 87 ratings,$129
GLAD,$8.51,1440267676099,"155,251",50% bullish,of 2 ratings,$8.75
GBCI,$26.4218,1440267676125,"334,049",50% bullish,of 2 ratings,$31
GLADO,$25.59,1440267676200,"3,000",Not yet rated,NULL,N/A
GOOD,$15.44,1440267676300,"98,286",Not yet rated,NULL,$19
GOODN,$25.64,1440267676330,426,Not yet rated,NULL,N/A
GOODO,$25.1,1440267676363,"1,266",Not yet rated,NULL,N/A
GOODP,$25.14,1440267676393,"1,250",Not yet rated,NULL,N/A
GAINO,$25.31,1440267676463,"1,726",Not yet rated,NULL,N/A
GAIN,$7.47,1440267676490,"246,309",100% bullish,of 2 ratings,$8.25
GAINN,$25.2379,1440267676517,150,Not yet rated,NULL,N/A
LAND,$9.5,1440267676650,"16,439",50% bullish,of 2 ratings,$13.75
GAINP,$25.85,1440267676710,"3,950",Not yet rated,NULL,N/A
GLBZ,NULL,1440267676747,0,Not yet rated,NULL,N/A
GBT,$45.75,1440267676879,"252,564",100% bearish,of 1 rating,N/A
GDEF,$10.5401,1440267676909,100,Not yet rated,NULL,N/A
ENT,$11.73,1440267676930,"196,363",100% bearish,of 1 rating,$18
GPACU,$10.1,1440267676966,"2,854",Not yet rated,NULL,N/A
GBLI,$26.25,1440267676987,"16,164",Not yet rated,NULL,N/A
GSOL,$8.26,1440267677061,"15,789",100% bearish,of 1 rating,N/A
ACTX,$13.25,1440267677145,600,100% bullish,of 1 rating,N/A
QQQC,$19.26,1440267677195,"4,950",100% bearish,of 1 rating,N/A
ALTY,$14.587,1440267677220,700,Not yet rated,NULL,N/A
SOCL,$17.18,1440267677248,"100,120",100% bullish,of 2 ratings,N/A
SRET,$13.6,1440267677298,"4,194",Not yet rated,NULL,N/A
GAI,$5.27,1440267677382,"3,415",50% bullish,of 2 ratings,N/A
YLCO,$11.75,1440267677452,"1,235",Not yet rated,NULL,N/A
GLBS,$1.06,1440267677604,"10,500",67% bullish,of 3 ratings,N/A
GBIM,$2.26,1440267677625,"43,964",50% bullish,of 2 ratings,N/A
GLRI,$1.1,1440267677657,"80,101",100% bearish,of 1 rating,$6
GSM,$13.26,1440267677710,"403,098",50% bullish,of 2 ratings,$24.50
GLYC,$7.26,1440267677787,"7,663",50% bullish,of 2 ratings,$14
GLNG,$35.44,1440267677846,"792,592",83% bullish,of 6 ratings,$58
GLUU,$4.37,1440267677921,"2,317,587",92% bullish,of 26 ratings,$9
GOGO,$15.48,1440267677954,"479,979",80% bullish,of 5 ratings,$25
GMLP,$19.13,1440267677975,"137,734",50% bullish,of 4 ratings,$32.50
GLDC,$4.13,1440267678052,"3,480",50% bullish,of 2 ratings,N/A
GDEN,$8.88,1440267678107,"11,961",50% bullish,of 2 ratings,N/A
GOGL,$2.92,1440267678140,"540,722",75% bullish,of 4 ratings,$5
GBDC,$16.5151,1440267678236,"145,009",Not yet rated,NULL,$17.75
GTIM,$6.47,1440267678261,"80,995",Not yet rated,NULL,$11.50
GOOG,$616,1440267678319,"2,256,491",90% bullish,of 68 ratings,$825
GOOGL,$647,1440267678348,"2,533,646",88% bullish,of 1079 ratings,$749
GPRO,$48.84,1440267678452,"5,811,963",78% bullish,of 58 ratings,$72
GPIAU,NULL,1440267678550,0,Not yet rated,NULL,N/A
GPIA,NULL,1440267678578,0,Not yet rated,NULL,N/A
GPIAW,NULL,1440267678598,0,Not yet rated,NULL,N/A
GMAN,$4.4,1440267678630,"71,999",60% bullish,of 5 ratings,$8
LOPE,$37.1955,1440267678665,"420,323",100% bearish,of 2 ratings,$50
GBSN,$1.46,1440267678761,"747,556",100% bearish,of 1 rating,$8.25
GRVY,$3.43,1440267678791,"1,202",50% bullish,of 2 ratings,N/A
GBSNU,$16,1440267678830,"22,548",Not yet rated,NULL,N/A
GLDD,$5.39,1440267678894,"288,709",100% bearish,of 4 ratings,$7.75
GSBC,$40.6,1440267678962,"36,220",100% bullish,of 1 rating,$44
GNBC,$12.08,1440267678992,"33,737",100% bearish,of 1 rating,$17
GPP,$14.94,1440267679160,"24,630",Not yet rated,NULL,$20.50
GPRE,$18.8277,1440267679193,"832,352",67% bullish,of 6 ratings,$28.50
GRBK,$13.35,1440267679255,"154,269",77% bullish,of 13 ratings,N/A
GRIF,$30.945,1440267679297,209,100% bearish,of 1 rating,N/A
GLRE,$24.86,1440267679326,"262,384",50% bullish,of 2 ratings,$41
GCBC,NULL,1440267679388,0,100% bullish,of 1 rating,N/A
OMAB,$39.57,1440267679427,"24,030",100% bullish,of 1 rating,$44
GRPN,$4.077,1440267679465,"7,070,465",61% bullish,of 71 ratings,$6.75
GGAL,$18.96,1440267679563,"423,209",80% bullish,of 5 ratings,$40
GRFS,$30.3,1440267679611,"180,141",50% bullish,of 2 ratings,$35
GSIG,$13.11,1440267679654,"71,415",100% bearish,of 2 ratings,N/A
GTXI,$0.83,1440267679801,"67,416",100% bullish,of 5 ratings,$.75
GSIT,$4.97,1440267679828,"9,824",100% bearish,of 1 rating,N/A
GBNK,$15.76,1440267679853,"43,034",100% bearish,of 1 rating,$18
GSVC,$8.56,1440267679878,"118,374",50% bullish,of 2 ratings,$14.50
GULTU,$0.2905,1440267680059,"102,116",100% bearish,of 1 rating,N/A
GFED,$14.94,1440267680087,10,Not yet rated,NULL,$17
GUID,$7.29,1440267680114,"187,217",100% bearish,of 3 ratings,$10
GURE,$1.62,1440267680264,"151,052",88% bullish,of 8 ratings,N/A
GPOR,$33.8159,1440267680292,"937,085",75% bullish,of 4 ratings,$55
GWPH,$104.03,1440267680319,"200,237",78% bullish,of 9 ratings,$148.50
GWGH,$7.35,1440267680350,"1,284",100% bearish,of 1 rating,$15.05
GIFI,$11.97,1440267680372,"46,892",100% bearish,of 1 rating,$16
GYRO,$2.85,1440267680429,"76,416",100% bearish,of 1 rating,N/A
HEES,$16.51,1440267680600,"306,657",67% bearish,of 3 ratings,$31
HLG,$9.64,1440267680669,"5,100",100% bearish,of 1 rating,N/A
HALL,$11.67,1440267680729,"28,021",Not yet rated,NULL,N/A
HNRG,$7.22,1440267680755,"124,047",100% bearish,of 1 rating,$10
HALO,$17.33,1440267680788,"1,204,693",67% bullish,of 3 ratings,$22.50
HBK,$13.8,1440267680893,8,50% bullish,of 2 ratings,N/A
HMPR,$1.89,1440267680922,"118,740",100% bullish,of 1 rating,N/A
HBHC,$26.8668,1440267680951,"451,705",50% bullish,of 2 ratings,$30
HNH,$27.82,1440267680994,"21,502",100% bullish,of 1 rating,N/A
HBHCL,$24.49,1440267681025,"18,426",Not yet rated,NULL,N/A
HAFC,$24.565,1440267681095,"117,041",100% bullish,of 2 ratings,$28.50
HNSN,$0.501,1440267681123,"78,898",88% bullish,of 8 ratings,$.40
HQCL,$8.63,1440267681172,"24,293",67% bullish,of 3 ratings,N/A
HDNG,$9.98,1440267681279,"11,225",50% bullish,of 4 ratings,N/A
HLIT,$5.58,1440267681308,"331,156",100% bearish,of 1 rating,$6.50
HRMN,NULL,1440267681408,0,Not yet rated,NULL,N/A
HRMNW,NULL,1440267681499,0,Not yet rated,NULL,N/A
HRMNU,NULL,1440267681539,0,Not yet rated,NULL,N/A
HBIO,$4.39,1440267681575,"81,394",Not yet rated,NULL,$10
HART,$0.775,1440267681628,"213,330",100% bearish,of 1 rating,N/A
TINY,$2.45,1440267681670,"20,315",50% bullish,of 2 ratings,$5.26
HCAP,$12.17,1440267681728,"24,008",50% bullish,of 2 ratings,$15
HCAPL,$25.4,1440267681757,"1,773",Not yet rated,NULL,N/A
HAS,$75.171,1440267681801,"1,049,605",63% bullish,of 8 ratings,$84.50
HA,$23.05,1440267681827,"931,944",67% bullish,of 9 ratings,$27
HCOM,$22.51,1440267681893,"37,331",100% bearish,of 1 rating,$28
HWKN,$36.84,1440267682030,"29,157",Not yet rated,NULL,N/A
HAYN,$37.88,1440267682059,"48,863",100% bearish,of 1 rating,$59
HWBK,$13.8,1440267682135,674,100% bearish,of 1 rating,N/A
HDS,$33.08,1440267682193,"1,295,702",100% bearish,of 2 ratings,$39.50
HIIQ,$4.48,1440267682262,"28,731",50% bullish,of 2 ratings,$7
HCSG,$33.546,1440267682361,"309,474",50% bullish,of 4 ratings,$35
HQY,$29.27,1440267682392,"394,569",67% bullish,of 3 ratings,$31
HSTM,$24.87,1440267682422,"220,098",50% bullish,of 2 ratings,$33.75
HTLD,$20.165,1440267682470,"492,188",Not yet rated,NULL,$22.50
HWAY,$12.48,1440267682500,"386,123",100% bearish,of 1 rating,$15
HTWR,$83.28,1440267682530,"239,502",50% bullish,of 2 ratings,$103
HTLF,$36.24,1440267682597,"48,371",100% bullish,of 1 rating,$39.50
HTBX,$5.31,1440267682688,"21,712",50% bullish,of 2 ratings,$15.50
HSII,$20.17,1440267682716,"59,389",100% bullish,of 3 ratings,$25
HMNY,$2.2261,1440267682846,"2,878",100% bearish,of 1 rating,N/A
HELE,$87.93,1440267682889,"151,548",67% bearish,of 3 ratings,$100
HNNA,$24.57,1440267682953,"15,081",Not yet rated,NULL,N/A
HMTV,$12.84,1440267682986,"12,852",100% bearish,of 1 rating,$16
HSIC,$138.0834,1440267683122,"512,882",83% bullish,of 6 ratings,$146
HTBK,$11.04,1440267683152,"93,871",Not yet rated,NULL,$12
HEOP,$7.68,1440267683225,"27,087",Not yet rated,NULL,$8.50
HFWA,$17.74,1440267683250,"62,742",100% bullish,of 1 rating,$20
HERO,$0.06,1440267683311,"5,839,839",81% bullish,of 16 ratings,$.75
HCCI,$11.65,1440267683340,"27,277",100% bearish,of 1 rating,$16.50
MLHR,$28.1966,1440267683390,"238,584",50% bullish,of 2 ratings,$33.50
HCACU,$10.0043,1440267683473,"2,000",Not yet rated,NULL,N/A
HRTX,$35.05,1440267683504,"839,423",67% bullish,of 6 ratings,$41
HSKA,$33.2,1440267683530,"28,561",100% bearish,of 1 rating,$38
HFFC,$16.27,1440267683660,946,Not yet rated,NULL,N/A
HIBB,$37.37,1440267683687,"1,128,881",100% bearish,of 1 rating,$48.50
HPJ,$2.25,1440267683825,"130,395",75% bullish,of 4 ratings,$12.43
HIHO,$4,1440267683853,"9,057",Not yet rated,NULL,N/A
HIMX,$6.29,1440267683874,"1,170,901",86% bullish,of 21 ratings,$8.50
HIFS,$118.11,1440267683926,"8,734",Not yet rated,NULL,N/A
HMNF,$11.42,1440267684018,"2,480",Not yet rated,NULL,N/A
HSGX,$5.92,1440267684165,"24,278",100% bearish,of 1 rating,$17
HMSY,$8.8389,1440267684199,"1,363,874",67% bullish,of 3 ratings,$19.35
HBCP,$24.4,1440267684225,"41,618",Not yet rated,NULL,$29
HOMB,$39.23,1440267684297,"321,450",Not yet rated,NULL,$41
HOLX,$39.74,1440267684326,"2,134,552",67% bullish,of 3 ratings,$42
AWAY,$29.3662,1440267684427,"943,583",67% bullish,of 3 ratings,$36
HFBL,$21.69,1440267684471,"1,800",Not yet rated,NULL,N/A
HOLI,$16.9527,1440267684573,"228,631",50% bullish,of 4 ratings,$27
HMIN,$29.096,1440267684605,"61,111",100% bearish,of 2 ratings,$35
HTBI,$18.39,1440267684634,"70,970",67% bullish,of 3 ratings,$18.625
HKTV,$4.68,1440267684660,"7,455",100% bearish,of 1 rating,N/A
HMST,$21.57,1440267684686,"119,006",100% bullish,of 2 ratings,$27
CETC,$0.77,1440267684822,"45,584",86% bullish,of 7 ratings,N/A
HOFT,$24.43,1440267684884,"62,910",100% bearish,of 1 rating,N/A
HFBC,$11.61,1440267684985,"2,835",Not yet rated,NULL,N/A
HBNC,$24.3,1440267685041,"31,745",100% bullish,of 1 rating,$27
HRZN,$10.59,1440267685073,"54,947",100% bearish,of 1 rating,$14.25
HZNP,$29.2,1440267685095,"2,449,005",85% bullish,of 20 ratings,$40
ZINC,$7.25,1440267685176,"624,456",100% bearish,of 1 rating,$17
HMHC,$22.4,1440267685230,"923,176",Not yet rated,NULL,$27
HDP,$25.5,1440267685255,"235,894",67% bearish,of 3 ratings,$30.50
HWCC,$7.22,1440267685400,"136,206",100% bearish,of 1 rating,$9
HBMD,$14.95,1440267685435,502,100% bearish,of 1 rating,N/A
HOVNP,NULL,1440267685462,0,100% bearish,of 1 rating,N/A
HTGM,$5.59,1440267685535,"9,721",100% bearish,of 1 rating,$19.50
HSNI,$60.9227,1440267685556,"239,269",Not yet rated,NULL,$80
HUBG,$39.18,1440267685600,"205,184",100% bearish,of 1 rating,$43
HCBK,$9.5789,1440267685630,"2,422,499",83% bullish,of 6 ratings,$8.61
HSON,$2.8,1440267685784,"20,391",100% bearish,of 1 rating,$5
HBANP,$1337,1440267685884,12,100% bearish,of 1 rating,N/A
HDSN,$2.81,1440267685917,"30,286",100% bullish,of 1 rating,$6.25
HURC,$29.88,1440267685942,"26,946",100% bearish,of 1 rating,N/A
HURN,$73.02,1440267685970,"109,473",50% bullish,of 2 ratings,$80
HBAN,$11.11,1440267685991,"6,980,840",76% bullish,of 17 ratings,$12.29
HDRA,NULL,1440267686121,0,Not yet rated,NULL,N/A
HTCH,$1.58,1440267686147,"60,402",100% bearish,of 1 rating,$3.50
HBP,$3.09,1440267686168,"1,457",100% bullish,of 1 rating,N/A
HDRAR,NULL,1440267686312,0,Not yet rated,NULL,N/A
HDRAU,$10.06,1440267686359,100,Not yet rated,NULL,N/A
HDRAW,NULL,1440267686415,0,Not yet rated,NULL,N/A
HYGS,$7.48,1440267686503,"42,666",50% bullish,of 2 ratings,$13
ICAD,$3.54,1440267686543,"22,041",50% bullish,of 2 ratings,$7.25
IACI,$71.15,1440267686568,"768,044",75% bullish,of 4 ratings,$90
IDSY,$3.85,1440267686635,"6,888",100% bearish,of 1 rating,$7
IKGH,$1.81,1440267686663,"12,492",75% bullish,of 4 ratings,N/A
IBKC,$60.3428,1440267686930,"191,218",100% bullish,of 1 rating,$70
ICFI,$35.71,1440267686964,"104,061",50% bullish,of 2 ratings,$48.50
ICON,$12.25,1440267686985,"780,798",50% bullish,of 2 ratings,$18.50
IEP,$67.43,1440267687023,"123,610",75% bullish,of 4 ratings,$99
ICLR,$77.7434,1440267687056,"297,930",100% bearish,of 3 ratings,$85
IPWR,$7.36,1440267687121,"3,392",100% bullish,of 1 rating,$15
ICUI,$115.51,1440267687148,"147,406",Not yet rated,NULL,$122
INVE,$4.66,1440267687175,"109,550",75% bullish,of 4 ratings,$4
IDRA,$2.52,1440267687357,"1,118,091",89% bullish,of 9 ratings,$6.50
IDXX,$74.1911,1440267687387,"439,447",100% bearish,of 1 rating,$77
DSKY,$12.1367,1440267687409,"291,194",67% bullish,of 6 ratings,$11.50
IIVI,$17.63,1440267687536,"240,082",100% bearish,of 1 rating,$22
IROQ,$16.68,1440267687566,502,100% bullish,of 1 rating,N/A
RXDX,$12.57,1440267687588,"107,394",100% bullish,of 1 rating,$20
IRG,$4.73,1440267687617,"29,774",100% bearish,of 1 rating,$4.50
KANG,$15,1440267687642,"344,010",50% bullish,of 2 ratings,$22.55
IKAN,$2.73,1440267687805,"14,561",83% bullish,of 6 ratings,$5
ILMN,$199.29,1440267687834,"1,014,627",80% bullish,of 5 ratings,$240
IKNX,$11.46,1440267687873,722,100% bearish,of 1 rating,N/A
IMMR,$11.38,1440267687964,"215,531",80% bullish,of 5 ratings,$15.50
ISNS,$3.82,1440267687996,"67,780",50% bullish,of 2 ratings,N/A
IMNP,$1.38,1440267688017,"103,462",50% bullish,of 2 ratings,$6
ICCC,$8.05,1440267688056,"7,929",100% bullish,of 1 rating,N/A
IMDZ,$15.49,1440267688094,"55,028",100% bearish,of 1 rating,$33
IMMU,$1.87,1440267688258,"975,603",86% bullish,of 7 ratings,$2
IMGN,$13.07,1440267688284,"1,107,990",75% bullish,of 4 ratings,$17.50
IPXL,$43.4148,1440267688319,"694,109",67% bullish,of 3 ratings,$46.50
INCR,$42.36,1440267688421,"1,097,736",50% bullish,of 2 ratings,$53
INCY,$104.2975,1440267688452,"711,350",50% bullish,of 6 ratings,$125.50
IMMY,$7.49,1440267688473,"6,448",100% bearish,of 1 rating,$11
SAAS,$7.7296,1440267688503,"487,787",50% bullish,of 2 ratings,$15
IBCP,$14.21,1440267688645,"66,760",100% bullish,of 1 rating,$14.50
INDB,$46.44,1440267688674,"91,428",Not yet rated,NULL,$44
IBTX,$42.68,1440267688706,"39,240",100% bullish,of 2 ratings,$47.25
INFN,$21.08,1440267688774,"2,781,964",71% bullish,of 7 ratings,$28
INFI,$9.44,1440267688804,"820,535",50% bullish,of 4 ratings,$18
IDSA,$3.64,1440267688904,174,Not yet rated,NULL,N/A
IPCC,$79.97,1440267688933,"44,593",Not yet rated,NULL,$77.50
III,$4.14,1440267688972,"158,901",57% bullish,of 7 ratings,$6
IFON,$1.23,1440267689036,"45,196",75% bullish,of 4 ratings,N/A
INWK,$7.33,1440267689116,"164,366",50% bullish,of 2 ratings,$10
INNL,NULL,1440267689171,0,100% bearish,of 1 rating,$16.50
IMKTA,$52.89,1440267689217,"113,692",100% bearish,of 1 rating,N/A
IOSP,$46.19,1440267689305,"4,359,888",100% bearish,of 1 rating,N/A
IPHS,$47.91,1440267689333,"90,391",100% bearish,of 1 rating,$60
ISSC,$2.92,1440267689362,"8,615",67% bearish,of 3 ratings,N/A
INOD,$2.48,1440267689388,"19,784",100% bearish,of 1 rating,N/A
INGN,$49.39,1440267689532,"168,397",100% bearish,of 1 rating,$50.50
ITEK,$13.7368,1440267689558,"780,060",100% bearish,of 3 ratings,$20
INOV,$20.95,1440267689612,"349,429",100% bearish,of 1 rating,$33
INO,$7.07,1440267689744,"991,184",89% bullish,of 18 ratings,$20
ISIG,$2.58,1440267689771,"12,103",100% bearish,of 1 rating,N/A
NSIT,$25.94,1440267689803,"161,989",50% bullish,of 2 ratings,N/A
INSM,$24.29,1440267689829,"376,220",71% bullish,of 7 ratings,$31.50
IIIN,$18,1440267689900,"160,188",100% bearish,of 2 ratings,N/A
INSY,$32.5,1440267689962,"744,412",75% bullish,of 4 ratings,$48
NTEC,$5.94,1440267690043,"22,000",Not yet rated,NULL,N/A
PODD,$28.7,1440267690075,"377,984",50% bullish,of 2 ratings,$35
IART,$60.71,1440267690103,"233,404",100% bearish,of 1 rating,$71.50
IESC,$7.27,1440267690174,"1,500",100% bearish,of 1 rating,N/A
IDTI,$17.29,1440267690235,"2,463,021",60% bullish,of 5 ratings,$25
INTC,$26.7,1440267690266,"36,675,246",82% bullish,of 238 ratings,$36
ISSI,$22.3,1440267690291,"296,636",67% bullish,of 3 ratings,$19.75
IQNT,$19.28,1440267690566,"257,467",86% bullish,of 7 ratings,$20
IPCI,$2.12,1440267690624,"35,773",67% bullish,of 6 ratings,$7.75
IBKR,$38.66,1440267690655,"576,484",100% bullish,of 1 rating,N/A
ININ,$37,1440267690676,"115,076",67% bearish,of 3 ratings,$57
IPAR,$27.27,1440267690707,"59,510",67% bullish,of 3 ratings,$38
ICLDW,$0.9601,1440267690730,"1,250",100% bearish,of 1 rating,N/A
ICPT,$190.6771,1440267690763,"265,072",70% bullish,of 10 ratings,$359.50
ICLD,$1.87,1440267690898,"413,066",75% bullish,of 4 ratings,N/A
IMI,$2.13,1440267691000,"9,131",67% bullish,of 3 ratings,$2.22
INAP,$8.27,1440267691044,"157,177",75% bullish,of 4 ratings,$11
TILE,$24.33,1440267691097,"583,565",67% bearish,of 3 ratings,$27
IDCC,$47.38,1440267691128,"294,240",80% bullish,of 5 ratings,$63
IBOC,$26.0269,1440267691156,"200,228",100% bearish,of 1 rating,N/A
ISCA,$31.76,1440267691182,"75,500",100% bearish,of 1 rating,N/A
IGLD,$7.15,1440267691318,"2,377",50% bullish,of 2 ratings,N/A
IIJI,$8.9299,1440267691362,"1,000",50% bullish,of 2 ratings,$11.50
INPH,$0.3099,1440267691422,"9,140",50% bullish,of 2 ratings,N/A
PTNT,$3.05,1440267691458,"4,282",Not yet rated,NULL,N/A
ISIL,$10.2,1440267691501,"911,504",50% bullish,of 6 ratings,$15
INTX,$2.44,1440267691526,"40,947",67% bullish,of 3 ratings,N/A
XENT,$27.72,1440267691558,"196,800",50% bullish,of 2 ratings,$36.50
IILG,$20.03,1440267691658,"307,013",100% bearish,of 1 rating,$30.50
IVAC,$4.89,1440267691690,"16,408",Not yet rated,NULL,$6.625
INTL,$25.88,1440267691789,"119,017",67% bearish,of 3 ratings,N/A
INTLL,$25.77,1440267691833,"1,100",Not yet rated,NULL,N/A
ITCI,$28.5,1440267691866,"400,140",75% bearish,of 4 ratings,$40
IIN,$6.38,1440267691892,"6,399",100% bearish,of 1 rating,$12
INTU,$89.98,1440267691939,"5,254,872",86% bullish,of 7 ratings,$110.50
ISRG,$506.65,1440267692071,"238,287",67% bullish,of 3 ratings,$600
INVT,$0.2713,1440267692098,"28,221",67% bullish,of 3 ratings,N/A
SNAK,$8.47,1440267692226,"286,014",50% bullish,of 2 ratings,$14
ISBC,$11.8686,1440267692255,"2,158,729",100% bullish,of 1 rating,$13.25
ISTR,$15.85,1440267692276,"2,506",100% bearish,of 1 rating,$18.50
IVTY,$12.69,1440267692309,"13,088",Not yet rated,NULL,$18
ITIC,$71.35,1440267692339,16,100% bearish,of 2 ratings,N/A
NVIV,$9.83,1440267692360,"458,296",50% bullish,of 4 ratings,$24.50
IPAS,$1.01,1440267692492,"153,876",67% bullish,of 3 ratings,N/A
DTUL,NULL,1440267692549,0,Not yet rated,NULL,N/A
IPCM,$79.5,1440267692682,"605,193",50% bullish,of 2 ratings,$80.125
IPGP,$84.18,1440267692708,"196,618",100% bearish,of 2 ratings,$109.50
DFVL,NULL,1440267692843,0,Not yet rated,NULL,N/A
IRIX,$7.16,1440267692865,"14,066",100% bearish,of 1 rating,N/A
IRMD,$25.1,1440267692926,"16,337",67% bearish,of 3 ratings,$25
IRDM,$6.69,1440267692947,"599,667",60% bullish,of 5 ratings,$11.50
IRDMB,$266.65,1440267692981,"1,378",67% bearish,of 3 ratings,N/A
IRBT,$29.9,1440267693032,"240,464",67% bullish,of 6 ratings,$37
IRWD,$10.95,1440267693090,"1,059,107",100% bearish,of 1 rating,$13
COMT,$32.24,1440267693121,"20,256",100% bearish,of 1 rating,N/A
GNMA,$50.25,1440267693198,"2,022",Not yet rated,NULL,N/A
FCHI,$47.8,1440267693227,"4,334",Not yet rated,NULL,N/A
IFAS,$28.76,1440267693254,"9,892",Not yet rated,NULL,N/A
IRCP,$32,1440267693281,651,100% bullish,of 2 ratings,N/A
IFGL,$28.84,1440267693509,"124,298",Not yet rated,NULL,N/A
IFEU,$39.05,1440267693544,"52,081",Not yet rated,NULL,N/A
IFNA,$56.26,1440267693572,2,Not yet rated,NULL,N/A
AAXJ,$52.27,1440267693598,"1,955,125",Not yet rated,NULL,N/A
ACWX,$40.41,1440267693619,"332,696",100% bearish,of 1 rating,N/A
ACWI,$55.66,1440267693651,"1,415,661",Not yet rated,NULL,N/A
AXJS,NULL,1440267693674,0,Not yet rated,NULL,N/A
AAIT,$30.53,1440267693807,"1,424",100% bullish,of 1 rating,N/A
EEMA,$48.76,1440267693856,"380,775",Not yet rated,NULL,N/A
EMDI,$46.16,1440267693888,300,Not yet rated,NULL,N/A
EMEY,$24.77,1440267693941,200,Not yet rated,NULL,N/A
EGRW,$47,1440267693990,"2,678",Not yet rated,NULL,N/A
EEME,$38.47,1440267694015,"1,248",100% bearish,of 1 rating,N/A
EVAL,$36.84,1440267694147,"4,617",Not yet rated,NULL,N/A
EEML,$27.35,1440267694250,700,Not yet rated,NULL,N/A
EUFN,$21.91,1440267694388,"205,824",100% bearish,of 1 rating,N/A
IBB,$340.47,1440267694538,"2,475,808",63% bullish,of 8 ratings,N/A
QAT,$20.45,1440267694572,"23,345",Not yet rated,NULL,N/A
UAE,$17.61,1440267694600,"11,802",Not yet rated,NULL,N/A
IEUS,$45.52,1440267694623,"8,328",100% bearish,of 1 rating,N/A
EMIF,$28.27,1440267694673,"15,998",Not yet rated,NULL,N/A
SOXX,$78.63,1440267694702,"710,879",50% bullish,of 2 ratings,N/A
ICLN,$9.42,1440267694754,"40,619",50% bullish,of 2 ratings,N/A
WOOD,$49.3,1440267694847,"53,527",50% bullish,of 2 ratings,N/A
INDY,$27.85,1440267694923,"903,318",50% bullish,of 2 ratings,N/A
IGOV,$92.1372,1440267694950,"25,494",100% bearish,of 1 rating,N/A
ISHG,$80.2,1440267694977,"83,600",100% bearish,of 1 rating,N/A
ISIS,$47.09,1440267695022,"1,346,021",53% bullish,of 15 ratings,$67
ISRL,$128.55,1440267695192,"1,003",100% bearish,of 1 rating,N/A
ISLE,$16.59,1440267695227,"295,431",50% bullish,of 4 ratings,$16
ITRN,$24.7,1440267695319,"30,305",50% bullish,of 2 ratings,N/A
XXIA,$15.37,1440267695346,"314,105",71% bullish,of 7 ratings,$14.625
ITUS,$4.16,1440267695374,"6,967",Not yet rated,NULL,N/A
ITRI,$31.94,1440267695402,"253,746",Not yet rated,NULL,$37
JJSF,$113.14,1440267695423,"100,391",100% bearish,of 1 rating,N/A
IXYS,$10.57,1440267695453,"247,242",50% bullish,of 4 ratings,N/A
MAYS,NULL,1440267695649,0,Not yet rated,NULL,N/A
JCOM,$69.56,1440267695684,"218,346",100% bullish,of 2 ratings,$77
JBHT,$76.18,1440267695710,"901,669",50% bullish,of 4 ratings,$89.50
JASO,$7,1440267695737,"1,435,775",82% bullish,of 17 ratings,$10
JACK,$81.43,1440267695768,"546,557",83% bullish,of 6 ratings,$105
JKHY,$68.27,1440267695789,"285,534",50% bullish,of 2 ratings,$72
JXSB,$24.05,1440267695819,742,Not yet rated,NULL,N/A
JAXB,$12.76,1440267696019,"1,300",100% bullish,of 1 rating,N/A
JAGX,$2.5784,1440267696069,"18,491",Not yet rated,NULL,N/A
JAKK,$9.07,1440267696104,"491,312",60% bearish,of 5 ratings,$11
JRVR,$26.32,1440267696198,"51,011",Not yet rated,NULL,$32
JASNW,$0.18,1440267696230,"12,833",50% bullish,of 2 ratings,N/A
JMBA,$13.18,1440267696252,"107,503",75% bullish,of 4 ratings,$18
ERW,NULL,1440267696282,0,Not yet rated,NULL,N/A
JAZZ,$170.2996,1440267696328,"486,735",80% bullish,of 15 ratings,$206.50
JASN,$4.81,1440267696418,"34,092",50% bullish,of 2 ratings,$9.50
JD,$25.2,1440267696520,"9,448,374",75% bullish,of 16 ratings,$36
JCTCF,NULL,1440267696547,0,100% bullish,of 1 rating,N/A
JTPY,$3.02,1440267696576,"5,165",100% bearish,of 1 rating,N/A
JBLU,$21.8,1440267696597,"7,445,018",94% bullish,of 17 ratings,$27
DATE,$6.47,1440267696635,"197,033",75% bullish,of 4 ratings,$9
JIVE,$4.1,1440267696739,"633,964",75% bullish,of 4 ratings,$5
JST,$4,1440267696768,"43,984",75% bullish,of 4 ratings,N/A
JBSS,$48.96,1440267696911,"138,677",67% bearish,of 3 ratings,N/A
JOEZ,$0.185,1440267696945,"70,020",92% bullish,of 12 ratings,N/A
JOUT,$23.01,1440267696966,"16,294",100% bearish,of 1 rating,$34
JNP,$9.63,1440267697043,"10,574",100% bullish,of 3 ratings,$15
