Symbol,Price,Date,Volume,Rating,RatingVoteCount,OneYearEstimate
FLWS,$8.195,1441116902483,"36,341",80% bullish,of 5 ratings,$15
TFSCU,NULL,1441116902510,0,Not yet rated,NULL,N/A
TFSC,NULL,1441116902540,0,100% bearish,of 1 rating,N/A
TFSCW,NULL,1441116902571,0,100% bearish,of 1 rating,N/A
FCCY,$11.5,1441116902592,100,100% bullish,of 1 rating,$13
FCTY,$7.85,1441116902625,"1,000",100% bullish,of 1 rating,$8.50
PIH,NULL,1441116902682,0,100% bearish,of 1 rating,N/A
TFSCR,NULL,1441116902724,0,Not yet rated,NULL,N/A
UGLD,$9.4412,1441116902812,"80,961",100% bearish,of 1 rating,N/A
DGLD,$79.61,1441116902898,"1,233",100% bullish,of 1 rating,N/A
TWOU,$34.34,1441116902936,"53,250",50% bullish,of 2 ratings,$39
SRCE,$29.52,1441116902965,"3,141",100% bullish,of 3 ratings,$33
VNET,$17.1,1441116902986,"94,168",60% bullish,of 5 ratings,$35
DSLV,$68.9701,1441116903028,"3,278",100% bearish,of 1 rating,N/A
USLV,$12.3929,1441116903232,"38,097",86% bullish,of 7 ratings,N/A
JOBS,$26.485,1441116903327,"12,350",50% bullish,of 4 ratings,$36
CAFD,$14.54,1441116903430,"28,207",Not yet rated,NULL,$25
SIXD,$2.46,1441116903464,"36,747",Not yet rated,NULL,N/A
SHLM,$33.527,1441116903490,"7,092",100% bearish,of 1 rating,$47
EGHT,$7.621,1441116903560,"36,022",82% bullish,of 17 ratings,$11
AVHI,$13.97,1441116903585,"1,522",100% bearish,of 1 rating,$19
ABAX,$46.45,1441116903716,"17,884",100% bearish,of 1 rating,$60
ABGB,$5.89,1441116903777,"24,334",67% bullish,of 3 ratings,$5.50
ABMD,$95.64,1441116903807,"41,146",75% bullish,of 4 ratings,$100.50
ABEO,$4.669,1441116903869,"14,974",50% bullish,of 4 ratings,$15.50
ABY,$21.895,1441116903897,"83,756",100% bearish,of 2 ratings,$46
AXAS,$1.91,1441116903918,"176,064",78% bullish,of 9 ratings,$3.50
ABEOW,$1.56,1441116903951,50,100% bullish,of 1 rating,N/A
ACTG,$9.3,1441116904053,"18,651",67% bullish,of 3 ratings,$18.50
ACAD,$36.08,1441116904436,"91,244",80% bullish,of 20 ratings,$48
ACHC,$71.65,1441116904462,"41,063",50% bullish,of 2 ratings,$92
AAON,$20.35,1441116904651,"6,836",100% bearish,of 1 rating,$24
ACST,$0.35,1441116905478,"1,300",100% bullish,of 2 ratings,N/A
XLRN,$29.03,1441116905522,"9,119",50% bullish,of 2 ratings,$57
AXDX,$19.585,1441116905622,"12,308",100% bearish,of 1 rating,N/A
ACHN,$7.22,1441116905899,"198,697",90% bullish,of 21 ratings,$16
ARAY,$6.785,1441116905935,"62,753",100% bearish,of 1 rating,$10.50
ACIW,$21.04,1441116906234,"20,497",67% bearish,of 3 ratings,$24
ANCX,$20.175,1441116906667,"2,292",Not yet rated,NULL,$20
VXDN,$1.74,1441116906932,"19,489",100% bearish,of 1 rating,N/A
VXUP,$1.76,1441116906989,"25,598",100% bearish,of 1 rating,N/A
AKAO,$6.86,1441116907387,"4,004",75% bullish,of 4 ratings,$15
ACET,$22.03,1441116907426,"12,325",75% bullish,of 4 ratings,$30
ACRX,$4.35,1441116907456,"64,771",67% bearish,of 6 ratings,$5.50
ACNB,$19.95,1441116907844,907,Not yet rated,NULL,N/A
ACTS,$1.6395,1441116908011,"2,508",100% bearish,of 1 rating,N/A
ATVI,$27.89,1441116908070,"1,198,959",67% bullish,of 84 ratings,$31.50
ADMP,$3.64,1441116908102,561,50% bullish,of 2 ratings,$10
ACPW,$2.033,1441116908124,"5,880",100% bullish,of 4 ratings,$3.25
ACOR,$31.805,1441116908154,"59,582",67% bearish,of 3 ratings,$38.50
ACTA,$14.06,1441116908175,"4,334",67% bearish,of 3 ratings,$25
ACXM,$20.685,1441116908211,"13,950",67% bullish,of 3 ratings,N/A
ACUR,$3.03,1441116908232,"5,600",100% bullish,of 5 ratings,$5
ADAP,$11.15,1441116908310,"9,156",67% bullish,of 3 ratings,$22
AEY,NULL,1441116908370,0,100% bearish,of 2 ratings,N/A
ADUS,$28.27,1441116908443,"1,665",100% bearish,of 1 rating,$31
ADMS,$19.735,1441116908472,"4,750",100% bearish,of 2 ratings,$36
ADMA,$9.345,1441116908502,450,Not yet rated,NULL,$19
ADEP,$6.6,1441116908529,"26,679",50% bullish,of 2 ratings,$10.75
ADBE,$77.04,1441116908609,"344,198",65% bullish,of 17 ratings,$90
ADTN,$15.89,1441116908771,"27,289",67% bullish,of 3 ratings,$17.125
ADXS,$14.32,1441116908798,"63,803",64% bullish,of 14 ratings,$27
ADRO,$18.51,1441116908825,"25,375",80% bullish,of 5 ratings,$45.50
ADXSW,$9.86,1441116908850,800,100% bullish,of 1 rating,N/A
AEIS,$23.96,1441116908875,"13,488",50% bullish,of 2 ratings,$32.50
MULT,NULL,1441116909027,0,100% bearish,of 1 rating,N/A
AMD,$1.7801,1441116909053,"584,968",83% bullish,of 103 ratings,$2
AEGR,$17.57,1441116909084,"29,154",50% bullish,of 6 ratings,$26
YPRO,NULL,1441116909118,0,100% bearish,of 1 rating,N/A
AEGN,$18.11,1441116909139,"13,047",100% bearish,of 2 ratings,$21
AEHR,$2.35,1441116909180,"4,044",50% bullish,of 2 ratings,N/A
AMTX,$3.22,1441116909226,"2,764",50% bullish,of 2 ratings,$26.11
AEPI,$54.39,1441116909268,800,100% bearish,of 1 rating,N/A
AERI,$15.32,1441116909365,"34,806",75% bullish,of 4 ratings,$31.50
AVAV,$23.472,1441116909394,"8,998",50% bullish,of 4 ratings,$31
AEZS,$0.0869,1441116909529,"2,046,313",90% bullish,of 21 ratings,$1.50
AGEN,$6.97,1441116909614,"85,366",85% bullish,of 13 ratings,$14
AEMD,$7.38,1441116909639,"5,488",Not yet rated,NULL,$27.50
AFMD,$9.74,1441116909671,"10,730",50% bullish,of 4 ratings,$15
AGRX,$8.655,1441116909716,"1,432",100% bearish,of 1 rating,$17.50
AGYS,$10.22,1441116909774,"1,063",100% bearish,of 1 rating,N/A
AFFX,$9.13,1441116909809,"28,008",80% bullish,of 5 ratings,$12.50
AGIO,$83.87,1441116909910,"35,964",88% bullish,of 8 ratings,$114
AIMT,$20.6075,1441116909935,"15,991",Not yet rated,NULL,$35.50
AGFSW,NULL,1441116909965,0,100% bearish,of 2 ratings,N/A
AGFS,$9.85,1441116909986,"13,934",100% bearish,of 1 rating,N/A
AIRT,$22.3,1441116910135,404,100% bullish,of 1 rating,N/A
AIRM,$36.08,1441116910187,"16,175",80% bearish,of 5 ratings,$53
AIXG,$6.31,1441116910218,843,67% bearish,of 3 ratings,$5.25
AMCN,$4.48,1441116910264,"34,392",83% bullish,of 6 ratings,N/A
AKAM,$70.505,1441116910289,"234,064",63% bullish,of 8 ratings,$77.50
ATSG,$8.875,1441116910316,"9,192",67% bullish,of 3 ratings,$13
ALRM,$16.75,1441116910494,"10,228",100% bearish,of 1 rating,$22
AKRX,$38.83,1441116910528,"40,726",78% bullish,of 9 ratings,$56
AKBA,$6.91,1441116910561,"42,643",100% bearish,of 1 rating,$18
ABDC,$12.89,1441116910626,400,Not yet rated,NULL,$15
AKER,$2.55,1441116910656,20,Not yet rated,NULL,N/A
AMRI,$19.91,1441116910682,"17,958",75% bearish,of 4 ratings,$24
ALSK,$2.21,1441116910712,"19,004",78% bullish,of 18 ratings,$2
ALDX,$7.1699,1441116910820,"1,100",100% bearish,of 1 rating,$14.50
ALDR,$38.21,1441116910949,"27,252",67% bearish,of 3 ratings,$62
ALXN,$170.11,1441116910983,"150,179",88% bullish,of 8 ratings,$223
ALXA,$1.2431,1441116911004,"14,885",83% bullish,of 6 ratings,$2.125
ADHD,$7.89,1441116911025,"11,631",50% bullish,of 4 ratings,$18
ALCO,$41.62,1441116911082,463,50% bullish,of 2 ratings,N/A
ALGN,$55.19,1441116911165,"79,224",100% bearish,of 2 ratings,$73
ALIM,$3.25,1441116911265,"4,316",80% bullish,of 5 ratings,$10
ALGT,$199.795,1441116911296,"13,527",100% bearish,of 2 ratings,$235
ALLB,$22.55,1441116911335,102,Not yet rated,NULL,N/A
ALKS,$60.68,1441116911362,"226,486",67% bullish,of 3 ratings,$75
ARLP,$25.229,1441116911394,"21,221",67% bearish,of 3 ratings,$32
AIQ,$14.16,1441116911422,"1,709",67% bullish,of 3 ratings,N/A
AFOP,$18.61,1441116911454,"24,846",75% bullish,of 8 ratings,$21
AHGP,$35.38,1441116911647,"6,218",67% bullish,of 3 ratings,N/A
AHPI,NULL,1441116911722,0,50% bullish,of 2 ratings,N/A
ALLT,$5.08,1441116911831,"8,964",75% bullish,of 4 ratings,$6.25
ALQA,$4.5701,1441116911890,"8,945",75% bullish,of 4 ratings,$8.50
AMOT,$18.6,1441116911918,"4,050",100% bearish,of 1 rating,N/A
MDRX,$13.52,1441116911939,"135,701",60% bullish,of 5 ratings,$16
AFAM,$43.31,1441116912001,"5,067",50% bullish,of 2 ratings,$44
ALNY,$99.77,1441116912022,"106,483",67% bullish,of 3 ratings,$151.50
ATEC,$0.5811,1441116912069,"6,700",100% bullish,of 1 rating,$2
AOSL,$7.5,1441116912110,"5,762",67% bullish,of 3 ratings,$9
AIMC,$24.545,1441116912167,"5,628",100% bearish,of 2 ratings,$28.50
SMCP,$22.9899,1441116912196,"2,400",Not yet rated,NULL,N/A
AMAG,$61.56,1441116912223,"57,937",100% bullish,of 2 ratings,$77.50
ALTR,$48.46,1441116912244,"233,334",80% bearish,of 5 ratings,$54
ASPS,$25.7836,1441116912376,"42,847",67% bullish,of 3 ratings,$46.50
AMRN,$2.21,1441116912406,"293,803",85% bullish,of 39 ratings,$8
AMRK,$10.6,1441116912513,600,50% bullish,of 2 ratings,$14
AYA,$20.355,1441116912585,"3,250",100% bearish,of 1 rating,$40
DOX,$56.43,1441116912823,"15,903",67% bearish,of 3 ratings,$60
UHAL,$369.6,1441116912991,"2,347",100% bullish,of 2 ratings,$393.50
AMCX,$71.12,1441116913063,"33,255",67% bullish,of 3 ratings,$87.50
AMED,$38.495,1441116913090,"35,887",100% bearish,of 1 rating,$42
AMDA,$0.4701,1441116913111,"108,018",90% bullish,of 10 ratings,$1
EPAX,$2.68,1441116913146,"1,046",100% bearish,of 1 rating,N/A
ASBI,$22.58,1441116913243,300,Not yet rated,NULL,N/A
AAL,$38.5862,1441116913400,"2,020,887",93% bullish,of 88 ratings,$57
AGNCB,$24.3383,1441116913454,"5,004",Not yet rated,NULL,N/A
AGNCP,$25.2,1441116913555,900,Not yet rated,NULL,N/A
MTGEP,$24.5,1441116913656,350,Not yet rated,NULL,N/A
MTGE,$15.17,1441116913682,"56,477",75% bullish,of 4 ratings,$19.50
ACAS,$13.635,1441116913734,"65,939",60% bullish,of 5 ratings,$16.75
ACSF,$12.2,1441116913761,"6,765",100% bearish,of 1 rating,$15
AETI,NULL,1441116913817,0,67% bearish,of 3 ratings,N/A
ANCI,NULL,1441116914138,0,100% bearish,of 1 rating,N/A
AMIC,NULL,1441116914215,0,100% bearish,of 1 rating,N/A
AMNB,$23.58,1441116914240,906,Not yet rated,NULL,$25.50
ARII,$40.03,1441116914296,"30,367",67% bearish,of 3 ratings,$45
AMRB,$9.85,1441116914430,"1,372",Not yet rated,NULL,$11
ANAT,$98.67,1441116914476,"3,449",100% bullish,of 1 rating,N/A
ASEI,$39.0102,1441116914501,"1,418",100% bearish,of 1 rating,$52.50
APEI,$21.6444,1441116914563,"9,141",100% bearish,of 1 rating,$25.50
AMSC,$5.1101,1441116914587,"20,695",50% bullish,of 4 ratings,N/A
CRMT,$35.365,1441116914721,"4,078",100% bearish,of 1 rating,$39
AMSWA,$9.01,1441116914780,"5,164",100% bearish,of 2 ratings,$10.75
ASRV,$3.2,1441116914913,"6,396",100% bullish,of 2 ratings,N/A
AMSF,$45.9239,1441116914963,562,Not yet rated,NULL,$57.50
AMWD,$64.86,1441116915135,"9,382",50% bullish,of 2 ratings,$70
ASRVP,NULL,1441116915199,0,Not yet rated,NULL,N/A
ABCB,$26.84,1441116915226,"5,640",Not yet rated,NULL,$31
ATLO,$23.5001,1441116915351,807,Not yet rated,NULL,N/A
FOLD,$14.41,1441116915381,"234,759",56% bullish,of 9 ratings,$21
AMGN,$148.5,1441116915486,"708,053",89% bullish,of 19 ratings,$185
AMKR,$5.1401,1441116915515,"221,636",100% bearish,of 2 ratings,$5
AMPH,$12.74,1441116915839,"18,165",50% bullish,of 2 ratings,$20
AMSGP,NULL,1441116915871,0,Not yet rated,NULL,N/A
AMSG,$77.56,1441116915892,"15,406",100% bearish,of 1 rating,$85.50
AFSI,$56.61,1441116915974,"35,100",60% bullish,of 5 ratings,$72
AMRS,$1.78,1441116916037,"16,881",70% bullish,of 10 ratings,N/A
ASYS,$5.299,1441116916063,"3,942",67% bullish,of 3 ratings,$12
ANAC,$126.64,1441116916199,"28,947",80% bullish,of 5 ratings,$180.50
ADI,$54.47,1441116916272,"266,554",67% bullish,of 3 ratings,$69
ANAD,$0.3361,1441116916301,"32,625",100% bullish,of 2 ratings,$.50
ANCB,NULL,1441116916402,0,Not yet rated,NULL,$23
AMCF,$0.1901,1441116916510,"3,700",100% bullish,of 7 ratings,N/A
ABCW,$41,1441116916545,400,67% bullish,of 3 ratings,N/A
ALOG,$79.62,1441116916650,646,100% bearish,of 2 ratings,$100.50
ANGI,$5.285,1441116916697,"52,571",64% bullish,of 11 ratings,$5.50
ANIP,$48.04,1441116916856,"20,538",89% bullish,of 19 ratings,$66
ANGO,$14.59,1441116916913,"3,531",67% bullish,of 3 ratings,$19
ANIK,$34.56,1441116917051,"5,318",60% bullish,of 5 ratings,$51.25
ATRS,$1.8,1441116917107,"13,461",92% bullish,of 12 ratings,$4.50
ANTH,$6.825,1441116917158,"147,531",80% bullish,of 10 ratings,$13
ABAC,$0.786,1441116917302,"4,000",100% bearish,of 1 rating,N/A
ANSS,$87.08,1441116917337,"24,168",100% bearish,of 1 rating,$100
APOL,$10.95,1441116917363,"70,548",87% bearish,of 68 ratings,$14
ATNY,NULL,1441116917431,0,50% bullish,of 2 ratings,$3.75
AINV,$6.315,1441116917569,"323,214",50% bullish,of 4 ratings,$8
APIC,$6.51,1441116917638,"17,827",100% bearish,of 1 rating,$19
APOG,$51.62,1441116917718,"12,872",50% bullish,of 2 ratings,$67
AAPL,$110.97,1441116917771,"8,609,729",86% bullish,of 2358 ratings,$150
APPF,$15.59,1441116917802,"3,850",50% bullish,of 2 ratings,$22
ARCI,$1.25,1441116917900,20,Not yet rated,NULL,N/A
APDN,$3.59,1441116917959,"7,624",Not yet rated,NULL,$9
AMCC,$5.8,1441116918131,"26,938",80% bullish,of 5 ratings,$8
APDNW,$1.478,1441116918180,"9,380",Not yet rated,NULL,N/A
AGTC,$15.925,1441116918233,"3,814",50% bullish,of 2 ratings,$33
AMAT,$15.83,1441116918310,"1,717,450",82% bullish,of 11 ratings,$23
AREX,$2.39,1441116918336,"179,611",50% bullish,of 2 ratings,$3
AAOI,$20.28,1441116918476,"27,464",50% bullish,of 4 ratings,$26
APTO,$5.3,1441116918538,800,Not yet rated,NULL,$17
APRI,$1.6878,1441116918629,"258,284",83% bullish,of 6 ratings,$4.86
AQXP,$16.8925,1441116918723,"43,104",50% bullish,of 2 ratings,$2
AUMA,$9.9,1441116918770,100,Not yet rated,NULL,N/A
AQMS,$4.84,1441116918826,460,Not yet rated,NULL,N/A
AUMAW,NULL,1441116918903,0,Not yet rated,NULL,N/A
AUMAU,NULL,1441116918955,0,Not yet rated,NULL,N/A
ARDM,NULL,1441116919119,0,100% bullish,of 1 rating,$26
ABUS,$6.95,1441116919224,"46,282",86% bullish,of 14 ratings,$23
PETX,$17.6,1441116919302,"14,539",100% bearish,of 2 ratings,$26
RKDA,$6.21,1441116919355,591,100% bearish,of 2 ratings,$10
ARCB,$28.23,1441116919432,"12,247",67% bearish,of 3 ratings,$39.50
ARCW,$3.5475,1441116919534,613,100% bearish,of 2 ratings,$10.50
ABIO,$0.89,1441116919569,"4,450",50% bullish,of 2 ratings,$3.75
ACGL,$67.2,1441116919664,"26,425",50% bullish,of 2 ratings,$72
ACAT,$25.99,1441116919823,"5,586",100% bearish,of 3 ratings,$33
ARDX,$18.67,1441116919891,"18,124",50% bullish,of 2 ratings,$24.50
ARNA,$2.635,1441116919954,"251,779",90% bullish,of 78 ratings,$5.50
ARCC,$15.3745,1441116920058,"285,957",67% bearish,of 3 ratings,$17.75
AGIIL,$25.03,1441116920146,58,Not yet rated,NULL,N/A
ARGS,$6.1,1441116920176,"1,694",50% bullish,of 2 ratings,$19.50
AGII,$55.16,1441116920227,"10,684",Not yet rated,NULL,$59.50
ARIS,$3.74,1441116920276,"3,866",Not yet rated,NULL,$4.50
ARMH,$41.82,1441116920359,"169,812",54% bearish,of 13 ratings,$60
ARIA,$9.2,1441116920500,"872,095",87% bullish,of 46 ratings,$9
ARKR,$24.74,1441116920552,42,50% bullish,of 2 ratings,N/A
ARTX,$1.441,1441116920638,"14,037",88% bullish,of 16 ratings,$4.50
ARWA,NULL,1441116920743,0,Not yet rated,NULL,N/A
ARWAU,$10.2,1441116920801,200,100% bullish,of 1 rating,N/A
ARWAR,NULL,1441116920825,0,Not yet rated,NULL,N/A
ARWAW,NULL,1441116920982,0,Not yet rated,NULL,N/A
ARQL,$1.67,1441116921066,"8,111",75% bullish,of 4 ratings,$5
ARRS,$26.01,1441116921096,"73,136",50% bullish,of 2 ratings,$38
ARRY,$5.765,1441116921199,"138,670",100% bullish,of 7 ratings,$10
DWAT,$9.67,1441116921228,"4,200",100% bearish,of 1 rating,N/A
AROW,$27.15,1441116921257,"3,806",Not yet rated,NULL,N/A
ARWR,$5.7694,1441116921282,"135,452",75% bullish,of 4 ratings,$10.50
ARTW,$4.0625,1441116921416,"1,466",75% bearish,of 4 ratings,N/A
ASBB,$24.11,1441116921486,100,Not yet rated,NULL,N/A
ARTNA,$21.78,1441116921512,"2,156",100% bearish,of 1 rating,$29
ASNA,$11.9,1441116921727,"169,303",50% bullish,of 2 ratings,$18
ASND,$19.21,1441116921953,"7,911",50% bullish,of 2 ratings,$30
ASCMA,$28.14,1441116922016,"8,073",100% bearish,of 1 rating,$45
ASTI,$0.1349,1441116922047,"2,612,846",83% bullish,of 6 ratings,$3
ASML,$89.84,1441116922089,"84,374",50% bullish,of 4 ratings,$127
AZPN,$37.23,1441116922147,"20,503",50% bullish,of 2 ratings,$42
APWC,$1.72,1441116922173,100,100% bearish,of 1 rating,N/A
ASMI,NULL,1441116922251,0,NULL,NULL,NULL
ASMB,$13.45,1441116922326,"2,798",67% bullish,of 3 ratings,N/A
ASFI,$8.9,1441116922555,"3,700",100% bullish,of 1 rating,N/A
ATRO,$50.435,1441116922587,"14,928",100% bearish,of 2 ratings,$80
ALOT,$13.59,1441116922652,"1,196",100% bearish,of 1 rating,N/A
ASTE,$38.699,1441116922680,"10,273",100% bearish,of 1 rating,$49
ASTC,$2.06,1441116922783,"2,471",100% bullish,of 5 ratings,N/A
ASUR,$5.38,1441116922866,"1,748",50% bullish,of 2 ratings,$8
ATAI,$2.4,1441116923035,200,100% bearish,of 1 rating,N/A
AFCB,NULL,1441116923060,0,Not yet rated,NULL,N/A
AAME,NULL,1441116923188,0,Not yet rated,NULL,N/A
ATHN,$132.17,1441116923219,"21,528",67% bearish,of 3 ratings,$153
ATHX,$1.1,1441116923284,"13,885",89% bullish,of 9 ratings,$5
AAPC,$10.1,1441116923319,8,Not yet rated,NULL,N/A
ATRA,$38.64,1441116923431,"21,973",50% bullish,of 2 ratings,$68
ATNI,$71.1,1441116923569,"2,698",100% bearish,of 1 rating,$69.50
ACFC,$5.28,1441116923623,"6,707",100% bearish,of 1 rating,$6.50
ATLC,$3.92,1441116923650,590,67% bullish,of 3 ratings,N/A
AAWW,$39.5,1441116923839,"24,536",50% bullish,of 2 ratings,$65
AFH,$16.015,1441116923866,"6,286",Not yet rated,NULL,$21.50
ATML,$8.04,1441116923891,"874,894",78% bullish,of 9 ratings,$9.50
ATOS,$0.78,1441116924077,"9,680",100% bullish,of 7 ratings,$7
ATRI,$386.9,1441116924139,406,Not yet rated,NULL,N/A
ATRM,$2.7101,1441116924216,200,50% bullish,of 2 ratings,N/A
AUBN,$26.75,1441116924268,100,Not yet rated,NULL,N/A
ATRC,$23.8,1441116924294,"20,987",100% bullish,of 1 rating,$30
ATTU,$13.21,1441116924316,"1,150",100% bearish,of 1 rating,$20.50
LIFE,$14.1,1441116924365,"18,615",86% bullish,of 7 ratings,$43
EARS,$4.56,1441116924522,604,100% bearish,of 2 ratings,$11
AUPH,$3.4452,1441116924655,"17,518",100% bearish,of 1 rating,$8
AUDC,$3.34,1441116924684,"4,408",80% bullish,of 5 ratings,$5
ADAT,$0.2966,1441116924859,"10,345",100% bullish,of 2 ratings,N/A
ADSK,$46.05,1441116924894,"504,650",67% bullish,of 6 ratings,$66
ABTL,$17.65,1441116924998,"6,923",100% bullish,of 4 ratings,$20.25
AVGO,$123.71,1441116925267,"401,260",88% bullish,of 8 ratings,$165
ADP,$75.53,1441116925421,"179,827",100% bearish,of 1 rating,$88
AAVL,$10.4116,1441116925458,"38,847",100% bearish,of 1 rating,$20
AVNU,$12.81,1441116925490,"1,037",Not yet rated,NULL,$14
AVNW,$1.18,1441116925516,"4,150",50% bullish,of 2 ratings,N/A
AVEO,$1.4098,1441116925551,"141,478",75% bullish,of 8 ratings,$3
CAR,$43.05,1441116925750,"145,841",80% bullish,of 5 ratings,$60
AVID,$8.356,1441116925819,"40,441",100% bearish,of 1 rating,$20
AVGR,$14.52,1441116925906,"1,071",100% bearish,of 1 rating,$20
AXPW,$2.325,1441116926061,"853,317",83% bullish,of 6 ratings,N/A
ACLS,$3.2,1441116926170,"28,473",67% bullish,of 6 ratings,$4.75
AWRE,$3.24,1441116926208,754,67% bullish,of 3 ratings,N/A
AXPWW,$1.0001,1441116926236,100,Not yet rated,NULL,N/A
AXTI,$2.17,1441116926299,"3,307",50% bullish,of 2 ratings,$2.75
AXGN,$4.71,1441116926338,"13,366",Not yet rated,NULL,$5
BCOM,NULL,1441116926528,0,100% bearish,of 1 rating,N/A
BIDU,$145.002,1441116926682,"601,527",81% bullish,of 88 ratings,$210
BEAV,$47.8,1441116926725,"109,068",67% bearish,of 3 ratings,$59
BOSC,$2.1501,1441116926784,200,50% bullish,of 2 ratings,N/A
BWINA,NULL,1441116926824,0,Not yet rated,NULL,N/A
BCPC,$57.64,1441116926855,"7,728",100% bearish,of 1 rating,$75
RILY,NULL,1441116926881,0,Not yet rated,NULL,N/A
BWINB,$22.61,1441116926902,600,Not yet rated,NULL,N/A
BANFP,NULL,1441116927256,0,Not yet rated,NULL,N/A
BKMU,$7.15,1441116927288,603,Not yet rated,NULL,$8
BLDP,$1.34,1441116927391,"68,199",91% bullish,of 22 ratings,$2.50
BOCH,$5.71,1441116927416,"1,284",Not yet rated,NULL,$6.50
BANF,$59.48,1441116927440,"1,910",Not yet rated,NULL,$68
BMRC,$48.015,1441116927465,"1,430",Not yet rated,NULL,$52
BKSC,NULL,1441116927713,0,Not yet rated,NULL,N/A
BOTJ,$11.11,1441116927812,25,Not yet rated,NULL,N/A
OZRK,$40.63,1441116927966,"23,502",67% bullish,of 3 ratings,$49.50
BANR,$43.38,1441116928030,"7,117",100% bullish,of 3 ratings,$50
BZUN,$4.97,1441116928108,"33,307",50% bullish,of 2 ratings,$11.50
BWFG,$17.85,1441116928167,200,100% bearish,of 1 rating,N/A
BFIN,$12.2,1441116928194,"2,654",Not yet rated,NULL,$13
TAPR,NULL,1441116928219,0,100% bearish,of 1 rating,N/A
BHAC,NULL,1441116928270,0,Not yet rated,NULL,N/A
BHACR,NULL,1441116928375,0,Not yet rated,NULL,N/A
BHACW,NULL,1441116928602,0,Not yet rated,NULL,N/A
BHACU,NULL,1441116928672,0,Not yet rated,NULL,N/A
BSET,$28.53,1441116928812,"1,088",100% bearish,of 1 rating,$35
BCBP,NULL,1441116928838,0,Not yet rated,NULL,N/A
BBSI,$34.77,1441116928863,"5,022",67% bearish,of 3 ratings,$62.50
BYBK,NULL,1441116928914,0,100% bearish,of 1 rating,N/A
BYLK,$12.93,1441116928998,"2,744",Not yet rated,NULL,$14
BBCN,$14.18,1441116929072,"16,622",100% bearish,of 1 rating,$16
BV,$5.16,1441116929165,"48,209",67% bullish,of 6 ratings,$9
BSF,$8.48,1441116929314,200,Not yet rated,NULL,N/A
BEBE,$1.33,1441116929341,"132,968",75% bullish,of 4 ratings,$2.125
BECN,$35.49,1441116929366,"12,899",50% bullish,of 2 ratings,$40
BDCV,$4.94,1441116929397,303,100% bearish,of 1 rating,$10.19
BBGI,NULL,1441116929532,0,100% bearish,of 1 rating,N/A
BBBY,$60.74,1441116929560,"85,186",71% bullish,of 7 ratings,$75
BELFA,$14.87,1441116929792,118,100% bearish,of 1 rating,N/A
BELFB,$17.68,1441116929818,"2,182",100% bearish,of 1 rating,N/A
BLPH,$5.08,1441116929984,400,100% bearish,of 1 rating,$12.50
BLCM,$16.63,1441116930011,"9,298",50% bullish,of 4 ratings,$40
BNCL,$12.31,1441116930042,"25,792",100% bullish,of 3 ratings,$12.50
BGMD,$0.7,1441116930071,"9,465",100% bullish,of 10 ratings,N/A
BNFT,$35.57,1441116930175,"16,097",67% bullish,of 3 ratings,$46
BGFV,$11.15,1441116930231,"14,556",57% bullish,of 7 ratings,$12
BNTC,$7.85,1441116930258,"2,172",100% bullish,of 1 rating,N/A
BGCP,$8.69,1441116930328,"145,150",88% bullish,of 8 ratings,$14
ORPN,$5.52,1441116930416,"1,500",100% bullish,of 1 rating,$28.50
BIND,$4.755,1441116930442,"24,653",75% bullish,of 4 ratings,$13.50
BCDA,NULL,1441116930574,0,Not yet rated,NULL,N/A
BASI,$1.61,1441116930599,"1,800",Not yet rated,NULL,N/A
BIOC,$2.02,1441116930729,"50,393",83% bullish,of 6 ratings,$3.85
BCRX,$11.27,1441116930755,"75,202",63% bullish,of 8 ratings,$18
BIOD,$0.68,1441116930930,"12,945",80% bullish,of 5 ratings,$4
BLFS,$2.53,1441116931018,"184,108",100% bearish,of 1 rating,$4.75
BDSI,$6.6,1441116931155,"268,722",88% bullish,of 8 ratings,$17
BMRN,$125.23,1441116931181,"140,387",80% bullish,of 5 ratings,$160
BLRX,$1.52,1441116931212,"46,872",100% bullish,of 12 ratings,$5
BIOL,$1.6599,1441116931242,"11,204",Not yet rated,NULL,N/A
BVXV,$3.4399,1441116931263,"3,212",Not yet rated,NULL,N/A
BIIB,$293.496,1441116931344,"219,330",88% bullish,of 16 ratings,$400
BVXVW,$0.7,1441116931520,"4,500",100% bearish,of 1 rating,N/A
BPTH,$1.11,1441116931600,"8,804",100% bullish,of 2 ratings,$5
BRLI,NULL,1441116931658,0,NULL,NULL,NULL
BIOS,$2.4,1441116931697,"34,044",71% bullish,of 7 ratings,$4
BBP,$32.4624,1441116931915,"15,389",Not yet rated,NULL,N/A
BSPM,$0.64,1441116932047,180,50% bullish,of 2 ratings,N/A
BOTA,$2.17,1441116932096,"2,043",88% bullish,of 8 ratings,N/A
BBC,$30.8,1441116932132,"5,264",Not yet rated,NULL,N/A
BITI,$16.9,1441116932227,"2,127",100% bullish,of 1 rating,$28
BSTC,$48.3398,1441116932254,"3,655",100% bearish,of 1 rating,$76
BEAT,$14.568,1441116932282,"69,540",67% bearish,of 3 ratings,$15
TECH,$92.9,1441116932386,"5,596",100% bullish,of 1 rating,$117
BDMS,NULL,1441116932413,0,100% bearish,of 1 rating,N/A
BJRI,$43.33,1441116932544,"33,236",50% bullish,of 2 ratings,$55
BDE,$7.25,1441116932634,"24,394",50% bullish,of 2 ratings,$9
BBOX,$15.25,1441116932681,"6,599",100% bearish,of 1 rating,N/A
BLKB,$56.43,1441116932886,"12,022",100% bearish,of 2 ratings,$66
BBRY,$7.37,1441116933025,"484,715",61% bullish,of 330 ratings,$9
BKCC,$9.3355,1441116933066,"31,659",50% bullish,of 2 ratings,$10
ADRA,$26.42,1441116933095,302,100% bearish,of 1 rating,N/A
HAWK,$38.5248,1441116933117,"51,067",91% bullish,of 11 ratings,$49
ADRE,$29.23,1441116933196,"1,515",100% bearish,of 1 rating,N/A
ADRD,$21.402,1441116933253,"64,490",100% bearish,of 1 rating,N/A
ADRU,$21.1812,1441116933357,100,100% bearish,of 1 rating,N/A
BLBD,$11.86,1441116933541,500,Not yet rated,NULL,N/A
BUFF,$24.36,1441116933573,"125,195",83% bullish,of 12 ratings,$31.50
BCOR,$13.74,1441116933594,"20,618",57% bullish,of 7 ratings,$15
BLMN,$20.71,1441116933633,"124,099",83% bullish,of 6 ratings,$27.50
BHBK,$13.99,1441116933720,"2,750",100% bullish,of 1 rating,$14.50
BBLU,$0.763,1441116933745,"8,341",100% bullish,of 2 ratings,$4.43
BLUE,$130.1,1441116933992,"64,556",71% bullish,of 7 ratings,$217.50
NILE,$33.7,1441116934172,"17,497",50% bullish,of 2 ratings,$34
BKEPP,$7.4,1441116934244,100,100% bearish,of 1 rating,N/A
BKEP,NULL,1441116934270,0,100% bearish,of 1 rating,$8.50
BPMC,$26.55,1441116934292,"3,888",50% bullish,of 2 ratings,$47.50
BOJA,$20.621,1441116934429,"13,919",100% bullish,of 1 rating,$30
BOFI,$112.52,1441116934463,"36,089",100% bullish,of 6 ratings,$144
BNCN,$20.4,1441116934488,"15,259",Not yet rated,NULL,$24
BOBE,$44.62,1441116934516,"12,008",75% bullish,of 4 ratings,$57
WIFI,$7.55,1441116934820,"11,580",50% bullish,of 2 ratings,$13.50
BONA,$11.45,1441116934850,"83,634",75% bullish,of 4 ratings,$8.50
BNSO,NULL,1441116934878,0,100% bearish,of 1 rating,N/A
BAMM,$3.16,1441116934981,"5,430",60% bullish,of 5 ratings,N/A
BOKF,$61.41,1441116935008,"33,715",100% bearish,of 1 rating,$69
BPFH,$11.54,1441116935073,"40,257",100% bearish,of 1 rating,$14
BPFHP,$25.1,1441116935178,"2,000",100% bearish,of 1 rating,N/A
BDBD,$8.095,1441116935390,"52,053",60% bullish,of 5 ratings,$10
EPAY,$26.33,1441116935415,"6,973",100% bearish,of 2 ratings,$30
BPFHW,NULL,1441116935479,0,100% bearish,of 1 rating,N/A
BBRG,$12.58,1441116935504,"7,375",67% bullish,of 3 ratings,$14.50
BCLI,$3.03,1441116935636,"10,800",80% bullish,of 5 ratings,$12
BBEP,$2.761,1441116935781,"254,671",69% bullish,of 13 ratings,$5.625
BDGE,$26.28,1441116935840,"2,043",Not yet rated,NULL,$31.75
BBEPP,$14.6,1441116935937,"7,722",100% bearish,of 1 rating,N/A
BRID,NULL,1441116935995,0,100% bearish,of 1 rating,N/A
BLIN,NULL,1441116936020,0,100% bullish,of 2 ratings,$2.20
BRCM,$51.11,1441116936068,"386,084",75% bullish,of 12 ratings,$56
BCOV,$5.4,1441116936154,"4,032",67% bullish,of 3 ratings,$10.20
BVSN,$5.84,1441116936256,"1,000",60% bearish,of 5 ratings,N/A
BSFT,$31.62,1441116936312,"14,901",57% bullish,of 7 ratings,$40.50
BWEN,$3.15,1441116936450,"3,593",75% bullish,of 4 ratings,$8
BYFC,$1.45,1441116936502,302,50% bullish,of 2 ratings,N/A
BRCD,$10.31,1441116936583,"418,531",92% bullish,of 13 ratings,$11.50
BRKR,$18.03,1441116936762,"29,062",100% bearish,of 2 ratings,$22
BRKL,$10.3407,1441116936789,"18,220",100% bearish,of 1 rating,$10.75
BRKS,$10.29,1441116936814,"6,282",67% bullish,of 3 ratings,$15.25
BSQR,$6.0106,1441116936992,"3,179",67% bullish,of 3 ratings,N/A
BWLD,$189.98,1441116937039,"42,594",82% bullish,of 11 ratings,$205
BLMT,$20.78,1441116937064,"1,049",Not yet rated,NULL,N/A
BMTC,$29.21,1441116937093,"3,364",Not yet rated,NULL,$34
BUR,$1.69,1441116937221,"2,200",100% bearish,of 1 rating,$8
CFFI,NULL,1441116937272,0,100% bearish,of 1 rating,N/A
BLDR,$14.37,1441116937299,"42,970",67% bullish,of 3 ratings,$22
CA,$26.63,1441116937434,"241,579",50% bullish,of 4 ratings,$33
CCMP,$43.03,1441116937567,"1,936",50% bullish,of 2 ratings,$59
CHRW,$66.14,1441116937604,"109,776",Not yet rated,NULL,$72
CDNS,$19.73,1441116937784,"132,731",75% bullish,of 4 ratings,$22.50
CDZI,$7.9525,1441116937810,"1,336",100% bearish,of 1 rating,N/A
CACQ,$7.04,1441116937832,"3,579",100% bearish,of 1 rating,$12.25
CZR,$9.115,1441116937963,"99,593",60% bearish,of 5 ratings,$10.50
CSTE,$39.11,1441116937988,"10,093",50% bullish,of 2 ratings,$65
PRSS,$4.24,1441116938041,"2,902",80% bullish,of 5 ratings,$4.50
CLBS,$1.539,1441116938171,"90,516",79% bullish,of 14 ratings,$4
CHY,$11.195,1441116938252,"107,982",Not yet rated,NULL,N/A
CLMS,$10.3649,1441116938303,"5,469",Not yet rated,NULL,$10.50
CHI,$10.4694,1441116938490,"61,114",100% bearish,of 1 rating,N/A
CFGE,$10.34,1441116938518,80,Not yet rated,NULL,N/A
CCD,$19.1946,1441116938581,"14,729",Not yet rated,NULL,N/A
CHW,$7.429,1441116938648,"30,198",100% bearish,of 1 rating,N/A
CSQ,$9.7401,1441116938717,"93,169",Not yet rated,NULL,N/A
CAMP,$16.02,1441116938816,"67,240",88% bullish,of 8 ratings,$25
CGO,$11.8089,1441116938903,"7,257",100% bearish,of 1 rating,N/A
CVGW,$57.55,1441116938982,"9,007",50% bullish,of 2 ratings,$62
CFNB,NULL,1441116939007,0,100% bearish,of 1 rating,N/A
CALA,$5.68,1441116939143,"71,643",100% bullish,of 3 ratings,$19.50
CALD,$15.71,1441116939174,"50,370",100% bearish,of 1 rating,$21
CLMT,$25.4725,1441116939222,"35,042",75% bullish,of 8 ratings,$31
CALM,$51.43,1441116939247,"73,445",80% bullish,of 5 ratings,$63.50
ABCD,$5.115,1441116939273,"8,390",83% bullish,of 6 ratings,N/A
CAMBU,NULL,1441116939527,0,100% bearish,of 1 rating,N/A
CAMB,NULL,1441116939547,0,Not yet rated,NULL,N/A
CAMBW,NULL,1441116939708,0,Not yet rated,NULL,N/A
CAC,$39.57,1441116939802,"1,282",Not yet rated,NULL,N/A
CGIX,$9.7,1441116940015,"1,000",67% bullish,of 3 ratings,$14.375
CSIQ,$18.23,1441116940062,"227,212",86% bullish,of 28 ratings,$42.50
CAMT,$2.66,1441116940198,"7,688",73% bullish,of 11 ratings,$4
CBNJ,$11,1441116940224,480,100% bearish,of 1 rating,N/A
CPHC,NULL,1441116940252,0,100% bearish,of 1 rating,N/A
CCBG,$14.73,1441116940301,300,Not yet rated,NULL,$17.25
CPLA,$48.2101,1441116940386,"3,090",67% bearish,of 3 ratings,$65
CPLP,$7.0499,1441116940519,"25,637",71% bullish,of 7 ratings,$11
CBF,$30.51,1441116940701,"25,688",Not yet rated,NULL,$32
CFFN,$11.895,1441116940727,"159,894",Not yet rated,NULL,$12.75
CSWC,$44.9,1441116940906,"4,943",Not yet rated,NULL,N/A
CAPNW,NULL,1441116940927,0,Not yet rated,NULL,N/A
CPTA,$13.77,1441116940956,"7,024",100% bearish,of 1 rating,$18.50
CAPN,$2.35,1441116940977,"32,554",100% bullish,of 1 rating,$10.85
CPST,$0.3993,1441116941167,"96,519",95% bullish,of 22 ratings,$1.25
CARB,$11.05,1441116941302,"27,207",75% bullish,of 4 ratings,$12
CRDC,$0.3193,1441116941365,"60,600",100% bullish,of 1 rating,$1.25
CAPR,NULL,1441116941400,0,Not yet rated,NULL,$12
CFNL,$21.87,1441116941422,"5,130",Not yet rated,NULL,$24
CBYL,$5.37,1441116941452,"3,139",100% bearish,of 1 rating,$20
CARA,$18.62,1441116941496,"13,880",50% bullish,of 4 ratings,$25
CRME,$8.94,1441116941589,"1,200",89% bullish,of 9 ratings,$11.25
CSII,$24.125,1441116941692,"15,659",100% bearish,of 2 ratings,$42.125
CDNA,$6.74,1441116941863,404,100% bearish,of 1 rating,$9
CATM,$33.74,1441116942019,"9,558",100% bearish,of 1 rating,$44
CLBH,$12.7,1441116942067,"1,600",Not yet rated,NULL,$16.50
CECO,$3.61,1441116942095,"12,923",67% bearish,of 3 ratings,$6
CKEC,$23.575,1441116942116,"14,418",50% bullish,of 2 ratings,$35.915
CTRE,$10.93,1441116942156,"20,556",50% bullish,of 2 ratings,$13.50
CARO,$15.07,1441116942247,"2,380",100% bearish,of 1 rating,$19
CART,NULL,1441116942293,0,100% bearish,of 1 rating,N/A
TAST,$12.46,1441116942329,"17,816",Not yet rated,NULL,$14.25
CRZO,$35.26,1441116942501,"163,488",67% bearish,of 3 ratings,$54.50
CARV,NULL,1441116942526,0,50% bullish,of 2 ratings,N/A
CRTN,$2.49,1441116942693,304,100% bearish,of 1 rating,N/A
CACB,$5.35,1441116942766,"2,677",Not yet rated,NULL,$5.50
CASM,$1.14,1441116942793,239,100% bullish,of 1 rating,$3.50
CSCD,$15.32,1441116942860,"1,508",100% bullish,of 2 ratings,$17
CWST,$6.07,1441116942930,"7,886",50% bullish,of 2 ratings,$7.25
CPRX,$3.6,1441116943075,"110,965",71% bullish,of 7 ratings,$7
CASS,$47.14,1441116943106,628,100% bearish,of 1 rating,N/A
CASI,$1.4412,1441116943127,100,100% bullish,of 1 rating,$3.50
CASY,$103.74,1441116943160,"12,316",50% bullish,of 2 ratings,$99.50
CATB,$11.4,1441116943254,904,100% bearish,of 1 rating,$28
CATY,$29,1441116943345,"73,304",100% bearish,of 1 rating,$33.50
CATYW,NULL,1441116943366,0,100% bearish,of 1 rating,N/A
CVCO,$70.22,1441116943450,"1,100",100% bearish,of 1 rating,N/A
CAVM,$66.44,1441116943591,"29,038",67% bearish,of 3 ratings,$72
CBFV,$20,1441116943623,200,Not yet rated,NULL,$25
CNLM,NULL,1441116943852,0,Not yet rated,NULL,N/A
CNLMR,$0.34,1441116943878,114,Not yet rated,NULL,N/A
CNLMW,$0.301,1441116943903,601,Not yet rated,NULL,N/A
CBOE,$62.505,1441116943927,"44,337",Not yet rated,NULL,$60
CNLMU,NULL,1441116943952,0,100% bullish,of 1 rating,N/A
CDK,$48.98,1441116944107,"39,619",67% bearish,of 3 ratings,$50
CPXX,$2.1999,1441116944174,"9,282",100% bullish,of 2 ratings,$7
CECE,$9.51,1441116944200,"3,148",50% bullish,of 2 ratings,$16
CELG,$116.11,1441116944405,"767,647",92% bullish,of 13 ratings,$155.50
CDW,$39.03,1441116944436,"53,558",75% bullish,of 4 ratings,$44
CELGZ,$1.6801,1441116944539,"1,000",80% bullish,of 5 ratings,N/A
CLDX,$14.28,1441116944581,"159,174",89% bullish,of 9 ratings,$36
CLDN,$1.14,1441116944671,"36,736",71% bullish,of 7 ratings,$3
CLRB,NULL,1441116944731,0,100% bearish,of 1 rating,N/A
CLRBW,NULL,1441116944815,0,Not yet rated,NULL,N/A
CLLS,$33.18,1441116944863,"19,246",75% bullish,of 4 ratings,$51.50
CBMG,$22.6632,1441116944893,"5,338",50% bullish,of 2 ratings,N/A
CLTX,$2.49,1441116944996,"34,599",100% bullish,of 2 ratings,N/A
CYAD,$48,1441116945073,300,100% bullish,of 1 rating,$87.50
CLSN,$2.09,1441116945100,"2,672",80% bullish,of 10 ratings,$7.50
CEMP,$33.74,1441116945128,"78,852",71% bullish,of 7 ratings,$52
CETX,$2.5501,1441116945261,"8,150",Not yet rated,NULL,$5.60
CETV,$2.13,1441116945302,"14,909",67% bullish,of 3 ratings,$2.80
CSFL,$13.51,1441116945329,"4,952",Not yet rated,NULL,$15
CFBK,NULL,1441116945487,0,Not yet rated,NULL,N/A
CENT,$12.3247,1441116945659,"6,343",Not yet rated,NULL,$10
CENTA,$12.66,1441116945728,"17,143",Not yet rated,NULL,N/A
CVCY,$11.25,1441116945754,304,Not yet rated,NULL,$12
CNBKA,NULL,1441116945790,0,50% bullish,of 2 ratings,N/A
CENX,$5.425,1441116945883,"265,736",67% bullish,of 6 ratings,$9
CPHD,$47.85,1441116946051,"40,048",67% bearish,of 3 ratings,$66.50
CNTY,$5.78,1441116946085,"1,044",80% bullish,of 5 ratings,$7.75
CRNT,$1.4101,1441116946120,"38,817",50% bullish,of 2 ratings,$2
CERE,$1.13,1441116946182,"59,503",88% bullish,of 8 ratings,N/A
CERU,$3.9701,1441116946251,"2,940",75% bullish,of 4 ratings,$14
CERS,$4.85,1441116946315,"14,567",75% bullish,of 4 ratings,$7
CERN,$60.4,1441116946386,"168,553",67% bullish,of 3 ratings,$79
CYOU,$19.65,1441116946695,"33,037",50% bullish,of 6 ratings,$24
CEVA,$18.96,1441116946760,"1,623",100% bearish,of 1 rating,$25
HOTRW,NULL,1441116946797,0,Not yet rated,NULL,N/A
KOOL,$0.7413,1441116946842,"21,641",100% bullish,of 5 ratings,$7
CTHR,$1.26,1441116946928,69,50% bullish,of 2 ratings,$2.50
GTLS,$24.26,1441116946953,"55,599",50% bullish,of 4 ratings,$40
CHTR,$179.35,1441116946978,"133,493",100% bearish,of 2 ratings,$202
HOTR,$1.3799,1441116947006,"57,695",100% bullish,of 2 ratings,$5
CHFN,$12.35,1441116947171,427,Not yet rated,NULL,$14
CHEK,$2.16,1441116947326,"1,400",Not yet rated,NULL,$7.75
CHKP,$77.42,1441116947355,"125,139",50% bullish,of 4 ratings,$92
CHEKW,NULL,1441116947384,0,Not yet rated,NULL,N/A
CHFC,$31.38,1441116947490,"1,724",100% bearish,of 1 rating,$36
CCXI,$6.3,1441116947623,"3,976",67% bullish,of 3 ratings,$14
CEMI,$4.06,1441116947672,"1,400",50% bullish,of 2 ratings,$7.50
CHMG,$26.52,1441116947806,200,Not yet rated,NULL,$30
CHKE,$25.28,1441116947874,"2,352",100% bearish,of 1 rating,$32.50
CHEV,$14.37,1441116947900,304,Not yet rated,NULL,N/A
CHMA,$25.23,1441116948031,"12,225",Not yet rated,NULL,$40
CBNK,$16.39,1441116948079,600,100% bearish,of 1 rating,N/A
CALI,NULL,1441116948115,0,67% bullish,of 3 ratings,N/A
PLCE,$59.17,1441116948143,"17,718",100% bearish,of 1 rating,$69
CADC,$3.02,1441116948285,200,78% bullish,of 9 ratings,N/A
CMRX,$47.77,1441116948349,"24,417",50% bullish,of 2 ratings,$57
CBAK,$1.94,1441116948381,"8,796",67% bullish,of 9 ratings,N/A
CBPO,$92.56,1441116948491,"27,385",75% bullish,of 8 ratings,$140.50
CAAS,$6.07,1441116948521,"4,328",93% bullish,of 14 ratings,$11.50
CCCL,NULL,1441116948595,0,100% bullish,of 6 ratings,N/A
CCCR,$0.739,1441116948752,"1,500",67% bearish,of 3 ratings,N/A
HGSH,NULL,1441116948885,0,67% bullish,of 3 ratings,N/A
JRJC,$3.5728,1441116948912,"27,468",82% bullish,of 11 ratings,N/A
CHOP,$1.205,1441116948938,"4,160",50% bullish,of 2 ratings,N/A
CJJD,$1.8,1441116949081,"1,100",100% bullish,of 1 rating,N/A
HTHT,$26.05,1441116949112,"9,900",50% bullish,of 2 ratings,$28.40
CHLN,$2,1441116949138,300,67% bullish,of 3 ratings,N/A
CNIT,$1.245,1441116949212,"26,046",67% bullish,of 6 ratings,N/A
CHNR,$1.63,1441116949292,100,100% bearish,of 1 rating,N/A
CPGI,$6.98,1441116949465,100,Not yet rated,NULL,N/A
CSUN,$1.43,1441116949542,952,80% bullish,of 5 ratings,N/A
CREG,$0.6647,1441116949602,"2,000",100% bullish,of 3 ratings,N/A
CNTF,$0.8,1441116949700,"17,854",Not yet rated,NULL,N/A
CNYD,NULL,1441116949855,0,67% bullish,of 3 ratings,N/A
IMOS,$18.49,1441116949916,"20,067",60% bullish,of 5 ratings,$21.50
CXDC,$5.81,1441116949940,"2,310",67% bearish,of 3 ratings,N/A
CHSCL,$27.15,1441116950095,947,Not yet rated,NULL,N/A
CNET,$0.87,1441116950155,"4,915",50% bullish,of 2 ratings,N/A
CCIH,$7.4001,1441116950230,"31,705",67% bullish,of 6 ratings,$12.65
CHSCO,$28.13,1441116950255,500,Not yet rated,NULL,N/A
CHSCM,$26.24,1441116950295,"1,702",Not yet rated,NULL,N/A
CHSCP,$30.6,1441116950442,2,Not yet rated,NULL,N/A
CHSCN,$26.78,1441116950588,628,Not yet rated,NULL,N/A
CHUY,$30.268,1441116950613,"10,407",50% bullish,of 2 ratings,$34
CHDN,$131.89,1441116950642,"2,516",Not yet rated,NULL,$165
CIFC,$6.89,1441116950864,100,100% bearish,of 1 rating,N/A
CDTX,$14.1499,1441116950928,"8,650",Not yet rated,NULL,$22
CMCT,NULL,1441116950996,0,100% bearish,of 1 rating,N/A
CTAS,$83.9,1441116951131,"52,288",100% bearish,of 1 rating,$91
CMPR,$69,1441116951157,"30,177",50% bullish,of 2 ratings,$72.50
CIDM,$0.5401,1441116951241,"52,971",50% bullish,of 2 ratings,$2.10
CPHR,$5.6,1441116951293,"6,450",100% bearish,of 1 rating,$17
CRUS,$29.77,1441116951321,"70,046",75% bullish,of 12 ratings,$44.50
CINF,$51.08,1441116951342,"34,687",50% bullish,of 4 ratings,$50.50
CTRN,$26.04,1441116951469,"7,379",100% bearish,of 1 rating,$31.50
CZNC,$19.88,1441116951571,400,Not yet rated,NULL,N/A
CZFC,NULL,1441116952556,0,Not yet rated,NULL,N/A
CZWI,NULL,1441116952685,0,Not yet rated,NULL,N/A
CSCO,$25.2999,1441116952758,"3,853,815",84% bullish,of 209 ratings,$32
CIVBP,NULL,1441116952987,0,Not yet rated,NULL,N/A
CHCO,$46.8,1441116953012,"4,893",Not yet rated,NULL,$46
CIVB,$10,1441116953093,300,Not yet rated,NULL,$11
CLNE,$5.12,1441116953238,"237,964",80% bullish,of 15 ratings,$9
CLFD,$16.7452,1441116953371,"4,626",67% bullish,of 3 ratings,$18
CDTI,$1.67,1441116953454,"24,199",75% bullish,of 4 ratings,$3.20
CLRO,$11.203,1441116953513,752,50% bullish,of 2 ratings,$14.25
CLNT,$1.342,1441116953639,770,75% bullish,of 8 ratings,N/A
CIZN,NULL,1441116953667,0,Not yet rated,NULL,N/A
CLIR,$4.83,1441116953714,"3,795",100% bullish,of 3 ratings,N/A
CTXS,$66.37,1441116953870,"204,614",86% bullish,of 7 ratings,$80
CBLI,$4.0401,1441116953916,"5,802",60% bullish,of 5 ratings,N/A
CSBK,$13.7057,1441116954005,"4,400",Not yet rated,NULL,N/A
CLVS,$78.05,1441116954235,"37,941",60% bullish,of 5 ratings,$101.50
CME,$91.35,1441116954272,"197,297",67% bullish,of 3 ratings,$102
CMFN,$11.55,1441116954445,"1,544",100% bearish,of 1 rating,$15.50
CISG,$7.57,1441116954473,"5,785",100% bullish,of 5 ratings,$10
CWAY,$10.88,1441116954494,704,Not yet rated,NULL,N/A
CCNE,$17.02,1441116954528,"1,588",50% bullish,of 2 ratings,$21.50
COBZ,$12.76,1441116954633,"3,553",100% bullish,of 1 rating,$14
COKE,$152.1093,1441116954660,"5,937",79% bullish,of 19 ratings,N/A
CDRB,$13.19,1441116954688,"1,500",67% bullish,of 3 ratings,N/A
CNV,$4.43,1441116954837,"12,782",50% bullish,of 2 ratings,$7.15
JVA,$4.652,1441116954933,568,83% bullish,of 6 ratings,$7
CVLY,NULL,1441116954959,0,Not yet rated,NULL,N/A
CDXS,$3.65,1441116955021,"2,770",64% bullish,of 11 ratings,$6
CGNT,$1.55,1441116955153,"2,000",100% bullish,of 2 ratings,$2
CCOI,$27.5275,1441116955290,"33,816",50% bullish,of 4 ratings,$35
COHR,$56.84,1441116955423,"4,035",50% bullish,of 2 ratings,$72
CHRS,$27.36,1441116955453,"4,441",67% bearish,of 3 ratings,$37
CGNX,$34.565,1441116955481,"29,412",50% bullish,of 2 ratings,$47
CTSH,$62.05,1441116955510,"402,350",90% bullish,of 10 ratings,$75
COHU,$9.69,1441116955585,"7,786",100% bearish,of 1 rating,$14.25
CLRX,$0.62,1441116955612,"24,878",50% bullish,of 2 ratings,N/A
CLCT,$18,1441116955744,"30,454",100% bearish,of 1 rating,N/A
CBAN,NULL,1441116955804,0,Not yet rated,NULL,N/A
COLL,$14.495,1441116955906,"8,312",100% bearish,of 1 rating,$26
CLCD,$6.48,1441116955975,"17,882",100% bearish,of 1 rating,$20.50
CIGI,$43.94,1441116956004,"3,302",100% bearish,of 1 rating,$52
COLB,$29.51,1441116956059,"7,046",Not yet rated,NULL,$36
COLM,$60.28,1441116956185,"7,323",100% bearish,of 1 rating,$71
CMCSA,$55.54,1441116956369,"1,075,124",66% bullish,of 35 ratings,$69.50
CMCSK,$56.62,1441116956442,"211,193",Not yet rated,NULL,$84
CBMX,$1.1,1441116956472,191,83% bullish,of 6 ratings,$3.15
CMCO,$18.7699,1441116956575,"3,347",60% bullish,of 5 ratings,$28
CBSHP,$25.43,1441116956615,"1,206",100% bearish,of 1 rating,N/A
CBSH,$43.67,1441116956746,"14,032",50% bullish,of 2 ratings,$46
CUBN,NULL,1441116956791,0,Not yet rated,NULL,N/A
CVGI,$5.03,1441116956816,"7,104",50% bullish,of 2 ratings,$6
CSAL,$20.25,1441116956946,"130,204",75% bullish,of 4 ratings,$30
JCS,NULL,1441116956972,0,67% bullish,of 3 ratings,N/A
COMM,$32.16,1441116956993,"218,047",67% bearish,of 3 ratings,$35
CYHHZ,$0.01,1441116957138,"14,300",100% bullish,of 1 rating,N/A
ESXB,$5.01,1441116957173,"4,200",Not yet rated,NULL,N/A
CTBI,$34.61,1441116957271,"1,604",Not yet rated,NULL,$36
CWBC,$6.71,1441116957300,"1,212",Not yet rated,NULL,N/A
COB,$10.44,1441116957432,840,100% bullish,of 1 rating,$11.75
CVLT,$35.47,1441116957523,"24,412",75% bullish,of 4 ratings,$44.50
CIL,NULL,1441116957629,0,Not yet rated,NULL,N/A
CIZ,$32.49,1441116957703,122,100% bearish,of 1 rating,N/A
CSF,$36.39,1441116957773,74,100% bearish,of 1 rating,N/A
CID,NULL,1441116957798,0,Not yet rated,NULL,N/A
CSA,NULL,1441116957846,0,Not yet rated,NULL,N/A
CDC,$33.91,1441116957870,"1,382",Not yet rated,NULL,N/A
CFO,$34.677,1441116958076,"7,944",100% bearish,of 1 rating,N/A
CFA,$34.9,1441116958107,200,100% bearish,of 1 rating,N/A
CDL,NULL,1441116958279,0,Not yet rated,NULL,N/A
CGEN,$4.83,1441116958308,"7,011",50% bullish,of 2 ratings,$11
CSB,NULL,1441116958335,0,Not yet rated,NULL,N/A
CPSI,$45.49,1441116958411,"9,805",100% bearish,of 1 rating,$45.50
CHCI,NULL,1441116958636,0,50% bullish,of 2 ratings,N/A
CMTL,$26.21,1441116958675,"2,092",100% bearish,of 2 ratings,$37
CTG,$6.68,1441116958726,"2,716",100% bearish,of 1 rating,$8.50
SCOR,$50.56,1441116958832,"20,667",100% bearish,of 1 rating,$66
CNAT,$3.91,1441116958859,"8,408",83% bullish,of 6 ratings,$13
CNSI,$18.77,1441116958889,"5,931",100% bearish,of 2 ratings,$29
CNCE,$15.29,1441116958915,"50,482",75% bullish,of 4 ratings,$22
CXRX,$76.05,1441116959047,182,100% bearish,of 1 rating,$90
CCUR,$5.87,1441116959074,"4,227",75% bullish,of 4 ratings,N/A
CDORO,NULL,1441116959358,0,100% bearish,of 1 rating,N/A
CFMS,$15.5,1441116959395,"44,748",100% bearish,of 1 rating,$27
CDORP,NULL,1441116959419,0,100% bearish,of 1 rating,N/A
CDOR,NULL,1441116959444,0,100% bullish,of 1 rating,N/A
CNFR,$10.17,1441116959634,7,Not yet rated,NULL,N/A
CTWS,$34.36,1441116959692,"1,672",100% bearish,of 1 rating,$44
CNOB,$18.76,1441116959735,"4,800",100% bullish,of 1 rating,$23.50
CNMD,$52.14,1441116959762,"4,604",Not yet rated,NULL,$59
CNXR,$7.14,1441116959840,"1,554",100% bearish,of 1 rating,$12
CONN,$28.59,1441116959894,"37,956",67% bullish,of 3 ratings,$48.50
CNSL,$19.32,1441116959920,"10,339",100% bearish,of 1 rating,$23
CTCT,$24.42,1441116959983,"14,003",67% bullish,of 3 ratings,$37
CWCO,$10.395,1441116960126,"4,803",67% bullish,of 3 ratings,$14.50
CPSS,$5.59,1441116960173,"4,747",100% bullish,of 1 rating,$10
CTRV,$3.55,1441116960427,"8,715",Not yet rated,NULL,$6.40
CFRXZ,NULL,1441116960486,0,Not yet rated,NULL,N/A
CFRXW,NULL,1441116960512,0,100% bearish,of 1 rating,N/A
CFRX,$4.8775,1441116960558,"2,800",Not yet rated,NULL,$14
CTRL,$8.89,1441116960643,"15,249",50% bullish,of 2 ratings,$11
CPRT,$34.39,1441116960670,"23,578",67% bearish,of 3 ratings,$40
CORT,$4.93,1441116960800,"44,549",67% bullish,of 3 ratings,$12
CRBP,$1.92,1441116960827,"39,309",100% bullish,of 2 ratings,$6.25
BVA,NULL,1441116960965,0,50% bullish,of 2 ratings,N/A
CSOD,$35.41,1441116961051,"25,342",50% bullish,of 2 ratings,$42
CRVL,$29.65,1441116961134,"2,391",100% bearish,of 1 rating,N/A
COSI,$1.18,1441116961163,"2,008",100% bullish,of 1 rating,N/A
CORE,$59.24,1441116961184,"8,123",100% bearish,of 1 rating,$72
CORI,$9.99,1441116961213,"2,673",100% bearish,of 1 rating,$18
CSGP,$172.78,1441116961460,"7,865",50% bullish,of 2 ratings,$235
COST,$138.74,1441116961492,"228,313",79% bullish,of 24 ratings,$154.50
ICBK,NULL,1441116961612,0,Not yet rated,NULL,$21
COVS,$2.67,1441116961751,"3,319",67% bullish,of 3 ratings,N/A
CPAH,NULL,1441116961780,0,50% bullish,of 2 ratings,N/A
CVTI,$23.05,1441116961801,"6,819",67% bearish,of 3 ratings,$39
COWN,$5.0263,1441116961833,"234,960",75% bullish,of 4 ratings,$7
COWNL,NULL,1441116961858,0,Not yet rated,NULL,N/A
CPSH,NULL,1441116962118,0,Not yet rated,NULL,N/A
CBRL,$143.13,1441116962201,"31,478",50% bullish,of 2 ratings,$155
BREW,$7.92,1441116962250,"2,615",67% bullish,of 6 ratings,$15
CRAI,$22.71,1441116962299,"1,900",100% bearish,of 1 rating,$36
CACC,$202.12,1441116962383,"10,806",50% bullish,of 2 ratings,$158.50
CRAY,$20.78,1441116962486,"10,830",83% bullish,of 6 ratings,$38.50
GLDI,$11,1441116962511,"1,402",100% bearish,of 1 rating,N/A
CREE,$26.919,1441116962587,"105,268",65% bullish,of 17 ratings,$29.50
CRESY,$10.25,1441116962778,"6,782",100% bearish,of 1 rating,$19
CROX,$14.4,1441116962808,"62,935",63% bullish,of 8 ratings,$16.50
CRTO,$38.62,1441116962839,"103,319",67% bullish,of 6 ratings,$64
SLVO,$10.001,1441116962868,"1,408",100% bearish,of 1 rating,N/A
CRDS,$1.04,1441116962904,300,75% bullish,of 4 ratings,$4.50
CCRN,$13.71,1441116962998,"26,973",100% bearish,of 1 rating,$14.25
CRWS,$8.1,1441116963025,500,Not yet rated,NULL,$10
CRWN,$5.235,1441116963223,"30,329",75% bullish,of 4 ratings,N/A
CYRX,$2.8284,1441116963318,"5,226",Not yet rated,NULL,$9
CYRXW,NULL,1441116963532,0,Not yet rated,NULL,N/A
CSGS,$30.44,1441116963602,"6,642",Not yet rated,NULL,$40
CSPI,NULL,1441116963629,0,67% bullish,of 3 ratings,N/A
CTIC,$1.575,1441116963651,"76,919",84% bullish,of 76 ratings,$5.75
CTCM,$1.76,1441116963703,"23,491",80% bearish,of 5 ratings,$3.90
CCLP,$14.999,1441116963788,"11,079",67% bearish,of 3 ratings,$20
CTIB,$3.81,1441116963815,600,100% bearish,of 1 rating,N/A
CUNB,$21.37,1441116963840,"4,368",Not yet rated,NULL,$24.50
CUI,$5.225,1441116963992,879,50% bullish,of 2 ratings,$10
CTRP,$64.65,1441116964019,"252,396",75% bullish,of 8 ratings,$92.50
CPIX,$6.02,1441116964168,200,Not yet rated,NULL,N/A
CMLS,$1.4,1441116964226,"27,575",50% bullish,of 4 ratings,$6
CUTR,$14.66,1441116964306,"3,970",67% bearish,of 3 ratings,$18
CRIS,$2.59,1441116964409,"41,075",100% bullish,of 8 ratings,$6
CVBF,$15.83,1441116964657,"43,043",Not yet rated,NULL,$18
CYAN,$7.24,1441116964683,11,100% bearish,of 1 rating,N/A
CYBR,$50.9702,1441116964762,"268,628",75% bullish,of 8 ratings,$66
CVV,$10.92,1441116964817,841,100% bullish,of 5 ratings,N/A
CYBX,$64.46,1441116964865,"8,402",50% bullish,of 4 ratings,$71.50
CYCC,$0.55,1441116964890,2,73% bullish,of 11 ratings,N/A
CYCCP,NULL,1441116964918,0,100% bearish,of 1 rating,N/A
CBAY,$2.65,1441116964939,"11,615",100% bullish,of 1 rating,$4
CYBE,$6.83,1441116965097,"1,453",100% bearish,of 1 rating,N/A
CYNO,$31.23,1441116965275,"27,718",67% bearish,of 3 ratings,$45.50
CYNA,$15.79,1441116965382,"1,100",50% bullish,of 2 ratings,$31.50
CY,$9.9661,1441116965515,"1,359,651",80% bullish,of 10 ratings,$15.50
CYTK,$6.87,1441116965603,"18,730",71% bullish,of 14 ratings,$13.50
CONE,$31.23,1441116965633,"25,409",67% bearish,of 3 ratings,$35.50
CYRN,$1.72,1441116965732,"10,603",67% bullish,of 3 ratings,$4
CYTR,$2.38,1441116965910,"58,147",67% bullish,of 6 ratings,$10
CYTX,$0.3651,1441116965937,"442,688",83% bullish,of 12 ratings,$5.50
CTSO,$6.8,1441116966069,"5,439",Not yet rated,NULL,$15.625
DAEG,$0.37,1441116966101,5,100% bearish,of 1 rating,N/A
TVIX,$17.3199,1441116966123,"3,483,467",81% bullish,of 16 ratings,N/A
TVIZ,$22.69,1441116966159,"7,062",100% bearish,of 1 rating,N/A
XIV,$23.4776,1441116966198,"5,464,779",75% bearish,of 4 ratings,N/A
ZIV,$36.3399,1441116966259,"40,698",Not yet rated,NULL,N/A
DJCO,NULL,1441116966510,0,Not yet rated,NULL,N/A
DAKT,$8.5699,1441116966679,"23,408",50% bullish,of 2 ratings,$12
DAIO,$2.66,1441116966869,"4,450",Not yet rated,NULL,N/A
DTEA,$13.54,1441116966961,"3,736",100% bearish,of 2 ratings,$24
DWCH,$5.08,1441116966991,"2,731",75% bullish,of 4 ratings,$8.25
DARA,$0.855,1441116967018,"15,169",83% bullish,of 6 ratings,$1.50
PLAY,$34.45,1441116967038,"24,787",100% bullish,of 5 ratings,$42
DTLK,$5.74,1441116967067,"2,658",100% bearish,of 1 rating,$9
DRAM,$1.37,1441116967094,204,78% bullish,of 9 ratings,N/A
DBVT,$38.12,1441116967321,"7,661",100% bearish,of 1 rating,$53
DWSN,$4.6,1441116967376,"4,301",67% bullish,of 3 ratings,N/A
DHRM,$1.61,1441116967592,200,Not yet rated,NULL,N/A
TRAK,$62.7501,1441116967617,"44,257",50% bullish,of 2 ratings,$62.50
TACO,$12.52,1441116967650,"41,362",75% bullish,of 4 ratings,$20
DFRG,$14.8,1441116967674,"19,098",100% bearish,of 1 rating,$20
TACOW,$3.93,1441116967752,100,100% bullish,of 1 rating,N/A
DCTH,$0.4398,1441116968047,"15,266",78% bullish,of 9 ratings,N/A
DELTW,NULL,1441116968120,0,Not yet rated,NULL,N/A
DELT,NULL,1441116968158,0,Not yet rated,NULL,N/A
DENN,$11.12,1441116968185,"37,780",100% bullish,of 3 ratings,$15
XRAY,$51.07,1441116968220,"46,180",100% bullish,of 1 rating,$58
DGAS,$20.3,1441116968252,515,67% bearish,of 3 ratings,N/A
DEPO,$26.83,1441116968281,"66,035",60% bullish,of 5 ratings,$29
DERM,$25.86,1441116968350,"7,151",100% bearish,of 1 rating,$33.50
DSCI,$5.8,1441116968587,"9,589",50% bullish,of 2 ratings,$16
DEST,$11.32,1441116968754,"2,124",50% bullish,of 2 ratings,N/A
DXLG,$6,1441116968825,"21,278",100% bearish,of 1 rating,$8
DXM,$0.255,1441116968887,"3,505",50% bullish,of 2 ratings,N/A
DSWL,$1.6914,1441116968914,800,100% bullish,of 1 rating,N/A
DXCM,$90.56,1441116968939,"138,894",57% bullish,of 7 ratings,$98
DHXM,NULL,1441116968990,0,Not yet rated,NULL,N/A
DHIL,$194.795,1441116969091,831,Not yet rated,NULL,N/A
DMND,$29.42,1441116969122,"11,174",75% bullish,of 12 ratings,$32
FANG,$66.8499,1441116969226,"53,721",50% bullish,of 2 ratings,$86.50
DGII,$10.245,1441116969275,"41,445",100% bearish,of 1 rating,$11
DRNA,$10.9,1441116969301,"4,501",67% bearish,of 3 ratings,$25
DCIX,$1.748,1441116969364,708,50% bullish,of 4 ratings,$3.50
DMRC,$37.51,1441116969390,"4,624",100% bearish,of 1 rating,$44
DRAD,$3.8799,1441116969482,"3,391",100% bullish,of 1 rating,$5.25
DGLY,$7.96,1441116969741,"24,794",50% bullish,of 6 ratings,$20
APPS,$2.5,1441116969811,"19,238",100% bearish,of 1 rating,$10.25
DPRX,$14.349,1441116969872,"4,240",100% bullish,of 2 ratings,$27.75
DCOM,$16.71,1441116969942,"9,834",100% bearish,of 2 ratings,$16
DSCO,$0.4201,1441116970036,"37,150",83% bullish,of 6 ratings,$2.75
DIOD,$19.365,1441116970105,"8,197",75% bearish,of 4 ratings,$24
DISCB,NULL,1441116970134,0,100% bearish,of 1 rating,$35
DISCA,$26.19,1441116970162,"245,140",67% bullish,of 3 ratings,$34
DISCK,$24.9501,1441116970238,"181,940",100% bearish,of 1 rating,$32
DVCR,$10.5,1441116970304,400,100% bullish,of 1 rating,N/A
DNBF,$25.37,1441116970374,100,Not yet rated,NULL,$27.50
DISH,$59.23,1441116970402,"103,601",69% bullish,of 13 ratings,$73
DLHC,NULL,1441116970554,0,100% bearish,of 1 rating,N/A
DLTR,$70.8,1441116970622,"2,184,464",82% bullish,of 11 ratings,$88
BAGR,$2.692,1441116970651,610,100% bearish,of 1 rating,$6
DGICA,$14.1,1441116970759,"5,909",100% bearish,of 1 rating,$17
DMLP,$14.98,1441116971000,"2,022",100% bearish,of 1 rating,N/A
HILL,$9.675,1441116971045,"224,172",60% bearish,of 5 ratings,$9.75
DGICB,NULL,1441116971129,0,100% bearish,of 1 rating,N/A
DSKX,$3.2901,1441116971177,"1,352",100% bullish,of 1 rating,N/A
DORM,$49.89,1441116971205,"23,761",100% bearish,of 1 rating,$56
DRWI,$0.2093,1441116971226,"21,400",60% bullish,of 5 ratings,$.45
DRYS,$0.4845,1441116971256,"748,965",77% bullish,of 31 ratings,$.60
DWA,$19.67,1441116971387,"36,491",63% bullish,of 8 ratings,$26
DRWIW,$0.03,1441116971533,117,Not yet rated,NULL,N/A
CADT,NULL,1441116971636,0,Not yet rated,NULL,N/A
DSPG,$8.72,1441116971707,"5,622",100% bearish,of 1 rating,$13.50
CADTR,NULL,1441116971789,0,Not yet rated,NULL,N/A
CADTU,NULL,1441116971838,0,Not yet rated,NULL,N/A
DRRX,$2.04,1441116972044,"12,342",50% bullish,of 6 ratings,$3
CADTW,NULL,1441116972069,0,Not yet rated,NULL,N/A
DNKN,$48.72,1441116972096,"292,711",67% bullish,of 15 ratings,$56.50
DTSI,$25.78,1441116972126,"7,387",100% bearish,of 2 ratings,$39.50
DYAX,$22.45,1441116972231,"51,942",89% bullish,of 9 ratings,$30
DXPE,$29.385,1441116972263,"20,269",50% bullish,of 2 ratings,N/A
DYSL,$1.475,1441116972368,"4,101",100% bullish,of 2 ratings,N/A
BOOM,$11.1,1441116972395,"2,992",67% bullish,of 3 ratings,$12
DVAX,$27.602,1441116972558,"39,007",70% bullish,of 10 ratings,$40
ETFC,$25.11,1441116972583,"355,114",57% bullish,of 14 ratings,$32.50
DYNT,$3.09,1441116972611,300,75% bullish,of 4 ratings,N/A
EBMT,$11.54,1441116972776,300,Not yet rated,NULL,$13.50
EGBN,$41,1441116972824,"2,596",Not yet rated,NULL,$48
EROC,$1.55,1441116973025,"35,033",50% bullish,of 2 ratings,$3
ELNK,$8.355,1441116973118,"33,320",60% bullish,of 5 ratings,$9.50
EGLE,$6.86,1441116973147,804,60% bullish,of 5 ratings,N/A
EGRX,$75.9734,1441116973199,"41,658",67% bullish,of 3 ratings,$97
EML,$16.25,1441116973224,"2,000",Not yet rated,NULL,N/A
EWBC,$39.13,1441116973257,"66,138",100% bearish,of 1 rating,$50
EVBS,$6.59,1441116973287,"1,000",Not yet rated,NULL,$7
EACQU,$10.2,1441116973355,200,Not yet rated,NULL,N/A
EBAY,$26.8,1441116973462,"1,616,105",81% bullish,of 117 ratings,$34
EBIX,$27.91,1441116973754,"15,109",69% bullish,of 13 ratings,$40
ELON,$0.56,1441116973792,"10,882",50% bullish,of 2 ratings,N/A
ECTE,NULL,1441116973883,0,75% bullish,of 4 ratings,N/A
SATS,$43.865,1441116974015,"6,662",50% bullish,of 2 ratings,$60
ECHO,$22.62,1441116974041,"33,491",67% bearish,of 3 ratings,$34.50
ESES,NULL,1441116974070,0,100% bearish,of 1 rating,$7
EEI,NULL,1441116974104,0,67% bearish,of 3 ratings,N/A
ECACU,NULL,1441116974173,0,Not yet rated,NULL,N/A
EDAP,$3.6933,1441116974231,"6,300",60% bullish,of 5 ratings,$4.50
EDGW,$7.07,1441116974336,800,100% bearish,of 1 rating,N/A
EGAN,$3.5922,1441116974414,"7,174",50% bullish,of 2 ratings,$6.25
EFUT,NULL,1441116974514,0,Not yet rated,NULL,N/A
EDUC,$6.48,1441116974539,"1,530",100% bearish,of 1 rating,N/A
EHTH,$14.555,1441116974678,"18,052",50% bullish,of 4 ratings,$16.50
EGLT,$11.4,1441116974744,"11,128",50% bullish,of 2 ratings,$21
LOCO,$12.6,1441116974844,"116,570",69% bullish,of 13 ratings,$19.50
ESLT,$76.1,1441116974932,"2,555",67% bullish,of 3 ratings,N/A
EMITF,$1.2,1441116975026,158,75% bullish,of 4 ratings,N/A
ERI,$9.48,1441116975124,"15,857",100% bearish,of 1 rating,$10
ELRC,$10.52,1441116975157,"1,225",100% bearish,of 1 rating,N/A
EA,$64.7,1441116975179,"288,732",78% bullish,of 36 ratings,$80
ESIO,$4.605,1441116975210,"4,238",50% bullish,of 2 ratings,$10
EFII,$43.05,1441116975266,"44,123",80% bullish,of 5 ratings,$55
ELSE,NULL,1441116975431,0,60% bullish,of 5 ratings,N/A
ELECU,NULL,1441116975533,0,Not yet rated,NULL,N/A
ELEC,NULL,1441116975620,0,Not yet rated,NULL,N/A
EBIO,$3.43,1441116975674,"31,222",100% bearish,of 2 ratings,$8.35
ELECW,NULL,1441116975698,0,Not yet rated,NULL,N/A
RDEN,$10.9,1441116975883,"7,607",100% bearish,of 4 ratings,$15
CAPX,NULL,1441116975959,0,Not yet rated,NULL,N/A
LONG,$16.87,1441116976027,"2,252",67% bullish,of 3 ratings,$15.75
ESBK,NULL,1441116976055,0,Not yet rated,NULL,N/A
EMCI,$22.87,1441116976187,"1,917",Not yet rated,NULL,N/A
ELTK,$1.235,1441116976216,"2,700",67% bearish,of 3 ratings,N/A
EMKR,$6.915,1441116976321,"19,662",75% bullish,of 4 ratings,$8.50
EMCF,$23.48,1441116976356,200,100% bearish,of 1 rating,N/A
EMMS,NULL,1441116976382,0,83% bullish,of 6 ratings,N/A
NYNY,$4.26,1441116976569,"2,684",50% bullish,of 2 ratings,N/A
EMMSP,NULL,1441116976598,0,100% bearish,of 1 rating,N/A
ERS,$2.8606,1441116976699,900,Not yet rated,NULL,N/A
ENTA,$38.0555,1441116976765,"16,569",50% bullish,of 2 ratings,$42
WIRE,$31.58,1441116976832,"5,661",100% bearish,of 1 rating,$37
ENDP,$75.26,1441116977032,"449,113",50% bullish,of 6 ratings,$104
ECPG,$39.75,1441116977094,"13,847",100% bullish,of 2 ratings,$52
ELGX,$12.75,1441116977136,"16,277",75% bullish,of 4 ratings,$17
ECYT,$5.21,1441116977235,"16,900",83% bullish,of 6 ratings,$12
EFOI,$23,1441116977309,"135,321",50% bullish,of 2 ratings,$24.50
WATT,$7.31,1441116977334,"20,398",50% bullish,of 2 ratings,$13
EIGI,$15.135,1441116977362,"52,435",67% bearish,of 3 ratings,$22.50
ERII,$2.67,1441116977533,"2,738",80% bullish,of 5 ratings,$2.50
ENOC,$9.19,1441116977558,"17,354",75% bullish,of 4 ratings,$18
EXXI,$1.8,1441116977592,"187,366",86% bullish,of 7 ratings,$3.50
ENG,$1.01,1441116977843,"14,800",100% bullish,of 3 ratings,N/A
ENPH,$4.58,1441116977868,"85,512",75% bullish,of 4 ratings,$11
ESGR,$145.555,1441116977947,"4,218",100% bearish,of 1 rating,$185
ENFC,$17.49,1441116978027,438,Not yet rated,NULL,N/A
ENTG,$13.51,1441116978090,"24,383",100% bearish,of 1 rating,$18
ENTL,$21.61,1441116978222,"3,398",Not yet rated,NULL,$28
EBTC,$21.09,1441116978431,300,Not yet rated,NULL,N/A
ETRM,$0.27,1441116978459,"37,670",69% bearish,of 35 ratings,$1.625
EGT,NULL,1441116978493,0,100% bullish,of 1 rating,N/A
EFSC,$23.85,1441116978523,"4,500",Not yet rated,NULL,$27
ENVI,$1.8184,1441116978548,"2,557",67% bullish,of 3 ratings,N/A
ENZY,$9.9099,1441116978576,"18,349",67% bullish,of 3 ratings,$9.50
ENZN,$0.9675,1441116978603,"55,431",100% bullish,of 9 ratings,N/A
EPIQ,$12.595,1441116978772,"3,365",100% bearish,of 1 rating,$18
PLUS,$75,1441116979010,"3,028",50% bullish,of 2 ratings,$88
EPZM,$19.365,1441116979035,"29,653",60% bullish,of 5 ratings,$34
EPRS,$5,1441116979060,"7,009",82% bullish,of 11 ratings,$15
EQIX,$263.7,1441116979088,"98,427",75% bullish,of 4 ratings,$312.50
EQFN,NULL,1441116979226,0,100% bearish,of 1 rating,N/A
EAC,$3.4599,1441116979327,"4,132",100% bearish,of 1 rating,$8
ERIC,$9.57,1441116979352,"296,098",67% bullish,of 9 ratings,$12.20
ESCA,$17.62,1441116979483,400,100% bearish,of 1 rating,$22
ESCR,$0.1246,1441116979511,"136,556",50% bullish,of 2 ratings,N/A
ERIE,$81.15,1441116979538,"1,742",Not yet rated,NULL,$73
ESCRP,NULL,1441116979568,0,100% bearish,of 1 rating,N/A
ESPR,$47.09,1441116979645,"120,219",70% bearish,of 10 ratings,$122.50
ESMC,NULL,1441116979707,0,Not yet rated,NULL,N/A
ESSA,$12.781,1441116979794,"1,200",100% bearish,of 1 rating,N/A
EPIX,NULL,1441116979822,0,Not yet rated,NULL,N/A
ESND,$34,1441116980029,"4,251",100% bearish,of 2 ratings,$40
CLWT,NULL,1441116980170,0,100% bullish,of 1 rating,N/A
EEFT,$63.33,1441116980274,"5,982",100% bearish,of 1 rating,$67.50
ESEA,$4.93,1441116980336,320,100% bullish,of 1 rating,$15
ESSX,$0.487,1441116980366,"33,050",50% bullish,of 2 ratings,N/A
EVEP,$8.7688,1441116980405,"54,600",50% bullish,of 2 ratings,$15
ETSY,$14.23,1441116980472,"42,851",80% bullish,of 5 ratings,$16
EVLV,$2.63,1441116980602,"7,250",60% bullish,of 5 ratings,$4.625
EVK,NULL,1441116980650,0,75% bearish,of 4 ratings,N/A
EVOL,$5.835,1441116980806,"1,700",75% bullish,of 4 ratings,$10
EXA,$10.95,1441116980835,"2,147",100% bearish,of 1 rating,$13
EXAC,$19.01,1441116980898,"4,059",100% bearish,of 1 rating,$22.50
EVOK,$3.8668,1441116980923,"4,945",100% bearish,of 1 rating,$13.375
EXAS,$21.87,1441116980969,"96,703",78% bullish,of 9 ratings,$31
EXLS,$35.84,1441116981269,"8,941",50% bullish,of 2 ratings,$41
EXEL,$5.7399,1441116981303,"910,604",81% bullish,of 16 ratings,$6
EXFO,NULL,1441116981376,0,67% bearish,of 3 ratings,$3.95
EXPD,$47.88,1441116981403,"109,080",80% bullish,of 5 ratings,$52
EXPE,$111.78,1441116981431,"149,116",64% bullish,of 11 ratings,$130
ESRX,$82.29,1441116981462,"478,194",67% bearish,of 6 ratings,$101
EXLP,$20.7,1441116981490,"14,744",100% bearish,of 1 rating,$25
EXPO,$42.35,1441116981569,"5,059",100% bearish,of 1 rating,$45.50
EZCH,$22.62,1441116981830,"8,266",75% bullish,of 8 ratings,$19.50
EYEG,$3.56,1441116981855,100,Not yet rated,NULL,N/A
EXTR,$2.9701,1441116981895,"178,846",80% bullish,of 5 ratings,$3
EYEGW,NULL,1441116981923,0,Not yet rated,NULL,N/A
FFIV,$119.8,1441116982027,"100,890",63% bullish,of 8 ratings,$132
EZPW,$6.24,1441116982086,"29,593",50% bullish,of 4 ratings,$7
FB,$88.2363,1441116982245,"5,148,280",73% bullish,of 1072 ratings,$111
FWM,$2.22,1441116982306,"7,100",100% bearish,of 2 ratings,$3.20
FCS,$13.375,1441116982334,"33,279",67% bearish,of 3 ratings,$17
FRP,$15.92,1441116982400,"2,693",100% bearish,of 1 rating,$18
FALC,$1.66,1441116982464,"9,900",63% bearish,of 8 ratings,N/A
DAVE,$14.62,1441116982491,752,100% bearish,of 1 rating,$15.50
FARM,$22.43,1441116982542,"2,509",100% bearish,of 1 rating,$35
FFKT,$25.97,1441116982573,"2,220",Not yet rated,NULL,$29
FMNB,$8.25,1441116982738,420,Not yet rated,NULL,N/A
FARO,$38.37,1441116982965,"5,394",50% bullish,of 2 ratings,$48
FATE,$6.4008,1441116983010,"2,916",50% bullish,of 2 ratings,$11
FDML,$9.0186,1441116983214,"17,724",50% bullish,of 4 ratings,$14
FENX,$9.79,1441116983251,"4,883",100% bullish,of 1 rating,$14.25
FBSS,$15.8,1441116983281,274,Not yet rated,NULL,N/A
FAST,$37.81,1441116983361,"244,464",80% bullish,of 5 ratings,$45.50
FHCO,$1.43,1441116983387,600,50% bullish,of 4 ratings,N/A
FNHC,$21.8932,1441116983414,"3,600",100% bearish,of 1 rating,$35
FCSC,$5.52,1441116983442,"7,100",100% bearish,of 1 rating,$8.125
FEIC,$74.19,1441116983470,"16,827",50% bullish,of 2 ratings,$95.50
FGEN,$23.915,1441116983730,"35,202",100% bearish,of 1 rating,$39
FBRC,$21.41,1441116983828,"8,033",100% bearish,of 1 rating,$29
LION,$18.993,1441116983885,"10,104",100% bullish,of 1 rating,$20
ONEQ,$184.1701,1441116984019,"6,167",100% bullish,of 1 rating,N/A
FRGI,$51.025,1441116984080,"11,367",50% bullish,of 2 ratings,$70
FDUS,$14.47,1441116984109,712,50% bullish,of 2 ratings,$18
FSAM,$8.15,1441116984217,868,100% bearish,of 1 rating,$10.25
FSC,$6.46,1441116984283,"58,522",60% bullish,of 5 ratings,$8
FITB,$19.28,1441116984348,"941,262",54% bullish,of 13 ratings,$22
FSCFL,$24.4,1441116984426,400,Not yet rated,NULL,N/A
FITBI,$27.39,1441116984509,605,Not yet rated,NULL,N/A
FNGN,$31.42,1441116984568,"35,051",67% bullish,of 3 ratings,$47
FSFR,$8.83,1441116984601,"8,950",100% bearish,of 1 rating,$11.50
FNSR,$15.15,1441116984696,"30,164",71% bullish,of 7 ratings,$24
FISI,$24.67,1441116984726,"2,486",100% bullish,of 2 ratings,$24.50
FNJN,$1.78,1441116984859,"8,441",100% bearish,of 1 rating,$5
FNTC,NULL,1441116985075,0,Not yet rated,NULL,N/A
FNTCU,NULL,1441116985102,0,Not yet rated,NULL,N/A
FRBA,NULL,1441116985255,0,Not yet rated,NULL,$8
FEYE,$37.3672,1441116985282,"445,527",88% bullish,of 16 ratings,$55.50
FBNC,$16.76,1441116985311,108,100% bullish,of 1 rating,$20
FBIZ,$22.38,1441116985338,"3,496",100% bearish,of 2 ratings,$26
FNLC,$18.3375,1441116985412,726,100% bullish,of 1 rating,N/A
BUSE,$6.36,1441116985471,"7,106",Not yet rated,NULL,$6.875
FNTCW,NULL,1441116985640,0,Not yet rated,NULL,N/A
FCAP,$26.5,1441116985836,200,Not yet rated,NULL,N/A
FCVA,NULL,1441116985862,0,Not yet rated,NULL,N/A
FCFS,$40.66,1441116985883,"16,315",100% bearish,of 3 ratings,$47
FCNCA,$233.56,1441116985923,268,Not yet rated,NULL,N/A
FCBC,$17.52,1441116986017,"1,019",Not yet rated,NULL,$18
FCLF,$9.19,1441116986064,"1,500",Not yet rated,NULL,N/A
FDEF,$37.33,1441116986298,"1,638",Not yet rated,NULL,$38
FBNK,$16.61,1441116986387,"1,824",100% bearish,of 1 rating,$17.50
FCCO,$12.1462,1441116986413,"7,294",Not yet rated,NULL,$13.25
FFNM,NULL,1441116986445,0,Not yet rated,NULL,N/A
FCFP,NULL,1441116986488,0,Not yet rated,NULL,N/A
FFBC,$17.95,1441116986548,"8,967",67% bearish,of 3 ratings,$20.25
FFIN,$30.05,1441116986578,"13,553",50% bullish,of 2 ratings,$31.75
FFBCW,NULL,1441116986607,0,100% bearish,of 1 rating,N/A
THFF,$32.85,1441116986904,"1,388",Not yet rated,NULL,$35
FFNW,$12.15,1441116986936,"2,258",Not yet rated,NULL,$14
FFWM,$21.2,1441116986972,"2,174",Not yet rated,NULL,$24
INBK,$31.97,1441116987032,"1,161",50% bullish,of 2 ratings,$37
FIBK,$26.025,1441116987141,"17,840",Not yet rated,NULL,$32
FRME,$25.64,1441116987186,"17,828",Not yet rated,NULL,$26.50
FMBH,NULL,1441116987244,0,Not yet rated,NULL,N/A
FNBC,$34.245,1441116987379,"2,991",Not yet rated,NULL,$40
FNWB,$11.9,1441116987413,"4,290",Not yet rated,NULL,N/A
FMBI,$17.13,1441116987441,"31,544",Not yet rated,NULL,$20
FNFG,$9.005,1441116987508,"228,461",80% bullish,of 5 ratings,$9
FSFG,NULL,1441116987580,0,Not yet rated,NULL,N/A
FSGI,$2.48,1441116987608,158,Not yet rated,NULL,N/A
FSBK,$7.61,1441116987739,100,100% bullish,of 1 rating,N/A
FSLR,$47.895,1441116987764,"274,406",72% bullish,of 39 ratings,$65
BICK,NULL,1441116987931,0,100% bullish,of 1 rating,N/A
FBZ,NULL,1441116988213,0,Not yet rated,NULL,N/A
FCAN,$24.26,1441116988240,2,Not yet rated,NULL,N/A
FV,$22.8701,1441116988261,"399,696",100% bearish,of 1 rating,N/A
FTCS,$35.79,1441116988296,"2,129",100% bearish,of 1 rating,N/A
FEMB,NULL,1441116988397,0,Not yet rated,NULL,N/A
FTSM,$59.958,1441116988427,"7,554",100% bearish,of 1 rating,N/A
IFV,$17.4,1441116988447,"61,345",100% bearish,of 1 rating,N/A
FCA,$18.683,1441116988478,550,Not yet rated,NULL,N/A
TDIV,$24.28,1441116988695,"13,273",100% bearish,of 1 rating,N/A
MDIV,$18.9893,1441116988720,"38,021",Not yet rated,NULL,N/A
FEUZ,$30.71,1441116988795,20,Not yet rated,NULL,N/A
FTGC,$22.39,1441116988951,"6,901",Not yet rated,NULL,N/A
FGM,$34.9511,1441116988977,572,Not yet rated,NULL,N/A
FTHI,$18.94,1441116989113,226,Not yet rated,NULL,N/A
HYLS,$49.35,1441116989152,"5,695",100% bearish,of 1 rating,N/A
FPXI,$26.49,1441116989217,300,Not yet rated,NULL,N/A
FHK,$32.43,1441116989242,941,Not yet rated,NULL,N/A
CU,$12.77,1441116989278,"2,540",100% bearish,of 1 rating,N/A
YDIV,$16.23,1441116989308,"1,869",Not yet rated,NULL,N/A
SKYY,$28.3946,1441116989385,"8,402",100% bullish,of 1 rating,N/A
PLTM,$6.353,1441116989411,"1,716",100% bearish,of 1 rating,N/A
FJP,$45.12,1441116989682,"6,781",Not yet rated,NULL,N/A
LMBS,$50.36,1441116989933,200,Not yet rated,NULL,N/A
FTLB,$19.43,1441116990067,10,100% bearish,of 1 rating,N/A
FMB,$51.3,1441116990199,202,Not yet rated,NULL,N/A
QABA,$36.932,1441116990224,"1,179",100% bearish,of 1 rating,N/A
CIBR,$17.5282,1441116990262,"16,036",Not yet rated,NULL,N/A
QCLN,$14.8899,1441116990288,"5,340",Not yet rated,NULL,N/A
FONE,NULL,1441116990308,0,Not yet rated,NULL,N/A
RDVY,$20.69,1441116990439,510,Not yet rated,NULL,N/A
GRID,$31.16,1441116990465,320,100% bearish,of 1 rating,N/A
CARZ,NULL,1441116990598,0,100% bearish,of 1 rating,N/A
QTEC,$39.2704,1441116990626,"5,360",Not yet rated,NULL,N/A
QQEW,$40.909,1441116990660,"12,740",Not yet rated,NULL,N/A
AIRR,$16.3557,1441116990757,"2,196",100% bearish,of 1 rating,N/A
QINC,$20.02,1441116990786,100,Not yet rated,NULL,N/A
QQXT,$39.559,1441116990852,"3,890",Not yet rated,NULL,N/A
FTSL,$48.8274,1441116991134,"8,457",100% bearish,of 1 rating,N/A
FSZ,$38.59,1441116991167,"1,648",Not yet rated,NULL,N/A
FDIV,NULL,1441116991216,0,100% bearish,of 1 rating,N/A
FTW,$30.92,1441116991297,100,Not yet rated,NULL,N/A
FKO,NULL,1441116991323,0,Not yet rated,NULL,N/A
FUNC,NULL,1441116991380,0,Not yet rated,NULL,N/A
FKU,$40.85,1441116991408,"2,152",Not yet rated,NULL,N/A
TUSA,NULL,1441116991456,0,Not yet rated,NULL,N/A
FMER,$17.5,1441116991660,"74,075",50% bullish,of 2 ratings,$20
FISV,$83.54,1441116991750,"59,400",100% bearish,of 3 ratings,$90
FSV,$31.29,1441116991790,"2,200",Not yet rated,NULL,$33.60
FIVE,$38.05,1441116991821,"92,144",75% bearish,of 4 ratings,$44
SVVC,$9.4155,1441116991928,"8,045",50% bullish,of 2 ratings,$26
FPRX,$18.32,1441116992009,"64,788",50% bullish,of 2 ratings,$35
FIVN,$3.985,1441116992108,"13,750",100% bullish,of 1 rating,$8.50
FLML,$21.08,1441116992179,"12,234",50% bullish,of 2 ratings,$30
FLXN,$23.9,1441116992208,"8,057",100% bearish,of 1 rating,$40
FLKS,$11.92,1441116992229,"1,609",50% bullish,of 2 ratings,$27
SKOR,$50.76,1441116992366,800,Not yet rated,NULL,N/A
MBSD,$25.14,1441116992387,408,Not yet rated,NULL,N/A
FLXS,$30.31,1441116992470,"1,763",100% bearish,of 2 ratings,N/A
FLIR,$28.08,1441116992599,"76,684",100% bearish,of 1 rating,$38.50
FLEX,$10.23,1441116992624,"172,107",63% bullish,of 8 ratings,$12
FFIC,$19.69,1441116992777,"2,902",Not yet rated,NULL,$20.50
FOMX,$9.97,1441116992806,"7,898",50% bullish,of 2 ratings,$23.50
FLDM,$12.01,1441116992846,"24,469",67% bearish,of 3 ratings,$15
FONR,$9.5,1441116992935,400,100% bullish,of 1 rating,N/A
FOGO,$19.105,1441116992996,"9,502",50% bullish,of 2 ratings,$25.50
FES,$0.8999,1441116993025,100,50% bullish,of 2 ratings,$1
FORM,$6.62,1441116993126,"13,525",67% bullish,of 3 ratings,$10.50
FORTY,NULL,1441116993224,0,100% bearish,of 1 rating,N/A
FORR,$31.085,1441116993252,798,Not yet rated,NULL,N/A
FBIO,$2.6501,1441116993297,"8,250",83% bullish,of 6 ratings,N/A
FORD,$1.8299,1441116993394,"1,336,923",67% bullish,of 3 ratings,N/A
FTNT,$41.3,1441116993422,"91,072",80% bullish,of 10 ratings,$52
FWRD,$44.32,1441116993474,"7,783",100% bearish,of 1 rating,$50
FWP,$26.38,1441116993703,"2,078",100% bearish,of 1 rating,$45
FMI,$22.7,1441116993754,"20,818",100% bearish,of 2 ratings,$27.50
FOSL,$60.2975,1441116993793,"104,236",60% bearish,of 5 ratings,$80
FOXF,$15,1441116993883,"12,287",100% bearish,of 1 rating,$19
FXCB,$17,1441116993934,412,Not yet rated,NULL,$19
FELE,$28.59,1441116993955,"15,066",50% bullish,of 4 ratings,$33
FRAN,$11.26,1441116994087,"41,180",50% bullish,of 4 ratings,$15
FRED,$13.1,1441116994113,"16,196",50% bullish,of 2 ratings,$15.50
FREE,$0.3779,1441116994142,"79,552",92% bullish,of 12 ratings,N/A
RAIL,$21.13,1441116994298,"9,854",100% bearish,of 1 rating,$24.50
FEIM,$11.02,1441116994396,100,100% bearish,of 1 rating,N/A
FRPT,$12.93,1441116994423,"44,451",67% bearish,of 3 ratings,$23.50
FTR,$4.9999,1441116994481,"1,570,350",78% bullish,of 27 ratings,$6.25
FRPH,$30.36,1441116994584,601,100% bearish,of 1 rating,N/A
FTRPR,$100.16,1441116994608,"1,200",100% bearish,of 1 rating,N/A
FSBW,NULL,1441116994757,0,Not yet rated,NULL,N/A
FTEK,$2.05,1441116994917,"12,381",75% bullish,of 4 ratings,N/A
FTD,$29.3101,1441116994944,"3,892",100% bearish,of 1 rating,$40
FSYS,NULL,1441116995018,0,67% bullish,of 3 ratings,$10
FCEL,$0.9212,1441116995077,"1,134,121",88% bullish,of 41 ratings,$2.65
FULLL,NULL,1441116995106,0,Not yet rated,NULL,N/A
FULL,$3.15,1441116995130,"5,199",67% bearish,of 3 ratings,$4.25
FULT,$11.85,1441116995263,"63,324",100% bearish,of 1 rating,$13
FLL,$1.49,1441116995356,262,75% bullish,of 4 ratings,$3.50
FSNN,$2.09,1441116995487,300,67% bullish,of 3 ratings,$6
FXENP,$15.76,1441116995578,667,100% bearish,of 1 rating,N/A
FXEN,$0.984,1441116995604,"6,685",75% bullish,of 4 ratings,$1.10
FFHL,NULL,1441116995629,0,50% bullish,of 4 ratings,N/A
GK,$66.435,1441116995816,"1,986",Not yet rated,NULL,$78
WILC,NULL,1441116995861,0,100% bullish,of 2 ratings,N/A
GAIA,$6.06,1441116995948,"1,000",50% bullish,of 2 ratings,$8.50
GALT,$2.139,1441116995981,"9,040",80% bullish,of 5 ratings,N/A
GLPG,$59.1299,1441116996047,"6,343",100% bullish,of 1 rating,$75
GALTW,NULL,1441116996073,0,100% bullish,of 1 rating,N/A
GALTU,NULL,1441116996102,0,100% bearish,of 1 rating,N/A
GALE,$1.58,1441116996128,"783,612",89% bullish,of 47 ratings,$4
GLPI,$30.83,1441116996257,"33,261",100% bearish,of 1 rating,$37.50
GLMD,$8.12,1441116996390,"6,900",67% bullish,of 3 ratings,$20.50
GRMN,$37,1441116996584,"119,806",50% bullish,of 6 ratings,$46.50
GPIC,$9.5,1441116996636,786,100% bearish,of 1 rating,N/A
GGACU,NULL,1441116996770,0,Not yet rated,NULL,N/A
GARS,$14.43,1441116996804,"7,770",Not yet rated,NULL,$16
GENC,$9.0134,1441116996830,620,100% bearish,of 1 rating,N/A
GGAC,NULL,1441116996855,0,100% bearish,of 1 rating,N/A
GGACR,NULL,1441116996905,0,100% bullish,of 1 rating,N/A
GGACW,NULL,1441116996929,0,Not yet rated,NULL,N/A
GNCMA,$16.81,1441116997189,"13,640",100% bearish,of 1 rating,$12
GFN,$3.68,1441116997238,"1,400",100% bearish,of 2 ratings,$8
GFNCP,$92,1441116997265,490,Not yet rated,NULL,N/A
GENE,$2.37,1441116997328,"28,702",100% bullish,of 12 ratings,N/A
GNMK,$10.12,1441116997461,"9,834",67% bullish,of 6 ratings,$14
GNCA,$11.5,1441116997519,"28,136",100% bearish,of 1 rating,$20
GFNSL,NULL,1441116997591,0,Not yet rated,NULL,N/A
GNTX,$15.35,1441116997747,"180,884",Not yet rated,NULL,$20
GHDX,$26.69,1441116997842,"10,125",50% bullish,of 2 ratings,$30
THRM,$45.0495,1441116997873,"23,053",75% bearish,of 4 ratings,$55.50
GNVC,$2.37,1441116997970,"14,900",90% bullish,of 10 ratings,$8.50
GTWN,NULL,1441116998033,0,Not yet rated,NULL,N/A
GEOS,$17.14,1441116998067,"10,097",100% bearish,of 3 ratings,$21
GABC,$28.81,1441116998126,"2,108",Not yet rated,NULL,$31
GERN,$2.95,1441116998173,"221,344",88% bullish,of 16 ratings,$5.25
GEVO,$2.34,1441116998396,"142,253",75% bullish,of 12 ratings,$5
ROCK,$16.015,1441116998456,"29,998",80% bullish,of 5 ratings,$24
GIGA,$1.58,1441116998526,"113,222",100% bearish,of 1 rating,N/A
GIGM,$0.5301,1441116998599,"3,199",100% bullish,of 2 ratings,N/A
GIII,$68.24,1441116998624,"31,573",67% bullish,of 3 ratings,$75
GILT,$4.19,1441116998651,"2,680",50% bullish,of 2 ratings,N/A
GILD,$103.3,1441116998780,"1,551,036",91% bullish,of 87 ratings,$129
GBCI,$25.36,1441116998914,"56,498",50% bullish,of 2 ratings,$31
GLAD,$8.79,1441116998962,"83,535",50% bullish,of 2 ratings,$8.75
GLADO,$25.55,1441116999011,100,Not yet rated,NULL,N/A
GOODP,$25.1,1441116999140,2,Not yet rated,NULL,N/A
GOOD,$14.24,1441116999202,"6,608",Not yet rated,NULL,$19
GOODN,$25.61,1441116999227,300,Not yet rated,NULL,N/A
GOODO,$25,1441116999271,1,Not yet rated,NULL,N/A
GAIN,$7.397,1441116999446,"13,221",100% bullish,of 2 ratings,$8.25
GAINN,$24.85,1441116999549,349,Not yet rated,NULL,N/A
GAINO,$25.17,1441116999651,2,Not yet rated,NULL,N/A
GAINP,$25.9,1441116999806,1,Not yet rated,NULL,N/A
LAND,$9.0499,1441116999834,"37,979",50% bullish,of 2 ratings,$13.75
GBT,$48.21,1441116999880,"23,348",100% bearish,of 1 rating,N/A
GLBZ,NULL,1441116999966,0,Not yet rated,NULL,N/A
GDEF,NULL,1441116999994,0,Not yet rated,NULL,N/A
GBLI,$26.79,1441117000190,"4,200",Not yet rated,NULL,N/A
GSOL,$8.13,1441117000217,"3,124",100% bearish,of 1 rating,N/A
ENT,$11.32,1441117000246,"16,558",100% bearish,of 1 rating,$18
GPACU,NULL,1441117000350,0,Not yet rated,NULL,N/A
QQQC,$18.272,1441117000384,"1,443",100% bearish,of 1 rating,N/A
ACTX,NULL,1441117000417,0,100% bullish,of 1 rating,N/A
SOCL,$17.15,1441117000516,"3,408",100% bullish,of 2 ratings,N/A
ALTY,$14.31,1441117000696,200,Not yet rated,NULL,N/A
SRET,$13.02,1441117000799,101,Not yet rated,NULL,N/A
GAI,$6.69,1441117000879,"9,228",50% bullish,of 2 ratings,N/A
YLCO,$11.68,1441117000951,300,Not yet rated,NULL,N/A
GSM,$13.335,1441117001021,"37,078",50% bullish,of 2 ratings,$22
GLBS,NULL,1441117001055,0,67% bullish,of 3 ratings,N/A
GBIM,$2.54,1441117001080,"2,613",50% bullish,of 2 ratings,N/A
GLRI,NULL,1441117001123,0,100% bearish,of 1 rating,$4.25
GLYC,$6.98,1441117001252,700,50% bullish,of 2 ratings,$14
GLUU,$4.41,1441117001279,"175,241",92% bullish,of 26 ratings,$9
GOGO,$15.9,1441117001423,"56,762",80% bullish,of 5 ratings,$25
GLNG,$37.955,1441117001448,"101,338",83% bullish,of 6 ratings,$55.50
GMLP,$19.43,1441117001477,"23,109",50% bullish,of 4 ratings,$29
GLDC,NULL,1441117001504,0,50% bullish,of 2 ratings,N/A
GDEN,NULL,1441117001648,0,50% bullish,of 2 ratings,N/A
GOGL,$3.06,1441117001707,"17,232",75% bullish,of 4 ratings,$5
GOOG,$605.205,1441117001889,"354,493",88% bullish,of 72 ratings,$825
GTIM,$6.79,1441117001914,"2,398",Not yet rated,NULL,$11.50
GBDC,$17,1441117001939,"48,219",Not yet rated,NULL,$17.75
GOOGL,$636.9311,1441117002069,"254,863",88% bullish,of 1082 ratings,$749
GPIA,NULL,1441117002117,0,100% bearish,of 1 rating,N/A
GPIAU,NULL,1441117002145,0,Not yet rated,NULL,N/A
GMAN,$3.7981,1441117002200,"5,996",60% bullish,of 5 ratings,$8.50
GPRO,$43.53,1441117002244,"2,781,606",78% bullish,of 58 ratings,$72
GRVY,NULL,1441117002364,0,50% bullish,of 2 ratings,N/A
LOPE,$37.2214,1441117002390,"19,781",100% bearish,of 2 ratings,$50
GBSNU,NULL,1441117002435,0,NULL,NULL,NULL
GPIAW,NULL,1441117002468,0,Not yet rated,NULL,N/A
GLDD,$5.37,1441117002597,"4,697",100% bearish,of 4 ratings,$7.75
GBSN,$0.317,1441117002628,"1,561,976",50% bullish,of 2 ratings,$8.25
GPP,$13.835,1441117002970,"2,508",Not yet rated,NULL,$20.50
GSBC,$40.11,1441117002996,"2,700",100% bullish,of 1 rating,$44
GNBC,$11.75,1441117003074,903,100% bearish,of 1 rating,$16.50
GCBC,$28.497,1441117003138,456,100% bullish,of 1 rating,N/A
GPRE,$20.36,1441117003165,"36,300",67% bullish,of 6 ratings,$28.50
GRBK,$11.82,1441117003187,"6,253",77% bullish,of 13 ratings,N/A
GRIF,NULL,1441117003219,0,100% bearish,of 1 rating,N/A
GLRE,$25.15,1441117003248,"29,184",50% bullish,of 2 ratings,$41
GRPN,$4.42,1441117003616,"598,097",61% bullish,of 71 ratings,$6.75
GGAL,$19.18,1441117003678,"36,406",80% bullish,of 5 ratings,$40
OMAB,$40.94,1441117003722,"3,888",100% bullish,of 1 rating,$44
GRFS,$29.67,1441117003748,"24,342",50% bullish,of 2 ratings,$35
GSIG,$12.995,1441117003779,607,100% bearish,of 2 ratings,N/A
GSIT,$4.62,1441117003879,"1,950",100% bearish,of 1 rating,N/A
GSVC,$8.518,1441117003908,"10,619",50% bullish,of 2 ratings,$15.75
GFED,NULL,1441117004203,0,Not yet rated,NULL,$17
GBNK,$15.83,1441117004229,"1,383",100% bearish,of 1 rating,$18
GULTU,NULL,1441117004262,0,100% bearish,of 1 rating,N/A
GTXI,$0.9087,1441117004358,100,100% bullish,of 5 ratings,$.75
GIFI,$12.54,1441117004390,"4,571",100% bearish,of 1 rating,$16
GPOR,$35.12,1441117004420,"120,099",75% bullish,of 4 ratings,$54
GUID,$6.92,1441117004442,"39,198",100% bearish,of 3 ratings,$10
GURE,$1.701,1441117004588,"4,400",88% bullish,of 8 ratings,N/A
GWPH,$105.18,1441117004731,"17,030",78% bullish,of 9 ratings,$148.50
HEES,$19.465,1441117004961,"43,992",67% bearish,of 3 ratings,$31
GYRO,$29.1,1441117005094,"33,195",100% bearish,of 1 rating,N/A
GWGH,NULL,1441117005229,0,100% bearish,of 1 rating,$15.05
HLG,$9,1441117005258,"3,362",100% bearish,of 1 rating,N/A
HBHC,$27.22,1441117005286,"30,247",50% bullish,of 2 ratings,$30
HALL,$11.3,1441117005307,"2,462",Not yet rated,NULL,N/A
HNRG,$8.02,1441117005344,"6,550",100% bearish,of 1 rating,$10
HALO,$16.76,1441117005365,"140,142",67% bullish,of 3 ratings,$22.50
HMPR,$1.86,1441117005439,800,100% bullish,of 1 rating,N/A
HBHCL,$24.313,1441117005522,"1,500",Not yet rated,NULL,N/A
HNH,$25.11,1441117005763,950,100% bullish,of 1 rating,N/A
HAFC,$23.73,1441117005788,"23,985",100% bullish,of 2 ratings,$28.50
HBK,NULL,1441117005819,0,50% bullish,of 2 ratings,N/A
HNSN,$0.546,1441117005845,"2,000",88% bullish,of 8 ratings,$.40
HQCL,$12.3,1441117006021,"11,374",67% bullish,of 3 ratings,$14
HLIT,$5.7,1441117006084,"20,204",100% bearish,of 1 rating,$6.50
HDNG,$10.02,1441117006269,"1,540",50% bullish,of 4 ratings,N/A
HRMNW,NULL,1441117006458,0,Not yet rated,NULL,N/A
TINY,$2.44,1441117006594,"13,410",50% bullish,of 2 ratings,$5.26
HART,$1.273,1441117006624,"87,814",100% bearish,of 1 rating,N/A
HRMN,NULL,1441117006659,0,Not yet rated,NULL,N/A
HCAP,$11.9201,1441117006680,"3,000",50% bullish,of 2 ratings,$15
HRMNU,NULL,1441117006700,0,Not yet rated,NULL,N/A
HBIO,$4.33,1441117006762,"2,608",100% bearish,of 1 rating,$10
HCAPL,NULL,1441117007035,0,Not yet rated,NULL,N/A
HAS,$73.5143,1441117007228,"136,229",63% bullish,of 8 ratings,$84.50
HCOM,$21.596,1441117007253,300,100% bearish,of 1 rating,$28
HDS,$32.29,1441117007415,"88,387",100% bearish,of 2 ratings,$39.50
HWBK,NULL,1441117007490,0,100% bearish,of 1 rating,N/A
HAYN,$37.65,1441117007522,"4,540",100% bearish,of 1 rating,$59
HA,$22.51,1441117007579,"53,560",67% bullish,of 9 ratings,$27
HIIQ,$5.03,1441117007624,"6,660",50% bullish,of 2 ratings,$7
HWKN,$37.46,1441117007657,"1,706",Not yet rated,NULL,N/A
HQY,$28.99,1441117007757,"14,297",67% bullish,of 3 ratings,$35
HCSG,$33.13,1441117007786,"18,296",50% bullish,of 4 ratings,$35
HWAY,$11.93,1441117007921,"28,179",100% bearish,of 1 rating,$15
HSTM,$24.2022,1441117007947,"3,844",50% bullish,of 2 ratings,$33.75
HTLF,$35.51,1441117008085,"3,177",100% bullish,of 1 rating,$39.50
HTWR,$83.59,1441117008151,"19,813",50% bullish,of 2 ratings,$103
HTLD,$19.79,1441117008176,"22,290",Not yet rated,NULL,$22.50
HTBX,$4.0301,1441117008355,"60,148",50% bullish,of 2 ratings,$15.50
HSII,$19.22,1441117008389,"5,352",100% bullish,of 3 ratings,$25
HELE,$83.27,1441117008488,"15,338",67% bearish,of 3 ratings,$100
HERO,NULL,1441117008515,0,NULL,NULL,NULL
HMTV,$13.44,1441117008619,"3,626",100% bearish,of 1 rating,$16
HCACU,NULL,1441117008748,0,Not yet rated,NULL,N/A
HMNY,NULL,1441117008781,0,100% bearish,of 1 rating,N/A
HSIC,$133.8,1441117008811,"39,911",83% bullish,of 6 ratings,$146
HFWA,$17.37,1441117008842,816,100% bullish,of 1 rating,$20
HNNA,$24.68,1441117008887,100,Not yet rated,NULL,N/A
HTBK,$10.45,1441117008943,"4,677",Not yet rated,NULL,$12
HEOP,$7.65,1441117009101,516,Not yet rated,NULL,$8.50
HCCI,$11.5,1441117009229,"3,056",100% bearish,of 1 rating,$16.50
HIBB,$39,1441117009391,"27,081",100% bearish,of 1 rating,$46.50
MLHR,$26.759,1441117009459,"14,365",50% bullish,of 2 ratings,$33.50
HSKA,$33.68,1441117009485,"3,533",100% bearish,of 1 rating,$38
HRTX,$36.09,1441117009524,"258,738",57% bullish,of 7 ratings,$41
HPJ,$2.2,1441117009554,"4,031",75% bullish,of 4 ratings,$12.43
HFFC,$15.86,1441117009655,602,Not yet rated,NULL,N/A
HIMX,$6.8231,1441117009682,"155,742",86% bullish,of 21 ratings,$8.50
HMNF,$11.64,1441117009955,201,Not yet rated,NULL,N/A
HSGX,$5.9,1441117009988,400,100% bearish,of 1 rating,$17
HIHO,$4.1162,1441117010016,"15,271",Not yet rated,NULL,N/A
HMSY,$10.235,1441117010044,"73,377",67% bullish,of 3 ratings,$19.35
HIFS,$115.55,1441117010085,200,Not yet rated,NULL,N/A
HOLI,$17.07,1441117010215,"39,251",50% bullish,of 4 ratings,$27
HOLX,$38.25,1441117010298,"128,807",50% bullish,of 4 ratings,$42
HBCP,$24.73,1441117010431,429,Not yet rated,NULL,$29
HFBL,$21.58,1441117010557,998,Not yet rated,NULL,N/A
HOMB,$37.45,1441117010610,"10,619",Not yet rated,NULL,$42
AWAY,$28.42,1441117010658,"58,787",67% bullish,of 3 ratings,$36
CETC,$0.75,1441117011535,"4,350",86% bullish,of 7 ratings,N/A
HOFT,$23.51,1441117011599,"3,236",100% bearish,of 1 rating,N/A
HZNP,$29,1441117012050,"182,265",85% bullish,of 20 ratings,$40
HBNC,$23.6,1441117012109,"1,400",100% bullish,of 1 rating,$27
HKTV,$4.41,1441117012209,25,100% bearish,of 1 rating,N/A
HTBI,$18.105,1441117012303,"7,600",67% bullish,of 3 ratings,$18.625
HMST,$22.115,1441117012386,"3,488",100% bullish,of 2 ratings,$27
HMIN,$26.31,1441117012451,"29,198",100% bearish,of 2 ratings,$35
HRZN,$10.39,1441117012542,"1,900",50% bullish,of 2 ratings,$14.25
HFBC,$11.22,1441117012603,2,Not yet rated,NULL,N/A
HDP,$23.26,1441117013015,"9,468",67% bearish,of 3 ratings,$30.50
HOVNP,NULL,1441117013045,0,100% bearish,of 1 rating,N/A
HBMD,NULL,1441117013075,0,100% bearish,of 1 rating,N/A
ZINC,$7.97,1441117013144,"109,576",100% bearish,of 1 rating,$17
HTGM,$5.57,1441117013205,200,100% bearish,of 1 rating,$19.50
HWCC,$7.54,1441117013232,"4,428",100% bearish,of 1 rating,$9
HSNI,$60.1305,1441117013262,"21,937",Not yet rated,NULL,$80
HMHC,$22.58,1441117013283,"62,956",Not yet rated,NULL,$27
HCBK,$9.01,1441117013471,"389,809",83% bullish,of 6 ratings,$8.61
HUBG,$36.98,1441117013575,"11,693",100% bearish,of 1 rating,$43
HSON,NULL,1441117013658,0,100% bearish,of 1 rating,$5
HDSN,$3.08,1441117013706,172,100% bullish,of 1 rating,$6.25
HBANP,NULL,1441117013791,0,100% bearish,of 1 rating,N/A
HBAN,$10.59,1441117014012,"1,000,727",76% bullish,of 17 ratings,$12.29
HURN,$71.75,1441117014042,"2,249",50% bullish,of 2 ratings,$80
HTCH,$1.42,1441117014069,"33,590",100% bearish,of 1 rating,$3.50
HURC,$30.32,1441117014097,226,100% bearish,of 1 rating,N/A
HBP,$3.097,1441117014129,"1,580",100% bullish,of 1 rating,N/A
HDRAR,NULL,1441117014155,0,Not yet rated,NULL,N/A
HDRA,NULL,1441117014236,0,Not yet rated,NULL,N/A
HDRAU,$0.05,1441117014429,0,Not yet rated,NULL,N/A
HYGS,$9.1699,1441117014458,"3,842",50% bullish,of 2 ratings,$13
IDSY,$3.75,1441117014485,"1,100",100% bearish,of 1 rating,$7
HDRAW,NULL,1441117014559,0,Not yet rated,NULL,N/A
IACI,$69.145,1441117014727,"60,148",75% bullish,of 4 ratings,$90
IEP,$72.38,1441117014991,"9,022",75% bullish,of 4 ratings,$99
IKGH,$1.55,1441117015025,"8,100",75% bullish,of 4 ratings,N/A
ICAD,$3.92,1441117015058,"4,180",100% bullish,of 2 ratings,$7.25
ICON,$13.5,1441117015123,"62,903",50% bullish,of 2 ratings,$28
IBKC,$59.465,1441117015155,"18,467",100% bullish,of 1 rating,$70
ICFI,$33.77,1441117015182,"3,040",50% bullish,of 2 ratings,$48.50
ICLR,$76.19,1441117015208,"27,019",100% bearish,of 3 ratings,$85
ICUI,$111.64,1441117015258,"5,282",Not yet rated,NULL,$122
IPWR,NULL,1441117015411,0,100% bullish,of 1 rating,$15
INVE,$4.68,1441117015474,"3,325",75% bullish,of 4 ratings,$4
IDRA,$2.92,1441117015579,"154,634",89% bullish,of 9 ratings,$6.50
DSKY,$11.07,1441117015651,"7,518",67% bullish,of 6 ratings,$11.50
IDXX,$70.23,1441117015677,"56,501",100% bearish,of 1 rating,$76
IROQ,$16.97,1441117015845,600,100% bullish,of 1 rating,N/A
IRG,$4.775,1441117015911,"1,055",100% bearish,of 1 rating,$4.25
IIVI,$16.59,1441117015983,"6,612",100% bearish,of 1 rating,$22
KANG,$15.5,1441117016008,"63,526",50% bullish,of 2 ratings,$23.10
IKAN,$2.73,1441117016082,"2,110",83% bullish,of 6 ratings,$5
ISNS,$3.9413,1441117016142,"1,448",50% bullish,of 2 ratings,N/A
IKNX,NULL,1441117016226,0,100% bearish,of 1 rating,N/A
RXDX,$13.61,1441117016282,"11,742",100% bullish,of 1 rating,$20
IMMR,$11.32,1441117016382,"18,439",80% bullish,of 5 ratings,$15.50
ICCC,$7.16,1441117016434,"2,640",100% bullish,of 1 rating,N/A
ILMN,$195.564,1441117016475,"99,790",80% bullish,of 5 ratings,$245
IMDZ,$15.38,1441117016540,"13,906",100% bearish,of 1 rating,$33
IMGN,$13.08,1441117016800,"80,920",75% bullish,of 4 ratings,$17.50
IMMY,$7.45,1441117016853,300,100% bearish,of 1 rating,$11
IMNP,$1.21,1441117016889,"68,100",50% bullish,of 2 ratings,$6
IMMU,$2.225,1441117016957,"171,377",86% bullish,of 7 ratings,$2
INCR,$41.5,1441117016982,"67,620",50% bullish,of 2 ratings,$53
SAAS,$7.39,1441117017007,"30,413",50% bullish,of 2 ratings,$15
IPXL,$40.58,1441117017038,"46,733",67% bullish,of 3 ratings,$46.50
INCY,$115.157,1441117017063,"117,828",50% bullish,of 6 ratings,$125.50
INFN,$21.47,1441117017609,"170,991",71% bullish,of 7 ratings,$28
IBCP,$13.99,1441117017636,"16,993",100% bullish,of 1 rating,$14.50
IBTX,$41.39,1441117017657,"2,733",100% bullish,of 2 ratings,$47.25
INDB,$44.24,1441117017691,"3,498",Not yet rated,NULL,$44
IDSA,NULL,1441117017719,0,Not yet rated,NULL,N/A
INFI,$8.53,1441117017786,"26,358",50% bullish,of 4 ratings,$16.50
IFON,$1.24,1441117017816,"10,123",75% bullish,of 4 ratings,N/A
III,$3.715,1441117017841,"8,900",57% bullish,of 7 ratings,$6
IPCC,$76.66,1441117018059,"1,057",Not yet rated,NULL,$77.50
INWK,$7.05,1441117018090,"3,726",50% bullish,of 2 ratings,$10
IMKTA,$49.54,1441117018147,"4,747",100% bearish,of 1 rating,N/A
INOD,$2.4,1441117018190,"1,800",100% bearish,of 1 rating,N/A
INNL,NULL,1441117018252,0,100% bearish,of 1 rating,$16.50
IPHS,$47.28,1441117018279,"10,644",100% bearish,of 1 rating,$60
IOSP,$48.45,1441117018361,"24,911",100% bearish,of 1 rating,N/A
ISSC,NULL,1441117018409,0,67% bearish,of 3 ratings,N/A
INOV,$21.52,1441117018735,"22,920",100% bearish,of 1 rating,$33
INGN,$48.17,1441117018766,"16,212",100% bearish,of 1 rating,$50.50
ITEK,$12.105,1441117018800,"75,670",100% bearish,of 3 ratings,$20
INSM,$23.55,1441117018866,"34,329",71% bullish,of 7 ratings,$31.50
INO,$7.17,1441117018937,"143,548",89% bullish,of 18 ratings,$20
ISIG,$2.75,1441117018962,550,100% bearish,of 1 rating,N/A
NSIT,$24.82,1441117018989,"7,036",50% bullish,of 2 ratings,N/A
IIIN,$17.05,1441117019019,"6,015",100% bearish,of 2 ratings,N/A
INSY,$32.835,1441117019120,"78,995",75% bullish,of 4 ratings,$48
NTEC,$5.4656,1441117019416,381,100% bearish,of 1 rating,N/A
IDTI,$18.6,1441117019454,"164,059",60% bullish,of 5 ratings,$25
PODD,$28.9,1441117019486,"23,191",67% bearish,of 3 ratings,$35
IART,$59.2,1441117019512,"8,962",100% bearish,of 2 ratings,$71.50
IESC,NULL,1441117019583,0,100% bearish,of 1 rating,N/A
ISSI,$21.86,1441117019646,"11,834",67% bullish,of 3 ratings,$19.75
INTC,$27.86,1441117019680,"5,597,231",82% bullish,of 238 ratings,$36
IQNT,$18.2544,1441117019854,"13,787",86% bullish,of 7 ratings,$20
IPCI,$2.225,1441117019947,"1,200",67% bullish,of 6 ratings,$8
ICPT,$185,1441117020040,"38,858",70% bullish,of 10 ratings,$359.50
ININ,$34.7663,1441117020075,"10,487",67% bearish,of 3 ratings,$57
ICLD,$1.8501,1441117020126,"37,685",75% bullish,of 4 ratings,N/A
IBKR,$38.95,1441117020147,"104,406",100% bullish,of 1 rating,N/A
IPAR,$25.23,1441117020183,"2,362",67% bullish,of 3 ratings,$38
ICLDW,NULL,1441117020285,0,100% bearish,of 1 rating,N/A
IDCC,$48.935,1441117020416,"37,671",80% bullish,of 5 ratings,$63
IBOC,$24.83,1441117020636,"6,444",100% bearish,of 1 rating,N/A
TILE,$23.88,1441117020662,"21,088",100% bearish,of 3 ratings,$27
IMI,$2.02,1441117020702,"5,178",67% bullish,of 3 ratings,$2.22
INAP,$8.89,1441117020728,"147,153",75% bullish,of 4 ratings,$11
ISCA,$31.8,1441117020871,"5,987",100% bearish,of 1 rating,N/A
IIJI,NULL,1441117020897,0,50% bullish,of 2 ratings,$11.50
IGLD,$6.92,1441117021034,"3,500",50% bullish,of 2 ratings,N/A
PTNT,$2.98,1441117021059,5,Not yet rated,NULL,N/A
XENT,$25.36,1441117021138,"3,389",50% bullish,of 2 ratings,$36.50
INTX,$2.0699,1441117021199,"2,154",67% bullish,of 3 ratings,N/A
INPH,NULL,1441117021267,0,50% bullish,of 2 ratings,N/A
ISIL,$10.365,1441117021297,"83,380",50% bullish,of 6 ratings,$15
IILG,$19.46,1441117021429,"9,170",100% bearish,of 1 rating,$29
IVAC,$4.66,1441117021574,"2,604",100% bearish,of 1 rating,$6.625
INTLL,$25.6,1441117021824,300,Not yet rated,NULL,N/A
INTL,$25.95,1441117021869,"14,279",67% bearish,of 3 ratings,N/A
INTU,$84.27,1441117021955,"233,287",86% bullish,of 7 ratings,$107.50
IIN,$6.25,1441117021997,"1,000",100% bearish,of 1 rating,$12
ITCI,$26.23,1441117022022,"85,215",75% bearish,of 4 ratings,$40
INVT,$0.339,1441117022047,"13,150",67% bullish,of 3 ratings,N/A
SNAK,$8.53,1441117022093,"19,006",50% bullish,of 2 ratings,$14
ISRG,$504.055,1441117022123,"28,181",67% bullish,of 3 ratings,$600
ISBC,$11.525,1441117022437,"314,296",100% bullish,of 1 rating,$13.25
NVIV,$9.3399,1441117022511,"34,287",50% bullish,of 4 ratings,$24.50
ITIC,$70,1441117022573,100,100% bearish,of 2 ratings,N/A
ISTR,$15.6,1441117022598,159,100% bearish,of 1 rating,$18.50
IVTY,$13.57,1441117022731,"1,300",Not yet rated,NULL,$18
IPAS,$1.09,1441117022804,"1,400",67% bullish,of 3 ratings,N/A
DFVL,$66.06,1441117022970,830,Not yet rated,NULL,N/A
IPCM,$79.295,1441117023147,"13,429",50% bullish,of 2 ratings,$80.125
DTUL,$64.48,1441117023174,"1,062",Not yet rated,NULL,N/A
IRMD,$23.615,1441117023199,"12,672",67% bearish,of 3 ratings,$25
IPGP,$82.35,1441117023225,"16,753",67% bearish,of 3 ratings,$109.50
IRIX,$6.865,1441117023402,"9,600",100% bearish,of 1 rating,N/A
IRDM,$7.165,1441117023428,"89,588",60% bullish,of 5 ratings,$11.50
IRDMB,NULL,1441117023709,0,67% bearish,of 3 ratings,N/A
IRBT,$29.03,1441117023739,"7,187",67% bullish,of 6 ratings,$37
IRWD,$10.78,1441117023764,"122,465",100% bearish,of 1 rating,$13
GNMA,$50.33,1441117023788,"1,600",Not yet rated,NULL,N/A
IRCP,NULL,1441117023845,0,100% bullish,of 2 ratings,N/A
COMT,$33.76,1441117023919,"4,232",100% bearish,of 1 rating,N/A
FCHI,NULL,1441117023969,0,NULL,NULL,NULL
IFEU,$36.8,1441117024075,"1,096",Not yet rated,NULL,N/A
IFAS,NULL,1441117024657,0,NULL,NULL,NULL
IFGL,$27.631,1441117024818,"34,920",Not yet rated,NULL,N/A
IFNA,NULL,1441117025069,0,NULL,NULL,NULL
ACWX,$39.6,1441117025381,"56,400",100% bearish,of 1 rating,N/A
ACWI,$54.52,1441117025537,"101,124",Not yet rated,NULL,N/A
AAXJ,$51.999,1441117025779,"60,378",Not yet rated,NULL,N/A
AAIT,NULL,1441117027179,0,NULL,NULL,NULL
AXJS,NULL,1441117027239,0,NULL,NULL,NULL
EEME,NULL,1441117027513,0,NULL,NULL,NULL
EEMA,$49.18,1441117027539,"5,971",Not yet rated,NULL,N/A
EMEY,NULL,1441117027569,0,NULL,NULL,NULL
EMDI,NULL,1441117027592,0,NULL,NULL,NULL
EGRW,NULL,1441117027669,0,NULL,NULL,NULL
EVAL,NULL,1441117027691,0,NULL,NULL,NULL
EEML,$27.25,1441117027757,"1,379",Not yet rated,NULL,N/A
EUFN,$21.2152,1441117027820,"19,141",100% bearish,of 1 rating,N/A
IEUS,$44.67,1441117027946,62,100% bearish,of 1 rating,N/A
QAT,$21.5169,1441117027971,"11,658",Not yet rated,NULL,N/A
IBB,$335.615,1441117028044,"312,255",63% bullish,of 8 ratings,N/A
UAE,$18.1105,1441117028143,"8,000",Not yet rated,NULL,N/A
EMIF,$27.9482,1441117028215,"1,235",Not yet rated,NULL,N/A
SOXX,$81.52,1441117028468,"65,880",50% bullish,of 2 ratings,N/A
WOOD,$47.1401,1441117028634,504,50% bullish,of 2 ratings,N/A
IGOV,$91.0999,1441117028667,"1,178",100% bearish,of 1 rating,N/A
ISHG,$80.12,1441117028766,400,100% bearish,of 1 rating,N/A
INDY,$26.7,1441117028791,"60,018",50% bullish,of 2 ratings,N/A
ICLN,$9.2401,1441117028822,"3,578",50% bullish,of 2 ratings,N/A
ITRN,$24.01,1441117029008,600,50% bullish,of 2 ratings,N/A
ITRI,$29.71,1441117029092,"8,986",100% bearish,of 1 rating,$37
ISRL,NULL,1441117029298,0,100% bearish,of 1 rating,N/A
ISIS,$48.35,1441117029366,"296,363",53% bullish,of 15 ratings,$67
ISLE,$17.85,1441117029399,"40,250",50% bullish,of 4 ratings,$16
XXIA,$15.12,1441117029435,"27,002",71% bullish,of 7 ratings,$14.625
IXYS,$11.645,1441117029730,"10,412",50% bullish,of 4 ratings,N/A
ITUS,$4,1441117029755,"1,600",Not yet rated,NULL,N/A
JJSF,$112.76,1441117029829,504,100% bearish,of 1 rating,N/A
JBHT,$71.29,1441117029924,"119,506",50% bullish,of 4 ratings,$89.50
MAYS,NULL,1441117029957,0,Not yet rated,NULL,N/A
JCOM,$68.1699,1441117030025,"34,957",100% bullish,of 2 ratings,$77
JASO,$7.975,1441117030098,"137,346",82% bullish,of 17 ratings,$10
JKHY,$66.9,1441117030183,"20,351",50% bullish,of 2 ratings,$72
JACK,$77.2,1441117030227,"29,436",83% bullish,of 6 ratings,$105
JAGX,$3,1441117030320,200,Not yet rated,NULL,$10.50
JXSB,$24.13,1441117030396,200,Not yet rated,NULL,N/A
JAKK,$9.36,1441117030426,"21,522",60% bearish,of 5 ratings,$11
JAXB,NULL,1441117030447,0,100% bullish,of 1 rating,N/A
JMBA,$14,1441117030480,"11,567",75% bullish,of 4 ratings,$18
ERW,NULL,1441117030614,0,Not yet rated,NULL,N/A
JRVR,$27.45,1441117030807,"1,888",Not yet rated,NULL,$32
JASNW,NULL,1441117030964,0,50% bullish,of 2 ratings,N/A
JASN,$4.955,1441117030993,"3,900",50% bullish,of 2 ratings,$9.50
JD,$25.42,1441117031106,"1,093,029",75% bullish,of 16 ratings,$36
JTPY,$2.93,1441117031139,5,100% bearish,of 1 rating,N/A
JAZZ,$166.53,1441117031214,"38,032",80% bullish,of 15 ratings,$206.50
JST,NULL,1441117031285,0,75% bullish,of 4 ratings,N/A
JBLU,$21.87,1441117031313,"841,524",94% bullish,of 18 ratings,$27
DATE,$5.98,1441117031345,"2,903",75% bullish,of 4 ratings,$9
JIVE,$4.52,1441117031444,"33,931",75% bullish,of 4 ratings,$5
JCTCF,NULL,1441117031499,0,100% bullish,of 1 rating,N/A
JBSS,$50.73,1441117031577,"2,039",67% bearish,of 3 ratings,N/A
WYIGU,NULL,1441117031679,0,100% bearish,of 1 rating,N/A
JOEZ,$0.165,1441117031728,"3,070",92% bullish,of 12 ratings,N/A
JOUT,$24.58,1441117031775,126,100% bearish,of 1 rating,$34
JNP,$10.8,1441117031910,"6,020",100% bullish,of 3 ratings,$15
JUNO,$35.5032,1441117032043,"127,068",73% bullish,of 11 ratings,$71.50
KALU,$82.29,1441117032130,"7,802",67% bearish,of 3 ratings,$91
KTWO,$21,1441117032172,"12,280",100% bearish,of 1 rating,$28.50
KNDI,$6.7,1441117032198,"78,108",86% bullish,of 22 ratings,N/A
KBIO,$2.17,1441117032226,"44,015",50% bullish,of 4 ratings,N/A
KMDA,$3.445,1441117032255,"1,000",50% bullish,of 2 ratings,$8
KPTI,$13.4,1441117032426,"24,135",67% bearish,of 3 ratings,$39
KCLI,$46.75,1441117032501,"1,367",Not yet rated,NULL,N/A
KRNY,$11.23,1441117032643,"52,641",100% bearish,of 1 rating,$12
KCAP,$4.63,1441117032668,"23,013",75% bullish,of 4 ratings,$6
KBSF,NULL,1441117032692,0,100% bullish,of 1 rating,N/A
KELYA,$14.27,1441117033054,"7,159",67% bullish,of 6 ratings,$20
KFFB,NULL,1441117033088,0,100% bearish,of 1 rating,N/A
KMPH,$18.73,1441117033135,"5,588",100% bearish,of 2 ratings,$22
KELYB,NULL,1441117033168,0,50% bullish,of 2 ratings,N/A
KERX,$5.98,1441117033222,"117,754",82% bullish,of 11 ratings,$12
KEQU,$16.98,1441117033247,240,100% bullish,of 1 rating,N/A
GMCR,$55.7,1441117033275,"223,329",71% bullish,of 42 ratings,$64
KTCC,$10.149,1441117033296,375,100% bearish,of 1 rating,$16
KTEC,$12.02,1441117033491,"4,399",Not yet rated,NULL,N/A
KFRC,$26.23,1441117033577,"15,436",100% bullish,of 2 ratings,$29
KE,$11.7,1441117033677,"1,882",67% bearish,of 3 ratings,$16
KIN,$5.92,1441117033703,"1,614",50% bullish,of 2 ratings,$6.25
KBAL,$10.72,1441117033728,"7,608",50% bullish,of 2 ratings,N/A
KONE,NULL,1441117033934,0,Not yet rated,NULL,N/A
KGJI,$0.6606,1441117033961,"96,007",89% bullish,of 9 ratings,N/A
KIRK,$22.17,1441117034038,"5,534",50% bullish,of 2 ratings,$32
KLAC,$48.76,1441117034097,"113,040",100% bearish,of 1 rating,$61.50
KITE,$51.4001,1441117034144,"48,251",89% bullish,of 9 ratings,$85
KINS,$8.3509,1441117034189,632,100% bullish,of 1 rating,N/A
KLXI,$38.25,1441117034225,"34,468",100% bearish,of 1 rating,$48.50
KOPN,$3.07,1441117034357,"20,986",50% bullish,of 2 ratings,$4.50
KONA,$18.505,1441117034455,"2,216",50% bullish,of 2 ratings,$28
KZ,$6.45,1441117034513,"24,953",60% bearish,of 5 ratings,N/A
KRNT,$11.51,1441117034599,"4,390",50% bullish,of 2 ratings,$18
KOSS,$2.42,1441117034680,192,100% bearish,of 2 ratings,N/A
KWEB,$29.51,1441117034842,"2,954",Not yet rated,NULL,N/A
KTOS,$4.61,1441117034914,"90,038",50% bullish,of 2 ratings,$8.50
KUTV,NULL,1441117035006,0,50% bullish,of 2 ratings,N/A
KYTH,$74.72,1441117035044,"21,812",100% bullish,of 3 ratings,$66
KLIC,$10.56,1441117035074,"29,154",80% bullish,of 5 ratings,$13
LJPC,$34.18,1441117035095,"35,113",87% bullish,of 15 ratings,$32
KVHI,$10.83,1441117035131,71,100% bearish,of 1 rating,$16
FSTR,$17.57,1441117035227,"3,163",100% bearish,of 1 rating,$40.50
LSBK,NULL,1441117035304,0,Not yet rated,NULL,N/A
LSBG,$14.598,1441117035498,500,Not yet rated,NULL,N/A
LBAI,$10.87,1441117035525,"1,072",Not yet rated,NULL,$13.25
LKFN,$40.39,1441117035545,"3,000",Not yet rated,NULL,$45
LAKE,$9.1688,1441117035733,"5,164",57% bullish,of 7 ratings,$19
