Symbol,Price,Date,Volume,Rating,RatingVoteCount,OneYearEstimate
TFSC,NULL,1441037702987,0,100% bearish,of 1 rating,N/A
TFSCW,NULL,1441037703022,0,100% bearish,of 1 rating,N/A
PIH,$7.5099,1441037703044,600,100% bearish,of 1 rating,N/A
FLWS,$8.58,1441037703074,"157,861",80% bullish,of 5 ratings,$15
TFSCR,NULL,1441037703114,0,Not yet rated,NULL,N/A
TFSCU,NULL,1441037703139,0,Not yet rated,NULL,N/A
SRCE,$29.58,1441037703519,"3,577",100% bullish,of 3 ratings,$33
USLV,$12.5501,1441037703551,"149,596",86% bullish,of 7 ratings,N/A
VNET,$18.17,1441037703589,"203,989",60% bullish,of 5 ratings,$35
UGLD,$9.273,1441037703614,"72,084",100% bearish,of 1 rating,N/A
DSLV,$68.885,1441037703643,"6,521",100% bearish,of 1 rating,N/A
FCCY,NULL,1441037703673,0,100% bullish,of 1 rating,$13
JOBS,$27.29,1441037703700,"29,097",50% bullish,of 4 ratings,$36
FCTY,$7.82,1441037703721,"1,300",100% bullish,of 1 rating,$8.50
TWOU,$35.04,1441037703956,"61,221",50% bullish,of 2 ratings,$39
DGLD,$81.1656,1441037703986,"5,548",100% bullish,of 1 rating,N/A
CAFD,$15.02,1441037704292,"43,142",Not yet rated,NULL,$25
SIXD,$2.41,1441037704361,"52,162",Not yet rated,NULL,N/A
SHLM,$34.63,1441037704430,"10,695",100% bearish,of 1 rating,$47
ABEO,$4.83,1441037704456,"20,586",50% bullish,of 4 ratings,$15.50
EGHT,$7.83,1441037704512,"59,924",82% bullish,of 17 ratings,$11
AAON,$20.64,1441037704538,"24,075",100% bearish,of 1 rating,$24
ABGB,$5.96,1441037704843,"20,430",67% bullish,of 3 ratings,$5.50
ABAX,$47.64,1441037704901,"19,962",100% bearish,of 1 rating,$60
ABMD,$97.82,1441037704930,"90,059",75% bullish,of 4 ratings,$100.50
ACTG,$9.52,1441037704972,"38,899",67% bullish,of 3 ratings,$18.50
ABEOW,$2,1441037704998,"2,000",100% bullish,of 1 rating,N/A
AVHI,$14,1441037705026,"10,570",100% bearish,of 1 rating,$19
AXAS,$1.95,1441037705162,"307,652",78% bullish,of 9 ratings,$3.50
ABY,$23.07,1441037705183,"156,770",100% bearish,of 2 ratings,$46
ACAD,$37.61,1441037705515,"242,111",80% bullish,of 20 ratings,$48
ACHC,$73.76,1441037705542,"156,596",50% bullish,of 2 ratings,$92
XLRN,$29.7,1441037705597,"22,862",50% bullish,of 2 ratings,$57
ANCX,$20.4,1441037705872,"7,135",Not yet rated,NULL,$20
ACET,$22.64,1441037705912,"12,497",75% bullish,of 4 ratings,$30
VXDN,$1.95,1441037705937,"19,411",100% bearish,of 1 rating,N/A
AXDX,$19.41,1441037705966,"32,142",100% bearish,of 1 rating,N/A
ACST,$0.355,1441037705995,"6,757",100% bullish,of 2 ratings,N/A
ACRX,$4.35,1441037706021,"118,333",67% bearish,of 6 ratings,$5.50
AKAO,$6.98,1441037706101,"17,146",75% bullish,of 4 ratings,$15
ARAY,$6.89,1441037706344,"422,776",100% bearish,of 1 rating,$10.50
ACNB,$20.06,1441037706443,100,Not yet rated,NULL,N/A
ACIW,$21.5399,1441037706538,"63,314",67% bearish,of 3 ratings,$24
ACHN,$7.57,1441037706569,"677,239",90% bullish,of 21 ratings,$16
ACOR,$32.31,1441037706590,"156,455",67% bearish,of 3 ratings,$38.50
VXUP,$1.57,1441037706675,"21,769",100% bearish,of 1 rating,N/A
ACTS,$1.7,1441037706762,"46,955",100% bearish,of 1 rating,N/A
ACTA,$14.14,1441037706907,"16,081",67% bearish,of 3 ratings,$25
ACPW,$2.0457,1441037706940,"78,723",100% bullish,of 4 ratings,$3.50
ATVI,$28.59,1441037706962,"3,371,239",67% bullish,of 84 ratings,$31.50
ACXM,$21.09,1441037706995,"104,172",67% bullish,of 3 ratings,N/A
ACUR,$2.915,1441037707037,"7,926",100% bullish,of 5 ratings,$5
ADMS,$20.19,1441037707101,"10,365",100% bearish,of 2 ratings,$36
ADAP,$11.62,1441037707403,"5,342",67% bullish,of 3 ratings,$22
ADUS,$28.805,1441037707430,"19,284",100% bearish,of 1 rating,$31
AEY,$2.3121,1441037707703,"1,000",100% bearish,of 2 ratings,N/A
ADEP,$7.13,1441037707745,"18,209",50% bullish,of 2 ratings,$10.75
ADMA,$9.465,1441037707796,"5,451",Not yet rated,NULL,$19
ADMP,$3.5635,1441037707843,"2,635",50% bullish,of 2 ratings,$10
AEIS,$24.49,1441037707891,"41,404",50% bullish,of 2 ratings,$32.50
ADRO,$19.26,1441037707984,"65,896",80% bullish,of 5 ratings,$45.50
ADTN,$15.9,1441037708020,"47,104",67% bullish,of 3 ratings,$17.125
AMD,$1.85,1441037708260,"2,489,393",83% bullish,of 103 ratings,$2
ADBE,$79.18,1441037708410,"492,667",65% bullish,of 17 ratings,$90
ADXSW,$10.68,1441037708473,"3,200",100% bullish,of 1 rating,N/A
MULT,NULL,1441037708513,0,100% bearish,of 1 rating,N/A
AEGR,$17.95,1441037708540,"64,269",50% bullish,of 6 ratings,$26
ADXS,$15.08,1441037708683,"197,614",64% bullish,of 14 ratings,$27
YPRO,NULL,1441037708812,0,100% bearish,of 1 rating,N/A
AEGN,$18.5601,1441037708897,"24,535",100% bearish,of 2 ratings,$21
AMTX,$3.0217,1441037709073,"3,900",50% bullish,of 2 ratings,$26.11
AEHR,$2.4,1441037709098,"2,200",50% bullish,of 2 ratings,N/A
AVAV,$24.03,1441037709123,"11,585",50% bullish,of 4 ratings,$31
AFMD,$10.37,1441037709333,"60,733",50% bullish,of 4 ratings,$15
AEZS,$0.0853,1441037709361,"6,047,973",90% bullish,of 21 ratings,$1.50
AEPI,$54.86,1441037709383,"4,703",100% bearish,of 1 rating,N/A
AEMD,$7.3,1441037709529,"9,011",Not yet rated,NULL,$27.50
AERI,$16.12,1441037709565,"174,356",75% bullish,of 4 ratings,$31.50
AGEN,$7.2646,1441037709587,"178,644",85% bullish,of 13 ratings,$14
AFFX,$9.35,1441037709667,"75,046",80% bullish,of 5 ratings,$12.50
AGRX,$8.92,1441037709695,"1,850",100% bearish,of 1 rating,$17.50
AGYS,$10.22,1441037709865,"7,400",100% bearish,of 1 rating,N/A
AGIO,$89.34,1441037709965,"33,811",88% bullish,of 8 ratings,$114
AGFSW,$2.145,1441037710123,"11,100",100% bearish,of 2 ratings,N/A
AGFS,$9.965,1441037710171,"29,761",100% bearish,of 1 rating,N/A
AIMT,$21.75,1441037710303,"50,770",Not yet rated,NULL,N/A
AIRT,$22.37,1441037710387,263,100% bullish,of 1 rating,N/A
AKAM,$71.52,1441037710585,"357,165",63% bullish,of 8 ratings,$77
ATSG,$8.93,1441037710614,"18,744",67% bullish,of 3 ratings,$13
AKRX,$40.5,1441037710635,"113,813",78% bullish,of 9 ratings,$56
AMCN,$4.575,1441037710657,"60,203",83% bullish,of 6 ratings,N/A
AIRM,$38.11,1441037710691,"41,384",80% bearish,of 5 ratings,$53
AIXG,$6.41,1441037710864,"5,829",67% bearish,of 3 ratings,$5.25
AKER,$2.569,1441037710962,"15,602",Not yet rated,NULL,N/A
AKBA,$7.12,1441037710992,"31,721",100% bearish,of 1 rating,$18
ALRM,$16.92,1441037711094,"15,192",100% bearish,of 1 rating,$22
AMRI,$20.39,1441037711119,"23,598",75% bearish,of 4 ratings,$24
ALSK,$2.2099,1441037711166,"44,386",78% bullish,of 18 ratings,$2
ALXN,$174.93,1441037711573,"257,561",88% bullish,of 8 ratings,$223
ADHD,$7.875,1441037711599,"29,604",50% bullish,of 4 ratings,$18
ABDC,$12.78,1441037711652,"10,961",Not yet rated,NULL,$15
ALDX,$7.4,1441037711731,"2,354",100% bearish,of 1 rating,$14.50
ALDR,$38.81,1441037711793,"100,317",67% bearish,of 3 ratings,$62
ALXA,$1.103,1441037711822,"1,690",83% bullish,of 6 ratings,$2.125
ALKS,$61.58,1441037711880,"136,359",67% bullish,of 3 ratings,$75
ALGN,$57.27,1441037711913,"63,798",100% bearish,of 2 ratings,$73
ALCO,$42.11,1441037712019,828,50% bullish,of 2 ratings,N/A
ALIM,$3.45,1441037712091,"12,453",80% bullish,of 5 ratings,$10
ALGT,$203.83,1441037712151,"48,516",100% bearish,of 2 ratings,$235
ALLB,$22.64,1441037712331,100,Not yet rated,NULL,N/A
AFOP,$18.9,1441037712357,"68,602",75% bullish,of 8 ratings,$21
ARLP,$25.641,1441037712512,"67,153",67% bearish,of 3 ratings,$32
AMOT,$19.48,1441037712583,"28,676",100% bearish,of 1 rating,N/A
AIQ,$14.59,1441037712609,"3,700",67% bullish,of 3 ratings,N/A
AHGP,$36.029,1441037712640,"20,484",67% bullish,of 3 ratings,N/A
ALQA,$4.36,1441037712693,"9,885",75% bullish,of 4 ratings,$8.50
AHPI,$1.5,1441037712798,200,50% bullish,of 2 ratings,N/A
ALLT,$5.22,1441037712862,"199,176",75% bullish,of 4 ratings,$6.25
AFAM,$44.6,1441037713040,"13,971",50% bullish,of 2 ratings,$44
ALNY,$104.769,1441037713105,"576,654",67% bullish,of 3 ratings,$148.50
AOSL,$7.5,1441037713167,"10,483",67% bullish,of 3 ratings,$9
SMCP,NULL,1441037713266,0,Not yet rated,NULL,N/A
MDRX,$13.84,1441037713296,"343,402",60% bullish,of 5 ratings,$16
ATEC,$0.5803,1441037713399,"7,400",100% bullish,of 1 rating,$2
ALTR,$48.67,1441037713428,"221,433",80% bearish,of 5 ratings,$54
ASPS,$27.13,1441037713457,"66,923",67% bullish,of 3 ratings,$46.50
AMAG,$64.3401,1441037713533,"145,853",100% bullish,of 2 ratings,$77.50
AIMC,$25.01,1441037713662,"14,326",100% bearish,of 2 ratings,$28.50
AMRN,$2.21,1441037713840,"575,306",85% bullish,of 39 ratings,$8
AMRK,$10.33,1441037713866,200,50% bullish,of 2 ratings,$14
AMZN,$516.26,1441037713895,"578,411",81% bullish,of 264 ratings,$646
AYA,$20.55,1441037713999,"5,767",100% bearish,of 1 rating,$40
AMBC,$15.87,1441037714070,"57,908",100% bearish,of 1 rating,$16.50
AMBA,$97.68,1441037714137,"1,062,116",83% bullish,of 12 ratings,$102.50
AMBCW,NULL,1441037714201,0,100% bearish,of 1 rating,N/A
DOX,$57.55,1441037714432,"42,740",67% bearish,of 3 ratings,$60
AMDA,$0.4621,1441037714515,"159,865",90% bullish,of 10 ratings,$1
UHAL,$375.19,1441037714585,"1,972",100% bullish,of 2 ratings,$393.50
AMCX,$73.34,1441037714615,"89,524",67% bullish,of 3 ratings,$87.50
ASBI,$22.71,1441037714718,100,Not yet rated,NULL,N/A
AMED,$38.685,1441037714808,"26,564",100% bearish,of 1 rating,$42
EPAX,$2.7,1441037714900,"4,900",100% bearish,of 1 rating,N/A
ATAX,$5.265,1441037715092,"27,150",100% bullish,of 1 rating,$6.50
AGNC,$19.18,1441037715118,"913,654",71% bullish,of 28 ratings,$22
AGNCP,$25.35,1441037715247,"3,400",Not yet rated,NULL,N/A
AMOV,$18.14,1441037715274,295,100% bearish,of 1 rating,N/A
AAL,$39.31,1441037715329,"3,229,960",93% bullish,of 88 ratings,$57
MTGEP,NULL,1441037715518,0,Not yet rated,NULL,N/A
MTGE,$15.18,1441037715583,"125,982",75% bullish,of 4 ratings,$19.50
AGNCB,$24.341,1441037715610,843,Not yet rated,NULL,N/A
ANCI,$1.55,1441037715786,200,100% bearish,of 1 rating,N/A
ACSF,$12.21,1441037715865,"15,716",100% bearish,of 1 rating,$15
AMIC,NULL,1441037715921,0,100% bearish,of 1 rating,N/A
AETI,$3.57,1441037715950,100,67% bearish,of 3 ratings,N/A
ACAS,$14.015,1441037715996,"255,006",60% bullish,of 5 ratings,$16.75
AMNB,$23.515,1441037716050,404,Not yet rated,NULL,$25.50
APEI,$22.33,1441037716316,"10,620",100% bearish,of 1 rating,$25.50
AMSC,$5.5905,1441037716517,"155,401",50% bullish,of 4 ratings,N/A
AMSWA,$9.04,1441037716547,"165,842",100% bearish,of 2 ratings,$10.75
ANAT,$99.19,1441037716577,"18,999",100% bullish,of 1 rating,N/A
AMRB,$10.08,1441037716602,"59,997",Not yet rated,NULL,$11
ASEI,$39.46,1441037716630,"2,094",100% bearish,of 1 rating,$52.50
ARII,$41.7259,1441037716684,"88,524",67% bearish,of 3 ratings,$45
ASRV,$3.29,1441037717034,"1,968",100% bullish,of 2 ratings,N/A
AMWD,$66.93,1441037717061,"41,874",50% bullish,of 2 ratings,$70
CRMT,$35.7,1441037717082,"6,350",100% bearish,of 1 rating,$39
ASRVP,NULL,1441037717113,0,Not yet rated,NULL,N/A
ABCB,$26.93,1441037717143,"18,774",Not yet rated,NULL,$31
AMSF,$46.56,1441037717300,"20,711",Not yet rated,NULL,$57.50
ATLO,$23.5,1441037717349,117,Not yet rated,NULL,N/A
FOLD,$14.47,1441037717563,"706,478",56% bullish,of 9 ratings,$21
AMGN,$153.77,1441037717652,"936,050",89% bullish,of 19 ratings,$185
AMPH,$13.05,1441037717801,"21,940",50% bullish,of 2 ratings,$20
AMSG,$79.7,1441037717848,"54,436",100% bearish,of 1 rating,$85.50
AMKR,$5.29,1441037717876,"1,052,082",100% bearish,of 2 ratings,$5
AMSGP,NULL,1441037717897,0,Not yet rated,NULL,N/A
AFSI,$57.875,1441037718031,"76,146",60% bullish,of 5 ratings,$72
AMRS,$1.78,1441037718092,"79,436",70% bullish,of 10 ratings,N/A
ASYS,$5.55,1441037718117,"6,200",67% bullish,of 3 ratings,$12
ANAD,$0.3387,1441037718160,"20,384",100% bullish,of 2 ratings,$.50
ALOG,$80.04,1441037718294,"8,019",100% bearish,of 2 ratings,$100.50
ADI,$56.26,1441037718322,"412,118",67% bullish,of 3 ratings,$69
ANCB,$21.98,1441037718452,500,Not yet rated,NULL,$23
ANAC,$131.11,1441037718601,"79,691",80% bullish,of 5 ratings,$180.50
AMCF,$0.205,1441037718633,"88,875",100% bullish,of 7 ratings,N/A
ABCW,$40.97,1441037718697,"3,652",67% bullish,of 3 ratings,N/A
ANGO,$14.87,1441037718774,"57,418",67% bullish,of 3 ratings,$19
ANGI,$5.235,1441037718852,"195,973",64% bullish,of 11 ratings,$5.50
ANIP,$50.25,1441037718958,"17,926",89% bullish,of 19 ratings,$66
ANSS,$89.38,1441037719088,"64,751",100% bearish,of 1 rating,$100
ANIK,$35.5,1441037719126,"45,139",60% bullish,of 5 ratings,$51.25
ABAC,$0.7101,1441037719290,"2,025",100% bearish,of 1 rating,N/A
ATRS,$1.82,1441037719322,"138,929",92% bullish,of 12 ratings,$4.50
ATNY,$2.34,1441037719349,603,50% bullish,of 2 ratings,$3.75
ANTH,$7.12,1441037719423,"252,225",80% bullish,of 10 ratings,$13
APIC,$6.73,1441037719580,"20,269",100% bearish,of 1 rating,$19
APOG,$52.12,1441037719714,"35,325",50% bullish,of 2 ratings,$67
APPF,$15.66,1441037719742,"16,455",50% bullish,of 2 ratings,$22
APOL,$11.58,1441037719786,"257,142",87% bearish,of 68 ratings,$14
AAPL,$113.87,1441037719812,"13,388,465",86% bullish,of 2357 ratings,$150
AINV,$6.495,1441037719833,"769,078",50% bullish,of 4 ratings,$8
ARCI,$1.2,1441037719963,180,Not yet rated,NULL,N/A
APDN,$3.61,1441037719994,"44,013",Not yet rated,NULL,$9
APDNW,$1.3702,1441037720020,520,Not yet rated,NULL,N/A
AMCC,$5.88,1441037720227,"86,935",80% bullish,of 5 ratings,$8
AMAT,$16.12,1441037720290,"2,530,930",82% bullish,of 11 ratings,$23
AGTC,$16.29,1441037720315,"5,996",50% bullish,of 2 ratings,$33
AAOI,$20.98,1441037720502,"62,040",50% bullish,of 4 ratings,$26
AREX,$2.3537,1441037720545,"186,638",100% bearish,of 1 rating,$3
APRI,$1.62,1441037720635,"935,180",83% bullish,of 6 ratings,$4.86
APTO,$5.2,1441037720694,926,Not yet rated,NULL,$17
AQXP,$17.0441,1441037720720,"129,825",50% bullish,of 2 ratings,$2
AQMS,$4.94,1441037720767,"18,112",Not yet rated,NULL,N/A
AUMA,NULL,1441037720795,0,Not yet rated,NULL,N/A
AUMAW,NULL,1441037720923,0,Not yet rated,NULL,N/A
ARDM,$7,1441037720957,"2,151",100% bullish,of 1 rating,$26
AUMAU,NULL,1441037721003,0,Not yet rated,NULL,N/A
PETX,$17.9197,1441037721091,"49,612",100% bearish,of 2 ratings,$26
ABUS,$7.16,1441037721139,"137,763",86% bullish,of 14 ratings,$23
ARCW,$3.7202,1441037721169,"1,789",100% bearish,of 2 ratings,$10.50
ABIO,$0.9,1441037721637,"62,209",50% bullish,of 2 ratings,$3.75
RKDA,$6.37,1441037721668,"4,361",100% bearish,of 2 ratings,$10
ARDX,$18.8,1441037721742,"31,360",50% bullish,of 2 ratings,$24.50
ARCB,$29.05,1441037721772,"29,090",67% bearish,of 3 ratings,$39.50
ARCC,$15.72,1441037721798,"281,295",67% bearish,of 3 ratings,$17.75
ACGL,$68.27,1441037721829,"47,217",50% bullish,of 2 ratings,$72
ARNA,$2.724,1441037721850,"740,474",90% bullish,of 78 ratings,$5.50
ACAT,$26.66,1441037721907,"31,028",100% bearish,of 3 ratings,$33
AGIIL,$25.3,1441037722048,"2,125",Not yet rated,NULL,N/A
AGII,$55.55,1441037722205,"22,774",Not yet rated,NULL,$59.50
ARIA,$9.29,1441037722232,"5,117,116",87% bullish,of 46 ratings,$9
ARIS,$3.75,1441037722257,"5,624",Not yet rated,NULL,$4.50
ARGS,$6.2,1441037722302,"12,612",50% bullish,of 2 ratings,$19.50
ARTX,$1.4828,1441037722591,"3,926",88% bullish,of 16 ratings,$4.50
ARWA,NULL,1441037722620,0,Not yet rated,NULL,N/A
ARKR,$24.74,1441037722686,820,50% bullish,of 2 ratings,N/A
ARWAU,NULL,1441037722712,0,100% bullish,of 1 rating,N/A
ARWAR,NULL,1441037722780,0,Not yet rated,NULL,N/A
ARMH,$42.18,1441037722843,"351,006",54% bearish,of 13 ratings,$60
ARRY,$5.98,1441037722880,"692,491",100% bullish,of 7 ratings,$10
ARWAW,NULL,1441037722910,0,Not yet rated,NULL,N/A
ARRS,$26.51,1441037723058,"192,191",50% bullish,of 2 ratings,$38
ARQL,$1.715,1441037723083,"26,634",75% bullish,of 4 ratings,$5
DWAT,$10.01,1441037723217,5,100% bearish,of 1 rating,N/A
AROW,$27.42,1441037723276,"1,002",Not yet rated,NULL,N/A
ARTNA,$22.1,1441037723511,406,100% bearish,of 1 rating,$29
ARWR,$5.86,1441037723538,"242,345",75% bullish,of 4 ratings,$10.50
ARTW,$4.25,1441037723609,764,75% bearish,of 4 ratings,N/A
ASBB,NULL,1441037723690,0,Not yet rated,NULL,N/A
ASCMA,$27.7,1441037723719,"14,855",100% bearish,of 1 rating,$45
ASNA,$12.06,1441037723741,"509,236",50% bullish,of 2 ratings,$18
ASND,$19.3,1441037723774,"9,195",50% bullish,of 2 ratings,$30
ASTI,$0.1071,1441037723799,"861,386",83% bullish,of 6 ratings,$3
APWC,$1.75,1441037723971,"1,150",100% bearish,of 1 rating,N/A
ASML,$91.47,1441037724115,"211,074",50% bullish,of 4 ratings,$127
ASMI,NULL,1441037724149,0,NULL,NULL,NULL
AZPN,$37.99,1441037724180,"58,515",50% bullish,of 2 ratings,$42
ASFI,$8.9,1441037724285,"1,200",100% bullish,of 1 rating,N/A
ASMB,$13.49,1441037724310,"12,973",67% bullish,of 3 ratings,N/A
ALOT,$14,1441037724476,16,100% bearish,of 1 rating,N/A
ASTE,$39.395,1441037724506,"61,746",100% bearish,of 1 rating,$48
ATRO,$52.17,1441037724556,"18,722",100% bearish,of 2 ratings,$80
ASUR,$5.51,1441037724607,"9,700",50% bullish,of 2 ratings,$8
ASTC,$2.04,1441037724632,"10,110",100% bullish,of 5 ratings,N/A
ATAI,$2.4,1441037724691,"1,980",100% bearish,of 1 rating,N/A
AFCB,NULL,1441037724871,0,Not yet rated,NULL,N/A
ATHX,$1.13,1441037724917,"35,900",89% bullish,of 9 ratings,$5
AAPC,NULL,1441037725157,0,Not yet rated,NULL,N/A
AAME,NULL,1441037725297,0,Not yet rated,NULL,N/A
ACFC,$5.2301,1441037725326,"26,111",100% bearish,of 1 rating,$6.50
ATLC,$3.93,1441037725402,705,67% bullish,of 3 ratings,N/A
AFH,$16.24,1441037725429,"3,437",Not yet rated,NULL,$21.50
ATML,$8.15,1441037725700,"1,130,762",78% bullish,of 9 ratings,$9.50
ATOS,$0.7844,1441037725916,"4,620",100% bullish,of 7 ratings,$7
ATRA,$42,1441037725985,"103,774",50% bullish,of 2 ratings,$68
ATRI,$393.71,1441037726044,168,Not yet rated,NULL,N/A
AAWW,$41.49,1441037726087,"35,823",50% bullish,of 2 ratings,$65
ATNI,$71.75,1441037726119,"9,118",100% bearish,of 1 rating,$69.50
ATHN,$133.17,1441037726149,"40,379",67% bearish,of 3 ratings,$153
ATRM,NULL,1441037726187,0,50% bullish,of 2 ratings,N/A
ATRC,$24.89,1441037726216,"17,899",100% bullish,of 1 rating,$30
LIFE,$14.44,1441037726576,"7,274",86% bullish,of 7 ratings,$43
ATTU,$13.35,1441037726635,"4,822",100% bearish,of 1 rating,$20.50
EARS,$4.99,1441037726708,"3,191",100% bearish,of 2 ratings,$11
ADSK,$46.775,1441037726775,"858,050",67% bullish,of 6 ratings,$66
AUDC,$3.39,1441037726800,"23,999",80% bullish,of 5 ratings,$5
AUBN,$26.5,1441037726826,100,Not yet rated,NULL,N/A
ADAT,$0.3003,1441037726865,"148,889",100% bullish,of 2 ratings,N/A
AUPH,$3.41,1441037726993,"40,432",100% bearish,of 1 rating,$8
ADP,$77.74,1441037727018,"387,696",100% bearish,of 1 rating,$88
AVGO,$127.13,1441037727339,"585,920",88% bullish,of 8 ratings,$165
ABTL,$18.14,1441037727369,"20,400",100% bullish,of 4 ratings,$20.25
AAVL,$10.7,1441037727439,"41,591",100% bearish,of 1 rating,$20
AVEO,$1.39,1441037727500,"183,295",75% bullish,of 8 ratings,$3
AVNW,$1.19,1441037727571,"40,940",50% bullish,of 2 ratings,$2.20
AVNU,$12.31,1441037727596,252,Not yet rated,NULL,$14
CAR,$44.51,1441037727872,"362,920",80% bullish,of 5 ratings,$60
AVID,$8.51,1441037727943,"43,474",100% bearish,of 1 rating,$20
AWRE,$3.24,1441037728020,"2,750",67% bullish,of 3 ratings,N/A
AXTI,$2.26,1441037728049,"4,474",50% bullish,of 2 ratings,$2.75
AVGR,$14.62,1441037728073,"1,700",100% bearish,of 1 rating,$20
AXPW,$1.14,1441037728103,"27,329",83% bullish,of 6 ratings,N/A
ACLS,$3.295,1441037728125,"214,818",67% bullish,of 6 ratings,$4.75
AXPWW,NULL,1441037728283,0,Not yet rated,NULL,N/A
BCOM,NULL,1441037728312,0,100% bearish,of 1 rating,N/A
RILY,$10.15,1441037728480,200,Not yet rated,NULL,N/A
AXGN,$4.925,1441037728506,"188,307",Not yet rated,NULL,$5
BEAV,$49.145,1441037728535,"128,201",67% bearish,of 3 ratings,$59
BOSC,$2.21,1441037728639,"2,380",50% bullish,of 2 ratings,N/A
BCPC,$58.5,1441037728823,"34,345",100% bearish,of 1 rating,$75
BKMU,$7.12,1441037728889,"3,308",Not yet rated,NULL,$8
BWINA,NULL,1441037728922,0,Not yet rated,NULL,N/A
BWINB,$22.83,1441037728966,900,Not yet rated,NULL,N/A
BANF,$60.09,1441037729021,"1,700",Not yet rated,NULL,$68
BIDU,$149.86,1441037729096,"874,329",81% bullish,of 88 ratings,$210
BANFP,NULL,1441037729129,0,Not yet rated,NULL,N/A
BLDP,$1.32,1441037729159,"107,702",91% bullish,of 22 ratings,$2.50
BOCH,$5.73,1441037729227,7,Not yet rated,NULL,$6.50
BMRC,$48,1441037729478,"17,280",Not yet rated,NULL,$52
BOTJ,NULL,1441037729512,0,Not yet rated,NULL,N/A
BKSC,$16.3,1441037729665,"3,311",Not yet rated,NULL,N/A
BWFG,$17.85,1441037729697,106,100% bearish,of 1 rating,N/A
BFIN,$12.03,1441037729718,"3,910",Not yet rated,NULL,$13
OZRK,$41.79,1441037729794,"66,194",67% bullish,of 3 ratings,$49.50
BZUN,$5.13,1441037729848,"67,784",50% bullish,of 2 ratings,$11.50
BHAC,NULL,1441037729945,0,Not yet rated,NULL,N/A
TAPR,NULL,1441037729971,0,100% bearish,of 1 rating,N/A
BANR,$44.07,1441037730001,"27,716",100% bullish,of 3 ratings,$50
BHACU,NULL,1441037730128,0,Not yet rated,NULL,N/A
BHACR,NULL,1441037730153,0,Not yet rated,NULL,N/A
BHACW,NULL,1441037730189,0,Not yet rated,NULL,N/A
BBSI,$35.75,1441037730284,"21,413",67% bearish,of 3 ratings,$62.50
BSET,$29.22,1441037730310,"12,142",100% bearish,of 1 rating,$35
BYBK,$4.85,1441037730501,100,100% bearish,of 1 rating,N/A
BYLK,NULL,1441037730606,0,Not yet rated,NULL,$14
BV,$5.3,1441037730663,"67,352",67% bullish,of 6 ratings,$9
BBCN,$14.39,1441037730739,"20,659",100% bearish,of 1 rating,$16
BECN,$35.98,1441037730798,"61,319",50% bullish,of 2 ratings,$40
BDCV,$4.72,1441037730823,103,100% bearish,of 1 rating,$10.19
BCBP,$11.4522,1441037730875,"2,000",Not yet rated,NULL,N/A
BSF,$8.672,1441037730975,"1,199",Not yet rated,NULL,N/A
BBBY,$62.1,1441037731007,"261,082",71% bullish,of 7 ratings,$75
BEBE,$1.27,1441037731078,"273,759",75% bullish,of 4 ratings,$2.125
BBGI,$4.06,1441037731105,"2,993",100% bearish,of 1 rating,N/A
BELFB,$17.785,1441037731242,"12,391",100% bearish,of 1 rating,N/A
BLPH,$5.15,1441037731324,112,100% bearish,of 1 rating,$12.50
BELFA,$14.8701,1441037731379,210,100% bearish,of 1 rating,N/A
BLCM,$17,1441037731472,"53,565",50% bullish,of 4 ratings,$40
BNCL,$12.35,1441037731612,"49,247",100% bullish,of 3 ratings,$12.50
BGMD,$0.7239,1441037731686,"81,347",100% bullish,of 10 ratings,N/A
BNTC,$7.95,1441037731752,"8,747",100% bullish,of 1 rating,N/A
BNFT,$36.26,1441037731812,"21,306",67% bullish,of 3 ratings,$46
BGCP,$8.72,1441037731854,"151,682",88% bullish,of 8 ratings,$14
BGFV,$11.37,1441037731911,"44,838",57% bullish,of 7 ratings,$12
BIND,$4.7697,1441037731962,"128,420",75% bullish,of 4 ratings,$13.50
BASI,$1.65,1441037732096,"4,500",Not yet rated,NULL,N/A
BCDA,NULL,1441037732298,0,Not yet rated,NULL,N/A
ORPN,$5.84,1441037732328,"4,700",100% bullish,of 1 rating,$28.50
BIOC,$2.0001,1441037732431,"51,326",83% bullish,of 6 ratings,$3.85
BCRX,$11.9,1441037732462,"342,912",63% bullish,of 8 ratings,$18
BIOD,$0.6689,1441037732569,"15,733",80% bullish,of 5 ratings,$4
BIIB,$301.2,1441037732611,"349,186",88% bullish,of 16 ratings,$400
BDSI,$6.79,1441037732655,"214,207",88% bullish,of 8 ratings,$17
BMRN,$130.5656,1441037732876,"141,681",80% bullish,of 5 ratings,$160
BLFS,$2.76,1441037732903,"5,069,530",100% bearish,of 1 rating,$4.75
BLRX,$1.4801,1441037732937,"72,919",100% bullish,of 12 ratings,$5
BIOL,$1.44,1441037732964,"16,359",Not yet rated,NULL,N/A
BVXV,$3.52,1441037733032,"7,550",Not yet rated,NULL,N/A
BVXVW,$0.85,1441037733283,"3,000",100% bearish,of 1 rating,N/A
BPTH,$1.1198,1441037733331,"19,457",100% bullish,of 2 ratings,$5
BRLI,NULL,1441037733411,0,NULL,NULL,NULL
BIOS,$2.46,1441037733557,"132,236",71% bullish,of 7 ratings,$4
BBP,$33.29,1441037733726,"4,646",Not yet rated,NULL,N/A
BSPM,$0.6525,1441037733759,"4,884",50% bullish,of 2 ratings,N/A
BOTA,$2.14,1441037733787,"10,203",88% bullish,of 8 ratings,N/A
BBC,$31.89,1441037733808,"1,831",Not yet rated,NULL,N/A
BSTC,$50.11,1441037733864,"49,636",100% bearish,of 1 rating,$76
TECH,$95.57,1441037733942,"21,437",100% bullish,of 1 rating,$117
BEAT,$14.54,1441037734021,"128,957",67% bearish,of 3 ratings,$15
BITI,$17.29,1441037734049,"2,796",100% bullish,of 1 rating,$28
BJRI,$43.61,1441037734194,"24,344",50% bullish,of 2 ratings,$55
BBOX,$15.27,1441037734327,"20,203",100% bearish,of 1 rating,N/A
BDMS,NULL,1441037734353,0,100% bearish,of 1 rating,N/A
BDE,$7.32,1441037734389,"16,931",50% bullish,of 2 ratings,$9
BLKB,$57.66,1441037734549,"17,297",100% bearish,of 2 ratings,$66
BBRY,$7.54,1441037734603,"1,159,340",61% bullish,of 330 ratings,$9
HAWK,$39.73,1441037734655,"49,913",91% bullish,of 11 ratings,$49
BKCC,$9.461,1441037734733,"102,443",50% bullish,of 2 ratings,$10
ADRA,$27.1605,1441037734759,845,100% bearish,of 1 rating,N/A
ADRD,$22.0836,1441037734819,"6,975",100% bearish,of 1 rating,N/A
ADRU,$21.6816,1441037734847,451,100% bearish,of 1 rating,N/A
BLMN,$20.81,1441037734901,"306,977",83% bullish,of 6 ratings,$27.50
ADRE,$29.823,1441037734927,"3,100",100% bearish,of 1 rating,N/A
BCOR,$13.89,1441037735133,"58,781",57% bullish,of 7 ratings,$15
BLBD,$11.76,1441037735264,"2,467",Not yet rated,NULL,N/A
BUFF,$25.385,1441037735289,"326,964",83% bullish,of 12 ratings,$31.50
BBLU,$0.78,1441037735470,"33,962",100% bullish,of 2 ratings,$4.43
BLUE,$134,1441037735500,"121,586",71% bullish,of 7 ratings,$217.50
BHBK,$14.12,1441037735526,"33,938",100% bullish,of 1 rating,$14.50
BKEPP,NULL,1441037735575,0,100% bearish,of 1 rating,N/A
NILE,$34,1441037735604,"48,108",50% bullish,of 2 ratings,$34
BPMC,$27.33,1441037735742,"13,712",50% bullish,of 2 ratings,$47.50
BKEP,$6.2,1441037735888,"11,665",100% bearish,of 1 rating,$8.50
BOBE,$44.88,1441037735917,"113,009",75% bullish,of 4 ratings,$57
BOFI,$116.3,1441037735943,"67,860",100% bullish,of 6 ratings,$144
BNCN,$20.59,1441037735969,"87,808",Not yet rated,NULL,$24
BOJA,$20.8199,1441037736103,"71,139",100% bullish,of 1 rating,$30
WIFI,$7.54,1441037736136,"38,488",50% bullish,of 2 ratings,$13.50
BOKF,$62.41,1441037736235,"25,629",100% bearish,of 1 rating,$69
BONA,$11.415,1441037736614,"49,437",75% bullish,of 4 ratings,$8.50
BAMM,$3.14,1441037736640,"6,289",60% bullish,of 5 ratings,N/A
BNSO,$1.3,1441037736665,16,100% bearish,of 1 rating,N/A
BPFH,$11.76,1441037736695,"46,997",100% bearish,of 1 rating,$14
BPFHP,$24.9,1441037736798,"2,505",100% bearish,of 1 rating,N/A
BPFHW,NULL,1441037736826,0,100% bearish,of 1 rating,N/A
BDBD,$8.3,1441037736853,"180,319",60% bullish,of 5 ratings,$10
EPAY,$26.63,1441037736897,"37,457",100% bearish,of 2 ratings,$30
BBRG,$12.67,1441037737207,"13,258",67% bullish,of 3 ratings,$14.50
BCLI,$3.05,1441037737264,"42,453",80% bullish,of 5 ratings,$12
BBEP,$2.87,1441037737422,"824,897",69% bullish,of 13 ratings,$5.625
BDGE,$26.08,1441037737555,"5,581",Not yet rated,NULL,$31.75
BRID,NULL,1441037737580,0,100% bearish,of 1 rating,N/A
BLIN,$1.35,1441037737605,"1,000",100% bullish,of 2 ratings,$2.20
BBEPP,$14.46,1441037737631,"10,303",100% bearish,of 1 rating,N/A
BRCM,$51.77,1441037737760,"765,803",75% bullish,of 12 ratings,$56
BSFT,$31.35,1441037737820,"19,869",57% bullish,of 7 ratings,$40.50
BCOV,$5.32,1441037737897,"11,850",67% bullish,of 3 ratings,$10.20
BVSN,$6,1441037737955,"1,979",60% bearish,of 5 ratings,N/A
BYFC,$1.46,1441037738030,107,50% bullish,of 2 ratings,N/A
BRCD,$10.83,1441037738111,"595,238",92% bullish,of 13 ratings,$11.50
BWEN,$3.22,1441037738166,"11,018",75% bullish,of 4 ratings,$8
BRKL,$10.52,1441037738192,"19,683",100% bearish,of 1 rating,$10.75
BRKS,$10.41,1441037738240,"21,352",67% bullish,of 3 ratings,$15.25
BMTC,$29.31,1441037738532,"6,398",Not yet rated,NULL,$34
BLDR,$14.93,1441037738634,"106,205",67% bullish,of 3 ratings,$22
BLMT,$20.55,1441037738667,600,Not yet rated,NULL,N/A
BWLD,$191.76,1441037738701,"37,927",82% bullish,of 11 ratings,$205
BUR,$1.737,1441037738722,"20,900",100% bearish,of 1 rating,$8
BRKR,$18.46,1441037738757,"50,607",100% bearish,of 2 ratings,$22
BSQR,$6.24,1441037738783,"18,723",67% bullish,of 3 ratings,N/A
CHRW,$67.63,1441037738811,"237,569",Not yet rated,NULL,$72
CFFI,$36.06,1441037738972,189,100% bearish,of 1 rating,N/A
CA,$27.44,1441037739176,"457,974",50% bullish,of 4 ratings,$33
CCMP,$43.33,1441037739208,"20,049",50% bullish,of 2 ratings,$59
CDNS,$20.165,1441037739234,"235,552",75% bullish,of 4 ratings,$22.50
CACQ,$6.9,1441037739416,"9,652",100% bearish,of 1 rating,$12.25
CDZI,$7.86,1441037739518,"23,781",100% bearish,of 1 rating,N/A
CSTE,$40.06,1441037739549,"34,774",50% bullish,of 2 ratings,$65
PRSS,$4.5301,1441037739612,"2,366",80% bullish,of 5 ratings,$4.50
CLBS,$1.5499,1441037739680,"53,911",79% bullish,of 14 ratings,$4
CHY,$11.4101,1441037739712,"72,534",Not yet rated,NULL,N/A
CZR,$9.3557,1441037739736,"167,490",60% bearish,of 5 ratings,$10.50
CLMS,$10.6601,1441037739757,"24,610",Not yet rated,NULL,$10.50
CHI,$10.6032,1441037739892,"81,729",100% bearish,of 1 rating,N/A
CCD,$19.29,1441037740024,"36,101",Not yet rated,NULL,N/A
CFGE,$10.5301,1441037740049,755,Not yet rated,NULL,N/A
CHW,$7.6,1441037740194,"60,026",100% bearish,of 1 rating,N/A
CAMP,$16.42,1441037740353,"78,858",88% bullish,of 8 ratings,$25
CSQ,$9.97,1441037740379,"162,095",Not yet rated,NULL,N/A
CALD,$15.82,1441037740421,"59,168",100% bearish,of 1 rating,$21
CGO,$12.11,1441037740513,"7,883",100% bearish,of 1 rating,N/A
CVGW,$58.3,1441037740552,"31,383",50% bullish,of 2 ratings,$62
CFNB,NULL,1441037740579,0,100% bearish,of 1 rating,N/A
CALA,$6.08,1441037740643,"230,639",100% bullish,of 3 ratings,$19.50
CALM,$53.48,1441037740672,"308,306",80% bullish,of 5 ratings,$65
CLMT,$26.581,1441037740810,"55,388",75% bullish,of 8 ratings,$31
CAMB,NULL,1441037740841,0,Not yet rated,NULL,N/A
ABCD,$5.12,1441037740950,"65,611",83% bullish,of 6 ratings,N/A
CAMBU,NULL,1441037741088,0,100% bearish,of 1 rating,N/A
CAMBW,NULL,1441037741191,0,Not yet rated,NULL,N/A
CAC,$40,1441037741430,200,Not yet rated,NULL,N/A
CGIX,$10.01,1441037741463,"4,940",67% bullish,of 3 ratings,$14.375
CAMT,$2.61,1441037741495,"10,182",73% bullish,of 11 ratings,$4
CSIQ,$19.074,1441037741523,"505,499",86% bullish,of 28 ratings,$42.50
CPHC,NULL,1441037741567,0,100% bearish,of 1 rating,N/A
CPLA,$49.29,1441037741594,"32,379",67% bearish,of 3 ratings,$65
CBNJ,$11.16,1441037741658,"5,500",100% bearish,of 1 rating,N/A
CBF,$30.38,1441037741802,"18,952",Not yet rated,NULL,$32
CCBG,$15.09,1441037741935,400,Not yet rated,NULL,$17.25
CPLP,$6.98,1441037741963,"140,412",71% bullish,of 7 ratings,$11
CSWC,$45.06,1441037742042,"2,973",Not yet rated,NULL,N/A
CPTA,$13.56,1441037742090,"9,062",100% bearish,of 1 rating,$18.50
CAPNW,$0.6898,1441037742309,100,Not yet rated,NULL,N/A
CAPR,$4.3912,1441037742355,"1,202",Not yet rated,NULL,$12
CFFN,$12.04,1441037742383,"86,893",Not yet rated,NULL,$12.75
CAPN,$2.35,1441037742405,"69,926",100% bullish,of 1 rating,$10.85
CPST,$0.4101,1441037742445,"544,016",95% bullish,of 22 ratings,$1.25
CARB,$11.09,1441037742540,"18,593",75% bullish,of 4 ratings,$12
CARA,$19.23,1441037742570,"59,562",50% bullish,of 4 ratings,$25
CBYL,$5.31,1441037742677,"3,933",100% bearish,of 1 rating,$20
CFNL,$22.13,1441037742809,"16,012",Not yet rated,NULL,$24
CRDC,$0.34,1441037742844,"74,886",100% bullish,of 1 rating,$1.25
CRME,$8.97,1441037742907,"5,355",89% bullish,of 9 ratings,$11.25
CSII,$24.02,1441037743088,"37,764",100% bearish,of 2 ratings,$42.125
CDNA,$6.87,1441037743147,"1,400",100% bearish,of 1 rating,$9
CECO,$3.75,1441037743175,"82,166",67% bearish,of 3 ratings,$6
CATM,$34.6,1441037743220,"41,442",100% bearish,of 1 rating,$44
CARO,$15.1676,1441037743310,"1,007",100% bearish,of 1 rating,$19
CTRE,$11.16,1441037743331,"26,889",50% bullish,of 2 ratings,$13.50
CKEC,$23.53,1441037743411,"14,025",50% bullish,of 2 ratings,$35.915
CLBH,$12.7,1441037743464,100,Not yet rated,NULL,$16.50
CART,$5.35,1441037743551,"2,200",100% bearish,of 1 rating,N/A
CRZO,$36.34,1441037743652,"487,439",67% bearish,of 3 ratings,$54.50
TAST,$12.54,1441037743815,"139,896",Not yet rated,NULL,$14.25
CARV,$7.4999,1441037743847,903,50% bullish,of 2 ratings,N/A
CRTN,$2.51,1441037743889,"1,300",100% bearish,of 1 rating,N/A
CASM,$1.16,1441037743950,"7,600",100% bullish,of 1 rating,$3.50
CACB,$5.31,1441037743989,"7,618",Not yet rated,NULL,$5.50
CSCD,$15.18,1441037744018,"8,805",100% bullish,of 2 ratings,$17
CWST,$6.18,1441037744145,"12,688",50% bullish,of 2 ratings,$7.25
CASI,$1.4999,1441037744244,"1,255",100% bullish,of 1 rating,$3.50
CASS,$48.38,1441037744313,"3,385",100% bearish,of 1 rating,N/A
CASY,$105.34,1441037744340,"32,958",50% bullish,of 2 ratings,$99.50
CPRX,$3.64,1441037744481,"80,534",71% bullish,of 7 ratings,$7
CATB,$12.08,1441037744509,"2,925",100% bearish,of 1 rating,$28
CATYW,NULL,1441037744530,0,100% bearish,of 1 rating,N/A
CATY,$29.53,1441037744569,"118,952",100% bearish,of 1 rating,$33.50
CVCO,$71.6,1441037744892,"1,957",100% bearish,of 1 rating,N/A
CAVM,$69.34,1441037744919,"76,624",67% bearish,of 3 ratings,$72
CNLMU,NULL,1441037745106,0,100% bullish,of 1 rating,N/A
CBOE,$63.3,1441037745149,"92,244",Not yet rated,NULL,$60
CNLM,NULL,1441037745173,0,Not yet rated,NULL,N/A
CBFV,$20.5,1441037745212,661,Not yet rated,NULL,$25
CNLMR,NULL,1441037745237,0,Not yet rated,NULL,N/A
CNLMW,NULL,1441037745366,0,Not yet rated,NULL,N/A
CECE,$9.66,1441037745391,"13,097",50% bullish,of 2 ratings,$16
CELG,$119.97,1441037745573,"1,346,477",92% bullish,of 13 ratings,$155.50
CDW,$39.8871,1441037745608,"232,781",75% bullish,of 4 ratings,$44
CDK,$49.71,1441037745677,"80,271",67% bearish,of 3 ratings,$50
CPXX,$2.19,1441037745705,"64,217",100% bullish,of 2 ratings,$7
CELGZ,$1.595,1441037745736,"9,100",80% bullish,of 5 ratings,N/A
CLDN,$1.12,1441037745837,"18,371",71% bullish,of 7 ratings,$3
CLDX,$15.1999,1441037745884,"376,728",89% bullish,of 9 ratings,$36
CLLS,$33.8,1441037746082,"40,652",75% bullish,of 4 ratings,$51.50
CLRBW,NULL,1441037746107,0,Not yet rated,NULL,N/A
CLRB,$3.082,1441037746170,300,100% bearish,of 1 rating,N/A
CBMG,$22.87,1441037746197,"39,146",50% bullish,of 2 ratings,N/A
CLSN,$2.11,1441037746389,"31,919",80% bullish,of 10 ratings,$7.50
CYAD,$48.79,1441037746419,150,100% bullish,of 1 rating,$87.50
CLTX,$2.45,1441037746468,"118,637",100% bullish,of 2 ratings,N/A
CSFL,$13.54,1441037746495,"13,110",Not yet rated,NULL,$15
CEMP,$35.65,1441037746525,"252,268",71% bullish,of 7 ratings,$52
CETV,$2.21,1441037746561,"28,082",67% bullish,of 3 ratings,$2.80
CETX,$2.39,1441037746629,"1,900",Not yet rated,NULL,$5.60
CFBK,NULL,1441037746761,0,Not yet rated,NULL,N/A
CENTA,$12.66,1441037747065,"140,600",Not yet rated,NULL,N/A
CENT,$12.37,1441037747163,"41,877",Not yet rated,NULL,$10
CENX,$5.54,1441037747206,"489,751",67% bullish,of 6 ratings,$9
CVCY,$11.21,1441037747264,100,Not yet rated,NULL,$12
CNBKA,$41.2,1441037747395,100,50% bullish,of 2 ratings,N/A
CNTY,$5.955,1441037747422,"22,587",80% bullish,of 5 ratings,$7.75
CPHD,$49.321,1441037747453,"83,821",67% bearish,of 3 ratings,$66.50
CRNT,$1.48,1441037747552,"112,803",50% bullish,of 2 ratings,$2
KOOL,$0.72,1441037747616,"1,599",100% bullish,of 5 ratings,$7
CERE,$1.16,1441037747642,"116,882",88% bullish,of 8 ratings,N/A
CERU,$3.9572,1441037747698,"29,575",75% bullish,of 4 ratings,$14
CERS,$4.97,1441037747729,"102,072",75% bullish,of 4 ratings,$7
CEVA,$19.3,1441037747833,"9,810",100% bearish,of 1 rating,$25
CERN,$62.418,1441037747890,"459,181",67% bullish,of 3 ratings,$79
CYOU,$21.02,1441037748078,"54,809",50% bullish,of 6 ratings,$24
HOTR,$1.509,1441037748103,"52,580",100% bullish,of 2 ratings,$5
HOTRW,NULL,1441037748139,0,Not yet rated,NULL,N/A
CHTR,$181.75,1441037748242,"241,222",100% bearish,of 2 ratings,$202
GTLS,$25.22,1441037748300,"65,860",50% bullish,of 4 ratings,$40
CHFN,$12.5,1441037748343,"2,288",Not yet rated,NULL,$14
CTHR,$1.34,1441037748368,"4,956",50% bullish,of 2 ratings,$2.50
CHEK,$2.25,1441037748511,200,Not yet rated,NULL,$7.75
CHKP,$78.025,1441037748541,"294,764",50% bullish,of 4 ratings,$92
CHEKW,NULL,1441037748591,0,Not yet rated,NULL,N/A
CEMI,$4.2,1441037748672,"7,774",50% bullish,of 2 ratings,$7.50
CCXI,$6.48,1441037748763,"19,975",67% bullish,of 3 ratings,$14
CHMG,$26.1,1441037748810,100,Not yet rated,NULL,$30
CHFC,$31.26,1441037748835,"8,769",100% bearish,of 1 rating,$36
CBNK,$16.26,1441037749051,"23,155",100% bearish,of 1 rating,N/A
CHKE,$25.42,1441037749078,"10,209",100% bearish,of 1 rating,$32.50
CHEV,$14.39,1441037749208,100,Not yet rated,NULL,N/A
PLCE,$59.4,1441037749236,"25,780",100% bearish,of 1 rating,$69
CHMA,$25.59,1441037749368,"18,623",Not yet rated,NULL,$40
CADC,$3.1399,1441037749460,"2,722",78% bullish,of 9 ratings,N/A
CMRX,$49.2,1441037749496,"52,055",50% bullish,of 2 ratings,$57
CALI,$0.86,1441037749588,200,67% bullish,of 3 ratings,N/A
CAAS,$6.41,1441037749631,"9,276",93% bullish,of 14 ratings,$11.50
CBAK,$2.03,1441037749686,"6,373",67% bullish,of 9 ratings,N/A
CCCL,$0.78,1441037749771,"1,000",100% bullish,of 6 ratings,N/A
CBPO,$95.61,1441037749796,"66,473",75% bullish,of 8 ratings,$140.50
CCCR,$0.7497,1441037749990,225,67% bearish,of 3 ratings,N/A
HGSH,$1.84,1441037750039,"2,140",67% bullish,of 3 ratings,N/A
CHOP,$1.2,1441037750121,"3,468",50% bullish,of 2 ratings,N/A
JRJC,$3.7369,1441037750183,"31,048",82% bullish,of 11 ratings,N/A
CNIT,$1.25,1441037750215,"94,166",67% bullish,of 6 ratings,N/A
CJJD,$1.86,1441037750287,765,100% bullish,of 1 rating,N/A
CHLN,$1.7701,1441037750348,"2,200",67% bullish,of 3 ratings,N/A
HTHT,$25.64,1441037750373,"45,836",50% bullish,of 2 ratings,$28.40
CHNR,$1.59,1441037750624,"4,881",100% bearish,of 1 rating,N/A
CPGI,NULL,1441037750691,0,Not yet rated,NULL,N/A
CREG,$0.699,1441037750717,"34,935",100% bullish,of 3 ratings,N/A
CNTF,$0.7903,1441037750750,"15,650",Not yet rated,NULL,N/A
CSUN,$1.49,1441037750782,"4,059",80% bullish,of 5 ratings,N/A
CXDC,$5.77,1441037750852,"14,492",67% bearish,of 3 ratings,N/A
CCIH,$7.46,1441037750877,"57,184",67% bullish,of 6 ratings,$12.65
CNYD,$3.4,1441037751078,"1,400",67% bullish,of 3 ratings,N/A
CNET,$0.8672,1441037751186,"8,990",50% bullish,of 2 ratings,N/A
IMOS,$18.18,1441037751501,"66,673",60% bullish,of 5 ratings,$21.50
CHSCL,$27.15,1441037751533,"2,320",Not yet rated,NULL,N/A
CHSCM,$26.26,1441037751606,"6,387",Not yet rated,NULL,N/A
CHSCO,$28.2899,1441037751631,200,Not yet rated,NULL,N/A
CHSCP,$30.74,1441037751662,"1,737",Not yet rated,NULL,N/A
CHDN,$131.62,1441037751688,"22,918",Not yet rated,NULL,$165
CHSCN,$27.24,1441037751764,"2,583",Not yet rated,NULL,N/A
CHUY,$30.925,1441037751836,"39,213",50% bullish,of 2 ratings,$34
CDTX,$14.27,1441037751940,"8,277",Not yet rated,NULL,$22
CMCT,$15.21,1441037751984,100,100% bearish,of 1 rating,N/A
CMPR,$71.526,1441037752118,"63,313",50% bullish,of 2 ratings,$72.50
CINF,$52.17,1441037752212,"106,775",50% bullish,of 4 ratings,$50.50
CIFC,$6.85,1441037752243,100,100% bearish,of 1 rating,N/A
CIDM,$0.5544,1441037752288,"117,306",50% bullish,of 2 ratings,$2.10
CTAS,$85.25,1441037752350,"92,885",100% bearish,of 1 rating,$91
CPHR,$5.24,1441037752509,"4,600",100% bearish,of 1 rating,$17
CSCO,$25.99,1441037752615,"5,056,697",84% bullish,of 209 ratings,$32
CTRN,$26.62,1441037752655,"13,216",100% bearish,of 1 rating,$31.50
CRUS,$30.29,1441037752681,"206,005",75% bullish,of 12 ratings,$44.50
CZNC,$19.96,1441037752747,"2,767",Not yet rated,NULL,N/A
CZFC,$12.6801,1441037752816,750,Not yet rated,NULL,N/A
CIZN,$19.62,1441037752846,466,Not yet rated,NULL,N/A
CZWI,$9.1,1441037752874,402,Not yet rated,NULL,N/A
CTXS,$68.51,1441037753028,"361,810",86% bullish,of 7 ratings,$80
CHCO,$47.265,1441037753191,"4,203",Not yet rated,NULL,$46
CIVB,$10,1441037753216,313,Not yet rated,NULL,$11
CLNE,$5.2693,1441037753447,"311,841",80% bullish,of 15 ratings,$9
CLFD,$17.14,1441037753474,"21,834",67% bullish,of 3 ratings,$18
CIVBP,NULL,1441037753540,0,Not yet rated,NULL,N/A
CDTI,$1.641,1441037753592,"11,489",75% bullish,of 4 ratings,$3.20
CLNT,$1.4,1441037753619,300,75% bullish,of 8 ratings,N/A
CLRO,$11.48,1441037753650,"5,405",50% bullish,of 2 ratings,$14.25
CBLI,$4.116,1441037753725,"12,248",60% bullish,of 5 ratings,N/A
CLIR,$4.99,1441037753784,"12,154",100% bullish,of 3 ratings,N/A
CSBK,$13.63,1441037753857,"3,700",Not yet rated,NULL,N/A
CLVS,$78.5,1441037753946,"144,871",60% bullish,of 5 ratings,$101.50
CME,$94.44,1441037753978,"637,185",67% bullish,of 3 ratings,$102
CMFN,$11.144,1441037754004,"7,897",100% bearish,of 1 rating,$15.50
CCNE,$17,1441037754079,"2,900",50% bullish,of 2 ratings,$21.50
CNV,$4.44,1441037754342,"4,715",50% bullish,of 2 ratings,$7.15
CISG,$7.72,1441037754370,"8,765",100% bullish,of 5 ratings,$10
COKE,$158.1,1441037754404,"5,720",79% bullish,of 19 ratings,N/A
CWAY,$11.0952,1441037754443,300,Not yet rated,NULL,N/A
COBZ,$12.9,1441037754535,"5,692",100% bullish,of 1 rating,$14
CVLY,$20.7,1441037754566,200,Not yet rated,NULL,N/A
CDRB,$13.52,1441037754666,"2,905",67% bullish,of 3 ratings,N/A
CDXS,$3.79,1441037754761,"4,930",64% bullish,of 11 ratings,$6
CCOI,$27.92,1441037754898,"64,703",50% bullish,of 4 ratings,$35
CGNT,$1.55,1441037754926,"3,973",100% bullish,of 2 ratings,$2
CGNX,$35.83,1441037754955,"70,989",50% bullish,of 2 ratings,$47
JVA,$4.74,1441037755003,"1,725",83% bullish,of 6 ratings,$7
CTSH,$63.11,1441037755061,"1,009,956",90% bullish,of 10 ratings,$75
CHRS,$28.53,1441037755194,"9,993",67% bearish,of 3 ratings,$37
COHU,$9.79,1441037755350,"23,391",100% bearish,of 1 rating,$14.25
CLCT,$18.51,1441037755430,"5,140",100% bearish,of 1 rating,N/A
COLL,$15.07,1441037755458,"9,120",100% bearish,of 1 rating,$26
CIGI,$43.79,1441037755484,"11,900",100% bearish,of 1 rating,$52
CLRX,$0.56,1441037755505,"40,604",50% bullish,of 2 ratings,N/A
COHR,$58.17,1441037755537,"17,189",50% bullish,of 2 ratings,$72
CBAN,NULL,1441037755679,0,Not yet rated,NULL,N/A
CLCD,$6.69,1441037755748,"10,049",100% bearish,of 1 rating,$20.50
CBMX,$1.1599,1441037755953,"3,490",83% bullish,of 6 ratings,$3.15
CMCSA,$56.5,1441037755985,"2,183,766",66% bullish,of 35 ratings,$69.50
COLB,$29.92,1441037756006,"26,377",Not yet rated,NULL,$36
CMCO,$19,1441037756035,"5,098",60% bullish,of 5 ratings,$28
COLM,$62.45,1441037756081,"29,887",100% bearish,of 1 rating,$71
CMCSK,$57.54,1441037756320,"994,524",Not yet rated,NULL,$84
CBSH,$44.67,1441037756361,"86,516",50% bullish,of 2 ratings,$46
CBSHP,$25.47,1441037756455,"1,486",100% bearish,of 1 rating,N/A
COMM,$32.44,1441037756517,"224,119",67% bearish,of 3 ratings,$35
CVGI,$5.14,1441037756545,"50,321",50% bullish,of 2 ratings,$6
CUBN,$13.5,1441037756582,200,Not yet rated,NULL,N/A
CSAL,$20.45,1441037756609,"169,699",75% bullish,of 4 ratings,$30
JCS,$8.55,1441037756678,"2,840",67% bullish,of 3 ratings,N/A
CYHHZ,$0.0101,1441037756845,617,100% bullish,of 1 rating,N/A
CTBI,$34.86,1441037756905,"1,867",Not yet rated,NULL,$36
ESXB,$5.06,1441037756931,"12,057",Not yet rated,NULL,N/A
CWBC,$6.79,1441037756976,15,Not yet rated,NULL,N/A
CVLT,$35.97,1441037757067,"88,934",75% bullish,of 4 ratings,$44.50
COB,$10.49,1441037757114,620,100% bullish,of 1 rating,$11.75
CIZ,$33.2035,1441037757144,"1,052",100% bearish,of 1 rating,N/A
CIL,$33.63,1441037757252,600,Not yet rated,NULL,N/A
CID,NULL,1441037757308,0,Not yet rated,NULL,N/A
CDC,$34.45,1441037757382,"2,628",Not yet rated,NULL,N/A
CSA,NULL,1441037757409,0,Not yet rated,NULL,N/A
CSF,$36.7644,1441037757476,200,100% bearish,of 1 rating,N/A
CFO,$35.605,1441037757572,"3,565",100% bearish,of 1 rating,N/A
CDL,NULL,1441037757600,0,Not yet rated,NULL,N/A
CFA,$35.605,1441037757756,585,100% bearish,of 1 rating,N/A
CSB,NULL,1441037757838,0,Not yet rated,NULL,N/A
CPSI,$45.89,1441037757891,"11,080",100% bearish,of 1 rating,$45.50
CTG,$6.67,1441037757980,"12,304",100% bearish,of 1 rating,$8.50
CGEN,$5.1121,1441037758005,"54,085",50% bullish,of 2 ratings,$11
SCOR,$53.385,1441037758164,"43,883",100% bearish,of 1 rating,$66
CMTL,$26.4,1441037758192,"11,050",100% bearish,of 2 ratings,$37
CNSI,$18.8,1441037758321,"27,430",100% bearish,of 2 ratings,$29
CHCI,$0.6599,1441037758349,977,50% bullish,of 2 ratings,N/A
CNAT,$4.0772,1441037758371,"13,719",83% bullish,of 6 ratings,$13
CCUR,$5.34,1441037758506,"8,480",75% bullish,of 4 ratings,N/A
CXRX,$75.96,1441037758542,"2,200",100% bearish,of 1 rating,$90
CNCE,$15.81,1441037758639,"30,326",75% bullish,of 4 ratings,$22
CDOR,NULL,1441037758664,0,100% bullish,of 1 rating,N/A
CDORP,$7,1441037758807,700,100% bearish,of 1 rating,N/A
CDORO,NULL,1441037758833,0,100% bearish,of 1 rating,N/A
CNFR,$10.2259,1441037758964,669,Not yet rated,NULL,N/A
CFMS,$16.1488,1441037759122,"799,521",100% bearish,of 1 rating,$27
CNXR,$6.96,1441037759156,"6,930",100% bearish,of 1 rating,$12
CTWS,$34.2,1441037759177,"9,670",100% bearish,of 1 rating,$44
CNOB,$18.91,1441037759208,"1,700",100% bullish,of 1 rating,$23.50
CNMD,$52.91,1441037759230,"25,532",Not yet rated,NULL,$59
CONN,$29.65,1441037759261,"109,377",67% bullish,of 3 ratings,$48.50
CNSL,$19.73,1441037759538,"20,972",100% bearish,of 1 rating,$23
CFRX,$4.9689,1441037759710,"7,061",Not yet rated,NULL,$14
CWCO,$10.45,1441037759737,"16,512",67% bullish,of 3 ratings,$14.50
CTCT,$25.08,1441037759763,"40,713",67% bullish,of 3 ratings,$37
CPSS,$5.76,1441037759816,"5,828",100% bullish,of 1 rating,$10
CFRXZ,$0.6,1441037759872,100,Not yet rated,NULL,N/A
CTRV,$3.9099,1441037759901,320,Not yet rated,NULL,$6.40
CTRL,$9.07,1441037760000,"23,363",50% bullish,of 2 ratings,$11
CFRXW,$2.28,1441037760028,"1,000",100% bearish,of 1 rating,N/A
CPRT,$35.01,1441037760316,"75,108",67% bearish,of 3 ratings,$40
CORT,$4.88,1441037760345,"94,095",67% bullish,of 3 ratings,$12
BVA,$3.86,1441037760406,"13,183",50% bullish,of 2 ratings,N/A
CORE,$60.26,1441037760432,"36,315",100% bearish,of 1 rating,$72
CORI,$10.18,1441037760453,"61,032",100% bearish,of 1 rating,$18
CRBP,$1.917,1441037760486,"110,480",100% bullish,of 2 ratings,$6.25
CSOD,$35.79,1441037760728,"29,499",50% bullish,of 2 ratings,$42
CRVL,$30.3,1441037760882,"6,070",100% bearish,of 1 rating,N/A
COSI,$1.2,1441037760907,"20,312",100% bullish,of 1 rating,N/A
CPAH,$0.47,1441037760932,"2,600",50% bullish,of 2 ratings,N/A
COST,$139.133,1441037760958,"483,251",79% bullish,of 24 ratings,$154.50
CSGP,$179.4,1441037760979,"39,356",50% bullish,of 2 ratings,$235
ICBK,NULL,1441037761137,0,Not yet rated,NULL,$21
COVS,$2.772,1441037761235,"53,478",67% bullish,of 3 ratings,N/A
CVTI,$23.85,1441037761264,"22,201",67% bearish,of 3 ratings,$39
COWN,$5.255,1441037761295,"115,546",75% bullish,of 4 ratings,$7
CPSH,NULL,1441037761403,0,Not yet rated,NULL,N/A
CBRL,$145.19,1441037761433,"63,144",50% bullish,of 2 ratings,$155
COWNL,$26.855,1441037761461,"1,100",Not yet rated,NULL,N/A
CRAI,$22.18,1441037761507,"2,576",100% bearish,of 1 rating,$36
BREW,$8.07,1441037761666,"7,646",67% bullish,of 6 ratings,$15
CRAY,$21.43,1441037761757,"33,008",83% bullish,of 6 ratings,$38.50
GLDI,$11.0014,1441037761981,"3,920",100% bearish,of 1 rating,N/A
CACC,$202.99,1441037762012,"23,551",50% bullish,of 2 ratings,$158.50
CREE,$27.3,1441037762119,"151,421",65% bullish,of 17 ratings,$29.50
CRESY,$10.365,1441037762153,"4,252",100% bearish,of 1 rating,$19
CRDS,$1.0038,1441037762178,"8,713",75% bullish,of 4 ratings,$4.50
SLVO,$9.95,1441037762204,"1,071",100% bearish,of 1 rating,N/A
CRTO,$41.76,1441037762225,"100,084",67% bullish,of 6 ratings,$64
CROX,$14.68,1441037762255,"207,564",63% bullish,of 8 ratings,$16.50
CRWS,$8.1499,1441037762385,"1,092",Not yet rated,NULL,$10
CCRN,$14.18,1441037762455,"86,698",100% bearish,of 1 rating,$14.25
CRWN,$5.14,1441037762652,"147,491",75% bullish,of 4 ratings,N/A
CYRXW,$0.8,1441037762678,"11,601",Not yet rated,NULL,N/A
CYRX,$2.7901,1441037762715,"4,658",Not yet rated,NULL,$9
CSGS,$30.8,1441037762757,"32,490",Not yet rated,NULL,$40
CCLP,$15.4,1441037762969,"25,863",67% bearish,of 3 ratings,$20
CSPI,NULL,1441037763019,0,67% bullish,of 3 ratings,N/A
CTCM,$1.805,1441037763053,"45,686",80% bearish,of 5 ratings,$3.90
CTIC,$1.5825,1441037763080,"121,937",84% bullish,of 76 ratings,$5.75
CUNB,$21.13,1441037763153,575,Not yet rated,NULL,$24.50
CUI,$5.3,1441037763321,"1,254",50% bullish,of 2 ratings,$10
CTIB,NULL,1441037763349,0,100% bearish,of 1 rating,N/A
CTRP,$67.3,1441037763378,"564,371",75% bullish,of 8 ratings,$92.50
CMLS,$1.4,1441037763504,"67,532",50% bullish,of 4 ratings,$6
CPIX,$6.14,1441037763537,"1,003",Not yet rated,NULL,N/A
CUTR,$14.76,1441037763608,"609,676",67% bearish,of 3 ratings,$18
CRIS,$2.62,1441037763639,"92,851",100% bullish,of 8 ratings,$6
CYAN,$7.09,1441037763862,"3,050",100% bearish,of 1 rating,N/A
CVV,$10.88,1441037763899,"4,248",100% bullish,of 5 ratings,N/A
CVBF,$16.11,1441037763967,"54,621",Not yet rated,NULL,$18
CYBR,$51.9914,1441037763995,"157,707",75% bullish,of 8 ratings,$66
CYBX,$65.77,1441037764125,"46,864",50% bullish,of 4 ratings,$71.50
CYBE,$6.8799,1441037764157,"7,301",100% bearish,of 1 rating,N/A
CYCC,$0.5601,1441037764198,"15,754",73% bullish,of 11 ratings,N/A
CYCCP,NULL,1441037764222,0,100% bearish,of 1 rating,N/A
CBAY,$2.7,1441037764402,"22,166",100% bullish,of 1 rating,$4
CYNO,$31.5,1441037764532,"28,587",67% bearish,of 3 ratings,$45.50
CYNA,$15.7701,1441037764558,"25,905",50% bullish,of 2 ratings,$31.50
CY,$10.055,1441037764588,"717,549",80% bullish,of 10 ratings,$15.50
CONE,$32.0516,1441037764686,"83,235",67% bearish,of 3 ratings,$35.50
CYRN,$1.69,1441037764715,"3,866",67% bullish,of 3 ratings,$4
CYTK,$6.99,1441037764782,"37,903",71% bullish,of 14 ratings,$13.50
CYTX,$0.3602,1441037764843,"1,946,822",83% bullish,of 12 ratings,$5.50
CYTR,$2.48,1441037765034,"162,920",67% bullish,of 6 ratings,$10
TVIZ,$20.38,1441037765069,"1,100",100% bearish,of 1 rating,N/A
TVIX,$14.361,1441037765098,"6,279,969",81% bullish,of 16 ratings,N/A
DAEG,$0.37,1441037765124,500,100% bearish,of 1 rating,N/A
CTSO,$6.9,1441037765145,"19,119",Not yet rated,NULL,$15.625
ZIV,$39.06,1441037765183,"44,390",Not yet rated,NULL,N/A
DJCO,$192.01,1441037765322,100,Not yet rated,NULL,N/A
XIV,$26.0599,1441037765348,"7,407,590",75% bearish,of 4 ratings,N/A
DAIO,$2.52,1441037765706,112,Not yet rated,NULL,N/A
DAKT,$8.7,1441037765737,"43,797",50% bullish,of 2 ratings,$12
DARA,$0.89,1441037765833,"33,364",83% bullish,of 6 ratings,$1.50
DTLK,$5.88,1441037765903,"15,222",100% bearish,of 1 rating,$9
TRAK,$62.8,1441037765924,"48,457",50% bullish,of 2 ratings,$62.50
DBVT,$40.455,1441037765954,"67,209",100% bearish,of 1 rating,$53
DRAM,$1.3001,1441037766010,"13,334",78% bullish,of 9 ratings,N/A
DWCH,$5.19,1441037766086,"9,590",75% bullish,of 4 ratings,$8.25
PLAY,$34.1,1441037766116,"85,532",100% bullish,of 5 ratings,$42
DWSN,$4.6,1441037766147,"4,344",67% bullish,of 3 ratings,N/A
DHRM,$1.51,1441037766330,"2,000",Not yet rated,NULL,N/A
DFRG,$15.03,1441037766356,"30,318",100% bearish,of 1 rating,$20
DTEA,$13.698,1441037766511,"25,238",100% bearish,of 2 ratings,$24
TACO,$13.15,1441037766570,"54,672",75% bullish,of 4 ratings,$20
TACOW,$3.99,1441037766711,"6,600",100% bullish,of 1 rating,N/A
DCTH,$0.4192,1441037766748,"29,332",78% bullish,of 9 ratings,N/A
DELTW,NULL,1441037766811,0,Not yet rated,NULL,N/A
DGAS,$20.3,1441037766837,501,67% bearish,of 3 ratings,N/A
XRAY,$52.76,1441037766866,"61,376",100% bullish,of 1 rating,$58
DENN,$11.34,1441037766894,"86,189",100% bullish,of 3 ratings,$15
DELT,NULL,1441037767050,0,Not yet rated,NULL,N/A
DSCI,$5.9,1441037767120,"7,350",50% bullish,of 2 ratings,$16
DEPO,$27.82,1441037767267,"218,929",60% bullish,of 5 ratings,$29
DERM,$25,1441037767292,"27,889",100% bearish,of 1 rating,$33.50
DEST,$11.31,1441037767320,"16,723",50% bullish,of 2 ratings,N/A
DXLG,$5.75,1441037767456,"35,281",100% bearish,of 1 rating,$8
DSWL,$1.7,1441037767528,"6,900",100% bullish,of 1 rating,N/A
DHXM,NULL,1441037767696,0,Not yet rated,NULL,N/A
DMND,$30.02,1441037767723,"77,514",75% bullish,of 12 ratings,$32
DHIL,$192.5101,1441037767782,976,Not yet rated,NULL,N/A
DXCM,$93.55,1441037767814,"128,333",57% bullish,of 7 ratings,$98
DXM,$0.2788,1441037767851,"31,490",50% bullish,of 2 ratings,N/A
DCIX,$1.7199,1441037767915,"7,384",50% bullish,of 4 ratings,$3.50
DRNA,$10.9,1441037767950,"35,366",67% bearish,of 3 ratings,$25
FANG,$68.62,1441037768058,"346,179",50% bullish,of 2 ratings,$86.50
DGII,$10.24,1441037768188,"25,111",100% bearish,of 1 rating,$11
DRAD,$3.6999,1441037768365,"10,572",100% bullish,of 1 rating,$5.25
DMRC,$38.98,1441037768430,"19,299",100% bearish,of 1 rating,$44
DGLY,$8.49,1441037768480,"31,680",50% bullish,of 6 ratings,$20
APPS,$2.52,1441037768507,"40,682",100% bearish,of 1 rating,$10.25
DIOD,$19.89,1441037768636,"18,829",75% bearish,of 4 ratings,$24
DPRX,$13.66,1441037768662,900,100% bullish,of 2 ratings,$27.75
DCOM,$16.99,1441037768792,"14,069",100% bearish,of 2 ratings,$16
DISCK,$25.52,1441037768850,"212,748",100% bearish,of 1 rating,$32
DISCB,NULL,1441037768923,0,100% bearish,of 1 rating,$35
DISH,$59.67,1441037768985,"191,395",69% bullish,of 13 ratings,$73
DISCA,$26.86,1441037769013,"387,148",67% bullish,of 3 ratings,$34
DVCR,$10.65,1441037769146,"3,607",100% bullish,of 1 rating,N/A
DSCO,$0.42,1441037769190,"210,140",83% bullish,of 6 ratings,$2.75
BAGR,$2.74,1441037769244,"2,800",100% bearish,of 1 rating,$6
DLHC,$2.42,1441037769426,502,100% bearish,of 1 rating,N/A
DNBF,$25.61,1441037769457,"1,600",Not yet rated,NULL,$27.50
DGICA,$14.32,1441037769621,"1,674",100% bearish,of 1 rating,$17
DLTR,$76.555,1441037769642,"913,001",82% bullish,of 11 ratings,$88
DORM,$50.26,1441037769726,"18,137",100% bearish,of 1 rating,$56
DGICB,NULL,1441037769775,0,100% bearish,of 1 rating,N/A
DMLP,$14.59,1441037769800,"7,872",100% bearish,of 1 rating,N/A
HILL,$9.67,1441037769857,"215,901",60% bearish,of 5 ratings,$9.75
DRWIW,NULL,1441037769942,0,Not yet rated,NULL,N/A
DRWI,$0.2082,1441037769970,"56,878",60% bullish,of 5 ratings,$.45
DRYS,$0.4678,1441037770100,"2,001,408",77% bullish,of 31 ratings,$.60
DWA,$20.12,1441037770126,"86,385",63% bullish,of 8 ratings,$26
DSKX,$3.2899,1441037770259,"40,908",100% bullish,of 1 rating,N/A
DSPG,$8.684,1441037770284,"29,285",100% bearish,of 1 rating,$13.50
CADT,NULL,1441037770323,0,Not yet rated,NULL,N/A
CADTR,NULL,1441037770415,0,Not yet rated,NULL,N/A
CADTU,NULL,1441037770453,0,Not yet rated,NULL,N/A
DTSI,$26.85,1441037770484,"10,550",100% bearish,of 2 ratings,$39.50
CADTW,NULL,1441037770508,0,Not yet rated,NULL,N/A
DNKN,$50.97,1441037770666,"147,031",67% bullish,of 15 ratings,$56.50
DRRX,$2.0628,1441037770740,"23,871",50% bullish,of 6 ratings,$3
DYAX,$23.09,1441037770817,"150,476",89% bullish,of 9 ratings,$30
DXPE,$29.48,1441037770875,"45,247",50% bullish,of 2 ratings,N/A
BOOM,$11.22,1441037770904,"27,144",67% bullish,of 3 ratings,$12
DYSL,$1.48,1441037771011,"1,695",100% bullish,of 2 ratings,N/A
DYNT,$3.05,1441037771051,200,75% bullish,of 4 ratings,N/A
DVAX,$29.115,1441037771201,"68,791",70% bullish,of 10 ratings,$40
ETFC,$26.36,1441037771231,"540,939",57% bullish,of 14 ratings,$32.50
EGLE,$6.835,1441037771252,"12,888",60% bullish,of 5 ratings,N/A
EBMT,$11.54,1441037771386,204,Not yet rated,NULL,$13.50
EGRX,$79.64,1441037771412,"62,827",67% bullish,of 3 ratings,$97
EGBN,$41.64,1441037771459,"9,699",Not yet rated,NULL,$48
EROC,$1.615,1441037771540,"205,245",50% bullish,of 2 ratings,$3
ELNK,$8.36,1441037771674,"93,915",60% bullish,of 5 ratings,$9.50
EWBC,$40.36,1441037771731,"158,880",100% bearish,of 1 rating,$50
EML,$16.489,1441037771929,302,Not yet rated,NULL,N/A
EACQU,$10.1,1441037771956,"2,004",Not yet rated,NULL,N/A
EBAY,$27.1445,1441037772031,"2,709,971",81% bullish,of 117 ratings,$34
EBIX,$28.22,1441037772086,"40,608",69% bullish,of 13 ratings,$40
EVBS,$6.65,1441037772159,559,Not yet rated,NULL,$7
ELON,$0.5826,1441037772189,"25,533",50% bullish,of 2 ratings,N/A
ECHO,$23.19,1441037772215,"35,845",67% bearish,of 3 ratings,$34.50
SATS,$45.14,1441037772240,"26,455",50% bullish,of 2 ratings,$60
EEI,NULL,1441037772536,0,67% bearish,of 3 ratings,N/A
ESES,$3.2,1441037772596,400,100% bearish,of 1 rating,$7
ECACU,$10.1,1441037772627,50,Not yet rated,NULL,N/A
ECTE,$1.43,1441037772648,"5,284",75% bullish,of 4 ratings,N/A
EDAP,$3.5701,1441037772677,"24,846",60% bullish,of 5 ratings,$4.50
EDGW,NULL,1441037772737,0,100% bearish,of 1 rating,N/A
EDUC,$6.1,1441037772910,"7,370",100% bearish,of 1 rating,N/A
EFUT,NULL,1441037772979,0,Not yet rated,NULL,N/A
EGAN,$3.59,1441037773082,"4,898",50% bullish,of 2 ratings,$6.25
LOCO,$13.21,1441037773123,"321,774",77% bullish,of 13 ratings,$19.50
ESLT,$76.61,1441037773218,"3,530",67% bullish,of 3 ratings,N/A
EGLT,$11.44,1441037773250,"89,527",50% bullish,of 2 ratings,$21
EMITF,$1.2,1441037773271,"20,760",75% bullish,of 4 ratings,N/A
EHTH,$14.8,1441037773303,"19,058",50% bullish,of 4 ratings,$16.50
ERI,$9.48,1441037773403,"33,164",100% bearish,of 1 rating,$10
ELRC,$10.53,1441037773532,"4,074",100% bearish,of 1 rating,N/A
ELSE,$3.89,1441037773663,51,60% bullish,of 5 ratings,N/A
EA,$66.701,1441037773696,"698,963",77% bullish,of 35 ratings,$80
ELEC,NULL,1441037773749,0,Not yet rated,NULL,N/A
ESIO,$4.57,1441037773826,"23,296",50% bullish,of 2 ratings,$10
EFII,$43.86,1441037773891,"13,915",80% bullish,of 5 ratings,$55
ELECW,NULL,1441037773916,0,Not yet rated,NULL,N/A
EBIO,$3.58,1441037774074,"53,675",100% bearish,of 2 ratings,$8.35
ELECU,NULL,1441037774101,0,Not yet rated,NULL,N/A
RDEN,$11.02,1441037774128,"10,450",100% bearish,of 4 ratings,$15
ESBK,NULL,1441037774149,0,Not yet rated,NULL,N/A
CAPX,NULL,1441037774182,0,Not yet rated,NULL,N/A
ELTK,$1.3,1441037774325,"29,010",67% bearish,of 3 ratings,N/A
LONG,$16.95,1441037774406,"1,600",67% bullish,of 3 ratings,$15.75
EMCI,$22.95,1441037774550,"3,707",Not yet rated,NULL,N/A
EMKR,$7.08,1441037774683,"21,744",75% bullish,of 4 ratings,$8.50
EMCF,NULL,1441037774730,0,100% bearish,of 1 rating,N/A
NYNY,$4.325,1441037774815,"8,769",50% bullish,of 2 ratings,N/A
EMMS,$1.17,1441037774873,"10,324",83% bullish,of 6 ratings,N/A
EMMSP,$3,1441037774904,200,100% bearish,of 1 rating,N/A
ERS,$2.8313,1441037774947,200,Not yet rated,NULL,N/A
ENTA,$40.095,1441037775006,"37,751",50% bullish,of 2 ratings,$42
WIRE,$32.47,1441037775082,"17,526",100% bearish,of 1 rating,$37
ECPG,$40.14,1441037775191,"62,651",100% bullish,of 2 ratings,$52
ENDP,$77.9,1441037775268,"275,226",50% bullish,of 6 ratings,$104
ECYT,$5.31,1441037775377,"98,420",83% bullish,of 6 ratings,$12
EIGI,$15.46,1441037775444,"86,214",67% bearish,of 3 ratings,$22.50
ELGX,$12.98,1441037775469,"45,210",75% bullish,of 4 ratings,$17
WATT,$7.3,1441037775642,"56,256",50% bullish,of 2 ratings,$13
ERII,$2.69,1441037775779,"51,337",80% bullish,of 5 ratings,$2.50
EXXI,$1.92,1441037775809,"745,016",86% bullish,of 7 ratings,$3.50
ESGR,$146.6268,1441037775845,385,100% bearish,of 1 rating,$185
EFOI,$22.89,1441037775870,"706,551",50% bullish,of 2 ratings,$24.50
ENPH,$4.82,1441037775939,"266,755",75% bullish,of 4 ratings,$11
ENOC,$9.34,1441037775990,"50,320",75% bullish,of 4 ratings,$18
ENG,$1.0301,1441037776015,"9,500",100% bullish,of 3 ratings,N/A
ENFC,$17.79,1441037776248,700,Not yet rated,NULL,N/A
ENTG,$13.7525,1441037776304,"195,562",100% bearish,of 1 rating,$18
ENTL,$22.185,1441037776329,"3,116",Not yet rated,NULL,$28
EBTC,$21,1441037776474,100,Not yet rated,NULL,N/A
ETRM,$0.2736,1441037776504,"441,277",69% bearish,of 35 ratings,$1.625
EFSC,$23.695,1441037776602,"3,252",Not yet rated,NULL,$27
ENVI,$1.8999,1441037776644,"20,058",67% bullish,of 3 ratings,N/A
EGT,$2.0602,1441037776690,216,100% bullish,of 1 rating,N/A
ENZY,$9.95,1441037776776,"4,524",67% bullish,of 3 ratings,$9.50
ENZN,$1.03,1441037776816,"70,274",100% bullish,of 9 ratings,N/A
EPZM,$20.82,1441037776841,"123,451",60% bullish,of 5 ratings,$34
EPRS,$5.06,1441037776909,"15,337",82% bullish,of 11 ratings,$15
EPIQ,$13,1441037776943,"12,234",100% bearish,of 1 rating,$18
EQIX,$266.36,1441037777043,"57,651",75% bullish,of 4 ratings,$312.50
PLUS,$75.56,1441037777076,"14,115",50% bullish,of 2 ratings,$88
EQFN,$8.39,1441037777250,35,100% bearish,of 1 rating,N/A
EAC,$3.5316,1441037777334,"4,489",100% bearish,of 1 rating,$8
ESCR,$0.1199,1441037777562,"108,546",50% bullish,of 2 ratings,N/A
ESCA,$17.9,1441037777593,503,100% bearish,of 1 rating,$22
ERIC,$9.76,1441037777622,"743,601",67% bullish,of 9 ratings,$12.20
ESMC,$1.36,1441037777662,"2,601",Not yet rated,NULL,N/A
ERIE,$81.7,1441037777688,"2,718",Not yet rated,NULL,$73
EPIX,NULL,1441037777758,0,Not yet rated,NULL,N/A
ESCRP,$1.5,1441037777785,"3,080",100% bearish,of 1 rating,N/A
ESPR,$50.1,1441037777823,"321,908",70% bearish,of 10 ratings,$122.50
ESSA,$12.8101,1441037777966,959,100% bearish,of 1 rating,N/A
ETSY,$14.74,1441037778104,"86,703",80% bullish,of 5 ratings,$16
ESND,$34.8,1441037778131,"13,280",100% bearish,of 2 ratings,$40
ESSX,$0.488,1441037778187,"28,832",50% bullish,of 2 ratings,N/A
EEFT,$65.19,1441037778427,"65,569",100% bearish,of 1 rating,$67.50
ESEA,$5.1,1441037778559,"1,560",100% bullish,of 1 rating,$15
EVOK,$3.7986,1441037778587,"10,234",100% bearish,of 1 rating,$13.375
EVEP,$8.8241,1441037778616,"125,054",50% bullish,of 2 ratings,$15
EVOL,$6.04,1441037778717,"1,991",75% bullish,of 4 ratings,$10
EXA,$10.85,1441037778781,"3,536",100% bearish,of 1 rating,$13
EVLV,$2.7,1441037778930,"57,749",60% bullish,of 5 ratings,$5.125
EXAC,$19.21,1441037778989,"11,079",100% bearish,of 1 rating,$22.50
EXAS,$22.37,1441037779057,"150,829",78% bullish,of 9 ratings,$31
CLWT,$2.5,1441037779119,300,100% bullish,of 1 rating,N/A
EXEL,$6.1401,1441037779144,"2,119,552",81% bullish,of 16 ratings,$6
EVK,$3.96,1441037779169,832,75% bearish,of 4 ratings,N/A
EXFO,$3,1441037779203,"4,755",67% bearish,of 3 ratings,$3.95
ESRX,$83.785,1441037779499,"605,162",67% bearish,of 6 ratings,$101
EXPE,$115.5,1441037779573,"158,664",64% bullish,of 11 ratings,$130
EXLS,$36.22,1441037779600,"6,920",50% bullish,of 2 ratings,$41
EXTR,$2.95,1441037779631,"404,140",80% bullish,of 5 ratings,$3
EXPO,$42.37,1441037779653,"12,228",100% bearish,of 1 rating,$45.50
EXPD,$49.3801,1441037779736,"226,416",80% bullish,of 5 ratings,$52
EXLP,$21.16,1441037779806,"181,840",100% bearish,of 1 rating,$25
EYEGW,NULL,1441037779987,0,Not yet rated,NULL,N/A
EYEG,$3.65,1441037780013,"2,537",Not yet rated,NULL,N/A
EZCH,$23.02,1441037780059,"37,870",75% bullish,of 8 ratings,$19.50
FFIV,$122.811,1441037780085,"133,513",63% bullish,of 8 ratings,$132
EZPW,$6.12,1441037780215,"59,202",50% bullish,of 4 ratings,$7
FB,$90.54,1441037780382,"8,405,406",73% bullish,of 1072 ratings,$111
FCS,$13.6475,1441037780410,"90,414",67% bearish,of 3 ratings,$17
FRP,$16.245,1441037780538,"57,083",100% bearish,of 1 rating,$18
FALC,$1.7,1441037780572,"20,670",63% bearish,of 8 ratings,N/A
DAVE,$14.98,1441037780635,"17,451",100% bearish,of 1 rating,$15.50
FWM,$2.3,1441037780667,"44,839",100% bearish,of 2 ratings,$3.20
FARM,$22.53,1441037780701,"11,138",100% bearish,of 1 rating,$35
FFKT,$25.62,1441037780726,"1,967",Not yet rated,NULL,$29
FMNB,$8.25,1441037780986,"2,500",Not yet rated,NULL,N/A
FAST,$38.83,1441037781014,"473,789",80% bullish,of 5 ratings,$45.50
FARO,$38.5,1441037781089,"19,340",50% bullish,of 2 ratings,$48
FBSS,NULL,1441037781221,0,Not yet rated,NULL,N/A
FATE,$6.77,1441037781328,"15,207",50% bullish,of 2 ratings,$11
FBRC,$21.985,1441037781386,546,100% bearish,of 1 rating,$29
FNHC,$21.98,1441037781432,"17,268",100% bearish,of 1 rating,$35
FHCO,$1.43,1441037781563,"38,579",50% bullish,of 4 ratings,N/A
FENX,$10.15,1441037781644,"16,103",100% bullish,of 1 rating,$14.25
FCSC,$5.64,1441037781714,"28,658",100% bearish,of 1 rating,$8.125
FEIC,$76.15,1441037781740,"56,711",50% bullish,of 2 ratings,$95.50
FDML,$9.01,1441037781770,"74,270",50% bullish,of 4 ratings,$14
ONEQ,$188.9932,1441037781799,"4,951",100% bullish,of 1 rating,N/A
FGEN,$24.02,1441037781871,"107,199",100% bearish,of 1 rating,$39
LION,$19.07,1441037781967,"20,230",100% bullish,of 1 rating,$20
FDUS,$14.674,1441037782168,"10,416",50% bullish,of 2 ratings,$18
FSC,$6.535,1441037782268,"223,702",60% bullish,of 5 ratings,$8
FSAM,$8.17,1441037782339,"1,007",100% bearish,of 1 rating,$10.25
FRGI,$51.52,1441037782368,"43,393",50% bullish,of 2 ratings,$70
FITBI,$27.505,1441037782468,"3,215",Not yet rated,NULL,N/A
FSFR,$8.89,1441037782515,"9,988",100% bearish,of 1 rating,$11.50
FSCFL,$24.65,1441037782568,750,Not yet rated,NULL,N/A
FITB,$19.89,1441037782610,"1,083,115",54% bullish,of 13 ratings,$22
FNGN,$32.53,1441037782667,"116,829",67% bullish,of 3 ratings,$47
FNTC,NULL,1441037782900,0,Not yet rated,NULL,N/A
FNSR,$15.631,1441037782927,"169,465",71% bullish,of 7 ratings,$24.50
FNJN,$1.8915,1441037782973,"7,983",100% bearish,of 1 rating,$5
FISI,$24.69,1441037783059,"3,595",100% bullish,of 2 ratings,$24.50
FNTCU,NULL,1441037783087,0,Not yet rated,NULL,N/A
FNTCW,$0.33,1441037783142,998,Not yet rated,NULL,N/A
FEYE,$38.68,1441037783190,"949,140",87% bullish,of 15 ratings,$55.50
FBNC,$16.9124,1441037783399,450,100% bullish,of 1 rating,$20
FRBA,NULL,1441037783475,0,Not yet rated,NULL,$8
BUSE,$6.39,1441037783573,"2,002",Not yet rated,NULL,$6.875
FNLC,$18.49,1441037783603,"2,780",100% bullish,of 1 rating,N/A
FCAP,NULL,1441037783634,0,Not yet rated,NULL,N/A
FCVA,$4.78,1441037783660,"2,494",Not yet rated,NULL,N/A
FBIZ,$22.38,1441037783755,"23,375",100% bearish,of 2 ratings,$52
FCFS,$40.29,1441037783898,"23,764",100% bearish,of 3 ratings,$47
FCNCA,$237.76,1441037784043,"2,694",Not yet rated,NULL,N/A
FCBC,$17.51,1441037784189,"1,678",Not yet rated,NULL,$18
FCLF,$9.1999,1441037784289,500,Not yet rated,NULL,N/A
FBNK,$17.046,1441037784386,"12,280",100% bearish,of 1 rating,$17.50
FCFP,$6.95,1441037784421,200,Not yet rated,NULL,N/A
FCCO,$12,1441037784447,"2,100",Not yet rated,NULL,$13.25
FFNM,$6.39,1441037784595,100,Not yet rated,NULL,N/A
FFBCW,NULL,1441037784766,0,100% bearish,of 1 rating,N/A
FFIN,$30.79,1441037784792,"59,338",50% bullish,of 2 ratings,$31.75
FDEF,$37.64,1441037784870,"5,645",Not yet rated,NULL,$38
FFBC,$18.22,1441037784929,"18,419",67% bearish,of 3 ratings,$20.25
THFF,$32.87,1441037784954,"1,572",Not yet rated,NULL,$35
FFNW,$12.1,1441037784983,"1,112",Not yet rated,NULL,$14
FFWM,$21.24,1441037785027,"3,000",Not yet rated,NULL,$24
INBK,$30.94,1441037785280,"11,281",50% bullish,of 2 ratings,$37
FRME,$26.03,1441037785409,"10,475",Not yet rated,NULL,$26.50
FMBH,NULL,1441037785441,0,Not yet rated,NULL,N/A
FIBK,$26.25,1441037785467,"34,809",Not yet rated,NULL,$32
FMBI,$17.47,1441037785543,"55,281",Not yet rated,NULL,$20
FNBC,$34.92,1441037785675,"11,953",Not yet rated,NULL,$40
FSFG,$30.07,1441037785702,100,Not yet rated,NULL,N/A
FNWB,$11.85,1441037785729,400,Not yet rated,NULL,N/A
FNFG,$9.16,1441037785755,"296,213",80% bullish,of 5 ratings,$9
FSLR,$48.31,1441037785956,"336,705",72% bullish,of 39 ratings,$65
FSGI,$2.47,1441037786037,200,Not yet rated,NULL,N/A
FSBK,NULL,1441037786065,0,100% bullish,of 1 rating,N/A
FBZ,$9.67,1441037786108,600,Not yet rated,NULL,N/A
FCAN,$24.6312,1441037786132,700,Not yet rated,NULL,N/A
BICK,$19.5798,1441037786199,473,100% bullish,of 1 rating,N/A
FTCS,$36.5099,1441037786418,"1,560",100% bearish,of 1 rating,N/A
FCA,NULL,1441037786479,0,Not yet rated,NULL,N/A
IFV,$17.77,1441037786565,"70,013",100% bearish,of 1 rating,N/A
FV,$23.5301,1441037786616,"734,284",100% bearish,of 1 rating,N/A
FEMB,NULL,1441037786677,0,Not yet rated,NULL,N/A
FTSM,$59.8503,1441037786721,"39,649",100% bearish,of 1 rating,N/A
FEUZ,$30.9872,1441037786781,"1,225",Not yet rated,NULL,N/A
TDIV,$24.91,1441037786813,"16,151",100% bearish,of 1 rating,N/A
MDIV,$19.1901,1441037786910,"60,540",Not yet rated,NULL,N/A
FGM,$35.74,1441037787162,"2,521",Not yet rated,NULL,N/A
FTGC,$22.483,1441037787187,"26,447",Not yet rated,NULL,N/A
HYLS,$49.42,1441037787212,"3,747",100% bearish,of 1 rating,N/A
FTHI,$19.4135,1441037787343,556,Not yet rated,NULL,N/A
FHK,$33.13,1441037787371,"2,000",Not yet rated,NULL,N/A
YDIV,$16.501,1441037787395,"1,402",Not yet rated,NULL,N/A
FPXI,$27.17,1441037787421,600,Not yet rated,NULL,N/A
SKYY,$29.072,1441037787571,"16,417",100% bullish,of 1 rating,N/A
PLTM,$6.3999,1441037787698,"2,338",100% bearish,of 1 rating,N/A
CU,$12.91,1441037787725,"6,989",100% bearish,of 1 rating,N/A
FJP,$47.3223,1441037787956,"3,486",Not yet rated,NULL,N/A
FMB,NULL,1441037787985,0,Not yet rated,NULL,N/A
LMBS,$50.09,1441037788029,"1,089",Not yet rated,NULL,N/A
FTLB,$19.81,1441037788087,1,100% bearish,of 1 rating,N/A
CIBR,$17.9,1441037788435,"22,346",Not yet rated,NULL,N/A
QABA,$37.37,1441037788564,"2,337",100% bearish,of 1 rating,N/A
FONE,$35,1441037788594,500,Not yet rated,NULL,N/A
QQEW,$42,1441037788654,"36,354",Not yet rated,NULL,N/A
QCLN,$15.32,1441037788693,"2,226",Not yet rated,NULL,N/A
QQXT,$40.57,1441037788721,"8,836",Not yet rated,NULL,N/A
GRID,NULL,1441037788747,0,100% bearish,of 1 rating,N/A
CARZ,$34.88,1441037788787,"2,469",100% bearish,of 1 rating,N/A
QTEC,$40.32,1441037789018,"6,199",Not yet rated,NULL,N/A
QINC,$20.151,1441037789106,257,Not yet rated,NULL,N/A
RDVY,$21.1804,1441037789131,"1,300",Not yet rated,NULL,N/A
AIRR,$16.52,1441037789171,"12,465",100% bearish,of 1 rating,N/A
FTSL,$48.82,1441037789325,"10,341",100% bearish,of 1 rating,N/A
FKO,NULL,1441037789373,0,Not yet rated,NULL,N/A
FSZ,$39.21,1441037789476,"2,015",Not yet rated,NULL,N/A
FDIV,$47,1441037789502,"1,797",100% bearish,of 1 rating,N/A
FUNC,$8.0538,1441037789635,"2,704",Not yet rated,NULL,N/A
FKU,$41.75,1441037789664,"2,487",Not yet rated,NULL,N/A
TUSA,$24.975,1441037789693,"3,034",Not yet rated,NULL,N/A
FTW,NULL,1441037789768,0,Not yet rated,NULL,N/A
SVVC,$9.41,1441037789824,"4,728",50% bullish,of 2 ratings,$26
FMER,$17.85,1441037789970,"204,512",50% bullish,of 2 ratings,$20
FSV,$31.48,1441037790001,"2,800",Not yet rated,NULL,$33.60
FISV,$85.95,1441037790131,"268,503",100% bearish,of 3 ratings,$90
FIVN,$3.94,1441037790199,"28,973",100% bullish,of 1 rating,$8.50
FIVE,$38.965,1441037790280,"222,691",75% bearish,of 4 ratings,$44
FPRX,$19.64,1441037790380,"563,492",50% bullish,of 2 ratings,$35
FLML,$22.45,1441037790436,"18,549",50% bullish,of 2 ratings,$30
FLKS,$12.23,1441037790536,"9,647",50% bullish,of 2 ratings,$27
FLXN,$24.735,1441037790662,"29,139",100% bearish,of 1 rating,$40
MBSD,$24.98,1441037790687,"1,385",Not yet rated,NULL,N/A
SKOR,$50.35,1441037790838,"3,700",Not yet rated,NULL,N/A
FLEX,$10.585,1441037790904,"421,319",63% bullish,of 8 ratings,$12
FLXS,$32.14,1441037790935,"4,441",100% bearish,of 2 ratings,N/A
FLDM,$12.3,1441037790992,"63,829",67% bearish,of 3 ratings,$15
FLIR,$28.655,1441037791037,"202,423",100% bearish,of 1 rating,$38.50
FFIC,$19.85,1441037791205,"13,118",Not yet rated,NULL,$20.50
FONR,$9.53,1441037791375,"2,381",100% bullish,of 1 rating,N/A
FOMX,$10.16,1441037791412,"83,656",50% bullish,of 2 ratings,$23.50
FORM,$6.66,1441037791512,"19,139",67% bullish,of 3 ratings,$10.50
FOGO,$19.145,1441037791534,"43,406",50% bullish,of 2 ratings,$25.50
FORTY,$32.4504,1441037791712,378,100% bearish,of 1 rating,N/A
FES,$0.91,1441037791737,"45,227",50% bullish,of 2 ratings,$1
FORR,$31.64,1441037791765,"3,660",Not yet rated,NULL,N/A
FWRD,$44.88,1441037792060,"27,641",100% bearish,of 1 rating,$50
FORD,$1.4431,1441037792131,"829,480",67% bullish,of 3 ratings,N/A
FBIO,$2.84,1441037792156,"42,933",83% bullish,of 6 ratings,N/A
FTNT,$42.29,1441037792188,"205,347",80% bullish,of 10 ratings,$52
FWP,$27.24,1441037792349,"13,691",100% bearish,of 1 rating,$45
FOSL,$61.92,1441037792379,"97,442",60% bearish,of 5 ratings,$80
FMI,$23.844,1441037792430,"69,021",100% bearish,of 2 ratings,$27.50
FXCB,$17.12,1441037792484,"1,228",Not yet rated,NULL,$19
FOXF,$14.96,1441037792621,"8,462",100% bearish,of 1 rating,$19
FRAN,$11.42,1441037792683,"75,130",50% bullish,of 4 ratings,$15
FRED,$13.01,1441037792825,"56,961",50% bullish,of 2 ratings,$15.50
FREE,$0.3549,1441037792873,"219,462",92% bullish,of 12 ratings,N/A
FELE,$29.27,1441037792955,"26,683",50% bullish,of 4 ratings,$33
FRPT,$13.06,1441037793036,"38,356",67% bearish,of 3 ratings,$23.50
RAIL,$21.66,1441037793062,"48,973",100% bearish,of 1 rating,$24.50
FEIM,$10.89,1441037793101,453,100% bearish,of 1 rating,N/A
FTR,$5.0858,1441037793296,"3,162,842",78% bullish,of 27 ratings,$6.25
FTRPR,$100.79,1441037793429,"1,676",100% bearish,of 1 rating,N/A
FSBW,$23.03,1441037793458,"1,904",Not yet rated,NULL,N/A
FRPH,$31.24,1441037793483,6,100% bearish,of 1 rating,N/A
FTD,$29.99,1441037793700,"29,324",100% bearish,of 1 rating,$40
FTEK,$2.0398,1441037793725,"9,940",75% bullish,of 4 ratings,N/A
FCEL,$0.8122,1441037793890,"234,193",88% bullish,of 41 ratings,$2.65
FSYS,$6.96,1441037793977,"4,350",67% bullish,of 3 ratings,$10
FULLL,NULL,1441037794118,0,Not yet rated,NULL,N/A
FULL,$3.12,1441037794143,"13,670",67% bearish,of 3 ratings,$4.25
FLL,$1.575,1441037794207,"1,491",75% bullish,of 4 ratings,$3.50
FULT,$12.08,1441037794236,"80,034",100% bearish,of 1 rating,$13
FSNN,$2.175,1441037794290,"1,282",67% bullish,of 3 ratings,$6
FXEN,$0.9309,1441037794370,"6,701",75% bullish,of 4 ratings,$1.10
FFHL,$1.09,1441037794643,"1,950",50% bullish,of 4 ratings,N/A
GK,$67.6499,1441037794724,"7,929",Not yet rated,NULL,$78
GLPG,$60.14,1441037794752,"14,674",100% bullish,of 1 rating,$75
FXENP,NULL,1441037794780,0,100% bearish,of 1 rating,N/A
WILC,$4.99,1441037794801,"3,252",100% bullish,of 2 ratings,N/A
GAIA,$5.99,1441037794937,"2,586",50% bullish,of 2 ratings,$8.50
GALT,$2.2,1441037795230,"75,567",80% bullish,of 5 ratings,N/A
GALTU,NULL,1441037795278,0,100% bearish,of 1 rating,N/A
GLMD,$8.82,1441037795309,"8,850",67% bullish,of 3 ratings,$20.50
GALE,$1.56,1441037795337,"379,315",89% bullish,of 47 ratings,$4
GALTW,NULL,1441037795363,0,100% bullish,of 1 rating,N/A
GLPI,$31.195,1441037795413,"40,317",100% bearish,of 1 rating,$37.50
GPIC,$10.05,1441037795492,500,100% bearish,of 1 rating,N/A
GGACR,$0.26,1441037795828,"1,300",100% bullish,of 1 rating,N/A
GGACU,$10.25,1441037795856,100,Not yet rated,NULL,N/A
GGAC,NULL,1441037795883,0,100% bearish,of 1 rating,N/A
GRMN,$37.885,1441037795959,"169,962",50% bullish,of 6 ratings,$46.50
GGACW,$0.13,1441037796017,"74,350",Not yet rated,NULL,N/A
GARS,$14.36,1441037796091,"21,235",Not yet rated,NULL,$16
GENC,$9.05,1441037796116,"3,900",100% bearish,of 1 rating,N/A
GNCMA,$17.3,1441037796290,"28,197",100% bearish,of 1 rating,$12
GFN,$3.8989,1441037796320,"1,814",100% bearish,of 2 ratings,$8
GFNSL,$25.6,1441037796351,800,Not yet rated,NULL,N/A
GNMK,$10.32,1441037796500,"61,320",67% bullish,of 6 ratings,$14
GENE,$2.398,1441037796563,"69,447",100% bullish,of 12 ratings,N/A
GNCA,$11.82,1441037796633,"35,572",100% bearish,of 1 rating,$20
GHDX,$27.58,1441037796659,"33,021",50% bullish,of 2 ratings,$30
GFNCP,NULL,1441037796679,0,Not yet rated,NULL,N/A
GNTX,$15.5,1441037796882,"263,983",Not yet rated,NULL,$20
GTWN,NULL,1441037797063,0,Not yet rated,NULL,N/A
GABC,$28.91,1441037797194,962,Not yet rated,NULL,$31
THRM,$46.5,1441037797223,"40,062",75% bearish,of 4 ratings,$55.50
GEVO,$2.3812,1441037797244,"54,462",75% bullish,of 12 ratings,$5
GNVC,$2.53,1441037797265,"2,850",90% bullish,of 10 ratings,$8.50
GEOS,$17.3,1441037797306,"26,674",100% bearish,of 3 ratings,$21
GERN,$3.12,1441037797407,"601,424",88% bullish,of 16 ratings,$5.25
GIGA,$1.42,1441037797564,"11,738",100% bearish,of 1 rating,N/A
GIGM,$0.525,1441037797764,"19,501",100% bullish,of 2 ratings,N/A
GILT,$4.25,1441037797828,"3,162",50% bullish,of 2 ratings,N/A
GIII,$69.775,1441037797900,"77,898",67% bullish,of 3 ratings,$75
ROCK,$16.63,1441037798035,"29,133",80% bullish,of 5 ratings,$24
GLAD,$8.93,1441037798067,"54,087",50% bullish,of 2 ratings,$8.75
GBCI,$25.8672,1441037798110,"54,363",50% bullish,of 2 ratings,$31
GILD,$106.435,1441037798170,"2,011,356",91% bullish,of 87 ratings,$129
GLADO,$25.5739,1441037798278,"1,325",Not yet rated,NULL,N/A
GOODN,$25.57,1441037798386,244,Not yet rated,NULL,N/A
GOOD,$14.4044,1441037798411,"30,386",Not yet rated,NULL,$19
GOODO,$24.85,1441037798436,"2,627",Not yet rated,NULL,N/A
GOODP,$25.14,1441037798873,7,Not yet rated,NULL,N/A
GLBZ,$11.72,1441037799345,454,Not yet rated,NULL,N/A
GAINP,$25.9735,1441037799374,731,Not yet rated,NULL,N/A
LAND,$9.15,1441037799413,"10,957",50% bullish,of 2 ratings,$13.75
GAINN,$25.29,1441037799476,"7,609",Not yet rated,NULL,N/A
GAIN,$7.46,1441037799559,"60,359",100% bullish,of 2 ratings,$8.25
GAINO,$25.35,1441037799590,"1,142",Not yet rated,NULL,N/A
ENT,$11.64,1441037799616,"26,965",100% bearish,of 1 rating,$18
GDEF,$10.52,1441037799691,1,Not yet rated,NULL,N/A
GBT,$49.25,1441037799774,"33,080",100% bearish,of 1 rating,N/A
GPACU,NULL,1441037799955,0,Not yet rated,NULL,N/A
GBLI,$26.73,1441037799980,"2,585",Not yet rated,NULL,N/A
GSOL,$8.23,1441037800135,"5,303",100% bearish,of 1 rating,N/A
QQQC,$19.29,1441037800163,922,100% bearish,of 1 rating,N/A
ACTX,$13.15,1441037800190,"74,850",100% bullish,of 1 rating,N/A
SOCL,$17.6806,1441037800216,"9,514",100% bullish,of 2 ratings,N/A
SRET,$13.1984,1441037800462,532,Not yet rated,NULL,N/A
ALTY,$14.41,1441037800540,"1,400",Not yet rated,NULL,N/A
GBIM,$2.62,1441037800633,"26,829",50% bullish,of 2 ratings,N/A
YLCO,$11.78,1441037800658,"1,620",Not yet rated,NULL,N/A
GSM,$13.965,1441037800722,"74,934",50% bullish,of 2 ratings,$22
GLRI,$1.01,1441037800797,"2,871",100% bearish,of 1 rating,$4.25
GAI,$6.01,1441037800825,"2,325",50% bullish,of 2 ratings,N/A
GLUU,$4.595,1441037800904,"444,789",92% bullish,of 26 ratings,$9
GLBS,$1.01,1441037801036,"5,894",67% bullish,of 3 ratings,N/A
GLYC,$7.046,1441037801061,950,50% bullish,of 2 ratings,$14
GOGO,$15.89,1441037801111,"85,977",80% bullish,of 5 ratings,$25
GLNG,$39.34,1441037801240,"204,100",83% bullish,of 6 ratings,$55.50
GMLP,$19,1441037801310,"85,035",50% bullish,of 4 ratings,$30.50
GLDC,$4.0396,1441037801373,200,50% bullish,of 2 ratings,N/A
GDEN,$9.05,1441037801468,"1,150",50% bullish,of 2 ratings,N/A
GOGL,$3.16,1441037801493,"92,366",75% bullish,of 4 ratings,$5
GTIM,$6.79,1441037801648,"7,635",Not yet rated,NULL,$11.50
GBDC,$16.64,1441037801695,"25,123",Not yet rated,NULL,$17.75
GPIA,NULL,1441037801839,0,100% bearish,of 1 rating,N/A
GOOG,$631.325,1441037801871,"393,189",89% bullish,of 71 ratings,$825
GPRO,$47.69,1441037801975,"1,652,724",78% bullish,of 58 ratings,$72
GMAN,$3.8,1441037802104,"12,043",60% bullish,of 5 ratings,$8.50
GOOGL,$660.386,1441037802161,"356,509",88% bullish,of 1082 ratings,$749
GPIAU,NULL,1441037802186,0,Not yet rated,NULL,N/A
GPIAW,NULL,1441037802252,0,Not yet rated,NULL,N/A
GRVY,$3.2489,1441037802320,"3,700",50% bullish,of 2 ratings,N/A
LOPE,$37.39,1441037802350,"31,347",100% bearish,of 2 ratings,$50
GBSNU,NULL,1441037802532,0,NULL,NULL,NULL
GBSN,$0.2916,1441037802604,"4,268,624",50% bullish,of 2 ratings,$8.25
GLDD,$5.4599,1441037802670,"36,247",100% bearish,of 4 ratings,$7.75
GSBC,$39.78,1441037802699,"6,223",100% bullish,of 1 rating,$44
GNBC,$11.91,1441037802800,"2,504",100% bearish,of 1 rating,$16.50
GRBK,$11.943,1441037802840,"42,266",77% bullish,of 13 ratings,N/A
GPP,$14.21,1441037803025,"17,526",Not yet rated,NULL,$20.50
GPRE,$21.299,1441037803051,"146,329",67% bullish,of 6 ratings,$28.50
GCBC,$28.5,1441037803084,594,100% bullish,of 1 rating,N/A
GLRE,$25.6798,1441037803223,"16,792",50% bullish,of 2 ratings,$41
GRPN,$4.45,1441037803250,"2,095,149",61% bullish,of 71 ratings,$6.75
GRFS,$30.46,1441037803323,"34,778",50% bullish,of 2 ratings,$35
GRIF,NULL,1441037803352,0,100% bearish,of 1 rating,N/A
GGAL,$19.31,1441037803457,"51,413",80% bullish,of 5 ratings,$40
OMAB,$41.12,1441037803545,"20,176",100% bullish,of 1 rating,$44
GSIT,$4.65,1441037803650,"1,214",100% bearish,of 1 rating,N/A
GSIG,$12.91,1441037803695,"4,408",100% bearish,of 2 ratings,N/A
GTXI,$0.9159,1441037803860,"21,293",100% bullish,of 5 ratings,$.75
GBNK,$15.71,1441037803954,"4,580",100% bearish,of 1 rating,$18
GSVC,$9.02,1441037803980,"18,115",50% bullish,of 2 ratings,$14.50
GFED,$14.67,1441037804011,406,Not yet rated,NULL,$17
GUID,$7.2,1441037804113,"2,800",100% bearish,of 3 ratings,$10
GURE,$1.7,1441037804360,"2,027",88% bullish,of 8 ratings,N/A
GULTU,$0.31,1441037804386,"65,956",100% bearish,of 1 rating,N/A
GIFI,$12.72,1441037804407,"8,321",100% bearish,of 1 rating,$16
GWPH,$107.6599,1441037804541,"19,595",78% bullish,of 9 ratings,$148.50
GPOR,$35.52,1441037804574,"485,397",75% bullish,of 4 ratings,$55
GYRO,$2.77,1441037804642,300,100% bearish,of 1 rating,N/A
GWGH,$7.97,1441037804667,200,100% bearish,of 1 rating,$15.05
HEES,$19.8801,1441037804731,"91,955",67% bearish,of 3 ratings,$31
HLG,$9.5,1441037804971,"1,000",100% bearish,of 1 rating,N/A
HNRG,$8.08,1441037804996,"25,662",100% bearish,of 1 rating,$10
HMPR,$1.86,1441037805193,"1,688",100% bullish,of 1 rating,N/A
HBK,$13.67,1441037805259,100,50% bullish,of 2 ratings,N/A
HALO,$18.04,1441037805289,"222,771",67% bullish,of 3 ratings,$22.50
HBHC,$27.875,1441037805310,"222,109",50% bullish,of 2 ratings,$30
HALL,$11.487,1441037805344,"9,590",Not yet rated,NULL,N/A
HAFC,$23.97,1441037805449,"36,946",100% bullish,of 2 ratings,$28.50
HNH,$25.3,1441037805476,"2,857",100% bullish,of 1 rating,N/A
HBHCL,$24.29,1441037805547,"3,844",Not yet rated,NULL,N/A
HQCL,$12.98,1441037805738,"10,011",67% bullish,of 3 ratings,$14
HNSN,$0.54,1441037805764,"22,503",88% bullish,of 8 ratings,$.40
HDNG,$10.1,1441037805823,"9,332",50% bullish,of 4 ratings,N/A
HRMNU,$10.2,1441037806017,"2,100",Not yet rated,NULL,N/A
HLIT,$5.73,1441037806126,"103,567",100% bearish,of 1 rating,$6.50
HRMNW,$0.34,1441037806194,"10,000",Not yet rated,NULL,N/A
HCAPL,$25.5,1441037806326,"1,800",Not yet rated,NULL,N/A
HART,$1.57,1441037806466,"604,519",100% bearish,of 1 rating,N/A
HBIO,$4.32,1441037806500,"11,700",100% bearish,of 1 rating,$10
HRMN,$9.9001,1441037806521,400,Not yet rated,NULL,N/A
TINY,$2.49,1441037806601,"4,800",50% bullish,of 2 ratings,$5.26
HCAP,$12.29,1441037806627,"5,114",50% bullish,of 2 ratings,$15
HAS,$75.38,1441037806845,"145,362",63% bullish,of 8 ratings,$84.50
HA,$22.9,1441037806874,"151,399",67% bullish,of 9 ratings,$27
HWKN,$38.1358,1441037806950,"7,785",Not yet rated,NULL,N/A
HWBK,$13.16,1441037807021,100,100% bearish,of 1 rating,N/A
HCOM,$21.95,1441037807046,600,100% bearish,of 1 rating,$28
HAYN,$38.05,1441037807227,"10,140",100% bearish,of 1 rating,$59
HDS,$33.02,1441037807285,"259,848",100% bearish,of 2 ratings,$39.50
HIIQ,$5.22,1441037807576,"19,043",50% bullish,of 2 ratings,$7
HCSG,$33.46,1441037807601,"27,621",50% bullish,of 4 ratings,$35
HTLD,$20.28,1441037807645,"52,426",Not yet rated,NULL,$22.50
HWAY,$12.42,1441037807736,"37,405",100% bearish,of 1 rating,$15
HSTM,$25.06,1441037807778,"6,969",50% bullish,of 2 ratings,$33.75
HQY,$29.3,1441037807830,"30,018",67% bullish,of 3 ratings,$32
HTLF,$35.71,1441037807870,"9,920",100% bullish,of 1 rating,$39.50
HTWR,$85.57,1441037808112,"44,776",50% bullish,of 2 ratings,$103
HTBX,$4.999,1441037808144,"3,430",50% bullish,of 2 ratings,$15.50
HELE,$85.545,1441037808246,"18,438",67% bearish,of 3 ratings,$100
HSII,$19.68,1441037808272,"43,507",100% bullish,of 3 ratings,$25
HMTV,$13.53,1441037808406,"6,677",100% bearish,of 1 rating,$16
HMNY,$2.18,1441037808432,200,100% bearish,of 1 rating,N/A
HNNA,$24.7319,1441037808513,"1,998",Not yet rated,NULL,N/A
HCACU,$9.92,1441037808571,"16,912",Not yet rated,NULL,N/A
HERO,NULL,1441037808641,0,NULL,NULL,NULL
HFWA,$17.54,1441037808835,"2,854",100% bullish,of 1 rating,$20
HTBK,$10.513,1441037808894,"9,532",Not yet rated,NULL,$12
HEOP,$7.68,1441037808997,"1,449",Not yet rated,NULL,$8.50
HSIC,$137.48,1441037809025,"43,607",83% bullish,of 6 ratings,$146
HCCI,$11.36,1441037809051,"75,966",100% bearish,of 1 rating,$16.50
MLHR,$27.27,1441037809184,"34,892",50% bullish,of 2 ratings,$33.50
HRTX,$37.88,1441037809209,"760,915",67% bullish,of 6 ratings,$41
HSKA,$33.9,1441037809470,"16,015",100% bearish,of 1 rating,$38
HIHO,$4.2499,1441037809522,"13,497",Not yet rated,NULL,N/A
HFFC,$16,1441037809548,"28,256",Not yet rated,NULL,N/A
HIMX,$6.91,1441037809617,"356,573",86% bullish,of 21 ratings,$8.50
HIBB,$39.045,1441037809643,"79,157",100% bearish,of 1 rating,$46.50
HIFS,$115.37,1441037809703,107,Not yet rated,NULL,N/A
HSGX,$5.99,1441037809734,"2,985",100% bearish,of 1 rating,$17
HPJ,$2.22,1441037809811,"13,420",75% bullish,of 4 ratings,$12.43
HOLI,$17.64,1441037810109,"21,462",50% bullish,of 4 ratings,$27
HMSY,$10.42,1441037810135,"237,442",67% bullish,of 3 ratings,$19.35
HMNF,$11.7,1441037810202,200,Not yet rated,NULL,N/A
HBCP,$25.3,1441037810425,829,Not yet rated,NULL,$29
HOLX,$39.16,1441037810454,"332,872",67% bullish,of 3 ratings,$42
HOMB,$37.845,1441037810482,"27,905",Not yet rated,NULL,$42
AWAY,$29.05,1441037810504,"107,811",67% bullish,of 3 ratings,$36
HFBL,NULL,1441037810556,0,Not yet rated,NULL,N/A
HMIN,$26.76,1441037810633,"6,788",100% bearish,of 2 ratings,$35
HOFT,$23.93,1441037810828,"10,821",100% bearish,of 1 rating,N/A
HTBI,$18.09,1441037810853,"9,051",67% bullish,of 3 ratings,$18.625
HMST,$22.07,1441037810897,"13,986",100% bullish,of 2 ratings,$27
CETC,$0.7297,1441037810922,"5,056",86% bullish,of 7 ratings,N/A
HFBC,$11.4599,1441037811055,300,Not yet rated,NULL,N/A
HKTV,$4.3101,1441037811187,"2,740",100% bearish,of 1 rating,N/A
HBNC,$23.5,1441037811259,"4,596",100% bullish,of 1 rating,$27
HRZN,$10.553,1441037811562,"8,152",50% bullish,of 2 ratings,$14.25
HMHC,$22.57,1441037811662,"110,634",Not yet rated,NULL,$27
ZINC,$8.04,1441037811688,"370,469",100% bearish,of 1 rating,$17
HZNP,$29.79,1441037811717,"408,418",85% bullish,of 20 ratings,$40
HWCC,$7.65,1441037811821,"27,084",100% bearish,of 1 rating,$9
HDP,$23.645,1441037811922,"73,945",67% bearish,of 3 ratings,$30.50
HOVNP,$4.51,1441037811975,"2,700",100% bearish,of 1 rating,N/A
HSNI,$61.12,1441037812004,"48,126",Not yet rated,NULL,$80
HBMD,$14.4,1441037812029,100,100% bearish,of 1 rating,N/A
HCBK,$9.32,1441037812164,"312,745",83% bullish,of 6 ratings,$8.61
HUBG,$37.87,1441037812192,"52,359",100% bearish,of 1 rating,$43
HTGM,$5.74,1441037812220,"2,699",100% bearish,of 1 rating,$19.50
HDSN,$3.12,1441037812414,"1,543",100% bullish,of 1 rating,$6.25
HBAN,$10.915,1441037812440,"1,110,856",76% bullish,of 17 ratings,$12.29
HSON,$2.61,1441037812479,"2,304",100% bearish,of 1 rating,$5
HBANP,NULL,1441037812759,0,100% bearish,of 1 rating,N/A
HURC,$30.56,1441037812805,"2,711",100% bearish,of 1 rating,N/A
HTCH,$1.48,1441037812950,"60,750",100% bearish,of 1 rating,$3.50
HDRAR,$0.36,1441037812979,"10,000",Not yet rated,NULL,N/A
HURN,$73.335,1441037813007,"26,428",50% bullish,of 2 ratings,$80
HBP,$3.1492,1441037813033,"1,000",100% bullish,of 1 rating,N/A
HDRA,NULL,1441037813085,0,Not yet rated,NULL,N/A
HDRAU,NULL,1441037813216,0,Not yet rated,NULL,N/A
HDRAW,$0.264,1441037813299,600,Not yet rated,NULL,N/A
HYGS,$9.29,1441037813358,"21,893",50% bullish,of 2 ratings,$13
IDSY,$3.8,1441037813491,"9,250",100% bearish,of 1 rating,$7
IACI,$69.97,1441037813538,"172,938",75% bullish,of 4 ratings,$90
IKGH,NULL,1441037813563,0,75% bullish,of 4 ratings,N/A
ICAD,$4.09,1441037813837,"18,126",100% bullish,of 2 ratings,$7.25
IEP,$73.9799,1441037813872,"20,275",75% bullish,of 4 ratings,$99
ICFI,$34.21,1441037813905,"9,218",50% bullish,of 2 ratings,$48.50
ICLR,$77.83,1441037813970,"163,540",100% bearish,of 3 ratings,$85
IBKC,$60.4,1441037813999,"29,949",100% bullish,of 1 rating,$70
IPWR,$7.28,1441037814031,670,100% bullish,of 1 rating,$15
ICON,$13.91,1441037814060,"191,036",50% bullish,of 2 ratings,$18.50
ICUI,$113.19,1441037814088,"18,044",Not yet rated,NULL,$122
IDRA,$3.025,1441037814358,"691,852",89% bullish,of 9 ratings,$6.50
INVE,$4.59,1441037814412,"40,543",75% bullish,of 4 ratings,$4
IDXX,$72.04,1441037814460,"94,524",100% bearish,of 1 rating,$76
IRG,$4.84,1441037814676,"3,525",100% bearish,of 1 rating,$4.25
DSKY,$11.12,1441037814701,"25,469",67% bullish,of 6 ratings,$11.50
RXDX,$13.63,1441037814753,"21,480",100% bullish,of 1 rating,$20
IROQ,$16.76,1441037814782,100,100% bullish,of 1 rating,N/A
KANG,$15.74,1441037814883,"135,080",50% bullish,of 2 ratings,$22.55
IKNX,$12.25,1441037814930,"2,000",100% bearish,of 1 rating,N/A
IKAN,$2.739,1441037814978,"1,300",83% bullish,of 6 ratings,$5
IIVI,$16.79,1441037815009,"39,533",100% bearish,of 1 rating,$22
ILMN,$200.86,1441037815113,"202,893",80% bullish,of 5 ratings,$245
IMMR,$11.73,1441037815146,"23,554",80% bullish,of 5 ratings,$15.50
ISNS,$3.95,1441037815244,"1,071",50% bullish,of 2 ratings,N/A
ICCC,$7.19,1441037815314,"4,675",100% bullish,of 1 rating,N/A
IMDZ,$16.205,1441037815342,"12,083",100% bearish,of 1 rating,$33
IMGN,$13.78,1441037815686,"218,472",75% bullish,of 4 ratings,$17.50
IMNP,$1.3,1441037815720,"2,200",50% bullish,of 2 ratings,$6
IMMY,$7.81,1441037815741,"1,900",100% bearish,of 1 rating,$11
IMMU,$2.155,1441037815774,"181,890",86% bullish,of 7 ratings,$2
IPXL,$42.27,1441037815806,"148,614",67% bullish,of 3 ratings,$46.50
INCR,$41.28,1441037815836,"144,344",50% bullish,of 2 ratings,$53
INCY,$119.87,1441037815908,"360,443",50% bullish,of 6 ratings,$125.50
SAAS,$7.65,1441037815933,"80,835",50% bullish,of 2 ratings,$15
IBCP,$14.1,1441037816156,"8,492",100% bullish,of 1 rating,$14.50
IBTX,$41.0276,1441037816184,"1,994",100% bullish,of 2 ratings,$47.25
INDB,$44.585,1441037816215,"12,240",Not yet rated,NULL,$44
INFN,$21.95,1441037816312,"1,090,387",71% bullish,of 7 ratings,$28
IDSA,$3.5,1441037816418,354,Not yet rated,NULL,N/A
IPCC,$77.02,1441037816648,"4,352",Not yet rated,NULL,$77.50
INFI,$9.09,1441037816677,"64,911",50% bullish,of 4 ratings,$18
III,$3.93,1441037816698,"16,300",57% bullish,of 7 ratings,$6
INWK,$7.17,1441037816731,"10,558",50% bullish,of 2 ratings,$10
IMKTA,$50.6,1441037816831,"20,367",100% bearish,of 1 rating,N/A
IFON,$1.24,1441037816888,"6,000",75% bullish,of 4 ratings,N/A
INNL,$11.92,1441037816960,100,100% bearish,of 1 rating,$16.50
INOD,NULL,1441037816987,0,100% bearish,of 1 rating,N/A
IPHS,$48.23,1441037817187,"10,106",100% bearish,of 1 rating,$60
IOSP,$49.41,1441037817216,"35,623",100% bearish,of 1 rating,N/A
ISSC,$2.78,1441037817241,900,67% bearish,of 3 ratings,N/A
INOV,$21.69,1441037817404,"44,581",100% bearish,of 1 rating,$33
INGN,$49.115,1441037817430,"60,950",100% bearish,of 1 rating,$50.50
ITEK,$12.295,1441037817486,"80,352",100% bearish,of 3 ratings,$20
INO,$7.64,1441037817517,"420,109",89% bullish,of 18 ratings,$20
NSIT,$25.49,1441037817618,"24,177",50% bullish,of 2 ratings,N/A
IIIN,$17.5076,1441037817702,"3,500",100% bearish,of 2 ratings,N/A
INSM,$25.13,1441037817751,"133,096",71% bullish,of 7 ratings,$31.50
PODD,$29.76,1441037817939,"70,858",67% bearish,of 3 ratings,$35
NTEC,$5.4899,1441037817989,"22,080",100% bearish,of 1 rating,N/A
ISIG,$2.73,1441037818015,"18,269",100% bearish,of 1 rating,N/A
INSY,$33,1441037818044,"96,247",75% bullish,of 4 ratings,$48
IDTI,$19.275,1441037818150,"409,444",60% bullish,of 5 ratings,$25
IART,$60.85,1441037818176,"44,050",100% bearish,of 2 ratings,$71.50
IESC,$7.25,1441037818304,"9,100",100% bearish,of 1 rating,N/A
ISSI,$22.01,1441037818435,"53,734",67% bullish,of 3 ratings,$19.75
INTC,$28.895,1441037818506,"8,482,374",82% bullish,of 238 ratings,$36
IPAR,$25.435,1441037818735,"13,071",67% bullish,of 3 ratings,$38
IPCI,$2.3,1441037818765,"22,220",67% bullish,of 6 ratings,$8
IBKR,$39.6,1441037818791,"147,547",100% bullish,of 1 rating,N/A
ININ,$35.7,1441037818903,"27,425",67% bearish,of 3 ratings,$57
ICLD,$1.88,1441037818928,"41,334",75% bullish,of 4 ratings,N/A
ICLDW,NULL,1441037819197,0,100% bearish,of 1 rating,N/A
IDCC,$49.2,1441037819225,"84,732",80% bullish,of 5 ratings,$63
TILE,$24.25,1441037819265,"229,083",100% bearish,of 3 ratings,$27
IMI,$2.2,1441037819358,"9,000",67% bullish,of 3 ratings,$2.22
INAP,$8.02,1441037819418,"25,083",75% bullish,of 4 ratings,$11
IGLD,$6.8901,1441037819634,937,50% bullish,of 2 ratings,N/A
IBOC,$25.26,1441037819660,"10,647",100% bearish,of 1 rating,N/A
ISCA,$31.9,1441037819707,"9,060",100% bearish,of 1 rating,N/A
PTNT,$3.02,1441037819901,200,Not yet rated,NULL,N/A
IIJI,NULL,1441037819927,0,50% bullish,of 2 ratings,$11.50
INPH,$0.3169,1441037819948,"16,059",50% bullish,of 2 ratings,N/A
IQNT,$18.56,1441037820098,"64,782",86% bullish,of 7 ratings,$20
ISIL,$10.66,1441037820202,"127,428",50% bullish,of 6 ratings,$15
INTX,$2.044,1441037820229,"51,779",67% bullish,of 3 ratings,N/A
ICPT,$189.07,1441037820298,"86,829",70% bullish,of 10 ratings,$359.50
IVAC,$4.91,1441037820375,"2,980",100% bearish,of 1 rating,$6.625
IILG,$20.15,1441037820502,"11,626",100% bearish,of 1 rating,$29
INTLL,$25.9,1441037820542,"1,200",Not yet rated,NULL,N/A
ITCI,$26.91,1441037820794,"170,221",75% bearish,of 4 ratings,$40
INTU,$85.27,1441037820825,"527,937",86% bullish,of 7 ratings,$107.50
IIN,NULL,1441037820853,0,100% bearish,of 1 rating,$12
ISRG,$514.46,1441037820926,"40,367",67% bullish,of 3 ratings,$600
XENT,$25.4,1441037821027,"21,827",50% bullish,of 2 ratings,$36.50
INVT,$0.32,1441037821285,"75,389",67% bullish,of 3 ratings,N/A
ISTR,$15.55,1441037821336,2,100% bearish,of 1 rating,$18.50
ITIC,$71.02,1441037821378,534,100% bearish,of 2 ratings,N/A
SNAK,$8.72,1441037821409,"10,722",50% bullish,of 2 ratings,$14
NVIV,$9.9,1441037821508,"71,687",50% bullish,of 4 ratings,$24.50
ISBC,$11.74,1441037821535,"316,744",100% bullish,of 1 rating,$13.25
INTL,$26.62,1441037821812,"21,861",67% bearish,of 3 ratings,N/A
IPAS,$1.0721,1441037821838,"7,529",67% bullish,of 3 ratings,N/A
DFVL,$66.6,1441037821875,3,Not yet rated,NULL,N/A
IVTY,$14.32,1441037821907,"1,800",Not yet rated,NULL,$18
DTUL,NULL,1441037821933,0,Not yet rated,NULL,N/A
IPCM,$79.38,1441037822017,"39,222",50% bullish,of 2 ratings,$80.125
IRMD,$25.515,1441037822069,"11,591",67% bearish,of 3 ratings,$25
IPGP,$85.25,1441037822167,"55,633",67% bearish,of 3 ratings,$109.50
IRBT,$29.56,1441037822347,"39,483",67% bullish,of 6 ratings,$37
IRDMB,$279,1441037822419,100,67% bearish,of 3 ratings,N/A
IRIX,$6.82,1441037822480,"28,313",100% bearish,of 1 rating,N/A
IRWD,$11.1,1441037822510,"106,653",100% bearish,of 1 rating,$13
IRDM,$7.31,1441037822611,"92,025",60% bullish,of 5 ratings,$11.50
IRCP,NULL,1441037822637,0,100% bullish,of 2 ratings,N/A
COMT,$34.0101,1441037822693,"1,205",100% bearish,of 1 rating,N/A
IFAS,NULL,1441037822766,0,NULL,NULL,NULL
GNMA,$50.26,1441037822821,"3,800",Not yet rated,NULL,N/A
IFEU,$37.945,1441037822957,"28,902",Not yet rated,NULL,N/A
FCHI,NULL,1441037822988,0,NULL,NULL,NULL
IFNA,NULL,1441037823006,0,NULL,NULL,NULL
IFGL,$28.3849,1441037823090,"60,269",Not yet rated,NULL,N/A
AAIT,NULL,1441037823309,0,NULL,NULL,NULL
ACWX,$40.84,1441037823376,"55,947",100% bearish,of 1 rating,N/A
AAXJ,$53.43,1441037823437,"529,120",Not yet rated,NULL,N/A
ACWI,$56.01,1441037823465,"491,530",Not yet rated,NULL,N/A
AXJS,NULL,1441037823502,0,NULL,NULL,NULL
EMDI,NULL,1441037823528,0,NULL,NULL,NULL
EEME,NULL,1441037823639,0,NULL,NULL,NULL
EEMA,$50.3501,1441037823704,"17,161",Not yet rated,NULL,N/A
EVAL,NULL,1441037823836,0,NULL,NULL,NULL
EEML,$27.06,1441037823859,"2,300",Not yet rated,NULL,N/A
EMEY,NULL,1441037823883,0,NULL,NULL,NULL
EGRW,NULL,1441037823916,0,NULL,NULL,NULL
EUFN,$21.8113,1441037823943,"12,870",100% bearish,of 1 rating,N/A
IEUS,$45.75,1441037824019,"4,218",100% bearish,of 1 rating,N/A
QAT,$21.83,1441037824085,"2,600",Not yet rated,NULL,N/A
UAE,$18.53,1441037824333,85,Not yet rated,NULL,N/A
IBB,$347.09,1441037824386,"347,512",63% bullish,of 8 ratings,N/A
INDY,$27.4101,1441037824468,"21,641",50% bullish,of 2 ratings,N/A
SOXX,$83.61,1441037824494,"147,234",50% bullish,of 2 ratings,N/A
ICLN,$9.45,1441037824548,"3,116",50% bullish,of 2 ratings,N/A
EMIF,$28.61,1441037824689,"28,066",Not yet rated,NULL,N/A
WOOD,$48.17,1441037824716,"1,235",50% bullish,of 2 ratings,N/A
IGOV,$90.5899,1441037824737,"196,606",100% bearish,of 1 rating,N/A
ISIS,$50.99,1441037824938,"340,947",53% bullish,of 15 ratings,$67
ISHG,$79.5,1441037825007,34,100% bearish,of 1 rating,N/A
ISLE,$18.06,1441037825071,"163,086",50% bullish,of 4 ratings,$16
ISRL,$126.9501,1441037825103,100,100% bearish,of 1 rating,N/A
ITRN,$24.23,1441037825203,300,50% bullish,of 2 ratings,N/A
ITRI,$30.03,1441037825264,"43,465",100% bearish,of 1 rating,$37
ITUS,$4.03,1441037825335,"1,100",Not yet rated,NULL,N/A
IXYS,$11.95,1441037825493,"79,877",50% bullish,of 4 ratings,N/A
JJSF,$114.15,1441037825540,"7,014",100% bearish,of 1 rating,N/A
XXIA,$15.5,1441037825595,"154,064",71% bullish,of 7 ratings,$14.625
JBHT,$73.1799,1441037825735,"202,788",50% bullish,of 4 ratings,$89.50
MAYS,$59.93,1441037825831,160,Not yet rated,NULL,N/A
JASO,$8.015,1441037825936,"350,242",82% bullish,of 17 ratings,$10
JKHY,$68.07,1441037826041,"42,197",50% bullish,of 2 ratings,$72
JCOM,$68.92,1441037826076,"17,706",100% bullish,of 2 ratings,$77
JACK,$79.13,1441037826140,"70,085",83% bullish,of 6 ratings,$105
JAGX,$3.1501,1441037826388,"2,103",Not yet rated,NULL,$10.50
JXSB,NULL,1441037826450,0,Not yet rated,NULL,N/A
JMBA,$13.98,1441037826506,"18,901",75% bullish,of 4 ratings,$18
JAXB,$13.71,1441037826531,400,100% bullish,of 1 rating,N/A
JAKK,$9.77,1441037826556,"298,703",60% bearish,of 5 ratings,$11
JRVR,$27,1441037826584,"20,468",Not yet rated,NULL,$32
JASN,$4.98,1441037826719,"1,075",50% bullish,of 2 ratings,$9.50
ERW,NULL,1441037826918,0,Not yet rated,NULL,N/A
JAZZ,$170.43,1441037826979,"63,734",80% bullish,of 15 ratings,$206.50
JBLU,$22.4901,1441037827005,"1,478,210",94% bullish,of 18 ratings,$27
JASNW,NULL,1441037827139,0,50% bullish,of 2 ratings,N/A
JD,$26.1469,1441037827207,"2,189,148",75% bullish,of 16 ratings,$36
JTPY,$2.95,1441037827232,200,100% bearish,of 1 rating,N/A
JST,$3.74,1441037827372,"3,900",75% bullish,of 4 ratings,N/A
JIVE,$4.51,1441037827462,"43,701",75% bullish,of 4 ratings,$5
JCTCF,NULL,1441037827543,0,100% bullish,of 1 rating,N/A
JOEZ,$0.1652,1441037827574,"47,686",92% bullish,of 12 ratings,N/A
DATE,$6.06,1441037827607,"14,862",75% bullish,of 4 ratings,$9
JBSS,$52.62,1441037827704,"4,679",67% bearish,of 3 ratings,N/A
WYIGU,NULL,1441037827732,0,100% bearish,of 1 rating,N/A
JOUT,$24.7401,1441037827760,"5,129",100% bearish,of 1 rating,$34
JNP,$11.18,1441037827894,"15,306",100% bullish,of 3 ratings,$15
JUNO,$37.15,1441037827938,"259,610",73% bullish,of 11 ratings,$71.50
KTWO,$21.29,1441037828166,"6,832",100% bearish,of 1 rating,$28.50
KMDA,$3.5,1441037828236,786,50% bullish,of 2 ratings,$8
KALU,$83.12,1441037828296,"16,102",67% bearish,of 3 ratings,$91
KBIO,$2.06,1441037828322,"15,865",50% bullish,of 4 ratings,N/A
KPTI,$14.21,1441037828350,"121,205",67% bearish,of 3 ratings,$39
KCLI,$46.75,1441037828375,"3,207",Not yet rated,NULL,N/A
KBSF,NULL,1441037828401,0,100% bullish,of 1 rating,N/A
KNDI,$6.81,1441037828536,"64,127",86% bullish,of 22 ratings,N/A
KCAP,$4.63,1441037828607,"33,703",75% bullish,of 4 ratings,$6
KRNY,$11.28,1441037828742,"31,792",100% bearish,of 1 rating,$12
KMPH,$19.6,1441037828813,"11,234",100% bearish,of 2 ratings,$22
KELYB,NULL,1441037828843,0,50% bullish,of 2 ratings,N/A
KELYA,$14.35,1441037828868,"21,081",67% bullish,of 6 ratings,$20
KFFB,$8.8,1441037828946,400,100% bearish,of 1 rating,N/A
KERX,$6.49,1441037829149,"335,939",82% bullish,of 11 ratings,$12
KTEC,$12.35,1441037829248,5,Not yet rated,NULL,N/A
KEQU,NULL,1441037829306,0,100% bullish,of 1 rating,N/A
GMCR,$56.62,1441037829389,"892,236",71% bullish,of 42 ratings,$64
KFRC,$26.59,1441037829476,"43,167",100% bullish,of 2 ratings,$29
KE,$11.65,1441037829533,"9,560",67% bearish,of 3 ratings,$16
KTCC,$10.26,1441037829561,"8,247",100% bearish,of 1 rating,$16
KIN,$5.93,1441037829606,"6,696",50% bullish,of 2 ratings,$6.25
