Symbol,Price,Date,Volume,Rating,RatingVoteCount,OneYearEstimate
TFSC,NULL,1440710402441,0,100% bearish,of 1 rating,N/A
FCCY,$11.72,1440710402479,320,100% bullish,of 1 rating,$13
PIH,$7.71,1440710402528,"10,100",100% bearish,of 1 rating,N/A
TFSCR,NULL,1440710402572,0,Not yet rated,NULL,N/A
TFSCW,NULL,1440710402597,0,100% bearish,of 1 rating,N/A
TFSCU,NULL,1440710402617,0,Not yet rated,NULL,N/A
FLWS,$8.43,1440710402645,"1,277,183",80% bullish,of 5 ratings,$15
FCTY,$7.76,1440710402670,"2,814",100% bullish,of 1 rating,$8.50
VNET,$17.97,1440710402823,"960,538",60% bullish,of 5 ratings,$29.50
SRCE,$29.28,1440710402860,"39,017",100% bullish,of 3 ratings,$33
UGLD,$9.05,1440710402959,"996,913",100% bearish,of 1 rating,N/A
TWOU,$35.15,1440710403031,"181,970",50% bullish,of 2 ratings,$39
DSLV,$71.67,1440710403058,"16,710",100% bearish,of 1 rating,N/A
DGLD,$83.29,1440710403089,"25,064",100% bullish,of 1 rating,N/A
JOBS,$26.9096,1440710403127,"345,041",50% bullish,of 4 ratings,$36
USLV,$12.05,1440710403222,"327,051",86% bullish,of 7 ratings,N/A
SIXD,$2.88,1440710403452,"175,838",Not yet rated,NULL,N/A
CAFD,$14.23,1440710403480,"627,767",Not yet rated,NULL,$25
AVHI,$13.57,1440710403583,"110,611",100% bearish,of 1 rating,$19
ABGB,$5.64,1440710403806,"215,632",67% bullish,of 3 ratings,$5.50
EGHT,$7.85,1440710403834,"409,295",82% bullish,of 17 ratings,$11
AAON,$20.73,1440710403885,"105,792",100% bearish,of 1 rating,$24
ABEO,$4.7,1440710403913,"55,908",50% bullish,of 4 ratings,$15.50
ABAX,$47.16,1440710403934,"121,499",100% bearish,of 1 rating,$60
ABY,$21.89,1440710404064,"417,772",100% bearish,of 2 ratings,$46
SHLM,$33.99,1440710404244,"96,056",100% bearish,of 1 rating,$47
ABEOW,$1.72,1440710404280,"1,765",100% bullish,of 1 rating,N/A
AXAS,$1.86,1440710404375,"1,195,243",78% bullish,of 9 ratings,$3.50
ABMD,$98.2,1440710404406,"361,568",75% bullish,of 4 ratings,$100.50
ACTG,$9.33,1440710404434,"238,840",67% bullish,of 3 ratings,$18.50
ACHC,$74.32,1440710404507,"693,069",50% bullish,of 2 ratings,$92
XLRN,$28.55,1440710404698,"124,056",50% bullish,of 2 ratings,$57
ACST,$0.339,1440710404776,"38,840",100% bullish,of 2 ratings,N/A
ANCX,$19.58,1440710404859,"18,905",Not yet rated,NULL,$20
VXUP,$1.5,1440710404891,"51,057",100% bearish,of 1 rating,N/A
ARAY,$6.44,1440710404912,"790,654",100% bearish,of 1 rating,$10.50
AXDX,$18.59,1440710404948,"133,104",100% bearish,of 1 rating,N/A
ACAD,$37.91,1440710405042,"800,915",80% bullish,of 20 ratings,$48
VXDN,$1.91,1440710405067,"79,592",100% bearish,of 1 rating,N/A
ACRX,$4.18,1440710405287,"176,135",67% bearish,of 6 ratings,$5.50
AKAO,$6.65,1440710405357,"55,372",75% bullish,of 4 ratings,$15
ACHN,$7.51,1440710405382,"1,754,893",90% bullish,of 21 ratings,$16
ACET,$22.59,1440710405436,"134,400",75% bullish,of 4 ratings,$30
ACNB,$19.82,1440710405514,"3,126",Not yet rated,NULL,N/A
ACIW,$21.07,1440710405543,"618,018",67% bearish,of 3 ratings,$24
ACTS,$1.62,1440710405650,"51,641",100% bearish,of 1 rating,N/A
ACPW,$1.8,1440710405705,"13,406",100% bullish,of 4 ratings,$3.50
ACOR,$31.69,1440710405737,"676,500",67% bearish,of 3 ratings,$38.50
ATVI,$29.41,1440710405839,"4,322,516",68% bullish,of 84 ratings,$31.50
ACUR,$0.549,1440710405866,"118,162",100% bullish,of 5 ratings,$1
ACTA,$13.09,1440710405995,"101,358",67% bearish,of 3 ratings,$25
ACXM,$20.88,1440710406022,"313,597",67% bullish,of 3 ratings,N/A
ADMS,$20.06,1440710406372,"44,813",100% bearish,of 2 ratings,$36
ADMP,$3.64,1440710406481,"15,859",50% bullish,of 2 ratings,$10
ADAP,$11.28,1440710406506,"47,580",67% bullish,of 3 ratings,$22
ADMA,$9.25,1440710406533,"6,150",Not yet rated,NULL,$19
ADUS,$28.51,1440710406568,"36,611",100% bearish,of 1 rating,$31
ADTN,$15.63,1440710406589,"264,065",67% bullish,of 3 ratings,$17.125
AEY,$2.37,1440710406667,"7,215",100% bearish,of 2 ratings,N/A
ADEP,$6.79,1440710406691,"19,627",50% bullish,of 2 ratings,$10.75
ADBE,$78.91,1440710406851,"2,626,306",65% bullish,of 17 ratings,$90
AMD,$1.78,1440710406901,"8,269,988",83% bullish,of 103 ratings,$2
ADXS,$14.97,1440710407002,"698,120",64% bullish,of 14 ratings,$27
ADXSW,$10.3,1440710407028,"7,480",100% bullish,of 1 rating,N/A
ADRO,$21.81,1440710407056,"184,152",80% bullish,of 5 ratings,$45.50
AEIS,$24.59,1440710407077,"152,965",50% bullish,of 2 ratings,$32.50
YPRO,$22.99,1440710407347,113,100% bearish,of 1 rating,N/A
AEHR,$2.26,1440710407410,"2,050",50% bullish,of 2 ratings,N/A
AMTX,$2.73,1440710407435,"29,307",50% bullish,of 2 ratings,$26.11
AEPI,$54.4,1440710407465,"9,352",100% bearish,of 1 rating,N/A
AEGN,$18.03,1440710407487,"120,038",100% bearish,of 2 ratings,$21
MULT,$22.9,1440710407516,100,100% bearish,of 1 rating,N/A
AEZS,$0.0855,1440710407687,"7,062,749",90% bullish,of 21 ratings,$1.50
AEGR,$17.76,1440710407735,"379,386",50% bullish,of 6 ratings,$26
AVAV,$24,1440710407867,"84,544",50% bullish,of 4 ratings,$31
AFMD,$10.14,1440710407896,"90,074",50% bullish,of 4 ratings,$15
AEMD,$7.15,1440710407924,"176,485",Not yet rated,NULL,$27.50
AERI,$16.5,1440710407949,"496,566",75% bullish,of 4 ratings,$31.50
AGEN,$6.91,1440710408264,"652,795",85% bullish,of 13 ratings,$14
AFFX,$9.66,1440710408353,"805,284",80% bullish,of 5 ratings,$12
AGRX,$8.43,1440710408379,"16,281",100% bearish,of 1 rating,$17.50
AGIO,$90,1440710408404,"287,844",88% bullish,of 8 ratings,$114
AGYS,$9.8,1440710408433,"25,835",100% bearish,of 1 rating,N/A
AIMT,$21.35,1440710408538,"49,058",Not yet rated,NULL,N/A
AIRT,$22.71,1440710408671,536,100% bullish,of 1 rating,N/A
AIRM,$36.99,1440710408700,"216,632",80% bearish,of 5 ratings,$53
ATSG,$8.94,1440710408725,"131,156",67% bullish,of 3 ratings,$13
AGFS,$10.1908,1440710408750,"34,412",100% bearish,of 1 rating,N/A
AGFSW,$2,1440710408781,"17,600",100% bearish,of 2 ratings,N/A
AIXG,$6.02,1440710408882,"25,723",67% bearish,of 3 ratings,$5.25
AMCN,$4.59,1440710409022,"412,688",83% bullish,of 6 ratings,N/A
AKAM,$70.5,1440710409079,"1,345,054",63% bullish,of 8 ratings,$77
AKER,$2.79,1440710409104,"5,892",Not yet rated,NULL,N/A
AKBA,$6.47,1440710409155,"112,314",100% bearish,of 1 rating,$18
ABDC,$12.21,1440710409443,"91,352",Not yet rated,NULL,$15
ALSK,$2.04,1440710409471,"158,320",78% bullish,of 18 ratings,$2
ALDR,$38.82,1440710409496,"255,073",67% bearish,of 3 ratings,$62
ADHD,$7.76,1440710409550,"137,797",50% bullish,of 4 ratings,$18
ALDX,$6.85,1440710409632,"7,841",100% bearish,of 1 rating,$14.50
AMRI,$19.96,1440710409659,"131,544",75% bearish,of 4 ratings,$24
ALRM,$16.9,1440710409812,"57,187",100% bearish,of 1 rating,$22
AKRX,$41.21,1440710409853,"795,009",78% bullish,of 9 ratings,$56
ALXA,$1.18,1440710409879,"19,066",83% bullish,of 6 ratings,$2.125
ALCO,$42.3,1440710410018,"4,230",50% bullish,of 2 ratings,N/A
ALGN,$56.82,1440710410042,"267,499",100% bearish,of 2 ratings,$73
ALXN,$179.82,1440710410112,"1,199,492",88% bullish,of 8 ratings,$223
ALKS,$61.17,1440710410293,"377,025",67% bullish,of 3 ratings,$75
ALIM,$3.37,1440710410353,"59,425",80% bullish,of 5 ratings,$10
AIQ,$13.6,1440710410423,"8,402",67% bullish,of 3 ratings,N/A
ALLB,$22.79,1440710410452,200,Not yet rated,NULL,N/A
ALGT,$209.79,1440710410479,"180,748",100% bearish,of 2 ratings,$235
AHGP,$36.21,1440710410505,"161,356",67% bullish,of 3 ratings,N/A
AFOP,$18.7,1440710410642,"137,332",75% bullish,of 8 ratings,$21
AMOT,$18.57,1440710410820,"59,105",100% bearish,of 1 rating,N/A
ARLP,$24.64,1440710410849,"264,835",67% bearish,of 3 ratings,$32
ALQA,$4.31,1440710410875,"5,131",75% bullish,of 4 ratings,$8.50
ALLT,$5.025,1440710410951,"55,914",75% bullish,of 4 ratings,$6.25
AHPI,$1.45,1440710411028,604,50% bullish,of 2 ratings,N/A
AFAM,$45.45,1440710411105,"46,292",50% bullish,of 2 ratings,$44
MDRX,$13.68,1440710411132,"1,256,781",60% bullish,of 5 ratings,$16
ATEC,$0.57,1440710411260,"46,780",100% bullish,of 1 rating,$2
SMCP,NULL,1440710411286,0,Not yet rated,NULL,N/A
AOSL,$7.22,1440710411339,"54,865",67% bullish,of 3 ratings,$9
ALNY,$104.9,1440710411411,"354,061",67% bullish,of 3 ratings,$148.50
AIMC,$24.66,1440710411439,"67,041",100% bearish,of 2 ratings,$28.50
ASPS,$25.76,1440710411518,"215,620",67% bullish,of 3 ratings,$46.50
AMAG,$65.99,1440710411649,"403,919",100% bullish,of 2 ratings,$77.50
ALTR,$48.62,1440710411689,"2,269,701",80% bearish,of 5 ratings,$54
AMRK,NULL,1440710411823,0,50% bullish,of 2 ratings,$14
AMRN,$2.09,1440710411924,"1,590,636",85% bullish,of 39 ratings,$8
AYA,$20.58,1440710411983,"33,984",100% bearish,of 1 rating,$40
AMBCW,$7.75,1440710412115,"25,933",100% bearish,of 1 rating,N/A
EPAX,$2.69,1440710412143,"18,600",100% bearish,of 1 rating,N/A
AMZN,$519,1440710412247,"3,977,606",81% bullish,of 264 ratings,$646
AMCX,$72.79,1440710412272,"683,124",67% bullish,of 3 ratings,$87.50
AMBA,$91.3,1440710412480,"1,900,286",83% bullish,of 12 ratings,$102.50
AMDA,$0.4835,1440710412537,"793,529",90% bullish,of 10 ratings,$1
AMED,$38.98,1440710412569,"181,422",100% bearish,of 1 rating,$42
UHAL,$373.05,1440710412618,"12,011",100% bullish,of 2 ratings,$393.50
AMBC,$15.97,1440710412670,"218,211",100% bearish,of 1 rating,$16.50
DOX,$57.75,1440710412749,"401,467",67% bearish,of 3 ratings,$60
ATAX,$5.18,1440710412969,"55,519",100% bullish,of 1 rating,$6.50
AAL,$39.35,1440710413044,"8,576,528",93% bullish,of 88 ratings,$57
AMOV,$18.41,1440710413068,"3,745",100% bearish,of 1 rating,N/A
ASBI,$22.63,1440710413132,"4,537",Not yet rated,NULL,N/A
AGNC,$19.58,1440710413241,"2,138,378",71% bullish,of 28 ratings,$22
AGNCP,$25.25,1440710413269,"4,400",Not yet rated,NULL,N/A
AGNCB,$24.23,1440710413295,"16,640",Not yet rated,NULL,N/A
MTGE,$15.56,1440710413316,"298,318",75% bullish,of 4 ratings,$19.50
MTGEP,$24.5,1440710413447,"1,231",Not yet rated,NULL,N/A
ACAS,$13.6322,1440710413494,"1,370,003",60% bullish,of 5 ratings,$16.75
ANCI,$1.52,1440710413662,350,100% bearish,of 1 rating,N/A
AMNB,$23.22,1440710413690,"8,993",Not yet rated,NULL,$25.50
AMIC,$10.01,1440710413717,"1,768",Not yet rated,NULL,N/A
AETI,$3.49,1440710413738,"14,169",67% bearish,of 3 ratings,N/A
ACSF,$12.16,1440710413766,"47,653",100% bearish,of 1 rating,$15
ANAT,$100.8302,1440710413940,"14,552",100% bullish,of 1 rating,N/A
ARII,$38.64,1440710414146,"374,705",67% bearish,of 3 ratings,$45
AMSC,$4.51,1440710414171,"166,147",50% bullish,of 4 ratings,N/A
ASEI,$37.98,1440710414210,"34,541",100% bearish,of 1 rating,$52.50
AMRB,$10.06,1440710414237,"1,779",Not yet rated,NULL,$11
AMSWA,$8.39,1440710414258,"48,154",100% bearish,of 2 ratings,$10.75
APEI,$21.89,1440710414424,"71,859",100% bearish,of 1 rating,$25.50
AMWD,$66.44,1440710414588,"90,829",50% bullish,of 2 ratings,$70
CRMT,$36.12,1440710414633,"44,029",100% bearish,of 1 rating,$39
ABCB,$26.67,1440710414767,"85,858",Not yet rated,NULL,$31
AMSF,$46.85,1440710414792,"49,657",Not yet rated,NULL,$57.50
ASRVP,NULL,1440710414820,0,Not yet rated,NULL,N/A
ASRV,$3.3,1440710414849,"1,376",100% bullish,of 2 ratings,N/A
ATLO,$24.29,1440710414955,"6,848",Not yet rated,NULL,N/A
AMGN,$154.07,1440710414982,"3,323,816",89% bullish,of 19 ratings,$185
FOLD,$14.85,1440710415054,"881,881",56% bullish,of 9 ratings,$21
AMKR,$5.05,1440710415081,"1,184,729",100% bearish,of 2 ratings,$5
AMSG,$80.39,1440710415212,"265,359",100% bearish,of 1 rating,$85.50
AMSGP,$151.88,1440710415237,111,Not yet rated,NULL,N/A
AFSI,$58.7718,1440710415373,"294,367",60% bullish,of 5 ratings,$72
AMPH,$13.81,1440710415402,"154,484",50% bullish,of 2 ratings,$20
ASYS,$5.4,1440710415505,"44,893",67% bullish,of 3 ratings,$12
ANAC,$133.67,1440710415532,"320,795",80% bullish,of 5 ratings,$180.50
AMRS,$1.7,1440710415575,"56,333",70% bullish,of 10 ratings,N/A
ANAD,$0.32,1440710415603,"257,880",100% bullish,of 2 ratings,$.50
ADI,$56.48,1440710415676,"3,067,000",67% bullish,of 3 ratings,$69
ALOG,$78.99,1440710415868,"59,340",100% bearish,of 2 ratings,$100.50
ABCW,$41.29,1440710415917,"12,052",67% bullish,of 3 ratings,N/A
ANCB,$22.1,1440710415942,"1,200",Not yet rated,NULL,$23
ANGI,$5.07,1440710416082,"634,018",64% bullish,of 11 ratings,$5.50
ANIP,$50.09,1440710416109,"153,343",89% bullish,of 19 ratings,$66
ANGO,$14.58,1440710416130,"121,007",67% bullish,of 3 ratings,$19
AMCF,$0.25,1440710416160,"1,100",100% bullish,of 7 ratings,N/A
ANSS,$89.79,1440710416313,"275,863",100% bearish,of 1 rating,$100
ANIK,$35.61,1440710416402,"120,676",60% bullish,of 5 ratings,$51.25
ATNY,$2.34,1440710416441,"2,800",50% bullish,of 2 ratings,$3.75
ANTH,$7.55,1440710416468,"671,660",80% bullish,of 10 ratings,$13
ATRS,$1.71,1440710416493,"453,364",92% bullish,of 12 ratings,$4.50
APIC,$7.41,1440710416534,"123,570",100% bearish,of 1 rating,$19
ABAC,$0.788,1440710416561,"8,241",100% bearish,of 1 rating,N/A
APOG,$50.76,1440710416705,"139,516",50% bullish,of 2 ratings,$67
APOL,$11.19,1440710416731,"880,950",87% bearish,of 68 ratings,$14
AAPL,$112.86,1440710416915,"50,178,254",86% bullish,of 2350 ratings,$150
AINV,$6.57,1440710416940,"787,516",50% bullish,of 4 ratings,$8
APPF,$17,1440710416965,"50,686",50% bullish,of 2 ratings,$22
ARCI,NULL,1440710417106,0,Not yet rated,NULL,N/A
APDNW,$1.24,1440710417179,"5,400",Not yet rated,NULL,N/A
AMCC,$5.66,1440710417236,"521,821",80% bullish,of 5 ratings,$8
APDN,$3.37,1440710417267,"40,036",Not yet rated,NULL,$9
AAOI,$20.49,1440710417322,"221,339",50% bullish,of 4 ratings,$26
AMAT,$15.94,1440710417350,"12,287,123",82% bullish,of 11 ratings,$23
AREX,$2.05,1440710417381,"867,468",100% bearish,of 1 rating,$3
AGTC,$15.9,1440710417410,"72,329",50% bullish,of 2 ratings,$33
APRI,$1.27,1440710417512,"46,272",83% bullish,of 6 ratings,$4.86
APTO,$5.08,1440710417768,"9,391",Not yet rated,NULL,$17
AQMS,$4.92,1440710417793,"19,383",Not yet rated,NULL,N/A
ARDM,NULL,1440710417921,0,100% bullish,of 1 rating,$26
AQXP,$17.3199,1440710417954,"352,440",50% bullish,of 2 ratings,$2
AUMAW,NULL,1440710418006,0,Not yet rated,NULL,N/A
AUMA,NULL,1440710418027,0,Not yet rated,NULL,N/A
AUMAU,$10,1440710418059,"8,316",Not yet rated,NULL,N/A
PETX,$17.55,1440710418085,"222,429",100% bearish,of 2 ratings,$26
ABUS,$7.27,1440710418162,"321,644",86% bullish,of 14 ratings,$23
ABIO,$0.896,1440710418229,"75,359",50% bullish,of 2 ratings,$3.75
RKDA,$6.08,1440710418360,"19,172",100% bearish,of 2 ratings,$10
ACGL,$68.0036,1440710418389,"385,734",50% bullish,of 2 ratings,$72
ARCW,$3.51,1440710418418,"15,769",100% bearish,of 2 ratings,$10.50
ARCB,$28.99,1440710418523,"167,641",67% bearish,of 3 ratings,$39.50
ACAT,$26.07,1440710418678,"118,678",100% bearish,of 3 ratings,$33
ARDX,$17.63,1440710418754,"99,765",50% bullish,of 2 ratings,$24.50
ARCC,$15.2861,1440710418853,"1,133,827",67% bearish,of 3 ratings,$17.875
ARNA,$2.65,1440710418904,"2,549,015",90% bullish,of 77 ratings,$5.50
ARGS,$6.2,1440710418929,"37,810",50% bullish,of 2 ratings,$19.50
AGII,$55.4,1440710418964,"112,289",Not yet rated,NULL,$59.50
AGIIL,$25.68,1440710419062,"4,509",Not yet rated,NULL,N/A
ARIS,$4.02,1440710419093,"60,489",Not yet rated,NULL,$4.50
ARIA,$6.98,1440710419207,"2,047,159",87% bullish,of 46 ratings,$9
ARKR,$25.45,1440710419307,204,50% bullish,of 2 ratings,N/A
ARMH,$41.229,1440710419334,"2,116,556",54% bearish,of 13 ratings,$61
ARWA,NULL,1440710419363,0,Not yet rated,NULL,N/A
ARTX,$1.45,1440710419391,"68,893",88% bullish,of 16 ratings,$4.50
ARWAR,NULL,1440710419519,0,Not yet rated,NULL,N/A
ARWAU,NULL,1440710419656,0,100% bullish,of 1 rating,N/A
ARWAW,$0.125,1440710419734,"9,610",Not yet rated,NULL,N/A
ARRY,$5.84,1440710419819,"1,017,937",100% bullish,of 7 ratings,$10
ARRS,$26.33,1440710419874,"626,120",50% bullish,of 2 ratings,$38
ARWR,$5.67,1440710420009,"547,914",75% bullish,of 4 ratings,$10.50
DWAT,$9.9,1440710420041,"2,900",100% bearish,of 1 rating,N/A
ARQL,$1.76,1440710420063,"120,610",75% bullish,of 4 ratings,$5
AROW,$27.16,1440710420092,"11,329",Not yet rated,NULL,N/A
ARTNA,$22.13,1440710420142,"18,523",100% bearish,of 1 rating,$29
ARTW,$4.29,1440710420191,603,75% bearish,of 4 ratings,N/A
ASBB,$24.38,1440710420238,103,Not yet rated,NULL,N/A
ASND,$20.05,1440710420378,"59,707",100% bullish,of 1 rating,$30
ASNA,$11.67,1440710420430,"1,748,486",50% bullish,of 2 ratings,$18
ASTI,$0.1225,1440710420479,"1,628,304",83% bullish,of 6 ratings,$3
ASCMA,$26.85,1440710420563,"89,419",100% bearish,of 1 rating,$45
APWC,$1.63,1440710420692,"7,363",100% bearish,of 1 rating,N/A
ASMI,NULL,1440710420715,0,NULL,NULL,NULL
ASML,$91.91,1440710420790,"978,999",50% bullish,of 4 ratings,$127
ASTE,$36.84,1440710420999,"82,136",100% bearish,of 1 rating,$48
ASMB,$12.97,1440710421031,"50,450",67% bullish,of 3 ratings,N/A
AZPN,$37.61,1440710421134,"627,206",50% bullish,of 2 ratings,$42
ATRO,$53.6,1440710421163,"113,324",100% bearish,of 2 ratings,$80
ASFI,$8.91,1440710421187,"4,215",100% bullish,of 1 rating,N/A
ALOT,$13.97,1440710421239,"1,758",100% bearish,of 1 rating,N/A
ATAI,$2.42,1440710421295,"2,222",100% bearish,of 1 rating,N/A
ASTC,$1.99,1440710421372,"24,455",100% bullish,of 5 ratings,N/A
ASUR,$5.58,1440710421450,"12,950",50% bullish,of 2 ratings,$8
ATRA,$39.97,1440710421709,"138,811",50% bullish,of 2 ratings,$68
AFCB,$27.3,1440710421785,300,Not yet rated,NULL,N/A
ATHN,$134.56,1440710421816,"218,652",67% bearish,of 3 ratings,$153
ATHX,$1.14,1440710421885,"135,051",89% bullish,of 9 ratings,$5
AAPC,$10.1,1440710421911,24,Not yet rated,NULL,N/A
AAME,$3.57,1440710421976,"3,270",Not yet rated,NULL,N/A
ACFC,$5.42,1440710422146,"49,556",100% bearish,of 1 rating,$6.50
AFH,$16.32,1440710422214,"56,873",Not yet rated,NULL,$21.50
ATLC,$3.95,1440710422275,302,67% bullish,of 3 ratings,N/A
ATNI,$70.91,1440710422345,"56,835",100% bearish,of 1 rating,$69.50
ATML,$8.08,1440710422376,"3,785,705",78% bullish,of 9 ratings,$9.50
ATRC,$26.27,1440710422397,"197,364",100% bullish,of 1 rating,$30
AAWW,$41.18,1440710422481,"320,505",50% bullish,of 2 ratings,$65
ATOS,$0.7375,1440710422531,"82,430",100% bullish,of 7 ratings,$7
ATRI,$388.69,1440710422663,"8,225",Not yet rated,NULL,N/A
ATRM,$2.8,1440710422807,"11,305",50% bullish,of 2 ratings,N/A
LIFE,$15.55,1440710422833,"26,161",86% bullish,of 7 ratings,$43
ATTU,$13.26,1440710422862,"24,176",100% bearish,of 1 rating,$20.50
AUDC,$3.35,1440710422968,"113,022",80% bullish,of 5 ratings,$5
AUBN,$26.51,1440710423006,800,Not yet rated,NULL,N/A
EARS,$4.91,1440710423070,"5,396",100% bearish,of 2 ratings,$11.50
ADAT,$0.358,1440710423155,"446,415",100% bullish,of 2 ratings,N/A
AUPH,$3.03,1440710423184,"16,550",100% bearish,of 1 rating,$8
AVGO,$126.21,1440710423344,"5,102,133",88% bullish,of 8 ratings,$165
ADSK,$47.01,1440710423494,"4,934,980",67% bullish,of 6 ratings,$69.50
ABTL,$18.01,1440710423535,"122,024",100% bullish,of 4 ratings,$20.25
ADP,$78.03,1440710423560,"2,050,674",100% bearish,of 1 rating,$88
AVNU,$12.37,1440710423581,"12,006",Not yet rated,NULL,$14
AAVL,$10.67,1440710423624,"263,914",100% bearish,of 1 rating,$20
AVEO,$1.4,1440710423754,"643,827",75% bullish,of 8 ratings,$3
AVNW,$1.13,1440710423780,"81,019",50% bullish,of 2 ratings,$2.20
AVID,$8.22,1440710423912,"318,201",100% bearish,of 1 rating,$20
AVGR,$14.19,1440710423943,"16,548",100% bearish,of 1 rating,$20
CAR,$43.14,1440710423969,"1,454,049",80% bullish,of 5 ratings,$60
AXPW,$1.07,1440710423990,"87,679",83% bullish,of 6 ratings,N/A
ACLS,$3.15,1440710424152,"432,782",67% bullish,of 6 ratings,$4.75
AXPWW,NULL,1440710424177,0,Not yet rated,NULL,N/A
AWRE,$3.2,1440710424202,"11,992",67% bullish,of 3 ratings,N/A
AXTI,$2.14,1440710424364,"14,777",50% bullish,of 2 ratings,$2.75
AXGN,$4.4,1440710424414,"96,244",Not yet rated,NULL,$5
BCOM,$18.39,1440710424445,"1,425",100% bearish,of 1 rating,N/A
RILY,$9.78,1440710424470,600,Not yet rated,NULL,N/A
BEAV,$49.12,1440710424544,"834,663",67% bearish,of 3 ratings,$59
BOSC,$2.24,1440710424643,"5,601",50% bullish,of 2 ratings,N/A
BCPC,$57.78,1440710424674,"122,145",100% bearish,of 1 rating,$75
BIDU,$152.1,1440710424780,"3,129,012",81% bullish,of 88 ratings,$210
BWINA,NULL,1440710424806,0,Not yet rated,NULL,N/A
BWINB,$22.97,1440710424883,"8,534",Not yet rated,NULL,N/A
BLDP,$1.24,1440710424933,"356,568",91% bullish,of 22 ratings,$2.50
BANF,$59.93,1440710425016,"11,765",Not yet rated,NULL,$68
BANFP,NULL,1440710425040,0,Not yet rated,NULL,N/A
BOCH,$5.81,1440710425201,"17,461",Not yet rated,NULL,$6.50
BKMU,$7.01,1440710425260,"113,184",Not yet rated,NULL,$8
BMRC,$48.06,1440710425304,"12,630",Not yet rated,NULL,$52
BKSC,$16.5,1440710425336,"7,796",Not yet rated,NULL,N/A
BOTJ,$11.1,1440710425367,917,Not yet rated,NULL,N/A
BFIN,$12.08,1440710425437,"24,622",Not yet rated,NULL,$13
OZRK,$41.6,1440710425464,"495,089",67% bullish,of 3 ratings,$49.50
BWFG,$18,1440710425496,"3,002",100% bearish,of 1 rating,N/A
BANR,$43.56,1440710425630,"53,236",100% bullish,of 3 ratings,$50
TAPR,$33.03,1440710425760,570,100% bearish,of 1 rating,N/A
BZUN,$5.18,1440710425791,"314,819",50% bullish,of 2 ratings,$11.50
BHAC,$9.81,1440710425829,"2,700",Not yet rated,NULL,N/A
BHACU,NULL,1440710425893,0,Not yet rated,NULL,N/A
BHACR,NULL,1440710425973,0,Not yet rated,NULL,N/A
BHACW,$0.135,1440710426033,"2,402",Not yet rated,NULL,N/A
BBSI,$34.58,1440710426135,"58,473",67% bearish,of 3 ratings,$62.50
BSET,$28.45,1440710426162,"36,390",100% bearish,of 1 rating,$35
BYBK,$4.88,1440710426292,200,100% bearish,of 1 rating,N/A
BYLK,$12.98,1440710426325,505,Not yet rated,NULL,$14
BBCN,$14.31,1440710426352,"307,249",100% bearish,of 1 rating,$16
BV,$5.05,1440710426377,"391,590",67% bullish,of 6 ratings,$9
BCBP,$11.62,1440710426424,505,Not yet rated,NULL,N/A
BECN,$35.28,1440710426578,"350,846",50% bullish,of 2 ratings,$40
BDCV,$4.85,1440710426653,"35,589",100% bearish,of 1 rating,$10.19
BSF,$8.64,1440710426680,"13,423",Not yet rated,NULL,N/A
BBGI,$4.1616,1440710426709,300,100% bullish,of 1 rating,N/A
BBBY,$62.5,1440710426817,"2,179,176",71% bullish,of 7 ratings,$75
BEBE,$1.87,1440710426843,"163,288",75% bullish,of 4 ratings,$3.075
BELFA,NULL,1440710426922,0,100% bearish,of 1 rating,N/A
BLPH,$5.09,1440710427054,"13,236",100% bearish,of 1 rating,$12.50
BLCM,$17.33,1440710427087,"144,702",50% bullish,of 4 ratings,$40
BNCL,$12.47,1440710427133,"306,099",100% bullish,of 3 ratings,$12.50
BELFB,$17.77,1440710427184,"32,842",100% bearish,of 1 rating,N/A
BNTC,$8.25,1440710427235,"28,993",100% bullish,of 1 rating,N/A
BNFT,$34.62,1440710427260,"123,902",67% bullish,of 3 ratings,$46
BGMD,$0.752,1440710427287,"142,326",100% bullish,of 10 ratings,N/A
BGFV,$10.93,1440710427543,"124,386",57% bullish,of 7 ratings,$12
BGCP,$8.85,1440710427575,"1,534,849",88% bullish,of 8 ratings,$14
ORPN,$5.61,1440710427643,"31,350",100% bullish,of 1 rating,$28.50
BCDA,NULL,1440710427674,0,Not yet rated,NULL,N/A
BASI,$1.64,1440710427701,500,Not yet rated,NULL,N/A
BIND,$4.43,1440710427731,"66,563",75% bullish,of 4 ratings,$13.50
BIOC,$1.95,1440710427834,"337,605",83% bullish,of 6 ratings,$3.85
BCRX,$11.21,1440710427861,"404,240",63% bullish,of 8 ratings,$18
BIIB,$304.49,1440710428052,"1,727,629",88% bullish,of 16 ratings,$400
BDSI,$6.64,1440710428096,"740,216",88% bullish,of 8 ratings,$17
BIOL,$1.43,1440710428123,"30,831",Not yet rated,NULL,N/A
BVXV,$3.62,1440710428256,"1,750",Not yet rated,NULL,N/A
BMRN,$130.89,1440710428321,"613,406",80% bullish,of 5 ratings,$160
BIOD,$0.6692,1440710428353,"83,997",80% bullish,of 5 ratings,$4
BLFS,$2.02,1440710428383,"17,935",100% bearish,of 1 rating,$4.75
BLRX,$1.36,1440710428456,"75,990",100% bullish,of 12 ratings,$5
BPTH,$1.07,1440710428482,"46,305",100% bullish,of 2 ratings,$5
BRLI,NULL,1440710428525,0,NULL,NULL,NULL
BVXVW,$0.701,1440710428552,"6,400",100% bearish,of 1 rating,N/A
BIOS,$2.35,1440710428715,"811,449",71% bullish,of 7 ratings,$4
BBP,$32.9,1440710428818,"18,809",Not yet rated,NULL,N/A
BSTC,$49.99,1440710428848,"60,860",100% bearish,of 1 rating,$76
BBC,$31.07,1440710428903,"9,522",Not yet rated,NULL,N/A
BSPM,$0.6789,1440710428981,"12,275",50% bullish,of 2 ratings,N/A
BEAT,$14.52,1440710429037,"763,842",67% bearish,of 3 ratings,$15
BOTA,$2.14,1440710429066,"19,799",88% bullish,of 8 ratings,N/A
TECH,$96.5,1440710429166,"219,414",100% bullish,of 1 rating,$117
BDE,$7.4,1440710429444,"166,054",50% bullish,of 2 ratings,$9
BLKB,$57.74,1440710429471,"165,965",100% bearish,of 2 ratings,$66
BBOX,$14.85,1440710429500,"140,057",100% bearish,of 1 rating,N/A
BBRY,$7.18,1440710429530,"3,893,574",61% bullish,of 330 ratings,$9
BITI,$16.95,1440710429554,"10,918",100% bullish,of 1 rating,$28
BDMS,$12.65,1440710429576,"3,847",100% bearish,of 1 rating,N/A
BJRI,$44.39,1440710429660,"215,537",50% bullish,of 2 ratings,$55
HAWK,$40.59,1440710429717,"474,072",91% bullish,of 11 ratings,$49
ADRA,$27.3825,1440710429884,398,100% bearish,of 1 rating,N/A
ADRD,$21.88,1440710429909,"11,193",100% bearish,of 1 rating,N/A
BKCC,$9.3427,1440710429966,"461,285",50% bullish,of 2 ratings,$10
ADRU,$21.76,1440710430106,"3,662",100% bearish,of 1 rating,N/A
ADRE,$30.21,1440710430137,"178,659",100% bearish,of 1 rating,N/A
BCOR,$13.66,1440710430208,"185,320",57% bullish,of 7 ratings,$15
BLBD,$11.8,1440710430235,"25,996",Not yet rated,NULL,N/A
BHBK,$13.82,1440710430267,"61,734",100% bullish,of 1 rating,$14.50
BUFF,$26.05,1440710430296,"147,572",83% bullish,of 12 ratings,$31.50
BLMN,$20.07,1440710430323,"1,008,709",83% bullish,of 6 ratings,$27.50
BBLU,$0.79,1440710430402,"91,250",100% bullish,of 2 ratings,$4.43
BKEP,$6.24,1440710430559,"26,149",100% bearish,of 1 rating,$8.50
NILE,$33.61,1440710430618,"128,696",50% bullish,of 2 ratings,$34
BLUE,$133.36,1440710430691,"343,908",71% bullish,of 7 ratings,$217.50
BKEPP,$7.6,1440710430896,"5,423",100% bearish,of 1 rating,N/A
BOBE,$43.65,1440710430968,"129,592",75% bullish,of 4 ratings,$57
BPMC,$26.87,1440710430998,"55,624",50% bullish,of 2 ratings,$47.50
WIFI,$7.5,1440710431020,"138,869",50% bullish,of 2 ratings,$13.50
BNCN,$20.33,1440710431055,"89,525",Not yet rated,NULL,$24
BOFI,$121.5,1440710431084,"157,390",100% bullish,of 6 ratings,$144
BOKF,$61.4423,1440710431105,"227,140",100% bearish,of 1 rating,$69
BOJA,$21.34,1440710431150,"167,384",100% bullish,of 1 rating,$30
BONA,$11.78,1440710431338,"114,609",75% bullish,of 4 ratings,$8.50
BAMM,$3.18,1440710431388,"9,447",60% bullish,of 5 ratings,N/A
BPFH,$11.79,1440710431417,"411,165",100% bearish,of 1 rating,$14
BNSO,$1.2901,1440710431520,"2,500",100% bearish,of 1 rating,N/A
BPFHP,$25.07,1440710431550,"3,550",100% bearish,of 1 rating,N/A
BPFHW,NULL,1440710431647,0,100% bearish,of 1 rating,N/A
EPAY,$26.67,1440710431746,"400,551",100% bearish,of 2 ratings,$30
BBEP,$2.63,1440710431834,"2,028,062",69% bullish,of 13 ratings,$5.625
BCLI,$2.9,1440710431874,"33,209",80% bullish,of 5 ratings,$12
BDBD,$8.1,1440710431900,"624,710",60% bullish,of 5 ratings,$10
BBEPP,$13.7,1440710431928,"26,059",100% bearish,of 1 rating,N/A
BBRG,$12.43,1440710431960,"68,562",67% bullish,of 3 ratings,$14.50
BDGE,$26.25,1440710432052,"13,808",Not yet rated,NULL,$31.75
BLIN,$1.31,1440710432090,"4,390",100% bullish,of 2 ratings,$2.20
BRID,$8.8,1440710432274,100,100% bearish,of 1 rating,N/A
BRCM,$51.65,1440710432308,"5,195,791",75% bullish,of 12 ratings,$56
BCOV,$5.22,1440710432340,"124,453",67% bullish,of 3 ratings,$10.20
BSFT,$31.46,1440710432443,"303,586",57% bullish,of 7 ratings,$40.50
BWEN,$3.12,1440710432554,"27,731",100% bullish,of 3 ratings,$8
BVSN,$6,1440710432586,"48,115",60% bearish,of 5 ratings,N/A
BRCD,$10.5986,1440710432632,"3,271,590",92% bullish,of 13 ratings,$11.50
BYFC,NULL,1440710432660,0,50% bullish,of 2 ratings,N/A
BRKS,$10.26,1440710432686,"123,784",67% bullish,of 3 ratings,$15.25
BRKL,$10.5,1440710432725,"290,742",100% bearish,of 1 rating,$10.75
BRKR,$18.73,1440710432816,"417,653",100% bearish,of 2 ratings,$22
BMTC,$29.14,1440710432843,"63,189",Not yet rated,NULL,$34
BLMT,$20.67,1440710432980,"8,301",Not yet rated,NULL,N/A
BSQR,$6.1278,1440710433006,"49,932",67% bullish,of 3 ratings,N/A
BLDR,$14.36,1440710433139,"1,044,667",67% bullish,of 3 ratings,$22
BWLD,$195.64,1440710433170,"243,604",82% bullish,of 11 ratings,$205
CHRW,$67.82,1440710433271,"960,853",Not yet rated,NULL,$72
BUR,$1.83,1440710433296,"6,726",100% bearish,of 1 rating,$8
CFFI,$35.04,1440710433427,"1,106",100% bearish,of 1 rating,N/A
CDZI,$7.71,1440710433502,"60,982",100% bearish,of 1 rating,N/A
CCMP,$43.39,1440710433607,"91,049",50% bullish,of 2 ratings,$59
CDNS,$19.94,1440710433640,"1,692,743",75% bullish,of 4 ratings,$22.50
CZR,$8.71,1440710433661,"2,921,336",60% bearish,of 5 ratings,$10.50
CACQ,$7.29,1440710433698,"72,416",100% bearish,of 1 rating,$12.25
CA,$27.13,1440710433721,"2,006,154",50% bullish,of 4 ratings,$33
CSTE,$40.62,1440710433795,"412,917",50% bullish,of 2 ratings,$65
CLBS,$1.36,1440710433930,"159,700",79% bullish,of 14 ratings,$4
PRSS,$4.42,1440710433955,"9,941",80% bullish,of 5 ratings,$4.50
CLMS,$10.57,1440710434123,"62,714",Not yet rated,NULL,$10.50
CHY,$11.39,1440710434152,"225,444",Not yet rated,NULL,N/A
CHI,$10.63,1440710434292,"187,771",100% bearish,of 1 rating,N/A
CCD,$18.84,1440710434571,"189,863",Not yet rated,NULL,N/A
CFGE,$10.57,1440710434596,"1,210",Not yet rated,NULL,N/A
CHW,$7.68,1440710434666,"190,252",100% bearish,of 1 rating,N/A
CGO,$12.19,1440710434725,"18,843",100% bearish,of 1 rating,N/A
CSQ,$9.96,1440710434768,"286,773",Not yet rated,NULL,N/A
CFNB,$13.31,1440710434865,465,100% bearish,of 1 rating,N/A
CAMP,$16.34,1440710434896,"333,745",88% bullish,of 8 ratings,$25
CVGW,$60.5,1440710434934,"183,182",50% bullish,of 2 ratings,$58.50
CALA,$5.59,1440710434996,"563,777",100% bullish,of 3 ratings,$19.50
CALM,$50.42,1440710435064,"429,884",80% bullish,of 5 ratings,$65
CALD,$15.51,1440710435095,"378,524",100% bearish,of 1 rating,$21
CLMT,$25.61,1440710435195,"233,515",75% bullish,of 8 ratings,$31
ABCD,$5.15,1440710435287,"123,524",83% bullish,of 6 ratings,N/A
CAMB,$10.05,1440710435574,200,Not yet rated,NULL,N/A
CAC,$40.64,1440710435605,"5,347",Not yet rated,NULL,N/A
CAMBU,NULL,1440710435625,0,100% bearish,of 1 rating,N/A
CAMT,$2.64,1440710435646,"40,687",73% bullish,of 11 ratings,$4
CSIQ,$18.2501,1440710435679,"1,888,385",86% bullish,of 28 ratings,$42.50
CAMBW,NULL,1440710435700,0,Not yet rated,NULL,N/A
CGIX,$9.74,1440710435833,"45,317",67% bullish,of 3 ratings,$14.375
CPHC,NULL,1440710435863,0,100% bearish,of 1 rating,N/A
CBNJ,$10.85,1440710435967,"16,013",100% bullish,of 1 rating,N/A
CBF,$29.01,1440710435991,"721,254",Not yet rated,NULL,$32
CCBG,$14.77,1440710436020,"9,973",Not yet rated,NULL,$17.25
CPLP,$6.88,1440710436050,"396,312",71% bullish,of 7 ratings,$11
CPLA,$48.03,1440710436076,"125,694",67% bearish,of 3 ratings,$65
CSWC,$45.75,1440710436157,"7,020",Not yet rated,NULL,N/A
CFFN,$12.01,1440710436431,"427,871",Not yet rated,NULL,$12.75
CAPNW,$0.6969,1440710436499,100,Not yet rated,NULL,N/A
CAPN,$2.24,1440710436528,"338,326",100% bullish,of 1 rating,$10.85
CPTA,$13.91,1440710436560,"38,276",100% bearish,of 1 rating,$18.50
CPST,$0.371,1440710436586,"513,824",95% bullish,of 22 ratings,$1.25
CARA,$19,1440710436607,"156,477",50% bullish,of 4 ratings,$25
CAPR,$4.32,1440710436636,"23,464",Not yet rated,NULL,$12
CBYL,$5.09,1440710436838,"61,208",100% bearish,of 1 rating,$20
CRDC,$0.3538,1440710436896,"88,404",100% bullish,of 1 rating,$1.25
CFNL,$21.85,1440710436976,"123,330",Not yet rated,NULL,$24
CARB,$11.22,1440710437038,"92,946",75% bullish,of 4 ratings,$12
CDNA,$6.95,1440710437069,"5,139",100% bearish,of 1 rating,$9
CRME,$8.81,1440710437090,"13,438",89% bullish,of 9 ratings,$11.25
CSII,$24.01,1440710437111,"323,081",100% bearish,of 2 ratings,$42.125
CATM,$34.49,1440710437244,"161,073",100% bearish,of 1 rating,$44
CECO,$3.51,1440710437437,"292,426",67% bearish,of 3 ratings,$6
CKEC,$23.37,1440710437508,"166,718",50% bullish,of 2 ratings,$35.915
CTRE,$11.47,1440710437538,"302,229",50% bullish,of 2 ratings,$13.50
CLBH,$12.75,1440710437578,100,Not yet rated,NULL,$16.50
CRZO,$32.51,1440710437635,"1,152,476",67% bearish,of 3 ratings,$55.50
CART,$5.35,1440710437713,100,100% bearish,of 1 rating,N/A
CARO,$15.5,1440710437739,944,100% bearish,of 1 rating,$19
TAST,$12.57,1440710437818,"427,289",Not yet rated,NULL,$14.25
CASM,$1.13,1440710437951,"15,133",100% bullish,of 1 rating,$3.50
CRTN,$2.52,1440710437980,"5,363",100% bearish,of 1 rating,N/A
CARV,$7.16,1440710438015,"2,039",50% bullish,of 2 ratings,N/A
CACB,$5.28,1440710438036,"39,809",Not yet rated,NULL,$5.50
CSCD,$14.96,1440710438117,"32,713",100% bullish,of 2 ratings,$17
CWST,$6.1,1440710438172,"227,599",50% bullish,of 2 ratings,$7.25
CASY,$105.69,1440710438250,"316,220",50% bullish,of 2 ratings,$99.50
CASI,$1.39,1440710438488,"8,556",100% bullish,of 1 rating,$3.50
CASS,$48.08,1440710438517,"19,245",100% bearish,of 1 rating,N/A
CPRX,$3.66,1440710438560,"771,690",71% bullish,of 7 ratings,$7
CATYW,NULL,1440710438590,0,100% bearish,of 1 rating,N/A
CATY,$29.48,1440710438611,"645,065",100% bearish,of 1 rating,$33.50
CAVM,$69.04,1440710438646,"345,988",67% bearish,of 3 ratings,$72
CATB,$11.93,1440710438693,"12,868",100% bearish,of 1 rating,$28
CVCO,$70.18,1440710438764,"28,441",100% bearish,of 1 rating,N/A
CBFV,$20.9399,1440710438893,"4,000",Not yet rated,NULL,$25
CNLM,NULL,1440710438919,0,Not yet rated,NULL,N/A
CNLMR,NULL,1440710438990,0,Not yet rated,NULL,N/A
CNLMU,NULL,1440710439061,0,100% bullish,of 1 rating,N/A
CNLMW,NULL,1440710439089,0,Not yet rated,NULL,N/A
CBOE,$63.38,1440710439223,"399,891",Not yet rated,NULL,$60
CDK,$48.97,1440710439256,"343,984",67% bearish,of 3 ratings,$50
CELG,$123.04,1440710439355,"3,843,959",92% bullish,of 13 ratings,$155.50
CDW,$40.1,1440710439442,"1,016,321",75% bullish,of 4 ratings,$44
CECE,$9.48,1440710439491,"115,702",50% bullish,of 2 ratings,$16
CPXX,$2.06,1440710439520,"86,091",100% bullish,of 2 ratings,$7
CLDN,$1.07,1440710439541,"131,327",71% bullish,of 7 ratings,$3
CELGZ,$1.75,1440710439676,"20,100",80% bullish,of 5 ratings,N/A
CLRB,$3.09,1440710439702,831,100% bearish,of 1 rating,N/A
CLDX,$15.11,1440710439782,"1,083,649",89% bullish,of 9 ratings,$36
CLRBW,NULL,1440710439862,0,Not yet rated,NULL,N/A
CLLS,$30.635,1440710439894,"87,738",75% bullish,of 4 ratings,$51.50
CBMG,$22.85,1440710439919,"36,723",50% bullish,of 2 ratings,N/A
CLSN,$1.99,1440710439991,"72,942",80% bullish,of 10 ratings,$7.50
CLTX,$2.28,1440710440131,"620,587",100% bullish,of 2 ratings,N/A
CETX,$2.35,1440710440208,"17,074",Not yet rated,NULL,$5.60
CEMP,$34.4,1440710440233,"460,203",71% bullish,of 7 ratings,$52
CYAD,$49.01,1440710440289,"3,300",100% bullish,of 1 rating,$87.50
CETV,$2.09,1440710440314,"155,960",67% bullish,of 3 ratings,$2.80
CENTA,$12.45,1440710440506,"227,315",Not yet rated,NULL,N/A
CENT,$12.05,1440710440603,"133,053",Not yet rated,NULL,$10
CFBK,$1.37,1440710441118,890,Not yet rated,NULL,N/A
CVCY,$11.25,1440710441255,"2,094",Not yet rated,NULL,$12
CNBKA,$41.87,1440710441276,"1,664",50% bullish,of 2 ratings,N/A
CENX,$5.42,1440710441310,"2,799,412",67% bullish,of 6 ratings,$9
CSFL,$13.63,1440710441355,"135,220",Not yet rated,NULL,$15
CPHD,$49.33,1440710441407,"357,300",67% bearish,of 3 ratings,$66.50
CNTY,$5.71,1440710441490,"34,034",80% bullish,of 5 ratings,$7.75
CRNT,$1.37,1440710441536,"55,121",50% bullish,of 2 ratings,$2
CERE,$1.17,1440710441566,"174,674",88% bullish,of 8 ratings,N/A
CERN,$61.44,1440710441629,"1,822,402",67% bullish,of 3 ratings,$79
CERU,$3.53,1440710441662,"22,339",75% bullish,of 4 ratings,$15
CERS,$4.93,1440710441760,"570,979",75% bullish,of 4 ratings,$7
CYOU,$20.64,1440710441790,"100,130",50% bullish,of 6 ratings,$24
KOOL,$0.625,1440710441847,"13,556",100% bullish,of 5 ratings,$7
CEVA,$18.54,1440710441922,"70,212",100% bearish,of 1 rating,$25
HOTR,$1.52,1440710441947,"94,353",100% bullish,of 2 ratings,$5
HOTRW,$0.1607,1440710442236,550,Not yet rated,NULL,N/A
CHTR,$180.3425,1440710442266,"575,963",100% bearish,of 2 ratings,$196
CTHR,$1.31,1440710442318,"14,874",50% bullish,of 2 ratings,$2.50
GTLS,$23.26,1440710442345,"237,277",50% bullish,of 4 ratings,$40
CEMI,$3.98,1440710442709,"20,076",50% bullish,of 2 ratings,$7.50
CHEK,$2.14,1440710442739,"11,138",Not yet rated,NULL,$7.75
CHEKW,NULL,1440710442759,0,Not yet rated,NULL,N/A
CHKP,$79.6995,1440710442780,"1,010,000",50% bullish,of 4 ratings,$92
CHFN,$12.42,1440710442825,"22,160",Not yet rated,NULL,$14
CCXI,$6.89,1440710442847,"47,756",67% bullish,of 3 ratings,$14
CHFC,$31.08,1440710442868,"73,165",100% bearish,of 1 rating,$36
CHKE,$25.96,1440710442929,"16,527",100% bearish,of 1 rating,$32.50
CHMG,$26.47,1440710443081,102,Not yet rated,NULL,$30
CHEV,$14.33,1440710443186,702,Not yet rated,NULL,N/A
CHMA,$25.92,1440710443211,"63,629",Not yet rated,NULL,$40
CBNK,$16.35,1440710443276,203,100% bearish,of 1 rating,N/A
CMRX,$50.5,1440710443368,"258,549",50% bullish,of 2 ratings,$57
CADC,$3.03,1440710443495,"5,000",78% bullish,of 9 ratings,N/A
PLCE,$59.46,1440710443524,"241,374",100% bearish,of 1 rating,$69
CALI,$0.86,1440710443557,"2,623",67% bullish,of 3 ratings,N/A
CAAS,$6.38,1440710443583,"35,653",93% bullish,of 14 ratings,$11.50
CBAK,$1.92,1440710443608,"17,994",67% bullish,of 9 ratings,N/A
CCCR,$0.71,1440710443655,"16,609",67% bearish,of 3 ratings,N/A
CBPO,$99.3467,1440710443787,"124,593",75% bullish,of 8 ratings,$140.50
CCCL,$0.765,1440710443845,"31,513",100% bullish,of 6 ratings,N/A
JRJC,$3.54,1440710443916,"190,468",82% bullish,of 11 ratings,N/A
CHOP,$1.21,1440710443999,"1,634",50% bullish,of 2 ratings,N/A
CHLN,$2.05,1440710444172,"7,656",67% bullish,of 3 ratings,N/A
CJJD,$1.84,1440710444203,"41,684",100% bullish,of 1 rating,N/A
HGSH,$1.67,1440710444224,"21,933",67% bullish,of 3 ratings,N/A
HTHT,$26.02,1440710444260,"111,693",50% bullish,of 2 ratings,$28.40
CNIT,$1.44,1440710444282,"102,896",67% bullish,of 6 ratings,N/A
CREG,$0.7,1440710444317,"33,099",100% bullish,of 3 ratings,N/A
CHNR,$1.68,1440710444352,"1,316",100% bearish,of 1 rating,N/A
CPGI,$6.83,1440710444418,"1,044",Not yet rated,NULL,N/A
CXDC,$5.81,1440710444613,"54,864",67% bearish,of 3 ratings,N/A
CSUN,$1.42,1440710444640,"30,929",80% bullish,of 5 ratings,N/A
CNTF,$0.845,1440710444667,"116,574",Not yet rated,NULL,N/A
CNYD,$3.52,1440710444717,"35,686",67% bullish,of 3 ratings,N/A
CCIH,$6.47,1440710444851,"234,260",67% bullish,of 6 ratings,$12.65
CHSCM,$26.1,1440710445050,"19,610",Not yet rated,NULL,N/A
IMOS,$16.9627,1440710445088,"260,039",60% bullish,of 5 ratings,$21.50
CHSCN,$27.07,1440710445116,"7,851",Not yet rated,NULL,N/A
CHSCP,$30.7,1440710445144,"8,106",Not yet rated,NULL,N/A
CHSCO,$28.21,1440710445180,"9,556",Not yet rated,NULL,N/A
CNET,$0.8699,1440710445206,"200,546",50% bullish,of 2 ratings,N/A
CHSCL,$26.95,1440710445243,"12,277",Not yet rated,NULL,N/A
CHDN,$133.77,1440710445268,"34,171",Not yet rated,NULL,$165
CHUY,$30.87,1440710445448,"178,079",50% bullish,of 2 ratings,$34
CDTX,$14.44,1440710445479,"15,688",Not yet rated,NULL,$22
CMCT,$15.82,1440710445707,544,100% bearish,of 1 rating,N/A
CIFC,$7.2,1440710445740,"3,514",100% bearish,of 1 rating,N/A
CINF,$53.18,1440710445768,"627,146",50% bullish,of 4 ratings,$50.50
CPHR,$5.57,1440710445808,"7,861",100% bearish,of 1 rating,$17
CMPR,$70.12,1440710445837,"286,472",50% bullish,of 2 ratings,$72.50
CTAS,$85.5,1440710445886,"397,015",100% bearish,of 1 rating,$91
CIDM,$0.5601,1440710445917,"142,989",50% bullish,of 2 ratings,$2.10
CRUS,$30.14,1440710446016,"1,089,255",75% bullish,of 12 ratings,$44.50
CSCO,$26.17,1440710446075,"24,717,703",84% bullish,of 209 ratings,$32
CTRN,$26.75,1440710446106,"66,875",100% bearish,of 1 rating,$31.50
CZWI,$8.95,1440710446207,218,Not yet rated,NULL,N/A
CZNC,$19.76,1440710446233,"14,111",Not yet rated,NULL,N/A
CZFC,$12.68,1440710446303,900,Not yet rated,NULL,N/A
CIZN,$19.47,1440710446327,372,Not yet rated,NULL,N/A
CHCO,$47.26,1440710446555,"49,652",Not yet rated,NULL,$46
CTXS,$69.59,1440710446622,"1,242,930",86% bullish,of 7 ratings,$80
CLNE,$4.9,1440710446693,"1,289,582",80% bullish,of 15 ratings,$9
CIVB,$10.155,1440710446714,"2,338",Not yet rated,NULL,$11
CLNT,$1.36,1440710446751,"13,661",75% bullish,of 8 ratings,N/A
CLFD,$16.81,1440710446777,"39,526",67% bullish,of 3 ratings,$18
CIVBP,NULL,1440710446802,0,Not yet rated,NULL,N/A
CDTI,$1.59,1440710446846,"127,149",75% bullish,of 4 ratings,$3.20
CSBK,$13.62,1440710447074,"75,465",Not yet rated,NULL,N/A
CLIR,$4.45,1440710447101,"72,795",100% bullish,of 3 ratings,N/A
CBLI,$3.75,1440710447133,"17,413",60% bullish,of 5 ratings,N/A
CLVS,$76.08,1440710447237,"364,508",60% bullish,of 5 ratings,$101.50
CLRO,$11.46,1440710447262,"6,625",50% bullish,of 2 ratings,$14.25
CMFN,$11.7,1440710447287,"45,647",100% bearish,of 1 rating,$15.50
CISG,$7.79,1440710447478,"64,104",100% bullish,of 5 ratings,$10
CME,$93.77,1440710447510,"1,191,594",67% bullish,of 3 ratings,$102
CNV,$4.42,1440710447540,"60,373",50% bullish,of 2 ratings,$7.15
CCNE,$16.7,1440710447605,"10,538",50% bullish,of 2 ratings,$21.50
CWAY,$11.19,1440710447635,"3,752",Not yet rated,NULL,N/A
COBZ,$12.79,1440710447733,"49,976",100% bullish,of 1 rating,$14
CDRB,$12.88,1440710447774,"6,531",67% bullish,of 3 ratings,N/A
COKE,$155.83,1440710447799,"21,035",79% bullish,of 19 ratings,N/A
CVLY,$20.53,1440710447971,"1,027",Not yet rated,NULL,N/A
CDXS,$3.61,1440710448030,"27,892",64% bullish,of 11 ratings,$6
CCOI,$27.35,1440710448165,"491,265",50% bullish,of 4 ratings,$35
CGNT,$1.5,1440710448193,"24,027",100% bullish,of 2 ratings,$2
CTSH,$63.8,1440710448215,"2,813,600",90% bullish,of 10 ratings,$75
COHR,$57.02,1440710448245,"84,263",50% bullish,of 2 ratings,$72
JVA,$4.64,1440710448266,"17,538",83% bullish,of 6 ratings,$7
COHU,$9.43,1440710448406,"106,032",100% bearish,of 1 rating,$14.25
CHRS,$28.54,1440710448431,"155,948",67% bearish,of 3 ratings,$37
CGNX,$35.11,1440710448497,"527,292",50% bullish,of 2 ratings,$47
CLCT,$18.5,1440710448598,"18,255",100% bearish,of 1 rating,N/A
CLRX,$0.554,1440710448625,"38,505",50% bullish,of 2 ratings,N/A
CIGI,$43.21,1440710448659,"5,801",100% bearish,of 1 rating,$52
COLL,$15.27,1440710448684,"37,457",100% bearish,of 1 rating,$26
CLCD,$6.35,1440710448753,"26,214",100% bearish,of 1 rating,$20.50
CBAN,$9,1440710448789,"1,100",Not yet rated,NULL,N/A
CMCO,$18.38,1440710449051,"64,921",60% bullish,of 5 ratings,$28
CMCSA,$56.73,1440710449096,"9,657,308",66% bullish,of 35 ratings,$69.50
CBMX,$1.09,1440710449126,"10,537",83% bullish,of 6 ratings,$3.15
COLB,$30.05,1440710449155,"215,228",Not yet rated,NULL,$36
COLM,$61.65,1440710449185,"94,363",100% bearish,of 1 rating,$71
CBSH,$44.7,1440710449257,"232,543",50% bullish,of 2 ratings,$46
CMCSK,$56.9647,1440710449284,"2,523,760",Not yet rated,NULL,$84
CUBN,NULL,1440710449457,0,Not yet rated,NULL,N/A
CBSHP,$24.52,1440710449500,822,100% bearish,of 1 rating,N/A
CVGI,$4.88,1440710449529,"67,160",50% bullish,of 2 ratings,$6
CSAL,$20.68,1440710449629,"386,935",75% bullish,of 4 ratings,$30
JCS,$9.08,1440710449698,205,67% bullish,of 3 ratings,N/A
COMM,$30.73,1440710449757,"883,625",67% bearish,of 3 ratings,$35
CTBI,$34.61,1440710449855,"29,777",Not yet rated,NULL,$36
ESXB,$5.1,1440710449880,"1,421",Not yet rated,NULL,N/A
CYHHZ,$0.01,1440710449909,"28,172",100% bullish,of 1 rating,N/A
CIZ,$33.47,1440710450276,"4,278",100% bearish,of 1 rating,N/A
CWBC,$6.79,1440710450309,"5,104",Not yet rated,NULL,N/A
CID,$33.74,1440710450336,300,Not yet rated,NULL,N/A
CVLT,$35.99,1440710450357,"420,952",75% bullish,of 4 ratings,$44.50
COB,$10.31,1440710450378,"14,917",100% bullish,of 1 rating,$11.75
CIL,$33.87,1440710450417,900,Not yet rated,NULL,N/A
CSA,NULL,1440710450514,0,Not yet rated,NULL,N/A
CDC,$34.8,1440710450757,"15,134",Not yet rated,NULL,N/A
CFA,$35.71,1440710450785,"15,307",100% bearish,of 1 rating,N/A
CDL,NULL,1440710450812,0,Not yet rated,NULL,N/A
CFO,$35.3,1440710450833,"14,239",100% bearish,of 1 rating,N/A
CSF,$36.21,1440710450861,"4,205",100% bearish,of 1 rating,N/A
CGEN,$4.88,1440710450995,"86,381",50% bullish,of 2 ratings,$11
CTG,$6.74,1440710451030,"38,772",100% bearish,of 1 rating,$8.50
CSB,NULL,1440710451123,0,Not yet rated,NULL,N/A
CPSI,$45.23,1440710451219,"56,189",100% bearish,of 1 rating,$45.50
CHCI,$0.7201,1440710451249,"6,679",50% bullish,of 2 ratings,N/A
SCOR,$53.74,1440710451277,"240,671",100% bearish,of 1 rating,$66
CNSI,$18.73,1440710451302,"72,975",100% bearish,of 2 ratings,$29
CMTL,$25.29,1440710451406,"86,634",100% bearish,of 2 ratings,$37
CNAT,$3.68,1440710451472,"74,456",83% bullish,of 6 ratings,$13
CNCE,$15.59,1440710451643,"138,352",75% bullish,of 4 ratings,$22
CXRX,$72.8,1440710451668,"3,800",100% bearish,of 1 rating,$90
CDOR,$1.32,1440710451820,"2,790",100% bullish,of 1 rating,N/A
CFMS,$19.24,1440710451859,"162,463",Not yet rated,NULL,$27
CNMD,$53.23,1440710451892,"124,508",Not yet rated,NULL,$59
CDORO,$17,1440710451918,324,100% bearish,of 1 rating,N/A
CCUR,$4.68,1440710451939,"39,097",75% bullish,of 4 ratings,N/A
CDORP,NULL,1440710451976,0,100% bearish,of 1 rating,N/A
CNFR,$10.49,1440710452074,"1,724",Not yet rated,NULL,N/A
CTWS,$34.56,1440710452133,"23,797",100% bearish,of 1 rating,$44
CNXR,$6.61,1440710452265,"261,044",100% bearish,of 1 rating,$12
CNSL,$19.37,1440710452328,"235,604",100% bearish,of 1 rating,$23
CONN,$29.98,1440710452360,"374,810",67% bullish,of 3 ratings,$48.50
CNOB,$19.52,1440710452387,"64,529",100% bullish,of 1 rating,$23.50
CWCO,$10.39,1440710452559,"65,936",67% bullish,of 3 ratings,$14.50
CTCT,$24.4,1440710452586,"177,740",67% bullish,of 3 ratings,$37
CFRX,$5.02,1440710452631,"16,064",Not yet rated,NULL,$14
CPSS,$5.73,1440710452667,"48,202",100% bullish,of 1 rating,$10
CTRV,$3.77,1440710452761,"5,545",Not yet rated,NULL,$6.40
CFRXZ,$0.5,1440710452793,"9,700",Not yet rated,NULL,N/A
CFRXW,$1.74,1440710452816,"1,829",100% bearish,of 1 rating,N/A
CTRL,$8.22,1440710452890,"131,817",50% bullish,of 2 ratings,$11
CRBP,$1.93,1440710453023,"328,772",100% bullish,of 2 ratings,$6.25
CORT,$5.07,1440710453101,"280,002",67% bullish,of 3 ratings,$12
CPRT,$34.72,1440710453132,"265,200",67% bearish,of 3 ratings,$40
BVA,NULL,1440710453238,0,50% bullish,of 2 ratings,N/A
CORE,$59.24,1440710453267,"124,139",100% bearish,of 1 rating,$72
CORI,$10.72,1440710453344,"59,756",100% bearish,of 1 rating,$18
CRVL,$31.29,1440710453487,"29,436",100% bearish,of 1 rating,N/A
COSI,$1.2,1440710453518,"141,913",100% bullish,of 1 rating,N/A
CSOD,$36.02,1440710453550,"726,141",50% bullish,of 2 ratings,$42
CSGP,$178.9464,1440710453575,"87,629",50% bullish,of 2 ratings,$235
CPAH,$0.47,1440710453619,"4,029",50% bullish,of 2 ratings,N/A
COST,$140.01,1440710453644,"1,628,245",79% bullish,of 24 ratings,$154.50
CVTI,$23.34,1440710453720,"97,091",67% bearish,of 3 ratings,$39
ICBK,$18.54,1440710453790,500,Not yet rated,NULL,$21
COWN,$5.05,1440710453959,"1,410,844",75% bullish,of 4 ratings,$7
COVS,$2.61,1440710454009,"107,167",67% bullish,of 3 ratings,N/A
CRAI,$21.45,1440710454116,"35,792",100% bearish,of 1 rating,$36
COWNL,NULL,1440710454145,0,Not yet rated,NULL,N/A
CPSH,$2.24,1440710454211,"2,300",Not yet rated,NULL,N/A
CBRL,$146.34,1440710454252,"208,566",50% bullish,of 2 ratings,$155
CACC,$197.9096,1440710454296,"68,229",50% bullish,of 2 ratings,$158.50
BREW,$7.56,1440710454339,"29,718",67% bullish,of 6 ratings,$15
SLVO,$9.95,1440710454402,"15,623",100% bearish,of 1 rating,N/A
CRAY,$20.41,1440710454431,"277,128",83% bullish,of 6 ratings,$38.50
GLDI,$10.95,1440710454531,"12,167",100% bearish,of 1 rating,N/A
CREE,$26.93,1440710454581,"923,664",65% bullish,of 17 ratings,$29.50
CRESY,$10.38,1440710454664,"29,451",100% bearish,of 1 rating,$19
CRTO,$43.6,1440710454798,"251,333",67% bullish,of 6 ratings,$64
CROX,$14.15,1440710454824,"978,391",63% bullish,of 8 ratings,$16.50
CCRN,$13.93,1440710454869,"184,072",100% bearish,of 1 rating,$14.25
CRWS,$8.1,1440710455006,"7,063",Not yet rated,NULL,$10
CRDS,$1,1440710455063,"70,940",75% bullish,of 4 ratings,$4.50
CRWN,$4.45,1440710455096,"59,872",75% bullish,of 4 ratings,N/A
CYRX,$2.87,1440710455194,"19,771",Not yet rated,NULL,$9
CSGS,$30.46,1440710455222,"156,614",Not yet rated,NULL,$40
CYRXW,$0.869,1440710455250,"2,900",Not yet rated,NULL,N/A
CCLP,$14.25,1440710455280,"61,950",67% bearish,of 3 ratings,$20
CSPI,$5.74,1440710455380,"16,462",67% bullish,of 3 ratings,N/A
CTIC,$1.57,1440710455482,"1,089,648",84% bullish,of 76 ratings,$5.75
CTCM,$1.75,1440710455512,"219,058",80% bearish,of 5 ratings,$3.90
CTRP,$69.96,1440710455612,"1,860,668",75% bullish,of 8 ratings,$92
CTIB,$3.55,1440710455674,"3,399",100% bearish,of 1 rating,N/A
CUNB,$21.07,1440710455803,"18,624",Not yet rated,NULL,$24.50
CUI,$4.92,1440710455842,"13,678",50% bullish,of 2 ratings,$10
CRIS,$2.5,1440710455897,"380,342",100% bullish,of 8 ratings,$6
CPIX,$6.01,1440710455997,"3,300",Not yet rated,NULL,N/A
CVV,$10.79,1440710456071,"4,524",100% bullish,of 5 ratings,N/A
CUTR,$14.33,1440710456098,"57,373",67% bearish,of 3 ratings,$18
CVBF,$16,1440710456129,"436,317",Not yet rated,NULL,$18
CMLS,$1.45,1440710456159,"328,420",50% bullish,of 4 ratings,$6
CYBR,$50.9999,1440710456266,"1,084,964",75% bullish,of 8 ratings,$66
CYAN,$7.5,1440710456331,"8,402",100% bearish,of 1 rating,N/A
CYBX,$66.81,1440710456373,"282,532",50% bullish,of 4 ratings,$71.50
CYBE,$6.2,1440710456433,"17,455",100% bearish,of 1 rating,N/A
CYCC,$0.5201,1440710456651,"20,047",73% bullish,of 11 ratings,N/A
CYCCP,NULL,1440710456679,0,100% bearish,of 1 rating,N/A
CBAY,$2.56,1440710456708,"35,570",100% bullish,of 1 rating,$4
CY,$9.88,1440710456806,"4,173,351",80% bullish,of 10 ratings,$15.50
CYNO,$31.41,1440710456835,"322,569",67% bearish,of 3 ratings,$45.50
CYRN,$1.72,1440710456861,"24,475",67% bullish,of 3 ratings,$4
CYNA,$16.15,1440710456889,"17,169",100% bullish,of 1 rating,$31.50
CONE,$32.18,1440710456916,"369,532",67% bearish,of 3 ratings,$35.50
CYTX,$0.29,1440710457078,"2,099,365",83% bullish,of 12 ratings,$5.50
CYTK,$6.78,1440710457103,"133,606",71% bullish,of 14 ratings,$13.50
CYTR,$2.32,1440710457150,"437,979",67% bullish,of 6 ratings,$10
CTSO,$6.34,1440710457175,"38,386",Not yet rated,NULL,$15.625
DAEG,$0.36,1440710457328,696,100% bearish,of 1 rating,N/A
TVIZ,$18.1,1440710457390,"7,542",100% bearish,of 1 rating,N/A
ZIV,$41.81,1440710457581,"247,971",Not yet rated,NULL,N/A
TVIX,$12.6,1440710457606,"16,231,757",81% bullish,of 16 ratings,N/A
XIV,$27.91,1440710457633,"25,841,961",75% bearish,of 4 ratings,N/A
DAKT,$8.53,1440710457680,"464,239",50% bullish,of 2 ratings,$14
DJCO,$194.69,1440710457897,"1,001",Not yet rated,NULL,N/A
DTLK,$5.76,1440710457996,"65,566",100% bearish,of 1 rating,$9
DAIO,$2.58,1440710458033,"1,277",Not yet rated,NULL,N/A
DARA,$0.8401,1440710458125,"51,090",83% bullish,of 6 ratings,$1.50
DRAM,$1.22,1440710458153,"29,128",78% bullish,of 9 ratings,N/A
DTEA,$12.72,1440710458179,"36,649",100% bearish,of 2 ratings,$24
DWCH,$5.1,1440710458314,"33,104",75% bullish,of 4 ratings,$8.25
PLAY,$35,1440710458360,"350,237",100% bullish,of 5 ratings,$42
DWSN,$4.25,1440710458503,"32,519",67% bullish,of 3 ratings,N/A
DHRM,$1.5,1440710458596,"25,021",Not yet rated,NULL,N/A
DBVT,$39.244,1440710458634,"138,858",100% bearish,of 1 rating,$53
TRAK,$62.89,1440710458662,"326,832",50% bullish,of 2 ratings,$62.50
TACO,$13.11,1440710458694,"111,448",75% bullish,of 4 ratings,$20
TACOW,$4.03,1440710458794,"16,422",100% bullish,of 1 rating,N/A
DFRG,$14.49,1440710458822,"93,289",100% bearish,of 1 rating,$20
DCTH,$0.41,1440710458983,"115,579",78% bullish,of 9 ratings,N/A
DELTW,NULL,1440710459038,0,Not yet rated,NULL,N/A
DELT,$2.68,1440710459065,"4,200",Not yet rated,NULL,N/A
DENN,$11.53,1440710459203,"594,253",100% bullish,of 3 ratings,$15
DGAS,$20.16,1440710459231,"11,092",67% bearish,of 3 ratings,N/A
XRAY,$53.26,1440710459252,"488,664",100% bullish,of 1 rating,$58
DERM,$26.33,1440710459440,"85,171",100% bearish,of 1 rating,$33.50
DSCI,$5.91,1440710459466,"54,893",50% bullish,of 2 ratings,$16
DEPO,$28.8,1440710459549,"587,929",60% bullish,of 5 ratings,$29
DEST,$11.33,1440710459656,"93,099",50% bullish,of 2 ratings,N/A
DXLG,$5.31,1440710459681,"213,208",100% bearish,of 1 rating,$8
DSWL,$1.73,1440710459710,660,100% bullish,of 1 rating,N/A
DXM,$0.2418,1440710459736,"295,232",50% bullish,of 2 ratings,N/A
DXCM,$93.7582,1440710459864,"660,985",57% bullish,of 7 ratings,$98
DHXM,NULL,1440710459891,0,Not yet rated,NULL,N/A
DMND,$28.99,1440710459919,"313,319",75% bullish,of 12 ratings,$32
DHIL,$193.7,1440710460138,"5,858",Not yet rated,NULL,N/A
DCIX,$1.65,1440710460193,"99,048",50% bullish,of 4 ratings,$3.50
FANG,$65.7,1440710460281,"809,302",50% bullish,of 2 ratings,$86.50
DGII,$9.87,1440710460354,"117,388",100% bearish,of 1 rating,$10
DGLY,$8.11,1440710460413,"196,714",50% bullish,of 6 ratings,$20
DMRC,$34.92,1440710460439,"37,272",100% bearish,of 1 rating,$44
DRNA,$10.24,1440710460460,"61,257",67% bearish,of 3 ratings,$25
DCOM,$16.83,1440710460667,"155,431",100% bearish,of 2 ratings,$16.50
DRAD,$3.67,1440710460697,"18,312",100% bullish,of 1 rating,$5.25
DIOD,$20.09,1440710460832,"136,449",75% bearish,of 4 ratings,$24
DISCA,$26.91,1440710460902,"1,844,228",67% bullish,of 3 ratings,$34
APPS,$2.35,1440710460923,"101,566",100% bearish,of 1 rating,$10.25
DPRX,$13.18,1440710460952,"7,027",100% bullish,of 2 ratings,$27.75
DISCB,$27.0801,1440710461011,200,100% bearish,of 1 rating,$35
DISCK,$25.32,1440710461115,"1,443,223",100% bearish,of 1 rating,$32
DVCR,$10.8,1440710461305,"4,724",100% bullish,of 1 rating,N/A
DISH,$59.11,1440710461338,"1,256,888",69% bullish,of 13 ratings,$73
DSCO,$0.3725,1440710461471,"241,035",83% bullish,of 6 ratings,$2.75
BAGR,$2.79,1440710461500,"26,491",100% bearish,of 1 rating,$6
DNBF,$26.3,1440710461520,300,Not yet rated,NULL,$27.50
DLHC,$2.47,1440710461550,"2,234",100% bearish,of 1 rating,N/A
DLTR,$76.79,1440710461683,"3,407,748",82% bullish,of 11 ratings,$88
DGICA,$14.43,1440710461711,"13,194",100% bearish,of 1 rating,$17
DGICB,NULL,1440710461752,0,100% bearish,of 1 rating,N/A
DMLP,$14.45,1440710461843,"40,853",100% bearish,of 1 rating,N/A
HILL,$9.67,1440710461927,"846,836",60% bearish,of 5 ratings,$9.75
DORM,$50.81,1440710462024,"117,408",100% bearish,of 1 rating,$56
DRWIW,$0.049,1440710462230,800,Not yet rated,NULL,N/A
DRYS,$0.45,1440710462258,"5,937,696",77% bullish,of 31 ratings,$.60
DWA,$20.32,1440710462279,"783,857",63% bullish,of 8 ratings,$26
DRWI,$0.22,1440710462300,"89,926",60% bullish,of 5 ratings,$.45
DSKX,$3.1037,1440710462433,"137,107",100% bullish,of 1 rating,N/A
DSPG,$8.61,1440710462462,"87,539",100% bearish,of 1 rating,$13.50
CADT,NULL,1440710462487,0,Not yet rated,NULL,N/A
CADTR,$0.2,1440710462724,"10,800",Not yet rated,NULL,N/A
DNKN,$51.53,1440710462830,"699,879",67% bullish,of 15 ratings,$56.50
CADTW,NULL,1440710462930,0,Not yet rated,NULL,N/A
DTSI,$26.59,1440710462955,"66,332",100% bearish,of 2 ratings,$39.50
CADTU,NULL,1440710463015,0,Not yet rated,NULL,N/A
DXPE,$26.32,1440710463044,"347,429",50% bullish,of 2 ratings,N/A
DRRX,$2.02,1440710463150,"172,111",50% bullish,of 6 ratings,$3
DYAX,$23.89,1440710463222,"729,173",89% bullish,of 9 ratings,$30
BOOM,$9.71,1440710463278,"80,692",67% bullish,of 3 ratings,$12
DYSL,$1.47,1440710463377,"59,325",100% bullish,of 2 ratings,N/A
DYNT,$3,1440710463474,"11,447",75% bullish,of 4 ratings,N/A
EBMT,$11.5,1440710463501,"2,802",Not yet rated,NULL,$13.50
EGBN,$41.94,1440710463546,"127,692",Not yet rated,NULL,$48
DVAX,$28.45,1440710463649,"321,067",70% bullish,of 10 ratings,$40
EGLE,$6.69,1440710463714,"19,777",60% bullish,of 5 ratings,N/A
ETFC,$26.59,1440710463781,"3,186,051",57% bullish,of 14 ratings,$32.50
ELNK,$8.42,1440710463882,"529,052",60% bullish,of 5 ratings,$9.50
EROC,$1.39,1440710463909,"387,059",50% bullish,of 2 ratings,$3
EGRX,$80.99,1440710463978,"281,054",67% bullish,of 3 ratings,$97
EWBC,$40.15,1440710464041,"794,572",100% bearish,of 1 rating,$50
EACQU,NULL,1440710464171,0,Not yet rated,NULL,N/A
EML,$16.57,1440710464199,"2,222",Not yet rated,NULL,N/A
EBIX,$28.08,1440710464340,"278,056",69% bullish,of 13 ratings,$40
EVBS,$6.545,1440710464437,"1,300",Not yet rated,NULL,$7
ECHO,$23.19,1440710464470,"537,626",67% bearish,of 3 ratings,$35.50
EBAY,$27.08,1440710464567,"10,067,428",81% bullish,of 117 ratings,$48
ELON,$0.5401,1440710464596,"46,429",50% bullish,of 2 ratings,N/A
SATS,$44.62,1440710464629,"61,113",50% bullish,of 2 ratings,$60
ECTE,$1.53,1440710464732,"1,734",75% bullish,of 4 ratings,N/A
EEI,$10.96,1440710464761,"11,246",67% bearish,of 3 ratings,N/A
ESES,$3.41,1440710464891,"1,800",100% bearish,of 1 rating,$7
EDUC,$5.24,1440710465118,"9,180",100% bearish,of 1 rating,N/A
ECACU,$10.06,1440710465143,200,Not yet rated,NULL,N/A
EDGW,$6.99,1440710465176,"9,580",100% bearish,of 1 rating,N/A
EDAP,$3.59,1440710465275,"117,651",60% bullish,of 5 ratings,$4.50
EFUT,$4.32,1440710465314,"3,197",Not yet rated,NULL,N/A
EGAN,$3.5,1440710465490,"1,093,761",50% bullish,of 2 ratings,$6.25
EHTH,$14.1,1440710465623,"90,599",50% bullish,of 4 ratings,$16.50
EGLT,$10.4,1440710465682,"25,593",50% bullish,of 2 ratings,$21
EMITF,$1.25,1440710465911,"11,794",75% bullish,of 4 ratings,N/A
ESLT,$77.06,1440710465942,"5,613",67% bullish,of 3 ratings,N/A
EA,$67.16,1440710465971,"1,845,591",77% bullish,of 35 ratings,$80
ELRC,$10.42,1440710466077,"32,428",100% bearish,of 1 rating,N/A
LOCO,$12.42,1440710466130,"682,149",69% bullish,of 13 ratings,$20
ERI,$9.5,1440710466206,"99,638",100% bearish,of 1 rating,$10
EFII,$44.08,1440710466238,"232,911",80% bullish,of 5 ratings,$55
ESIO,$4.4,1440710466337,"86,850",50% bullish,of 2 ratings,$10
ELEC,NULL,1440710466368,0,Not yet rated,NULL,N/A
ELECU,NULL,1440710466473,0,Not yet rated,NULL,N/A
EBIO,$3.63,1440710466534,"450,270",100% bearish,of 2 ratings,$8.35
ELSE,$4.01,1440710466605,"2,647",60% bullish,of 5 ratings,N/A
RDEN,$10.58,1440710466795,"58,509",100% bearish,of 4 ratings,$15
ESBK,$19.79,1440710466830,600,Not yet rated,NULL,N/A
ELECW,NULL,1440710466886,0,Not yet rated,NULL,N/A
LONG,$17,1440710466979,"40,213",67% bullish,of 3 ratings,$15.75
CAPX,$22.83,1440710467024,"6,100",Not yet rated,NULL,N/A
EMCI,$22.95,1440710467051,"22,912",Not yet rated,NULL,N/A
EMMS,$1.13,1440710467365,"49,767",83% bullish,of 6 ratings,N/A
ELTK,$1.24,1440710467399,"93,989",67% bearish,of 3 ratings,N/A
ERS,$2.77,1440710467532,"2,500",Not yet rated,NULL,N/A
EMCF,$23.2999,1440710467580,300,100% bearish,of 1 rating,N/A
EMKR,$6.87,1440710467606,"88,835",75% bullish,of 4 ratings,$8.50
NYNY,$4.25,1440710467737,"29,523",50% bullish,of 2 ratings,N/A
EMMSP,NULL,1440710467782,0,100% bearish,of 1 rating,N/A
ECPG,$39.26,1440710467866,"147,907",100% bullish,of 2 ratings,$52
WIRE,$31.2,1440710467895,"96,975",100% bearish,of 1 rating,$37
ENTA,$42.03,1440710467921,"156,598",50% bullish,of 2 ratings,$42
ENDP,$79,1440710467946,"959,220",50% bullish,of 6 ratings,$104
ELGX,$12.96,1440710468188,"430,845",75% bullish,of 4 ratings,$17
ECYT,$5.19,1440710468213,"154,006",83% bullish,of 6 ratings,$12
EFOI,$19.57,1440710468274,"1,467,290",50% bullish,of 2 ratings,$20.50
WATT,$6.5,1440710468300,"97,236",50% bullish,of 2 ratings,$13
EIGI,$15.54,1440710468434,"307,403",67% bearish,of 3 ratings,$22.50
ERII,$2.68,1440710468491,"30,825",80% bullish,of 5 ratings,$2.50
ENFC,$17.91,1440710468657,"1,604",Not yet rated,NULL,N/A
ESGR,$145.85,1440710468685,"38,602",100% bearish,of 1 rating,$185
ENOC,$8.33,1440710468706,"278,456",75% bullish,of 4 ratings,$18
ENTG,$13.68,1440710468958,"515,432",100% bearish,of 1 rating,$18
ETRM,$0.2698,1440710469016,"857,019",69% bearish,of 35 ratings,$1.625
ENG,$1.02,1440710469041,"20,370",100% bullish,of 3 ratings,N/A
EXXI,$1.71,1440710469115,"2,123,566",86% bullish,of 7 ratings,$3.50
ENTL,$21.99,1440710469186,"13,570",Not yet rated,NULL,$28
ENPH,$4.63,1440710469356,"441,334",75% bullish,of 4 ratings,$11
EBTC,$21.92,1440710469415,"6,167",Not yet rated,NULL,N/A
ENZN,$1.06,1440710469544,"515,108",100% bullish,of 9 ratings,N/A
EGT,$2.24,1440710469575,906,100% bullish,of 1 rating,N/A
ENZY,$9.14,1440710469682,"5,779",67% bullish,of 3 ratings,$9.50
EPRS,$4.95,1440710469826,"64,371",82% bullish,of 11 ratings,$15
EPZM,$17.5,1440710470005,"296,469",60% bullish,of 5 ratings,$34
PLUS,$75.08,1440710470062,"69,549",50% bullish,of 2 ratings,$88
EFSC,$23.6,1440710470141,"47,536",Not yet rated,NULL,$27
EQIX,$266.14,1440710470221,"355,629",75% bullish,of 4 ratings,$312.50
EQFN,$8.03,1440710470270,300,100% bearish,of 1 rating,N/A
EPIQ,$13.02,1440710470375,"76,652",100% bearish,of 1 rating,$18
ENVI,$1.84,1440710470400,"47,860",67% bullish,of 3 ratings,N/A
ERIC,$9.9,1440710470543,"1,226,439",67% bullish,of 9 ratings,$12.20
EAC,$3.31,1440710470614,"9,623",100% bearish,of 1 rating,$8
ESCR,$0.14,1440710470673,"277,450",50% bullish,of 2 ratings,N/A
ESMC,$1.3,1440710470902,"2,806",Not yet rated,NULL,N/A
ERIE,$82.6765,1440710470958,"14,617",Not yet rated,NULL,$73
ESSA,$12.83,1440710471090,752,100% bearish,of 1 rating,N/A
ESCA,$17.25,1440710471122,"10,132",100% bearish,of 1 rating,$22
EPIX,NULL,1440710471162,0,Not yet rated,NULL,N/A
ESPR,$52.49,1440710471226,"499,515",70% bearish,of 10 ratings,$123
ESCRP,$1.4,1440710471260,"3,300",100% bearish,of 1 rating,N/A
ESND,$34.07,1440710471291,"85,459",100% bearish,of 2 ratings,$40
ESSX,$0.36,1440710471565,"175,521",50% bullish,of 2 ratings,N/A
EEFT,$65.44,1440710471622,"217,282",100% bearish,of 1 rating,$67.50
CLWT,$2.5401,1440710471646,300,100% bullish,of 1 rating,N/A
ETSY,$14.29,1440710471779,"539,954",80% bullish,of 5 ratings,$16
EVEP,$8.08,1440710472035,"327,492",50% bullish,of 2 ratings,$15
EVLV,$2.63,1440710472067,"192,108",60% bullish,of 5 ratings,$6
EVOK,$3.9,1440710472097,"23,087",100% bearish,of 1 rating,$13.375
ESEA,$5.41,1440710472123,"2,269",100% bullish,of 1 rating,$15
EVK,$3.75,1440710472167,300,75% bearish,of 4 ratings,N/A
EXA,$11.1,1440710472193,"5,302",100% bearish,of 1 rating,$13
EXAC,$18.27,1440710472329,"76,695",100% bearish,of 1 rating,$22.50
EVOL,$6.06,1440710472496,"4,725",75% bullish,of 4 ratings,$10
EXLS,$37.17,1440710472547,"266,931",50% bullish,of 2 ratings,$41
EXEL,$6.09,1440710472714,"6,541,098",81% bullish,of 16 ratings,$6
EXPO,$42.44,1440710472814,"90,703",100% bearish,of 1 rating,$45.50
EXPD,$49.92,1440710472841,"1,178,421",80% bullish,of 5 ratings,$52
EXAS,$22.19,1440710472870,"847,375",78% bullish,of 9 ratings,$31
EXFO,$2.95,1440710472973,"20,652",67% bearish,of 3 ratings,$3.95
EXLP,$18.86,1440710473026,"140,868",100% bearish,of 1 rating,$25
EXPE,$117.45,1440710473055,"797,613",64% bullish,of 11 ratings,$130
EYEG,$3.82,1440710473108,"9,151",Not yet rated,NULL,N/A
EXTR,$2.75,1440710473187,"591,341",80% bullish,of 5 ratings,$3
ESRX,$85.2,1440710473277,"2,541,068",67% bearish,of 6 ratings,$101
EYEGW,$0.7,1440710473362,183,Not yet rated,NULL,N/A
EZPW,$5.75,1440710473411,"285,143",50% bullish,of 4 ratings,$7.50
EZCH,$21.92,1440710473506,"175,988",75% bullish,of 8 ratings,$19.50
FFIV,$122.79,1440710473566,"702,916",63% bullish,of 8 ratings,$132
DAVE,$14.61,1440710473808,"5,025",100% bearish,of 1 rating,$15.50
FB,$90.44,1440710473835,"26,120,697",73% bullish,of 1068 ratings,$111
FARM,$21.65,1440710473872,"51,463",100% bearish,of 1 rating,$35
FCS,$12.96,1440710473899,"697,392",67% bearish,of 3 ratings,$17
FFKT,$25.61,1440710473965,"9,790",Not yet rated,NULL,$29
FALC,$1.7,1440710473994,"131,099",63% bearish,of 8 ratings,N/A
FWM,$2.39,1440710474015,"121,245",100% bearish,of 2 ratings,$3.20
FRP,$15.87,1440710474094,"140,274",100% bearish,of 1 rating,$18
FAST,$38.98,1440710474491,"1,845,077",80% bullish,of 5 ratings,$45.50
FMNB,$8.12,1440710474516,"11,575",Not yet rated,NULL,N/A
FATE,$6.67,1440710474542,"24,004",50% bullish,of 2 ratings,$11
FARO,$37.72,1440710474567,"54,878",50% bullish,of 2 ratings,$48
FDML,$8.45,1440710474742,"248,528",50% bullish,of 4 ratings,$14
FBSS,NULL,1440710474834,0,Not yet rated,NULL,N/A
FBRC,$21.84,1440710474879,"45,270",100% bearish,of 1 rating,$29
FENX,$9.52,1440710474908,"24,383",100% bullish,of 1 rating,$14.25
FEIC,$75.1,1440710474929,"285,597",50% bullish,of 2 ratings,$95.50
FCSC,$5.59,1440710474966,"79,557",100% bearish,of 1 rating,$8.125
FNHC,$21.77,1440710474990,"44,020",100% bearish,of 1 rating,$35
FHCO,$1.34,1440710475015,"6,688",50% bullish,of 4 ratings,N/A
FGEN,$23.84,1440710475289,"165,763",100% bearish,of 1 rating,$39
LION,$18.91,1440710475318,"80,989",100% bullish,of 1 rating,$20
ONEQ,$189.36,1440710475344,"29,089",100% bullish,of 1 rating,N/A
FDUS,$14.55,1440710475426,"56,377",50% bullish,of 2 ratings,$18
FRGI,$52.26,1440710475561,"136,337",50% bullish,of 2 ratings,$70
FSAM,$8.24,1440710475587,"14,350",100% bearish,of 1 rating,$10.25
FSFR,$8.89,1440710475720,"70,592",100% bearish,of 1 rating,$11.50
FSCFL,$24.49,1440710475757,"11,281",Not yet rated,NULL,N/A
FSC,$6.38,1440710475799,"697,378",60% bullish,of 5 ratings,$8
FITB,$19.94,1440710475861,"7,692,399",54% bullish,of 13 ratings,$22
FISI,$24.5,1440710475882,"74,552",100% bullish,of 2 ratings,$24.50
FNSR,$15.72,1440710475917,"673,825",71% bullish,of 7 ratings,$24.50
FNGN,$33.2,1440710475959,"280,963",67% bullish,of 3 ratings,$47
FITBI,$27.48,1440710475994,"20,120",Not yet rated,NULL,N/A
FNTC,$9.79,1440710476107,301,Not yet rated,NULL,N/A
FNJN,$1.89,1440710476208,"63,434",100% bearish,of 1 rating,$5
FNTCU,$10.125,1440710476446,"5,300",Not yet rated,NULL,N/A
FNTCW,NULL,1440710476473,0,Not yet rated,NULL,N/A
FEYE,$39.25,1440710476507,"3,076,314",87% bullish,of 15 ratings,$55.50
FNLC,$18.57,1440710476604,"19,206",100% bullish,of 1 rating,N/A
FRBA,$6.0773,1440710476677,"2,300",Not yet rated,NULL,$8
FBNC,$17.03,1440710476741,"31,511",100% bullish,of 1 rating,$20
BUSE,$6.35,1440710476772,"59,239",Not yet rated,NULL,$6.875
FCAP,$26.54,1440710476873,"1,211",Not yet rated,NULL,N/A
FBIZ,$43.97,1440710476901,"13,057",100% bearish,of 2 ratings,$52
FCFS,$39.68,1440710476932,"138,416",100% bearish,of 3 ratings,$48
FCNCA,$236.17,1440710477037,"9,676",Not yet rated,NULL,N/A
FCVA,$4.6201,1440710477067,"1,932",Not yet rated,NULL,N/A
FCLF,NULL,1440710477168,0,Not yet rated,NULL,N/A
FCBC,$17.45,1440710477299,"19,748",Not yet rated,NULL,$18
FCCO,$12.05,1440710477328,"5,208",Not yet rated,NULL,$13.25
FCFP,$6.823,1440710477515,250,Not yet rated,NULL,N/A
FBNK,$16.96,1440710477541,"36,153",100% bearish,of 1 rating,$17.50
FFNM,$6.18,1440710477695,"4,781",Not yet rated,NULL,N/A
FDEF,$37.71,1440710477726,"31,938",Not yet rated,NULL,$38
FFBCW,NULL,1440710477827,0,100% bearish,of 1 rating,N/A
THFF,$32.99,1440710477872,"20,383",Not yet rated,NULL,$35
FFIN,$30.56,1440710477898,"175,922",50% bullish,of 2 ratings,$31.75
FFNW,$11.9,1440710477926,"14,021",Not yet rated,NULL,$14
FFBC,$18.24,1440710477947,"180,430",67% bearish,of 3 ratings,$20.25
FFWM,$21.44,1440710477980,"32,572",Not yet rated,NULL,$24
INBK,$29.54,1440710478141,"7,612",50% bullish,of 2 ratings,$37
FIBK,$26.3,1440710478247,"86,393",Not yet rated,NULL,$32
FRME,$25.88,1440710478391,"150,523",Not yet rated,NULL,$26.50
FMBI,$17.44,1440710478418,"318,458",Not yet rated,NULL,$20
FMBH,NULL,1440710478438,0,Not yet rated,NULL,N/A
FNBC,$34.21,1440710478635,"72,738",Not yet rated,NULL,$40
FNWB,$11.83,1440710478656,"4,056",Not yet rated,NULL,N/A
FSFG,NULL,1440710478693,0,Not yet rated,NULL,N/A
FSLR,$47.84,1440710478736,"1,417,174",72% bullish,of 39 ratings,$65
FSBK,$7.8,1440710478790,"3,728",100% bullish,of 1 rating,N/A
FNFG,$9.12,1440710478817,"2,214,275",80% bullish,of 5 ratings,$9
FSGI,$2.46,1440710478882,"3,291",Not yet rated,NULL,N/A
BICK,$19.79,1440710479153,"10,041",100% bullish,of 1 rating,N/A
FBZ,NULL,1440710479179,0,Not yet rated,NULL,N/A
FCAN,$23.95,1440710479253,"3,251",Not yet rated,NULL,N/A
FTCS,$36.67,1440710479278,"20,446",100% bearish,of 1 rating,N/A
FCA,$19.8,1440710479304,"2,396",Not yet rated,NULL,N/A
IFV,$17.96,1440710479518,"662,340",100% bearish,of 1 rating,N/A
FV,$23.6,1440710479564,"4,286,379",100% bearish,of 1 rating,N/A
FEMB,NULL,1440710479594,0,Not yet rated,NULL,N/A
FEUZ,$31.452,1440710479755,318,Not yet rated,NULL,N/A
TDIV,$24.77,1440710479786,"101,037",100% bearish,of 1 rating,N/A
FTSM,$59.85,1440710479813,"15,925",100% bearish,of 1 rating,N/A
MDIV,$19.19,1440710479842,"174,952",Not yet rated,NULL,N/A
FTGC,$22.19,1440710479863,"354,786",Not yet rated,NULL,N/A
FTHI,$19.37,1440710479999,"2,600",Not yet rated,NULL,N/A
FGM,$35.91,1440710480024,"28,582",Not yet rated,NULL,N/A
HYLS,$49.66,1440710480045,"29,876",100% bearish,of 1 rating,N/A
PLTM,$6.17,1440710480457,"19,478",100% bearish,of 1 rating,N/A
CU,$12.73,1440710480491,"5,168",100% bearish,of 1 rating,N/A
YDIV,$16.46,1440710480519,"6,330",Not yet rated,NULL,N/A
FHK,$33.67,1440710480551,"24,642",Not yet rated,NULL,N/A
SKYY,$29.08,1440710480572,"54,189",100% bullish,of 1 rating,N/A
LMBS,$50.15,1440710480605,647,Not yet rated,NULL,N/A
FMB,$51.2399,1440710480625,350,Not yet rated,NULL,N/A
FPXI,$27.42,1440710480653,753,Not yet rated,NULL,N/A
FJP,$47.67,1440710480872,"6,378",Not yet rated,NULL,N/A
FTLB,$19.25,1440710480933,"1,967",100% bearish,of 1 rating,N/A
QABA,$37.27,1440710480968,"16,757",100% bearish,of 1 rating,N/A
CIBR,$17.99,1440710481066,"100,225",Not yet rated,NULL,N/A
FONE,$34.94,1440710481091,"2,037",Not yet rated,NULL,N/A
QCLN,$14.7,1440710481224,"19,033",Not yet rated,NULL,N/A
CARZ,$34.78,1440710481279,"5,852",100% bearish,of 1 rating,N/A
GRID,NULL,1440710481407,0,100% bearish,of 1 rating,N/A
RDVY,$21.26,1440710481452,"11,733",Not yet rated,NULL,N/A
QTEC,$40.25,1440710481483,"65,044",Not yet rated,NULL,N/A
QQEW,$42.04,1440710481508,"197,277",Not yet rated,NULL,N/A
QQXT,$40.78,1440710481558,"34,387",Not yet rated,NULL,N/A
QINC,$20.2205,1440710481586,220,Not yet rated,NULL,N/A
AIRR,$16.08,1440710481683,"19,080",100% bearish,of 1 rating,N/A
FTSL,$48.805,1440710481943,"42,889",100% bearish,of 1 rating,N/A
FKO,$23,1440710481968,247,Not yet rated,NULL,N/A
FSZ,$39.09,1440710482104,"7,201",Not yet rated,NULL,N/A
FDIV,$46.8,1440710482129,"6,891",100% bearish,of 1 rating,N/A
FKU,$41.56,1440710482155,"10,514",Not yet rated,NULL,N/A
FTW,$31.905,1440710482175,100,Not yet rated,NULL,N/A
FUNC,$8.14,1440710482212,502,Not yet rated,NULL,N/A
TUSA,$24.8499,1440710482304,"2,179",Not yet rated,NULL,N/A
SVVC,$9.41,1440710482329,"14,327",50% bullish,of 2 ratings,$26
FMER,$17.79,1440710482354,"1,239,003",50% bullish,of 2 ratings,$20
FIVN,$4.17,1440710482924,"134,377",100% bullish,of 1 rating,$8.50
FPRX,$18.76,1440710483100,"207,913",50% bullish,of 2 ratings,$35
FIVE,$37.6,1440710483130,"557,730",75% bearish,of 4 ratings,$44
FSV,$31.39,1440710483151,"4,698",Not yet rated,NULL,$33.60
FISV,$86.56,1440710483180,"1,315,505",100% bearish,of 3 ratings,$90
FLML,$22.49,1440710483236,"211,176",50% bullish,of 2 ratings,$30
SKOR,NULL,1440710483395,0,Not yet rated,NULL,N/A
FLXN,$24.71,1440710483431,"83,894",100% bearish,of 1 rating,$40
MBSD,$24.93,1440710483558,"1,404",Not yet rated,NULL,N/A
FLIR,$28.62,1440710483650,"1,162,358",100% bearish,of 1 rating,$38.50
FLKS,$12.16,1440710483677,"28,446",50% bullish,of 2 ratings,$27
FLDM,$11.38,1440710483698,"609,053",67% bearish,of 3 ratings,$15
FLEX,$10.5844,1440710483743,"2,073,135",63% bullish,of 8 ratings,$12
FLXS,$31.4,1440710483764,"14,726",100% bearish,of 2 ratings,N/A
FFIC,$19.79,1440710483838,"64,915",Not yet rated,NULL,$21
FOMX,$10.09,1440710483863,"107,136",50% bullish,of 2 ratings,$23.50
FOGO,$18.31,1440710484053,"65,243",50% bullish,of 2 ratings,$25.50
FONR,$9.8,1440710484106,"11,271",100% bullish,of 1 rating,N/A
FORR,$32.13,1440710484199,"44,445",Not yet rated,NULL,N/A
FES,$0.95,1440710484237,"65,928",50% bullish,of 2 ratings,$1
FORM,$6.34,1440710484267,"219,654",67% bullish,of 3 ratings,$10.50
FBIO,$2.66,1440710484370,"43,609",83% bullish,of 6 ratings,N/A
FORTY,NULL,1440710484395,0,100% bearish,of 1 rating,N/A
FTNT,$42.66,1440710484420,"957,421",80% bullish,of 10 ratings,$52
FWRD,$45.16,1440710484453,"249,816",100% bearish,of 1 rating,$50
FORD,$2.4,1440710484550,"8,193,103",67% bullish,of 3 ratings,N/A
FWP,$26.72,1440710484655,"32,491",100% bearish,of 1 rating,$45
FXCB,$17.1,1440710484681,"34,130",Not yet rated,NULL,$19
FOSL,$61.14,1440710484706,"682,310",60% bearish,of 5 ratings,$80
FMI,$22.91,1440710484841,"182,048",100% bearish,of 2 ratings,$27.50
FRAN,$11.1,1440710484946,"399,777",50% bullish,of 4 ratings,$15
FOXF,$15.23,1440710484981,"35,704",100% bearish,of 1 rating,$19
FREE,$0.365,1440710485030,"545,559",92% bullish,of 12 ratings,N/A
FRED,$12.7,1440710485083,"367,947",50% bullish,of 2 ratings,$16.50
FELE,$28.54,1440710485109,"222,491",50% bullish,of 4 ratings,$33
RAIL,$19.93,1440710485185,"80,213",100% bearish,of 1 rating,$24.50
FEIM,$10.91,1440710485244,"4,411",100% bearish,of 1 rating,N/A
FRPT,$12.69,1440710485314,"413,795",67% bearish,of 3 ratings,$23.50
FTR,$4.93,1440710485414,"16,022,145",78% bullish,of 27 ratings,$6.25
FRPH,$31,1440710485464,"5,417",100% bearish,of 1 rating,N/A
FSBW,$23.0001,1440710485522,"1,537",Not yet rated,NULL,N/A
FTRPR,$98.45,1440710485551,"6,795",100% bearish,of 1 rating,N/A
FTEK,$2.07,1440710485630,"44,398",75% bullish,of 4 ratings,N/A
FTD,$29.69,1440710485658,"69,221",100% bearish,of 1 rating,$40
FSYS,$6.53,1440710485709,"25,484",67% bullish,of 3 ratings,$10
FCEL,$0.74,1440710485801,"1,217,384",88% bullish,of 41 ratings,$2.65
FULL,$3.3,1440710485937,"159,876",67% bearish,of 3 ratings,$4.25
FLL,$1.5,1440710485965,"9,037",75% bullish,of 4 ratings,$3.50
FULLL,NULL,1440710485985,0,Not yet rated,NULL,N/A
FULT,$12.1,1440710486039,"676,945",100% bearish,of 1 rating,$13
FSNN,$2.28,1440710486120,300,67% bullish,of 3 ratings,$6
FXEN,$0.8484,1440710486258,"30,477",75% bullish,of 4 ratings,$1.10
FFHL,$0.8545,1440710486302,"1,000",50% bullish,of 4 ratings,N/A
FXENP,NULL,1440710486338,0,100% bearish,of 1 rating,N/A
GK,$67.61,1440710486359,"62,005",Not yet rated,NULL,$78
GAIA,$6.01,1440710486430,"18,310",50% bullish,of 2 ratings,$8.50
WILC,$4.79,1440710486461,"2,355",100% bullish,of 2 ratings,N/A
GLPG,$61,1440710486515,"14,402",100% bullish,of 1 rating,$75
GALT,$1.86,1440710486556,"67,914",80% bullish,of 5 ratings,N/A
GALTU,NULL,1440710486719,0,100% bearish,of 1 rating,N/A
GALTW,NULL,1440710486896,0,100% bullish,of 1 rating,N/A
GALE,$1.49,1440710486924,"704,955",89% bullish,of 47 ratings,$4
GPIC,$9.62,1440710486996,812,100% bearish,of 1 rating,N/A
GLMD,$8.97,1440710487058,"10,152",67% bullish,of 3 ratings,$20.50
GLPI,$31.4063,1440710487084,"472,460",100% bearish,of 1 rating,$37.50
GGACR,$0.24,1440710487123,"419,354",100% bullish,of 1 rating,N/A
GGAC,$9.9,1440710487150,"22,030",100% bearish,of 1 rating,N/A
GRMN,$38.16,1440710487171,"961,263",50% bullish,of 6 ratings,$46.50
GARS,$14.23,1440710487400,"31,412",Not yet rated,NULL,$16
GGACW,$0.16,1440710487426,"426,090",Not yet rated,NULL,N/A
GENC,$9.39,1440710487447,805,100% bearish,of 1 rating,N/A
GNCMA,$17,1440710487481,"223,509",100% bearish,of 1 rating,$12
GGACU,$10.3,1440710487501,"13,700",Not yet rated,NULL,N/A
GFN,$3.63,1440710487648,"7,868",100% bearish,of 2 ratings,$8
GFNCP,$91.01,1440710487677,440,Not yet rated,NULL,N/A
GNCA,$12.27,1440710487848,"99,366",100% bearish,of 1 rating,$20
GHDX,$26.73,1440710487877,"131,627",50% bullish,of 2 ratings,$30
GNMK,$9.43,1440710487898,"88,773",67% bullish,of 6 ratings,$14
GENE,$2.12,1440710487919,"165,541",100% bullish,of 12 ratings,N/A
GFNSL,$25.7499,1440710487957,"2,900",Not yet rated,NULL,N/A
GNTX,$15.44,1440710488051,"2,015,182",Not yet rated,NULL,$20
GEOS,$15.77,1440710488232,"154,992",100% bearish,of 3 ratings,$21
THRM,$44.92,1440710488279,"210,226",75% bearish,of 4 ratings,$55.50
GTWN,NULL,1440710488305,0,Not yet rated,NULL,N/A
GNVC,$2.48,1440710488326,"4,600",90% bullish,of 10 ratings,$8.50
GABC,$29.24,1440710488365,"15,766",Not yet rated,NULL,$31
GERN,$3.08,1440710488471,"1,330,232",88% bullish,of 16 ratings,$5.25
ROCK,$16.51,1440710488497,"118,191",80% bullish,of 5 ratings,$24
GEVO,$2.35,1440710488555,"341,094",75% bullish,of 12 ratings,$5
GIGM,$0.55,1440710488696,"41,648",100% bullish,of 2 ratings,N/A
GIGA,$1.43,1440710488783,"13,510",100% bearish,of 1 rating,N/A
GIII,$68.51,1440710488835,"213,607",67% bullish,of 3 ratings,$75
GILD,$108,1440710488936,"9,267,732",91% bullish,of 87 ratings,$129
GBCI,$25.63,1440710488993,"327,946",50% bullish,of 2 ratings,$31
GILT,$4.38,1440710489025,"8,627",50% bullish,of 2 ratings,N/A
GLAD,$8.63,1440710489076,"250,192",50% bullish,of 2 ratings,$8.75
GOOD,$14.52,1440710489097,"71,937",Not yet rated,NULL,$19
GLADO,$25.5899,1440710489131,"1,940",Not yet rated,NULL,N/A
GOODN,$25.33,1440710489263,900,Not yet rated,NULL,N/A
GOODP,$25.05,1440710489345,400,Not yet rated,NULL,N/A
GOODO,$25.0601,1440710489393,"1,019",Not yet rated,NULL,N/A
GAIN,$7.35,1440710489476,"100,873",100% bullish,of 2 ratings,$8.25
GAINN,$25.1,1440710489501,"5,685",Not yet rated,NULL,N/A
GAINO,$25.33,1440710489526,600,Not yet rated,NULL,N/A
GAINP,$25.73,1440710489674,"2,129",Not yet rated,NULL,N/A
GLBZ,NULL,1440710489730,0,Not yet rated,NULL,N/A
LAND,$9.34,1440710489760,"33,889",50% bullish,of 2 ratings,$13.75
ENT,$11.59,1440710489867,"173,706",100% bearish,of 1 rating,$18
GBLI,$26.57,1440710489941,"10,464",Not yet rated,NULL,N/A
GSOL,$7.91,1440710489969,"18,276",100% bearish,of 1 rating,N/A
GDEF,NULL,1440710489990,0,Not yet rated,NULL,N/A
GBT,$42.2,1440710490027,"51,010",100% bearish,of 1 rating,N/A
GPACU,$10.05,1440710490127,"3,901",Not yet rated,NULL,N/A
ACTX,$13.18,1440710490153,"4,751",100% bullish,of 1 rating,N/A
QQQC,$19.6,1440710490319,"6,807",100% bearish,of 1 rating,N/A
SOCL,$17.63,1440710490344,"24,944",100% bullish,of 2 ratings,N/A
SRET,$13.22,1440710490478,"4,201",Not yet rated,NULL,N/A
ALTY,$14.35,1440710490505,658,Not yet rated,NULL,N/A
YLCO,NULL,1440710490531,0,Not yet rated,NULL,N/A
GAI,$5.8,1440710490583,48,50% bullish,of 2 ratings,N/A
GBIM,$2.23,1440710490667,"19,521",50% bullish,of 2 ratings,N/A
GSM,$13.66,1440710490712,"442,656",50% bullish,of 2 ratings,$23
GLBS,$0.98,1440710490743,"13,400",67% bullish,of 3 ratings,N/A
GLRI,$0.92,1440710490798,"34,311",100% bearish,of 1 rating,$4.25
GLUU,$4.41,1440710490937,"1,991,968",92% bullish,of 26 ratings,$9
GLYC,$7.07,1440710490966,"5,025",50% bullish,of 2 ratings,$14
GOGO,$15.5,1440710491070,"492,879",80% bullish,of 5 ratings,$25
GLDC,$4.15,1440710491159,510,50% bullish,of 2 ratings,N/A
GLNG,$36.4,1440710491184,"788,930",83% bullish,of 6 ratings,$58
GMLP,$17.86,1440710491211,"311,517",50% bullish,of 4 ratings,$32.50
GOGL,$2.88,1440710491363,"361,248",75% bullish,of 4 ratings,$5
GDEN,$9.04,1440710491400,"2,107",50% bullish,of 2 ratings,N/A
GBDC,$16.58,1440710491493,"122,872",Not yet rated,NULL,$17.75
GTIM,$6.75,1440710491521,"33,873",Not yet rated,NULL,$11.50
GOOGL,$667.5,1440710491586,"1,583,263",88% bullish,of 1080 ratings,$749
GPRO,$48.05,1440710491718,"5,321,571",78% bullish,of 58 ratings,$72
GMAN,$3.56,1440710491771,"94,940",60% bullish,of 5 ratings,$8.50
GOOG,$637.24,1440710491796,"2,148,342",89% bullish,of 70 ratings,$825
GPIA,NULL,1440710491820,0,Not yet rated,NULL,N/A
GPIAW,$0.975,1440710492030,"4,500",Not yet rated,NULL,N/A
GPIAU,NULL,1440710492058,0,Not yet rated,NULL,N/A
GRVY,$3.1,1440710492117,"3,850",50% bullish,of 2 ratings,N/A
LOPE,$37.29,1440710492417,"213,181",100% bearish,of 2 ratings,$50
GBSN,$0.38,1440710492448,"8,360,904",50% bullish,of 2 ratings,$8.25
GNBC,$11.64,1440710492481,"11,965",100% bearish,of 1 rating,$16.50
GBSNU,NULL,1440710492503,0,NULL,NULL,NULL
GSBC,$39.7,1440710492549,"28,952",100% bullish,of 1 rating,$44
GLDD,$5.29,1440710492580,"178,282",100% bearish,of 4 ratings,$7.75
GPRE,$19.73,1440710492679,"543,199",67% bullish,of 6 ratings,$28.50
GPP,$13.52,1440710492706,"54,349",Not yet rated,NULL,$20.50
GRBK,$12.13,1440710492895,"208,300",77% bullish,of 13 ratings,N/A
GCBC,NULL,1440710492920,0,100% bullish,of 1 rating,N/A
GLRE,$24.99,1440710492946,"184,277",50% bullish,of 2 ratings,$41
GRFS,$30.79,1440710493079,"268,612",50% bullish,of 2 ratings,$35
GRIF,$32.94,1440710493126,"1,189",100% bearish,of 1 rating,N/A
OMAB,$40.98,1440710493159,"28,531",100% bullish,of 1 rating,$44
GRPN,$4.28,1440710493256,"6,560,166",61% bullish,of 71 ratings,$6.75
GGAL,$19.72,1440710493284,"210,565",80% bullish,of 5 ratings,$40
GSIG,$12.9,1440710493312,"40,919",100% bearish,of 2 ratings,N/A
GTXI,$0.83,1440710493451,"27,869",100% bullish,of 5 ratings,$.75
GSVC,$8.9,1440710493510,"60,910",50% bullish,of 2 ratings,$14.50
GULTU,$0.3,1440710493646,"278,271",100% bearish,of 1 rating,N/A
GBNK,$15.48,1440710493675,"19,211",100% bearish,of 1 rating,$18
GUID,$7.19,1440710493696,"132,329",100% bearish,of 3 ratings,$10
GFED,$14.67,1440710493724,442,Not yet rated,NULL,$17
GIFI,$11.73,1440710494002,"30,726",100% bearish,of 1 rating,$16
GPOR,$35.2135,1440710494028,"1,542,043",75% bullish,of 4 ratings,$55
GWGH,NULL,1440710494159,0,100% bearish,of 1 rating,$15.05
HEES,$18.52,1440710494192,"597,058",67% bearish,of 3 ratings,$31
GYRO,NULL,1440710494213,0,100% bearish,of 1 rating,N/A
GURE,$1.67,1440710494242,"26,420",88% bullish,of 8 ratings,N/A
GSIT,$4.66,1440710494289,"10,304",100% bearish,of 1 rating,N/A
HLG,$9,1440710494388,"3,174",100% bearish,of 1 rating,N/A
GWPH,$103.6548,1440710494569,"152,592",78% bullish,of 9 ratings,$148.50
HALL,$11.25,1440710494598,"18,595",Not yet rated,NULL,N/A
HNRG,$7.45,1440710494624,"109,658",100% bearish,of 1 rating,$10
HBK,$13.8,1440710494698,500,50% bullish,of 2 ratings,N/A
HALO,$18.04,1440710494786,"812,681",67% bullish,of 3 ratings,$22.50
HBHC,$27.25,1440710494893,"885,193",50% bullish,of 2 ratings,$30
HMPR,$1.87,1440710494924,"32,023",100% bullish,of 1 rating,N/A
HBHCL,$24.45,1440710494945,"16,792",Not yet rated,NULL,N/A
HAFC,$23.98,1440710494995,"150,816",100% bullish,of 2 ratings,$28.50
HNH,$25.22,1440710495083,"34,566",100% bullish,of 1 rating,N/A
HQCL,$12.48,1440710495112,"37,923",67% bullish,of 3 ratings,$14
HNSN,$0.51,1440710495141,"71,567",88% bullish,of 8 ratings,$.40
HDNG,$9.63,1440710495274,"11,625",50% bullish,of 4 ratings,N/A
HLIT,$5.67,1440710495354,"299,840",100% bearish,of 1 rating,$6.50
HRMN,NULL,1440710495452,0,Not yet rated,NULL,N/A
HRMNU,$10.09,1440710495529,"4,500",Not yet rated,NULL,N/A
HRMNW,NULL,1440710495592,0,Not yet rated,NULL,N/A
TINY,$2.45,1440710495670,"24,287",50% bullish,of 2 ratings,$5.26
HBIO,$4.33,1440710495698,"60,054",Not yet rated,NULL,$10
HART,$0.9,1440710495728,"62,394",100% bearish,of 1 rating,N/A
HCAP,$12.24,1440710495754,"16,420",50% bullish,of 2 ratings,$15
HCAPL,$25.15,1440710495827,"1,950",Not yet rated,NULL,N/A
HA,$22.77,1440710496029,"743,154",67% bullish,of 9 ratings,$27
HAS,$75.13,1440710496079,"677,125",63% bullish,of 8 ratings,$84.50
HWKN,$36.74,1440710496104,"24,607",Not yet rated,NULL,N/A
HCOM,$21.92,1440710496134,"22,250",100% bearish,of 1 rating,$28
HWBK,$13.65,1440710496157,900,100% bearish,of 1 rating,N/A
HAYN,$38.37,1440710496178,"70,009",100% bearish,of 1 rating,$59
HDS,$32.7916,1440710496356,"2,704,706",100% bearish,of 2 ratings,$39.50
HSTM,$25.04,1440710496502,"91,715",50% bullish,of 2 ratings,$33.75
HWAY,$11.94,1440710496530,"197,544",100% bearish,of 1 rating,$15
HCSG,$33.37,1440710496606,"222,864",50% bullish,of 4 ratings,$35
HTLD,$20.45,1440710496666,"404,607",Not yet rated,NULL,$22.50
HIIQ,$4.91,1440710496692,"213,311",50% bullish,of 2 ratings,$7
HQY,$29.36,1440710496714,"181,717",67% bullish,of 3 ratings,$31
HTWR,$86.38,1440710496848,"181,322",50% bullish,of 2 ratings,$103
HTLF,$35.74,1440710496873,"36,155",100% bullish,of 1 rating,$39.50
HTBX,$5.15,1440710497015,"7,475",50% bullish,of 2 ratings,$15.50
HMNY,NULL,1440710497096,0,100% bearish,of 1 rating,N/A
HSII,$19.66,1440710497148,"55,840",100% bullish,of 3 ratings,$25
HELE,$85.25,1440710497177,"137,795",67% bearish,of 3 ratings,$100
HMTV,$13.56,1440710497251,"23,963",100% bearish,of 1 rating,$16
HCACU,$9.94,1440710497276,"1,418",Not yet rated,NULL,N/A
HNNA,$24.725,1440710497348,"6,531",Not yet rated,NULL,N/A
HSIC,$138.68,1440710497482,"380,165",83% bullish,of 6 ratings,$146
HERO,NULL,1440710497505,0,NULL,NULL,NULL
HTBK,$10.63,1440710497715,"37,118",Not yet rated,NULL,$12
HFWA,$17.49,1440710497754,"41,588",100% bullish,of 1 rating,$20
HEOP,$7.67,1440710497845,"15,988",Not yet rated,NULL,$8.50
MLHR,$26.99,1440710497900,"416,852",50% bullish,of 2 ratings,$33.50
HFFC,$15.99,1440710497927,"3,204",Not yet rated,NULL,N/A
HSKA,$33.49,1440710497955,"29,373",100% bearish,of 1 rating,$38
HCCI,$11.06,1440710497981,"34,679",100% bearish,of 1 rating,$16.50
HRTX,$36,1440710498002,"376,945",67% bullish,of 6 ratings,$41
HPJ,$2.19,1440710498240,"47,402",75% bullish,of 4 ratings,$12.43
HIHO,$3.9,1440710498267,"7,696",Not yet rated,NULL,N/A
HIMX,$6.74,1440710498295,"696,618",86% bullish,of 21 ratings,$8.50
HIBB,$38.68,1440710498316,"262,034",100% bearish,of 1 rating,$46.50
HIFS,$117.96,1440710498345,"4,159",Not yet rated,NULL,N/A
HMNF,$11.14,1440710498478,"3,550",Not yet rated,NULL,N/A
HSGX,$6.13,1440710498553,903,100% bearish,of 1 rating,$17
HOLI,$17.89,1440710498654,"214,655",50% bullish,of 4 ratings,$27
HOLX,$39.31,1440710498744,"1,555,957",67% bullish,of 3 ratings,$42
HMSY,$10.07,1440710498787,"1,029,380",67% bullish,of 3 ratings,$19.35
HBCP,$24.5,1440710498814,"1,969",Not yet rated,NULL,$29
HOMB,$37.87,1440710498887,"275,087",Not yet rated,NULL,$42
HFBL,$21.54,1440710498946,300,Not yet rated,NULL,N/A
AWAY,$28.5707,1440710499015,"878,772",67% bullish,of 3 ratings,$36
HMIN,$27.5,1440710499114,"194,716",100% bearish,of 2 ratings,$35
HMST,$21.89,1440710499135,"115,090",100% bullish,of 2 ratings,$27
HKTV,$4.61,1440710499178,"29,158",100% bearish,of 1 rating,N/A
HTBI,$18.1,1440710499211,"42,266",67% bullish,of 3 ratings,$18.625
CETC,$0.72,1440710499342,"82,368",86% bullish,of 7 ratings,N/A
HFBC,$11.23,1440710499367,"2,760",Not yet rated,NULL,N/A
HOFT,$23.33,1440710499508,"41,289",100% bearish,of 1 rating,N/A
HZNP,$30.5,1440710499533,"1,979,593",85% bullish,of 20 ratings,$40
HRZN,$10.14,1440710499558,"31,900",50% bullish,of 2 ratings,$14.25
HBNC,$23.32,1440710499589,"10,986",100% bullish,of 1 rating,$27
ZINC,$7.45,1440710499692,"687,260",100% bearish,of 1 rating,$17
HDP,$24.27,1440710499797,"239,273",67% bearish,of 3 ratings,$30.50
HMHC,$22.75,1440710499848,"1,125,817",Not yet rated,NULL,$27
HOVNP,$4.49,1440710499930,"3,213",100% bearish,of 1 rating,N/A
HBMD,$14.48,1440710499979,"2,156",100% bearish,of 1 rating,N/A
HWCC,$7.35,1440710500010,"70,329",100% bearish,of 1 rating,$9
HSNI,$62.22,1440710500114,"178,338",Not yet rated,NULL,$80
HTGM,$5.65,1440710500182,"38,705",100% bearish,of 1 rating,$19.50
HUBG,$37.74,1440710500257,"215,954",100% bearish,of 1 rating,$43
HCBK,$9.45,1440710500353,"1,612,129",83% bullish,of 6 ratings,$8.61
HSON,$2.6,1440710500390,"13,371",100% bearish,of 1 rating,$5
HDSN,$3.05,1440710500415,"5,955",100% bullish,of 1 rating,$6.25
HBAN,$10.86,1440710500607,"7,228,316",76% bullish,of 17 ratings,$12.29
HURN,$73.27,1440710500634,"135,326",50% bullish,of 2 ratings,$80
HURC,$30.59,1440710500678,"15,333",100% bearish,of 1 rating,N/A
HBP,$3.06,1440710500778,"1,472",100% bullish,of 1 rating,N/A
HTCH,$1.43,1440710500811,"65,004",100% bearish,of 1 rating,$3.50
HDRA,$9.69,1440710500833,"11,400",Not yet rated,NULL,N/A
HDRAR,NULL,1440710500863,0,Not yet rated,NULL,N/A
HBANP,$1355,1440710500884,66,100% bearish,of 1 rating,N/A
HDRAW,$0.264,1440710501024,"5,226",Not yet rated,NULL,N/A
HDRAU,$10.11,1440710501128,"4,500",Not yet rated,NULL,N/A
IDSY,$3.8,1440710501223,"10,880",100% bearish,of 1 rating,$7
IACI,$71.66,1440710501320,"537,939",75% bullish,of 4 ratings,$90
HYGS,$8.76,1440710501349,"27,221",50% bullish,of 2 ratings,$13
IBKC,$59.92,1440710501409,"142,135",100% bullish,of 1 rating,$70
IKGH,$1.77,1440710501454,"160,691",75% bullish,of 4 ratings,N/A
IEP,$74.1,1440710501516,"120,096",75% bullish,of 4 ratings,$99
ICAD,$3.78,1440710501600,"108,076",100% bullish,of 2 ratings,$7.25
ICLR,$78.848,1440710501634,"383,498",100% bearish,of 3 ratings,$85
ICFI,$34.04,1440710501655,"41,800",50% bullish,of 2 ratings,$48.50
ICON,$13.34,1440710501734,"716,782",50% bullish,of 2 ratings,$18.50
ICUI,$113.45,1440710501790,"130,125",Not yet rated,NULL,$122
IPWR,$7.27,1440710501840,"2,810",100% bullish,of 1 rating,$15
INVE,$3.98,1440710501866,"41,335",75% bullish,of 4 ratings,$4
IDRA,$2.89,1440710502021,"1,860,527",89% bullish,of 9 ratings,$6.50
IDXX,$73.42,1440710502199,"246,947",100% bearish,of 1 rating,$77
DSKY,$11.03,1440710502245,"145,825",67% bullish,of 6 ratings,$11.50
IROQ,$16.99,1440710502275,206,100% bullish,of 1 rating,N/A
IIVI,$16.77,1440710502303,"699,651",100% bearish,of 1 rating,$22
RXDX,$13.52,1440710502379,"146,142",100% bullish,of 1 rating,$20
KANG,$15.95,1440710502438,"270,221",50% bullish,of 2 ratings,$22.55
IRG,$4.56,1440710502463,"8,780",100% bearish,of 1 rating,$4.25
ILMN,$201.94,1440710502607,"946,041",80% bullish,of 5 ratings,$245
IKNX,NULL,1440710502658,0,100% bearish,of 1 rating,N/A
IKAN,$2.72,1440710502684,"33,071",83% bullish,of 6 ratings,$5
ISNS,$3.93,1440710502764,"4,134",50% bullish,of 2 ratings,N/A
IMMR,$11.86,1440710502832,"94,707",80% bullish,of 5 ratings,$15.50
ICCC,$7.36,1440710502893,"11,588",100% bullish,of 1 rating,N/A
IMDZ,$16.44,1440710503210,"67,116",100% bearish,of 1 rating,$33
IMNP,$1.32,1440710503394,"85,143",50% bullish,of 2 ratings,$6
IMMU,$1.96,1440710503445,"599,136",86% bullish,of 7 ratings,$2
IPXL,$43.97,1440710503471,"494,035",67% bullish,of 3 ratings,$46.50
INCR,$42.09,1440710503526,"226,520",50% bullish,of 2 ratings,$53
SAAS,$7.6,1440710503604,"297,693",50% bullish,of 2 ratings,$15
INCY,$113.85,1440710503661,"936,953",50% bullish,of 6 ratings,$125.50
IMGN,$14.28,1440710503739,"573,089",75% bullish,of 4 ratings,$17.50
INDB,$44.34,1440710503798,"62,917",Not yet rated,NULL,$44
IMMY,$7.69,1440710503829,"15,991",100% bearish,of 1 rating,$11
IDSA,$3.72,1440710503858,"5,809",Not yet rated,NULL,N/A
IBTX,$40.63,1440710503903,"17,366",100% bullish,of 2 ratings,$47.25
IBCP,$14.1,1440710503931,"70,743",100% bullish,of 1 rating,$14.50
INFN,$22.51,1440710503989,"1,693,194",71% bullish,of 7 ratings,$28
INFI,$9.12,1440710504203,"315,149",50% bullish,of 4 ratings,$18
IPCC,$77.36,1440710504283,"23,864",Not yet rated,NULL,$77.50
IFON,$1.23,1440710504381,"83,079",75% bullish,of 4 ratings,N/A
III,$3.96,1440710504425,"105,250",57% bullish,of 7 ratings,$6
INWK,$7.06,1440710504561,"92,036",50% bullish,of 2 ratings,$10
IMKTA,$50.87,1440710504587,"61,421",100% bearish,of 1 rating,N/A
INOD,$2.33,1440710504715,"41,620",100% bearish,of 1 rating,N/A
INNL,$11.67,1440710504743,6,100% bearish,of 1 rating,$16.50
ISSC,$2.88,1440710504770,"1,460",67% bearish,of 3 ratings,N/A
INGN,$47.41,1440710504798,"102,059",100% bearish,of 1 rating,$50.50
IPHS,$48.15,1440710504827,"96,948",100% bearish,of 1 rating,$60
IOSP,$47.69,1440710504848,"229,582",100% bearish,of 1 rating,N/A
INOV,$21.06,1440710505031,"662,294",100% bearish,of 1 rating,$33
NSIT,$25.53,1440710505114,"109,396",50% bullish,of 2 ratings,N/A
ITEK,$12.2175,1440710505143,"395,078",100% bearish,of 3 ratings,$20
INO,$7.25,1440710505248,"1,068,674",89% bullish,of 18 ratings,$20
INSY,$33.25,1440710505457,"393,564",75% bullish,of 4 ratings,$48
IART,$60.54,1440710505510,"180,879",100% bearish,of 1 rating,$71.50
INSM,$25.13,1440710505542,"277,013",71% bullish,of 7 ratings,$31.50
ISIG,$2.7,1440710505563,"265,876",100% bearish,of 1 rating,N/A
NTEC,$5.68,1440710505595,"3,801",100% bearish,of 1 rating,N/A
PODD,$29.35,1440710505620,"196,780",67% bearish,of 3 ratings,$35
IIIN,$17.05,1440710505654,"37,038",100% bearish,of 2 ratings,N/A
IDTI,$19.4,1440710505758,"4,006,721",60% bullish,of 5 ratings,$25
IESC,$6.93,1440710505917,"19,681",100% bearish,of 1 rating,N/A
INTC,$27.72,1440710505943,"23,881,763",82% bullish,of 238 ratings,$36
ISSI,$21.88,1440710505964,"132,490",67% bullish,of 3 ratings,$19.75
IQNT,$18.79,1440710505992,"188,548",86% bullish,of 7 ratings,$20
IPCI,$2.17,1440710506147,"88,505",67% bullish,of 6 ratings,$8
ICPT,$191.08,1440710506333,"123,607",70% bullish,of 10 ratings,$359.50
IBKR,$39.81,1440710506372,"636,223",100% bullish,of 1 rating,N/A
ININ,$35.39,1440710506394,"115,514",67% bearish,of 3 ratings,$57
ICLDW,NULL,1440710506428,0,100% bearish,of 1 rating,N/A
IDCC,$49.51,1440710506464,"285,981",80% bullish,of 5 ratings,$63
IPAR,$25.4,1440710506493,"84,127",67% bullish,of 3 ratings,$38
ICLD,$1.82,1440710506521,"171,805",75% bullish,of 4 ratings,N/A
TILE,$23.93,1440710506689,"593,654",100% bearish,of 3 ratings,$27
IMI,$2.1,1440710506729,"87,007",67% bullish,of 3 ratings,$2.22
IBOC,$25.06,1440710506868,"136,498",100% bearish,of 1 rating,N/A
INAP,$7.83,1440710506915,"180,248",75% bullish,of 4 ratings,$11
IGLD,$6.94,1440710507047,"3,400",50% bullish,of 2 ratings,N/A
ISCA,$31.49,1440710507096,"90,883",100% bearish,of 1 rating,N/A
PTNT,$2.98,1440710507121,"1,600",Not yet rated,NULL,N/A
IIJI,$10.07,1440710507148,190,50% bullish,of 2 ratings,$11.50
XENT,$25.44,1440710507181,"130,184",50% bullish,of 2 ratings,$36.50
INPH,$0.28,1440710507277,"63,259",50% bullish,of 2 ratings,N/A
INTX,$1.91,1440710507304,"51,642",67% bullish,of 3 ratings,N/A
IILG,$19.78,1440710507452,"151,802",100% bearish,of 1 rating,$29
ISIL,$10.59,1440710507496,"927,307",50% bullish,of 6 ratings,$15
INTLL,NULL,1440710507552,0,Not yet rated,NULL,N/A
IVAC,$4.7,1440710507579,"57,631",100% bearish,of 1 rating,$6.625
INTL,$25.83,1440710507610,"56,452",67% bearish,of 3 ratings,N/A
ITCI,$25.96,1440710507712,"287,406",75% bearish,of 4 ratings,$40
IIN,$6.07,1440710507841,"1,900",100% bearish,of 1 rating,$12
INTU,$86.6,1440710507971,"2,159,608",86% bullish,of 7 ratings,$107.50
INVT,$0.2705,1440710508113,"13,897",67% bullish,of 3 ratings,N/A
ITIC,NULL,1440710508142,0,100% bearish,of 2 ratings,N/A
ISRG,$515.57,1440710508172,"141,180",67% bullish,of 3 ratings,$600
NVIV,$9.33,1440710508193,"195,091",50% bullish,of 4 ratings,$24.50
SNAK,$8.4,1440710508215,"98,855",50% bullish,of 2 ratings,$14
ISTR,$15.62,1440710508251,"5,117",100% bearish,of 1 rating,$18.50
ISBC,$11.75,1440710508354,"2,190,927",100% bullish,of 1 rating,$13.25
IVTY,$14.1,1440710508523,"22,246",Not yet rated,NULL,$18
IPAS,$1.08,1440710508554,"75,065",67% bullish,of 3 ratings,N/A
DTUL,NULL,1440710508575,0,Not yet rated,NULL,N/A
IPGP,$85.81,1440710508709,"547,376",100% bearish,of 2 ratings,$109.50
DFVL,NULL,1440710508845,0,Not yet rated,NULL,N/A
IPCM,$79.14,1440710508905,"181,722",50% bullish,of 2 ratings,$80.125
IRDM,$7.11,1440710508985,"564,352",60% bullish,of 5 ratings,$11.50
IRIX,$6.72,1440710509038,"8,550",100% bearish,of 1 rating,N/A
IRWD,$11.05,1440710509064,"880,343",100% bearish,of 1 rating,$13
IRBT,$28.48,1440710509085,"197,483",67% bullish,of 6 ratings,$37
FCHI,NULL,1440710509272,0,NULL,NULL,NULL
IRDMB,$279.2,1440710509306,554,67% bearish,of 3 ratings,N/A
IRMD,$25.34,1440710509333,"9,500",67% bearish,of 3 ratings,$25
IFAS,NULL,1440710509357,0,NULL,NULL,NULL
IRCP,NULL,1440710509401,0,100% bullish,of 2 ratings,N/A
COMT,$32.83,1440710509507,"31,987",100% bearish,of 1 rating,N/A
IFEU,$38.24,1440710509532,"7,404",Not yet rated,NULL,N/A
GNMA,$50.25,1440710509562,"4,341",Not yet rated,NULL,N/A
IFNA,NULL,1440710509765,0,NULL,NULL,NULL
IFGL,$28.87,1440710509871,"250,674",Not yet rated,NULL,N/A
ACWI,$56.51,1440710509903,"2,119,332",Not yet rated,NULL,N/A
AXJS,NULL,1440710510004,0,NULL,NULL,NULL
ACWX,$41.17,1440710510024,"1,184,998",100% bearish,of 1 rating,N/A
AAIT,NULL,1440710510104,0,NULL,NULL,NULL
EEME,NULL,1440710510151,0,NULL,NULL,NULL
AAXJ,$54.27,1440710510213,"1,102,232",Not yet rated,NULL,N/A
EMEY,NULL,1440710510258,0,NULL,NULL,NULL
EMDI,NULL,1440710510300,0,NULL,NULL,NULL
EEMA,$51.06,1440710510331,"38,856",Not yet rated,NULL,N/A
EGRW,NULL,1440710510431,0,NULL,NULL,NULL
EEML,$27.92,1440710510460,"9,006",Not yet rated,NULL,N/A
EVAL,NULL,1440710510560,0,NULL,NULL,NULL
IEUS,$45.47,1440710510697,"4,169",100% bearish,of 1 rating,N/A
EUFN,$22.05,1440710510723,"60,371",100% bearish,of 1 rating,N/A
UAE,$18.3,1440710510852,"17,620",Not yet rated,NULL,N/A
QAT,$21.6,1440710510881,"13,695",Not yet rated,NULL,N/A
IBB,$351,1440710510981,"1,456,939",63% bullish,of 8 ratings,N/A
EMIF,$29.12,1440710511052,"4,166",Not yet rated,NULL,N/A
WOOD,$48.13,1440710511076,"9,339",50% bullish,of 2 ratings,N/A
ICLN,$9.66,1440710511139,"22,300",50% bullish,of 2 ratings,N/A
ISHG,$79.6,1440710511265,"16,680",100% bearish,of 1 rating,N/A
INDY,$27.98,1440710511295,"291,675",50% bullish,of 2 ratings,N/A
SOXX,$82.77,1440710511320,"692,426",50% bullish,of 2 ratings,N/A
ISIS,$51.56,1440710511362,"1,139,313",53% bullish,of 15 ratings,$67
IGOV,$90.865,1440710511387,"16,724",100% bearish,of 1 rating,N/A
ISLE,$16.87,1440710511522,"251,165",50% bullish,of 4 ratings,$16
ISRL,$124.63,1440710511547,278,100% bearish,of 1 rating,N/A
ITRI,$29.64,1440710512021,"331,850",Not yet rated,NULL,$37
IXYS,$10.83,1440710512050,"90,102",50% bullish,of 4 ratings,N/A
XXIA,$15.04,1440710512077,"321,422",71% bullish,of 7 ratings,$14.625
ITRN,$24.18,1440710512106,"16,603",50% bullish,of 2 ratings,N/A
JBHT,$73.51,1440710512212,"722,869",50% bullish,of 4 ratings,$89.50
JJSF,$114.43,1440710512278,"34,374",100% bearish,of 1 rating,N/A
JCOM,$69.21,1440710512529,"171,558",100% bullish,of 2 ratings,$77
ITUS,$4.08,1440710512560,"9,184",Not yet rated,NULL,N/A
JASO,$7.97,1440710512591,"846,098",82% bullish,of 17 ratings,$10
JXSB,NULL,1440710512618,0,Not yet rated,NULL,N/A
MAYS,NULL,1440710512653,0,Not yet rated,NULL,N/A
JACK,$81.49,1440710512675,"314,259",83% bullish,of 6 ratings,$105
JAXB,NULL,1440710512707,0,100% bullish,of 1 rating,N/A
JKHY,$67.82,1440710512738,"410,762",50% bullish,of 2 ratings,$72
JAKK,$9.3,1440710513052,"681,808",60% bearish,of 5 ratings,$11
JAGX,$4.15,1440710513150,"15,594",Not yet rated,NULL,N/A
ERW,NULL,1440710513181,0,Not yet rated,NULL,N/A
JASNW,NULL,1440710513247,0,50% bullish,of 2 ratings,N/A
JASN,$4.8861,1440710513278,"9,904",50% bullish,of 2 ratings,$9.50
JRVR,$26.6,1440710513308,"51,493",Not yet rated,NULL,$32
JMBA,$13.61,1440710513339,"84,180",75% bullish,of 4 ratings,$18
JD,$27.2,1440710513564,"6,170,230",75% bullish,of 16 ratings,$36
JBLU,$22.38,1440710513599,"6,142,519",94% bullish,of 18 ratings,$27
JAZZ,$170.77,1440710513629,"244,261",80% bullish,of 15 ratings,$206.50
JTPY,$2.89,1440710513694,"1,564",100% bearish,of 1 rating,N/A
DATE,$5.9,1440710513724,"111,515",75% bullish,of 4 ratings,$9
JCTCF,$9.5,1440710513787,"2,400",100% bullish,of 1 rating,N/A
JIVE,$4.32,1440710513820,"351,907",75% bullish,of 4 ratings,$5
JST,$3.85,1440710513852,"38,232",75% bullish,of 4 ratings,N/A
WYIGU,$10,1440710514103,"3,300",Not yet rated,NULL,N/A
JOEZ,$0.169,1440710514302,"106,474",92% bullish,of 12 ratings,N/A
JBSS,$53.28,1440710514330,"36,732",67% bearish,of 3 ratings,N/A
KTWO,$21.5,1440710514352,"67,815",100% bearish,of 1 rating,$28.50
JUNO,$37.33,1440710514373,"821,092",73% bullish,of 11 ratings,$71.50
JOUT,$22.59,1440710514397,"10,868",100% bearish,of 1 rating,$34
JNP,$11,1440710514430,"68,801",100% bullish,of 3 ratings,$15
KBIO,$1.97,1440710514558,"27,678",50% bullish,of 4 ratings,N/A
KALU,$82.15,1440710514650,"151,378",67% bearish,of 3 ratings,$91
KNDI,$6.62,1440710514743,"375,785",86% bullish,of 22 ratings,N/A
KCLI,$45.6,1440710514785,"22,217",Not yet rated,NULL,N/A
