Symbol,Price,Date,Volume,Rating,RatingVoteCount,OneYearEstimate
TFSC,NULL,1440170102251,0,100% bearish,of 1 rating,N/A
PIH,$7.1161,1440170102307,"10,600",100% bearish,of 1 rating,N/A
TFSCR,NULL,1440170102337,0,Not yet rated,NULL,N/A
FCTY,NULL,1440170102365,0,100% bullish,of 1 rating,$8.50
FCCY,NULL,1440170102390,0,100% bullish,of 1 rating,$13
FLWS,$9.43,1440170102444,"58,117",100% bullish,of 5 ratings,$15
SRCE,$29.73,1440170102601,"23,741",100% bullish,of 3 ratings,$33
TFSCU,NULL,1440170102655,0,Not yet rated,NULL,N/A
VNET,$19.74,1440170102688,"136,404",60% bullish,of 5 ratings,$29.50
TFSCW,NULL,1440170102732,0,100% bearish,of 1 rating,N/A
DGLD,$77.2834,1440170102763,"6,344",100% bullish,of 1 rating,N/A
TWOU,$33.945,1440170102796,"247,855",50% bullish,of 2 ratings,$39
USLV,$14.66,1440170102866,"113,720",86% bullish,of 7 ratings,N/A
DSLV,$61.12,1440170103080,"2,748",100% bearish,of 1 rating,N/A
UGLD,$9.8836,1440170103106,"148,733",100% bearish,of 1 rating,N/A
JOBS,$25.69,1440170103143,"67,328",50% bullish,of 4 ratings,$36
SIXD,$1.5,1440170103304,"170,351",Not yet rated,NULL,N/A
EGHT,$8.09,1440170103354,"151,394",82% bullish,of 17 ratings,$11
CAFD,$15.17,1440170103398,"166,857",Not yet rated,NULL,$25
AVHI,$13.97,1440170103436,"21,723",100% bearish,of 1 rating,$19
AAON,$21.7496,1440170103531,"71,411",100% bearish,of 1 rating,$24
SHLM,$34.0801,1440170103632,"33,408",100% bearish,of 1 rating,$50
ABY,$19.785,1440170103737,"313,699",100% bearish,of 2 ratings,$46
ABMD,$95.2912,1440170103768,"397,362",75% bullish,of 4 ratings,$100.50
ABEO,$4.7126,1440170103825,"82,044",67% bullish,of 3 ratings,$15.50
ABEOW,$1.6901,1440170103902,947,100% bullish,of 1 rating,N/A
ABAX,$46.992,1440170103955,"45,169",100% bearish,of 1 rating,$60
ABGB,$4.01,1440170104059,"11,157",67% bullish,of 3 ratings,$5.50
AXAS,$1.5925,1440170104084,"229,685",78% bullish,of 9 ratings,$3.50
ACTG,$8.74,1440170104277,"98,871",67% bullish,of 3 ratings,$18.50
ACHC,$73.92,1440170104313,"276,992",50% bullish,of 2 ratings,$92
ANCX,$18.65,1440170104444,"15,661",Not yet rated,NULL,$19
ACST,$0.3589,1440170104470,"24,202",100% bullish,of 2 ratings,N/A
XLRN,$27.565,1440170104602,"56,021",50% bullish,of 2 ratings,$57
AXDX,$17.98,1440170104629,"58,826",100% bearish,of 1 rating,N/A
ACAD,$34.86,1440170104696,"451,405",80% bullish,of 20 ratings,$48
VXDN,$12,1440170104723,"7,050",Not yet rated,NULL,N/A
VXUP,$19.64,1440170104758,"20,334",Not yet rated,NULL,N/A
ARAY,$6.3699,1440170104900,"1,518,469",100% bearish,of 1 rating,$10.50
ACRX,$3.96,1440170104930,"211,762",67% bearish,of 6 ratings,$5.50
AKAO,$6.9325,1440170105106,"30,839",75% bullish,of 4 ratings,$15
ACIW,$22.02,1440170105240,"238,355",50% bullish,of 2 ratings,$24
ACHN,$7.7,1440170105294,"682,573",90% bullish,of 21 ratings,$16
ACET,$23.9,1440170105322,"65,921",75% bullish,of 4 ratings,$30
ACOR,$29.525,1440170105463,"183,896",67% bearish,of 3 ratings,$38.50
ACPW,$1.8632,1440170105635,"29,394",100% bullish,of 4 ratings,$3.50
ACNB,$20.17,1440170105663,500,Not yet rated,NULL,N/A
ACTS,$1.35,1440170105710,"14,755",100% bearish,of 1 rating,N/A
ACTA,$13.47,1440170105739,"63,682",67% bearish,of 3 ratings,$25
ACUR,$0.6152,1440170105809,"12,564",100% bullish,of 5 ratings,$1
ATVI,$27.29,1440170105870,"1,733,326",68% bullish,of 84 ratings,$31.50
ADMP,$3.4,1440170105901,"9,011",50% bullish,of 2 ratings,$10
ACXM,$20.28,1440170106037,"129,494",67% bullish,of 3 ratings,N/A
ADMS,$19.165,1440170106075,"26,411",100% bearish,of 2 ratings,$36
ADUS,$29.56,1440170106107,"12,340",100% bearish,of 1 rating,$31
ADAP,$13.26,1440170106234,"32,482",67% bullish,of 3 ratings,$22
AEY,$2.3,1440170106291,"10,804",100% bearish,of 2 ratings,N/A
ADEP,$6.74,1440170106341,"15,786",50% bullish,of 2 ratings,$10.75
ADBE,$79.98,1440170106603,"1,271,343",65% bullish,of 17 ratings,$90
ADTN,$15.37,1440170106670,"108,886",67% bullish,of 3 ratings,$17.125
ADXS,$14.05,1440170106698,"366,783",64% bullish,of 14 ratings,$27
MULT,NULL,1440170106729,0,100% bearish,of 1 rating,N/A
ADMA,$9.2,1440170106755,434,Not yet rated,NULL,$19
AEIS,$25.12,1440170106828,"78,056",50% bullish,of 2 ratings,$32.50
ADXSW,$9.7499,1440170106888,"1,815",100% bullish,of 1 rating,N/A
ADRO,$18.12,1440170106916,"111,320",80% bullish,of 5 ratings,$45.50
AMD,$1.7,1440170106973,"2,385,761",83% bullish,of 103 ratings,$2
YPRO,$23.29,1440170107106,100,100% bearish,of 1 rating,N/A
AEGR,$18.14,1440170107131,"118,016",50% bullish,of 6 ratings,$26
AEGN,$18,1440170107299,"66,486",100% bearish,of 1 rating,$21
AEHR,NULL,1440170107328,0,50% bullish,of 2 ratings,N/A
AMTX,$3.311,1440170107465,232,50% bullish,of 2 ratings,$26.11
AEPI,$56.479,1440170107490,"8,703",100% bearish,of 1 rating,N/A
AEMD,$6.47,1440170107660,"51,464",Not yet rated,NULL,$27.50
AEZS,$0.105,1440170107709,"1,551,008",90% bullish,of 21 ratings,$1.50
AVAV,$24.1201,1440170107735,"59,022",50% bullish,of 4 ratings,$31
AGYS,$9.56,1440170107882,"10,374",100% bearish,of 1 rating,N/A
AERI,$15.42,1440170107915,"149,910",75% bullish,of 4 ratings,$31.50
AGEN,$6.76,1440170107937,"465,217",85% bullish,of 13 ratings,$14
AFMD,$9.485,1440170107975,"90,630",50% bullish,of 4 ratings,$15
AFFX,$9.41,1440170108022,"185,674",80% bullish,of 5 ratings,$12
AGRX,$8.21,1440170108071,"20,068",100% bearish,of 1 rating,$17.50
AGIO,$84.66,1440170108205,"133,237",88% bullish,of 8 ratings,$114
AGFSW,$1.74,1440170108295,"11,097",100% bearish,of 2 ratings,N/A
AGFS,$9.75,1440170108450,"16,729",100% bearish,of 1 rating,N/A
AIMT,$21.18,1440170108524,"69,471",Not yet rated,NULL,N/A
AIRM,$36.5901,1440170108579,"83,752",80% bearish,of 5 ratings,$53
ATSG,$9.01,1440170108613,"78,063",67% bullish,of 3 ratings,$13
AMCN,$4.66,1440170108680,"155,846",83% bullish,of 6 ratings,N/A
AIXG,$6.02,1440170108741,"26,682",67% bearish,of 3 ratings,$5.25
AKAM,$68.84,1440170108785,"504,948",63% bullish,of 8 ratings,$77
AKER,$2.53,1440170108842,"81,394",Not yet rated,NULL,N/A
AKBA,$6.3,1440170108881,"81,450",100% bearish,of 1 rating,$18
AIRT,$22.46,1440170108946,50,100% bullish,of 1 rating,N/A
AKRX,$39.55,1440170109051,"271,765",78% bullish,of 9 ratings,$56
AMRI,$19.67,1440170109254,"66,465",75% bearish,of 4 ratings,$24
ALSK,$2.13,1440170109311,"27,727",78% bullish,of 18 ratings,$2
ABDC,$12.69,1440170109339,"8,506",Not yet rated,NULL,$15
ALRM,$16.36,1440170109361,"62,221",100% bearish,of 1 rating,$22
ALDX,$7.45,1440170109498,502,100% bearish,of 1 rating,$14.50
ADHD,$8.21,1440170109528,"80,936",50% bullish,of 4 ratings,$18
ALXN,$177.45,1440170109590,"468,131",88% bullish,of 8 ratings,$223
ALDR,$36.3688,1440170109625,"143,188",67% bearish,of 3 ratings,$62
ALIM,$3.075,1440170109723,"71,564",80% bullish,of 5 ratings,$10
ALXA,$1.14,1440170109753,"1,600",83% bullish,of 6 ratings,$2.125
ALGN,$57.64,1440170109786,"77,252",100% bearish,of 2 ratings,$73
ALKS,$60.7,1440170109884,"157,952",67% bullish,of 3 ratings,$75
ALCO,$42,1440170109911,"14,611",50% bullish,of 2 ratings,N/A
ALGT,$212.9701,1440170110046,"48,939",100% bearish,of 1 rating,$235
ALLB,$23.27,1440170110094,104,Not yet rated,NULL,N/A
AFOP,$17.37,1440170110183,"64,180",75% bullish,of 8 ratings,$21
AIQ,$14.76,1440170110289,"7,306",67% bullish,of 3 ratings,N/A
AHGP,$36.553,1440170110395,"5,048",67% bullish,of 3 ratings,N/A
MDRX,$13.52,1440170110541,"203,017",60% bullish,of 5 ratings,$16
ARLP,$24.55,1440170110574,"21,368",67% bearish,of 3 ratings,$32
ALQA,$4.39,1440170110600,"13,935",75% bullish,of 4 ratings,$8.50
AHPI,NULL,1440170110644,0,50% bullish,of 2 ratings,N/A
ALLT,$5.03,1440170110674,"11,949",75% bullish,of 4 ratings,$6.25
AMOT,$16.4,1440170110734,"40,072",100% bearish,of 1 rating,N/A
ALNY,$99.67,1440170110773,"154,542",67% bullish,of 3 ratings,$148.50
AOSL,$7.28,1440170110869,"34,606",67% bullish,of 3 ratings,$9
AFAM,$45.58,1440170111005,"30,494",50% bullish,of 2 ratings,$44
ATEC,$0.58,1440170111162,"12,484",100% bullish,of 1 rating,$2
SMCP,$22.57,1440170111221,"1,000",Not yet rated,NULL,N/A
ASPS,$29.06,1440170111254,"63,335",67% bullish,of 3 ratings,$46.50
AMAG,$61.01,1440170111355,"142,229",100% bullish,of 2 ratings,$77.50
AMRN,$2.005,1440170111384,"359,439",85% bullish,of 39 ratings,$8
ALTR,$48.49,1440170111410,"618,884",80% bearish,of 5 ratings,$54
AIMC,$25.205,1440170111484,"38,849",100% bearish,of 1 rating,$28.50
AMRK,$10.5,1440170111589,"1,220",50% bullish,of 2 ratings,$14
AMZN,$507.21,1440170111654,"1,407,497",81% bullish,of 263 ratings,$646
AYA,$21.11,1440170111691,"10,754",100% bearish,of 1 rating,$40
AMBA,$87.015,1440170111786,"2,400,631",83% bullish,of 12 ratings,$102.50
AMBC,$15.71,1440170111812,"81,694",100% bearish,of 1 rating,$16.50
AMBCW,$7.255,1440170111843,176,100% bearish,of 1 rating,N/A
EPAX,$2.71,1440170111865,"68,947",100% bearish,of 1 rating,N/A
AMCX,$67.8,1440170112110,"184,310",67% bullish,of 3 ratings,$85.50
AMED,$40.45,1440170112272,"85,461",100% bearish,of 1 rating,$42
UHAL,$367.5689,1440170112302,"2,475",100% bullish,of 2 ratings,$393.50
DOX,$58.21,1440170112332,"28,897",50% bullish,of 2 ratings,$60
AMDA,$0.45,1440170112409,"590,010",90% bullish,of 10 ratings,$1
ASBI,$22.57,1440170112434,100,Not yet rated,NULL,N/A
AGNCB,$24.3,1440170112481,"10,700",Not yet rated,NULL,N/A
AAL,$40.37,1440170112614,"3,124,212",93% bullish,of 87 ratings,$57
AGNC,$19.8331,1440170112644,"1,214,959",75% bullish,of 28 ratings,$22
ATAX,$5.29,1440170112674,"59,682",100% bullish,of 1 rating,$6.50
AGNCP,$25.3622,1440170112701,552,Not yet rated,NULL,N/A
AMOV,$17.79,1440170112772,"1,310",100% bearish,of 1 rating,N/A
ACSF,$12.39,1440170112854,"8,519",100% bearish,of 1 rating,$15
MTGEP,NULL,1440170112989,0,Not yet rated,NULL,N/A
MTGE,$15.6933,1440170113057,"146,828",75% bullish,of 4 ratings,$19.50
ACAS,$13.85,1440170113130,"225,262",60% bullish,of 5 ratings,$16.75
AMIC,NULL,1440170113311,0,Not yet rated,NULL,N/A
APEI,$21.54,1440170113336,"37,715",100% bearish,of 1 rating,$25.50
AETI,NULL,1440170113362,0,67% bearish,of 3 ratings,N/A
ANCI,$1.4199,1440170113564,"5,468",100% bearish,of 1 rating,N/A
ANAT,$101.605,1440170113633,"3,024",100% bullish,of 1 rating,N/A
ASEI,$39.14,1440170113665,"8,275",100% bearish,of 1 rating,$52.50
AMNB,$22.9445,1440170113704,"7,340",Not yet rated,NULL,$25.50
ARII,$38.06,1440170113726,"57,441",67% bearish,of 3 ratings,$45
AMRB,$10.004,1440170113751,203,Not yet rated,NULL,$11
AMSWA,$9.07,1440170113788,"31,609",100% bearish,of 2 ratings,$10.75
AMSC,$3.5864,1440170113817,"8,464",50% bullish,of 4 ratings,N/A
CRMT,$37.76,1440170114129,"50,422",100% bearish,of 1 rating,$49
AMWD,$65.79,1440170114179,"86,521",50% bullish,of 2 ratings,$58
AMSF,$49.63,1440170114214,"32,565",Not yet rated,NULL,$57.50
ASRVP,NULL,1440170114283,0,Not yet rated,NULL,N/A
AMGN,$158.235,1440170114308,"1,352,909",89% bullish,of 19 ratings,$185
ABCB,$27.48,1440170114334,"51,442",Not yet rated,NULL,$31
ATLO,$23.32,1440170114361,"12,138",Not yet rated,NULL,N/A
ASRV,$3.23,1440170114497,202,100% bullish,of 2 ratings,N/A
FOLD,$13.9509,1440170114573,"1,032,180",56% bullish,of 9 ratings,$21
ASYS,$5.213,1440170114675,"15,353",67% bullish,of 3 ratings,$12
AMKR,$4.32,1440170114709,"516,663",100% bearish,of 2 ratings,$5
AMPH,$13.67,1440170114809,"71,683",50% bullish,of 2 ratings,$20
AMSG,$80.9891,1440170114836,"101,029",100% bearish,of 1 rating,$85.50
AFSI,$59.79,1440170114868,"243,570",60% bullish,of 5 ratings,$72
AMSGP,NULL,1440170114896,0,Not yet rated,NULL,N/A
AMRS,$1.62,1440170115195,"38,049",70% bullish,of 10 ratings,N/A
ANAD,$0.3607,1440170115241,"40,881",100% bullish,of 2 ratings,$.50
ANAC,$126.76,1440170115371,"224,969",80% bullish,of 5 ratings,$180.50
ADI,$54.39,1440170115396,"1,247,160",67% bullish,of 3 ratings,$69
ALOG,$83,1440170115422,"27,511",100% bearish,of 2 ratings,$100.50
ANCB,NULL,1440170115459,0,Not yet rated,NULL,$23
ABCW,$39.9,1440170115605,"5,134",67% bullish,of 3 ratings,N/A
ANGO,$14.7,1440170115634,"43,009",67% bullish,of 3 ratings,$19
ANGI,$4.5,1440170115660,"192,186",64% bullish,of 11 ratings,$5.50
ANIP,$48.28,1440170115690,"87,193",89% bullish,of 19 ratings,$66
ATRS,$1.755,1440170115764,"325,061",92% bullish,of 12 ratings,$4.50
ANSS,$92.37,1440170115898,"107,191",100% bearish,of 1 rating,$100
ABAC,$0.72,1440170116034,"11,632",100% bearish,of 1 rating,N/A
ANTH,$6.665,1440170116063,"751,798",80% bullish,of 10 ratings,$13
AMCF,$0.27,1440170116090,"6,114",100% bullish,of 7 ratings,N/A
ANIK,$34.42,1440170116169,"38,591",60% bullish,of 5 ratings,$51.25
APIC,$6.56,1440170116325,"51,894",100% bearish,of 1 rating,$19
APOG,$51.74,1440170116362,"80,127",100% bullish,of 1 rating,$67
APOL,$11.0075,1440170116455,"256,641",87% bearish,of 68 ratings,$14
APPF,$16.96,1440170116484,"22,335",50% bullish,of 2 ratings,$22
ATNY,$2.37,1440170116512,753,50% bullish,of 2 ratings,$3.75
AINV,$6.495,1440170116544,"381,601",50% bullish,of 4 ratings,$8
AAPL,$108.305,1440170116618,"27,049,345",86% bullish,of 2336 ratings,$150
APDNW,$1.25,1440170116722,"1,500",Not yet rated,NULL,N/A
ARCI,$1.22,1440170116873,4,Not yet rated,NULL,N/A
APDN,$3.2201,1440170116906,"12,044",Not yet rated,NULL,$9
AGTC,$15,1440170116932,"27,122",50% bullish,of 2 ratings,$33
AMAT,$15.75,1440170117069,"3,866,060",82% bullish,of 11 ratings,$23
AREX,$2.11,1440170117162,"201,982",100% bearish,of 1 rating,$3
AAOI,$19.705,1440170117196,"119,349",50% bullish,of 4 ratings,$26
AMCC,$5.15,1440170117237,"419,150",80% bullish,of 5 ratings,$8
AQMS,$4.87,1440170117386,"2,280",Not yet rated,NULL,N/A
AUMA,NULL,1440170117446,0,Not yet rated,NULL,N/A
APTO,$4.87,1440170117480,163,Not yet rated,NULL,$17
AQXP,$17.6742,1440170117549,"269,834",50% bullish,of 2 ratings,$2
APRI,$1.3,1440170117607,"81,318",83% bullish,of 6 ratings,$4.86
AUMAW,NULL,1440170117685,0,Not yet rated,NULL,N/A
AUMAU,$10,1440170117713,100,Not yet rated,NULL,N/A
PETX,$16.53,1440170117884,"126,774",100% bearish,of 2 ratings,$26
ARDM,$7.0156,1440170117915,"3,408",100% bullish,of 1 rating,$26
ABUS,$6.9301,1440170118015,"201,347",86% bullish,of 14 ratings,$23
ARCW,$3.3175,1440170118073,"8,542",100% bearish,of 2 ratings,$10.50
ARCB,$30.02,1440170118234,"73,869",50% bullish,of 2 ratings,$39.50
RKDA,$5.11,1440170118260,"8,799",100% bearish,of 2 ratings,$10
ABIO,$0.89,1440170118307,"31,230",50% bullish,of 2 ratings,$3.75
ACAT,$26.6,1440170118451,"145,837",100% bearish,of 3 ratings,$33
ACGL,$70.93,1440170118485,"40,910",50% bullish,of 2 ratings,$72
ARNA,$2.845,1440170118542,"1,337,266",90% bullish,of 77 ratings,$5.50
ARCC,$15.54,1440170118578,"494,345",67% bearish,of 3 ratings,$17.875
ARDX,$17.015,1440170118604,"50,361",50% bullish,of 2 ratings,$24.50
AGII,$57.615,1440170118674,"46,032",Not yet rated,NULL,$59.50
AGIIL,$25.46,1440170118817,"1,414",Not yet rated,NULL,N/A
ARIS,$3.385,1440170118916,"2,000",Not yet rated,NULL,$4.50
ARGS,$5.6999,1440170118943,"20,573",50% bullish,of 2 ratings,$19.50
ARKR,$24.702,1440170119085,203,50% bullish,of 2 ratings,N/A
ARIA,$6.6,1440170119182,"1,186,867",87% bullish,of 46 ratings,$9
ARWA,NULL,1440170119271,0,Not yet rated,NULL,N/A
ARTX,$1.48,1440170119313,"35,702",88% bullish,of 16 ratings,$4.50
ARWAU,NULL,1440170119339,0,100% bullish,of 1 rating,N/A
ARMH,$40.69,1440170119361,"422,010",54% bearish,of 13 ratings,$61
ARWAR,NULL,1440170119501,0,Not yet rated,NULL,N/A
ARQL,$1.6,1440170119531,"129,081",75% bullish,of 4 ratings,$5
ARWAW,NULL,1440170119560,0,Not yet rated,NULL,N/A
ARRS,$26.48,1440170119701,"229,637",50% bullish,of 2 ratings,$38
DWAT,$10.22,1440170119802,9,100% bearish,of 1 rating,N/A
ARRY,$5.21,1440170119847,"473,700",100% bullish,of 7 ratings,$10
AROW,$26.852,1440170119934,"14,250",Not yet rated,NULL,N/A
ARWR,$5.465,1440170119962,"396,180",75% bullish,of 4 ratings,$10.50
ARTNA,$22.6999,1440170120114,"13,647",100% bearish,of 1 rating,$29
ARTW,$4.43,1440170120283,"2,404",75% bearish,of 4 ratings,N/A
ASND,$17.78,1440170120335,"7,573",100% bullish,of 1 rating,$30
ASTI,$0.12,1440170120390,"601,227",83% bullish,of 6 ratings,$3
ASBB,$24.65,1440170120419,200,Not yet rated,NULL,N/A
ASCMA,$27.83,1440170120467,"34,414",100% bearish,of 1 rating,$45
ASNA,$11.395,1440170120522,"845,515",50% bullish,of 2 ratings,$18
APWC,$1.94,1440170120661,300,100% bearish,of 1 rating,N/A
ASMI,NULL,1440170120725,0,NULL,NULL,NULL
AZPN,$38.29,1440170120793,"303,168",50% bullish,of 2 ratings,$42
ASML,$87.51,1440170120856,"328,696",67% bullish,of 3 ratings,$127
ASMB,$12.06,1440170120884,"41,465",67% bullish,of 3 ratings,N/A
ASFI,$8.96,1440170120905,"1,596",100% bullish,of 1 rating,N/A
ASTE,$36.54,1440170121057,"36,536",100% bearish,of 1 rating,$48
ALOT,$12.2,1440170121188,433,100% bearish,of 1 rating,N/A
ATRO,$52.33,1440170121276,"36,191",100% bearish,of 2 ratings,$80
ASTC,$2.17,1440170121310,"14,454",100% bullish,of 5 ratings,N/A
ASUR,$5.4699,1440170121339,"6,005",100% bearish,of 1 rating,$8
ATRA,$41.1505,1440170121365,"63,342",50% bullish,of 2 ratings,$68
ATAI,$2.79,1440170121393,"7,900",100% bearish,of 1 rating,N/A
ATHN,$133.1101,1440170121424,"29,011",67% bearish,of 3 ratings,$153
AFCB,$28.01,1440170121673,168,Not yet rated,NULL,N/A
AAPC,$10.21,1440170121774,197,Not yet rated,NULL,N/A
ATHX,$1.16,1440170121807,"105,200",89% bullish,of 9 ratings,$5
AAME,$3.53,1440170121878,100,Not yet rated,NULL,N/A
ACFC,$5.85,1440170121904,"69,707",Not yet rated,NULL,$6.50
ATNI,$73.32,1440170121955,"24,899",100% bearish,of 1 rating,$69.50
ATLC,NULL,1440170121980,0,67% bullish,of 3 ratings,N/A
AFH,$16.695,1440170122250,"18,084",Not yet rated,NULL,$21.50
AAWW,$41.59,1440170122276,"111,478",50% bullish,of 2 ratings,$65
ATOS,$0.83,1440170122456,"97,819",100% bullish,of 7 ratings,$7
ATML,$7.05,1440170122487,"729,374",78% bullish,of 9 ratings,$9.50
ATRC,$25.67,1440170122513,"51,693",100% bullish,of 1 rating,$30
ATTU,$13.61,1440170122539,"21,979",100% bearish,of 1 rating,$20.50
ATRI,$390.86,1440170122568,"2,078",Not yet rated,NULL,N/A
ATRM,$2.89,1440170122877,200,50% bullish,of 2 ratings,N/A
LIFE,$14.24,1440170122908,"13,961",86% bullish,of 7 ratings,$43
AUBN,$27.0001,1440170122944,502,Not yet rated,NULL,N/A
AUDC,$3.155,1440170122980,"26,882",80% bullish,of 5 ratings,$5
ADAT,$0.123,1440170123116,"4,190",100% bullish,of 2 ratings,N/A
EARS,$4.8,1440170123295,"3,452",100% bearish,of 2 ratings,$11.50
AUPH,$3.272,1440170123349,"6,661",100% bearish,of 1 rating,$8
ABTL,$17.63,1440170123451,"29,290",100% bullish,of 4 ratings,$20.25
ADP,$80.7992,1440170123492,"635,880",100% bearish,of 1 rating,$88
AVGO,$111.54,1440170123552,"1,268,646",88% bullish,of 8 ratings,$160
AAVL,$10.45,1440170123577,"94,117",100% bearish,of 1 rating,$20
ADSK,$52.41,1440170123637,"663,342",83% bullish,of 6 ratings,$69.50
AVNU,NULL,1440170123809,0,Not yet rated,NULL,$14
CAR,$41.425,1440170124002,"406,372",80% bullish,of 5 ratings,$60
AVGR,$14.5,1440170124063,"4,969",100% bearish,of 1 rating,$20
AVID,$7.73,1440170124092,"133,472",100% bearish,of 1 rating,$20
ACLS,$3.325,1440170124113,"256,917",67% bullish,of 6 ratings,$4.75
AVEO,$1.32,1440170124145,"665,600",75% bullish,of 8 ratings,$3
AWRE,$3.2,1440170124173,"1,048",67% bullish,of 3 ratings,N/A
AVNW,$1.15,1440170124194,"28,337",50% bullish,of 2 ratings,$2.20
AXPW,$1.131,1440170124399,"16,537",83% bullish,of 6 ratings,N/A
AXPWW,NULL,1440170124649,0,Not yet rated,NULL,N/A
BCOM,NULL,1440170124677,0,100% bearish,of 1 rating,N/A
RILY,$10,1440170124705,200,Not yet rated,NULL,N/A
AXGN,$3.96,1440170124734,"6,094",Not yet rated,NULL,$5
BOSC,$2.18,1440170124834,240,50% bullish,of 2 ratings,N/A
AXTI,$2.19,1440170124877,"4,200",50% bullish,of 2 ratings,$2.75
BEAV,$48.57,1440170124907,"185,625",67% bearish,of 3 ratings,$59
BIDU,$156.3601,1440170124929,"1,593,138",81% bullish,of 88 ratings,$210
BCPC,$57.61,1440170125178,"49,583",100% bearish,of 1 rating,$75
BWINB,$23.003,1440170125258,"16,994",Not yet rated,NULL,N/A
BWINA,NULL,1440170125287,0,Not yet rated,NULL,N/A
BLDP,$1.2301,1440170125313,"226,302",91% bullish,of 22 ratings,$2.50
BANF,$60.41,1440170125339,"10,934",Not yet rated,NULL,$68
BOCH,$5.81,1440170125515,"14,107",Not yet rated,NULL,$6.50
BKMU,$7.16,1440170125543,"66,625",Not yet rated,NULL,$8
BANFP,NULL,1440170125569,0,Not yet rated,NULL,N/A
OZRK,$40.58,1440170125759,"180,517",67% bullish,of 3 ratings,$49.50
BKSC,$15.58,1440170125828,137,Not yet rated,NULL,N/A
BOTJ,$11.45,1440170125855,100,Not yet rated,NULL,N/A
BMRC,$48.85,1440170125881,"10,154",Not yet rated,NULL,$52
BFIN,$12,1440170126016,"13,972",Not yet rated,NULL,$13
BANR,$44.965,1440170126101,"33,061",100% bullish,of 3 ratings,$50
BWFG,$18.08,1440170126146,205,100% bearish,of 1 rating,N/A
BZUN,$5.5542,1440170126174,"149,978",50% bullish,of 2 ratings,$12.60
TAPR,$29.73,1440170126329,"4,250",100% bearish,of 1 rating,N/A
BHACR,NULL,1440170126458,0,Not yet rated,NULL,N/A
BHAC,NULL,1440170126517,0,Not yet rated,NULL,N/A
BHACU,NULL,1440170126542,0,Not yet rated,NULL,N/A
BHACW,NULL,1440170126593,0,Not yet rated,NULL,N/A
BBSI,$34.14,1440170126625,"29,340",67% bearish,of 3 ratings,$62.50
BSET,$28.822,1440170126723,"11,913",100% bearish,of 1 rating,$35
BYBK,$5.09,1440170126786,878,100% bearish,of 1 rating,N/A
BYLK,$12.95,1440170126973,300,Not yet rated,NULL,$14
BCBP,$11.56,1440170127079,"2,123",Not yet rated,NULL,N/A
BBCN,$14.78,1440170127105,"127,195",100% bearish,of 1 rating,$16
BV,$5.12,1440170127131,"110,639",67% bullish,of 6 ratings,$9
BDCV,$5.01,1440170127157,"2,503",100% bearish,of 1 rating,$10.19
BSF,$8.655,1440170127391,"9,209",Not yet rated,NULL,N/A
BBGI,NULL,1440170127418,0,100% bearish,of 1 rating,N/A
BECN,$35.5,1440170127466,"115,278",50% bullish,of 2 ratings,$40
BEBE,$1.785,1440170127498,"33,795",75% bullish,of 4 ratings,$3.075
BELFA,NULL,1440170127593,0,100% bearish,of 1 rating,N/A
BLPH,$5.1,1440170127627,"11,607",100% bearish,of 1 rating,$12.50
BBBY,$62.19,1440170127656,"587,352",71% bullish,of 7 ratings,$75
BELFB,$18.45,1440170127682,"14,552",100% bearish,of 1 rating,N/A
BNCL,$12.7,1440170128022,"148,612",100% bullish,of 3 ratings,$12.50
BGMD,$0.886,1440170128191,"65,151",100% bullish,of 10 ratings,N/A
BGCP,$8.9201,1440170128224,"536,582",88% bullish,of 8 ratings,$14
BNFT,$36.395,1440170128249,"30,702",67% bullish,of 3 ratings,$46
BIND,$4.51,1440170128323,"24,616",67% bullish,of 3 ratings,$13.50
BNTC,$7.8817,1440170128350,"19,370",100% bullish,of 1 rating,N/A
BGFV,$10.88,1440170128406,"57,922",57% bullish,of 7 ratings,$12
BLCM,$16.15,1440170128480,"194,689",50% bullish,of 4 ratings,$40
ORPN,$5.18,1440170128580,"4,497",100% bullish,of 1 rating,$28.50
BASI,$1.3,1440170128659,146,Not yet rated,NULL,N/A
BCDA,NULL,1440170128690,0,Not yet rated,NULL,N/A
BIOC,$2.03,1440170128718,"229,516",83% bullish,of 6 ratings,$3.85
BCRX,$11.66,1440170128794,"218,173",63% bullish,of 8 ratings,$18
BIOD,$0.6697,1440170128995,"37,696",80% bullish,of 5 ratings,$4
BDSI,$6.41,1440170129044,"404,301",88% bullish,of 8 ratings,$17
BIIB,$303.2,1440170129149,"541,221",88% bullish,of 16 ratings,$400
BIOL,$1.4998,1440170129181,"2,752",Not yet rated,NULL,N/A
BLFS,$2.05,1440170129209,"4,763",100% bearish,of 1 rating,$4.75
BMRN,$126.55,1440170129282,"265,405",80% bullish,of 5 ratings,$160
BVXVW,NULL,1440170129441,0,100% bearish,of 1 rating,N/A
BLRX,$1.405,1440170129604,"96,944",100% bullish,of 12 ratings,$5
BRLI,NULL,1440170129632,0,NULL,NULL,NULL
BPTH,$1.14,1440170129660,"9,730",100% bullish,of 2 ratings,$5
BBC,$29.62,1440170129686,"45,646",Not yet rated,NULL,N/A
BIOS,$1.773,1440170129721,"388,202",71% bullish,of 7 ratings,$4
BVXV,$3.9,1440170129743,"4,792",Not yet rated,NULL,N/A
BBP,$31.6,1440170129821,"50,679",Not yet rated,NULL,N/A
BSTC,$48.62,1440170129929,"26,385",100% bearish,of 1 rating,$76
BOTA,$2.25,1440170130163,"8,869",88% bullish,of 8 ratings,N/A
BSPM,$0.69,1440170130215,"1,100",50% bullish,of 2 ratings,N/A
TECH,$102.87,1440170130294,"13,734",100% bullish,of 1 rating,$117
BEAT,$13.296,1440170130322,"90,483",67% bearish,of 3 ratings,$15
BDMS,NULL,1440170130383,0,100% bearish,of 1 rating,N/A
BDE,$7.37,1440170130411,"85,943",50% bullish,of 2 ratings,$9
BITI,$18,1440170130433,"25,894",100% bullish,of 1 rating,$28
BJRI,$44.955,1440170130465,"55,826",50% bullish,of 2 ratings,$55
BBRY,$7.18,1440170130602,"1,347,795",61% bullish,of 330 ratings,$9
BBOX,$15.32,1440170130735,"19,185",100% bearish,of 1 rating,N/A
ADRA,NULL,1440170130762,0,Not yet rated,NULL,N/A
HAWK,$42.2199,1440170130786,"150,888",90% bullish,of 10 ratings,$49
BLKB,$57.8075,1440170130817,"78,348",100% bearish,of 2 ratings,$66
BKCC,$9.1002,1440170130839,"97,520",100% bullish,of 2 ratings,$10
ADRD,$22.264,1440170131019,"2,526",100% bearish,of 1 rating,N/A
ADRU,NULL,1440170131152,0,100% bearish,of 1 rating,N/A
ADRE,$29.8676,1440170131179,"37,582",Not yet rated,NULL,N/A
BUFF,$26.98,1440170131226,"147,012",83% bullish,of 12 ratings,$31.50
BLBD,$11.79,1440170131322,"3,104",Not yet rated,NULL,N/A
BLMN,$19.95,1440170131349,"563,898",83% bullish,of 6 ratings,$27.50
BCOR,$13.37,1440170131418,"78,797",57% bullish,of 7 ratings,$15
BBLU,$0.8861,1440170131732,"43,273",100% bullish,of 2 ratings,$4.43
BLUE,$121.55,1440170131760,"142,668",71% bullish,of 7 ratings,$217.50
BKEPP,$7.865,1440170131807,100,100% bearish,of 1 rating,N/A
BKEP,$6.7299,1440170131939,"7,954",100% bearish,of 1 rating,$8.50
NILE,$34.04,1440170131966,"22,653",50% bullish,of 2 ratings,$34
BHBK,$14.12,1440170132030,"45,725",100% bullish,of 1 rating,$14.50
BNCN,$21.34,1440170132101,"38,566",Not yet rated,NULL,$23
BPMC,$25.425,1440170132175,"21,350",50% bullish,of 2 ratings,$47.50
BOBE,$44.08,1440170132433,"53,935",75% bullish,of 4 ratings,$57
WIFI,$8.081,1440170132536,"149,682",50% bullish,of 2 ratings,$13.50
BOJA,$20.28,1440170132565,"44,328",100% bullish,of 1 rating,$30
BOKF,$61.65,1440170132618,"27,181",100% bearish,of 1 rating,$70.50
BNSO,$1.5099,1440170132669,"2,200",100% bearish,of 1 rating,N/A
BOFI,$123.79,1440170132799,"137,444",100% bullish,of 6 ratings,$144
BPFHP,NULL,1440170132843,0,100% bearish,of 1 rating,N/A
BONA,$11.79,1440170132933,"48,219",75% bullish,of 4 ratings,$8.50
BAMM,$3.21,1440170132991,"3,739",60% bullish,of 5 ratings,N/A
BPFHW,$5.5,1440170133163,558,100% bearish,of 1 rating,N/A
EPAY,$25.53,1440170133195,"59,833",100% bearish,of 2 ratings,$30
BDBD,$8.41,1440170133218,"246,486",60% bullish,of 5 ratings,$10
BPFH,$12.09,1440170133249,"107,826",100% bearish,of 1 rating,$14
BCLI,$2.965,1440170133280,"26,632",80% bullish,of 5 ratings,$12
BBRG,$12.41,1440170133433,"31,299",67% bullish,of 3 ratings,$14.50
BBEPP,$13.4699,1440170133654,"46,354",100% bearish,of 1 rating,N/A
BBEP,$2.229,1440170133686,"649,296",69% bullish,of 13 ratings,$5.625
BLIN,NULL,1440170133707,0,50% bullish,of 2 ratings,$2.20
BDGE,$26.98,1440170133786,"11,134",Not yet rated,NULL,$31.75
BCOV,$5.2046,1440170133843,"58,267",67% bullish,of 3 ratings,$10.20
BRID,$8.01,1440170133888,120,100% bearish,of 1 rating,N/A
BRCM,$48.7799,1440170133948,"1,645,975",75% bullish,of 12 ratings,$56
BVSN,$5.652,1440170134081,"10,325",60% bearish,of 5 ratings,N/A
BYFC,NULL,1440170134120,0,50% bullish,of 2 ratings,N/A
BWEN,$3.3099,1440170134146,"7,839",100% bullish,of 3 ratings,$8
BSFT,$30.7,1440170134215,"59,172",57% bullish,of 7 ratings,$40.50
BRCD,$10.905,1440170134277,"5,183,936",92% bullish,of 13 ratings,$12.50
BRKL,$10.61,1440170134306,"121,766",100% bearish,of 1 rating,$10.75
BRKS,$10.2975,1440170134332,"102,167",67% bullish,of 3 ratings,$15.25
BMTC,$29.14,1440170134647,"28,143",Not yet rated,NULL,$34
BLMT,$20.82,1440170134673,"11,168",Not yet rated,NULL,N/A
BRKR,$19.12,1440170134750,"39,549",100% bearish,of 2 ratings,$22
BWLD,$191.166,1440170134806,"81,317",82% bullish,of 11 ratings,$205
BSQR,$6.045,1440170134938,"45,687",67% bullish,of 3 ratings,N/A
BUR,$1.94,1440170134967,"1,200",100% bearish,of 1 rating,$8
CHRW,$68,1440170134992,"225,345",Not yet rated,NULL,$72
BLDR,$14.833,1440170135023,"305,988",50% bullish,of 2 ratings,$22
CA,$27.9138,1440170135196,"645,182",50% bullish,of 4 ratings,$33
CFFI,$36,1440170135232,"2,100",100% bearish,of 1 rating,N/A
CDNS,$20.0601,1440170135330,"268,917",75% bullish,of 4 ratings,$22.50
CCMP,$44.15,1440170135357,"42,704",50% bullish,of 2 ratings,$59
CDZI,$7.27,1440170135488,"3,124",100% bearish,of 1 rating,N/A
CSTE,$42.75,1440170135616,"108,672",100% bearish,of 1 rating,$65
CZR,$7.57,1440170135647,"338,980",60% bearish,of 5 ratings,$10.50
PRSS,$4.4111,1440170135709,633,80% bullish,of 5 ratings,$4.50
CACQ,$7.13,1440170135741,"69,288",100% bearish,of 1 rating,$12.25
CLBS,$1.35,1440170135769,"84,837",79% bullish,of 14 ratings,$4
CHY,$11.7,1440170135795,"85,989",Not yet rated,NULL,N/A
CLMS,$11.44,1440170135841,"29,643",Not yet rated,NULL,$10.50
CCD,$20.31,1440170136058,"54,525",Not yet rated,NULL,N/A
CHI,$10.8305,1440170136132,"56,194",100% bearish,of 1 rating,N/A
CGO,$12.1514,1440170136233,"12,602",100% bearish,of 1 rating,N/A
CHW,$7.6636,1440170136289,"92,977",100% bearish,of 1 rating,N/A
CSQ,$9.97,1440170136336,"196,482",Not yet rated,NULL,N/A
CFGE,NULL,1440170136363,0,Not yet rated,NULL,N/A
CAMP,$15.83,1440170136524,"121,870",88% bullish,of 8 ratings,$25
CFNB,$13.53,1440170136575,5,100% bearish,of 1 rating,N/A
CALA,$4.75,1440170136626,"141,471",100% bullish,of 3 ratings,$19.50
CVGW,$54.455,1440170136657,"40,416",50% bullish,of 2 ratings,$58.50
CALM,$48.7,1440170136752,"158,752",80% bullish,of 5 ratings,$65
CALD,$15.545,1440170136902,"130,149",100% bearish,of 1 rating,$20.50
CLMT,$25.05,1440170136973,"157,393",75% bullish,of 8 ratings,$31
ABCD,$4.73,1440170137003,"24,349",83% bullish,of 6 ratings,N/A
CAMBU,NULL,1440170137057,0,100% bearish,of 1 rating,N/A
CAMB,NULL,1440170137105,0,Not yet rated,NULL,N/A
CAMBW,NULL,1440170137231,0,Not yet rated,NULL,N/A
CAC,$39.965,1440170137337,"10,370",Not yet rated,NULL,N/A
CGIX,$8.85,1440170137402,"21,540",67% bullish,of 3 ratings,$14.375
CSIQ,$18.0713,1440170137491,"1,521,111",86% bullish,of 28 ratings,$45
CPHC,$10.4401,1440170137531,"1,000",100% bearish,of 1 rating,N/A
CBNJ,$10.75,1440170137625,"14,660",100% bullish,of 1 rating,N/A
CPLA,$48.56,1440170137681,"23,640",50% bullish,of 2 ratings,$65
CAMT,$2.8,1440170137729,"7,700",73% bullish,of 11 ratings,$4
CCBG,$15.13,1440170137814,"16,195",Not yet rated,NULL,$17.25
CBF,$29.96,1440170137839,"59,237",Not yet rated,NULL,$32
CPLP,$6.89,1440170138002,"95,935",71% bullish,of 7 ratings,$11
CSWC,$47.98,1440170138028,"6,616",Not yet rated,NULL,N/A
CAPN,$1.901,1440170138169,"162,112",100% bullish,of 1 rating,$10.85
CAPNW,$0.5038,1440170138203,115,Not yet rated,NULL,N/A
CPTA,$14.5,1440170138232,"15,487",Not yet rated,NULL,$18.50
CFFN,$11.92,1440170138266,"296,900",Not yet rated,NULL,$12.75
CPST,$0.38,1440170138299,"126,341",95% bullish,of 22 ratings,$1.25
CAPR,$3.87,1440170138329,"1,017",Not yet rated,NULL,$12
CARA,$19.9977,1440170138485,"100,607",50% bullish,of 4 ratings,$25
CBYL,$6.36,1440170138630,"9,880",100% bearish,of 1 rating,$20
CARB,$11.3833,1440170138659,"37,772",75% bullish,of 4 ratings,$12
CFNL,$22.2921,1440170138687,"63,594",Not yet rated,NULL,$24
CRDC,$0.3857,1440170138709,"3,050",100% bullish,of 1 rating,$1.25
CRME,$9.25,1440170138880,900,89% bullish,of 9 ratings,$11.25
CSII,$23.58,1440170139017,"71,504",100% bearish,of 2 ratings,$42.125
CATM,$34.27,1440170139126,"121,443",100% bearish,of 1 rating,$44
CECO,$3.5,1440170139161,"132,833",67% bearish,of 3 ratings,$6
CDNA,$6.4101,1440170139188,"4,000",100% bearish,of 1 rating,$9
CKEC,$21.06,1440170139217,"148,508",50% bullish,of 2 ratings,$35.915
CTRE,$12,1440170139256,"64,068",50% bullish,of 2 ratings,N/A
CARO,$15.36,1440170139350,400,100% bearish,of 1 rating,$19
CLBH,$12.76,1440170139482,200,Not yet rated,NULL,$16.50
TAST,$11.84,1440170139651,"95,334",Not yet rated,NULL,$14.25
CART,NULL,1440170139677,0,100% bearish,of 1 rating,N/A
CRTN,NULL,1440170139707,0,100% bearish,of 1 rating,N/A
CRZO,$31.63,1440170139733,"285,189",67% bearish,of 3 ratings,$57
CARV,NULL,1440170139809,0,50% bullish,of 2 ratings,N/A
CASM,$1.1,1440170139948,210,100% bullish,of 1 rating,$3.50
CSCD,$14.25,1440170139974,"31,657",100% bullish,of 2 ratings,$17
CASI,$1.4685,1440170140121,"1,525",100% bullish,of 1 rating,$3.50
CACB,$5.43,1440170140154,"46,961",Not yet rated,NULL,$5.50
CASY,$104.7,1440170140176,"102,211",50% bullish,of 2 ratings,$99.50
CASS,$48.06,1440170140211,"21,528",100% bearish,of 1 rating,N/A
CWST,$6.04,1440170140247,"118,509",50% bullish,of 2 ratings,$7
CATB,$11.6,1440170140354,"20,486",100% bearish,of 1 rating,$28
CPRX,$3.56,1440170140380,"486,444",71% bullish,of 7 ratings,$7
CATY,$30.11,1440170140609,"188,462",100% bearish,of 1 rating,$33.50
CVCO,$71.6,1440170140682,"14,535",100% bearish,of 1 rating,N/A
CAVM,$65.59,1440170140746,"150,740",67% bearish,of 3 ratings,$72
CATYW,$10.54,1440170140855,100,100% bearish,of 1 rating,N/A
CNLMU,NULL,1440170140920,0,100% bullish,of 1 rating,N/A
CBFV,$20.56,1440170140988,"3,764",Not yet rated,NULL,N/A
CNLMR,NULL,1440170141057,0,Not yet rated,NULL,N/A
CNLM,$9.97,1440170141085,"1,292",Not yet rated,NULL,N/A
CNLMW,NULL,1440170141115,0,Not yet rated,NULL,N/A
CBOE,$62.18,1440170141213,"105,165",Not yet rated,NULL,$60
CECE,$9.51,1440170141359,"37,499",50% bullish,of 2 ratings,$16
CDW,$38.73,1440170141427,"206,107",75% bullish,of 4 ratings,$44
CDK,$48.2,1440170141492,"131,689",67% bearish,of 3 ratings,$50
CELGZ,$1.8,1440170141557,500,80% bullish,of 5 ratings,N/A
CPXX,$2.14,1440170141584,"40,483",100% bullish,of 2 ratings,$7
CELG,$121.72,1440170141631,"1,786,575",92% bullish,of 13 ratings,$155.50
CLRB,$3.0011,1440170141797,"1,107",100% bearish,of 1 rating,N/A
CLRBW,$0.94,1440170141846,200,Not yet rated,NULL,N/A
CLDX,$13.6201,1440170141930,"836,783",89% bullish,of 9 ratings,$36
CLDN,$1.0495,1440170142009,"79,523",71% bullish,of 7 ratings,$3
CLSN,$1.9363,1440170142062,"54,008",80% bullish,of 10 ratings,$7.50
CBMG,$22.0932,1440170142100,"27,257",50% bullish,of 2 ratings,N/A
CLLS,$30.19,1440170142122,"67,835",75% bullish,of 4 ratings,$51.50
CLTX,$2.79,1440170142195,"1,147,598",100% bullish,of 2 ratings,N/A
CYAD,$50.42,1440170142247,200,100% bullish,of 1 rating,$87.50
CEMP,$33.91,1440170142482,"236,850",71% bullish,of 7 ratings,$52
CETV,$2.02,1440170142508,"111,959",67% bullish,of 3 ratings,$2.80
CETX,$2.51,1440170142668,"9,000",Not yet rated,NULL,$5.60
CSFL,$13.93,1440170142726,"78,247",Not yet rated,NULL,$15
CFBK,NULL,1440170142765,0,Not yet rated,NULL,N/A
CENTA,$12.78,1440170142858,"71,697",Not yet rated,NULL,N/A
CVCY,$10.96,1440170142888,5,Not yet rated,NULL,$12
CNBKA,$40.4,1440170142918,"3,819",100% bullish,of 1 rating,N/A
CENT,$12.2101,1440170142940,"11,247",Not yet rated,NULL,$10
CENX,$5.15,1440170142972,"512,056",67% bullish,of 6 ratings,$9
CPHD,$47.13,1440170143297,"207,205",50% bullish,of 2 ratings,$66.50
CERE,$1.155,1440170143342,"165,169",88% bullish,of 8 ratings,N/A
CNTY,$6.085,1440170143368,"2,292",80% bullish,of 5 ratings,$7.75
CERN,$62.3,1440170143398,"515,734",67% bullish,of 3 ratings,$79
CRNT,$1.3501,1440170143425,"87,028",50% bullish,of 2 ratings,$2
CERU,$3.32,1440170143502,"13,164",75% bullish,of 4 ratings,$15
CERS,$4.67,1440170143645,"289,466",75% bullish,of 4 ratings,$7
KOOL,$0.71,1440170143676,"1,800",100% bullish,of 5 ratings,$7
CEVA,$18.15,1440170143775,"19,302",100% bearish,of 1 rating,$25
HOTR,$1.29,1440170143805,"40,686",100% bullish,of 2 ratings,$5
CYOU,$20.0401,1440170143834,"190,736",50% bullish,of 6 ratings,$24
GTLS,$22.64,1440170143909,"125,735",50% bullish,of 4 ratings,$40
CTHR,$1.1724,1440170143983,"43,840",50% bullish,of 2 ratings,$2.50
HOTRW,NULL,1440170144041,0,Not yet rated,NULL,N/A
CHTR,$178.03,1440170144091,"249,867",100% bearish,of 2 ratings,$196
CHFN,$12.48,1440170144329,"21,870",Not yet rated,NULL,$14
CHKP,$78.66,1440170144357,"256,023",50% bullish,of 4 ratings,$92
CEMI,$4.3,1440170144565,"1,914",50% bullish,of 2 ratings,$7.50
CHEK,NULL,1440170144591,0,Not yet rated,NULL,$7.75
CHEKW,NULL,1440170144616,0,Not yet rated,NULL,N/A
CHFC,$31.66,1440170144642,"47,550",100% bearish,of 1 rating,$36
CHMA,$24.09,1440170144784,"59,940",Not yet rated,NULL,$40
CHKE,$25.485,1440170144811,"15,757",100% bearish,of 1 rating,$32.50
CBNK,$16.51,1440170144862,215,100% bearish,of 1 rating,N/A
CCXI,$6.63,1440170144888,"50,012",67% bullish,of 3 ratings,$14
CHEV,$14.35,1440170145048,"4,600",Not yet rated,NULL,N/A
CHMG,$26.6,1440170145098,700,Not yet rated,NULL,$30
PLCE,$59.57,1440170145152,"130,561",100% bearish,of 1 rating,$71
CADC,NULL,1440170145288,0,78% bullish,of 9 ratings,N/A
CMRX,$44.1,1440170145314,"171,536",50% bullish,of 2 ratings,$57
CBPO,$99.89,1440170145596,"107,105",75% bullish,of 8 ratings,$140.50
CCCR,$0.751,1440170145630,300,67% bearish,of 3 ratings,N/A
CALI,$0.934,1440170145667,776,67% bullish,of 3 ratings,N/A
CCCL,NULL,1440170145695,0,100% bullish,of 6 ratings,N/A
JRJC,$3.9001,1440170145728,"119,963",82% bullish,of 11 ratings,N/A
CAAS,$6.5,1440170145757,"22,121",93% bullish,of 14 ratings,$11.50
CHOP,$1.1,1440170145782,"8,001",50% bullish,of 2 ratings,N/A
CBAK,$1.8001,1440170145826,"19,315",67% bullish,of 9 ratings,N/A
HGSH,$1.8999,1440170146040,"11,000",67% bullish,of 3 ratings,N/A
CHLN,$2.0001,1440170146185,"4,578",67% bullish,of 3 ratings,N/A
CNIT,$1.54,1440170146250,"10,780",67% bullish,of 6 ratings,N/A
HTHT,$25.074,1440170146285,"39,305",50% bullish,of 2 ratings,$28
CJJD,$1.9062,1440170146325,"25,076",100% bullish,of 1 rating,N/A
CHNR,$2.04,1440170146451,200,100% bearish,of 1 rating,N/A
CSUN,$1.44,1440170146555,"4,833",80% bullish,of 5 ratings,N/A
CREG,$0.7312,1440170146576,"23,973",100% bullish,of 3 ratings,N/A
CNYD,NULL,1440170146659,0,67% bullish,of 3 ratings,N/A
CCIH,$6.3601,1440170146712,"243,313",67% bullish,of 6 ratings,$12.65
CNTF,$0.89,1440170146747,"35,002",Not yet rated,NULL,N/A
CXDC,$6.2,1440170146769,"15,125",67% bullish,of 3 ratings,N/A
CPGI,$6.85,1440170146790,200,Not yet rated,NULL,N/A
CNET,$0.8479,1440170146950,"17,838",50% bullish,of 2 ratings,N/A
IMOS,$15.91,1440170147000,"38,047",60% bullish,of 5 ratings,$21.50
CHSCL,$27.18,1440170147053,"8,230",Not yet rated,NULL,N/A
CHSCM,$25.95,1440170147283,"11,945",Not yet rated,NULL,N/A
CHSCN,$27.19,1440170147380,"1,362",Not yet rated,NULL,N/A
CHDN,$132.24,1440170147406,"28,814",Not yet rated,NULL,$165
CHSCP,$30.3399,1440170147437,854,Not yet rated,NULL,N/A
CHSCO,$28.35,1440170147540,"6,322",Not yet rated,NULL,N/A
CIFC,$6.9,1440170147604,"7,398",Not yet rated,NULL,N/A
CDTX,$14,1440170147674,"5,753",Not yet rated,NULL,$22
CHUY,$31.85,1440170147701,"68,083",50% bullish,of 2 ratings,$34
CMCT,$15.7855,1440170147731,267,100% bearish,of 1 rating,N/A
CIDM,$0.64,1440170147834,"6,934",50% bullish,of 2 ratings,$2.10
CMPR,$67.51,1440170147966,"158,633",50% bullish,of 2 ratings,$72.50
CINF,$54.505,1440170147992,"174,535",50% bullish,of 4 ratings,$50.50
CTAS,$86.07,1440170148153,"143,208",100% bearish,of 1 rating,$91
CSCO,$27.03,1440170148254,"10,503,942",84% bullish,of 208 ratings,$32
CRUS,$27.54,1440170148280,"306,294",75% bullish,of 12 ratings,$44.50
CPHR,$6.2,1440170148310,600,100% bearish,of 1 rating,$16
CTRN,$27.87,1440170148417,"39,042",100% bearish,of 1 rating,$31.50
CZNC,$19.663,1440170148448,"8,387",Not yet rated,NULL,N/A
CZWI,NULL,1440170148517,0,Not yet rated,NULL,N/A
CZFC,NULL,1440170148548,0,Not yet rated,NULL,N/A
CTXS,$75.17,1440170148680,"376,538",86% bullish,of 7 ratings,$80
CHCO,$47.2335,1440170148707,"24,155",Not yet rated,NULL,$46
CIZN,NULL,1440170148739,0,Not yet rated,NULL,N/A
CIVBP,NULL,1440170148841,0,Not yet rated,NULL,N/A
CIVB,$10.323,1440170148998,885,Not yet rated,NULL,$11
CDTI,$1.5432,1440170149030,"27,527",75% bullish,of 4 ratings,$3.20
CLNE,$4.16,1440170149131,"394,651",80% bullish,of 15 ratings,$9
CLNT,$1.78,1440170149176,"5,125",75% bullish,of 8 ratings,N/A
CLFD,$16.6506,1440170149275,"21,686",67% bullish,of 3 ratings,$18
CLRO,$11.83,1440170149303,"1,758",50% bullish,of 2 ratings,$14.25
CBLI,$3.93,1440170149433,"23,990",60% bullish,of 5 ratings,N/A
CSBK,$13.66,1440170149508,"19,760",Not yet rated,NULL,N/A
CLVS,$69.99,1440170149539,"123,332",60% bullish,of 5 ratings,$101.50
CLIR,$5.08,1440170149643,900,100% bullish,of 3 ratings,N/A
CMFN,$11.69,1440170149701,"4,924",100% bearish,of 1 rating,$15.50
CCNE,$17.19,1440170149723,"17,958",50% bullish,of 2 ratings,$21.50
CME,$93.39,1440170149776,"408,356",67% bullish,of 3 ratings,$102
CISG,$7.95,1440170149861,"30,754",100% bullish,of 5 ratings,$10
CWAY,$11.32,1440170149999,204,Not yet rated,NULL,N/A
CNV,$4.6,1440170150046,"4,100",50% bullish,of 2 ratings,$7.15
COBZ,$12.9,1440170150128,"25,963",100% bullish,of 1 rating,$14
CDXS,$3.93,1440170150213,"3,639",64% bullish,of 11 ratings,$6
CDRB,$12,1440170150322,"4,106",67% bullish,of 3 ratings,N/A
COKE,$153.73,1440170150349,"13,623",79% bullish,of 19 ratings,N/A
CVLY,NULL,1440170150425,0,Not yet rated,NULL,N/A
CGNT,$1.632,1440170150489,"13,110",100% bullish,of 2 ratings,$2
JVA,$4.6201,1440170150587,"7,050",83% bullish,of 6 ratings,$7
CGNX,$36,1440170150615,"201,393",50% bullish,of 2 ratings,$47
CCOI,$28.15,1440170150656,"114,053",50% bullish,of 4 ratings,$35
CTSH,$64.95,1440170150787,"941,963",90% bullish,of 10 ratings,$75
COHR,$57.025,1440170150857,"49,458",50% bullish,of 2 ratings,$72
CHRS,$29.305,1440170151026,"71,164",67% bearish,of 3 ratings,$37
CLRX,$0.505,1440170151056,"27,168",50% bullish,of 2 ratings,N/A
COLL,$14.72,1440170151152,"19,748",100% bearish,of 1 rating,$26
CLCT,$18.2599,1440170151256,"21,882",100% bearish,of 1 rating,N/A
COHU,$9.56,1440170151311,"33,962",100% bearish,of 1 rating,$14.25
CLCD,$7.1516,1440170151333,"5,591",100% bearish,of 1 rating,$20.50
CIGI,$44.72,1440170151369,"2,208",100% bearish,of 1 rating,$52
CBAN,$8.75,1440170151391,300,Not yet rated,NULL,N/A
COLB,$30.96,1440170151477,"105,591",Not yet rated,NULL,$36
COLM,$62.93,1440170151524,"79,409",100% bearish,of 1 rating,$71
CMCO,$19.26,1440170151661,"25,939",60% bullish,of 5 ratings,$28
CMCSK,$58.16,1440170151722,"816,777",Not yet rated,NULL,$84
CMCSA,$57.46,1440170151866,"4,122,007",66% bullish,of 35 ratings,$69.50
CBMX,$1.1201,1440170151897,"8,247",83% bullish,of 6 ratings,$3.15
CBSH,$45.2,1440170151967,"76,332",50% bullish,of 2 ratings,$46
CVGI,$4.643,1440170152121,"44,688",50% bullish,of 2 ratings,$6
CUBN,$13.8,1440170152162,"1,185",Not yet rated,NULL,N/A
CBSHP,$25.1901,1440170152191,916,100% bearish,of 1 rating,N/A
COMM,$29.6947,1440170152326,"192,565",67% bearish,of 3 ratings,$35
ESXB,$5.0856,1440170152406,"10,683",Not yet rated,NULL,N/A
CYHHZ,$0.0123,1440170152431,"3,200",100% bullish,of 1 rating,N/A
JCS,NULL,1440170152467,0,67% bullish,of 3 ratings,N/A
CSAL,$21.0608,1440170152596,"190,344",75% bullish,of 4 ratings,$30
CTBI,$34.826,1440170152633,"22,799",Not yet rated,NULL,$36
CWBC,$6.75,1440170152664,810,Not yet rated,NULL,N/A
COB,$10.59,1440170152729,"17,242",100% bullish,of 1 rating,$11.75
CVLT,$36.25,1440170152757,"129,115",75% bullish,of 4 ratings,$44.50
CIZ,$33.8685,1440170152974,"1,729",100% bearish,of 1 rating,N/A
CID,NULL,1440170153048,0,Not yet rated,NULL,N/A
CDC,$35.57,1440170153234,"8,391",Not yet rated,NULL,N/A
CSA,NULL,1440170153263,0,Not yet rated,NULL,N/A
CIL,NULL,1440170153365,0,Not yet rated,NULL,N/A
CSF,$36.8766,1440170153396,"2,094",100% bearish,of 1 rating,N/A
CDL,NULL,1440170153422,0,Not yet rated,NULL,N/A
CFA,NULL,1440170153443,0,100% bearish,of 1 rating,N/A
CFO,$36.028,1440170153474,"9,803",100% bearish,of 1 rating,N/A
CGEN,$5.0399,1440170153671,"30,600",50% bullish,of 2 ratings,$11
CSB,NULL,1440170153699,0,Not yet rated,NULL,N/A
CPSI,$45.39,1440170153725,"24,177",100% bearish,of 1 rating,$45.50
CHCI,$0.654,1440170154006,"11,500",50% bullish,of 2 ratings,N/A
CMTL,$26.47,1440170154047,"26,318",100% bearish,of 2 ratings,$37
CTG,$6.71,1440170154077,"7,622",100% bearish,of 1 rating,$8.50
SCOR,$57.61,1440170154110,"122,132",100% bearish,of 1 rating,$66
CNAT,$3.91,1440170154254,"71,632",83% bullish,of 6 ratings,$13
CXRX,$73,1440170154300,"2,794",Not yet rated,NULL,$90
CNSI,$18.72,1440170154325,"90,145",100% bearish,of 2 ratings,$29
CNCE,$14.97,1440170154353,"89,597",75% bullish,of 4 ratings,$22
CDOR,$1.41,1440170154529,3,100% bullish,of 1 rating,N/A
CCUR,$5.1398,1440170154603,"3,878",75% bullish,of 4 ratings,N/A
CDORP,NULL,1440170154661,0,100% bearish,of 1 rating,N/A
CDORO,NULL,1440170154734,0,100% bearish,of 1 rating,N/A
CFMS,$20.585,1440170154760,"68,346",Not yet rated,NULL,$27
CNFR,$10.4505,1440170154886,"2,016",Not yet rated,NULL,N/A
CNMD,$54.85,1440170154987,"38,340",Not yet rated,NULL,$59
CTWS,$34.69,1440170155016,"18,569",100% bearish,of 1 rating,$44
CONN,$30.57,1440170155196,"127,512",67% bullish,of 3 ratings,$48.50
CNOB,$19.7,1440170155328,"39,690",100% bullish,of 1 rating,$23.50
CNSL,$20.039,1440170155393,"108,666",100% bearish,of 1 rating,$23
CTCT,$23.91,1440170155426,"102,806",67% bullish,of 3 ratings,$37
CNXR,$6.19,1440170155464,"10,659",100% bearish,of 1 rating,$12
CWCO,$10.6701,1440170155489,"66,927",67% bullish,of 3 ratings,$14.50
CPSS,$5.4508,1440170155519,"20,525",100% bullish,of 1 rating,$10
CFRX,$4.935,1440170155700,"9,565",Not yet rated,NULL,$14
CFRXW,NULL,1440170155766,0,100% bearish,of 1 rating,N/A
CFRXZ,NULL,1440170155897,0,Not yet rated,NULL,N/A
CPRT,$34.835,1440170155981,"56,261",67% bearish,of 3 ratings,$40
CTRV,$3.638,1440170156142,"12,883",Not yet rated,NULL,$6.40
CORT,$4.54,1440170156202,"208,946",67% bullish,of 3 ratings,$12
CRBP,$2.0336,1440170156234,"502,548",100% bullish,of 2 ratings,$6.25
BVA,NULL,1440170156255,0,50% bullish,of 2 ratings,N/A
CTRL,$7.77,1440170156292,"42,494",50% bullish,of 2 ratings,$11
CORI,$10.31,1440170156333,"21,000",100% bearish,of 1 rating,$18
CORE,$61.46,1440170156390,"30,054",100% bearish,of 1 rating,$72
CSOD,$36.84,1440170156463,"147,610",50% bullish,of 2 ratings,$42
CSGP,$183.625,1440170156640,"11,547",50% bullish,of 2 ratings,$235
COST,$141.9556,1440170156670,"792,079",83% bullish,of 24 ratings,$154.50
CRVL,$31.855,1440170156692,"13,398",100% bearish,of 1 rating,N/A
COSI,$1.12,1440170156834,"29,410",100% bullish,of 1 rating,N/A
CPAH,$0.4625,1440170156973,300,50% bullish,of 2 ratings,N/A
ICBK,NULL,1440170156998,0,Not yet rated,NULL,$21
CVTI,$22.6,1440170157053,"32,316",67% bearish,of 3 ratings,$39
COVS,$2.56,1440170157132,"51,326",67% bullish,of 3 ratings,N/A
COWNL,$28,1440170157191,200,Not yet rated,NULL,N/A
COWN,$5.11,1440170157236,"262,915",75% bullish,of 4 ratings,$7
CRAI,$22.29,1440170157294,"15,910",Not yet rated,NULL,$36
CPSH,NULL,1440170157464,0,Not yet rated,NULL,N/A
CBRL,$144.76,1440170157493,"145,283",50% bullish,of 2 ratings,$155
BREW,$7.36,1440170157595,"24,369",67% bullish,of 6 ratings,$15
CACC,$192.02,1440170157631,"21,804",50% bullish,of 2 ratings,$158.50
GLDI,$11.07,1440170157685,"28,570",100% bearish,of 1 rating,N/A
CRAY,$20.4801,1440170157714,"93,136",83% bullish,of 6 ratings,$38.50
CREE,$24.97,1440170157769,"286,253",65% bullish,of 17 ratings,$29.50
SLVO,$10.371,1440170157913,"1,000",100% bearish,of 1 rating,N/A
CRESY,$10.555,1440170158083,"3,294",100% bearish,of 1 rating,$19
CROX,$13.83,1440170158115,"248,990",63% bullish,of 8 ratings,$16.50
CRWS,$8,1440170158229,15,Not yet rated,NULL,$10
CCRN,$14.002,1440170158262,"72,804",100% bearish,of 1 rating,$14.25
CRTO,$44.42,1440170158334,"215,333",67% bullish,of 6 ratings,$64
CYRX,$3.13,1440170158394,"1,200",Not yet rated,NULL,$9
CRWN,$4.45,1440170158419,"78,859",75% bullish,of 4 ratings,N/A
CRDS,$1,1440170158554,"4,840",50% bullish,of 4 ratings,$4.50
CYRXW,NULL,1440170158615,0,Not yet rated,NULL,N/A
CSGS,$31.05,1440170158642,"64,248",Not yet rated,NULL,$40
CCLP,$14,1440170158689,"33,822",67% bearish,of 3 ratings,$21
CTCM,$1.705,1440170158773,"58,614",80% bearish,of 5 ratings,$3.90
CTIC,$1.66,1440170158799,"1,159,067",84% bullish,of 76 ratings,$5.75
CSPI,$6.18,1440170159030,100,67% bullish,of 3 ratings,N/A
CTIB,NULL,1440170159101,0,100% bearish,of 1 rating,N/A
CTRP,$64.28,1440170159135,"680,635",75% bullish,of 8 ratings,$92
CUI,$5.03,1440170159234,"12,991",50% bullish,of 2 ratings,$10
CPIX,$5.8,1440170159260,"2,515",Not yet rated,NULL,N/A
CUNB,$22,1440170159304,"25,438",Not yet rated,NULL,$24.50
CMLS,$1.26,1440170159404,"398,381",50% bullish,of 4 ratings,$6
CRIS,$2.47,1440170159456,"239,897",100% bullish,of 8 ratings,$6
CVV,$11.65,1440170159624,"10,830",100% bullish,of 5 ratings,N/A
CVBF,$16.56,1440170159660,"209,099",Not yet rated,NULL,$18
CUTR,$14.13,1440170159720,"21,396",67% bearish,of 3 ratings,$18
CYAN,$7.0143,1440170159750,340,100% bearish,of 1 rating,N/A
CYBR,$51.47,1440170159779,"993,375",86% bullish,of 7 ratings,$66
CYBX,$66.53,1440170159819,"251,634",50% bullish,of 4 ratings,$70
CYBE,$5.95,1440170159953,"2,150",100% bearish,of 1 rating,N/A
CYCC,$0.5969,1440170160133,"31,933",73% bullish,of 11 ratings,N/A
CYNA,$15.65,1440170160310,"8,828",100% bullish,of 1 rating,$31.50
CYCCP,NULL,1440170160339,0,100% bearish,of 1 rating,N/A
CBAY,$2.61,1440170160378,"24,293",100% bullish,of 1 rating,$4
CYNO,$32.04,1440170160405,"69,889",67% bearish,of 3 ratings,$45.50
CY,$9.36,1440170160436,"962,058",80% bullish,of 10 ratings,$15.50
CONE,$32.8599,1440170160541,"183,017",67% bearish,of 3 ratings,$35
CYRN,$1.61,1440170160566,"19,833",67% bullish,of 3 ratings,$4
CYTK,$6.43,1440170160594,"79,786",71% bullish,of 14 ratings,$13.50
CYTR,$2.11,1440170160806,"378,961",67% bullish,of 6 ratings,$10
CTSO,$7.0401,1440170160835,"31,108",Not yet rated,NULL,$15.625
DAEG,$0.3698,1440170160856,"2,000",100% bearish,of 1 rating,N/A
CYTX,$0.3701,1440170160886,"354,176",83% bullish,of 12 ratings,$5.50
TVIX,$8.4898,1440170161021,"7,197,644",81% bullish,of 16 ratings,N/A
TVIZ,$14.3227,1440170161046,"1,660",100% bearish,of 1 rating,N/A
ZIV,$46.49,1440170161272,"50,210",Not yet rated,NULL,N/A
DJCO,$198.1,1440170161299,"1,380",Not yet rated,NULL,N/A
DARA,$0.8521,1440170161322,"33,101",83% bullish,of 6 ratings,$1.50
DAKT,$11.53,1440170161352,"73,941",50% bullish,of 2 ratings,$14
XIV,$37.9701,1440170161382,"8,684,095",75% bearish,of 4 ratings,N/A
DTLK,$5.46,1440170161490,"39,405",100% bearish,of 1 rating,$9
DAIO,$2.56,1440170161620,"1,200",Not yet rated,NULL,N/A
DRAM,NULL,1440170161687,0,78% bullish,of 9 ratings,N/A
DWCH,$4.924,1440170161722,"13,655",75% bullish,of 4 ratings,$8.25
DTEA,$13.52,1440170161760,"41,693",100% bearish,of 2 ratings,$24
DWSN,$4.01,1440170161788,"9,124",67% bullish,of 3 ratings,$6
PLAY,$34.28,1440170161819,"103,839",100% bullish,of 5 ratings,$42
TRAK,$62.92,1440170161922,"466,293",50% bullish,of 2 ratings,$62.50
DBVT,$39.63,1440170161952,"50,766",100% bearish,of 1 rating,$53
DHRM,NULL,1440170162322,0,Not yet rated,NULL,N/A
DCTH,$0.4781,1440170162350,"43,251",78% bullish,of 9 ratings,N/A
TACO,$12.9947,1440170162372,"86,650",100% bullish,of 3 ratings,$20
DFRG,$14.33,1440170162405,"68,129",100% bearish,of 1 rating,$20
TACOW,$4.15,1440170162432,500,100% bullish,of 1 rating,N/A
DELT,NULL,1440170162502,0,Not yet rated,NULL,N/A
XRAY,$54.19,1440170162567,"160,303",100% bullish,of 1 rating,$58
DELTW,NULL,1440170162603,0,Not yet rated,NULL,N/A
DGAS,$20.23,1440170162784,913,67% bearish,of 3 ratings,N/A
DSCI,$6.46,1440170162810,"31,370",50% bullish,of 2 ratings,$16
DEPO,$28.85,1440170162864,"325,321",60% bullish,of 5 ratings,$29
DERM,$23.98,1440170162898,"139,787",100% bearish,of 1 rating,$33.50
DENN,$11.78,1440170162940,"181,743",100% bullish,of 3 ratings,$15
DXLG,$4.56,1440170162997,"34,974",100% bearish,of 1 rating,$8
DEST,$11.616,1440170163023,"7,456",50% bullish,of 2 ratings,N/A
DSWL,$1.75,1440170163399,"4,107",100% bullish,of 1 rating,N/A
DHXM,NULL,1440170163448,0,Not yet rated,NULL,N/A
DXCM,$89.09,1440170163477,"345,239",57% bullish,of 7 ratings,$98
DXM,$0.3096,1440170163532,"7,200",50% bullish,of 2 ratings,N/A
DRNA,$9.93,1440170163566,"37,355",67% bearish,of 3 ratings,$25
DHIL,$180.013,1440170163621,"5,581",Not yet rated,NULL,N/A
DMND,$29.771,1440170163661,"75,915",75% bullish,of 12 ratings,$32
DCIX,$1.7299,1440170163687,"5,831",50% bullish,of 4 ratings,$3.50
FANG,$66.87,1440170163903,"210,599",50% bullish,of 2 ratings,$86
DMRC,$34.84,1440170163934,"22,942",100% bearish,of 1 rating,$44
DGLY,$6.82,1440170163989,"87,964",50% bullish,of 6 ratings,$20
DRAD,$3.86,1440170164015,"4,899",100% bullish,of 1 rating,$5.25
DGII,$9.965,1440170164044,"42,403",100% bearish,of 1 rating,$10
APPS,$2.36,1440170164179,"86,186",100% bearish,of 1 rating,$10.25
DCOM,$16.78,1440170164217,"45,825",100% bearish,of 2 ratings,$16.50
DIOD,$19.34,1440170164355,"78,596",75% bearish,of 4 ratings,$24
DPRX,$12.165,1440170164380,102,100% bullish,of 2 ratings,$27.75
DISCK,$25.665,1440170164563,"602,744",100% bearish,of 1 rating,$32
DISCA,$26.87,1440170164592,"768,726",67% bullish,of 3 ratings,$34
DSCO,$0.4352,1440170164644,"31,856",83% bullish,of 6 ratings,$2.75
DISCB,NULL,1440170164667,0,100% bearish,of 1 rating,$35
DISH,$61.67,1440170164694,"544,299",69% bullish,of 13 ratings,$73
DVCR,$10.17,1440170164872,"5,783",100% bullish,of 1 rating,N/A
BAGR,$3.085,1440170164904,"8,995",100% bearish,of 1 rating,$6
DLHC,$2.26,1440170164930,"4,916",100% bearish,of 1 rating,N/A
DNBF,$27.45,1440170165006,"6,927",Not yet rated,NULL,$27.50
DGICA,$14.32,1440170165078,"10,710",100% bearish,of 1 rating,$17
DLTR,$77.99,1440170165307,"714,806",82% bullish,of 11 ratings,$88
DGICB,NULL,1440170165335,0,100% bearish,of 1 rating,N/A
HILL,$9.685,1440170165368,"578,698",60% bearish,of 5 ratings,$9.75
DMLP,$13.8996,1440170165395,"13,268",100% bearish,of 1 rating,N/A
DORM,$50.03,1440170165417,"82,079",100% bearish,of 1 rating,$56
DRWI,$0.2602,1440170165467,"87,844",60% bullish,of 5 ratings,$.45
DRWIW,$0.062,1440170165604,110,Not yet rated,NULL,N/A
DRYS,$0.348,1440170165738,"543,896",77% bullish,of 31 ratings,$.60
DSPG,$8.64,1440170165770,"38,344",100% bearish,of 1 rating,$13.50
DWA,$18.59,1440170165875,"245,217",63% bullish,of 8 ratings,$26
CADT,$10.02,1440170165939,103,Not yet rated,NULL,N/A
DSKX,$3.455,1440170165977,"53,887",100% bullish,of 1 rating,N/A
CADTU,NULL,1440170166023,0,Not yet rated,NULL,N/A
CADTR,NULL,1440170166050,0,Not yet rated,NULL,N/A
CADTW,NULL,1440170166263,0,Not yet rated,NULL,N/A
DNKN,$49.85,1440170166356,"333,492",67% bullish,of 15 ratings,$56.50
DTSI,$26.13,1440170166393,"34,742",100% bearish,of 2 ratings,$39.50
DRRX,$2.02,1440170166419,"194,522",50% bullish,of 6 ratings,$3
DXPE,$28.41,1440170166554,"33,653",50% bullish,of 2 ratings,N/A
DYSL,$1.5,1440170166580,"58,673",100% bullish,of 2 ratings,N/A
BOOM,$10.1101,1440170166608,"12,199",67% bullish,of 3 ratings,$12
DYNT,$2.86,1440170166738,100,75% bullish,of 4 ratings,N/A
DVAX,$26.91,1440170166794,"129,008",70% bullish,of 10 ratings,$40
DYAX,$22.04,1440170166819,"305,793",89% bullish,of 9 ratings,$30
ETFC,$25.765,1440170166848,"924,226",57% bullish,of 14 ratings,$33
EBMT,$11.5,1440170167013,"15,804",Not yet rated,NULL,$13.50
EGBN,$42.725,1440170167042,"43,416",Not yet rated,NULL,$48
EGLE,$6.04,1440170167064,"24,350",60% bullish,of 5 ratings,N/A
EROC,$1.082,1440170167241,"152,920",50% bullish,of 2 ratings,$3
EGRX,$62.435,1440170167267,"137,523",67% bullish,of 3 ratings,$97
ELNK,$8.52,1440170167345,"339,380",60% bullish,of 5 ratings,$9.50
EWBC,$41.69,1440170167475,"289,414",100% bearish,of 1 rating,$50
EBIX,$28.48,1440170167605,"117,678",69% bullish,of 13 ratings,$40
EML,$16.65,1440170167634,"2,818",Not yet rated,NULL,N/A
EVBS,$6.5,1440170167658,384,Not yet rated,NULL,$7
EACQU,NULL,1440170167690,0,Not yet rated,NULL,N/A
EBAY,$26.215,1440170167720,"3,756,863",81% bullish,of 117 ratings,$48
ELON,$0.545,1440170167825,"24,375",50% bullish,of 2 ratings,N/A
ECHO,$24.825,1440170167969,"123,601",67% bearish,of 3 ratings,$35.50
SATS,$43.72,1440170168105,"32,362",50% bullish,of 2 ratings,$60
ECTE,$1.4601,1440170168210,"14,086",75% bullish,of 4 ratings,N/A
EEI,$11.2,1440170168259,"1,419",67% bearish,of 3 ratings,N/A
ECACU,$10.05,1440170168284,"1,219",Not yet rated,NULL,N/A
ESES,$3.39,1440170168344,214,100% bearish,of 1 rating,$7
EDGW,$7.1,1440170168449,709,100% bearish,of 1 rating,N/A
EDAP,$3.2076,1440170168475,"57,237",60% bullish,of 5 ratings,$4.50
EGLT,$11.23,1440170168661,"3,995",50% bullish,of 2 ratings,$21
EGAN,$3.52,1440170168724,566,50% bullish,of 2 ratings,$6.25
EDUC,$4.55,1440170168759,"5,555",100% bearish,of 1 rating,N/A
EFUT,NULL,1440170168811,0,Not yet rated,NULL,N/A
LOCO,$12.07,1440170168843,"348,080",69% bullish,of 13 ratings,$20
EHTH,$14.06,1440170168871,"65,303",50% bullish,of 4 ratings,$16.50
EMITF,$1.3,1440170168952,"1,700",75% bullish,of 4 ratings,N/A
ESLT,$81.556,1440170169105,812,100% bullish,of 2 ratings,N/A
ELRC,$10.28,1440170169249,"37,559",100% bearish,of 1 rating,N/A
ERI,$9.44,1440170169277,"59,697",100% bearish,of 1 rating,$10
ESIO,$4.475,1440170169304,"15,896",50% bullish,of 2 ratings,$10
EFII,$43.9425,1440170169463,"92,155",80% bullish,of 5 ratings,$55
EA,$65.78,1440170169493,"1,352,344",77% bullish,of 35 ratings,$80
ELEC,NULL,1440170169554,0,Not yet rated,NULL,N/A
ELECU,NULL,1440170169592,0,Not yet rated,NULL,N/A
ELSE,$4.02,1440170169624,"1,000",60% bullish,of 5 ratings,N/A
ELECW,NULL,1440170169685,0,Not yet rated,NULL,N/A
EBIO,$3.63,1440170169719,"566,846",100% bearish,of 2 ratings,$8.35
RDEN,$10.2605,1440170169828,"48,209",100% bearish,of 4 ratings,$15
CAPX,$23.0299,1440170169926,100,Not yet rated,NULL,N/A
LONG,$17.1099,1440170170094,"5,200",67% bullish,of 3 ratings,$15.75
ESBK,$19.8,1440170170122,526,Not yet rated,NULL,N/A
ELTK,$1.13,1440170170251,"1,600",67% bearish,of 3 ratings,N/A
EMMS,$1.2401,1440170170406,"1,300",67% bullish,of 6 ratings,N/A
EMMSP,NULL,1440170170448,0,100% bearish,of 1 rating,N/A
EMCI,$23.28,1440170170477,"7,676",Not yet rated,NULL,N/A
EMCF,NULL,1440170170511,0,100% bearish,of 1 rating,N/A
EMKR,$7.01,1440170170533,"29,080",75% bullish,of 4 ratings,$8.50
NYNY,$4.01,1440170170610,"21,422",50% bullish,of 2 ratings,N/A
ERS,NULL,1440170170781,0,Not yet rated,NULL,N/A
ECPG,$38.5,1440170170820,"52,162",100% bullish,of 2 ratings,$52
ENTA,$38.665,1440170170846,"47,604",50% bullish,of 2 ratings,$42
ENDP,$78.11,1440170170877,"426,367",50% bullish,of 6 ratings,$104
WIRE,$32.78,1440170170911,"44,914",100% bearish,of 1 rating,$37
ECYT,$5.094,1440170170983,"107,866",83% bullish,of 6 ratings,$12
EIGI,$15.12,1440170171231,"247,722",67% bearish,of 3 ratings,$22.50
ERII,$2.885,1440170171265,"16,758",80% bullish,of 5 ratings,$2.50
WATT,$6.8318,1440170171293,"23,620",50% bullish,of 2 ratings,$13
EFOI,$16.645,1440170171321,"95,618",50% bullish,of 2 ratings,$20.50
ELGX,$12.98,1440170171345,"264,841",75% bullish,of 4 ratings,$17
EXXI,$1.4364,1440170171377,"653,580",86% bullish,of 7 ratings,$3.50
ENOC,$7.91,1440170171510,"80,339",75% bullish,of 4 ratings,$18
ENPH,$4.5,1440170171652,"156,232",75% bullish,of 4 ratings,$11
ENTG,$13.73,1440170171729,"215,140",100% bearish,of 1 rating,$18
ESGR,$152,1440170171789,"9,688",100% bearish,of 1 rating,$185
ENG,$1.0001,1440170171811,804,100% bullish,of 3 ratings,N/A
ENFC,NULL,1440170171844,0,Not yet rated,NULL,N/A
ENTL,$21.26,1440170171897,"7,092",Not yet rated,NULL,$28
ETRM,$0.2352,1440170172051,"222,146",69% bearish,of 35 ratings,$1.625
EFSC,$24.42,1440170172182,"30,678",Not yet rated,NULL,$27
EGT,$2.09,1440170172208,400,100% bullish,of 1 rating,N/A
EBTC,$20.613,1440170172233,"5,315",Not yet rated,NULL,N/A
ENZN,$1.0164,1440170172372,"364,848",100% bullish,of 9 ratings,N/A
ENVI,$1.8,1440170172398,"7,304",67% bullish,of 3 ratings,N/A
EPIQ,$13.815,1440170172476,"49,696",100% bearish,of 1 rating,$18
EPRS,$4.6,1440170172542,"27,833",82% bullish,of 11 ratings,$15
ENZY,$8.99,1440170172699,"6,077",67% bullish,of 3 ratings,$9.50
EQIX,$276.175,1440170172750,"154,412",67% bullish,of 3 ratings,$312.50
PLUS,$77.31,1440170172783,"54,727",50% bullish,of 2 ratings,$88
EQFN,NULL,1440170172880,0,Not yet rated,NULL,N/A
EAC,$3.662,1440170172910,671,100% bearish,of 1 rating,$8
EPZM,$15.58,1440170172945,"102,685",60% bullish,of 5 ratings,$34
ERIC,$9.9326,1440170173046,"494,675",63% bullish,of 8 ratings,$12.20
ERIE,$85.67,1440170173280,"4,025",Not yet rated,NULL,$73
ESCA,$18.38,1440170173383,"11,077",100% bearish,of 1 rating,$22
ESMC,NULL,1440170173417,0,Not yet rated,NULL,N/A
ESCRP,$1.65,1440170173445,900,100% bearish,of 1 rating,N/A
ESSA,$12.82,1440170173515,"1,989",100% bearish,of 1 rating,N/A
ESCR,$0.185,1440170173543,"25,843",50% bullish,of 2 ratings,N/A
EPIX,NULL,1440170173681,0,Not yet rated,NULL,N/A
ESPR,$53.56,1440170173743,"495,759",67% bearish,of 9 ratings,$123
ESSX,$0.4804,1440170173925,"5,090",50% bullish,of 2 ratings,N/A
ESND,$35.17,1440170173957,"30,750",50% bullish,of 2 ratings,$40
ETSY,$13.3799,1440170173984,"329,823",80% bullish,of 5 ratings,$16
ESEA,$6,1440170174019,406,100% bullish,of 1 rating,$15
CLWT,NULL,1440170174041,0,100% bearish,of 1 rating,N/A
EVEP,$7.3199,1440170174127,"122,681",50% bullish,of 2 ratings,$15
EEFT,$65.14,1440170174171,"99,007",100% bearish,of 1 rating,$67.50
EVK,$3.6718,1440170174402,201,75% bearish,of 4 ratings,N/A
EVOK,$4.2501,1440170174476,"37,309",100% bearish,of 1 rating,$13.375
EVLV,$2.15,1440170174502,"26,003",60% bullish,of 5 ratings,$6.50
EXA,$10.68,1440170174632,700,100% bearish,of 1 rating,$13
EXAS,$19.95,1440170174663,"581,760",78% bullish,of 9 ratings,$31
EXFO,$2.9,1440170174721,"1,100",67% bearish,of 3 ratings,$3.95
EXAC,$18.97,1440170174763,"17,709",100% bearish,of 1 rating,$22.50
EXEL,$4.9725,1440170174823,"2,194,683",81% bullish,of 16 ratings,$6
EVOL,$6.003,1440170174848,"2,212",75% bullish,of 4 ratings,$10
EXLS,$36.585,1440170175008,"30,695",100% bullish,of 1 rating,$41
EXPE,$116.27,1440170175051,"285,649",64% bullish,of 11 ratings,$130
ESRX,$86.57,1440170175080,"1,183,993",67% bearish,of 6 ratings,$101
EXPO,$42.56,1440170175153,"42,153",100% bearish,of 1 rating,$45.50
EXPD,$48.665,1440170175182,"349,494",80% bullish,of 5 ratings,$51.50
EXLP,$18.5788,1440170175385,"27,162",100% bearish,of 1 rating,$27
EXTR,$2.8936,1440170175457,"300,107",80% bullish,of 5 ratings,$3
EYEG,$4.1501,1440170175613,"6,105",Not yet rated,NULL,N/A
EZCH,$21.585,1440170175639,"29,892",75% bullish,of 8 ratings,$19.50
EYEGW,$1.34,1440170175666,600,Not yet rated,NULL,N/A
FFIV,$124.01,1440170175693,"185,614",63% bullish,of 8 ratings,$132
EZPW,$6.02,1440170175801,"64,197",50% bullish,of 4 ratings,$7.50
FRP,$17,1440170175834,"22,245",100% bearish,of 1 rating,$18
FCS,$13.285,1440170175864,"387,426",67% bearish,of 3 ratings,$17
FB,$87.1149,1440170175965,"16,519,547",73% bullish,of 1065 ratings,$111
FWM,$2.194,1440170176132,"67,488",100% bearish,of 2 ratings,$3.20
DAVE,$13.93,1440170176165,"9,339",100% bearish,of 1 rating,$15.50
FALC,$1.6537,1440170176191,663,63% bearish,of 8 ratings,N/A
FARM,$22.3,1440170176345,"6,930",100% bearish,of 1 rating,$35
FFKT,$26.43,1440170176417,"6,170",Not yet rated,NULL,$29
FMNB,$8.03,1440170176620,100,Not yet rated,NULL,N/A
FARO,$38.005,1440170176648,"37,398",50% bullish,of 2 ratings,$48
FATE,$5.8,1440170176681,"24,461",50% bullish,of 2 ratings,$11
FDML,$8.99,1440170176724,"83,556",50% bullish,of 4 ratings,$14
FBSS,NULL,1440170176781,0,Not yet rated,NULL,N/A
FAST,$39.32,1440170176808,"1,027,216",80% bullish,of 5 ratings,$46
FNHC,$21.945,1440170177055,"33,366",100% bearish,of 1 rating,$35
FBRC,$22.38,1440170177155,"1,000",100% bearish,of 1 rating,$29
FHCO,$1.4199,1440170177181,"11,204",50% bullish,of 4 ratings,N/A
FENX,$9.585,1440170177214,"21,318",100% bullish,of 1 rating,$14.25
FEIC,$78.235,1440170177240,"141,425",50% bullish,of 2 ratings,$95.50
FCSC,$5.46,1440170177463,"89,413",100% bearish,of 1 rating,$8.125
FGEN,$22.55,1440170177514,"199,138",100% bearish,of 1 rating,$39
ONEQ,$187.5468,1440170177616,"19,111",100% bullish,of 1 rating,N/A
FDUS,$14.5643,1440170177714,"21,804",100% bullish,of 1 rating,$18
FSAM,$8.73,1440170177754,"4,012",100% bearish,of 1 rating,$11
LION,$19.0525,1440170177793,"55,158",100% bullish,of 1 rating,$20
FSC,$6.39,1440170177883,"297,188",75% bullish,of 4 ratings,$8
FSCFL,$24.74,1440170177909,"2,564",Not yet rated,NULL,N/A
FRGI,$52.1288,1440170177941,"54,577",50% bullish,of 2 ratings,$70
FSFR,$8.81,1440170178083,"31,653",100% bearish,of 1 rating,$11.50
FNGN,$32.88,1440170178388,"157,678",67% bullish,of 3 ratings,$47
FITB,$20.005,1440170178414,"2,067,783",54% bullish,of 13 ratings,$22
FITBI,$27.75,1440170178487,525,Not yet rated,NULL,N/A
FNSR,$15.55,1440170178548,"433,439",71% bullish,of 7 ratings,$24.50
FNTC,NULL,1440170178574,0,Not yet rated,NULL,N/A
FNTCU,NULL,1440170178605,0,Not yet rated,NULL,N/A
FISI,$24.71,1440170178632,"29,065",100% bullish,of 2 ratings,$24.50
FNJN,$1.6421,1440170178705,"4,281",100% bearish,of 1 rating,$5
FNTCW,NULL,1440170178840,0,Not yet rated,NULL,N/A
FNLC,$18.25,1440170179011,"6,992",100% bullish,of 1 rating,N/A
FEYE,$37.27,1440170179036,"2,694,865",87% bullish,of 15 ratings,$55.50
FRBA,$6.06,1440170179069,181,Not yet rated,NULL,$8
BUSE,$6.29,1440170179098,"111,259",Not yet rated,NULL,$6.875
FBIZ,$44,1440170179274,"8,381",100% bearish,of 2 ratings,$52
FBNC,$16.88,1440170179455,"26,660",100% bullish,of 1 rating,$20
FCVA,NULL,1440170179514,0,Not yet rated,NULL,N/A
FCAP,NULL,1440170179645,0,Not yet rated,NULL,N/A
FCNCA,$240.52,1440170179703,"11,754",Not yet rated,NULL,N/A
FCFS,$37.89,1440170179730,"31,726",100% bearish,of 2 ratings,$48
FCLF,NULL,1440170179862,0,Not yet rated,NULL,N/A
FCBC,$17.5801,1440170180019,"24,244",Not yet rated,NULL,$18
FCCO,NULL,1440170180050,0,Not yet rated,NULL,$13.25
FCFP,$6.9,1440170180106,"1,000",Not yet rated,NULL,N/A
FDEF,$37.86,1440170180155,"19,959",Not yet rated,NULL,$38
FBNK,$16.65,1440170180213,"32,239",100% bearish,of 1 rating,$17.50
FFNM,$6.2001,1440170180284,"2,872",Not yet rated,NULL,N/A
FFIN,$30.79,1440170180441,"135,986",50% bullish,of 2 ratings,$31.75
FFBC,$18.66,1440170180467,"82,743",67% bearish,of 3 ratings,$20.25
THFF,$33.01,1440170180633,"16,168",Not yet rated,NULL,$35
FFBCW,NULL,1440170180665,0,100% bearish,of 1 rating,N/A
FFNW,$12.33,1440170180765,"5,000",Not yet rated,NULL,$14
FFWM,$21.31,1440170180792,"6,308",Not yet rated,NULL,$24
INBK,$31.66,1440170180837,"7,568",50% bullish,of 2 ratings,$37
FRME,$25.095,1440170180864,"78,782",Not yet rated,NULL,$26.50
FIBK,$26.98,1440170180996,"34,896",Not yet rated,NULL,$32
FMBH,NULL,1440170181085,0,Not yet rated,NULL,N/A
FNFG,$9.1799,1440170181252,"492,668",80% bullish,of 5 ratings,$9
FNBC,$34.05,1440170181315,"37,304",Not yet rated,NULL,$41.50
FNWB,$12.09,1440170181344,"2,210",Not yet rated,NULL,N/A
FMBI,$17.65,1440170181371,"136,332",Not yet rated,NULL,$20
FSGI,$2.49,1440170181403,200,Not yet rated,NULL,N/A
FSFG,$30.1754,1440170181506,729,Not yet rated,NULL,N/A
FSLR,$46.51,1440170181761,"576,307",74% bullish,of 39 ratings,$65
FTCS,$37.24,1440170181790,"8,895",Not yet rated,NULL,N/A
FCAN,$24.47,1440170181820,22,Not yet rated,NULL,N/A
FV,$23.35,1440170181926,"1,216,190",Not yet rated,NULL,N/A
BICK,$19.6,1440170181962,"1,198",100% bullish,of 1 rating,N/A
FCA,$20.2754,1440170181983,"2,187",Not yet rated,NULL,N/A
FBZ,NULL,1440170182017,0,Not yet rated,NULL,N/A
FSBK,$7.73,1440170182055,200,100% bullish,of 1 rating,N/A
IFV,$17.8102,1440170182379,"909,542",100% bearish,of 1 rating,N/A
FTSM,$59.8903,1440170182416,"5,413",100% bearish,of 1 rating,N/A
TDIV,$24.8157,1440170182514,"202,461",100% bearish,of 1 rating,N/A
MDIV,$19.2901,1440170182611,"137,480",Not yet rated,NULL,N/A
FEUZ,$31.25,1440170182641,"1,790",Not yet rated,NULL,N/A
FTHI,$19.76,1440170182747,"5,399",Not yet rated,NULL,N/A
FEMB,NULL,1440170182775,0,Not yet rated,NULL,N/A
FTGC,$22.153,1440170182811,"101,423",Not yet rated,NULL,N/A
FGM,$35.2853,1440170182843,"14,044",Not yet rated,NULL,N/A
FHK,$33.13,1440170182944,"33,554",Not yet rated,NULL,N/A
HYLS,$49.4001,1440170182983,"18,117",100% bearish,of 1 rating,N/A
FPXI,NULL,1440170183114,0,Not yet rated,NULL,N/A
YDIV,$16.66,1440170183143,"1,892",Not yet rated,NULL,N/A
SKYY,$29.0501,1440170183170,"36,720",100% bullish,of 1 rating,N/A
PLTM,NULL,1440170183414,0,100% bearish,of 1 rating,N/A
CU,$12.77,1440170183468,"5,855",100% bearish,of 1 rating,N/A
FJP,$47.266,1440170183564,"17,105",Not yet rated,NULL,N/A
LMBS,$50.41,1440170183589,900,Not yet rated,NULL,N/A
FMB,NULL,1440170183616,0,Not yet rated,NULL,N/A
FTLB,$19.58,1440170183649,843,100% bearish,of 1 rating,N/A
FONE,$34.89,1440170183750,600,Not yet rated,NULL,N/A
QABA,$37.75,1440170183780,"26,758",100% bearish,of 1 rating,N/A
CIBR,$18.0652,1440170183882,"61,708",Not yet rated,NULL,N/A
RDVY,$21.63,1440170184025,"58,418",Not yet rated,NULL,N/A
QCLN,$14.6701,1440170184052,"5,346",Not yet rated,NULL,N/A
CARZ,$34.82,1440170184079,"1,946",100% bearish,of 1 rating,N/A
GRID,$33.62,1440170184207,24,100% bearish,of 1 rating,N/A
QQEW,$41.75,1440170184401,"43,313",Not yet rated,NULL,N/A
QQXT,$40.65,1440170184460,"11,394",Not yet rated,NULL,N/A
QINC,$20.94,1440170184498,"1,500",Not yet rated,NULL,N/A
FDIV,$47.53,1440170184533,"4,648",100% bearish,of 1 rating,N/A
QTEC,$39.85,1440170184561,"123,983",Not yet rated,NULL,N/A
FTSL,$48.8003,1440170184631,"13,937",100% bearish,of 1 rating,N/A
FKO,$22.07,1440170184657,"2,500",Not yet rated,NULL,N/A
AIRR,$16.23,1440170184687,"1,555",100% bearish,of 1 rating,N/A
FTW,NULL,1440170184930,0,Not yet rated,NULL,N/A
FKU,$42.02,1440170184980,"14,838",Not yet rated,NULL,N/A
TUSA,NULL,1440170185007,0,Not yet rated,NULL,N/A
FSZ,$39.27,1440170185163,"10,658",Not yet rated,NULL,N/A
FMER,$17.48,1440170185366,"483,984",50% bullish,of 2 ratings,$20
FSV,$32.25,1440170185397,"7,500",Not yet rated,NULL,$33.60
FUNC,$8.23,1440170185423,200,Not yet rated,NULL,N/A
SVVC,$10.4485,1440170185455,"20,558",100% bullish,of 1 rating,$26
FIVE,$35.39,1440170185498,"153,827",75% bearish,of 4 ratings,$44
FISV,$86.74,1440170185555,"300,963",100% bearish,of 3 ratings,$90
FPRX,$17.89,1440170185593,"129,065",50% bullish,of 2 ratings,$35
FLKS,$13.27,1440170185887,"30,835",50% bullish,of 2 ratings,$27
FIVN,$4.05,1440170185914,"87,178",100% bullish,of 1 rating,$8.50
FLXN,$23.78,1440170185935,"39,790",100% bearish,of 1 rating,$40
FLML,$20.748,1440170185969,"55,879",50% bullish,of 2 ratings,$30
SKOR,$50.348,1440170186075,500,Not yet rated,NULL,N/A
MBSD,NULL,1440170186099,0,Not yet rated,NULL,N/A
FLEX,$10.4569,1440170186293,"508,387",63% bullish,of 8 ratings,$12
FLDM,$12.36,1440170186391,"328,466",67% bearish,of 3 ratings,$21.50
FFIC,$20.2,1440170186423,"22,143",Not yet rated,NULL,$21
FLXS,$31.15,1440170186564,"13,617",100% bearish,of 2 ratings,N/A
FOMX,$9.5501,1440170186595,"47,639",50% bullish,of 2 ratings,$23.50
FES,$0.9428,1440170186627,"1,500",50% bullish,of 2 ratings,$1
FOGO,$18.7,1440170186649,"13,910",50% bullish,of 2 ratings,$25.50
FLIR,$29.17,1440170186684,"175,621",100% bearish,of 1 rating,$38.50
FONR,$9.615,1440170186779,"7,601",100% bullish,of 1 rating,N/A
FORM,$6.03,1440170186919,"106,254",67% bullish,of 3 ratings,$10.50
FTNT,$43.55,1440170187136,"534,866",80% bullish,of 10 ratings,$52
FORTY,$32.07,1440170187207,488,Not yet rated,NULL,N/A
FORR,$32.25,1440170187234,"20,418",Not yet rated,NULL,N/A
FBIO,$2.5801,1440170187267,"87,478",83% bullish,of 6 ratings,N/A
FMI,$21.25,1440170187399,"158,733",100% bearish,of 2 ratings,$27.50
FWRD,$46.8175,1440170187426,"103,387",100% bearish,of 1 rating,$50
FOSL,$59.81,1440170187451,"171,802",50% bullish,of 4 ratings,$80
FWP,$24.85,1440170187486,"4,815",100% bearish,of 1 rating,$45
FORD,$1,1440170187589,"22,400",50% bullish,of 2 ratings,N/A
FOXF,$15.27,1440170187791,"34,173",100% bearish,of 1 rating,$19
FELE,$29.015,1440170187893,"102,561",50% bullish,of 4 ratings,$33
FRAN,$10.18,1440170187921,"112,886",50% bullish,of 4 ratings,$15
FRED,$14.5,1440170187969,"88,837",50% bullish,of 2 ratings,$16.50
FXCB,$17.13,1440170187995,"11,712",Not yet rated,NULL,$19
FREE,$0.4304,1440170188127,"661,347",92% bullish,of 12 ratings,N/A
FEIM,$11.46,1440170188276,200,100% bearish,of 1 rating,N/A
FTRPR,$102.68,1440170188333,"17,532",100% bearish,of 1 rating,N/A
FRPT,$13.015,1440170188364,"136,285",67% bearish,of 3 ratings,$23.50
FRPH,$30.52,1440170188501,"8,406",100% bearish,of 1 rating,N/A
FSBW,$23.2556,1440170188532,"1,300",Not yet rated,NULL,N/A
FTR,$5.18,1440170188568,"5,072,766",78% bullish,of 27 ratings,$6.25
RAIL,$20.28,1440170188662,"33,177",100% bearish,of 1 rating,$24.50
FSYS,$6.35,1440170188688,"11,087",67% bullish,of 3 ratings,$10
FTD,$29.78,1440170188716,"38,255",100% bearish,of 1 rating,$40
FTEK,$2.18,1440170188994,"12,494",75% bullish,of 4 ratings,N/A
FCEL,$0.731,1440170189055,"736,850",88% bullish,of 40 ratings,$2.65
FULLL,$25.4,1440170189126,800,Not yet rated,NULL,N/A
FULL,$3.18,1440170189187,"9,839",67% bearish,of 3 ratings,$4.25
FULT,$12.375,1440170189222,"452,469",100% bearish,of 1 rating,$13
FLL,$1.4899,1440170189244,"7,300",75% bullish,of 4 ratings,$2.825
FSNN,$2.5,1440170189321,100,67% bullish,of 3 ratings,$6
FXENP,$16.3,1440170189377,100,100% bearish,of 1 rating,N/A
FXEN,$0.9372,1440170189475,"27,285",75% bullish,of 4 ratings,$1.10
WILC,$5.13,1440170189685,375,100% bullish,of 2 ratings,N/A
GAIA,$5.9,1440170189715,"12,688",50% bullish,of 2 ratings,$8.50
FFHL,NULL,1440170189765,0,50% bullish,of 4 ratings,N/A
GK,$69.45,1440170189821,"28,812",Not yet rated,NULL,$78
GLPG,$61.75,1440170189852,"11,893",100% bullish,of 1 rating,$75
GALT,$1.8899,1440170189954,"23,723",80% bullish,of 5 ratings,N/A
GALTU,NULL,1440170190025,0,100% bearish,of 1 rating,N/A
GALTW,NULL,1440170190093,0,100% bullish,of 1 rating,N/A
GALE,$1.31,1440170190166,"767,475",89% bullish,of 47 ratings,$4
GLPI,$32.175,1440170190294,"140,980",100% bearish,of 1 rating,$37.50
GRMN,$38.7,1440170190395,"390,755",50% bullish,of 6 ratings,$48
GLMD,$8.5,1440170190464,"3,682",67% bullish,of 3 ratings,$20.50
GGACR,NULL,1440170190530,0,100% bullish,of 1 rating,N/A
GPIC,NULL,1440170190556,0,100% bearish,of 1 rating,N/A
GGAC,NULL,1440170190587,0,100% bearish,of 1 rating,N/A
GGACU,NULL,1440170190614,0,Not yet rated,NULL,N/A
GGACW,$0.12,1440170190686,274,Not yet rated,NULL,N/A
GARS,$14.84,1440170190863,"9,743",Not yet rated,NULL,$16
GENC,$9.44,1440170190963,800,100% bearish,of 1 rating,N/A
GFN,$3.71,1440170190994,"17,449",100% bearish,of 2 ratings,$8
GNCMA,$16.625,1440170191126,"60,935",100% bearish,of 1 rating,$12
GFNCP,NULL,1440170191152,0,Not yet rated,NULL,N/A
GFNSL,$25.3001,1440170191178,200,Not yet rated,NULL,N/A
GENE,$2.25,1440170191227,"81,906",100% bullish,of 12 ratings,N/A
GNMK,$9.02,1440170191360,"102,025",67% bullish,of 6 ratings,$14
GNCA,$12.16,1440170191402,"72,964",100% bearish,of 1 rating,$20
THRM,$43.835,1440170191503,"95,340",75% bearish,of 4 ratings,$55.50
GNTX,$15.2,1440170191535,"381,962",Not yet rated,NULL,$20
GTWN,NULL,1440170191637,0,Not yet rated,NULL,N/A
GEOS,$14.89,1440170191669,"27,839",100% bearish,of 3 ratings,$25.50
GNVC,$2.41,1440170191716,"2,920",90% bullish,of 10 ratings,$8.50
GHDX,$24.58,1440170191767,"35,371",50% bullish,of 2 ratings,$30
GABC,$29.5,1440170191958,"17,725",Not yet rated,NULL,$31.50
GERN,$3.0264,1440170191990,"944,725",88% bullish,of 16 ratings,$5.25
GEVO,$2.26,1440170192091,"124,881",75% bullish,of 12 ratings,$5
ROCK,$17.495,1440170192187,"75,510",80% bullish,of 5 ratings,$24
GIII,$64.115,1440170192217,"95,467",67% bullish,of 3 ratings,$75
GILD,$109.27,1440170192350,"4,356,334",91% bullish,of 86 ratings,$129
GIGM,$0.62,1440170192499,"14,100",100% bullish,of 2 ratings,N/A
GIGA,$1.49,1440170192578,"2,713",100% bearish,of 1 rating,N/A
GBCI,$26.23,1440170192612,"119,927",50% bullish,of 2 ratings,$31
GLADO,$25.49,1440170192643,"1,500",Not yet rated,NULL,N/A
GILT,$4.46,1440170192672,"1,410",50% bullish,of 2 ratings,N/A
GLAD,$8.5628,1440170192694,"77,576",50% bullish,of 2 ratings,$8.75
GOOD,$15.32,1440170192728,"48,448",Not yet rated,NULL,$19
GOODN,$25.64,1440170192901,286,Not yet rated,NULL,N/A
GOODO,$25.1001,1440170193039,601,Not yet rated,NULL,N/A
GOODP,NULL,1440170193070,0,Not yet rated,NULL,N/A
GAIN,$7.61,1440170193173,"99,847",100% bullish,of 2 ratings,$8.25
GAINN,NULL,1440170193198,0,Not yet rated,NULL,N/A
GAINP,$26.0375,1440170193374,850,Not yet rated,NULL,N/A
LAND,$9.38,1440170193400,"3,500",50% bullish,of 2 ratings,$13.75
GAINO,$25.3,1440170193426,700,Not yet rated,NULL,N/A
GLBZ,NULL,1440170193569,0,Not yet rated,NULL,N/A
GDEF,NULL,1440170193597,0,Not yet rated,NULL,N/A
GBT,$44.0001,1440170193626,"129,558",100% bearish,of 1 rating,N/A
ENT,$11.5,1440170193652,"87,211",100% bearish,of 1 rating,$18
GPACU,NULL,1440170193788,0,Not yet rated,NULL,N/A
GBLI,$26.25,1440170193818,"6,074",Not yet rated,NULL,N/A
GSOL,$8.3,1440170193844,"2,536",100% bearish,of 1 rating,N/A
ACTX,$13.53,1440170193869,400,100% bullish,of 1 rating,N/A
QQQC,$19.6055,1440170194187,"3,350",100% bearish,of 1 rating,N/A
SOCL,$17.3425,1440170194217,"52,395",100% bullish,of 2 ratings,N/A
ALTY,NULL,1440170194260,0,Not yet rated,NULL,N/A
GAI,$5.37,1440170194287,"1,260",50% bullish,of 2 ratings,N/A
GSM,$13.07,1440170194319,"123,995",50% bullish,of 2 ratings,$24.50
YLCO,$11.8536,1440170194345,134,Not yet rated,NULL,N/A
SRET,$13.794,1440170194418,"1,774",Not yet rated,NULL,N/A
GBIM,$2.231,1440170194582,"10,385",50% bullish,of 2 ratings,N/A
GLBS,$1.16,1440170194679,100,67% bullish,of 3 ratings,N/A
GLRI,$1.26,1440170194709,"39,805",100% bearish,of 1 rating,$6
GOGO,$15.44,1440170194740,"199,904",80% bullish,of 5 ratings,$25
GLUU,$4.34,1440170194767,"1,106,621",92% bullish,of 26 ratings,$9
GLYC,$7.1598,1440170194795,"3,450",50% bullish,of 2 ratings,$14
GMLP,$19.37,1440170194995,"40,442",50% bullish,of 4 ratings,$32.50
GLNG,$35.96,1440170195051,"181,394",83% bullish,of 6 ratings,$58
GOGL,$3.01,1440170195180,"225,506",75% bullish,of 4 ratings,$5
GDEN,$8.985,1440170195282,"4,965",50% bullish,of 2 ratings,N/A
GLDC,NULL,1440170195307,0,50% bullish,of 2 ratings,N/A
GBDC,$16.49,1440170195337,"37,518",Not yet rated,NULL,$17.75
GTIM,$6.03,1440170195442,"37,973",Not yet rated,NULL,$11.50
GOOG,$630.83,1440170195532,"785,652",89% bullish,of 66 ratings,$825
GOOGL,$663.24,1440170195557,"750,523",88% bullish,of 1079 ratings,$749
GMAN,$4.4701,1440170195591,"33,484",60% bullish,of 5 ratings,$8
GPRO,$48.87,1440170195613,"2,457,145",78% bullish,of 58 ratings,$72
GPIAU,NULL,1440170195703,0,Not yet rated,NULL,N/A
LOPE,$36.63,1440170195754,"109,129",100% bearish,of 2 ratings,$50
GPIA,NULL,1440170195781,0,Not yet rated,NULL,N/A
GRVY,$3.6,1440170195959,700,50% bullish,of 2 ratings,N/A
GPIAW,NULL,1440170195985,0,Not yet rated,NULL,N/A
GBSN,$1.5,1440170196194,"250,724",100% bearish,of 1 rating,$8.25
GBSNU,$16.6,1440170196229,"6,901",Not yet rated,NULL,N/A
GLDD,$5.41,1440170196263,"125,175",100% bearish,of 4 ratings,$7.75
GNBC,$12.18,1440170196293,"8,512",100% bearish,of 1 rating,$17
GSBC,$40.42,1440170196394,"16,532",100% bullish,of 1 rating,$44
GPRE,$19.04,1440170196426,"279,340",67% bullish,of 6 ratings,$28.50
GRBK,$13.1,1440170196454,"77,791",77% bullish,of 13 ratings,N/A
GPP,$14.77,1440170196523,"17,342",Not yet rated,NULL,$20.50
GLRE,$24.76,1440170196686,"83,117",50% bullish,of 2 ratings,$41
GRFS,$30.99,1440170196725,"81,252",50% bullish,of 2 ratings,$35
GRIF,$31.092,1440170196751,130,100% bearish,of 1 rating,N/A
GRPN,$4.09,1440170196894,"2,258,757",61% bullish,of 71 ratings,$6.75
GCBC,NULL,1440170196962,0,100% bullish,of 1 rating,N/A
OMAB,$40.11,1440170196991,"8,758",100% bullish,of 1 rating,$44
GGAL,$17.95,1440170197131,"96,858",80% bullish,of 5 ratings,$40
GSVC,$8.8,1440170197216,"64,987",50% bullish,of 2 ratings,$14.50
GTXI,$0.905,1440170197273,"5,920",100% bullish,of 5 ratings,$.75
GSIG,$13.02,1440170197301,"27,105",100% bearish,of 2 ratings,N/A
GSIT,$4.9011,1440170197329,"7,284",100% bearish,of 1 rating,N/A
GFED,NULL,1440170197432,0,Not yet rated,NULL,$17
GUID,$7.065,1440170197467,"101,112",100% bearish,of 3 ratings,$10
GULTU,$0.3,1440170197599,"31,494",100% bearish,of 1 rating,N/A
GBNK,$15.85,1440170197629,"19,784",100% bearish,of 1 rating,$18
GIFI,$12.09,1440170197682,"6,878",100% bearish,of 1 rating,$16
GURE,$1.72,1440170197770,"15,547",88% bullish,of 8 ratings,N/A
GPOR,$33.31,1440170197792,"146,494",75% bullish,of 4 ratings,$55
GWPH,$103.24,1440170197873,"88,009",78% bullish,of 9 ratings,$148.50
GYRO,$2.87,1440170198034,"25,804",100% bearish,of 1 rating,N/A
HEES,$16.25,1440170198186,"109,156",67% bearish,of 3 ratings,$31
HLG,$9.64,1440170198228,"3,000",100% bearish,of 1 rating,N/A
HNRG,$7.3,1440170198312,"40,639",100% bearish,of 1 rating,$10
HALL,$11.51,1440170198360,"18,602",Not yet rated,NULL,N/A
GWGH,NULL,1440170198414,0,100% bearish,of 1 rating,$15.05
HALO,$16.82,1440170198488,"552,083",67% bullish,of 3 ratings,$22.50
HBHC,$27.08,1440170198616,"193,391",50% bullish,of 2 ratings,$30
HBK,NULL,1440170198645,0,50% bullish,of 2 ratings,N/A
HMPR,$1.89,1440170198704,"48,841",100% bullish,of 1 rating,N/A
HBHCL,$24.521,1440170198735,"6,553",Not yet rated,NULL,N/A
HNH,$28.45,1440170198837,"9,337",100% bullish,of 1 rating,N/A
HNSN,$0.5057,1440170198873,"5,726",88% bullish,of 8 ratings,$.40
HAFC,$24.3576,1440170198972,"26,722",100% bullish,of 2 ratings,$28.50
HQCL,$8.99,1440170199117,"6,803",67% bullish,of 3 ratings,N/A
HDNG,$10.0389,1440170199143,"1,630",50% bullish,of 4 ratings,N/A
HLIT,$5.52,1440170199289,"134,470",100% bearish,of 1 rating,$6.50
HRMN,NULL,1440170199362,0,Not yet rated,NULL,N/A
HRMNU,NULL,1440170199529,0,Not yet rated,NULL,N/A
HRMNW,NULL,1440170199558,0,Not yet rated,NULL,N/A
TINY,$2.503,1440170199693,"8,135",50% bullish,of 2 ratings,$5.26
HART,$0.661,1440170199720,"9,834",100% bearish,of 1 rating,N/A
HCAP,$12.21,1440170199774,"12,999",50% bullish,of 2 ratings,$15
HAS,$75.86,1440170199803,"286,692",63% bullish,of 8 ratings,$84.50
HBIO,$4.36,1440170199825,"53,630",Not yet rated,NULL,$10
HCAPL,NULL,1440170199867,0,Not yet rated,NULL,N/A
HA,$23.72,1440170200024,"271,150",67% bullish,of 9 ratings,$27
HCOM,$22.65,1440170200061,"18,198",100% bearish,of 1 rating,$28
HAYN,$37.9,1440170200247,"17,990",100% bearish,of 1 rating,$59
HWBK,NULL,1440170200273,0,100% bearish,of 1 rating,N/A
HWKN,$36.67,1440170200295,"13,524",Not yet rated,NULL,N/A
HDS,$33.14,1440170200345,"480,245",100% bearish,of 2 ratings,$39.50
HIIQ,$4.6,1440170200625,"19,758",50% bullish,of 2 ratings,$7
HCSG,$33.58,1440170200695,"154,944",50% bullish,of 4 ratings,$35
HSTM,$24.7,1440170200731,"52,472",50% bullish,of 2 ratings,$33.75
HQY,$29.22,1440170200765,"149,453",67% bullish,of 3 ratings,$31
HTLF,$35.91,1440170200830,"27,165",100% bullish,of 1 rating,$39.50
HTLD,$19.76,1440170200856,"106,291",Not yet rated,NULL,$22.50
HWAY,$12.32,1440170200886,"82,323",100% bearish,of 1 rating,$15
HTWR,$82.21,1440170200912,"91,706",50% bullish,of 2 ratings,$103
HSII,$20,1440170201099,"33,740",100% bullish,of 3 ratings,$25
HTBX,$5.37,1440170201189,"16,416",50% bullish,of 2 ratings,$15.50
HELE,$88.1,1440170201234,"61,470",67% bearish,of 3 ratings,$100
HMNY,$2.2701,1440170201295,"1,928",100% bearish,of 1 rating,N/A
HMTV,$12.71,1440170201428,"7,376",100% bearish,of 1 rating,$16
HNNA,$24.3896,1440170201457,"6,051",Not yet rated,NULL,N/A
HSIC,$139.66,1440170201594,"118,811",83% bullish,of 6 ratings,$146
HFWA,$17.7,1440170201694,"39,883",100% bullish,of 1 rating,$20
HERO,$0.0696,1440170201723,"220,758",81% bullish,of 16 ratings,$.75
HCACU,$10.0043,1440170201745,"2,000",Not yet rated,NULL,N/A
HEOP,$7.79,1440170201775,"16,224",Not yet rated,NULL,$8.50
HTBK,$10.7604,1440170201904,"50,674",Not yet rated,NULL,$12
HCCI,$11.75,1440170201961,"13,830",100% bearish,of 1 rating,$16.50
MLHR,$28.22,1440170201988,"109,820",50% bullish,of 2 ratings,$33.50
HRTX,$33.05,1440170202063,"178,048",67% bullish,of 6 ratings,$41
HSKA,$32.75,1440170202129,"17,753",100% bearish,of 1 rating,$38
HFFC,$16.2,1440170202207,832,Not yet rated,NULL,N/A
HIBB,$38.52,1440170202369,"470,587",100% bearish,of 1 rating,$48.50
HPJ,$2.21,1440170202398,"74,539",75% bullish,of 4 ratings,$12.43
HIHO,$3.95,1440170202499,"6,222",Not yet rated,NULL,N/A
HIFS,$118.59,1440170202569,"1,569",Not yet rated,NULL,N/A
HIMX,$6.28,1440170202600,"357,547",86% bullish,of 21 ratings,$8.50
HMNF,$11.1,1440170202701,"2,410",Not yet rated,NULL,N/A
HMSY,$8.83,1440170202742,"426,414",67% bullish,of 3 ratings,$19.35
HOLX,$40.03,1440170202877,"290,595",67% bullish,of 3 ratings,$42
HOLI,$17.09,1440170203035,"68,109",50% bullish,of 4 ratings,$27
HOMB,$38.52,1440170203086,"147,846",Not yet rated,NULL,$41
HSGX,$5.99,1440170203118,"20,000",100% bearish,of 1 rating,$17
HFBL,NULL,1440170203139,0,Not yet rated,NULL,N/A
HBCP,$24.5,1440170203216,"22,702",Not yet rated,NULL,$29
HMIN,$29.18,1440170203319,"22,404",100% bearish,of 2 ratings,$35
HMST,$21.12,1440170203359,"40,921",100% bullish,of 2 ratings,$27
AWAY,$29.39,1440170203385,"143,043",67% bullish,of 3 ratings,$36
CETC,$0.8152,1440170203525,"20,807",86% bullish,of 7 ratings,N/A
HKTV,$4.8,1440170203552,811,100% bearish,of 1 rating,N/A
HOFT,$24.3,1440170203681,"28,641",100% bearish,of 1 rating,N/A
HTBI,$18.4,1440170203728,"26,876",67% bullish,of 3 ratings,$18.625
HFBC,$11.62,1440170203887,"1,920",Not yet rated,NULL,N/A
HZNP,$28.82,1440170203913,"996,431",85% bullish,of 20 ratings,$40
HRZN,$10.7,1440170203942,"15,813",100% bearish,of 1 rating,$14.25
HBNC,$24.31,1440170203972,"19,189",100% bullish,of 1 rating,$27
ZINC,$7.15,1440170204077,"220,920",100% bearish,of 1 rating,$17
HWCC,$7.16,1440170204211,"21,219",100% bearish,of 1 rating,$9
HMHC,$22.11,1440170204265,"271,360",Not yet rated,NULL,$27
HDP,$25,1440170204348,"66,639",67% bearish,of 3 ratings,$30.50
HOVNP,NULL,1440170204454,0,100% bearish,of 1 rating,N/A
HTGM,$5.81,1440170204492,"3,502",100% bearish,of 1 rating,$19.50
HSNI,$61.26,1440170204517,"107,594",Not yet rated,NULL,$80
HBMD,$13.46,1440170204543,300,100% bearish,of 1 rating,N/A
HUBG,$39.04,1440170204933,"72,668",100% bearish,of 1 rating,$43
HSON,$2.85,1440170205041,"3,949",100% bearish,of 1 rating,$5
HDSN,$2.82,1440170205075,"13,908",100% bullish,of 1 rating,$6.25
HBAN,$11.1,1440170205105,"2,414,986",76% bullish,of 17 ratings,$12.29
HURC,$29.95,1440170205183,"7,269",100% bearish,of 1 rating,N/A
HURN,$73.25,1440170205219,"45,090",50% bullish,of 2 ratings,$80
HCBK,$9.73,1440170205245,"794,260",83% bullish,of 6 ratings,$8.61
HBANP,$1335,1440170205314,10,100% bearish,of 1 rating,N/A
HTCH,$1.6015,1440170205446,"11,524",100% bearish,of 1 rating,$3.50
HBP,NULL,1440170205651,0,100% bullish,of 1 rating,N/A
HYGS,$7.54,1440170205721,"10,084",50% bullish,of 2 ratings,$13
HDRAR,NULL,1440170205746,0,Not yet rated,NULL,N/A
HDRAW,NULL,1440170205793,0,Not yet rated,NULL,N/A
IDSY,$3.86,1440170205824,"1,786",100% bearish,of 1 rating,$7
HDRA,NULL,1440170205845,0,Not yet rated,NULL,N/A
HDRAU,NULL,1440170205983,0,Not yet rated,NULL,N/A
IBKC,$60.7,1440170206089,"87,115",100% bullish,of 1 rating,$70
IKGH,NULL,1440170206123,0,75% bullish,of 4 ratings,N/A
IACI,$71.31,1440170206152,"243,838",75% bullish,of 4 ratings,$90
ICAD,$3.507,1440170206186,"3,600",50% bullish,of 2 ratings,$7.25
IEP,$66.66,1440170206321,"54,786",75% bullish,of 4 ratings,$99
ICFI,$35.77,1440170206353,"39,770",50% bullish,of 2 ratings,$48.50
ICLR,$77.1,1440170206455,"81,558",100% bearish,of 3 ratings,$85
ICON,$12.21,1440170206646,"193,524",50% bullish,of 2 ratings,$18.50
ICUI,$115.8,1440170206712,"38,378",Not yet rated,NULL,$122
INVE,$4.25,1440170206779,"62,770",75% bullish,of 4 ratings,$4
IPWR,NULL,1440170206808,0,100% bullish,of 1 rating,$15
IDRA,$2.44,1440170206840,"508,198",89% bullish,of 9 ratings,$6.50
IDXX,$74.9,1440170206869,"122,808",100% bearish,of 1 rating,$77
IROQ,$16.5,1440170206905,100,100% bullish,of 1 rating,N/A
IRG,$4.665,1440170207007,"1,006",100% bearish,of 1 rating,$4.50
DSKY,$12.15,1440170207110,"61,616",67% bullish,of 6 ratings,$11.50
IIVI,$17.39,1440170207188,"83,939",100% bearish,of 1 rating,$22
IKAN,$2.72,1440170207246,"13,759",83% bullish,of 6 ratings,$5
RXDX,$12.05,1440170207318,"53,874",100% bullish,of 1 rating,$20
KANG,$14.9,1440170207389,"48,287",50% bullish,of 2 ratings,$22.55
ILMN,$198.6,1440170207607,"315,219",80% bullish,of 5 ratings,$240
ISNS,$3.86,1440170207633,"26,936",50% bullish,of 2 ratings,N/A
IMMR,$10.76,1440170207683,"92,518",80% bullish,of 5 ratings,$15.50
ICCC,$8.152,1440170207870,"1,880",100% bullish,of 1 rating,N/A
IMDZ,$15.1,1440170207930,"27,731",100% bearish,of 1 rating,$33
IMNP,$1.3832,1440170208003,"32,075",50% bullish,of 2 ratings,$6
IMGN,$13.02,1440170208032,"462,562",75% bullish,of 4 ratings,$17.50
IMMU,$1.87,1440170208100,"390,026",86% bullish,of 7 ratings,$2
IPXL,$42.96,1440170208125,"241,551",67% bullish,of 3 ratings,$46.50
IKNX,NULL,1440170208330,0,100% bearish,of 1 rating,N/A
SAAS,$7.42,1440170208364,"147,922",50% bullish,of 2 ratings,$15
IMMY,$7.25,1440170208386,103,100% bearish,of 1 rating,$11
INCR,$42.36,1440170208462,"85,402",50% bullish,of 2 ratings,$53
INDB,$46.39,1440170208518,"28,724",Not yet rated,NULL,$44
INCY,$104.3,1440170208567,"216,903",50% bullish,of 6 ratings,$125.50
IBCP,$13.95,1440170208662,"23,624",100% bullish,of 1 rating,$14.50
IDSA,$3.53,1440170208795,200,Not yet rated,NULL,N/A
IBTX,$43.43,1440170208821,"22,312",100% bullish,of 2 ratings,$47.25
INFN,$20.77,1440170208951,"951,749",71% bullish,of 7 ratings,$28
IPCC,$80.3,1440170208980,"12,581",Not yet rated,NULL,$77.50
INFI,$9.09,1440170209003,"219,919",50% bullish,of 4 ratings,$18
III,$4.19,1440170209152,"11,686",57% bullish,of 7 ratings,$6
IFON,$1.18,1440170209178,"30,843",75% bullish,of 4 ratings,N/A
IMKTA,$53.58,1440170209330,"38,485",100% bearish,of 1 rating,N/A
INNL,NULL,1440170209430,0,100% bearish,of 1 rating,$16.50
INOD,$2.5,1440170209460,500,100% bearish,of 1 rating,N/A
IPHS,$47.51,1440170209486,"37,203",100% bearish,of 1 rating,$60
INWK,$7.17,1440170209562,"60,976",50% bullish,of 2 ratings,$10
INGN,$48.26,1440170209696,"45,025",100% bearish,of 1 rating,$50.50
IOSP,$48.87,1440170209723,"271,336",100% bearish,of 1 rating,N/A
ITEK,$13.9,1440170209752,"195,005",100% bearish,of 3 ratings,$20
ISSC,$2.8501,1440170209883,"5,007",67% bearish,of 3 ratings,N/A
NSIT,$25.7,1440170209946,"70,486",50% bullish,of 2 ratings,N/A
INOV,$20.93,1440170210016,"130,113",100% bearish,of 1 rating,$33
INO,$6.87,1440170210078,"444,850",89% bullish,of 18 ratings,$20
ISIG,$2.57,1440170210105,202,100% bearish,of 1 rating,N/A
INSM,$24.36,1440170210259,"152,178",71% bullish,of 7 ratings,$31.50
IIIN,$17.6,1440170210289,"17,294",100% bearish,of 2 ratings,N/A
PODD,$28.63,1440170210390,"122,338",50% bullish,of 2 ratings,$35
INSY,$31.86,1440170210450,"219,202",75% bullish,of 4 ratings,$48
NTEC,$5.74,1440170210481,"3,000",Not yet rated,NULL,N/A
IART,$60.09,1440170210511,"51,858",100% bearish,of 1 rating,$71.50
IDTI,$17.4305,1440170210611,"742,281",60% bullish,of 5 ratings,$25
ISSI,$22.32,1440170210776,"84,915",67% bullish,of 3 ratings,$19.75
IESC,$7.245,1440170210804,100,100% bearish,of 1 rating,N/A
IQNT,$19.1,1440170210826,"79,113",86% bullish,of 7 ratings,$20
INTC,$27.2436,1440170210857,"12,058,350",82% bullish,of 238 ratings,$36
IPCI,$2.14,1440170210990,"5,300",67% bullish,of 6 ratings,$7.75
IPAR,$27.01,1440170211024,"19,887",67% bullish,of 3 ratings,$38
IBKR,$38.745,1440170211158,"191,256",100% bullish,of 1 rating,N/A
ICPT,$189.33,1440170211192,"145,588",70% bullish,of 10 ratings,$359.50
ICLD,$1.85,1440170211293,"237,981",75% bullish,of 4 ratings,N/A
ININ,$37.99,1440170211320,"32,674",67% bearish,of 3 ratings,$57
IDCC,$47.57,1440170211391,"100,281",80% bullish,of 5 ratings,$63
TILE,$24.51,1440170211541,"166,712",67% bearish,of 3 ratings,$27
ICLDW,NULL,1440170211602,0,100% bearish,of 1 rating,N/A
IMI,$1.95,1440170211629,39,67% bullish,of 3 ratings,$2.22
INAP,$8.27,1440170211802,"82,941",75% bullish,of 4 ratings,$11
IGLD,$7.14,1440170211835,"1,100",50% bullish,of 2 ratings,N/A
IBOC,$25.8,1440170211862,"92,812",100% bearish,of 1 rating,N/A
ISCA,$31.51,1440170211937,"25,204",100% bearish,of 1 rating,N/A
INPH,$0.3,1440170212063,"8,240",50% bullish,of 2 ratings,N/A
IIJI,NULL,1440170212092,0,50% bullish,of 2 ratings,$11.50
PTNT,$2.98,1440170212122,150,Not yet rated,NULL,N/A
XENT,$27.25,1440170212166,"54,822",50% bullish,of 2 ratings,$36.50
ISIL,$10.21,1440170212266,"320,587",50% bullish,of 6 ratings,$15
INTX,$2.5601,1440170212371,"12,866",67% bullish,of 3 ratings,N/A
IILG,$20.15,1440170212506,"104,216",100% bearish,of 1 rating,$30.50
IVAC,$4.93,1440170212538,700,Not yet rated,NULL,$6.625
INTL,$26.5,1440170212591,"38,480",67% bearish,of 3 ratings,N/A
INTLL,NULL,1440170212637,0,Not yet rated,NULL,N/A
ITCI,$28.24,1440170212667,"159,810",75% bearish,of 4 ratings,$40
IIN,$6.4,1440170212767,"1,700",100% bearish,of 1 rating,$12
ISRG,$503.95,1440170213095,"57,983",67% bullish,of 3 ratings,$600
ITIC,NULL,1440170213125,0,100% bearish,of 2 ratings,N/A
INVT,$0.2888,1440170213147,"6,930",67% bullish,of 3 ratings,N/A
SNAK,$8.43,1440170213178,"75,734",50% bullish,of 2 ratings,$14
ISBC,$11.87,1440170213206,"973,064",100% bullish,of 1 rating,$13.25
NVIV,$10.06,1440170213338,"134,125",50% bullish,of 4 ratings,$24.50
ISTR,$15.51,1440170213367,442,100% bearish,of 1 rating,$18.50
INTU,$90.645,1440170213391,"2,523,666",100% bullish,of 7 ratings,$110.50
IVTY,$13.21,1440170213576,"2,505",Not yet rated,NULL,$18
DFVL,NULL,1440170213637,0,Not yet rated,NULL,N/A
IPCM,$79.24,1440170213720,"319,059",50% bullish,of 2 ratings,$80.125
IPAS,$1.04,1440170213750,"18,670",67% bullish,of 3 ratings,N/A
DTUL,NULL,1440170213804,0,Not yet rated,NULL,N/A
IPGP,$85.8189,1440170213852,"30,412",100% bearish,of 2 ratings,$109.50
IRMD,$24.85,1440170213988,"4,815",67% bearish,of 3 ratings,$25
IRIX,$7.15,1440170214056,"5,095",100% bearish,of 1 rating,N/A
IRDM,$6.57,1440170214147,"194,247",60% bullish,of 5 ratings,$11.50
IRDMB,$266.05,1440170214188,200,67% bearish,of 3 ratings,N/A
IRWD,$10.89,1440170214253,"398,009",100% bearish,of 1 rating,$13
IRCP,$32.13,1440170214411,101,100% bullish,of 2 ratings,N/A
COMT,$32.29,1440170214469,"4,684",100% bearish,of 1 rating,N/A
IRBT,$29.45,1440170214497,"79,806",67% bullish,of 6 ratings,$37
GNMA,$50.25,1440170214546,400,Not yet rated,NULL,N/A
FCHI,$47.6701,1440170214697,"1,050",Not yet rated,NULL,N/A
IFEU,$39.14,1440170214826,"3,866",Not yet rated,NULL,N/A
IFGL,$29.2,1440170214855,"30,872",Not yet rated,NULL,N/A
IFAS,$28.58,1440170214877,"3,292",Not yet rated,NULL,N/A
ACWX,$40.91,1440170214920,"47,183",100% bearish,of 1 rating,N/A
IFNA,$56.26,1440170215010,1,Not yet rated,NULL,N/A
AAXJ,$52.96,1440170215111,"536,774",Not yet rated,NULL,N/A
ACWI,$56.31,1440170215141,"184,706",Not yet rated,NULL,N/A
AXJS,NULL,1440170215251,0,Not yet rated,NULL,N/A
AAIT,NULL,1440170215284,0,100% bullish,of 1 rating,N/A
EEMA,$49.81,1440170215381,"347,598",Not yet rated,NULL,N/A
EMDI,NULL,1440170215407,0,Not yet rated,NULL,N/A
EEME,$38.42,1440170215550,256,100% bearish,of 1 rating,N/A
EGRW,$48.49,1440170215640,100,Not yet rated,NULL,N/A
EEML,NULL,1440170215691,0,Not yet rated,NULL,N/A
EMEY,NULL,1440170215716,0,Not yet rated,NULL,N/A
IEUS,$45.96,1440170215852,"3,653",100% bearish,of 1 rating,N/A
QAT,$20.42,1440170215880,"22,945",Not yet rated,NULL,N/A
EUFN,$22.13,1440170215906,"56,120",100% bearish,of 1 rating,N/A
EVAL,$36.64,1440170215932,"1,100",Not yet rated,NULL,N/A
UAE,$17.68,1440170216066,330,Not yet rated,NULL,N/A
IBB,$343.75,1440170216099,"1,001,063",63% bullish,of 8 ratings,N/A
EMIF,$28.8805,1440170216173,"2,492",Not yet rated,NULL,N/A
SOXX,$79.6,1440170216246,"211,272",50% bullish,of 2 ratings,N/A
ICLN,$9.45,1440170216375,"14,593",50% bullish,of 2 ratings,N/A
WOOD,$49.6,1440170216417,"3,575",50% bullish,of 2 ratings,N/A
INDY,$28.2599,1440170216474,"362,526",50% bullish,of 2 ratings,N/A
ISHG,$79.9,1440170216617,206,100% bearish,of 1 rating,N/A
ISRL,$129.9,1440170216690,545,100% bearish,of 1 rating,N/A
IGOV,$92.18,1440170216749,"9,843",100% bearish,of 1 rating,N/A
ISLE,$16.83,1440170216783,"140,688",50% bullish,of 4 ratings,$16
ISIS,$45.6,1440170216805,"452,076",53% bullish,of 15 ratings,$67
ITRN,$24.51,1440170216879,"3,530",50% bullish,of 2 ratings,N/A
ITUS,$4.1225,1440170216953,"5,070",Not yet rated,NULL,N/A
ITRI,$32.17,1440170216982,"122,811",Not yet rated,NULL,$37
XXIA,$15.33,1440170217116,"127,929",71% bullish,of 7 ratings,$14.625
IXYS,$10.701,1440170217148,"105,208",50% bullish,of 4 ratings,N/A
JJSF,$113.2,1440170217247,"38,708",100% bearish,of 1 rating,N/A
MAYS,NULL,1440170217341,0,Not yet rated,NULL,N/A
JBHT,$76.18,1440170217370,"335,962",50% bullish,of 4 ratings,$89.50
JCOM,$70.01,1440170217437,"99,803",100% bullish,of 2 ratings,$77
JASO,$7.17,1440170217507,"601,930",82% bullish,of 17 ratings,$10
JKHY,$69.08,1440170217539,"47,462",50% bullish,of 2 ratings,$72
JACK,$82.14,1440170217641,"202,138",83% bullish,of 6 ratings,$105
JXSB,$24.06,1440170217669,542,Not yet rated,NULL,N/A
JAXB,$13,1440170217747,500,100% bullish,of 1 rating,N/A
JAKK,$9.24,1440170217803,"120,709",60% bearish,of 5 ratings,$11
JAGX,$2.46,1440170217907,"6,780",Not yet rated,NULL,N/A
JMBA,$12.98,1440170217963,"30,892",75% bullish,of 4 ratings,$18
JRVR,$26.14,1440170218018,"8,350",Not yet rated,NULL,$32
ERW,NULL,1440170218095,0,Not yet rated,NULL,N/A
JASN,$4.89,1440170218202,"8,338",50% bullish,of 2 ratings,$9.50
JASNW,$0.25,1440170218227,"8,500",50% bullish,of 2 ratings,N/A
JAZZ,$172.8399,1440170218395,"109,525",80% bullish,of 15 ratings,$206.50
JBLU,$21.87,1440170218420,"2,407,054",94% bullish,of 16 ratings,$27
JD,$25.2,1440170218448,"4,968,284",75% bullish,of 16 ratings,$36
JCTCF,NULL,1440170218616,0,100% bullish,of 1 rating,N/A
DATE,$6.35,1440170218684,"83,755",75% bullish,of 4 ratings,$9
JTPY,$2.67,1440170218752,"3,825",100% bearish,of 1 rating,N/A
JST,$4.11,1440170218786,"5,700",75% bullish,of 4 ratings,N/A
WYIGU,$10.0227,1440170218813,100,Not yet rated,NULL,N/A
JOEZ,$0.18,1440170218839,"6,860",92% bullish,of 12 ratings,N/A
JIVE,$4.05,1440170218890,"90,743",75% bullish,of 4 ratings,$5
JBSS,$46.5399,1440170219025,"54,078",67% bearish,of 3 ratings,N/A
JOUT,$24,1440170219103,"12,186",100% bearish,of 1 rating,$34
JNP,$9.84,1440170219161,"1,692",100% bullish,of 3 ratings,$15
JUNO,$37.3001,1440170219189,"492,865",73% bullish,of 11 ratings,$71.50
KTWO,$21.67,1440170219239,"73,779",100% bearish,of 1 rating,$28.50
KALU,$82.3,1440170219368,"41,291",67% bearish,of 3 ratings,$91
KNDI,$6.79,1440170219497,"289,447",86% bullish,of 22 ratings,N/A
KMDA,$3.55,1440170219554,"7,680",50% bullish,of 2 ratings,$8
KCLI,$46.4177,1440170219593,"10,113",Not yet rated,NULL,N/A
KBIO,$1.82,1440170219623,"8,635",50% bullish,of 4 ratings,N/A
KPTI,$12.65,1440170219691,"104,804",67% bearish,of 3 ratings,$39
KBSF,NULL,1440170219823,0,100% bullish,of 1 rating,N/A
KELYA,$14.45,1440170219851,"54,542",67% bullish,of 6 ratings,$20
KRNY,$11.48,1440170219933,"217,278",100% bearish,of 1 rating,$12
KCAP,$4.72,1440170219983,"23,243",75% bullish,of 4 ratings,$6
KELYB,NULL,1440170220074,0,50% bullish,of 2 ratings,N/A
KMPH,$18.74,1440170220145,"12,019",100% bearish,of 2 ratings,$22
KFFB,NULL,1440170220276,0,100% bearish,of 1 rating,N/A
GMCR,$50.52,1440170220323,"580,238",71% bullish,of 42 ratings,$64
KEQU,NULL,1440170220349,0,100% bullish,of 1 rating,N/A
KTEC,$12,1440170220409,"1,400",Not yet rated,NULL,N/A
KTCC,$10.41,1440170220482,"8,300",100% bearish,of 1 rating,$16
