Symbol,Price,Date,Volume,Rating,RatingVoteCount,OneYearEstimate
TFSCW,$0.28,1441398002609,920,100% bearish,of 1 rating,N/A
PIH,$7.5,1441398002650,"3,800",100% bearish,of 1 rating,N/A
TFSCU,$10.32,1441398002705,400,Not yet rated,NULL,N/A
TFSC,$9.7989,1441398002736,300,100% bearish,of 1 rating,N/A
FCTY,$7.89,1441398002835,550,100% bullish,of 1 rating,$8.50
SRCE,$29.78,1441398002861,"21,493",100% bullish,of 3 ratings,$33
TWOU,$34.85,1441398002910,"122,233",50% bullish,of 2 ratings,$39
TFSCR,NULL,1441398002935,0,Not yet rated,NULL,N/A
VNET,$17.97,1441398003074,"197,291",60% bullish,of 5 ratings,$35
DGLD,$83.5801,1441398003141,"8,442",100% bullish,of 1 rating,N/A
UGLD,$8.9736,1441398003209,"171,834",100% bearish,of 1 rating,N/A
DSLV,$69.51,1441398003240,"8,150",100% bearish,of 1 rating,N/A
FLWS,$8.58,1441398003342,"210,983",80% bullish,of 5 ratings,$15
USLV,$12.42,1441398003366,"200,339",86% bullish,of 7 ratings,N/A
FCCY,NULL,1441398003701,0,100% bullish,of 1 rating,$13
SIXD,$2.58,1441398003765,"29,532",Not yet rated,NULL,N/A
JOBS,$25.79,1441398003794,"91,267",50% bullish,of 4 ratings,$36
AVHI,$13.88,1441398003870,"193,263",100% bearish,of 1 rating,$19
SHLM,$32.26,1441398003899,"47,459",100% bearish,of 1 rating,$47
AAON,$19.69,1441398003925,"62,450",100% bearish,of 1 rating,$24
CAFD,$14.8,1441398003952,"204,068",Not yet rated,NULL,$24.50
EGHT,$7.78,1441398004008,"207,737",82% bullish,of 17 ratings,$11
ABGB,$4.92,1441398004198,"24,608",67% bullish,of 3 ratings,$5.50
ABY,$21.28,1441398004250,"834,785",100% bearish,of 2 ratings,$46
ABAX,$47.1,1441398004290,"48,568",100% bearish,of 1 rating,$60
ABEO,$4.78,1441398004397,"16,665",50% bullish,of 4 ratings,$15.50
ABMD,$93.82,1441398004470,"218,482",75% bullish,of 4 ratings,$100.50
AXAS,$1.65,1441398004495,"1,182,043",78% bullish,of 9 ratings,$3.50
ABEOW,$1.87,1441398004523,785,100% bullish,of 1 rating,N/A
ACTG,$9.3,1441398004758,"94,754",67% bullish,of 3 ratings,$18.50
ACHC,$72.61,1441398004783,"192,279",50% bullish,of 2 ratings,$92
ACAD,$39.58,1441398004926,"808,364",80% bullish,of 20 ratings,$48
AXDX,$18.66,1441398004998,"35,424",100% bearish,of 1 rating,N/A
ACST,$0.31,1441398005245,"4,200",100% bullish,of 2 ratings,N/A
XLRN,$28.9,1441398005272,"59,230",50% bullish,of 2 ratings,$57
ARAY,$6.61,1441398005314,"189,963",100% bearish,of 1 rating,$10.50
ANCX,$19.75,1441398005339,"13,007",Not yet rated,NULL,$20
VXDN,$1.75,1441398005405,"7,478",100% bearish,of 1 rating,N/A
ACET,$22.22,1441398005436,"62,723",75% bullish,of 4 ratings,$30
VXUP,$1.664,1441398005538,"25,613",100% bearish,of 1 rating,N/A
ACRX,$4.27,1441398005566,"151,936",67% bearish,of 6 ratings,$7
ACIW,$21.15,1441398005757,"93,940",67% bearish,of 3 ratings,$24
ACHN,$7.73,1441398005782,"1,415,759",90% bullish,of 21 ratings,$16
AKAO,$7.01,1441398005837,"22,009",75% bullish,of 4 ratings,$15
ACNB,$20,1441398005869,"1,100",Not yet rated,NULL,N/A
ACOR,$31.71,1441398005971,"259,069",67% bearish,of 3 ratings,$38.50
ACPW,$1.917,1441398005996,"19,857",100% bullish,of 4 ratings,$3.25
ACTS,$1.59,1441398006150,"17,800",100% bearish,of 1 rating,N/A
ATVI,$28.1,1441398006246,"4,744,076",67% bullish,of 84 ratings,$31.50
ACTA,$13.81,1441398006466,"23,020",67% bearish,of 3 ratings,$25
ACUR,$2.86,1441398006522,"13,181",100% bullish,of 5 ratings,$5
ACXM,$20.43,1441398006567,"110,813",67% bullish,of 3 ratings,N/A
ADAP,$10.92,1441398006665,"33,057",67% bullish,of 3 ratings,$22
ADMS,$18.9233,1441398006737,"27,793",100% bearish,of 2 ratings,$36
AEY,$2.32,1441398006796,"3,778",100% bearish,of 2 ratings,N/A
ADMP,$3.562,1441398006835,"13,072",50% bullish,of 2 ratings,$10
ADMA,$8.65,1441398007005,"12,038",Not yet rated,NULL,$19
ADUS,$28.8434,1441398007053,"17,065",100% bearish,of 1 rating,$31
ADTN,$15.51,1441398007135,"136,579",67% bullish,of 3 ratings,$17.125
ADEP,$7.43,1441398007161,"35,863",50% bullish,of 2 ratings,$10.75
ADRO,$19.28,1441398007295,"55,485",80% bullish,of 5 ratings,$45.50
AEIS,$23.81,1441398007320,"82,921",50% bullish,of 2 ratings,$32.50
AMD,$1.82,1441398007367,"3,458,267",83% bullish,of 103 ratings,$2
ADBE,$77.05,1441398007392,"865,275",65% bullish,of 17 ratings,$90
ADXS,$13.54,1441398007541,"261,257",64% bullish,of 14 ratings,$27
YPRO,$23.0904,1441398007987,"1,558",100% bearish,of 1 rating,N/A
ADXSW,$9.72,1441398008552,"1,500",100% bullish,of 1 rating,N/A
MULT,NULL,1441398008687,0,100% bearish,of 1 rating,N/A
AEGR,$17.63,1441398009151,"86,012",50% bullish,of 6 ratings,$26
AEHR,$2.27,1441398009178,216,50% bullish,of 2 ratings,N/A
AEPI,$57.4127,1441398009428,"11,020",100% bearish,of 1 rating,N/A
AVAV,$20.37,1441398009472,"138,757",50% bullish,of 4 ratings,$28
AEGN,$17.81,1441398009599,"35,561",100% bearish,of 2 ratings,$21
AERI,$16.25,1441398009627,"171,126",75% bullish,of 4 ratings,$31.50
AEZS,$0.0788,1441398009706,"13,547,473",90% bullish,of 21 ratings,$1.50
AMTX,$3.037,1441398009765,"13,250",50% bullish,of 2 ratings,$26.11
AEMD,$7.51,1441398009790,"55,123",Not yet rated,NULL,$27.50
AFFX,$9.08,1441398009820,"343,846",80% bullish,of 5 ratings,$12.50
AGYS,$9.52,1441398009871,"16,924",100% bearish,of 1 rating,N/A
AFMD,$9.34,1441398010018,"36,787",50% bullish,of 4 ratings,$15
AGRX,$8.27,1441398010150,"14,624",100% bearish,of 1 rating,$17.50
AGEN,$6.84,1441398010219,"222,690",85% bullish,of 13 ratings,$14
AGIO,$84.97,1441398010248,"130,296",88% bullish,of 8 ratings,$114
AGFS,$10,1441398010351,"122,217",100% bearish,of 1 rating,N/A
AIRM,$36.11,1441398010434,"63,469",80% bearish,of 5 ratings,$53
AIMT,$22.33,1441398010518,"113,744",Not yet rated,NULL,$35.50
ATSG,$8.825,1441398010566,"67,467",67% bullish,of 3 ratings,$13
AGFSW,$1.9,1441398010592,"9,000",100% bearish,of 2 ratings,N/A
AIXG,$6.44,1441398010648,"16,949",67% bearish,of 3 ratings,$5.25
AIRT,NULL,1441398010724,0,100% bullish,of 1 rating,N/A
AKAM,$72.58,1441398010782,"770,627",63% bullish,of 8 ratings,$77.50
AMCN,$4.46,1441398010807,"106,329",83% bullish,of 6 ratings,N/A
AKBA,$7.15,1441398010987,"122,339",100% bearish,of 1 rating,$18
AKER,$2.756,1441398011013,"5,200",Not yet rated,NULL,N/A
AKRX,$38.5,1441398011064,"237,480",78% bullish,of 9 ratings,$56
ALRM,$16.15,1441398011238,"72,110",100% bearish,of 1 rating,$22
ALSK,$2.28,1441398011384,"74,509",78% bullish,of 18 ratings,$2
AMRI,$19.98,1441398011410,"53,432",75% bearish,of 4 ratings,$24
ALDX,$7.08,1441398011540,337,100% bearish,of 1 rating,$14.50
ALDR,$40.44,1441398011567,"122,846",67% bearish,of 3 ratings,$62
ALXA,$1.3,1441398011595,"142,600",83% bullish,of 6 ratings,$2.125
ABDC,$12.81,1441398011624,"4,303",Not yet rated,NULL,$15
ALCO,$41.8299,1441398011730,"6,081",50% bullish,of 2 ratings,N/A
ADHD,$7.6,1441398011764,"69,418",50% bullish,of 4 ratings,$18
ALXN,$171.98,1441398011863,"912,924",88% bullish,of 8 ratings,$223.50
ALIM,$2.9,1441398011898,"94,233",80% bullish,of 5 ratings,$10
ALGN,$54.28,1441398012067,"220,343",100% bearish,of 2 ratings,$73
ALKS,$64.58,1441398012091,"449,259",67% bullish,of 3 ratings,$75
AIQ,$14.32,1441398012254,"5,646",67% bullish,of 3 ratings,N/A
ALGT,$203.07,1441398012346,"117,265",100% bearish,of 2 ratings,$235
AFOP,$19,1441398012385,"119,190",75% bullish,of 8 ratings,$21
ALLB,$22.9,1441398012410,204,Not yet rated,NULL,N/A
AHPI,$1.46,1441398012571,600,50% bullish,of 2 ratings,N/A
ARLP,$25.13,1441398012599,"49,020",67% bearish,of 3 ratings,$32
AMOT,$17.56,1441398012654,"101,087",100% bearish,of 1 rating,N/A
AHGP,$35.75,1441398012733,"31,419",67% bullish,of 3 ratings,N/A
ALQA,$4.5,1441398012759,"53,902",75% bullish,of 4 ratings,$8.50
ALLT,$5,1441398013098,"17,446",75% bullish,of 4 ratings,$6.25
MDRX,$13,1441398013125,"762,573",60% bullish,of 5 ratings,$16
AOSL,$8.12,1441398013157,"19,912",67% bullish,of 3 ratings,$9
ALNY,$97.8,1441398013197,"171,620",67% bullish,of 3 ratings,$151.50
AFAM,$45.38,1441398013226,"23,599",50% bullish,of 2 ratings,$44
ATEC,$0.58,1441398013326,"113,753",100% bullish,of 1 rating,$2
SMCP,NULL,1441398013421,0,Not yet rated,NULL,N/A
ASPS,$26.0104,1441398013554,"61,824",67% bullish,of 3 ratings,$46.50
AIMC,$23.53,1441398013579,"41,192",100% bearish,of 2 ratings,$28.50
AMRN,$2.335,1441398013706,"727,931",85% bullish,of 40 ratings,$8
AMAG,$61.07,1441398013759,"230,377",100% bullish,of 2 ratings,$75
ALTR,$49.18,1441398013780,"1,233,854",80% bearish,of 5 ratings,$54
AYA,$20.7991,1441398013810,"7,727",100% bearish,of 1 rating,$40
AMRK,$10.55,1441398013832,"12,500",50% bullish,of 2 ratings,$14
AMZN,$499,1441398013962,"1,051,398",81% bullish,of 268 ratings,$646
AMBC,$16.22,1441398014046,"87,739",100% bearish,of 1 rating,$16.50
AMBA,$72.7426,1441398014204,"2,788,128",77% bullish,of 13 ratings,$102.50
EPAX,$2.7,1441398014230,"84,753",100% bearish,of 1 rating,N/A
AMCX,$72.13,1441398014360,"384,490",67% bullish,of 3 ratings,$87.50
DOX,$56.33,1441398014407,"269,221",67% bearish,of 3 ratings,$60
AMBCW,$8.01,1441398014433,"1,600",100% bearish,of 1 rating,N/A
AMDA,$0.4705,1441398014500,"281,636",90% bullish,of 10 ratings,$1
AMED,$39.75,1441398014563,"90,691",100% bearish,of 1 rating,$42
UHAL,$368.6618,1441398014597,"16,455",100% bullish,of 2 ratings,$393.50
ASBI,$22.58,1441398014695,"9,703",Not yet rated,NULL,N/A
AMOV,$17.66,1441398014862,894,100% bearish,of 1 rating,N/A
ATAX,$5.348,1441398014894,"23,866",100% bullish,of 1 rating,$6.50
AGNC,$18.98,1441398014921,"1,104,403",71% bullish,of 28 ratings,$22
AAL,$40.77,1441398014946,"4,676,926",93% bullish,of 88 ratings,$57
AGNCB,$24.2628,1441398015089,"8,317",Not yet rated,NULL,N/A
AGNCP,$25.3701,1441398015139,"2,625",Not yet rated,NULL,N/A
MTGE,$15.13,1441398015223,"228,355",75% bullish,of 4 ratings,$19.50
MTGEP,$24.25,1441398015372,1,Not yet rated,NULL,N/A
ACSF,$12.28,1441398015427,"11,085",100% bearish,of 1 rating,$15
ACAS,$13.7,1441398015456,"686,979",60% bullish,of 5 ratings,$16.75
ANCI,$1.424,1441398015520,100,100% bearish,of 1 rating,N/A
AETI,$3.1,1441398015553,"2,162",67% bearish,of 3 ratings,N/A
AMIC,NULL,1441398015619,0,100% bearish,of 1 rating,N/A
AMNB,$23.2,1441398015647,"3,986",Not yet rated,NULL,$25.50
ANAT,$98.28,1441398015788,"38,566",100% bullish,of 1 rating,N/A
APEI,$21.77,1441398015922,"20,734",100% bearish,of 1 rating,$25.50
ARII,$40.08,1441398016052,"75,782",67% bearish,of 3 ratings,$45
AMSWA,$9.02,1441398016147,"15,607",100% bearish,of 2 ratings,$10.75
ASEI,$38.83,1441398016191,"11,875",100% bearish,of 1 rating,$52.50
AMRB,$10.33,1441398016216,"2,000",Not yet rated,NULL,$11
CRMT,$35.16,1441398016458,"17,119",100% bearish,of 1 rating,$38
AMWD,$66.45,1441398016489,"54,320",50% bullish,of 2 ratings,$70
AMSC,$4.83,1441398016517,"18,989",50% bullish,of 4 ratings,N/A
ASRV,$3.2101,1441398016543,"1,704",100% bullish,of 2 ratings,N/A
ABCB,$27.32,1441398016589,"46,708",Not yet rated,NULL,$31
ASRVP,NULL,1441398016881,0,Not yet rated,NULL,N/A
FOLD,$15.63,1441398016944,"772,707",56% bullish,of 9 ratings,$21
AMSF,$45.93,1441398016971,"11,204",Not yet rated,NULL,$57.50
ATLO,$22.3,1441398016991,"3,636",Not yet rated,NULL,N/A
AMGN,$147.42,1441398017028,"1,454,318",89% bullish,of 19 ratings,$185
AMKR,$5.31,1441398017120,"432,258",100% bearish,of 2 ratings,$5
AMPH,$13.34,1441398017146,"99,115",50% bullish,of 2 ratings,$20
AMSG,$78.27,1441398017396,"92,395",100% bearish,of 1 rating,$85.50
ASYS,$5.33,1441398017468,"16,221",67% bullish,of 3 ratings,$12
AMSGP,NULL,1441398017499,0,Not yet rated,NULL,N/A
AMRS,$1.75,1441398017529,"37,218",70% bullish,of 10 ratings,N/A
ANAC,$133.36,1441398017601,"150,737",80% bullish,of 5 ratings,$180.50
AFSI,$57.2616,1441398017632,"221,587",60% bullish,of 5 ratings,$72
ANAD,$0.3089,1441398017733,"122,134",100% bullish,of 2 ratings,$.50
ADI,$54.09,1441398017947,"658,522",75% bullish,of 4 ratings,$69
ALOG,$80.79,1441398017987,"30,962",100% bearish,of 2 ratings,$100.50
ANCB,$20.6,1441398018079,"3,982",Not yet rated,NULL,$23
ABCW,$40.85,1441398018111,"14,406",67% bullish,of 3 ratings,N/A
AMCF,NULL,1441398018135,0,NULL,NULL,NULL
ANGI,$5.03,1441398018211,"136,973",64% bullish,of 11 ratings,$5.50
ANGO,$14.5,1441398018340,"22,264",67% bullish,of 3 ratings,$19
ANIK,$36.04,1441398018400,"67,745",60% bullish,of 5 ratings,$51.25
ANIP,$51.79,1441398018426,"71,627",89% bullish,of 19 ratings,$66
ANTH,$7.31,1441398018500,"325,943",80% bullish,of 10 ratings,$13
ANSS,$89.72,1441398018559,"235,393",100% bearish,of 1 rating,$100
ATRS,$1.81,1441398018691,"216,523",92% bullish,of 12 ratings,$4.50
ABAC,$0.7864,1441398018762,"3,718",100% bearish,of 1 rating,N/A
APIC,$6.88,1441398018908,"39,295",100% bearish,of 1 rating,$19
APOG,$51.72,1441398018936,"57,478",50% bullish,of 2 ratings,$67
APOL,$10.9,1441398018959,"377,142",87% bearish,of 68 ratings,$14
ATNY,$2.44,1441398018980,"2,500",50% bullish,of 2 ratings,$3.75
AINV,$6.46,1441398019013,"412,040",50% bullish,of 4 ratings,$8
ARCI,$1.2399,1441398019189,"3,100",Not yet rated,NULL,N/A
AMAT,$15.39,1441398019321,"7,085,066",82% bullish,of 11 ratings,$23
APDN,$3.4,1441398019348,"20,752",Not yet rated,NULL,$9
AAPL,$109.32,1441398019369,"23,207,149",86% bullish,of 2364 ratings,$150
APDNW,$1.44,1441398019402,300,Not yet rated,NULL,N/A
APPF,$17.19,1441398019424,"22,787",50% bullish,of 2 ratings,$22
AGTC,$16.33,1441398019453,"12,188",50% bullish,of 2 ratings,$33
AMCC,$5.69,1441398019806,"168,249",80% bullish,of 5 ratings,$8
AAOI,$20.23,1441398019841,"108,626",50% bullish,of 4 ratings,$26
AQXP,$15.96,1441398019862,"255,200",50% bullish,of 2 ratings,$2
APTO,$5.2,1441398019896,"4,902",Not yet rated,NULL,$17
APRI,$1.76,1441398019917,"150,132",83% bullish,of 6 ratings,$4.86
AQMS,$4.97,1441398019950,"9,884",Not yet rated,NULL,N/A
AREX,$2.44,1441398019996,"378,360",50% bullish,of 2 ratings,$3
AUMA,$9.85,1441398020216,200,Not yet rated,NULL,N/A
ARDM,NULL,1441398020350,0,100% bullish,of 1 rating,$26
AUMAU,NULL,1441398020376,0,Not yet rated,NULL,N/A
ABUS,$7.0068,1441398020410,"246,000",86% bullish,of 14 ratings,$21.50
AUMAW,NULL,1441398020453,0,Not yet rated,NULL,N/A
ABIO,$6.19,1441398020513,"33,086",50% bullish,of 2 ratings,$3.75
PETX,$17.315,1441398020553,"78,366",100% bearish,of 2 ratings,$26
RKDA,$5.45,1441398020684,"4,088",100% bearish,of 2 ratings,$10
ARCW,$3.255,1441398020711,"243,816",100% bearish,of 2 ratings,$10.50
ACGL,$68.33,1441398020842,"112,219",50% bullish,of 2 ratings,$72
ARNA,$2.745,1441398021022,"527,474",90% bullish,of 78 ratings,$5.50
ARDX,$18.98,1441398021047,"62,847",50% bullish,of 2 ratings,$24.50
ARCB,$28.48,1441398021072,"95,232",67% bearish,of 3 ratings,$39.50
ACAT,$25.21,1441398021115,"66,824",100% bearish,of 3 ratings,$33
AGII,$54.4932,1441398021258,"31,480",Not yet rated,NULL,$59.50
ARCC,$15.44,1441398021315,"679,972",67% bearish,of 3 ratings,$17.75
AGIIL,$25.26,1441398021340,"5,653",Not yet rated,NULL,N/A
ARIS,$3.75,1441398021549,"4,500",Not yet rated,NULL,$4.50
ARGS,$6.32,1441398021582,"4,402",50% bullish,of 2 ratings,$19.50
ARIA,$7.995,1441398021603,"4,110,290",87% bullish,of 46 ratings,$9
ARKR,$24.835,1441398021633,"1,860",50% bullish,of 2 ratings,N/A
ARMH,$42.66,1441398021687,"704,948",54% bearish,of 13 ratings,$60
ARTX,$1.3399,1441398021883,"100,165",88% bullish,of 16 ratings,$4.50
ARWA,NULL,1441398021942,0,Not yet rated,NULL,N/A
ARWAR,NULL,1441398022073,0,Not yet rated,NULL,N/A
ARWAW,NULL,1441398022104,0,Not yet rated,NULL,N/A
ARWAU,$10.2,1441398022154,100,100% bullish,of 1 rating,N/A
ARQL,$1.72,1441398022203,"30,200",75% bullish,of 4 ratings,$5
DWAT,$9.64,1441398022251,"3,600",100% bearish,of 1 rating,N/A
ARRS,$25.99,1441398022304,"385,233",50% bullish,of 2 ratings,$38
ARRY,$5.59,1441398022347,"941,757",100% bullish,of 7 ratings,$10
ARWR,$5.55,1441398022531,"653,265",75% bullish,of 4 ratings,$10.50
AROW,$26.96,1441398022590,"2,754",Not yet rated,NULL,N/A
ARTW,$3.96,1441398022769,"3,200",75% bearish,of 4 ratings,N/A
ARTNA,$21.63,1441398022853,"3,872",100% bearish,of 1 rating,$29
ASBB,$25.23,1441398022902,501,Not yet rated,NULL,N/A
ASNA,$12.1,1441398022927,"1,982,087",50% bullish,of 2 ratings,$18
ASND,$19.766,1441398022986,"26,572",50% bullish,of 2 ratings,$30
ASTI,$0.192,1441398023203,"3,499,817",83% bullish,of 6 ratings,$3
ASMI,NULL,1441398023280,0,NULL,NULL,NULL
ASML,$91.37,1441398023354,"329,015",50% bullish,of 4 ratings,$127
ASCMA,$27.12,1441398023382,"41,242",100% bearish,of 1 rating,$45
AZPN,$38.245,1441398023403,"283,983",50% bullish,of 2 ratings,$42
APWC,$1.7192,1441398023452,"2,404",100% bearish,of 1 rating,N/A
ASMB,$13.08,1441398023549,"30,003",67% bullish,of 3 ratings,N/A
ASFI,$8.74,1441398023593,"1,800",100% bullish,of 1 rating,N/A
ASTE,$37.74,1441398023647,"35,429",100% bearish,of 1 rating,$49
ALOT,NULL,1441398023820,0,100% bearish,of 1 rating,N/A
ATRO,$49.42,1441398023922,"101,714",100% bearish,of 2 ratings,$80
ATAI,$2.3,1441398024057,"3,230",100% bearish,of 1 rating,N/A
AFCB,NULL,1441398024078,0,Not yet rated,NULL,N/A
ASTC,$2.256,1441398024158,"7,357",100% bullish,of 5 ratings,N/A
ASUR,$5.49,1441398024220,"11,664",50% bullish,of 2 ratings,$8
ATRA,$42.01,1441398024253,"44,753",50% bullish,of 2 ratings,$68
AAPC,$10.1,1441398024346,7,Not yet rated,NULL,N/A
ATHN,$132.39,1441398024375,"108,198",67% bearish,of 3 ratings,$153
ATHX,$1.13,1441398024436,"60,727",89% bullish,of 9 ratings,$5
ACFC,$5.5,1441398024476,"8,928",100% bearish,of 1 rating,$6.50
AAME,$3.4899,1441398024536,"1,203",Not yet rated,NULL,N/A
ATNI,$73.44,1441398024689,"25,072",100% bearish,of 1 rating,$69.50
ATLC,$3.9499,1441398024775,"2,539",67% bullish,of 3 ratings,N/A
AAWW,$37.91,1441398024834,"123,490",50% bullish,of 2 ratings,$65
AFH,$16.11,1441398024967,"125,831",Not yet rated,NULL,$21.50
ATOS,$0.87,1441398025021,"113,800",100% bullish,of 7 ratings,$7
ATML,$7.77,1441398025055,"3,413,320",78% bullish,of 9 ratings,$9.50
ATRI,$374.9,1441398025157,"2,565",Not yet rated,NULL,N/A
ATRC,$23.38,1441398025184,"82,024",100% bullish,of 1 rating,$30
ATRM,$3.27,1441398025314,900,50% bullish,of 2 ratings,N/A
ATTU,$12.94,1441398025378,"15,901",100% bearish,of 1 rating,$20.50
LIFE,$14.2836,1441398025446,"27,344",86% bullish,of 7 ratings,$43
AUBN,$26.846,1441398025477,"2,800",Not yet rated,NULL,N/A
AUPH,$3.4,1441398025580,"8,499",100% bearish,of 1 rating,$8
AUDC,$3.23,1441398025655,"19,339",80% bullish,of 5 ratings,$5
ADAT,$0.3467,1441398025722,"765,509",100% bullish,of 2 ratings,N/A
EARS,$4.35,1441398025784,"3,200",100% bearish,of 2 ratings,$11
ADSK,$45.55,1441398025855,"1,021,518",67% bullish,of 6 ratings,$66
AVGO,$121.15,1441398026069,"1,180,132",88% bullish,of 8 ratings,$165
ADP,$76.28,1441398026135,"857,844",100% bearish,of 1 rating,$88
ABTL,$18.95,1441398026165,"62,069",100% bullish,of 4 ratings,$20.25
AVNW,$1.2299,1441398026198,"58,609",50% bullish,of 2 ratings,N/A
AAVL,$10.15,1441398026224,"168,002",100% bearish,of 1 rating,$20
AVEO,$1.39,1441398026261,"271,267",75% bullish,of 8 ratings,$3
AVID,$8.52,1441398026291,"189,534",100% bearish,of 1 rating,$20
AVNU,$12.75,1441398026386,"2,200",Not yet rated,NULL,$14
CAR,$42.27,1441398026658,"1,128,272",80% bullish,of 5 ratings,$60
AWRE,$3.2256,1441398026729,"7,229",67% bullish,of 3 ratings,N/A
AVGR,$14.81,1441398026791,"26,522",100% bearish,of 1 rating,$20
ACLS,$3.2256,1441398026862,"143,072",67% bullish,of 6 ratings,$4.75
AXPW,$1.87,1441398026944,"323,675",86% bullish,of 7 ratings,N/A
AXGN,$4.73,1441398027145,"25,144",Not yet rated,NULL,$5
AXTI,$2.1332,1441398027166,"5,197",50% bullish,of 2 ratings,$2.75
BCOM,NULL,1441398027203,0,100% bearish,of 1 rating,N/A
AXPWW,NULL,1441398027229,0,Not yet rated,NULL,N/A
BEAV,$48.76,1441398027259,"336,196",67% bearish,of 3 ratings,$59
RILY,$9.99,1441398027294,136,Not yet rated,NULL,N/A
BOSC,$2.07,1441398027358,"2,900",50% bullish,of 2 ratings,N/A
BCPC,$57.365,1441398027385,"86,895",100% bearish,of 1 rating,$75
BWINB,$22.42,1441398027644,"1,965",Not yet rated,NULL,N/A
BIDU,$145.87,1441398027703,"1,646,335",81% bullish,of 88 ratings,$210
BKMU,$6.87,1441398027930,"16,181",Not yet rated,NULL,$8
BLDP,$1.3016,1441398027965,"105,169",91% bullish,of 22 ratings,$2.50
BWINA,NULL,1441398027992,0,Not yet rated,NULL,N/A
BANFP,$26.8,1441398028027,266,Not yet rated,NULL,N/A
BOCH,$5.7493,1441398028055,695,Not yet rated,NULL,$6.50
BANF,$59.21,1441398028081,"10,884",Not yet rated,NULL,$68
BMRC,$48.99,1441398028122,"2,584",Not yet rated,NULL,$52
BKSC,$16.76,1441398028254,"3,600",Not yet rated,NULL,N/A
BANR,$43.75,1441398028471,"23,660",100% bullish,of 3 ratings,$50
BOTJ,$10.947,1441398028498,"2,151",Not yet rated,NULL,N/A
BWFG,$18.31,1441398028573,"3,713",100% bearish,of 1 rating,N/A
BFIN,$12.08,1441398028639,"6,424",Not yet rated,NULL,$13
OZRK,$40.72,1441398028676,"100,272",67% bullish,of 3 ratings,$49.50
BZUN,$5.13,1441398028722,"132,059",50% bullish,of 2 ratings,$11.50
TAPR,$31.994,1441398028926,700,100% bearish,of 1 rating,N/A
BHAC,NULL,1441398028951,0,Not yet rated,NULL,N/A
BHACR,$0.21,1441398028989,"2,098",Not yet rated,NULL,N/A
BHACW,NULL,1441398029019,0,Not yet rated,NULL,N/A
BBSI,$34.58,1441398029116,"25,663",67% bearish,of 3 ratings,$62.50
BHACU,NULL,1441398029146,0,Not yet rated,NULL,N/A
BYBK,$4.99,1441398029214,300,100% bearish,of 1 rating,N/A
BSET,$29.15,1441398029343,"48,407",100% bearish,of 1 rating,$35
BYLK,$12.85,1441398029395,"5,489",Not yet rated,NULL,$14
BV,$5,1441398029435,"154,977",67% bullish,of 6 ratings,$8.75
BBCN,$14.24,1441398029564,"81,049",100% bearish,of 1 rating,$16
BDCV,$4.8201,1441398029708,"8,822",100% bearish,of 1 rating,$10.19
BSF,$8.55,1441398029766,"15,571",Not yet rated,NULL,N/A
BECN,$35.7,1441398029792,"81,484",50% bullish,of 2 ratings,$40
BCBP,$11.4,1441398029835,142,Not yet rated,NULL,N/A
BBBY,$62.09,1441398029866,"556,153",71% bullish,of 7 ratings,$75
BEBE,$1.19,1441398029923,"418,378",75% bullish,of 4 ratings,$2.125
BBGI,$3.95,1441398029950,"1,019",100% bearish,of 1 rating,N/A
BELFA,$15.82,1441398029993,680,100% bearish,of 1 rating,N/A
BELFB,$18.65,1441398030154,"8,929",100% bearish,of 1 rating,N/A
BLCM,$15.9247,1441398030254,"72,686",50% bullish,of 4 ratings,$40
BNCL,$12.44,1441398030355,"136,238",100% bullish,of 3 ratings,$12.50
BLPH,$3.9199,1441398030380,"9,143",100% bearish,of 1 rating,$12.50
BNFT,$35.8457,1441398030522,"36,894",67% bullish,of 3 ratings,$46
BGCP,$8.84,1441398030661,"364,466",88% bullish,of 8 ratings,$14
BNTC,$7.1,1441398030891,"1,400",100% bullish,of 1 rating,N/A
BGMD,$0.6143,1441398030917,"69,540",100% bullish,of 10 ratings,N/A
BGFV,$11.27,1441398030977,"72,942",57% bullish,of 7 ratings,$12
BIND,$4.8785,1441398031050,"21,633",75% bullish,of 4 ratings,$13.50
ORPN,$5.57,1441398031080,"5,503",100% bullish,of 1 rating,$28.50
BCDA,NULL,1441398031108,0,Not yet rated,NULL,N/A
BIOC,$2.03,1441398031133,"181,609",83% bullish,of 6 ratings,$3.85
BASI,$1.6399,1441398031159,300,Not yet rated,NULL,N/A
BCRX,$11.56,1441398031362,"204,415",63% bullish,of 8 ratings,$18
BIOD,$0.6976,1441398031438,"16,327",80% bullish,of 5 ratings,$4
BDSI,$6.425,1441398031518,"473,440",88% bullish,of 8 ratings,$17
BIIB,$303.2,1441398031617,"654,040",88% bullish,of 16 ratings,$400
BLFS,$2.46,1441398031643,"109,250",100% bearish,of 1 rating,$4.75
BIOL,$1.54,1441398031668,"18,861",Not yet rated,NULL,N/A
BLRX,$1.7,1441398031838,"157,726",100% bullish,of 12 ratings,$5
BMRN,$126.92,1441398031864,"288,803",80% bullish,of 5 ratings,$160
BVXVW,$0.879,1441398032110,"3,009",100% bearish,of 1 rating,N/A
BVXV,$4.01,1441398032141,"23,447",Not yet rated,NULL,N/A
BRLI,NULL,1441398032160,0,NULL,NULL,NULL
BIOS,$2.4403,1441398032191,"334,478",71% bullish,of 7 ratings,$4
BBC,$31.295,1441398032237,"9,126",Not yet rated,NULL,N/A
BPTH,$1.18,1441398032291,"20,154",100% bullish,of 2 ratings,$5
BSTC,$48.53,1441398032374,"14,771",100% bearish,of 1 rating,$76
BBP,$32.0299,1441398032479,"10,063",Not yet rated,NULL,N/A
BSPM,$0.6973,1441398032538,"73,366",50% bullish,of 2 ratings,N/A
TECH,$92.24,1441398032734,"140,777",100% bullish,of 1 rating,$117
BOTA,$2.135,1441398032842,"26,044",88% bullish,of 8 ratings,N/A
BDMS,NULL,1441398032877,0,100% bearish,of 1 rating,N/A
BEAT,$15.77,1441398032906,"319,371",67% bearish,of 3 ratings,$15
BBOX,$14.71,1441398032927,"21,075",100% bearish,of 1 rating,N/A
BITI,$16.7,1441398032948,"12,529",100% bullish,of 1 rating,$28
BJRI,$44.61,1441398032983,"96,766",50% bullish,of 2 ratings,$55
BDE,$7.355,1441398033154,"36,830",50% bullish,of 2 ratings,$9
BLKB,$56.97,1441398033212,"50,597",100% bearish,of 2 ratings,$66
BBRY,$7.31,1441398033240,"6,948,505",61% bullish,of 331 ratings,$9
HAWK,$39.0115,1441398033285,"71,255",91% bullish,of 11 ratings,$49
BKCC,$9.43,1441398033315,"132,819",50% bullish,of 2 ratings,$10
ADRD,$21.16,1441398033368,"2,013",100% bearish,of 1 rating,N/A
ADRA,$25.9001,1441398033416,"1,578",100% bearish,of 1 rating,N/A
BLMN,$20.47,1441398033751,"246,640",83% bullish,of 6 ratings,$27.50
ADRE,$28.54,1441398033781,"13,083",100% bearish,of 1 rating,N/A
ADRU,$21.02,1441398033801,"4,200",100% bearish,of 1 rating,N/A
BLBD,$11.6,1441398033857,"2,390",Not yet rated,NULL,N/A
BUFF,$23.48,1441398033883,"388,179",77% bullish,of 13 ratings,$31.50
BBLU,$0.88,1441398034015,"412,302",100% bullish,of 2 ratings,$4.43
BHBK,$14.01,1441398034041,"38,146",100% bullish,of 1 rating,$14.50
BCOR,$13.255,1441398034073,"88,800",57% bullish,of 7 ratings,$15
BLUE,$129.1431,1441398034177,"188,981",71% bullish,of 7 ratings,$217.50
NILE,$33.4,1441398034204,"16,380",50% bullish,of 2 ratings,$34
BKEP,$6.4299,1441398034283,"9,598",100% bearish,of 1 rating,$8.50
BKEPP,NULL,1441398034337,0,100% bearish,of 1 rating,N/A
BPMC,$28.23,1441398034362,"22,129",50% bullish,of 2 ratings,$47.50
BNCN,$20.84,1441398034555,"37,522",Not yet rated,NULL,$24
BOBE,$45.23,1441398034686,"187,341",75% bullish,of 4 ratings,$57
BOFI,$113.49,1441398034763,"230,253",100% bullish,of 6 ratings,$144
WIFI,$7.57,1441398034818,"115,256",50% bullish,of 2 ratings,$13.50
BNSO,$1.2301,1441398034847,900,100% bearish,of 1 rating,N/A
BOJA,$20.83,1441398034872,"99,842",100% bullish,of 1 rating,$30
BOKF,$62.32,1441398035001,"79,052",100% bearish,of 1 rating,$69
BONA,$11.21,1441398035090,"57,365",75% bullish,of 4 ratings,$8.50
BPFHP,$25.1708,1441398035178,"1,100",100% bearish,of 1 rating,N/A
BPFH,$11.8,1441398035251,"140,167",100% bearish,of 1 rating,$14
BAMM,$3.21,1441398035279,"2,457",60% bullish,of 5 ratings,N/A
BPFHW,NULL,1441398035300,0,100% bearish,of 1 rating,N/A
BDBD,$8.325,1441398035431,"215,270",60% bullish,of 5 ratings,$10
EPAY,$26.3,1441398035503,"66,068",100% bearish,of 2 ratings,$30
BBRG,$12.49,1441398035581,"22,008",67% bullish,of 3 ratings,$14.50
BCLI,$3.1399,1441398035635,"54,145",80% bullish,of 5 ratings,$12
BBEP,$2.68,1441398035660,"603,446",69% bullish,of 13 ratings,$5.625
BBEPP,$14.56,1441398035730,"11,293",50% bullish,of 2 ratings,N/A
BDGE,$25.88,1441398035832,"9,150",Not yet rated,NULL,$31.75
BLIN,$1.54,1441398035923,"366,610",50% bullish,of 2 ratings,$2.20
BRID,$8.1,1441398035960,2,100% bearish,of 1 rating,N/A
BCOV,$5.195,1441398036055,"45,919",67% bullish,of 3 ratings,$10.20
BRCM,$50.47,1441398036087,"2,094,478",69% bullish,of 13 ratings,$56
BSFT,$32.0015,1441398036117,"80,765",57% bullish,of 7 ratings,$40.50
BYFC,NULL,1441398036295,0,50% bullish,of 2 ratings,N/A
BVSN,$5.97,1441398036427,"2,800",60% bearish,of 5 ratings,N/A
BRCD,$10.13,1441398036466,"1,197,380",92% bullish,of 13 ratings,$12
BWEN,$3.15,1441398036568,"57,129",75% bullish,of 4 ratings,$8
BRKS,$10.25,1441398036593,"106,148",67% bullish,of 3 ratings,$15.25
BRKL,$10.435,1441398036654,"123,977",100% bearish,of 1 rating,$12
BRKR,$17.805,1441398036726,"202,479",100% bearish,of 2 ratings,$22
BLMT,$20.995,1441398036883,"4,540",Not yet rated,NULL,N/A
BSQR,$6.0788,1441398036908,"15,637",67% bullish,of 3 ratings,N/A
CFFI,$35.6,1441398037042,"2,652",100% bearish,of 1 rating,N/A
BWLD,$196.61,1441398037095,"110,468",82% bullish,of 11 ratings,$205
BMTC,$29.22,1441398037116,"34,502",Not yet rated,NULL,$34
CHRW,$67.73,1441398037248,"560,882",Not yet rated,NULL,$72
BUR,$1.73,1441398037279,550,100% bearish,of 1 rating,$8
CCMP,$42.21,1441398037318,"21,131",50% bullish,of 2 ratings,$59
BLDR,$15.3232,1441398037346,"786,840",67% bullish,of 3 ratings,$22
CA,$27.155,1441398037478,"1,371,499",50% bullish,of 4 ratings,$33
CDNS,$20.32,1441398037664,"920,924",75% bullish,of 4 ratings,$22.50
CDZI,$7.56,1441398037770,"48,738",100% bearish,of 1 rating,N/A
CACQ,$6.97,1441398037799,"72,794",100% bearish,of 1 rating,$12.25
CSTE,$38.8,1441398037828,"125,656",50% bullish,of 2 ratings,$65
CZR,$9.27,1441398037857,"279,339",60% bearish,of 5 ratings,$10.50
PRSS,$4.47,1441398037903,"6,275",80% bullish,of 5 ratings,$4.50
CLMS,$9.69,1441398037961,"71,293",Not yet rated,NULL,$10.50
CLBS,$1.705,1441398038035,"56,217",79% bullish,of 14 ratings,$4
CHY,$11.01,1441398038169,"119,456",Not yet rated,NULL,N/A
CCD,$19.37,1441398038200,"36,752",Not yet rated,NULL,N/A
CHI,$10.3,1441398038226,"145,851",100% bearish,of 1 rating,N/A
CFGE,NULL,1441398038250,0,Not yet rated,NULL,N/A
CHW,$7.36,1441398038431,"219,951",100% bearish,of 1 rating,N/A
CGO,$11.85,1441398038457,"8,045",100% bearish,of 1 rating,N/A
CSQ,$9.74,1441398038599,"236,457",Not yet rated,NULL,N/A
CAMP,$15.86,1441398038630,"202,060",88% bullish,of 8 ratings,$25
CVGW,$49.24,1441398038734,"205,044",50% bullish,of 2 ratings,$62
CFNB,$13.0601,1441398038844,300,100% bearish,of 1 rating,N/A
CALD,$15.9909,1441398038914,"113,949",100% bearish,of 1 rating,$21
CLMT,$25.59,1441398038974,"68,958",75% bullish,of 8 ratings,$31
CAMB,NULL,1441398039019,0,Not yet rated,NULL,N/A
CALM,$53.01,1441398039051,"135,900",80% bullish,of 5 ratings,$63.50
CALA,$6.0954,1441398039080,"130,670",67% bullish,of 3 ratings,$19.50
CAMBW,NULL,1441398039121,0,Not yet rated,NULL,N/A
ABCD,$5.0801,1441398039148,"26,986",83% bullish,of 6 ratings,N/A
CAMBU,NULL,1441398039317,0,100% bearish,of 1 rating,N/A
CAC,$39.62,1441398039353,"7,954",Not yet rated,NULL,N/A
CAMT,$2.61,1441398039394,"26,229",73% bullish,of 11 ratings,$4
CSIQ,$18.33,1441398039641,"615,092",86% bullish,of 28 ratings,$42.50
CBF,$30.2739,1441398039703,"22,584",Not yet rated,NULL,$32
CCBG,$15.12,1441398039736,"3,535",Not yet rated,NULL,$17.25
CBNJ,$11.14,1441398039767,"9,441",100% bearish,of 1 rating,N/A
CPLP,$7.01,1441398039795,"127,003",71% bullish,of 7 ratings,$11
CPHC,NULL,1441398039830,0,100% bearish,of 1 rating,N/A
CGIX,$9.87,1441398039858,"3,646",67% bullish,of 3 ratings,$14.375
CPLA,$48.71,1441398039884,"32,994",67% bearish,of 3 ratings,$65
CPTA,$14.15,1441398040100,"18,826",100% bearish,of 1 rating,$18.25
CFFN,$11.81,1441398040124,"180,408",Not yet rated,NULL,$12.75
CSWC,$43.67,1441398040186,"20,572",Not yet rated,NULL,N/A
CAPN,$2.01,1441398040275,"71,694",100% bullish,of 1 rating,$10.85
CAPNW,NULL,1441398040301,0,Not yet rated,NULL,N/A
CARA,$19.04,1441398040522,"104,512",50% bullish,of 4 ratings,$25
CARB,$11.09,1441398040560,"37,938",75% bullish,of 4 ratings,$12
CAPR,$4.3,1441398040585,"6,741",Not yet rated,NULL,$12
CPST,$0.3876,1441398040654,"268,211",95% bullish,of 22 ratings,$1.25
CBYL,$5.38,1441398040760,"31,132",100% bearish,of 1 rating,$20
CRDC,$0.3442,1441398040832,"175,755",100% bullish,of 1 rating,$1.25
CFNL,$22,1441398040963,"26,403",Not yet rated,NULL,$24
CSII,$22.7409,1441398041046,"86,560",100% bearish,of 2 ratings,$42.125
CRME,$9.52,1441398041098,"12,507",89% bullish,of 9 ratings,$11.25
CDNA,$6.95,1441398041131,"610,200",100% bearish,of 1 rating,$9
CATM,$33.77,1441398041152,"108,619",100% bearish,of 1 rating,$44
CECO,$3.59,1441398041226,"134,977",67% bearish,of 3 ratings,$6
CTRE,$10.94,1441398041430,"193,327",50% bullish,of 2 ratings,$13.50
CARO,$15.199,1441398041569,804,100% bearish,of 1 rating,$19
CART,$5.3699,1441398041662,100,100% bearish,of 1 rating,N/A
TAST,$12.6799,1441398041693,"121,149",Not yet rated,NULL,$14.25
CRZO,$35.61,1441398041724,"639,865",67% bearish,of 3 ratings,$54.50
CLBH,$12.8,1441398041750,"2,671",Not yet rated,NULL,$16.50
CKEC,$22.66,1441398041802,"98,421",50% bullish,of 2 ratings,$35.915
CRTN,$2.44,1441398041829,768,100% bearish,of 1 rating,N/A
CARV,$6.8222,1441398041977,"6,640",50% bullish,of 2 ratings,N/A
CACB,$5.32,1441398042140,"37,677",Not yet rated,NULL,$5.50
CWST,$6.31,1441398042167,"33,802",50% bullish,of 2 ratings,$7.25
CASM,$1.19,1441398042188,"7,564",100% bullish,of 1 rating,$3.50
CSCD,$15.41,1441398042318,"10,080",100% bullish,of 2 ratings,$17
CASY,$105.59,1441398042379,"132,324",50% bullish,of 2 ratings,$99.50
CASI,$1.3526,1441398042463,"1,684",100% bullish,of 1 rating,$3.50
CASS,$48.41,1441398042509,"7,251",100% bearish,of 1 rating,N/A
CATB,$11.2,1441398042606,"10,815",100% bearish,of 1 rating,$28
CPRX,$3.7,1441398042633,"313,526",71% bullish,of 7 ratings,$7
CATYW,NULL,1441398042689,0,100% bearish,of 1 rating,N/A
CATY,$29.05,1441398042763,"262,779",100% bearish,of 1 rating,$33.50
CVCO,$70.5966,1441398042822,"4,545",100% bearish,of 1 rating,N/A
CNLM,NULL,1441398043126,0,Not yet rated,NULL,N/A
CBFV,$21.4599,1441398043180,421,Not yet rated,NULL,$25
CAVM,$68.48,1441398043206,"278,317",67% bearish,of 3 ratings,$72
CNLMR,NULL,1441398043227,0,Not yet rated,NULL,N/A
CBOE,$63.51,1441398043373,"160,735",Not yet rated,NULL,$63
CNLMU,NULL,1441398043399,0,100% bullish,of 1 rating,N/A
CDK,$48.45,1441398043420,"93,705",67% bearish,of 3 ratings,$50
CNLMW,NULL,1441398043606,0,Not yet rated,NULL,N/A
CELG,$117.88,1441398043663,"1,879,552",92% bullish,of 13 ratings,$156
CDW,$38.69,1441398043699,"306,772",75% bullish,of 4 ratings,$44
CECE,$9.6,1441398043731,"337,671",50% bullish,of 2 ratings,$16
CPXX,$2.305,1441398043795,"43,097",100% bullish,of 2 ratings,$7
CLDX,$14.16,1441398043825,"402,114",89% bullish,of 9 ratings,$36
CLRB,$3.1,1441398043853,"9,449",100% bearish,of 1 rating,N/A
CELGZ,$1.7935,1441398043879,373,80% bullish,of 5 ratings,N/A
CLDN,$1.1905,1441398044243,"56,482",63% bullish,of 8 ratings,$3
CLSN,$1.99,1441398044272,"48,914",80% bullish,of 10 ratings,$7.50
CLRBW,NULL,1441398044296,0,Not yet rated,NULL,N/A
CLLS,$31.95,1441398044322,"41,644",75% bullish,of 4 ratings,$51.50
CLTX,$2.022,1441398044351,"97,130",100% bullish,of 2 ratings,N/A
CETX,$2.4724,1441398044458,"22,000",Not yet rated,NULL,$5.60
CBMG,$23.06,1441398044491,"33,113",50% bullish,of 2 ratings,N/A
CYAD,$47.501,1441398044564,200,100% bullish,of 1 rating,$87.50
CSFL,$13.635,1441398044716,"38,856",Not yet rated,NULL,$15
CFBK,$1.34,1441398044746,896,Not yet rated,NULL,N/A
CENT,$14.11,1441398044778,"107,225",Not yet rated,NULL,$10
CEMP,$33.67,1441398044848,"208,890",71% bullish,of 7 ratings,$52
CETV,$2,1441398044879,"32,636",67% bullish,of 3 ratings,$2.80
CENTA,$14.48,1441398044938,"83,719",Not yet rated,NULL,N/A
CVCY,$11.54,1441398045163,198,Not yet rated,NULL,$12
CENX,$5.33,1441398045226,"852,149",67% bullish,of 6 ratings,$9
CNTY,$5.95,1441398045295,"8,823",80% bullish,of 5 ratings,$7.75
CNBKA,$39.4,1441398045327,498,50% bullish,of 2 ratings,N/A
CRNT,$1.4,1441398045466,"43,041",50% bullish,of 2 ratings,$2
CPHD,$49.34,1441398045495,"302,839",67% bearish,of 3 ratings,$66
CERN,$59.99,1441398045516,"453,527",67% bullish,of 3 ratings,$79
CERE,$1.1001,1441398045571,"217,466",88% bullish,of 8 ratings,N/A
CERU,$4.22,1441398045728,"17,281",75% bullish,of 4 ratings,$14
CEVA,$18.9,1441398045799,"13,257",100% bearish,of 1 rating,$25
KOOL,$0.612,1441398045859,"27,235",100% bullish,of 5 ratings,$7
CYOU,$18.9,1441398045888,"67,409",50% bullish,of 6 ratings,$24
CERS,$5.225,1441398045931,"492,335",75% bullish,of 4 ratings,$7
HOTR,$1.2901,1441398046060,"46,572",100% bullish,of 2 ratings,$5
HOTRW,$0.15,1441398046229,"10,650",Not yet rated,NULL,N/A
CHTR,$183.02,1441398046277,"333,884",67% bearish,of 3 ratings,$202
CTHR,$1.2396,1441398046308,"32,247",50% bullish,of 2 ratings,$2.50
GTLS,$23.2,1441398046408,"101,088",50% bullish,of 4 ratings,$40
CHKP,$77.77,1441398046555,"720,359",50% bullish,of 4 ratings,$92
CHEK,$2.5201,1441398046580,500,Not yet rated,NULL,$7.75
CHFC,$30.374,1441398046628,"59,714",100% bearish,of 1 rating,$36
CHFN,$12.18,1441398046658,"6,508",Not yet rated,NULL,$14
CHEKW,NULL,1441398046760,0,Not yet rated,NULL,N/A
CEMI,$4.095,1441398046785,"3,248",50% bullish,of 2 ratings,$7.50
CCXI,$6.21,1441398046925,"12,502",67% bullish,of 3 ratings,$14
CHKE,$25.4433,1441398047002,"7,715",100% bearish,of 1 rating,$32.50
CHMG,$26.25,1441398047031,"2,550",Not yet rated,NULL,$30
CHEV,$14.5,1441398047142,"3,750",Not yet rated,NULL,N/A
CBNK,$16.78,1441398047278,200,100% bearish,of 1 rating,N/A
CHMA,$28.4,1441398047308,"48,981",Not yet rated,NULL,$40
CADC,$3.34,1441398047383,400,78% bullish,of 9 ratings,N/A
CMRX,$49.33,1441398047411,"100,014",50% bullish,of 2 ratings,$57
PLCE,$58.47,1441398047440,"64,303",100% bearish,of 1 rating,$69
CAAS,$6,1441398047542,"7,709",93% bullish,of 14 ratings,$11.50
CALI,NULL,1441398047581,0,67% bullish,of 3 ratings,N/A
CBAK,$2.0298,1441398047743,"86,410",67% bullish,of 9 ratings,N/A
CCCL,NULL,1441398047793,0,100% bullish,of 6 ratings,N/A
CBPO,$94.24,1441398047831,"61,396",75% bullish,of 8 ratings,$140.50
JRJC,$3.4532,1441398047896,"26,297",82% bullish,of 11 ratings,N/A
CCCR,$0.64,1441398047991,"2,200",67% bearish,of 3 ratings,N/A
CHOP,$1.08,1441398048193,"7,497",50% bullish,of 2 ratings,N/A
CNIT,$1.1416,1441398048219,"63,859",67% bullish,of 6 ratings,N/A
HGSH,$1.8,1441398048258,"2,201",67% bullish,of 3 ratings,N/A
CHLN,$1.8404,1441398048289,710,67% bullish,of 3 ratings,N/A
CJJD,$1.79,1441398048353,"2,890",100% bullish,of 1 rating,N/A
HTHT,$25.5965,1441398048382,"44,922",50% bullish,of 2 ratings,$28.40
CREG,$0.6599,1441398048404,"31,992",100% bullish,of 3 ratings,N/A
CHNR,$1.73,1441398048432,"24,518",100% bearish,of 1 rating,N/A
CPGI,$6.87,1441398048767,"2,000",Not yet rated,NULL,N/A
CXDC,$6.109,1441398048825,"19,268",67% bearish,of 3 ratings,N/A
CNTF,$0.7807,1441398048847,"23,386",Not yet rated,NULL,N/A
CSUN,$1.37,1441398048877,"8,775",80% bullish,of 5 ratings,N/A
CCIH,$7.28,1441398048898,"87,409",67% bullish,of 6 ratings,$12.65
CNYD,$3.21,1441398048930,300,67% bullish,of 3 ratings,N/A
IMOS,$19.33,1441398049028,"114,863",60% bullish,of 5 ratings,$21.50
CNET,$0.83,1441398049073,"13,160",50% bullish,of 2 ratings,N/A
CHSCP,$30.69,1441398049355,"2,821",Not yet rated,NULL,N/A
CHSCL,$27.26,1441398049384,"15,642",Not yet rated,NULL,N/A
CHSCM,$26.2968,1441398049418,"9,629",Not yet rated,NULL,N/A
CHSCN,$27.053,1441398049446,"1,652",Not yet rated,NULL,N/A
CHDN,$133.73,1441398049471,"33,751",Not yet rated,NULL,$165
CHSCO,$28.48,1441398049510,"1,468",Not yet rated,NULL,N/A
CHUY,$31.1593,1441398049538,"45,365",50% bullish,of 2 ratings,$34
CDTX,$14.23,1441398049603,"9,685",Not yet rated,NULL,$22
CINF,$51.91,1441398050070,"286,151",50% bullish,of 4 ratings,$50.50
CMPR,$71.54,1441398050096,"82,164",50% bullish,of 2 ratings,$72.50
CMCT,NULL,1441398050144,0,100% bearish,of 1 rating,N/A
CTAS,$83.75,1441398050169,"165,491",100% bearish,of 1 rating,$91
CRUS,$29.37,1441398050222,"261,687",75% bullish,of 12 ratings,$44.50
CIFC,$6.85,1441398050247,"7,435",100% bearish,of 1 rating,N/A
CIDM,$0.5887,1441398050326,"9,089",50% bullish,of 2 ratings,$2.10
CPHR,$5.05,1441398050347,"1,710",100% bearish,of 1 rating,$17
CSCO,$25.555,1441398050428,"11,023,538",83% bullish,of 210 ratings,$32
CZNC,$19.48,1441398050497,"10,341",Not yet rated,NULL,N/A
CZWI,$9,1441398050629,316,Not yet rated,NULL,N/A
CTRN,$25.7,1441398050695,"45,603",100% bearish,of 1 rating,$31.50
CIZN,NULL,1441398050721,0,Not yet rated,NULL,N/A
CZFC,NULL,1441398050741,0,Not yet rated,NULL,N/A
CTXS,$68.05,1441398050881,"814,566",86% bullish,of 7 ratings,$80
CHCO,$46.97,1441398050930,"17,247",Not yet rated,NULL,$46
CIVB,$9.96,1441398051022,"1,750",Not yet rated,NULL,$11
CIVBP,NULL,1441398051150,0,Not yet rated,NULL,N/A
CDTI,$1.587,1441398051176,"20,814",75% bullish,of 4 ratings,$3.20
CLNT,$1.55,1441398051204,"5,200",75% bullish,of 8 ratings,N/A
CLRO,$11.43,1441398051238,600,50% bullish,of 2 ratings,$14.25
CLNE,$5.1,1441398051336,"418,832",80% bullish,of 15 ratings,$9
CLFD,$16.82,1441398051363,"10,744",67% bullish,of 3 ratings,$18
CLIR,$5.03,1441398051415,"45,770",100% bullish,of 3 ratings,N/A
CSBK,$13.87,1441398051612,"32,215",Not yet rated,NULL,N/A
CBLI,$4.18,1441398051639,"12,806",60% bullish,of 5 ratings,N/A
CMFN,$11.28,1441398051714,"9,962",100% bearish,of 1 rating,$15.50
CLVS,$84.05,1441398051773,"201,080",60% bullish,of 5 ratings,$101.50
CISG,$7.6477,1441398051830,"16,504",100% bullish,of 5 ratings,$10
CME,$92.65,1441398051851,"756,852",67% bullish,of 3 ratings,$102
CCNE,$16.989,1441398051903,"4,343",50% bullish,of 2 ratings,$21.50
CNV,$4.24,1441398052103,"27,384",50% bullish,of 2 ratings,$7.15
CWAY,$11.28,1441398052129,"1,600",Not yet rated,NULL,N/A
COBZ,$12.7309,1441398052170,"24,664",100% bullish,of 1 rating,$14
COKE,$157.01,1441398052195,"11,633",79% bullish,of 19 ratings,N/A
CDXS,$3.53,1441398052221,"22,672",64% bullish,of 11 ratings,$6
CDRB,$9.15,1441398052261,"17,804",67% bullish,of 3 ratings,N/A
CVLY,$20.4001,1441398052494,300,Not yet rated,NULL,N/A
JVA,$4.65,1441398052555,"9,700",83% bullish,of 6 ratings,$7
CCOI,$27.23,1441398052651,"140,395",50% bullish,of 4 ratings,$35
CTSH,$61.88,1441398052690,"1,596,547",90% bullish,of 10 ratings,$75
CGNX,$34.37,1441398052716,"209,632",50% bullish,of 2 ratings,$47
CGNT,$1.54,1441398052737,800,100% bullish,of 2 ratings,$2
CHRS,$26.83,1441398052868,"121,935",67% bearish,of 3 ratings,$37
CLRX,$0.6899,1441398053122,"18,004",50% bullish,of 2 ratings,N/A
CIGI,$41.77,1441398053157,"19,480",100% bearish,of 1 rating,$52
COHU,$9.49,1441398053178,"26,833",100% bearish,of 1 rating,$14.25
COLL,$16.18,1441398053215,"28,777",100% bearish,of 1 rating,$26
COHR,$54.72,1441398053240,"35,012",50% bullish,of 2 ratings,$72
CLCT,$18.03,1441398053273,"8,166",100% bearish,of 1 rating,N/A
CBAN,$8.76,1441398053313,300,Not yet rated,NULL,N/A
CLCD,$5.81,1441398053341,"34,204",100% bearish,of 1 rating,$20.50
COLB,$29.4,1441398053696,"75,390",Not yet rated,NULL,$36
CMCO,$18.76,1441398053827,"20,625",60% bullish,of 5 ratings,$28
CBSH,$43.47,1441398053857,"126,259",50% bullish,of 2 ratings,$46
CMCSK,$56.88,1441398053887,"1,903,668",Not yet rated,NULL,$84
CBMX,$1.11,1441398053958,"10,501",83% bullish,of 6 ratings,$3.15
COLM,$61.48,1441398053984,"35,276",100% bearish,of 1 rating,$71
COMM,$32.64,1441398054111,"224,568",67% bearish,of 3 ratings,$35
CMCSA,$55.9,1441398054157,"5,218,457",66% bullish,of 35 ratings,$69.50
CBSHP,$25.44,1441398054210,"4,098",100% bearish,of 1 rating,N/A
CVGI,$4.85,1441398054255,"20,386",50% bullish,of 2 ratings,$6
CSAL,$20.2,1441398054280,"314,202",75% bullish,of 4 ratings,$30
CUBN,NULL,1441398054355,0,Not yet rated,NULL,N/A
ESXB,$5.0201,1441398054486,426,Not yet rated,NULL,N/A
JCS,$8.7199,1441398054521,"7,075",67% bullish,of 3 ratings,N/A
CYHHZ,$0.0123,1441398054618,"66,382",100% bullish,of 1 rating,N/A
CTBI,$34.49,1441398054774,"11,104",Not yet rated,NULL,$36
COB,$10.247,1441398054872,"5,100",100% bullish,of 1 rating,$11.75
CVLT,$35.23,1441398054942,"423,054",75% bullish,of 4 ratings,$44.50
CIZ,$31.99,1441398054967,"15,123",100% bearish,of 1 rating,N/A
CWBC,$6.8301,1441398055011,300,Not yet rated,NULL,N/A
CIL,NULL,1441398055095,0,Not yet rated,NULL,N/A
CSA,NULL,1441398055122,0,Not yet rated,NULL,N/A
CID,$32.38,1441398055175,"1,305",Not yet rated,NULL,N/A
CFA,$34.65,1441398055268,900,100% bearish,of 1 rating,N/A
CDC,$33.9499,1441398055323,"51,599",Not yet rated,NULL,N/A
CSF,$36.06,1441398055396,"3,017",100% bearish,of 1 rating,N/A
CFO,$34.7,1441398055493,"45,444",100% bearish,of 1 rating,N/A
CDL,$32.826,1441398055664,"1,157",Not yet rated,NULL,N/A
CGEN,$5.09,1441398055797,"38,887",50% bullish,of 2 ratings,$11
CSB,NULL,1441398055834,0,Not yet rated,NULL,N/A
SCOR,$47.29,1441398055855,"257,749",100% bearish,of 1 rating,$66
CTG,$6.63,1441398055876,"11,935",100% bearish,of 1 rating,$8.50
CHCI,$0.7101,1441398055925,"6,852",50% bullish,of 2 ratings,N/A
CNSI,$18.15,1441398055953,"41,715",100% bearish,of 2 ratings,$29
CPSI,$45.09,1441398056008,"28,986",100% bearish,of 1 rating,$45.50
CMTL,$25.83,1441398056138,"13,461",100% bearish,of 2 ratings,$37
CNCE,$15.94,1441398056219,"66,974",75% bullish,of 4 ratings,$22
CXRX,$84,1441398056247,"1,600",100% bearish,of 1 rating,$90
CCUR,$5.33,1441398056327,"3,713",75% bullish,of 4 ratings,N/A
CNAT,$3.82,1441398056384,"42,812",83% bullish,of 6 ratings,$13
CDOR,$1.2201,1441398056538,"7,700",100% bullish,of 1 rating,N/A
CDORO,NULL,1441398056563,0,100% bearish,of 1 rating,N/A
CFMS,$14.24,1441398056725,"260,089",100% bearish,of 1 rating,$26.50
CDORP,$6.25,1441398056805,300,100% bearish,of 1 rating,N/A
CTWS,$34.43,1441398056835,"6,022",100% bearish,of 1 rating,$44
CNMD,$50.63,1441398056857,"57,396",Not yet rated,NULL,$59
CNFR,$10.1208,1441398056892,"1,752",Not yet rated,NULL,N/A
CNXR,$6.79,1441398056932,"75,858",100% bearish,of 1 rating,$12
CONN,$28.88,1441398056994,"336,488",67% bullish,of 3 ratings,$48.50
CNOB,$18.92,1441398057028,"44,099",100% bullish,of 1 rating,$23.50
CNSL,$19.51,1441398057203,"69,557",100% bearish,of 1 rating,$23
CTCT,$24.36,1441398057229,"81,162",67% bullish,of 3 ratings,$37
CWCO,$10.45,1441398057254,"49,089",67% bullish,of 3 ratings,$14.50
CPSS,$5.51,1441398057304,"5,897",100% bullish,of 1 rating,$10
CFRXW,$1.68,1441398057510,700,100% bearish,of 1 rating,N/A
CFRX,$5.023,1441398057541,"4,050",Not yet rated,NULL,$14
CPRT,$34.88,1441398057643,"174,128",67% bearish,of 3 ratings,$40
CTRL,$8.26,1441398057668,"76,191",50% bullish,of 2 ratings,$11
CFRXZ,NULL,1441398057699,0,Not yet rated,NULL,N/A
CTRV,$3.42,1441398057721,"6,350",Not yet rated,NULL,$6.40
CORT,$4.905,1441398057745,"133,348",67% bullish,of 3 ratings,$12
CRBP,$1.86,1441398057776,"80,545",100% bullish,of 2 ratings,$6.25
BVA,$3.75,1441398057966,100,50% bullish,of 2 ratings,N/A
CORE,$58.91,1441398058038,"55,523",100% bearish,of 1 rating,$72
CORI,$10.31,1441398058193,"50,793",100% bearish,of 1 rating,$18
CSOD,$36.42,1441398058458,"140,904",50% bullish,of 2 ratings,$42
CRVL,$30.49,1441398058489,"6,197",100% bearish,of 1 rating,N/A
COSI,$1.08,1441398058588,"3,359",100% bullish,of 1 rating,N/A
COST,$138.88,1441398058634,"921,634",79% bullish,of 24 ratings,$154.50
CPAH,$0.43,1441398058661,300,50% bullish,of 2 ratings,N/A
CSGP,$174.8,1441398058682,"44,531",50% bullish,of 2 ratings,$235
COVS,$2.47,1441398058714,"44,269",67% bullish,of 3 ratings,N/A
ICBK,NULL,1441398058740,0,Not yet rated,NULL,$21
COWNL,$26.62,1441398059027,113,Not yet rated,NULL,N/A
CVTI,$22.65,1441398059058,"24,147",67% bearish,of 3 ratings,$39
CPSH,$2.41,1441398059110,702,Not yet rated,NULL,N/A
CRAI,$23.12,1441398059132,"11,131",100% bearish,of 1 rating,$36
COWN,$5.05,1441398059216,"381,908",75% bullish,of 4 ratings,$7
CBRL,$146.5,1441398059287,"79,885",50% bullish,of 2 ratings,$155
BREW,$7.7,1441398059468,"13,203",67% bullish,of 6 ratings,$15
CACC,$195.5101,1441398059509,"57,261",50% bullish,of 2 ratings,$158.50
SLVO,$10.07,1441398059545,437,100% bearish,of 1 rating,N/A
CRAY,$20.6634,1441398059637,"102,958",83% bullish,of 6 ratings,$38.50
CREE,$25.85,1441398059665,"576,649",65% bullish,of 17 ratings,$29.50
GLDI,$10.96,1441398059698,"42,120",100% bearish,of 1 rating,N/A
CRESY,$10.19,1441398059795,"10,500",100% bearish,of 1 rating,$19
CRTO,$36.14,1441398059862,"288,182",67% bullish,of 6 ratings,$64
CCRN,$14.21,1441398060139,"152,018",100% bearish,of 1 rating,$14.25
CROX,$13.86,1441398060164,"458,329",63% bullish,of 8 ratings,$16.50
CRDS,$1.19,1441398060193,"101,378",50% bullish,of 4 ratings,$3.375
CYRX,$3,1441398060220,"25,433",Not yet rated,NULL,$9
CRWN,$5.24,1441398060354,"116,002",75% bullish,of 4 ratings,N/A
CSGS,$29.64,1441398060379,"82,962",Not yet rated,NULL,$40
CCLP,$13.61,1441398060406,"74,483",67% bearish,of 3 ratings,$20
CRWS,$8.08,1441398060434,"5,600",Not yet rated,NULL,$10
CSPI,$5.8699,1441398060540,"3,818",67% bullish,of 3 ratings,N/A
CYRXW,$0.745,1441398060606,"8,500",Not yet rated,NULL,N/A
CTCM,$1.7,1441398060802,"94,785",80% bearish,of 5 ratings,$3.90
CTIB,NULL,1441398060910,0,100% bearish,of 1 rating,N/A
CTIC,$1.52,1441398060936,"257,374",84% bullish,of 76 ratings,$5.75
CTRP,$63.81,1441398061015,"849,672",75% bullish,of 8 ratings,$92.50
CUNB,$21.7499,1441398061110,"6,677",Not yet rated,NULL,$24.50
CUI,$5.2397,1441398061242,"11,809",50% bullish,of 2 ratings,$10
CPIX,$6.15,1441398061302,"10,103",Not yet rated,NULL,N/A
CRIS,$2.525,1441398061446,"74,349",100% bullish,of 8 ratings,$6
CMLS,$1.28,1441398061493,"102,627",50% bullish,of 4 ratings,$6
CUTR,$14.95,1441398061527,"45,451",67% bearish,of 3 ratings,$18
CVV,$11.27,1441398061658,"5,312",100% bullish,of 5 ratings,N/A
CVBF,$15.95,1441398061686,"118,890",Not yet rated,NULL,$18
CYBR,$46.61,1441398061712,"1,675,494",75% bullish,of 8 ratings,$68.50
CYAN,$6.1,1441398061744,"1,250",100% bearish,of 1 rating,N/A
CYBX,$64.37,1441398061840,"70,272",50% bullish,of 4 ratings,$71.50
CYCC,$0.56,1441398061872,"30,949",73% bullish,of 11 ratings,N/A
CYNA,$16,1441398062097,"5,702",50% bullish,of 2 ratings,$31.50
CYBE,$6.9,1441398062127,"5,318",100% bearish,of 1 rating,N/A
CYCCP,$5.51,1441398062148,"1,504",100% bearish,of 1 rating,N/A
CBAY,$2.62,1441398062185,"10,700",100% bullish,of 1 rating,$4
CY,$9.94,1441398062276,"1,525,994",80% bullish,of 10 ratings,$15.50
CYNO,$33.26,1441398062301,"105,865",67% bearish,of 3 ratings,$45.50
CYRN,$1.74,1441398062328,"12,920",67% bullish,of 3 ratings,$4
CONE,$31.77,1441398062539,"292,509",67% bearish,of 3 ratings,$35.50
CYTX,$0.3625,1441398062869,"1,081,171",83% bullish,of 12 ratings,$5.50
TVIX,$16.76,1441398062923,"11,812,323",81% bullish,of 16 ratings,N/A
CYTK,$7.22,1441398062957,"66,889",71% bullish,of 14 ratings,$13.50
CYTR,$2.48,1441398062987,"167,202",67% bullish,of 6 ratings,$10
CTSO,$7.33,1441398063013,"39,815",Not yet rated,NULL,$15.625
TVIZ,$23.93,1441398063066,"2,000",100% bearish,of 1 rating,N/A
DAEG,$0.3501,1441398063091,770,100% bearish,of 1 rating,N/A
ZIV,$35.37,1441398063143,"37,454",Not yet rated,NULL,N/A
DJCO,$196.76,1441398063379,64,Not yet rated,NULL,N/A
DAKT,$8.41,1441398063439,"164,664",50% bullish,of 2 ratings,$12
XIV,$22.97,1441398063468,"20,193,045",75% bearish,of 4 ratings,N/A
DAIO,$2.51,1441398063519,200,Not yet rated,NULL,N/A
DTLK,$5.56,1441398063570,"50,905",100% bearish,of 1 rating,$9
DRAM,$1.299,1441398063615,"12,400",78% bullish,of 9 ratings,N/A
DARA,$0.8401,1441398063760,"34,227",83% bullish,of 6 ratings,$1.50
DWCH,$4.83,1441398063785,"8,127",75% bullish,of 4 ratings,$8.25
DTEA,$13.2362,1441398063820,"27,334",100% bearish,of 2 ratings,$24
PLAY,$36.45,1441398063917,"247,150",100% bullish,of 5 ratings,$42
DWSN,$4.35,1441398064209,"37,518",67% bullish,of 3 ratings,N/A
DBVT,$36.6851,1441398064234,"61,150",100% bearish,of 1 rating,$53
TRAK,$62.75,1441398064279,"618,641",50% bullish,of 2 ratings,$62.50
DFRG,$14.2542,1441398064494,"83,931",100% bearish,of 1 rating,$20
TACO,$13.0201,1441398064644,"28,387",75% bullish,of 4 ratings,$20
DHRM,$1.59,1441398064721,"2,394",Not yet rated,NULL,N/A
TACOW,$4.05,1441398064749,"3,400",100% bullish,of 1 rating,N/A
DCTH,$0.53,1441398064853,"726,901",78% bullish,of 9 ratings,N/A
DELT,$2.05,1441398064903,860,Not yet rated,NULL,N/A
DENN,$11.31,1441398065038,"167,920",100% bullish,of 3 ratings,$15
DELTW,NULL,1441398065169,0,Not yet rated,NULL,N/A
DGAS,$20.3799,1441398065242,"1,736",67% bearish,of 3 ratings,N/A
DSCI,$6.08,1441398065348,"61,564",50% bullish,of 2 ratings,$16
XRAY,$51.35,1441398065406,"318,764",100% bullish,of 1 rating,$58
DERM,$25.43,1441398065436,"24,674",100% bearish,of 1 rating,$33.50
DEPO,$26.745,1441398065479,"244,660",60% bullish,of 5 ratings,$29
DEST,$10.22,1441398065532,"16,033",50% bullish,of 2 ratings,N/A
DSWL,$1.45,1441398065626,"8,437",100% bullish,of 1 rating,N/A
DXLG,$6.44,1441398065733,"95,282",100% bearish,of 1 rating,$8
DXM,$0.2868,1441398065762,"50,433",50% bullish,of 2 ratings,N/A
DMND,$30.66,1441398065864,"41,748",75% bullish,of 12 ratings,$32
DHXM,$6.08,1441398065903,763,100% bearish,of 1 rating,N/A
DXCM,$88.31,1441398065934,"194,564",57% bullish,of 7 ratings,$98
DHIL,$188.95,1441398065961,500,Not yet rated,NULL,N/A
FANG,$66,1441398066035,"305,549",50% bullish,of 2 ratings,$86
DCIX,$1.52,1441398066120,"131,013",50% bullish,of 4 ratings,$3.50
DRNA,$10.9185,1441398066311,"66,349",67% bearish,of 3 ratings,$25
DRAD,$3.7511,1441398066391,"10,754",100% bullish,of 1 rating,$5.25
DGII,$10.19,1441398066448,"11,769",100% bearish,of 1 rating,$11
DMRC,$38.01,1441398066473,"17,170",100% bearish,of 1 rating,$44
DGLY,$7.4,1441398066550,"51,315",50% bullish,of 6 ratings,$20
APPS,$2.1,1441398066606,"54,909",100% bearish,of 1 rating,$10.25
DIOD,$22.9,1441398066631,"253,143",75% bearish,of 4 ratings,$24
DCOM,$16.59,1441398066682,"27,252",100% bearish,of 2 ratings,$16
DISCA,$26.76,1441398066811,"853,315",67% bullish,of 3 ratings,$34
DISCB,NULL,1441398066843,0,100% bearish,of 1 rating,$35
DISCK,$25.23,1441398066941,"669,363",100% bearish,of 1 rating,$32
DISH,$59.02,1441398067006,"583,597",69% bullish,of 13 ratings,$73
DPRX,$14.3,1441398067057,"14,125",100% bullish,of 2 ratings,$27.75
DSCO,$0.4323,1441398067079,"216,105",83% bullish,of 6 ratings,$2.75
DVCR,$10.9399,1441398067209,100,100% bullish,of 1 rating,N/A
BAGR,$2.5888,1441398067289,"10,008",100% bearish,of 1 rating,$6
DNBF,$26,1441398067314,600,Not yet rated,NULL,$27.50
DLHC,$2.6302,1441398067369,600,100% bearish,of 1 rating,N/A
DLTR,$68.2,1441398067441,"3,419,506",82% bullish,of 11 ratings,$85
DGICA,$13.55,1441398067466,"9,925",100% bearish,of 1 rating,$17
DMLP,$14.78,1441398067493,"8,461",100% bearish,of 1 rating,N/A
DGICB,NULL,1441398067541,0,100% bearish,of 1 rating,N/A
DORM,$49.93,1441398067734,"128,364",100% bearish,of 1 rating,$56
DRWI,$0.198,1441398067895,"150,023",60% bullish,of 5 ratings,$.45
DRWIW,$0.0445,1441398067927,"7,100",Not yet rated,NULL,N/A
DRYS,$0.4449,1441398067959,"1,004,113",77% bullish,of 31 ratings,$.60
DWA,$20.58,1441398068029,"384,900",63% bullish,of 8 ratings,$26
HILL,$9.7,1441398068054,"600,765",60% bearish,of 5 ratings,$9.75
DSKX,$3.48,1441398068089,"47,563",100% bullish,of 1 rating,N/A
DNKN,$48.84,1441398068357,"293,957",67% bullish,of 15 ratings,$56.50
DRRX,$2.06,1441398068446,"254,711",50% bullish,of 6 ratings,$3
DXPE,$29.58,1441398068878,"71,217",50% bullish,of 2 ratings,N/A
DTSI,$27.15,1441398068908,"45,715",100% bearish,of 2 ratings,$39.50
CADTR,NULL,1441398068929,0,Not yet rated,NULL,N/A
CADT,$10,1441398068960,600,Not yet rated,NULL,N/A
CADTU,NULL,1441398068992,0,Not yet rated,NULL,N/A
DSPG,$8.85,1441398069013,"11,451",100% bearish,of 1 rating,$13.50
CADTW,NULL,1441398069044,0,Not yet rated,NULL,N/A
DYAX,$21.98,1441398069094,"216,114",89% bullish,of 9 ratings,$30
BOOM,$10.07,1441398069322,"59,509",67% bullish,of 3 ratings,$12
ETFC,$25.37,1441398069352,"1,674,623",57% bullish,of 14 ratings,$32.50
DYSL,$1.5205,1441398069373,"3,188",100% bullish,of 2 ratings,N/A
DYNT,$3.0601,1441398069405,400,75% bullish,of 4 ratings,N/A
DVAX,$28.1068,1441398069434,"90,969",70% bullish,of 10 ratings,$40
EBMT,$11.5,1441398069534,300,Not yet rated,NULL,$13.50
EGBN,$41.23,1441398069614,"22,379",Not yet rated,NULL,$48
EGRX,$77.9068,1441398069718,"86,391",67% bullish,of 3 ratings,$97
EGLE,$6.45,1441398069747,"22,688",60% bullish,of 5 ratings,N/A
EROC,$1.46,1441398069773,"120,964",50% bullish,of 2 ratings,$3
ELNK,$8.51,1441398069820,"249,120",60% bullish,of 5 ratings,$9.50
EACQU,$10.15,1441398069919,"1,500",Not yet rated,NULL,N/A
EWBC,$38.85,1441398069946,"379,437",100% bearish,of 1 rating,$50
EML,$16.14,1441398070147,"1,212",Not yet rated,NULL,N/A
EVBS,$6.5001,1441398070174,"2,302",Not yet rated,NULL,$7
EBAY,$26.52,1441398070200,"4,428,200",81% bullish,of 117 ratings,$34
ELON,$0.5921,1441398070230,"21,655",50% bullish,of 2 ratings,N/A
ECHO,$22.66,1441398070304,"134,195",67% bearish,of 3 ratings,$34.50
EBIX,$27.67,1441398070373,"151,599",69% bullish,of 13 ratings,$40
SATS,$43.3,1441398070472,"78,914",50% bullish,of 2 ratings,$60
EEI,$11.825,1441398070615,"1,651",67% bearish,of 3 ratings,N/A
ECACU,$10.06,1441398070663,505,Not yet rated,NULL,N/A
EDAP,$3.6,1441398070689,"9,808",60% bullish,of 5 ratings,$4.50
ECTE,$1.5099,1441398070710,"30,919",75% bullish,of 4 ratings,N/A
ESES,$3.11,1441398070842,300,100% bearish,of 1 rating,$7
EDUC,$6.45,1441398070906,"16,431",100% bearish,of 1 rating,N/A
EFUT,$4.6612,1441398070983,"5,900",Not yet rated,NULL,N/A
EGLT,$13.2399,1441398071075,"28,294",50% bullish,of 2 ratings,$21
EDGW,$7.22,1441398071148,"2,525",100% bearish,of 1 rating,N/A
EHTH,$14.72,1441398071175,"38,195",50% bullish,of 4 ratings,$17
EGAN,$3.67,1441398071201,"5,100",50% bullish,of 2 ratings,$6.25
LOCO,$12.57,1441398071336,"272,983",69% bullish,of 13 ratings,$19.50
EMITF,$1.228,1441398071410,"5,254",75% bullish,of 4 ratings,N/A
ESLT,$77.99,1441398071514,"1,477",67% bullish,of 3 ratings,N/A
ERI,$9.26,1441398071644,"22,153",100% bearish,of 1 rating,$10
EA,$66.39,1441398071671,"1,787,695",78% bullish,of 36 ratings,$80
ELRC,$10.54,1441398071748,"7,771",100% bearish,of 1 rating,N/A
ESIO,$4.48,1441398071810,"157,465",50% bullish,of 2 ratings,$10
EFII,$42.75,1441398071894,"33,906",80% bullish,of 5 ratings,$55
ELEC,NULL,1441398071921,0,Not yet rated,NULL,N/A
ELSE,NULL,1441398072048,0,60% bullish,of 5 ratings,N/A
ELECW,NULL,1441398072074,0,Not yet rated,NULL,N/A
ELECU,NULL,1441398072118,0,Not yet rated,NULL,N/A
RDEN,$11.42,1441398072149,"39,411",100% bearish,of 4 ratings,$15
EBIO,$3.35,1441398072225,"108,460",100% bearish,of 2 ratings,$8.35
CAPX,NULL,1441398072292,0,Not yet rated,NULL,N/A
ESBK,$19.16,1441398072322,627,Not yet rated,NULL,N/A
LONG,$16.86,1441398072480,"15,206",67% bullish,of 3 ratings,$15.75
ELTK,$1.27,1441398072507,"10,782",67% bearish,of 3 ratings,N/A
EMCF,$23.7999,1441398072575,100,100% bearish,of 1 rating,N/A
EMCI,$21.79,1441398072653,"9,391",Not yet rated,NULL,N/A
EMKR,$6.8,1441398072703,"62,162",75% bullish,of 4 ratings,$8.50
EMMS,$1.2832,1441398072786,"46,033",67% bullish,of 6 ratings,N/A
ERS,$3.48,1441398072857,"5,330",Not yet rated,NULL,N/A
EMMSP,NULL,1441398072885,0,100% bearish,of 1 rating,N/A
NYNY,$4.385,1441398073014,"17,877",50% bullish,of 2 ratings,N/A
ENTA,$38.87,1441398073044,"78,281",50% bullish,of 2 ratings,$42
ENDP,$73.31,1441398073141,"790,579",50% bullish,of 6 ratings,$101.50
ECPG,$37.77,1441398073173,"114,845",100% bullish,of 2 ratings,$52
WIRE,$32.16,1441398073204,"64,268",100% bearish,of 1 rating,$37
ECYT,$5.03,1441398073301,"142,721",83% bullish,of 6 ratings,$12
ELGX,$12.95,1441398073333,"202,010",75% bullish,of 4 ratings,$17
EIGI,$14.8,1441398073381,"76,242",67% bearish,of 3 ratings,$22.50
EXXI,$1.75,1441398073557,"635,775",86% bullish,of 7 ratings,$3.50
ERII,$2.56,1441398073582,"6,883",80% bullish,of 5 ratings,$2.50
EFOI,$24.6094,1441398073610,"329,414",50% bullish,of 2 ratings,$24.50
WATT,$6.83,1441398073632,"40,165",50% bullish,of 2 ratings,$13
ENOC,$8.8,1441398073786,"100,279",75% bullish,of 4 ratings,$18
ENG,$1.02,1441398073815,"9,043",100% bullish,of 3 ratings,N/A
ENPH,$4.49,1441398073849,"422,265",75% bullish,of 4 ratings,$10
ENFC,$17.57,1441398073947,200,Not yet rated,NULL,N/A
ESGR,$149.8254,1441398073972,"50,688",100% bearish,of 1 rating,$185
ENTG,$13.39,1441398073999,"117,415",100% bearish,of 1 rating,$18
ENTL,$21.32,1441398074185,"223,699",Not yet rated,NULL,$28
ETRM,$0.2703,1441398074211,"428,920",69% bearish,of 35 ratings,$1.625
EBTC,$20.9,1441398074241,311,Not yet rated,NULL,N/A
EGT,$2.0201,1441398074338,578,100% bullish,of 1 rating,N/A
EFSC,$23.88,1441398074370,"25,447",Not yet rated,NULL,$27
ENZN,$1,1441398074487,"80,193",100% bullish,of 9 ratings,N/A
ENVI,$1.851,1441398074514,"650,095",67% bullish,of 3 ratings,N/A
ENZY,$10.35,1441398074537,"17,898",67% bullish,of 3 ratings,$9.50
EPRS,$5.1127,1441398074566,"17,420",82% bullish,of 11 ratings,$15
EPIQ,$12.41,1441398074745,"18,629",100% bearish,of 1 rating,$18
EPZM,$19.56,1441398074905,"239,067",60% bullish,of 5 ratings,$34
EQIX,$269.88,1441398074931,"425,556",75% bullish,of 4 ratings,$312.50
PLUS,$74.54,1441398074956,"50,015",50% bullish,of 2 ratings,$88
EQFN,$7.65,1441398075115,"16,835",100% bearish,of 1 rating,N/A
EAC,$3.456,1441398075142,"3,277",100% bearish,of 1 rating,$8
ERIC,$9.55,1441398075167,"850,932",67% bullish,of 9 ratings,$12.20
ESCA,$17.96,1441398075334,"3,268",100% bearish,of 1 rating,$22
ESCRP,$1.26,1441398075463,"8,048",100% bearish,of 1 rating,N/A
ESPR,$44.68,1441398075491,"502,110",70% bearish,of 10 ratings,$115
ESCR,$0.259,1441398075517,"282,391",50% bullish,of 2 ratings,N/A
ESSA,$12.85,1441398075653,"2,080",100% bearish,of 1 rating,N/A
ERIE,$79.79,1441398075686,"7,160",Not yet rated,NULL,$73
EPIX,NULL,1441398075713,0,Not yet rated,NULL,N/A
ESMC,$1.33,1441398075734,"1,189",Not yet rated,NULL,N/A
ESND,$33.41,1441398075787,"45,559",100% bearish,of 2 ratings,$40
ESSX,$0.462,1441398075930,100,50% bullish,of 2 ratings,N/A
ETSY,$14.18,1441398075997,"191,543",80% bullish,of 5 ratings,$16
CLWT,$2.4692,1441398076063,500,100% bearish,of 1 rating,N/A
EEFT,$65.27,1441398076129,"94,214",100% bearish,of 1 rating,$67.50
EVEP,$8.05,1441398076219,"286,594",50% bullish,of 2 ratings,$15
ESEA,$4.5901,1441398076245,"2,849",100% bullish,of 1 rating,$15
EVK,$3.76,1441398076271,501,75% bearish,of 4 ratings,N/A
EVLV,$2.61,1441398076400,"45,174",60% bullish,of 5 ratings,$4.625
EVOK,$3.59,1441398076447,"23,252",100% bearish,of 1 rating,$13.375
EVOL,$5.52,1441398076478,"31,929",75% bullish,of 4 ratings,$10
EXA,$10.67,1441398076576,"25,132",100% bearish,of 1 rating,$13
EXAS,$20.91,1441398076677,"247,377",78% bullish,of 9 ratings,$31
EXEL,$5.61,1441398076722,"1,702,861",81% bullish,of 16 ratings,$6
EXAC,$18.995,1441398076750,"19,470",100% bearish,of 1 rating,$22.50
EXFO,$2.83,1441398076881,180,67% bearish,of 3 ratings,$3.95
EXPD,$47.86,1441398077012,"1,419,934",80% bullish,of 5 ratings,$52
EXPE,$111.23,1441398077040,"501,071",64% bullish,of 11 ratings,$130
EXLS,$36.01,1441398077061,"21,905",50% bullish,of 2 ratings,$41
EXPO,$42.29,1441398077189,"28,444",100% bearish,of 1 rating,$45.50
ESRX,$83.42,1441398077230,"1,253,552",67% bearish,of 6 ratings,$101
EXTR,$3.155,1441398077284,"207,417",80% bullish,of 5 ratings,$3
EXLP,$18.23,1441398077317,"51,514",100% bearish,of 1 rating,$25
EYEG,$3.63,1441398077361,"8,200",Not yet rated,NULL,N/A
EYEGW,$1,1441398077385,"2,000",Not yet rated,NULL,N/A
EZCH,$22.6827,1441398077547,"68,828",75% bullish,of 8 ratings,$19
FFIV,$119.04,1441398077610,"308,930",63% bullish,of 8 ratings,$132
EZPW,$5.9,1441398077753,"77,882",50% bullish,of 4 ratings,$7
FRP,$15.62,1441398077780,"50,008",100% bearish,of 1 rating,$18
FCS,$13.46,1441398077805,"490,588",67% bearish,of 3 ratings,$17
FB,$88.01,1441398077829,"13,799,822",73% bullish,of 1075 ratings,$111
FWM,$2.24,1441398077995,"39,184",100% bearish,of 2 ratings,$3.20
FALC,$1.78,1441398078020,"26,140",63% bearish,of 8 ratings,N/A
DAVE,$14.6001,1441398078151,"13,050",100% bearish,of 1 rating,$15.50
FARM,$22.8,1441398078181,"17,319",100% bearish,of 1 rating,$35
FMNB,$8.27,1441398078210,"4,700",Not yet rated,NULL,N/A
FAST,$37.58,1441398078313,"864,186",80% bullish,of 5 ratings,$43
FARO,$36.52,1441398078371,"38,850",50% bullish,of 2 ratings,$48
FATE,$6.05,1441398078396,"5,866",50% bullish,of 2 ratings,$11
FFKT,$25.76,1441398078454,"9,761",Not yet rated,NULL,$29
FBSS,NULL,1441398078478,0,Not yet rated,NULL,N/A
FDML,$8.26,1441398078690,"150,361",50% bullish,of 4 ratings,$14
FBRC,$21.805,1441398078750,"8,051",100% bearish,of 1 rating,$29
FENX,$9.45,1441398078823,"34,438",100% bullish,of 1 rating,$14.25
FNHC,$21.8,1441398078855,"31,142",100% bearish,of 1 rating,$35
FEIC,$74.94,1441398078876,"102,931",50% bullish,of 2 ratings,$95.50
FHCO,$1.39,1441398078907,"8,785",50% bullish,of 4 ratings,N/A
FCSC,$5.69,1441398078955,"41,830",100% bearish,of 1 rating,$8.125
LION,$19.2487,1441398079123,"29,690",100% bullish,of 1 rating,$20
FGEN,$22.9468,1441398079290,"90,513",100% bearish,of 1 rating,$39
ONEQ,$184.42,1441398079319,"14,478",100% bullish,of 1 rating,N/A
FSAM,$7.05,1441398079351,"36,039",100% bearish,of 1 rating,$10.25
FDUS,$14.4,1441398079376,"22,924",50% bullish,of 2 ratings,$18
FRGI,$51.4063,1441398079422,"28,001",50% bullish,of 2 ratings,$70
FSC,$6.515,1441398079447,"409,744",60% bullish,of 5 ratings,$8
FSFR,$8.8,1441398079637,"35,774",100% bearish,of 1 rating,$11.50
FITB,$19.22,1441398079717,"2,105,640",54% bullish,of 13 ratings,$22
FSCFL,$24.6577,1441398079744,"2,225",Not yet rated,NULL,N/A
FNGN,$29.61,1441398079791,"163,307",67% bullish,of 3 ratings,$47
FITBI,$27.49,1441398079820,"6,283",Not yet rated,NULL,N/A
FNSR,$15.11,1441398079884,"409,423",71% bullish,of 7 ratings,$24
FNJN,$1.651,1441398079951,"6,835",100% bearish,of 1 rating,$5
FISI,$24.15,1441398079976,"8,555",100% bullish,of 2 ratings,$24.50
FNTCU,NULL,1441398080181,0,Not yet rated,NULL,N/A
FNTC,NULL,1441398080232,0,Not yet rated,NULL,N/A
FNLC,$18.6999,1441398080361,"7,286",100% bullish,of 1 rating,N/A
FNTCW,NULL,1441398080421,0,Not yet rated,NULL,N/A
FBNC,$16.8499,1441398080461,"14,606",100% bullish,of 1 rating,$20
FRBA,$6.09,1441398080487,"1,700",Not yet rated,NULL,$8
BUSE,$6.19,1441398080520,"39,776",Not yet rated,NULL,$6.875
FEYE,$36.56,1441398080558,"2,879,602",88% bullish,of 16 ratings,$55.50
FCVA,$4.758,1441398080621,100,Not yet rated,NULL,N/A
FBIZ,$22.32,1441398080705,"13,988",100% bearish,of 2 ratings,$26
FCNCA,$227.1557,1441398080868,"2,409",Not yet rated,NULL,N/A
FCAP,$26.2001,1441398080906,314,Not yet rated,NULL,N/A
FCFS,$38.86,1441398081032,"43,780",100% bearish,of 3 ratings,$47
FCBC,$17.11,1441398081057,"4,994",Not yet rated,NULL,$18
FCLF,$9.2,1441398081092,200,Not yet rated,NULL,N/A
FCCO,$12.39,1441398081137,400,Not yet rated,NULL,$13.25
FCFP,$6.7,1441398081296,"2,216",Not yet rated,NULL,N/A
FBNK,$16.77,1441398081350,"42,710",100% bearish,of 1 rating,$17.50
FDEF,$36.3697,1441398081371,"6,070",Not yet rated,NULL,$38
FFBC,$18.1,1441398081461,"66,169",67% bearish,of 3 ratings,$20.25
FFNM,$6.3188,1441398081501,130,Not yet rated,NULL,N/A
FFBCW,NULL,1441398081528,0,100% bearish,of 1 rating,N/A
FFIN,$29.83,1441398081606,"48,693",50% bullish,of 2 ratings,$31.75
THFF,$32.3,1441398081738,"12,632",Not yet rated,NULL,$35
FFNW,$12.24,1441398081765,"12,121",Not yet rated,NULL,$14
FFWM,$21.3,1441398081944,"13,145",Not yet rated,NULL,$24
INBK,$29.31,1441398081969,"9,425",50% bullish,of 2 ratings,$37
FMBH,$22.28,1441398082121,329,Not yet rated,NULL,N/A
FIBK,$26.25,1441398082150,"59,306",Not yet rated,NULL,$32
FNBC,$34.28,1441398082179,"29,380",Not yet rated,NULL,$40
FRME,$25.92,1441398082211,"51,685",Not yet rated,NULL,$26.50
FMBI,$17.26,1441398082278,"132,177",Not yet rated,NULL,$20
FNFG,$9.06,1441398082439,"726,617",80% bullish,of 5 ratings,$9
FNWB,$12.1601,1441398082493,"13,780",Not yet rated,NULL,N/A
FSFG,$31.18,1441398082544,800,Not yet rated,NULL,N/A
FSGI,$2.48,1441398082570,"15,180",Not yet rated,NULL,N/A
BICK,$18.656,1441398082716,"2,900",100% bullish,of 1 rating,N/A
FSLR,$46.94,1441398082741,"555,902",72% bullish,of 39 ratings,$65
FSBK,$7.77,1441398082777,"2,314",100% bullish,of 1 rating,N/A
FCAN,$24.0579,1441398083097,"1,066",Not yet rated,NULL,N/A
FCA,$18.76,1441398083127,15,Not yet rated,NULL,N/A
FBZ,$9.416,1441398083147,100,Not yet rated,NULL,N/A
FTCS,$35.732,1441398083186,"8,404",100% bearish,of 1 rating,N/A
FEMB,NULL,1441398083216,0,Not yet rated,NULL,N/A
FV,$22.95,1441398083242,"1,785,891",100% bearish,of 1 rating,N/A
IFV,$17.2347,1441398083292,"218,278",100% bearish,of 1 rating,N/A
FTSM,$59.95,1441398083320,"211,168",100% bearish,of 1 rating,N/A
FEUZ,$30.35,1441398083517,750,Not yet rated,NULL,N/A
TDIV,$24.35,1441398083543,"37,401",100% bearish,of 1 rating,N/A
FGM,$34.85,1441398083671,"2,806",Not yet rated,NULL,N/A
FTGC,$22.3204,1441398083825,"53,849",Not yet rated,NULL,N/A
MDIV,$18.8637,1441398083851,"120,335",Not yet rated,NULL,N/A
FTHI,$19.16,1441398083882,"1,761",Not yet rated,NULL,N/A
HYLS,$49.65,1441398083909,"10,500",100% bearish,of 1 rating,N/A
FPXI,$26.11,1441398083982,"1,130",Not yet rated,NULL,N/A
FHK,$31.91,1441398084038,"1,572",Not yet rated,NULL,N/A
SKYY,$28.1926,1441398084063,"45,618",100% bullish,of 1 rating,N/A
YDIV,$16.0699,1441398084084,"3,642",Not yet rated,NULL,N/A
PLTM,$6.126,1441398084221,"1,554",100% bearish,of 1 rating,N/A
FJP,$44.67,1441398084248,"43,148",Not yet rated,NULL,N/A
CU,$12.25,1441398084412,"6,704",100% bearish,of 1 rating,N/A
LMBS,$50.35,1441398084437,600,Not yet rated,NULL,N/A
FTLB,$19.06,1441398084501,1,100% bearish,of 1 rating,N/A
FMB,$51.31,1441398084682,"3,432",Not yet rated,NULL,N/A
CARZ,$33.77,1441398084762,"5,270",100% bearish,of 1 rating,N/A
FONE,$34.34,1441398084791,410,Not yet rated,NULL,N/A
QCLN,$14.9801,1441398084823,"44,142",Not yet rated,NULL,N/A
CIBR,$17.31,1441398084843,"39,909",Not yet rated,NULL,N/A
QABA,$36.84,1441398084874,"6,364",100% bearish,of 1 rating,N/A
GRID,$30.99,1441398084920,"1,600",100% bearish,of 1 rating,N/A
QTEC,$39.2499,1441398085071,"28,280",Not yet rated,NULL,N/A
RDVY,$20.5831,1441398085099,"2,988",Not yet rated,NULL,N/A
QQXT,$39.745,1441398085229,"12,848",Not yet rated,NULL,N/A
QQEW,$40.9499,1441398085254,"21,814",Not yet rated,NULL,N/A
AIRR,$16.2699,1441398085279,"3,716",100% bearish,of 1 rating,N/A
QINC,NULL,1441398085386,0,Not yet rated,NULL,N/A
FKO,NULL,1441398085517,0,Not yet rated,NULL,N/A
FTSL,$48.86,1441398085557,"21,959",100% bearish,of 1 rating,N/A
FDIV,$47.03,1441398085591,"1,159",100% bearish,of 1 rating,N/A
TUSA,$24.46,1441398085734,"16,624",Not yet rated,NULL,N/A
FKU,$40.48,1441398085762,"53,791",Not yet rated,NULL,N/A
FSZ,$37.98,1441398085815,"3,097",Not yet rated,NULL,N/A
FTW,$31.155,1441398085844,140,Not yet rated,NULL,N/A
SVVC,$9.1,1441398085894,"11,919",50% bullish,of 2 ratings,$26
FUNC,NULL,1441398085921,0,Not yet rated,NULL,N/A
FMER,$17.29,1441398085978,"327,641",50% bullish,of 2 ratings,$20
FSV,$32.17,1441398086107,"16,213",Not yet rated,NULL,$33.60
FISV,$84.27,1441398086180,"473,877",100% bearish,of 3 ratings,$90
FPRX,$19.27,1441398086370,"92,498",50% bullish,of 2 ratings,$35
FIVN,$3.67,1441398086396,"50,884",100% bullish,of 1 rating,$8.50
FIVE,$34.1,1441398086524,"816,416",75% bearish,of 4 ratings,$43.50
FLML,$22.24,1441398086550,"80,124",50% bullish,of 2 ratings,$30
SKOR,$50.52,1441398086598,"1,500",Not yet rated,NULL,N/A
FLXN,$27.24,1441398086628,"66,349",100% bearish,of 1 rating,$40
MBSD,$24.94,1441398086649,"1,399",Not yet rated,NULL,N/A
FLKS,$11.72,1441398086669,"25,766",50% bullish,of 2 ratings,$27
FLEX,$10.32,1441398086884,"840,991",63% bullish,of 8 ratings,$12
FLXS,$30.784,1441398086913,"7,216",100% bearish,of 2 ratings,N/A
FLIR,$27.9,1441398086971,"471,196",100% bearish,of 2 ratings,$38.50
FFIC,$19.36,1441398087018,"16,994",Not yet rated,NULL,$20.50
FLDM,$10.86,1441398087150,"101,164",67% bearish,of 3 ratings,$15
FOMX,$9.6306,1441398087283,"75,323",50% bullish,of 2 ratings,$23.50
FES,$0.9,1441398087315,"5,323",50% bullish,of 2 ratings,$1
FORR,$30.87,1441398087344,"22,910",Not yet rated,NULL,N/A
FONR,$9.841,1441398087370,"19,973",100% bullish,of 1 rating,N/A
FORM,$6.68,1441398087415,"129,449",67% bullish,of 3 ratings,$10.50
FOGO,$18.9,1441398087442,"95,588",50% bullish,of 2 ratings,$25.50
FORTY,NULL,1441398087500,0,100% bearish,of 1 rating,N/A
FBIO,$2.57,1441398087701,"69,023",83% bullish,of 6 ratings,N/A
FTNT,$41.88,1441398087732,"463,312",80% bullish,of 10 ratings,$52
FWRD,$43.89,1441398087836,"80,877",100% bearish,of 1 rating,$50
FWP,$25.7,1441398087914,"36,735",100% bearish,of 1 rating,$45
FORD,$1.6,1441398087997,"995,076",67% bullish,of 3 ratings,N/A
FMI,$23.365,1441398088022,"47,447",100% bearish,of 2 ratings,$27.50
FOSL,$59.74,1441398088073,"230,361",60% bearish,of 5 ratings,$80
FELE,$27.5,1441398088234,"61,862",50% bullish,of 4 ratings,$33
FXCB,$17.1,1441398088262,"5,226",Not yet rated,NULL,$19
FOXF,$15.37,1441398088318,"43,321",100% bearish,of 1 rating,$19
FRAN,$12.81,1441398088347,"409,431",50% bullish,of 4 ratings,$15
FEIM,$11.2045,1441398088423,"17,283",100% bearish,of 1 rating,N/A
FREE,$0.34,1441398088480,"550,479",92% bullish,of 12 ratings,N/A
FRPT,$12.51,1441398088566,"133,682",67% bearish,of 3 ratings,$23.50
FRED,$12.73,1441398088597,"53,234",50% bullish,of 2 ratings,$15.50
RAIL,$20.18,1441398088618,"57,305",100% bearish,of 1 rating,$24.50
FTR,$5.39,1441398088784,"7,373,781",78% bullish,of 27 ratings,$6.25
FTD,$29.09,1441398088948,"22,747",100% bearish,of 1 rating,$40
FRPH,$30.04,1441398088974,"3,682",100% bearish,of 1 rating,N/A
FTRPR,$105.96,1441398088994,"1,700",100% bearish,of 1 rating,N/A
FCEL,$0.8899,1441398089044,"542,221",88% bullish,of 41 ratings,$2.65
FSBW,$22.97,1441398089069,200,Not yet rated,NULL,N/A
FSYS,$6.36,1441398089140,"226,902",67% bullish,of 3 ratings,$8.50
FULLL,$25.25,1441398089240,"2,500",Not yet rated,NULL,N/A
FTEK,$2.04,1441398089285,"25,664",75% bullish,of 4 ratings,N/A
FSNN,$2.19,1441398089438,"1,100",67% bullish,of 3 ratings,$6
FLL,$1.49,1441398089466,"4,758",75% bullish,of 4 ratings,$3.50
FULL,$3.11,1441398089491,"12,389",67% bearish,of 3 ratings,$4.25
FULT,$11.75,1441398089569,"287,712",100% bearish,of 1 rating,$13
FXEN,$0.9856,1441398089652,"27,646",75% bullish,of 4 ratings,$1.10
FXENP,$16.05,1441398089704,350,100% bearish,of 1 rating,N/A
FFHL,$1.03,1441398089729,"2,009",50% bullish,of 4 ratings,N/A
GK,$66.84,1441398089802,"22,683",Not yet rated,NULL,$78
GAIA,$5.93,1441398089875,"9,457",50% bullish,of 2 ratings,$8.50
WILC,$4.81,1441398090021,"6,060",100% bullish,of 2 ratings,N/A
GLPG,$57.31,1441398090071,"6,640",100% bullish,of 1 rating,$75
GALTU,NULL,1441398090121,0,100% bearish,of 1 rating,N/A
GALT,$2.11,1441398090146,"56,560",80% bullish,of 5 ratings,N/A
GALE,$1.56,1441398090214,"688,413",89% bullish,of 47 ratings,$4
GLMD,$8.091,1441398090290,"10,577",67% bullish,of 3 ratings,$20.50
GALTW,NULL,1441398090343,0,100% bullish,of 1 rating,N/A
GLPI,$30.61,1441398090550,"290,810",100% bearish,of 1 rating,$37.50
GGACU,$10.27,1441398090575,300,Not yet rated,NULL,N/A
GPIC,$9.59,1441398090631,500,100% bearish,of 1 rating,N/A
GGAC,$9.85,1441398090655,200,100% bearish,of 1 rating,N/A
GRMN,$36.56,1441398090703,"497,253",50% bullish,of 6 ratings,$46.50
GGACW,$0.13,1441398090871,"2,900",Not yet rated,NULL,N/A
GARS,$14.62,1441398090897,"31,821",Not yet rated,NULL,$16
GGACR,$0.25,1441398091027,"24,800",100% bullish,of 1 rating,N/A
GFN,$3.8104,1441398091124,"12,918",100% bearish,of 2 ratings,$8
GENC,$9,1441398091153,200,100% bearish,of 1 rating,N/A
GNCMA,$16.82,1441398091338,"83,437",100% bearish,of 1 rating,$12
GNMK,$9.5238,1441398091363,"35,745",67% bullish,of 6 ratings,$14
GFNCP,NULL,1441398091422,0,Not yet rated,NULL,N/A
GHDX,$25.3054,1441398091553,"64,102",50% bullish,of 2 ratings,$30
GNCA,$10.8686,1441398091583,"61,537",100% bearish,of 1 rating,$20
GENE,$2.3516,1441398091604,"35,913",100% bullish,of 12 ratings,N/A
GFNSL,$25.6,1441398091637,"1,762",Not yet rated,NULL,N/A
GNTX,$15.73,1441398091733,"1,935,581",Not yet rated,NULL,$20
GNVC,$2.52,1441398091764,"2,619",90% bullish,of 10 ratings,$8.50
THRM,$44.51,1441398091817,"204,757",75% bearish,of 4 ratings,$55.50
GTWN,$17.85,1441398091981,277,Not yet rated,NULL,N/A
GABC,$28.48,1441398092117,"9,641",Not yet rated,NULL,$31.50
GERN,$3.335,1441398092179,"1,854,329",88% bullish,of 17 ratings,$5.25
GEOS,$16.38,1441398092205,"82,970",100% bearish,of 3 ratings,$21
ROCK,$16.39,1441398092226,"59,391",80% bullish,of 5 ratings,$24
GEVO,$2.33,1441398092282,"207,418",75% bullish,of 12 ratings,$5
GIGM,$0.5427,1441398092372,"12,595",100% bullish,of 2 ratings,N/A
GILD,$102.4,1441398092550,"4,597,307",91% bullish,of 89 ratings,$129
GIGA,$1.35,1441398092580,"230,736",100% bearish,of 1 rating,N/A
GBCI,$25.63,1441398092609,"78,132",50% bullish,of 2 ratings,$31
GILT,$4.2,1441398092651,"3,800",50% bullish,of 2 ratings,N/A
GIII,$69.665,1441398092676,"217,847",67% bullish,of 3 ratings,$79
GLADO,$25.5016,1441398092708,"2,300",Not yet rated,NULL,N/A
GLAD,$8.695,1441398092836,"54,367",50% bullish,of 2 ratings,$8.75
GOOD,$13.85,1441398092935,"55,127",Not yet rated,NULL,$19
GOODN,$25.61,1441398095659,200,Not yet rated,NULL,N/A
GOODO,NULL,1441398095814,0,Not yet rated,NULL,N/A
GOODP,$25.14,1441398096030,"1,600",Not yet rated,NULL,N/A
GLBZ,NULL,1441398096062,0,Not yet rated,NULL,N/A
GAINN,$25.27,1441398096102,"42,319",Not yet rated,NULL,N/A
LAND,$9.12,1441398096162,"11,080",50% bullish,of 2 ratings,$13.75
GAINP,$25.65,1441398096204,"5,239",Not yet rated,NULL,N/A
GAIN,$7.44,1441398096231,"57,022",100% bullish,of 2 ratings,$8.25
GAINO,$25.325,1441398096259,"1,704",Not yet rated,NULL,N/A
GBT,$52.4,1441398096287,"26,592",100% bearish,of 1 rating,N/A
GDEF,NULL,1441398096386,0,Not yet rated,NULL,N/A
GBLI,$27.04,1441398096436,"8,333",Not yet rated,NULL,N/A
GSOL,$8.27,1441398096628,"5,252",100% bearish,of 1 rating,N/A
GPACU,NULL,1441398096655,0,Not yet rated,NULL,N/A
ENT,$11.07,1441398096714,"87,206",100% bearish,of 1 rating,$18
ACTX,NULL,1441398096785,0,100% bullish,of 1 rating,N/A
SOCL,$17.0505,1441398096926,"40,005",100% bullish,of 2 ratings,N/A
SRET,$12.81,1441398096951,"2,879",Not yet rated,NULL,N/A
QQQC,$18.0749,1441398096979,"1,405",100% bearish,of 1 rating,N/A
ALTY,NULL,1441398097006,0,Not yet rated,NULL,N/A
YLCO,$11.62,1441398097080,300,Not yet rated,NULL,N/A
GAI,$6.377,1441398097211,"5,314",50% bullish,of 2 ratings,N/A
GSM,$13.65,1441398097299,"216,648",50% bullish,of 2 ratings,$22
GBIM,$2.61,1441398097356,"30,624",50% bullish,of 2 ratings,N/A
GLRI,$1.04,1441398097396,"22,450",100% bearish,of 1 rating,$4.25
GLBS,NULL,1441398097426,0,67% bullish,of 3 ratings,N/A
GLUU,$4.44,1441398097451,"610,541",92% bullish,of 26 ratings,$9
GLYC,$7,1441398097604,"3,661",50% bullish,of 2 ratings,$14
GLNG,$39.645,1441398097891,"607,891",83% bullish,of 6 ratings,$55.50
GOGO,$15.82,1441398098093,"218,584",80% bullish,of 5 ratings,$25
GMLP,$21.08,1441398098118,"90,514",50% bullish,of 4 ratings,$29
GDEN,$9,1441398098143,"1,401",50% bullish,of 2 ratings,N/A
GBDC,$17.06,1441398098294,"131,376",Not yet rated,NULL,$17.75
GLDC,$4.022,1441398098319,"4,332",50% bullish,of 2 ratings,N/A
GTIM,$6.7703,1441398098355,"7,470",Not yet rated,NULL,$11.50
GOGL,$2.895,1441398098453,"315,205",75% bullish,of 4 ratings,$5
GOOG,$600.5,1441398098480,"709,353",86% bullish,of 74 ratings,$787.50
GPRO,$37.01,1441398098508,"8,824,114",78% bullish,of 59 ratings,$72
GOOGL,$628.96,1441398098533,"743,382",88% bullish,of 1083 ratings,$749
GPIA,NULL,1441398098682,0,100% bearish,of 1 rating,N/A
GMAN,$3.6801,1441398098707,"8,594",60% bullish,of 5 ratings,$8.50
GPIAU,NULL,1441398098744,0,Not yet rated,NULL,N/A
LOPE,$37.05,1441398098882,"111,407",100% bearish,of 2 ratings,$50
GRVY,NULL,1441398098970,0,50% bullish,of 2 ratings,N/A
GPIAW,NULL,1441398098995,0,Not yet rated,NULL,N/A
GNBC,$11.29,1441398099127,"9,168",100% bearish,of 1 rating,$16.50
GBSNU,NULL,1441398099154,0,NULL,NULL,NULL
GBSN,$0.1649,1441398099183,"5,632,463",50% bullish,of 2 ratings,$8.25
GLDD,$5.33,1441398099205,"74,847",100% bearish,of 4 ratings,$7.75
GPP,$14.35,1441398099259,"11,210",Not yet rated,NULL,$20.50
GSBC,$40.56,1441398099343,"17,300",100% bullish,of 1 rating,$44
GRBK,$11.62,1441398099387,"120,815",77% bullish,of 13 ratings,N/A
GPRE,$19.68,1441398099534,"239,045",67% bullish,of 6 ratings,$28.50
GCBC,$28.85,1441398099642,"2,399",100% bullish,of 1 rating,N/A
GLRE,$24.26,1441398099714,"105,952",50% bullish,of 2 ratings,$34
GRIF,$32,1441398099786,"52,862",100% bearish,of 1 rating,N/A
GRFS,$30.65,1441398099869,"348,211",50% bullish,of 2 ratings,$35
OMAB,$41.55,1441398099920,"18,191",100% bullish,of 1 rating,$44
GRPN,$4.25,1441398100000,"5,073,002",61% bullish,of 71 ratings,$6.75
GGAL,$19.3,1441398100025,"64,721",80% bullish,of 5 ratings,$40
GTXI,$0.9,1441398100306,"31,824",100% bullish,of 5 ratings,$.75
GSVC,$8.74,1441398100363,"16,902",50% bullish,of 2 ratings,$15.75
GBNK,$15.7,1441398100440,"7,887",100% bearish,of 1 rating,$18
GSIT,$4.57,1441398100471,"9,567",100% bearish,of 1 rating,N/A
GUID,$6.74,1441398100501,"23,314",100% bearish,of 3 ratings,$10
GSIG,$12.74,1441398100530,"14,668",100% bearish,of 2 ratings,N/A
GULTU,$0.32,1441398100571,"8,413",100% bearish,of 1 rating,N/A
GFED,NULL,1441398100635,0,Not yet rated,NULL,$17
GIFI,$12.13,1441398100891,"59,601",100% bearish,of 1 rating,$16
GURE,$1.655,1441398100950,"46,020",88% bullish,of 8 ratings,N/A
GWGH,$7.75,1441398101029,"2,046",100% bearish,of 1 rating,$15.05
GWPH,$101.9345,1441398101088,"86,993",78% bullish,of 9 ratings,$148.50
HEES,$18.81,1441398101127,"192,614",67% bearish,of 3 ratings,$31
HNRG,$7.3,1441398101216,"42,573",100% bearish,of 1 rating,$10
HLG,NULL,1441398101245,0,100% bearish,of 1 rating,N/A
GPOR,$32.67,1441398101265,"877,995",75% bullish,of 4 ratings,$54
HALL,$11.5,1441398101392,"11,189",Not yet rated,NULL,N/A
GYRO,$30.51,1441398101417,970,100% bearish,of 1 rating,N/A
HALO,$16.87,1441398101599,"328,937",67% bullish,of 3 ratings,$22.50
HMPR,$1.84,1441398101667,"10,151",100% bullish,of 1 rating,N/A
HBK,NULL,1441398101730,0,50% bullish,of 2 ratings,N/A
HBHCL,$24.4899,1441398101775,"11,988",Not yet rated,NULL,N/A
HBHC,$27.19,1441398101805,"273,821",50% bullish,of 2 ratings,$30
HAFC,$23.81,1441398102055,"48,820",100% bullish,of 2 ratings,$28.50
HNH,$25.83,1441398102081,"9,977",100% bullish,of 1 rating,N/A
HNSN,$0.5512,1441398102212,"44,225",88% bullish,of 8 ratings,$.40
HQCL,$12.31,1441398102271,"6,094",67% bullish,of 3 ratings,$14
HDNG,$10.56,1441398102346,"18,077",50% bullish,of 4 ratings,N/A
HRMN,NULL,1441398102377,0,Not yet rated,NULL,N/A
HLIT,$5.6,1441398102411,"137,776",100% bearish,of 1 rating,$6.50
HRMNU,$10.209,1441398102473,100,Not yet rated,NULL,N/A
HRMNW,NULL,1441398102546,0,Not yet rated,NULL,N/A
TINY,$2.45,1441398102679,"20,701",50% bullish,of 2 ratings,$5.26
HART,$1.2299,1441398102705,"94,574",100% bearish,of 1 rating,N/A
HBIO,$4.31,1441398102835,"21,387",100% bearish,of 1 rating,$10
HAS,$75.85,1441398102967,"759,778",63% bullish,of 8 ratings,$84.50
HCAP,$11.98,1441398102993,"5,039",50% bullish,of 2 ratings,$15
HCAPL,$25.11,1441398103014,"3,800",Not yet rated,NULL,N/A
HA,$23.55,1441398107443,"229,798",67% bullish,of 9 ratings,$27
HCOM,$21.42,1441398107738,"3,031",100% bearish,of 1 rating,$28
HWBK,$13.7,1441398107839,"1,722",100% bearish,of 1 rating,N/A
HWKN,$37.87,1441398107864,"13,425",Not yet rated,NULL,N/A
HAYN,$37.48,1441398108883,"27,507",100% bearish,of 1 rating,$59
HCSG,$32.59,1441398108950,"82,947",50% bullish,of 4 ratings,$35
HDS,$32.26,1441398108980,"1,310,755",100% bearish,of 2 ratings,$39.50
HQY,$29.36,1441398109009,"73,695",67% bullish,of 3 ratings,$35
HIIQ,$4.769,1441398109038,"1,900",50% bullish,of 2 ratings,$7
HWAY,$11.6,1441398109085,"190,473",100% bearish,of 1 rating,$15
HSTM,$24.21,1441398109109,"28,972",50% bullish,of 2 ratings,$33.75
HTLD,$20.34,1441398109134,"170,504",Not yet rated,NULL,$22.50
HTLF,$35.82,1441398109362,"17,248",100% bullish,of 1 rating,$39.50
HTWR,$64.6459,1441398109396,"250,596",50% bullish,of 2 ratings,$102.50
HELE,$83.74,1441398109427,"61,449",67% bearish,of 3 ratings,$100
HSII,$20.19,1441398109455,"11,508",100% bullish,of 3 ratings,$25
HTBX,$3.79,1441398109492,"53,019",50% bullish,of 2 ratings,$15.50
HMNY,NULL,1441398109520,0,100% bearish,of 1 rating,N/A
HMTV,$13.4,1441398109552,"1,613",100% bearish,of 1 rating,$16
HNNA,$24.61,1441398109627,"2,605",Not yet rated,NULL,N/A
HERO,NULL,1441398109953,0,NULL,NULL,NULL
HCACU,$9.98,1441398109990,"2,790",Not yet rated,NULL,N/A
HCCI,$11.54,1441398110118,"3,955",100% bearish,of 1 rating,$16.50
HEOP,$7.93,1441398110145,"19,883",Not yet rated,NULL,$8.50
HSIC,$133.73,1441398110166,"98,239",83% bullish,of 6 ratings,$146
HTBK,$10.6,1441398110193,"26,294",Not yet rated,NULL,$12
MLHR,$27.06,1441398110218,"129,633",50% bullish,of 2 ratings,$33.50
HSKA,$33.08,1441398110406,"26,074",100% bearish,of 1 rating,$38
HFWA,$17.82,1441398110432,"150,202",100% bullish,of 1 rating,$20
HIMX,$7.25,1441398110581,"871,331",86% bullish,of 21 ratings,$8.25
HFFC,$15.99,1441398110652,"2,968",Not yet rated,NULL,N/A
HIBB,$38.61,1441398110703,"101,827",100% bearish,of 1 rating,$46.50
HPJ,$2.18,1441398110728,"20,591",75% bullish,of 4 ratings,$12.43
HRTX,$37.28,1441398110762,"479,332",57% bullish,of 7 ratings,$41
HIHO,$4.4709,1441398110783,"45,990",Not yet rated,NULL,N/A
HIFS,$111.47,1441398110911,"1,984",Not yet rated,NULL,N/A
HMNF,$11.3,1441398111082,300,Not yet rated,NULL,N/A
HOLI,$16.36,1441398111166,"106,972",50% bullish,of 4 ratings,$27
HSGX,$5.94,1441398111212,"2,425",100% bearish,of 1 rating,$17
HOLX,$38.57,1441398111265,"1,484,482",50% bullish,of 4 ratings,$42
HBCP,$24.8,1441398111305,"2,375",Not yet rated,NULL,$29
AWAY,$27.73,1441398111343,"371,973",67% bullish,of 3 ratings,$36
HMSY,$10,1441398111400,"492,900",67% bullish,of 3 ratings,$19.35
HOMB,$37.44,1441398111450,"44,106",Not yet rated,NULL,$42
HFBL,$22.4999,1441398111474,"5,830",Not yet rated,NULL,N/A
HMIN,$25.068,1441398111633,"102,383",100% bearish,of 2 ratings,$35
HMST,$21.98,1441398111690,"31,333",100% bullish,of 2 ratings,$27
HTBI,$17.99,1441398111719,"12,495",67% bullish,of 3 ratings,$18.625
CETC,$0.7389,1441398111824,"56,222",86% bullish,of 7 ratings,N/A
HKTV,$4.1999,1441398111849,"90,446",100% bearish,of 1 rating,N/A
HOFT,$23.08,1441398111877,"24,506",100% bearish,of 1 rating,N/A
ZINC,$7.185,1441398112315,"315,982",100% bearish,of 1 rating,$17
HFBC,$10.99,1441398112343,"9,170",Not yet rated,NULL,N/A
HBNC,$23.5193,1441398112364,"7,249",100% bullish,of 1 rating,$27
HZNP,$29.3,1441398112399,"997,490",85% bullish,of 20 ratings,$40
HDP,$23.32,1441398112497,"182,567",67% bearish,of 3 ratings,$30.50
HRZN,$10.33,1441398112526,"17,846",50% bullish,of 2 ratings,$14.25
HWCC,$7.53,1441398112554,"39,943",100% bearish,of 1 rating,$9
HMHC,$22.63,1441398112574,"167,301",Not yet rated,NULL,$27
HOVNP,$3.89,1441398112717,"21,270",100% bearish,of 1 rating,N/A
HSNI,$59.04,1441398112848,"85,703",Not yet rated,NULL,$80
HBMD,$13.6,1441398112927,"7,089",100% bearish,of 1 rating,N/A
HUBG,$37.81,1441398112956,"180,064",100% bearish,of 1 rating,$43
HTGM,$5.93,1441398113059,"5,849",100% bearish,of 1 rating,$19.50
HSON,$2.76,1441398113101,"4,700",100% bearish,of 1 rating,$5
HCBK,$9.3,1441398113126,"929,127",83% bullish,of 6 ratings,$8.61
HDSN,$2.99,1441398113193,"17,630",100% bullish,of 1 rating,$6.25
HBAN,$10.545,1441398113305,"2,605,796",76% bullish,of 17 ratings,$12.29
HURN,$72.42,1441398113347,"49,462",50% bullish,of 2 ratings,$80
HBANP,$1328.8999,1441398113409,54,100% bearish,of 1 rating,N/A
HURC,$28.99,1441398113610,"8,148",100% bearish,of 1 rating,N/A
HTCH,$1.5,1441398113634,"13,325",100% bearish,of 1 rating,$3.50
HDRA,NULL,1441398113778,0,Not yet rated,NULL,N/A
HDRAR,NULL,1441398113833,0,Not yet rated,NULL,N/A
HDRAU,NULL,1441398113935,0,Not yet rated,NULL,N/A
HDRAW,NULL,1441398113968,0,Not yet rated,NULL,N/A
HBP,$3.1499,1441398113997,"5,384",100% bullish,of 1 rating,N/A
HYGS,$8.56,1441398114102,"10,605",50% bullish,of 2 ratings,$13
IDSY,$3.88,1441398114174,"34,259",100% bearish,of 1 rating,$7
IACI,$68.96,1441398114882,"248,667",80% bullish,of 5 ratings,$90
IKGH,$1.47,1441398115037,"11,100",75% bullish,of 4 ratings,N/A
IBKC,$59.62,1441398115112,"46,525",100% bullish,of 1 rating,$70
ICAD,$3.84,1441398115136,"8,033",50% bullish,of 2 ratings,$7.25
IEP,$68.7575,1441398115313,"58,544",75% bullish,of 4 ratings,$99
ICFI,$33.33,1441398115485,"16,064",50% bullish,of 2 ratings,$48.50
ICUI,$109.58,1441398115640,"41,045",Not yet rated,NULL,$122
INVE,$4.46,1441398115662,"21,848",75% bullish,of 4 ratings,$4
ICON,$13.32,1441398115695,"318,448",50% bullish,of 2 ratings,$18.50
IPWR,$7.32,1441398115723,"5,024",100% bullish,of 1 rating,$15
IDRA,$2.805,1441398115744,"450,620",89% bullish,of 9 ratings,$6.50
ICLR,$76.05,1441398115775,"150,198",100% bearish,of 3 ratings,$85
DSKY,$10.31,1441398116024,"102,529",67% bullish,of 6 ratings,$11.50
IDXX,$72.56,1441398116105,"187,123",100% bearish,of 1 rating,$76
IROQ,$16.99,1441398116187,331,100% bullish,of 1 rating,N/A
RXDX,$15.23,1441398116237,"137,101",100% bullish,of 1 rating,$20
IIVI,$16.6,1441398116264,"78,040",100% bearish,of 1 rating,$22
IRG,$5.16,1441398116285,"29,215",100% bearish,of 1 rating,$4.25
KANG,$14.79,1441398116537,"268,617",50% bullish,of 2 ratings,$23.10
IKAN,$2.73,1441398116600,"19,596",83% bullish,of 6 ratings,$5
ICCC,$7.01,1441398116633,"4,752",100% bullish,of 1 rating,N/A
IMMR,$12.09,1441398116665,"70,346",80% bullish,of 5 ratings,$15.50
IKNX,$11.6999,1441398116693,"3,149",100% bearish,of 1 rating,N/A
ISNS,$4.15,1441398116727,"6,545",50% bullish,of 2 ratings,N/A
IMDZ,$15.1499,1441398116755,"24,387",100% bearish,of 1 rating,$33
ILMN,$193.16,1441398116796,"361,061",80% bullish,of 5 ratings,$245
IMNP,$1.25,1441398117018,"27,774",50% bullish,of 2 ratings,$6
IMGN,$13.32,1441398117163,"393,525",75% bullish,of 4 ratings,$17.50
IMMU,$2.15,1441398117188,"302,577",86% bullish,of 7 ratings,$2
IMMY,$7.56,1441398117319,"3,503",100% bearish,of 1 rating,$11
SAAS,$7.106,1441398117344,"133,950",50% bullish,of 2 ratings,$15
INCR,$41.8641,1441398117369,"175,657",50% bullish,of 2 ratings,$53
INCY,$115.88,1441398117541,"520,336",50% bullish,of 6 ratings,$125.50
IPXL,$40.31,1441398117587,"138,277",67% bullish,of 3 ratings,$46.50
INDB,$43.89,1441398117643,"20,987",Not yet rated,NULL,$44
IDSA,$3.49,1441398117803,"1,561",Not yet rated,NULL,N/A
INFN,$21.46,1441398117832,"569,093",71% bullish,of 7 ratings,$28
IBCP,$14.06,1441398117859,"30,509",100% bullish,of 1 rating,$14.50
INFI,$8.6103,1441398117886,"155,278",50% bullish,of 4 ratings,$16.50
IBTX,$39.82,1441398117906,"10,794",100% bullish,of 2 ratings,$47.25
III,$3.75,1441398118039,"13,094",57% bullish,of 7 ratings,$6
IPCC,$74.95,1441398118063,"7,352",Not yet rated,NULL,$77.50
IMKTA,$49.43,1441398118295,"35,800",100% bearish,of 1 rating,N/A
IFON,$1.2801,1441398118426,"19,545",75% bullish,of 4 ratings,N/A
INWK,$6.88,1441398118482,"35,022",50% bullish,of 2 ratings,$10
INNL,NULL,1441398118554,0,100% bearish,of 1 rating,$16.50
IOSP,$48.86,1441398118579,"116,016",100% bearish,of 1 rating,N/A
ISSC,$2.79,1441398118613,"3,293",67% bearish,of 3 ratings,N/A
INOD,$2.3672,1441398118638,"1,540",100% bearish,of 1 rating,N/A
IPHS,$46.05,1441398118711,"44,654",100% bearish,of 1 rating,$60
INGN,$51.14,1441398118737,"74,973",100% bearish,of 1 rating,$50.50
INOV,$20.98,1441398118887,"273,065",100% bearish,of 1 rating,$33
INO,$7.1,1441398118951,"409,767",89% bullish,of 18 ratings,$20
ITEK,$12.5,1441398119001,"165,211",100% bearish,of 3 ratings,$20
NSIT,$24.46,1441398119085,"50,342",50% bullish,of 2 ratings,N/A
ISIG,$2.64,1441398119142,"4,871",100% bearish,of 1 rating,N/A
IIIN,$17.21,1441398119294,"11,416",100% bearish,of 2 ratings,N/A
NTEC,$5.57,1441398119359,"2,950",100% bearish,of 1 rating,N/A
INSM,$24.0993,1441398119393,"141,806",71% bullish,of 7 ratings,$31.50
INSY,$34.56,1441398119421,"283,071",75% bullish,of 4 ratings,$48
IART,$62.2,1441398119446,"158,788",100% bearish,of 2 ratings,$71.50
IESC,$7.11,1441398119489,200,100% bearish,of 1 rating,N/A
PODD,$28.08,1441398119514,"112,618",67% bearish,of 3 ratings,$35
IDTI,$18.83,1441398119685,"802,893",60% bullish,of 5 ratings,$25
ISSI,$21.96,1441398119813,"49,296",67% bullish,of 3 ratings,$19.75
INTC,$28.595,1441398119840,"12,664,547",82% bullish,of 238 ratings,$36
IQNT,$18.86,1441398119861,"141,298",86% bullish,of 7 ratings,$20
IPCI,$2.19,1441398119900,"26,900",67% bullish,of 6 ratings,$8
ININ,$35.5,1441398120046,"24,386",67% bearish,of 3 ratings,$57
IBKR,$37.54,1441398120071,"334,791",100% bullish,of 1 rating,N/A
IPAR,$24.9,1441398120096,"29,119",67% bullish,of 3 ratings,$38
TILE,$24.08,1441398120265,"126,684",100% bearish,of 3 ratings,$27
ICPT,$184.35,1441398120295,"56,458",70% bullish,of 10 ratings,$359.50
IDCC,$48.37,1441398120323,"91,349",80% bullish,of 5 ratings,$63
ICLDW,$1.05,1441398120363,425,100% bearish,of 1 rating,N/A
ICLD,$1.985,1441398120391,"874,613",75% bullish,of 4 ratings,N/A
IMI,$1.99,1441398120523,"5,127",67% bullish,of 3 ratings,$2.22
INAP,$9.29,1441398120570,"123,430",75% bullish,of 4 ratings,$11
IBOC,$24.8,1441398120800,"76,949",100% bearish,of 1 rating,N/A
ISCA,$32.2,1441398120869,"47,074",100% bearish,of 1 rating,N/A
IGLD,$7.26,1441398120894,974,50% bullish,of 2 ratings,N/A
PTNT,$2.91,1441398120927,300,Not yet rated,NULL,N/A
IIJI,$8.7,1441398120957,200,50% bullish,of 2 ratings,$12.50
INPH,$0.3,1441398121062,"8,246",50% bullish,of 2 ratings,N/A
XENT,$25.1,1441398121124,"53,449",50% bullish,of 2 ratings,$36.50
INTX,$1.98,1441398121192,"20,684",67% bullish,of 3 ratings,N/A
INTL,$25.6916,1441398121279,"32,639",67% bearish,of 3 ratings,N/A
ISIL,$10.37,1441398121307,"428,153",50% bullish,of 6 ratings,$15
IVAC,$4.71,1441398121336,"25,198",100% bearish,of 1 rating,$6.625
IILG,$19.35,1441398121357,"61,494",100% bearish,of 1 rating,$29
ITCI,$26.7855,1441398121493,"185,442",75% bearish,of 4 ratings,$40
INTLL,$25.6544,1441398121518,"1,735",Not yet rated,NULL,N/A
IIN,$6.88,1441398121759,"1,050",100% bearish,of 1 rating,$12
ISRG,$509.49,1441398121791,"84,004",67% bullish,of 3 ratings,$600
SNAK,$8.3,1441398121817,"40,940",50% bullish,of 2 ratings,$14
INTU,$85.55,1441398121895,"1,219,880",86% bullish,of 7 ratings,$107.50
ISTR,$15.74,1441398121916,504,100% bearish,of 1 rating,$18.50
INVT,$0.339,1441398121996,"119,470",67% bullish,of 3 ratings,N/A
ITIC,$70.11,1441398122064,402,100% bearish,of 2 ratings,N/A
NVIV,$9.87,1441398122096,"68,616",50% bullish,of 4 ratings,$24.50
IPAS,$1.07,1441398122167,"19,947",67% bullish,of 3 ratings,N/A
ISBC,$11.7,1441398122197,"1,112,126",100% bullish,of 1 rating,$13.25
IVTY,$14.25,1441398122299,"17,435",Not yet rated,NULL,$18
DFVL,$66.28,1441398122364,600,Not yet rated,NULL,N/A
IPCM,$79.13,1441398122428,"132,301",50% bullish,of 2 ratings,$80.125
DTUL,$64.7,1441398122453,802,Not yet rated,NULL,N/A
IRMD,$24.13,1441398122528,"14,650",67% bearish,of 3 ratings,$25
IPGP,$80.98,1441398122621,"141,009",67% bearish,of 3 ratings,$109.50
IRDMB,$269.01,1441398122845,100,67% bearish,of 3 ratings,N/A
IRWD,$11.04,1441398122894,"725,616",100% bearish,of 1 rating,$13
IRBT,$29.6,1441398122937,"103,284",67% bullish,of 6 ratings,$37
IRIX,$6.8,1441398122974,"8,678",100% bearish,of 1 rating,N/A
IRDM,$6.88,1441398122999,"264,329",60% bullish,of 5 ratings,$11.50
IRCP,NULL,1441398123067,0,100% bullish,of 2 ratings,N/A
GNMA,$50.2999,1441398123126,"1,425",Not yet rated,NULL,N/A
IFAS,NULL,1441398123267,0,NULL,NULL,NULL
COMT,$33.04,1441398123313,"19,924",100% bearish,of 1 rating,N/A
FCHI,NULL,1441398123442,0,NULL,NULL,NULL
IFGL,$27.33,1441398123510,"74,933",Not yet rated,NULL,N/A
IFNA,NULL,1441398123652,0,NULL,NULL,NULL
IFEU,$37.25,1441398123786,"72,573",Not yet rated,NULL,N/A
EMDI,NULL,1441398124126,0,NULL,NULL,NULL
AXJS,NULL,1441398124221,0,NULL,NULL,NULL
AAXJ,$51.07,1441398124276,"514,109",Not yet rated,NULL,N/A
AAIT,NULL,1441398124298,0,NULL,NULL,NULL
EEME,NULL,1441398124320,0,NULL,NULL,NULL
ACWX,$39.1,1441398124377,"641,077",100% bearish,of 1 rating,N/A
ACWI,$54.14,1441398124448,"984,674",Not yet rated,NULL,N/A
EEMA,$48.207,1441398124472,"55,757",Not yet rated,NULL,N/A
EMEY,NULL,1441398124926,0,NULL,NULL,NULL
EVAL,NULL,1441398124952,0,NULL,NULL,NULL
EUFN,$20.91,1441398125058,"68,052",100% bearish,of 1 rating,N/A
EGRW,NULL,1441398125084,0,NULL,NULL,NULL
EEML,$26.5684,1441398125109,460,Not yet rated,NULL,N/A
UAE,$17.43,1441398125194,"11,300",Not yet rated,NULL,N/A
IEUS,$44.32,1441398125243,"1,222",100% bearish,of 1 rating,N/A
QAT,$20.9,1441398125323,"2,582",Not yet rated,NULL,N/A
WOOD,$47.1,1441398125824,"2,918",50% bullish,of 2 ratings,N/A
ICLN,$9.134,1441398125849,"14,176",50% bullish,of 2 ratings,N/A
SOXX,$81.38,1441398125905,"223,887",50% bullish,of 2 ratings,N/A
INDY,$26.05,1441398125937,"189,846",50% bullish,of 2 ratings,N/A
EMIF,$27.36,1441398125978,"2,522",Not yet rated,NULL,N/A
ISHG,$79.56,1441398126006,"22,200",100% bearish,of 1 rating,N/A
IBB,$338.35,1441398126035,"755,191",63% bullish,of 8 ratings,N/A
IGOV,$91.07,1441398126270,"34,330",100% bearish,of 1 rating,N/A
ISIS,$52.35,1441398126403,"497,419",53% bullish,of 15 ratings,$67
ISRL,$122.2,1441398126562,72,100% bearish,of 1 rating,N/A
ITUS,$3.9,1441398126590,"3,510",Not yet rated,NULL,N/A
ISLE,$19.365,1441398126691,"217,186",50% bullish,of 4 ratings,$17
ITRI,$28.66,1441398126772,"80,867",100% bearish,of 1 rating,$37
ITRN,$23.86,1441398126833,"3,296",50% bullish,of 2 ratings,N/A
XXIA,$15,1441398126877,"184,574",71% bullish,of 7 ratings,$14.625
IXYS,$11.44,1441398127256,"83,577",50% bullish,of 4 ratings,N/A
JASO,$8.03,1441398128150,"248,244",82% bullish,of 17 ratings,$10
JBHT,$74.78,1441398128287,"807,549",50% bullish,of 4 ratings,$89.50
JJSF,$115.25,1441398128413,"19,908",100% bearish,of 1 rating,N/A
JKHY,$66.44,1441398128440,"75,315",67% bearish,of 3 ratings,$72
MAYS,NULL,1441398128460,0,Not yet rated,NULL,N/A
JACK,$78.54,1441398128490,"126,179",71% bullish,of 7 ratings,$105
JCOM,$66.94,1441398128516,"47,379",100% bullish,of 2 ratings,$77
JXSB,$24.23,1441398128658,100,Not yet rated,NULL,N/A
JAKK,$9.81,1441398128844,"441,860",60% bearish,of 5 ratings,$11
JAXB,$13.94,1441398128869,200,100% bullish,of 1 rating,N/A
JAGX,$3.3001,1441398128893,"2,944",Not yet rated,NULL,$10.50
JMBA,$14.25,1441398128918,"61,428",75% bullish,of 4 ratings,$18
JRVR,$27.74,1441398129259,"36,618",Not yet rated,NULL,$32
ERW,NULL,1441398130170,0,Not yet rated,NULL,N/A
JASN,$4.85,1441398134454,"4,773",50% bullish,of 2 ratings,$9.50
JAZZ,$162.18,1441398141631,"203,679",80% bullish,of 15 ratings,$206.50
JBLU,$23.74,1441398142266,"3,359,343",94% bullish,of 18 ratings,$27
JASNW,NULL,1441398143190,0,50% bullish,of 2 ratings,N/A
JD,$22.89,1441398143405,"7,039,443",75% bullish,of 16 ratings,$36
JCTCF,NULL,1441398144703,0,100% bullish,of 1 rating,N/A
JST,$3.56,1441398144749,"11,853",75% bullish,of 4 ratings,N/A
JTPY,$2.96,1441398144775,953,100% bearish,of 1 rating,N/A
DATE,$5.99,1441398144905,"57,864",75% bullish,of 4 ratings,$9
JIVE,$4.62,1441398144938,"274,559",75% bullish,of 4 ratings,$5
WYIGU,$9.98,1441398144965,"4,000",100% bearish,of 1 rating,N/A
JOEZ,$0.1719,1441398145004,"152,001",92% bullish,of 12 ratings,N/A
JBSS,$51.01,1441398145031,"18,760",67% bearish,of 3 ratings,N/A
JNP,$13.3,1441398145303,"93,218",100% bullish,of 3 ratings,$15
JUNO,$35.82,1441398145435,"409,965",73% bullish,of 11 ratings,$67
JOUT,$23.39,1441398145581,685,100% bearish,of 1 rating,$34
KALU,$82.24,1441398145626,"78,222",67% bearish,of 3 ratings,$91
KMDA,$3.52,1441398145652,"2,960",50% bullish,of 2 ratings,$8
KTWO,$20.64,1441398145681,"21,112",100% bearish,of 1 rating,$28.50
KBIO,$3.92,1441398145707,"8,147,979",50% bullish,of 4 ratings,N/A
KCLI,$46.09,1441398145783,"13,734",Not yet rated,NULL,N/A
KNDI,$6.12,1441398145838,"118,398",86% bullish,of 22 ratings,N/A
KBSF,NULL,1441398145972,0,100% bullish,of 1 rating,N/A
KPTI,$14.07,1441398146026,"127,720",67% bearish,of 3 ratings,$39
KRNY,$11.35,1441398146101,"217,268",100% bearish,of 1 rating,$12.50
