Symbol,Price,Date,Volume,Rating,RatingVoteCount,OneYearEstimate
FCCY,$11.4001,1440516002635,400,100% bullish,of 1 rating,$13
TFSC,NULL,1440516002660,0,100% bearish,of 1 rating,N/A
TFSCW,$0.2,1440516002704,"3,500",100% bearish,of 1 rating,N/A
TWOU,$33.9193,1440516002731,"51,739",50% bullish,of 2 ratings,$39
FLWS,$9.38,1440516002802,"58,922",100% bullish,of 5 ratings,$15
TFSCU,$10.14,1440516002862,907,Not yet rated,NULL,N/A
TFSCR,NULL,1440516002890,0,Not yet rated,NULL,N/A
PIH,$7.05,1440516002995,107,100% bearish,of 1 rating,N/A
USLV,$12.96,1440516003030,"195,504",86% bullish,of 7 ratings,N/A
UGLD,$9.3137,1440516003127,"170,535",100% bearish,of 1 rating,N/A
SRCE,$28.69,1440516003154,"4,038",100% bullish,of 3 ratings,$33
DSLV,$68.15,1440516003186,"9,592",100% bearish,of 1 rating,N/A
FCTY,$7.7006,1440516003321,"3,250",100% bullish,of 1 rating,$8.50
DGLD,$80.632,1440516003354,"20,589",100% bullish,of 1 rating,N/A
JOBS,$27.36,1440516003451,"43,785",50% bullish,of 4 ratings,$36
VNET,$18.5,1440516003476,"176,599",60% bullish,of 5 ratings,$29.50
SIXD,$2.117,1440516003725,"52,913",Not yet rated,NULL,N/A
EGHT,$7.9332,1440516003752,"170,533",82% bullish,of 17 ratings,$11
SHLM,$32.91,1440516003774,"18,361",100% bearish,of 1 rating,$50
CAFD,$14.6,1440516003806,"882,080",Not yet rated,NULL,$25
AVHI,$14,1440516003860,"12,957",100% bearish,of 1 rating,$19
ABAX,$46.7,1440516003882,"33,106",100% bearish,of 1 rating,$60
AAON,$20.57,1440516003968,"11,017",100% bearish,of 1 rating,$24
ABY,$19.995,1440516004109,"409,237",100% bearish,of 2 ratings,$46
ABGB,$5.26,1440516004137,"92,452",67% bullish,of 3 ratings,$5.50
ABMD,$94.26,1440516004167,"210,285",75% bullish,of 4 ratings,$100.50
ABEOW,$1.6789,1440516004216,"9,616",100% bullish,of 1 rating,N/A
ABEO,$4.46,1440516004273,"42,073",50% bullish,of 4 ratings,$15.50
ACHC,$71.77,1440516004527,"189,972",50% bullish,of 2 ratings,$92
ACTG,$8.77,1440516004606,"69,152",67% bullish,of 3 ratings,$18.50
ACST,$0.35,1440516004635,"27,249",100% bullish,of 2 ratings,N/A
ACAD,$35.06,1440516004656,"260,750",80% bullish,of 20 ratings,$48
AXDX,$19.04,1440516004693,"45,188",100% bearish,of 1 rating,N/A
ANCX,$19.255,1440516004797,"13,754",Not yet rated,NULL,$19
XLRN,$27.38,1440516004825,"42,497",50% bullish,of 2 ratings,$57
ARAY,$6.58,1440516004903,"257,206",100% bearish,of 1 rating,$10.50
AXAS,$1.5601,1440516005045,"363,914",78% bullish,of 9 ratings,$3.50
VXUP,$1.485,1440516005070,"215,306",100% bearish,of 1 rating,N/A
ACRX,$4.18,1440516005098,"75,129",67% bearish,of 6 ratings,$5.50
VXDN,$2,1440516005124,"178,164",100% bearish,of 1 rating,N/A
AKAO,$6.23,1440516005273,"15,781",75% bullish,of 4 ratings,$15
ACET,$22.57,1440516005313,"25,689",75% bullish,of 4 ratings,$30
ACHN,$7.415,1440516005527,"502,417",90% bullish,of 21 ratings,$16
ACOR,$32.93,1440516005577,"1,227,708",67% bearish,of 3 ratings,$38.50
ACIW,$20.98,1440516005604,"104,106",50% bullish,of 2 ratings,$24
ACTS,$1.5799,1440516005664,"39,562",100% bearish,of 1 rating,N/A
ACNB,$20,1440516005686,320,Not yet rated,NULL,N/A
ACPW,$1.8101,1440516005763,"28,391",100% bullish,of 4 ratings,$3.50
ACTA,$13.5,1440516005863,"29,323",67% bearish,of 3 ratings,$25
ATVI,$26.785,1440516005928,"1,145,319",68% bullish,of 84 ratings,$31.50
ACUR,$0.54,1440516006014,"85,483",100% bullish,of 5 ratings,$1
ADMS,$19.09,1440516006060,"11,519",100% bearish,of 2 ratings,$36
ACXM,$19.92,1440516006089,"136,822",67% bullish,of 3 ratings,N/A
ADMP,$3.33,1440516006191,"23,025",50% bullish,of 2 ratings,$10
ADAP,$11.5,1440516006368,"49,933",67% bullish,of 3 ratings,$22
ADUS,$28.95,1440516006408,"16,317",100% bearish,of 1 rating,$31
ADMA,$9.3192,1440516006444,"3,583",Not yet rated,NULL,$19
AEY,$2.36,1440516006504,"16,511",100% bearish,of 2 ratings,N/A
ADBE,$77.7,1440516006587,"1,160,216",65% bullish,of 17 ratings,$90
ADEP,$6.6728,1440516006621,"8,444",50% bullish,of 2 ratings,$10.75
ADRO,$19.09,1440516006647,"130,565",80% bullish,of 5 ratings,$45.50
ADTN,$15.05,1440516006729,"55,487",67% bullish,of 3 ratings,$17.125
AEIS,$24.05,1440516006834,"38,976",50% bullish,of 2 ratings,$32.50
ADXS,$13.658,1440516006893,"321,057",64% bullish,of 14 ratings,$27
ADXSW,$8.96,1440516006929,"2,000",100% bullish,of 1 rating,N/A
AMD,$1.7799,1440516006958,"3,118,905",83% bullish,of 103 ratings,$2
MULT,NULL,1440516007060,0,100% bearish,of 1 rating,N/A
YPRO,$22.93,1440516007092,"3,718",100% bearish,of 1 rating,N/A
AEGR,$17.345,1440516007118,"59,904",50% bullish,of 6 ratings,$26
AEGN,$17.92,1440516007249,"39,860",100% bearish,of 2 ratings,$21
AMTX,$2.61,1440516007345,"10,102",50% bullish,of 2 ratings,$26.11
AEHR,NULL,1440516007376,0,50% bullish,of 2 ratings,N/A
AERI,$15.9301,1440516007420,"79,643",75% bullish,of 4 ratings,$31.50
AEPI,$53.48,1440516007481,"1,464",100% bearish,of 1 rating,N/A
AEZS,$0.0912,1440516007649,"3,194,613",90% bullish,of 21 ratings,$1.50
AEMD,$7.24,1440516007688,"3,789",Not yet rated,NULL,$27.50
AGRX,$8.195,1440516007820,"3,050",100% bearish,of 1 rating,$17.50
AVAV,$23.48,1440516007846,"25,098",50% bullish,of 4 ratings,$31
AFMD,$10.018,1440516007883,"53,282",50% bullish,of 4 ratings,$15
AGEN,$6.681,1440516007910,"263,390",85% bullish,of 13 ratings,$14
AGYS,$9.51,1440516007932,"6,860",100% bearish,of 1 rating,N/A
AFFX,$8.985,1440516007980,"63,425",80% bullish,of 5 ratings,$12
AGIO,$86.08,1440516008155,"82,145",88% bullish,of 8 ratings,$114
AGFS,$10.1399,1440516008232,"59,617",100% bearish,of 1 rating,N/A
AGFSW,$2.25,1440516008361,"1,200",100% bearish,of 2 ratings,N/A
AIRM,$36.4511,1440516008428,"39,105",80% bearish,of 5 ratings,$53
AIMT,$21.04,1440516008454,"31,962",Not yet rated,NULL,N/A
AMCN,$4.47,1440516008494,"283,110",83% bullish,of 6 ratings,N/A
ATSG,$8.64,1440516008524,"44,142",67% bullish,of 3 ratings,$13
AIXG,$5.76,1440516008590,"5,456",67% bearish,of 3 ratings,$5.25
AIRT,$21.92,1440516008620,100,100% bullish,of 1 rating,N/A
AKAM,$68.695,1440516008655,"752,176",63% bullish,of 8 ratings,$77
AKRX,$40.14,1440516008812,"118,917",78% bullish,of 9 ratings,$56
AKER,$2.55,1440516008897,"1,700",Not yet rated,NULL,N/A
ALSK,$2,1440516008929,"25,350",78% bullish,of 18 ratings,$2
ALRM,$16.29,1440516008950,"72,707",100% bearish,of 1 rating,$22
AKBA,$6.35,1440516009026,"73,087",100% bearish,of 1 rating,$18
AMRI,$19.15,1440516009119,"114,024",75% bearish,of 4 ratings,$24
ALXN,$172.93,1440516009226,"357,779",88% bullish,of 8 ratings,$223
ABDC,$11.85,1440516009253,"18,158",Not yet rated,NULL,$15
ADHD,$8.17,1440516009290,"44,998",50% bullish,of 4 ratings,$18
ALDX,$7.3,1440516009431,"3,531",100% bearish,of 1 rating,$14.50
ALDR,$37.82,1440516009460,"127,305",67% bearish,of 3 ratings,$62
ALXA,$1.0942,1440516009491,"5,200",83% bullish,of 6 ratings,$2.125
ALCO,$40.45,1440516009517,608,50% bullish,of 2 ratings,N/A
ALIM,$3.12,1440516009592,"20,075",80% bullish,of 5 ratings,$10
ALGN,$55.935,1440516009653,"143,435",100% bearish,of 2 ratings,$73
ALKS,$60.395,1440516009786,"161,866",67% bullish,of 3 ratings,$75
ALLB,$22.87,1440516009919,400,Not yet rated,NULL,N/A
ALGT,$217.31,1440516009971,"24,983",100% bearish,of 2 ratings,$235
AIQ,$13.61,1440516010022,"2,570",67% bullish,of 3 ratings,N/A
AFOP,$18.06,1440516010118,"102,755",75% bullish,of 8 ratings,$21
AHGP,$35.6584,1440516010151,"17,839",67% bullish,of 3 ratings,N/A
ARLP,$24.06,1440516010208,"39,330",67% bearish,of 3 ratings,$32
AMOT,$17.69,1440516010254,"35,108",100% bearish,of 1 rating,N/A
AHPI,$1.5,1440516010399,115,50% bullish,of 2 ratings,N/A
ALQA,$4.22,1440516010432,"17,706",75% bullish,of 4 ratings,$8.50
MDRX,$13.4,1440516010567,"377,205",60% bullish,of 5 ratings,$16
AFAM,$43.69,1440516010594,"4,129",50% bullish,of 2 ratings,$44
ALNY,$98.42,1440516010615,"141,439",67% bullish,of 3 ratings,$148.50
ALLT,$5.03,1440516010646,"38,114",75% bullish,of 4 ratings,$6.25
SMCP,$22.69,1440516010872,"1,609",Not yet rated,NULL,N/A
ATEC,$0.5999,1440516011037,"56,359",100% bullish,of 1 rating,$2
ALTR,$47.15,1440516011092,"740,352",80% bearish,of 5 ratings,$54
AMAG,$58.38,1440516011129,"75,089",100% bullish,of 2 ratings,$77.50
AOSL,$7.25,1440516011155,"9,537",67% bullish,of 3 ratings,$9
AMRN,$1.955,1440516011186,"344,665",85% bullish,of 39 ratings,$8
ASPS,$26.7592,1440516011223,"30,067",67% bullish,of 3 ratings,$46.50
AIMC,$24.58,1440516011248,"20,845",100% bearish,of 2 ratings,$28.50
AMRK,$10.65,1440516011384,804,50% bullish,of 2 ratings,$14
AMZN,$484.915,1440516011467,"1,120,308",81% bullish,of 263 ratings,$646
AYA,$20.58,1440516011551,"21,800",100% bearish,of 1 rating,$40
AMBCW,$7.1275,1440516011687,"1,376",100% bearish,of 1 rating,N/A
AMBC,$15.41,1440516011713,"46,869",100% bearish,of 1 rating,$16.50
AMCX,$69.575,1440516011739,"278,601",67% bullish,of 3 ratings,$87.50
AMBA,$93.2397,1440516011770,"841,350",83% bullish,of 12 ratings,$102.50
EPAX,$2.67,1440516011874,"5,629",100% bearish,of 1 rating,N/A
AMED,$38.2,1440516011964,"81,227",100% bearish,of 1 rating,$42
AMDA,$0.4487,1440516012010,"617,983",90% bullish,of 10 ratings,$1
DOX,$56.3,1440516012067,"106,774",50% bullish,of 2 ratings,$60
UHAL,$362.72,1440516012152,"5,589",100% bullish,of 2 ratings,$393.50
ASBI,$22.26,1440516012199,100,Not yet rated,NULL,N/A
ATAX,$5.23,1440516012225,"168,753",100% bullish,of 1 rating,$6.50
AAL,$39.13,1440516012403,"2,716,478",93% bullish,of 88 ratings,$57
AMOV,$17.65,1440516012535,"9,125",100% bearish,of 1 rating,N/A
AGNCB,$24.185,1440516012560,"2,240",Not yet rated,NULL,N/A
AGNC,$19.31,1440516012619,"823,271",71% bullish,of 28 ratings,$22
MTGE,$15.27,1440516012834,"77,381",75% bullish,of 4 ratings,$19.50
MTGEP,$24.27,1440516012885,"3,700",Not yet rated,NULL,N/A
AGNCP,$25.2,1440516012911,"8,624",Not yet rated,NULL,N/A
ACSF,$12,1440516012988,"24,132",100% bearish,of 1 rating,$15
AMNB,$22.6,1440516013401,"3,172",Not yet rated,NULL,$25.50
ACAS,$13.395,1440516013818,"175,599",60% bullish,of 5 ratings,$16.75
ANAT,$97.57,1440516013951,"22,081",100% bullish,of 1 rating,N/A
AMIC,NULL,1440516014307,0,Not yet rated,NULL,N/A
AETI,NULL,1440516014412,0,67% bearish,of 3 ratings,N/A
ANCI,$1.43,1440516014552,400,100% bearish,of 1 rating,N/A
ARII,$37.62,1440516014783,"71,747",67% bearish,of 3 ratings,$45
APEI,$21.17,1440516014819,"13,154",100% bearish,of 1 rating,$25.50
ASEI,$36.79,1440516014861,"14,418",100% bearish,of 1 rating,$52.50
AMSWA,$8.67,1440516014892,"8,476",100% bearish,of 2 ratings,$10.75
CRMT,$37.36,1440516014919,"20,497",100% bearish,of 1 rating,$39
AMRB,$9.96,1440516014942,"1,000",Not yet rated,NULL,$11
AMSC,$3.8071,1440516014969,"98,379",50% bullish,of 4 ratings,N/A
AMWD,$65.03,1440516015103,"54,512",50% bullish,of 2 ratings,$70
ATLO,$22.5,1440516015331,"2,893",Not yet rated,NULL,N/A
ASRV,$3.24,1440516015363,201,100% bullish,of 2 ratings,N/A
ABCB,$26.61,1440516015395,"19,535",Not yet rated,NULL,$31
AMSF,$47.2825,1440516015422,"9,901",Not yet rated,NULL,$57.50
ASRVP,$28.17,1440516015460,394,Not yet rated,NULL,N/A
AMGN,$153.3799,1440516015492,"1,349,530",89% bullish,of 19 ratings,$185
AMKR,$4.6765,1440516015718,"979,593",100% bearish,of 2 ratings,$5
FOLD,$14.03,1440516015779,"518,325",56% bullish,of 9 ratings,$21
AMSGP,NULL,1440516015858,0,Not yet rated,NULL,N/A
AMSG,$79.99,1440516015887,"99,005",100% bearish,of 1 rating,$85.50
AMPH,$13.085,1440516015917,"60,679",50% bullish,of 2 ratings,$20
AFSI,$59.16,1440516016018,"76,573",60% bullish,of 5 ratings,$72
ANAC,$130.87,1440516016056,"193,779",80% bullish,of 5 ratings,$180.50
ASYS,$5.0025,1440516016082,"5,881",67% bullish,of 3 ratings,$12
AMRS,$1.58,1440516016147,"22,940",70% bullish,of 10 ratings,N/A
ADI,$52.92,1440516016421,"609,689",67% bullish,of 3 ratings,$69
ANAD,$0.305,1440516016514,"42,161",100% bullish,of 2 ratings,$.50
ALOG,$77.415,1440516016551,"6,235",100% bearish,of 2 ratings,$100.50
AMCF,$0.25,1440516016580,500,100% bullish,of 7 ratings,N/A
ABCW,$39.5,1440516016602,"1,903",67% bullish,of 3 ratings,N/A
ANGO,$14.48,1440516016634,"6,836",67% bullish,of 3 ratings,$19
ANCB,NULL,1440516016662,0,Not yet rated,NULL,$23
ANGI,$4.865,1440516016683,"178,644",64% bullish,of 11 ratings,$5.50
ANIP,$49.9399,1440516016960,"16,894",89% bullish,of 19 ratings,$66
ANIK,$33.54,1440516016989,"13,310",60% bullish,of 5 ratings,$51.25
ANSS,$87.67,1440516017014,"118,639",100% bearish,of 1 rating,$100
ATRS,$1.725,1440516017065,"131,307",92% bullish,of 12 ratings,$4.50
ANTH,$7.3399,1440516017213,"205,708",80% bullish,of 10 ratings,$13
ATNY,$2.33,1440516017246,"1,728",50% bullish,of 2 ratings,$3.75
ABAC,$0.6773,1440516017313,"17,593",100% bearish,of 1 rating,N/A
APIC,$6.35,1440516017374,"129,445",100% bearish,of 1 rating,$19
APOG,$50.805,1440516017408,"82,802",100% bullish,of 1 rating,$67
APPF,$16.41,1440516017541,"2,900",50% bullish,of 2 ratings,$22
AINV,$6.4,1440516017583,"289,130",50% bullish,of 4 ratings,$8
AAPL,$108.65,1440516017740,"27,811,178",86% bullish,of 2344 ratings,$150
APDN,$3.15,1440516017769,"11,949",Not yet rated,NULL,$9
ARCI,$1.11,1440516017798,"1,000",Not yet rated,NULL,N/A
APDNW,$1.2001,1440516017899,"6,998",Not yet rated,NULL,N/A
APOL,$10.91,1440516017925,"204,616",87% bearish,of 68 ratings,$14
AGTC,$15.375,1440516018058,"55,891",50% bullish,of 2 ratings,$33
AMAT,$15.5262,1440516018091,"4,941,959",82% bullish,of 11 ratings,$23
AAOI,$19.52,1440516018118,"43,703",50% bullish,of 4 ratings,$26
AMCC,$5.44,1440516018143,"159,855",80% bullish,of 5 ratings,$8
APRI,$1.2503,1440516018190,"100,190",83% bullish,of 6 ratings,$4.86
AREX,$1.895,1440516018379,"273,677",100% bearish,of 1 rating,$3
APTO,$4.7056,1440516018460,720,Not yet rated,NULL,$17
AUMAU,NULL,1440516018607,0,Not yet rated,NULL,N/A
AQXP,$19.2406,1440516018632,"1,065,208",50% bullish,of 2 ratings,$2
AUMA,NULL,1440516018659,0,Not yet rated,NULL,N/A
AQMS,$4.7,1440516018685,"15,231",Not yet rated,NULL,N/A
AUMAW,NULL,1440516018858,0,Not yet rated,NULL,N/A
PETX,$17.1501,1440516018906,"86,656",100% bearish,of 2 ratings,$26
ABIO,$0.8502,1440516019034,"43,619",50% bullish,of 2 ratings,$3.75
ARDM,$6.93,1440516019060,427,100% bullish,of 1 rating,$26
ABUS,$6.8899,1440516019085,"96,131",86% bullish,of 14 ratings,$23
RKDA,$5.88,1440516019114,"13,686",100% bearish,of 2 ratings,$10
ARCW,$3.19,1440516019140,"6,496",100% bearish,of 2 ratings,$10.50
ACAT,$25.6,1440516019376,"28,634",100% bearish,of 3 ratings,$33
ACGL,$68.585,1440516019438,"64,327",50% bullish,of 2 ratings,$72
ARDX,$17.48,1440516019539,"18,345",50% bullish,of 2 ratings,$24.50
ARCB,$28.12,1440516019564,"50,072",67% bearish,of 3 ratings,$39.50
ARNA,$2.71,1440516019625,"645,125",90% bullish,of 77 ratings,$5.50
ARCC,$15,1440516019709,"860,053",67% bearish,of 3 ratings,$17.875
AGII,$55.66,1440516019754,"26,053",Not yet rated,NULL,$59.50
ARIA,$6.507,1440516019862,"854,295",87% bullish,of 46 ratings,$9
AGIIL,$25.2914,1440516019888,"3,266",Not yet rated,NULL,N/A
ARGS,$6.18,1440516020052,"27,114",50% bullish,of 2 ratings,$19.50
ARTX,$1.47,1440516020081,"20,600",88% bullish,of 16 ratings,$4.50
ARMH,$42.12,1440516020120,"697,572",54% bearish,of 13 ratings,$61
ARWA,NULL,1440516020155,0,Not yet rated,NULL,N/A
ARKR,$24.05,1440516020216,"1,197",50% bullish,of 2 ratings,N/A
ARWAR,$0.27,1440516020347,500,Not yet rated,NULL,N/A
ARWAW,NULL,1440516020580,0,Not yet rated,NULL,N/A
ARWAU,NULL,1440516020608,0,100% bullish,of 1 rating,N/A
ARQL,$1.63,1440516020629,"54,417",75% bullish,of 4 ratings,$5
ARRY,$5.44,1440516020651,"378,556",100% bullish,of 7 ratings,$10
DWAT,$9.66,1440516020782,"4,132",100% bearish,of 1 rating,N/A
ARIS,$3.21,1440516020809,"18,930",Not yet rated,NULL,$4.50
AROW,$27.02,1440516020831,"2,867",Not yet rated,NULL,N/A
ARRS,$25.625,1440516020874,"312,944",50% bullish,of 2 ratings,$38
ARTW,NULL,1440516021007,0,75% bearish,of 4 ratings,N/A
ARWR,$5.24,1440516021033,"278,119",75% bullish,of 4 ratings,$10.50
ASBB,NULL,1440516021054,0,Not yet rated,NULL,N/A
ARTNA,$22.5499,1440516021089,"4,431",100% bearish,of 1 rating,$29
ASND,$18.94,1440516021222,"28,967",100% bullish,of 1 rating,$30
ASNA,$11.15,1440516021248,"671,206",50% bullish,of 2 ratings,$18
ASCMA,$26.355,1440516021438,"18,252",100% bearish,of 1 rating,$45
ASMI,NULL,1440516021654,0,NULL,NULL,NULL
APWC,$1.9,1440516021691,100,100% bearish,of 1 rating,N/A
ASML,$90.48,1440516021823,"361,929",50% bullish,of 4 ratings,$127
AZPN,$37.239,1440516021855,"113,443",50% bullish,of 2 ratings,$42
ALOT,NULL,1440516021956,0,100% bearish,of 1 rating,N/A
ASMB,$12.63,1440516021989,"6,034",67% bullish,of 3 ratings,N/A
ASFI,$8.925,1440516022039,"2,810",100% bullish,of 1 rating,N/A
ASTE,$35.35,1440516022085,"12,019",100% bearish,of 1 rating,$48
ASTC,$2.09,1440516022117,"20,010",100% bullish,of 5 ratings,N/A
ASUR,$5.43,1440516022171,"1,000",50% bullish,of 2 ratings,$8
ATRO,$51.49,1440516022218,"45,772",100% bearish,of 2 ratings,$80
ATAI,$2.425,1440516022382,"4,745",100% bearish,of 1 rating,N/A
ASTI,$0.1062,1440516022412,"922,841",83% bullish,of 6 ratings,$3
ATHN,$132.16,1440516022519,"38,519",67% bearish,of 3 ratings,$153
AFCB,$27.6,1440516022551,700,Not yet rated,NULL,N/A
ATRA,$39.568,1440516022686,"31,286",50% bullish,of 2 ratings,$68
ATHX,$1.0901,1440516022727,"97,170",89% bullish,of 9 ratings,$5
AAPC,$10.2,1440516022752,583,Not yet rated,NULL,N/A
ATNI,$70.87,1440516022903,"21,076",100% bearish,of 1 rating,$69.50
AAME,NULL,1440516022938,0,Not yet rated,NULL,N/A
ACFC,$5.97,1440516022969,"20,379",Not yet rated,NULL,$6.50
AAWW,$40.26,1440516022996,"50,766",50% bullish,of 2 ratings,$65
ATLC,$3.73,1440516023018,"7,432",67% bullish,of 3 ratings,N/A
ATML,$7.54,1440516023203,"3,414,034",78% bullish,of 9 ratings,$9.50
ATOS,$0.799,1440516023264,"64,970",100% bullish,of 7 ratings,$7
ATRC,$24.861,1440516023309,"36,622",100% bullish,of 1 rating,$30
ATRI,$380,1440516023454,583,Not yet rated,NULL,N/A
AFH,$16.33,1440516023482,"5,797",Not yet rated,NULL,$21.50
ATRM,NULL,1440516023512,0,50% bullish,of 2 ratings,N/A
ATTU,$13.26,1440516023641,"16,230",100% bearish,of 1 rating,$20.50
AUPH,$2.93,1440516023669,"15,041",100% bearish,of 1 rating,$8
AUBN,$26.43,1440516023691,100,Not yet rated,NULL,N/A
AUDC,$3.1101,1440516023722,"12,658",80% bullish,of 5 ratings,$5
LIFE,$13.6,1440516023872,"6,488",86% bullish,of 7 ratings,$43
ADAT,$0.415,1440516023914,"1,615,050",100% bullish,of 2 ratings,N/A
EARS,$4.44,1440516023974,"3,943",100% bearish,of 2 ratings,$11.50
ABTL,$16.8675,1440516024080,"38,108",100% bullish,of 4 ratings,$20.25
ADP,$76.6,1440516024153,"531,254",100% bearish,of 1 rating,$88
ADSK,$49.76,1440516024284,"488,024",67% bullish,of 6 ratings,$69.50
AVGO,$112.65,1440516024342,"848,303",88% bullish,of 8 ratings,$165
AAVL,$10.17,1440516024416,"83,332",100% bearish,of 1 rating,$20
AVEO,$1.3301,1440516024441,"125,071",75% bullish,of 8 ratings,$3
AVNU,$12.16,1440516024489,581,Not yet rated,NULL,$14
AVNW,$1.16,1440516024595,"36,754",50% bullish,of 2 ratings,$2.20
AVID,$7.99,1440516024626,"99,093",100% bearish,of 1 rating,$20
AVGR,$14.4108,1440516024664,"10,400",100% bearish,of 1 rating,$20
CAR,$41.58,1440516024860,"459,762",80% bullish,of 5 ratings,$60
ACLS,$3.11,1440516024888,"148,396",67% bullish,of 6 ratings,$4.75
AWRE,$3.1,1440516024919,"31,403",67% bullish,of 3 ratings,N/A
AXPW,$1.08,1440516024945,"12,192",83% bullish,of 6 ratings,N/A
AXPWW,NULL,1440516025025,0,Not yet rated,NULL,N/A
AXGN,$3.9096,1440516025075,"6,904",Not yet rated,NULL,$5
AXTI,$2.15,1440516025280,"34,453",50% bullish,of 2 ratings,$2.75
BEAV,$47.9,1440516025350,"336,455",67% bearish,of 3 ratings,$59
BCOM,NULL,1440516025385,0,100% bearish,of 1 rating,N/A
BOSC,$2.32,1440516025407,"1,002",50% bullish,of 2 ratings,N/A
BIDU,$148.53,1440516025437,"1,571,430",81% bullish,of 88 ratings,$210
RILY,$9.97,1440516025479,200,Not yet rated,NULL,N/A
BWINA,NULL,1440516025578,0,Not yet rated,NULL,N/A
BLDP,$1.2101,1440516025717,"151,109",91% bullish,of 22 ratings,$2.50
BCPC,$56.87,1440516025749,"66,997",100% bearish,of 1 rating,$75
BWINB,$22.65,1440516025778,"5,930",Not yet rated,NULL,N/A
BANF,$59.5,1440516025811,"2,535",Not yet rated,NULL,$68
BANFP,NULL,1440516025879,0,Not yet rated,NULL,N/A
BKMU,$6.81,1440516026036,"9,350",Not yet rated,NULL,$8
BKSC,$15.2,1440516026167,"4,588",Not yet rated,NULL,N/A
BMRC,$48.88,1440516026193,"1,700",Not yet rated,NULL,$52
BOCH,$5.7389,1440516026245,"6,037",Not yet rated,NULL,$6.50
OZRK,$40.2,1440516026271,"174,897",67% bullish,of 3 ratings,$49.50
BOTJ,$11.11,1440516026323,200,Not yet rated,NULL,N/A
BFIN,$11.8499,1440516026351,"10,963",Not yet rated,NULL,$13
TAPR,$30.87,1440516026513,900,100% bearish,of 1 rating,N/A
BANR,$43.235,1440516026550,"9,731",100% bullish,of 3 ratings,$50
BWFG,$17.98,1440516026585,500,100% bearish,of 1 rating,N/A
BZUN,$4.8488,1440516026736,"288,536",50% bullish,of 2 ratings,$12.60
BHAC,NULL,1440516026763,0,Not yet rated,NULL,N/A
BHACR,NULL,1440516026784,0,Not yet rated,NULL,N/A
BHACU,NULL,1440516026805,0,Not yet rated,NULL,N/A
BBSI,$33.66,1440516026994,"7,974",67% bearish,of 3 ratings,$62.50
BHACW,NULL,1440516027019,0,Not yet rated,NULL,N/A
BYBK,NULL,1440516027082,0,100% bearish,of 1 rating,N/A
BSET,$28.5138,1440516027111,"8,301",100% bearish,of 1 rating,$35
BV,$5.06,1440516027170,"97,273",67% bullish,of 6 ratings,$9
BCBP,$11.47,1440516027208,"1,288",Not yet rated,NULL,N/A
BYLK,$12.69,1440516027268,400,Not yet rated,NULL,$14
BBCN,$14.06,1440516027296,"50,281",100% bearish,of 1 rating,$16
BDCV,$4.75,1440516027428,"1,781",100% bearish,of 1 rating,$10.19
BECN,$34.79,1440516027523,"115,647",50% bullish,of 2 ratings,$40
BSF,$8.22,1440516027555,"8,793",Not yet rated,NULL,N/A
BBGI,$4.65,1440516027580,100,100% bearish,of 1 rating,N/A
BBBY,$61.11,1440516027728,"563,034",71% bullish,of 7 ratings,$75
BEBE,$1.7599,1440516027756,"56,408",75% bullish,of 4 ratings,$3.075
BELFB,$18.03,1440516027784,"2,900",100% bearish,of 1 rating,N/A
BELFA,$15.3,1440516027814,708,100% bearish,of 1 rating,N/A
BLPH,$5,1440516027915,"22,651",100% bearish,of 1 rating,$12.50
BNCL,$12.15,1440516028008,"78,530",100% bullish,of 3 ratings,$12.50
BNFT,$35.3,1440516028041,"28,516",67% bullish,of 3 ratings,$46
BNTC,$8.08,1440516028135,"2,400",100% bullish,of 1 rating,N/A
BLCM,$16.64,1440516028173,"63,292",50% bullish,of 4 ratings,$40
BGMD,$0.7901,1440516028242,"29,717",100% bullish,of 10 ratings,N/A
BGCP,$8.845,1440516028302,"286,024",88% bullish,of 8 ratings,$14
BIND,$4.25,1440516028330,"7,364",75% bullish,of 4 ratings,$13.50
BGFV,$10.55,1440516028352,"13,566",57% bullish,of 7 ratings,$12
ORPN,$5.35,1440516028523,"4,963",100% bullish,of 1 rating,$28.50
BASI,$1.47,1440516028551,792,Not yet rated,NULL,N/A
BCDA,NULL,1440516028574,0,Not yet rated,NULL,N/A
BCRX,$11.16,1440516028709,"185,618",63% bullish,of 8 ratings,$18
BIOC,$1.98,1440516028737,"169,840",83% bullish,of 6 ratings,$3.85
BIOD,$0.69,1440516028765,"39,271",80% bullish,of 5 ratings,$4
BDSI,$6.39,1440516028902,"229,758",88% bullish,of 8 ratings,$17
BIIB,$296.89,1440516028935,"770,392",88% bullish,of 16 ratings,$400
BIOL,$1.36,1440516028963,"6,657",Not yet rated,NULL,N/A
BMRN,$125.31,1440516029097,"222,928",80% bullish,of 5 ratings,$160
BLRX,$1.2698,1440516029123,"96,885",100% bullish,of 12 ratings,$5
BLFS,$2.07,1440516029153,"9,494",100% bearish,of 1 rating,$4.75
BVXV,$3.5799,1440516029198,"1,050",Not yet rated,NULL,N/A
BRLI,NULL,1440516029251,0,NULL,NULL,NULL
BVXVW,NULL,1440516029296,0,100% bearish,of 1 rating,N/A
BPTH,$1.06,1440516029346,"23,835",100% bullish,of 2 ratings,$5
BBC,$29.7,1440516029517,"10,748",Not yet rated,NULL,N/A
BIOS,$2.075,1440516029542,"476,049",71% bullish,of 7 ratings,$4
BBP,$31.3571,1440516029619,"20,831",Not yet rated,NULL,N/A
BSPM,$0.6403,1440516029684,"9,000",50% bullish,of 2 ratings,N/A
BOTA,$2.15,1440516029754,"29,566",88% bullish,of 8 ratings,N/A
BSTC,$46.9,1440516029785,"7,132",100% bearish,of 1 rating,$76
TECH,$95.25,1440516029812,"25,340",100% bullish,of 1 rating,$117
BITI,$17.24,1440516029880,"14,733",100% bullish,of 1 rating,$28
BEAT,$14.28,1440516029954,"247,030",67% bearish,of 3 ratings,$15
BJRI,$43.9096,1440516030052,"83,489",50% bullish,of 2 ratings,$55
BBOX,$14.78,1440516030080,"10,210",100% bearish,of 1 rating,N/A
BDMS,$13.13,1440516030154,200,100% bearish,of 1 rating,N/A
BBRY,$6.96,1440516030295,"1,260,829",61% bullish,of 330 ratings,$9
BLKB,$57.87,1440516030321,"52,487",100% bearish,of 2 ratings,$66
BDE,$7.19,1440516030346,"24,457",50% bullish,of 2 ratings,$9
ADRA,$25.92,1440516030588,"1,001",100% bearish,of 1 rating,N/A
ADRD,$21.9099,1440516030667,"3,532",100% bearish,of 1 rating,N/A
BKCC,$9.0369,1440516030702,"111,817",100% bullish,of 2 ratings,$10
ADRE,$29.32,1440516030731,"6,111",100% bearish,of 1 rating,N/A
BLMN,$19.58,1440516030753,"380,872",83% bullish,of 6 ratings,$27.50
HAWK,$40.28,1440516030774,"102,432",91% bullish,of 11 ratings,$49
BCOR,$13.355,1440516030814,"22,652",57% bullish,of 7 ratings,$15
ADRU,$21.6301,1440516030903,"1,676",100% bearish,of 1 rating,N/A
BLBD,$11.6,1440516030965,"2,676",Not yet rated,NULL,N/A
BUFF,$26.055,1440516031107,"65,946",83% bullish,of 12 ratings,$31.50
BBLU,$0.7843,1440516031137,"8,860",100% bullish,of 2 ratings,$4.43
BHBK,$13.815,1440516031195,"9,078",100% bullish,of 1 rating,$14.50
NILE,$32.28,1440516031239,"22,548",50% bullish,of 2 ratings,$34
BKEPP,$7.55,1440516031375,"1,470",100% bearish,of 1 rating,N/A
BKEP,$6.2101,1440516031507,"25,010",100% bearish,of 1 rating,$8.50
BNCN,$20.31,1440516031537,"30,449",Not yet rated,NULL,$23
BPMC,$27.395,1440516031570,"21,059",50% bullish,of 2 ratings,$47.50
BLUE,$126.59,1440516031591,"140,004",71% bullish,of 7 ratings,$217.50
WIFI,$7.55,1440516031638,"93,104",50% bullish,of 2 ratings,$13.50
BOBE,$43.14,1440516031668,"28,944",75% bullish,of 4 ratings,$57
BOJA,$20.9,1440516031773,"54,724",100% bullish,of 1 rating,$30
BOFI,$122,1440516031820,"51,648",100% bullish,of 6 ratings,$144
BONA,$11.625,1440516031948,"163,230",75% bullish,of 4 ratings,$8.50
BOKF,$59.61,1440516031974,"96,265",100% bearish,of 1 rating,$70.50
BNSO,$1.37,1440516032139,400,100% bearish,of 1 rating,N/A
BPFH,$11.55,1440516032183,"57,176",100% bearish,of 1 rating,$14
BPFHP,$25.64,1440516032248,608,100% bearish,of 1 rating,N/A
BPFHW,NULL,1440516032347,0,100% bearish,of 1 rating,N/A
BDBD,$8.195,1440516032429,"190,766",60% bullish,of 5 ratings,$10
BAMM,$3.16,1440516032462,"3,245",60% bullish,of 5 ratings,N/A
EPAY,$25.03,1440516032489,"27,778",100% bearish,of 2 ratings,$30
BCLI,$2.87,1440516032511,"32,374",80% bullish,of 5 ratings,$12
BBEP,$2.4228,1440516032547,"632,295",69% bullish,of 13 ratings,$5.625
BBRG,$12,1440516032599,"23,722",67% bullish,of 3 ratings,$14.50
BBEPP,$12.3,1440516032696,"28,978",100% bearish,of 1 rating,N/A
BDGE,$26.68,1440516032730,"1,704",Not yet rated,NULL,$31.75
BLIN,$1.4099,1440516033094,500,50% bullish,of 2 ratings,$2.20
BRCM,$48.845,1440516033130,"724,221",75% bullish,of 12 ratings,$56
BRID,NULL,1440516033178,0,100% bearish,of 1 rating,N/A
BCOV,$5.14,1440516033207,"25,725",67% bullish,of 3 ratings,$10.20
BSFT,$30.53,1440516033228,"51,524",57% bullish,of 7 ratings,$40.50
BYFC,$1.49,1440516033259,"2,000",50% bullish,of 2 ratings,N/A
BVSN,$5.9699,1440516033281,905,60% bearish,of 5 ratings,N/A
BWEN,$3.16,1440516033417,"6,752",100% bullish,of 3 ratings,$8
BRCD,$10.15,1440516033523,"1,104,363",92% bullish,of 13 ratings,$11.50
BMTC,$28.4,1440516033557,"7,593",Not yet rated,NULL,$34
BRKS,$10.05,1440516033593,"18,938",67% bullish,of 3 ratings,$15.25
BRKL,$10.395,1440516033690,"44,949",100% bearish,of 1 rating,$10.75
BRKR,$18.56,1440516033715,"65,151",100% bearish,of 2 ratings,$22
BLMT,$20.87,1440516033907,"7,401",Not yet rated,NULL,N/A
BLDR,$14.46,1440516033958,"165,786",50% bullish,of 2 ratings,$22
BUR,$1.79,1440516033987,306,100% bearish,of 1 rating,$8
BSQR,$5.86,1440516034008,"23,758",67% bullish,of 3 ratings,N/A
BWLD,$190.61,1440516034030,"63,487",82% bullish,of 11 ratings,$205
CHRW,$66.1,1440516034070,"356,574",Not yet rated,NULL,$72
CA,$26.71,1440516034165,"582,111",50% bullish,of 4 ratings,$33
CFFI,$34.01,1440516034294,"2,385",100% bearish,of 1 rating,N/A
CCMP,$42.6,1440516034323,"13,219",50% bullish,of 2 ratings,$59
CDNS,$19.34,1440516034350,"372,195",75% bullish,of 4 ratings,$22.50
CDZI,$7.52,1440516034397,"10,263",100% bearish,of 1 rating,N/A
CACQ,$7.11,1440516034531,"14,901",100% bearish,of 1 rating,$12.25
CSTE,$44.08,1440516034682,"136,104",100% bearish,of 1 rating,$65
PRSS,$4.32,1440516034715,"8,203",80% bullish,of 5 ratings,$4.50
CHI,$10.3501,1440516034778,"90,093",100% bearish,of 1 rating,N/A
CLBS,$1.33,1440516034804,"36,274",79% bullish,of 14 ratings,$4
CLMS,$10.57,1440516034833,"26,732",Not yet rated,NULL,$10.50
CZR,$9.4994,1440516034862,"389,170",60% bearish,of 5 ratings,$10.50
CHY,$11.112,1440516034888,"84,144",Not yet rated,NULL,N/A
CCD,$18.9,1440516035058,"37,755",Not yet rated,NULL,N/A
CFGE,$10.345,1440516035131,253,Not yet rated,NULL,N/A
CHW,$7.33,1440516035266,"84,116",100% bearish,of 1 rating,N/A
CSQ,$9.6201,1440516035293,"142,987",Not yet rated,NULL,N/A
CGO,$11.65,1440516035370,"31,580",100% bearish,of 1 rating,N/A
CVGW,$55.12,1440516035423,"27,704",50% bullish,of 2 ratings,$58.50
CAMP,$15.616,1440516035452,"60,993",88% bullish,of 8 ratings,$25
CFNB,NULL,1440516035582,0,100% bearish,of 1 rating,N/A
CALD,$15.23,1440516035608,"63,511",100% bearish,of 1 rating,$20.50
CALM,$48.01,1440516035778,"187,396",80% bullish,of 5 ratings,$65
CLMT,$25.05,1440516035930,"121,805",75% bullish,of 8 ratings,$31
CAMB,$10.05,1440516036000,400,Not yet rated,NULL,N/A
CALA,$4.8,1440516036026,"92,042",100% bullish,of 3 ratings,$19.50
CAMBU,NULL,1440516036061,0,100% bearish,of 1 rating,N/A
CAMBW,NULL,1440516036087,0,Not yet rated,NULL,N/A
CAC,$40.17,1440516036215,"1,720",Not yet rated,NULL,N/A
CSIQ,$17.76,1440516036322,"1,087,229",86% bullish,of 28 ratings,$45
CBNJ,$10.78,1440516036452,"3,792",100% bullish,of 1 rating,N/A
CGIX,$9.04,1440516036483,"4,938",67% bullish,of 3 ratings,$14.375
CAMT,$2.66,1440516036504,"17,790",73% bullish,of 11 ratings,$4
ABCD,$4.8399,1440516036526,"12,433",83% bullish,of 6 ratings,N/A
CPLA,$47.19,1440516036565,"17,498",67% bearish,of 3 ratings,$65
CBF,$28.755,1440516036656,"23,572",Not yet rated,NULL,$32
CCBG,$14.6443,1440516036701,200,Not yet rated,NULL,$17.25
CPHC,$10.5,1440516036735,200,100% bearish,of 1 rating,N/A
CPTA,$13.87,1440516036913,"38,620",100% bearish,of 1 rating,$18.50
CSWC,$44.89,1440516037051,"2,194",Not yet rated,NULL,N/A
CPLP,$6.89,1440516037079,"104,036",71% bullish,of 7 ratings,$11
CPST,$0.3623,1440516037122,"256,144",95% bullish,of 22 ratings,$1.25
CAPNW,NULL,1440516037210,0,Not yet rated,NULL,N/A
CAPN,$1.78,1440516037251,"64,252",100% bullish,of 1 rating,$10.85
CAPR,$4.0969,1440516037281,"2,250",Not yet rated,NULL,$12
CFFN,$11.82,1440516037386,"151,834",Not yet rated,NULL,$12.75
CBYL,$5.14,1440516037519,"8,196",100% bearish,of 1 rating,$20
CARA,$19.6896,1440516037546,"113,028",50% bullish,of 4 ratings,$25
CARB,$11.15,1440516037568,"47,874",75% bullish,of 4 ratings,$12
CFNL,$21.69,1440516037597,"13,347",Not yet rated,NULL,$24
CRDC,$0.375,1440516037748,"81,991",100% bullish,of 1 rating,$1.25
CSII,$23.32,1440516037778,"34,755",100% bearish,of 2 ratings,$42.125
CRME,$9.02,1440516037806,"11,620",89% bullish,of 9 ratings,$11.25
CTRE,$11.755,1440516038229,"212,780",50% bullish,of 2 ratings,N/A
CATM,$33.88,1440516038260,"30,846",100% bearish,of 1 rating,$44
CECO,$3.37,1440516038281,"124,693",67% bearish,of 3 ratings,$6
CDNA,$6.35,1440516038315,"2,800",100% bearish,of 1 rating,$9
CKEC,$22.43,1440516038337,"64,532",50% bullish,of 2 ratings,$35.915
CARO,$15.05,1440516038375,"2,053",100% bearish,of 1 rating,$19
CART,$5.3,1440516038396,830,100% bearish,of 1 rating,N/A
CLBH,$12.54,1440516038425,350,Not yet rated,NULL,$16.50
TAST,$12.3,1440516038688,"98,876",Not yet rated,NULL,$14.25
CARV,$6.5,1440516038716,"18,783",50% bullish,of 2 ratings,N/A
CRZO,$28.46,1440516038741,"300,628",67% bearish,of 3 ratings,$57
CASM,$1.1,1440516038768,"4,382",100% bullish,of 1 rating,$3.50
CRTN,$2.52,1440516038797,"3,102",100% bearish,of 1 rating,N/A
CACB,$5.28,1440516038899,"13,030",Not yet rated,NULL,$5.50
CWST,$6.01,1440516039046,"22,752",50% bullish,of 2 ratings,$7.25
CSCD,$14.925,1440516039149,"25,447",100% bullish,of 2 ratings,$17
CASS,$45.99,1440516039175,"6,722",100% bearish,of 1 rating,N/A
CASI,$1.42,1440516039204,"6,449",100% bullish,of 1 rating,$3.50
CATB,$11.37,1440516039231,"2,082",100% bearish,of 1 rating,$28
CPRX,$3.335,1440516039252,"260,126",71% bullish,of 7 ratings,$7
CASY,$104.3,1440516039283,"53,960",50% bullish,of 2 ratings,$99.50
CATY,$28.73,1440516039458,"185,373",100% bearish,of 1 rating,$33.50
CVCO,$71.6,1440516039594,"7,478",100% bearish,of 1 rating,N/A
CATYW,$8.46,1440516039651,300,100% bearish,of 1 rating,N/A
CNLMR,NULL,1440516039748,0,Not yet rated,NULL,N/A
CBFV,NULL,1440516039773,0,Not yet rated,NULL,N/A
CAVM,$64.4275,1440516039802,"111,410",67% bearish,of 3 ratings,$72
CNLM,NULL,1440516039914,0,Not yet rated,NULL,N/A
CDK,$46.89,1440516039979,"83,816",67% bearish,of 3 ratings,$50
CBOE,$60.91,1440516040011,"58,737",Not yet rated,NULL,$60
CNLMW,NULL,1440516040035,0,Not yet rated,NULL,N/A
CNLMU,$10.37,1440516040068,298,100% bullish,of 1 rating,N/A
CDW,$38.5,1440516040168,"196,062",75% bullish,of 4 ratings,$44
CPXX,$2.0299,1440516040197,"64,075",100% bullish,of 2 ratings,$7
CELG,$118.3256,1440516040332,"1,835,560",92% bullish,of 13 ratings,$155.50
CECE,$9.16,1440516040472,"21,014",50% bullish,of 2 ratings,$16
CELGZ,$1.65,1440516040502,"6,099",80% bullish,of 5 ratings,N/A
CLDN,$1.0206,1440516040602,"47,583",71% bullish,of 7 ratings,$3
CLDX,$14.32,1440516040645,"991,340",89% bullish,of 9 ratings,$36
CLLS,$29.5184,1440516040675,"24,565",75% bullish,of 4 ratings,$51.50
CLRB,NULL,1440516040696,0,100% bearish,of 1 rating,N/A
CLRBW,NULL,1440516040727,0,Not yet rated,NULL,N/A
CBMG,$22.27,1440516040752,"15,935",50% bullish,of 2 ratings,N/A
CLTX,$2.87,1440516040939,"255,682",100% bullish,of 2 ratings,N/A
CYAD,$51.3388,1440516040984,"1,241",100% bullish,of 1 rating,$87.50
CLSN,$1.877,1440516041016,"38,691",80% bullish,of 10 ratings,$7.50
CEMP,$34.3501,1440516041048,"132,712",71% bullish,of 7 ratings,$52
CETV,$2.06,1440516041080,"12,268",67% bullish,of 3 ratings,$2.80
CETX,$2.3469,1440516041113,"4,700",Not yet rated,NULL,$5.60
CSFL,$13.7199,1440516041145,"25,690",Not yet rated,NULL,$15
CFBK,NULL,1440516041397,0,Not yet rated,NULL,N/A
CVCY,$11.25,1440516041423,6,Not yet rated,NULL,$12
CENT,$11.91,1440516041453,"9,525",Not yet rated,NULL,$10
CENTA,$12.78,1440516041559,"30,173",Not yet rated,NULL,N/A
CNBKA,NULL,1440516041594,0,50% bullish,of 2 ratings,N/A
CENX,$4.85,1440516041638,"437,234",67% bullish,of 6 ratings,$9
CPHD,$47.54,1440516041666,"143,953",50% bullish,of 2 ratings,$66.50
CNTY,$6.09,1440516041738,"7,206",80% bullish,of 5 ratings,$7.75
CERE,$1.0506,1440516041968,"103,276",88% bullish,of 8 ratings,N/A
CRNT,$1.323,1440516041995,"145,454",50% bullish,of 2 ratings,$2
CERU,$3.3301,1440516042027,"30,340",75% bullish,of 4 ratings,$15
CERN,$62.25,1440516042127,"380,648",67% bullish,of 3 ratings,$79
KOOL,$0.6403,1440516042170,330,100% bullish,of 5 ratings,$7
CERS,$4.6799,1440516042207,"170,146",75% bullish,of 4 ratings,$7
CEVA,$17.69,1440516042259,"20,394",100% bearish,of 1 rating,$25
CYOU,$20.01,1440516042304,"31,956",50% bullish,of 6 ratings,$24
HOTR,$1.4304,1440516042348,"44,150",100% bullish,of 2 ratings,$5
HOTRW,NULL,1440516042512,0,Not yet rated,NULL,N/A
GTLS,$22.34,1440516042540,"50,364",50% bullish,of 4 ratings,$40
CHTR,$175.595,1440516042599,"277,849",100% bearish,of 2 ratings,$196
CTHR,$1.3,1440516042671,600,50% bullish,of 2 ratings,$2.50
CHFN,$12.2,1440516042755,"6,711",Not yet rated,NULL,$14
CHKP,$76.84,1440516042781,"391,195",50% bullish,of 4 ratings,$92
CHEK,$2.77,1440516042860,"2,870",Not yet rated,NULL,$7.75
CEMI,$3.88,1440516043073,"4,050",50% bullish,of 2 ratings,$7.50
CHEKW,NULL,1440516043103,0,Not yet rated,NULL,N/A
CHFC,$30.7213,1440516043125,"23,278",100% bearish,of 1 rating,$36
CHKE,$25.35,1440516043162,"4,667",100% bearish,of 1 rating,$32.50
CCXI,$6.64,1440516043190,"16,496",67% bullish,of 3 ratings,$14
CHEV,$14.47,1440516043256,800,Not yet rated,NULL,N/A
CHMG,$26.275,1440516043283,"2,700",Not yet rated,NULL,$30
CHMA,$23.7801,1440516043479,"42,647",Not yet rated,NULL,$40
PLCE,$59.8,1440516043515,"244,357",100% bearish,of 1 rating,$71
CBNK,$16.49,1440516043571,500,100% bearish,of 1 rating,N/A
CMRX,$46.49,1440516043596,"77,323",50% bullish,of 2 ratings,$57
CADC,$3.1562,1440516043675,200,78% bullish,of 9 ratings,N/A
CAAS,$5.7999,1440516043908,"14,073",93% bullish,of 14 ratings,$11.50
CCCR,$0.8301,1440516043947,"7,200",67% bearish,of 3 ratings,N/A
CALI,$0.959,1440516043969,"5,550",67% bullish,of 3 ratings,N/A
CBPO,$99.5,1440516044044,"87,638",75% bullish,of 8 ratings,$140.50
CBAK,$1.7597,1440516044074,"39,269",67% bullish,of 9 ratings,N/A
CCCL,$0.78,1440516044095,"3,200",100% bullish,of 6 ratings,N/A
JRJC,$3.16,1440516044227,"67,408",82% bullish,of 11 ratings,N/A
CHOP,$1.23,1440516044253,"1,100",50% bullish,of 2 ratings,N/A
HGSH,$1.69,1440516044285,"8,197",67% bullish,of 3 ratings,N/A
CHLN,$2.01,1440516044415,"9,984",67% bullish,of 3 ratings,N/A
CNIT,$1.45,1440516044513,"40,364",67% bullish,of 6 ratings,N/A
HTHT,$24.4,1440516044586,"24,506",50% bullish,of 2 ratings,$28.40
CJJD,$1.8179,1440516044645,"71,696",100% bullish,of 1 rating,N/A
CREG,$0.6553,1440516044672,"16,451",100% bullish,of 3 ratings,N/A
CHNR,$1.69,1440516044694,"3,804",100% bearish,of 1 rating,N/A
CPGI,$6.79,1440516044826,100,Not yet rated,NULL,N/A
CSUN,$1.45,1440516044870,"7,421",80% bullish,of 5 ratings,N/A
CCIH,$6.59,1440516044966,"113,226",67% bullish,of 6 ratings,$12.65
CNTF,$0.8,1440516045041,"17,674",Not yet rated,NULL,N/A
CXDC,$5.87,1440516045067,"8,825",67% bullish,of 3 ratings,N/A
IMOS,$16.705,1440516045113,"62,645",60% bullish,of 5 ratings,$21.50
CNYD,$2.957,1440516045142,"5,200",67% bullish,of 3 ratings,N/A
CNET,$0.8101,1440516045247,"8,883",50% bullish,of 2 ratings,N/A
CHSCM,$25.73,1440516045278,"6,675",Not yet rated,NULL,N/A
CHSCL,$26.75,1440516045306,"5,245",Not yet rated,NULL,N/A
CHSCN,$26.52,1440516045786,"5,291",Not yet rated,NULL,N/A
CHSCO,$28.06,1440516045884,"3,300",Not yet rated,NULL,N/A
CHSCP,$30.55,1440516045910,"2,256",Not yet rated,NULL,N/A
CMCT,$15.05,1440516045940,605,100% bearish,of 1 rating,N/A
CHUY,$31.02,1440516046041,"48,546",50% bullish,of 2 ratings,$34
CDTX,$14,1440516046135,"2,404",Not yet rated,NULL,$22
CIFC,$6.86,1440516046172,100,100% bearish,of 1 rating,N/A
CHDN,$133,1440516046203,"8,624",Not yet rated,NULL,$165
CMPR,$68.07,1440516046224,"78,568",50% bullish,of 2 ratings,$72.50
CIDM,$0.6043,1440516046306,"10,400",50% bullish,of 2 ratings,$2.10
CPHR,$5.8,1440516046439,"1,150",100% bearish,of 1 rating,$17
CTAS,$83.16,1440516046488,"92,380",100% bearish,of 1 rating,$91
CINF,$52.44,1440516046514,"201,072",50% bullish,of 4 ratings,$50.50
CTRN,$27.35,1440516046674,"33,475",100% bearish,of 1 rating,$31.50
CRUS,$27.68,1440516046699,"291,249",75% bullish,of 12 ratings,$44.50
CSCO,$25.66,1440516046725,"6,178,815",84% bullish,of 208 ratings,$32
CZNC,$19.73,1440516046880,"8,295",Not yet rated,NULL,N/A
CTXS,$69.16,1440516046910,"446,291",86% bullish,of 7 ratings,$80
CZFC,NULL,1440516046948,0,Not yet rated,NULL,N/A
CIZN,$19.9499,1440516047014,600,Not yet rated,NULL,N/A
CZWI,$8.89,1440516047090,301,Not yet rated,NULL,N/A
CIVB,$9.99,1440516047161,795,Not yet rated,NULL,$11
CHCO,$46.175,1440516047191,"12,176",Not yet rated,NULL,$46
CDTI,$1.545,1440516047212,"43,768",75% bullish,of 4 ratings,$3.20
CIVBP,NULL,1440516047257,0,Not yet rated,NULL,N/A
CLNE,$4.3099,1440516047347,"347,773",80% bullish,of 15 ratings,$9
CLRO,$11.26,1440516047587,901,50% bullish,of 2 ratings,$14.25
CLFD,$16.8992,1440516047618,"7,882",67% bullish,of 3 ratings,$18
CLNT,$1.42,1440516047650,"24,912",75% bullish,of 8 ratings,N/A
CBLI,$3.75,1440516047679,"9,771",60% bullish,of 5 ratings,N/A
CLIR,$4.8314,1440516047749,"5,000",100% bullish,of 3 ratings,N/A
CSBK,$13.65,1440516047775,"34,862",Not yet rated,NULL,N/A
CLVS,$69.3,1440516047918,"222,195",60% bullish,of 5 ratings,$101.50
CME,$91.0952,1440516047966,"390,142",67% bullish,of 3 ratings,$102
CISG,$7.5,1440516048049,"58,134",100% bullish,of 5 ratings,$10
CCNE,$16.41,1440516048076,"2,200",50% bullish,of 2 ratings,$21.50
CMFN,$11.7,1440516048131,"3,930",100% bearish,of 1 rating,$15.50
CWAY,$11.21,1440516048202,700,Not yet rated,NULL,N/A
CNV,$4.41,1440516048269,"2,042",50% bullish,of 2 ratings,$7.15
COBZ,$12.51,1440516048299,"22,498",100% bullish,of 1 rating,$14
COKE,$157.91,1440516048528,"3,513",79% bullish,of 19 ratings,N/A
CDRB,$10.1,1440516048555,932,67% bullish,of 3 ratings,N/A
JVA,$4.46,1440516048630,"9,907",83% bullish,of 6 ratings,$7
CDXS,$3.6,1440516048656,"15,692",64% bullish,of 11 ratings,$6
CCOI,$27.9901,1440516048685,"53,390",50% bullish,of 4 ratings,$35
CVLY,$20.36,1440516048716,"2,902",Not yet rated,NULL,N/A
CTSH,$62.09,1440516048787,"1,070,011",90% bullish,of 10 ratings,$75
CGNT,$1.58,1440516048812,"17,110",100% bullish,of 2 ratings,$2
CGNX,$34.67,1440516049182,"310,991",50% bullish,of 2 ratings,$47
COHR,$54.91,1440516049207,"25,682",50% bullish,of 2 ratings,$72
CHRS,$27.91,1440516049335,"30,305",67% bearish,of 3 ratings,$37
CLRX,$0.5311,1440516049381,"16,823",50% bullish,of 2 ratings,N/A
COHU,$9.42,1440516049438,"12,046",100% bearish,of 1 rating,$14.25
CIGI,$42.69,1440516049541,"2,414",100% bearish,of 1 rating,$52
CBAN,$8.89,1440516049565,"1,000",Not yet rated,NULL,N/A
COLL,$14.83,1440516049627,"8,885",100% bearish,of 1 rating,$26
CLCD,$6.95,1440516049661,"12,788",100% bearish,of 1 rating,$20.50
CLCT,$18.525,1440516049683,"4,419",100% bearish,of 1 rating,N/A
COLM,$59.88,1440516049762,"27,129",100% bearish,of 1 rating,$71
COLB,$29.39,1440516049818,"35,394",Not yet rated,NULL,$36
CBMX,$1.2,1440516049962,"27,000",83% bullish,of 6 ratings,$3.15
CMCSA,$55.46,1440516049989,"2,811,914",66% bullish,of 35 ratings,$69.50
CMCO,$18.44,1440516050010,"9,648",60% bullish,of 5 ratings,$28
CMCSK,$56.21,1440516050166,"783,934",Not yet rated,NULL,$84
CUBN,NULL,1440516050392,0,Not yet rated,NULL,N/A
CBSH,$43.83,1440516050420,"119,235",50% bullish,of 2 ratings,$46
CVGI,$4.53,1440516050441,"32,682",50% bullish,of 2 ratings,$6
COMM,$28.2,1440516050491,"102,685",67% bearish,of 3 ratings,$35
ESXB,$5.1,1440516050517,"69,100",Not yet rated,NULL,N/A
JCS,$8.501,1440516050574,"3,800",67% bullish,of 3 ratings,N/A
CSAL,$20.1903,1440516050659,"130,684",75% bullish,of 4 ratings,$30
CBSHP,$25.14,1440516050731,385,100% bearish,of 1 rating,N/A
CYHHZ,$0.0109,1440516050791,"70,758",100% bullish,of 1 rating,N/A
CTBI,$34.17,1440516050863,"10,897",Not yet rated,NULL,$36
COB,$10.42,1440516050925,"2,732",100% bullish,of 1 rating,$11.75
CVLT,$35.58,1440516051077,"98,302",75% bullish,of 4 ratings,$44.50
CWBC,NULL,1440516051102,0,Not yet rated,NULL,N/A
CIZ,$33.1412,1440516051167,"1,128",100% bearish,of 1 rating,N/A
CIL,NULL,1440516051258,0,Not yet rated,NULL,N/A
CSA,$32.64,1440516051330,400,Not yet rated,NULL,N/A
CID,NULL,1440516051413,0,Not yet rated,NULL,N/A
CSF,$35.88,1440516051438,"1,671",100% bearish,of 1 rating,N/A
CDC,$34.3116,1440516051466,"9,023",Not yet rated,NULL,N/A
CFA,$34.8031,1440516051494,365,100% bearish,of 1 rating,N/A
CDL,NULL,1440516051630,0,Not yet rated,NULL,N/A
CFO,$34.7585,1440516051687,"25,021",100% bearish,of 1 rating,N/A
CSB,$32.96,1440516051713,200,Not yet rated,NULL,N/A
CGEN,$5.02,1440516051847,"62,480",50% bullish,of 2 ratings,$11
CPSI,$44.99,1440516051873,"27,342",100% bearish,of 1 rating,$45.50
CMTL,$26.19,1440516052183,"7,074",100% bearish,of 2 ratings,$37
SCOR,$54.66,1440516052212,"59,146",100% bearish,of 1 rating,$66
CNSI,$18.57,1440516052238,"25,129",100% bearish,of 2 ratings,$29
CHCI,$0.6101,1440516052286,"2,280",50% bullish,of 2 ratings,N/A
CTG,$6.5,1440516052376,"6,174",100% bearish,of 1 rating,$8.50
CCUR,$5.09,1440516052404,"7,400",75% bullish,of 4 ratings,N/A
CNCE,$15.212,1440516052428,"43,056",75% bullish,of 4 ratings,$22
CXRX,$70.93,1440516052486,100,100% bearish,of 1 rating,$90
CNAT,$3.7401,1440516052563,"16,809",83% bullish,of 6 ratings,$13
CDOR,$1.27,1440516052664,100,100% bullish,of 1 rating,N/A
CFMS,$20.03,1440516052741,"50,789",Not yet rated,NULL,$27
CDORP,$6.31,1440516052845,"1,824",100% bearish,of 1 rating,N/A
CDORO,$16.6,1440516052872,150,100% bearish,of 1 rating,N/A
CNFR,$10.35,1440516052945,"3,800",Not yet rated,NULL,N/A
CNMD,$52.995,1440516052972,"21,081",Not yet rated,NULL,$59
CTWS,$34.5,1440516053047,"3,380",100% bearish,of 1 rating,$44
CNOB,$18.65,1440516053183,"17,737",100% bullish,of 1 rating,$23.50
CNXR,$6.65,1440516053215,"9,924",100% bearish,of 1 rating,$12
CNSL,$19.3,1440516053274,"65,422",100% bearish,of 1 rating,$23
CONN,$30.67,1440516053314,"58,745",67% bullish,of 3 ratings,$48.50
CWCO,$10.2614,1440516053445,"14,497",67% bullish,of 3 ratings,$14.50
CTCT,$23.97,1440516053476,"106,343",67% bullish,of 3 ratings,$37
CFRX,$4.9765,1440516053544,"3,052",Not yet rated,NULL,$14
CPSS,$5.63,1440516053572,"18,215",100% bullish,of 1 rating,$10
CFRXW,$2,1440516053706,"4,591",100% bearish,of 1 rating,N/A
CFRXZ,$0.46,1440516053734,550,Not yet rated,NULL,N/A
CTRV,$3.9899,1440516053755,"3,935",Not yet rated,NULL,$6.40
CPRT,$34.16,1440516053910,"80,453",67% bearish,of 3 ratings,$40
CRBP,$1.9388,1440516053960,"165,712",100% bullish,of 2 ratings,$6.25
CTRL,$7.78,1440516053987,"14,437",50% bullish,of 2 ratings,$11
CORE,$60.33,1440516054115,"17,898",100% bearish,of 1 rating,$72
CORT,$4.585,1440516054142,"109,789",67% bullish,of 3 ratings,$12
CORI,$9.895,1440516054164,"9,962",100% bearish,of 1 rating,$18
CSOD,$35.32,1440516054297,"140,568",50% bullish,of 2 ratings,$42
BVA,$3.51,1440516054342,100,50% bullish,of 2 ratings,N/A
CRVL,$31.28,1440516054402,"21,198",100% bearish,of 1 rating,N/A
COSI,$1.07,1440516054487,"74,224",100% bullish,of 1 rating,N/A
CSGP,$177.325,1440516054559,"23,447",50% bullish,of 2 ratings,$235
CPAH,NULL,1440516054622,0,50% bullish,of 2 ratings,N/A
COST,$137.9999,1440516054691,"1,115,678",79% bullish,of 24 ratings,$154.50
CVTI,$21.87,1440516054718,"33,914",67% bearish,of 3 ratings,$39
COVS,$2.5401,1440516054748,"13,474",67% bullish,of 3 ratings,N/A
ICBK,$18,1440516054773,200,Not yet rated,NULL,$21
COWN,$5.08,1440516054980,"210,634",75% bullish,of 4 ratings,$7
COWNL,$27.0999,1440516055005,"1,930",Not yet rated,NULL,N/A
CPSH,$2.0501,1440516055030,"5,800",Not yet rated,NULL,N/A
CRAI,$21.67,1440516055220,"5,524",100% bearish,of 1 rating,$36
BREW,$7.33,1440516055301,"35,855",67% bullish,of 6 ratings,$15
CBRL,$137.55,1440516055375,"140,024",50% bullish,of 2 ratings,$155
CRAY,$20.3,1440516055404,"69,241",83% bullish,of 6 ratings,$38.50
GLDI,$11.015,1440516055471,"6,089",100% bearish,of 1 rating,N/A
CACC,$195.18,1440516055502,"22,720",50% bullish,of 2 ratings,$158.50
SLVO,$10.0599,1440516055528,"2,052",100% bearish,of 1 rating,N/A
CREE,$26.65,1440516055553,"372,079",65% bullish,of 17 ratings,$29.50
CRESY,$9.8499,1440516055820,"15,248",100% bearish,of 1 rating,$19
CRTO,$42.04,1440516055847,"127,172",67% bullish,of 6 ratings,$64
CROX,$13.8,1440516055976,"84,034",63% bullish,of 8 ratings,$16.50
CRDS,$1.1,1440516056108,"3,497",50% bullish,of 4 ratings,$4.50
CCRN,$13.3235,1440516056167,"51,663",100% bearish,of 1 rating,$14.25
CRWS,$7.97,1440516056323,"8,510",Not yet rated,NULL,$10
CSGS,$30.42,1440516056356,"31,955",Not yet rated,NULL,$40
CRWN,$4.5,1440516056378,"20,468",75% bullish,of 4 ratings,N/A
CCLP,$13.5832,1440516056399,"25,951",67% bearish,of 3 ratings,$20
CYRX,$2.95,1440516056421,"13,642",Not yet rated,NULL,$9
CYRXW,$0.9001,1440516056464,500,Not yet rated,NULL,N/A
CSPI,$5.87,1440516056556,317,67% bullish,of 3 ratings,N/A
CTCM,$1.7,1440516056602,"43,047",80% bearish,of 5 ratings,$3.90
CTIC,$1.68,1440516056704,"325,646",84% bullish,of 76 ratings,$5.75
CTIB,$3.55,1440516056730,400,100% bearish,of 1 rating,N/A
CTRP,$64.12,1440516056756,"708,202",75% bullish,of 8 ratings,$92
CUNB,$20.75,1440516056971,"3,112",Not yet rated,NULL,$24.50
CUI,$5.13,1440516057160,"36,267",50% bullish,of 2 ratings,$10
CRIS,$2.43,1440516057191,"90,098",100% bullish,of 8 ratings,$6
CYAN,$6.92,1440516057217,200,100% bearish,of 1 rating,N/A
CMLS,$1.3,1440516057247,"88,526",50% bullish,of 4 ratings,$6
CVBF,$15.755,1440516057268,"65,116",Not yet rated,NULL,$18
CPIX,$5.8,1440516057289,"1,100",Not yet rated,NULL,N/A
CUTR,$13.8,1440516057331,"6,627",67% bearish,of 3 ratings,$18
CVV,$11.0076,1440516057419,"3,955",100% bullish,of 5 ratings,N/A
CYBX,$64.7,1440516057523,"51,084",50% bullish,of 4 ratings,$71.50
CYBR,$50.3451,1440516057602,"569,138",86% bullish,of 7 ratings,$66
CYCC,$0.573,1440516057703,"12,111",73% bullish,of 11 ratings,N/A
CYBE,$5.84,1440516057729,"2,406",100% bearish,of 1 rating,N/A
CYCCP,NULL,1440516057879,0,100% bearish,of 1 rating,N/A
CYNA,$16.2,1440516057904,"8,572",100% bullish,of 1 rating,$31.50
CYRN,$1.58,1440516057974,"7,546",67% bullish,of 3 ratings,$4
CY,$9.35,1440516058063,"1,123,530",80% bullish,of 10 ratings,$15.50
CBAY,$2.64,1440516058094,"20,844",100% bullish,of 1 rating,$4
CYNO,$31.3,1440516058123,"36,715",67% bearish,of 3 ratings,$45.50
CYTX,$0.3588,1440516058155,"348,169",83% bullish,of 12 ratings,$5.50
CONE,$31.79,1440516058191,"112,352",67% bearish,of 3 ratings,$35
CYTK,$6.68,1440516058255,"51,644",71% bullish,of 14 ratings,$13.50
CTSO,$6.61,1440516058425,"13,656",Not yet rated,NULL,$15.625
CYTR,$2.08,1440516058450,"338,412",67% bullish,of 6 ratings,$10
TVIX,$9.833,1440516058653,"6,474,585",81% bullish,of 16 ratings,N/A
XIV,$30.6712,1440516058722,"10,543,745",75% bearish,of 4 ratings,N/A
DAEG,$0.3398,1440516058748,"3,541",100% bearish,of 1 rating,N/A
TVIZ,$17.19,1440516058779,"4,959",100% bearish,of 1 rating,N/A
ZIV,$42.8188,1440516058806,"39,740",Not yet rated,NULL,N/A
DAKT,$9.7,1440516058880,"241,194",50% bullish,of 2 ratings,$14
DJCO,NULL,1440516058938,0,Not yet rated,NULL,N/A
DAIO,$2.57,1440516059145,"7,124",Not yet rated,NULL,N/A
DARA,$0.8696,1440516059178,"24,327",83% bullish,of 6 ratings,$1.50
DTLK,$5.38,1440516059215,"7,031",100% bearish,of 1 rating,$9
DWCH,$4.92,1440516059243,"2,228",75% bullish,of 4 ratings,$8.25
DRAM,$1.1901,1440516059272,"30,849",78% bullish,of 9 ratings,N/A
PLAY,$32.85,1440516059374,"47,069",100% bullish,of 5 ratings,$42
DTEA,$13.86,1440516059413,"36,604",100% bearish,of 2 ratings,$24
DWSN,$4.22,1440516059607,"2,850",67% bullish,of 3 ratings,$6
TRAK,$62.9,1440516059639,"207,381",50% bullish,of 2 ratings,$62.50
DHRM,$1.62,1440516059666,"5,059",Not yet rated,NULL,N/A
DBVT,$38.02,1440516059691,"24,515",100% bearish,of 1 rating,$53
DFRG,$14.1,1440516059738,"42,044",100% bearish,of 1 rating,$20
TACOW,$4.08,1440516059839,925,100% bullish,of 1 rating,N/A
TACO,$12.84,1440516059871,"81,142",75% bullish,of 4 ratings,$20
DCTH,$0.44,1440516059967,"18,531",78% bullish,of 9 ratings,N/A
DGAS,$20.25,1440516059997,"20,286",67% bearish,of 3 ratings,N/A
DELT,$2.59,1440516060041,750,Not yet rated,NULL,N/A
DENN,$11.42,1440516060211,"69,658",100% bullish,of 3 ratings,$15
DELTW,NULL,1440516060260,0,Not yet rated,NULL,N/A
XRAY,$52.48,1440516060290,"93,462",100% bullish,of 1 rating,$58
DEPO,$27.71,1440516060391,"203,910",60% bullish,of 5 ratings,$29
DERM,$23.79,1440516060461,"28,258",100% bearish,of 1 rating,$33.50
DSCI,$6.06,1440516060492,"5,942",50% bullish,of 2 ratings,$16
DXLG,$4.45,1440516060558,"21,020",100% bearish,of 1 rating,$8
DEST,$11.25,1440516060588,"7,251",50% bullish,of 2 ratings,N/A
DSWL,$1.7501,1440516060658,800,100% bullish,of 1 rating,N/A
DXCM,$90.35,1440516060686,"283,283",57% bullish,of 7 ratings,$98
DXM,$0.2957,1440516060862,"43,608",50% bullish,of 2 ratings,N/A
DHXM,NULL,1440516060887,0,Not yet rated,NULL,N/A
FANG,$62.72,1440516061028,"229,368",50% bullish,of 2 ratings,$86.50
DMND,$29.11,1440516061055,"31,189",75% bullish,of 12 ratings,$32
DHIL,$192.85,1440516061077,400,Not yet rated,NULL,N/A
DCIX,$1.6321,1440516061208,"16,391",50% bullish,of 4 ratings,$3.50
DRNA,$10.42,1440516061234,"19,779",67% bearish,of 3 ratings,$25
DGII,$9.55,1440516061264,"8,550",100% bearish,of 1 rating,$10
DRAD,$3.6469,1440516061367,"7,067",100% bullish,of 1 rating,$5.25
DCOM,$16.47,1440516061435,"19,236",100% bearish,of 2 ratings,$16.50
DMRC,$35,1440516061462,"20,652",100% bearish,of 1 rating,$44
APPS,$2.31,1440516061492,"12,151",100% bearish,of 1 rating,$10.25
DGLY,$6.7,1440516061517,"62,645",50% bullish,of 6 ratings,$20
DPRX,$12.68,1440516061660,"9,304",100% bullish,of 2 ratings,$27.75
DISCA,$26.04,1440516061685,"755,025",67% bullish,of 3 ratings,$34
DIOD,$19.26,1440516061728,"45,945",75% bearish,of 4 ratings,$24
DISCK,$24.74,1440516061903,"584,455",100% bearish,of 1 rating,$32
DISCB,$26,1440516061936,200,100% bearish,of 1 rating,$35
DISH,$60.15,1440516062083,"194,145",69% bullish,of 13 ratings,$73
DSCO,$0.4,1440516062113,"122,010",83% bullish,of 6 ratings,$2.75
DLHC,$2.3001,1440516062141,"1,015",100% bearish,of 1 rating,N/A
BAGR,$2.7899,1440516062215,"14,374",100% bearish,of 1 rating,$6
DVCR,$10.9,1440516062274,"2,100",100% bullish,of 1 rating,N/A
DGICA,$14.163,1440516062347,"1,624",100% bearish,of 1 rating,$17
DLTR,$75.5,1440516062377,"400,746",82% bullish,of 11 ratings,$88
DNBF,$26.47,1440516062403,505,Not yet rated,NULL,$27.50
DGICB,NULL,1440516062545,0,100% bearish,of 1 rating,N/A
DMLP,$13.32,1440516062573,"9,504",100% bearish,of 1 rating,N/A
DRWIW,$0.06,1440516062814,7,Not yet rated,NULL,N/A
DRWI,$0.2481,1440516062848,"79,503",60% bullish,of 5 ratings,$.45
DORM,$50.1,1440516062872,"66,509",100% bearish,of 1 rating,$56
HILL,$9.6738,1440516062894,"547,214",60% bearish,of 5 ratings,$9.75
DWA,$19.56,1440516062916,"286,640",63% bullish,of 8 ratings,$26
DRYS,$0.3576,1440516062956,"2,127,945",77% bullish,of 31 ratings,$.60
DSPG,$8.17,1440516063066,"26,370",100% bearish,of 1 rating,$13.50
DSKX,$2.963,1440516063122,"102,057",100% bullish,of 1 rating,N/A
CADTR,NULL,1440516063205,0,Not yet rated,NULL,N/A
CADT,NULL,1440516063237,0,Not yet rated,NULL,N/A
CADTU,NULL,1440516063307,0,Not yet rated,NULL,N/A
CADTW,NULL,1440516063336,0,Not yet rated,NULL,N/A
DTSI,$25.95,1440516063439,"39,135",100% bearish,of 2 ratings,$39.50
DNKN,$50.32,1440516063467,"263,578",67% bullish,of 15 ratings,$56.50
DXPE,$28.29,1440516063702,"38,606",50% bullish,of 2 ratings,N/A
DRRX,$1.95,1440516063731,"37,747",50% bullish,of 6 ratings,$3
BOOM,$9.49,1440516063753,"20,572",67% bullish,of 3 ratings,$12
DYAX,$21.635,1440516063793,"124,626",89% bullish,of 9 ratings,$30
DVAX,$25.97,1440516063889,"118,684",70% bullish,of 10 ratings,$40
DYSL,$1.46,1440516063920,"19,100",100% bullish,of 2 ratings,N/A
DYNT,$2.89,1440516063942,"4,209",75% bullish,of 4 ratings,N/A
EBMT,$11.42,1440516063971,"8,214",Not yet rated,NULL,$13.50
EGBN,$41.74,1440516064103,"54,165",Not yet rated,NULL,$48
EGLE,$5.97,1440516064162,"4,611",60% bullish,of 5 ratings,N/A
ETFC,$25.195,1440516064189,"634,250",57% bullish,of 14 ratings,$33
EROC,$1.2,1440516064318,"106,582",50% bullish,of 2 ratings,$3
EGRX,$67.5,1440516064344,"95,800",67% bullish,of 3 ratings,$97
ELNK,$8.18,1440516064410,"149,817",60% bullish,of 5 ratings,$9.50
EWBC,$38.58,1440516064442,"396,263",100% bearish,of 1 rating,$50
EACQU,$10.2,1440516064543,400,Not yet rated,NULL,N/A
EVBS,$6.4501,1440516064727,"5,603",Not yet rated,NULL,$7
EBIX,$26.59,1440516064756,"97,410",69% bullish,of 13 ratings,$40
EML,$16.22,1440516064777,"5,136",Not yet rated,NULL,N/A
EBAY,$25.565,1440516064809,"2,987,724",81% bullish,of 117 ratings,$48
ECTE,$1.435,1440516064941,"14,724",75% bullish,of 4 ratings,N/A
ELON,$0.5399,1440516064968,"16,346",50% bullish,of 2 ratings,N/A
SATS,$42.67,1440516064993,"42,358",50% bullish,of 2 ratings,$60
ECHO,$23.62,1440516065020,"110,871",67% bearish,of 3 ratings,$35.50
EEI,$10.7901,1440516065183,"1,100",67% bearish,of 3 ratings,N/A
ECACU,NULL,1440516065252,0,Not yet rated,NULL,N/A
ESES,$3.24,1440516065354,300,100% bearish,of 1 rating,$7
EDUC,$4.93,1440516065406,"4,406",100% bearish,of 1 rating,N/A
EFUT,NULL,1440516065431,0,Not yet rated,NULL,N/A
EDGW,$6.8,1440516065496,"2,304",100% bearish,of 1 rating,N/A
EDAP,$3.2501,1440516065563,"32,485",60% bullish,of 5 ratings,$4.50
EGAN,$3.305,1440516065594,"22,000",50% bullish,of 2 ratings,$6.25
EHTH,$13.46,1440516065689,"16,354",50% bullish,of 4 ratings,$16.50
LOCO,$12.68,1440516065794,"536,333",69% bullish,of 13 ratings,$20
EMITF,$1.2364,1440516065820,"4,418",75% bullish,of 4 ratings,N/A
EGLT,$10.67,1440516065902,"24,059",50% bullish,of 2 ratings,$21
ESLT,$77.29,1440516065971,"6,243",67% bullish,of 3 ratings,N/A
ERI,$9.0899,1440516066054,"16,357",100% bearish,of 1 rating,$10
ELRC,$10.28,1440516066081,"7,039",100% bearish,of 1 rating,N/A
ESIO,$4.379,1440516066254,"23,406",50% bullish,of 2 ratings,$10
EA,$65.57,1440516066302,"1,199,303",77% bullish,of 35 ratings,$80
EFII,$43.495,1440516066361,"54,347",80% bullish,of 5 ratings,$55
ELSE,$3.8801,1440516066398,200,60% bullish,of 5 ratings,N/A
ELEC,NULL,1440516066450,0,Not yet rated,NULL,N/A
ELECU,NULL,1440516066474,0,Not yet rated,NULL,N/A
ELECW,NULL,1440516066525,0,Not yet rated,NULL,N/A
RDEN,$10.14,1440516066630,"17,129",100% bearish,of 4 ratings,$15
EBIO,$3.29,1440516066678,"50,490",100% bearish,of 2 ratings,$8.35
CAPX,$22.15,1440516066817,200,Not yet rated,NULL,N/A
LONG,$16.4844,1440516066849,"35,724",67% bullish,of 3 ratings,$15.75
ELTK,$1.06,1440516066879,100,67% bearish,of 3 ratings,N/A
EMCI,$22.405,1440516066948,"1,991",Not yet rated,NULL,N/A
ESBK,$19.83,1440516067007,200,Not yet rated,NULL,N/A
EMCF,NULL,1440516067102,0,100% bearish,of 1 rating,N/A
EMKR,$6.92,1440516067201,"25,606",75% bullish,of 4 ratings,$8.50
EMMS,$1.16,1440516067227,"21,694",67% bullish,of 6 ratings,N/A
EMMSP,NULL,1440516067281,0,100% bearish,of 1 rating,N/A
ERS,$2.81,1440516067378,"2,433",Not yet rated,NULL,N/A
NYNY,$4.08,1440516067406,"10,194",50% bullish,of 2 ratings,N/A
ENTA,$40.38,1440516067432,"39,341",50% bullish,of 2 ratings,$42
ECPG,$39.63,1440516067561,"23,260",100% bullish,of 2 ratings,$52
WIRE,$30.85,1440516067592,"24,450",100% bearish,of 1 rating,$37
ENDP,$75.89,1440516067688,"536,914",50% bullish,of 6 ratings,$104
ECYT,$5,1440516067718,"60,265",83% bullish,of 6 ratings,$12
ELGX,$12.48,1440516067774,"127,470",75% bullish,of 4 ratings,$17
EIGI,$14.91,1440516067799,"50,990",67% bearish,of 3 ratings,$22.50
WATT,$6.2399,1440516067827,"66,981",50% bullish,of 2 ratings,$13
EFOI,$16.31,1440516068023,"316,683",50% bullish,of 2 ratings,$20.50
ENPH,$4.625,1440516068204,"222,587",75% bullish,of 4 ratings,$11
ERII,$2.88,1440516068236,"20,463",80% bullish,of 5 ratings,$2.50
EXXI,$1.37,1440516068257,"537,292",86% bullish,of 7 ratings,$3.50
ENG,$0.98,1440516068288,"13,008",100% bullish,of 3 ratings,N/A
ENFC,$18.06,1440516068317,"3,500",Not yet rated,NULL,N/A
ENOC,$8.38,1440516068339,"87,065",75% bullish,of 4 ratings,$18
ESGR,$147.182,1440516068369,"7,403",100% bearish,of 1 rating,$185
ENTG,$13.43,1440516068525,"103,633",100% bearish,of 1 rating,$18
ENTL,$21.49,1440516068612,"6,363",Not yet rated,NULL,$28
ETRM,$0.2525,1440516068659,"556,791",69% bearish,of 35 ratings,$1.625
EBTC,$20.68,1440516068689,500,Not yet rated,NULL,N/A
EFSC,$23.92,1440516068710,"16,862",Not yet rated,NULL,$27
EGT,$2.05,1440516068791,624,100% bullish,of 1 rating,N/A
ENZN,$0.9283,1440516068930,"275,446",100% bullish,of 9 ratings,N/A
ENVI,$1.745,1440516068964,363,67% bullish,of 3 ratings,N/A
EPRS,$4.91,1440516069062,"16,330",82% bullish,of 11 ratings,$15
ENZY,$9.15,1440516069089,"5,445",67% bullish,of 3 ratings,$9.50
EPZM,$17.99,1440516069124,"101,974",60% bullish,of 5 ratings,$34
EPIQ,$13.15,1440516069149,"11,161",100% bearish,of 1 rating,$18
PLUS,$74.858,1440516069294,"24,334",50% bullish,of 2 ratings,$88
ERIC,$9.66,1440516069476,"691,095",63% bullish,of 8 ratings,$12.20
EAC,$3.359,1440516069507,"6,378",100% bearish,of 1 rating,$8
EQFN,NULL,1440516069538,0,100% bearish,of 1 rating,N/A
ERIE,$81.9,1440516069560,"12,793",Not yet rated,NULL,$73
ESCA,$17.08,1440516069640,"3,584",100% bearish,of 1 rating,$22
EQIX,$262.82,1440516069696,"143,878",75% bullish,of 4 ratings,$312.50
ESCRP,NULL,1440516069721,0,100% bearish,of 1 rating,N/A
ESCR,$0.18,1440516069749,"29,137",50% bullish,of 2 ratings,N/A
ESMC,NULL,1440516070014,0,Not yet rated,NULL,N/A
ESSA,$12.62,1440516070044,"1,550",100% bearish,of 1 rating,N/A
ESPR,$54.11,1440516070066,"184,158",70% bearish,of 10 ratings,$123
EPIX,NULL,1440516070143,0,Not yet rated,NULL,N/A
ESND,$33.83,1440516070199,"17,970",100% bearish,of 2 ratings,$40
ETSY,$13.304,1440516070230,"185,082",80% bullish,of 5 ratings,$16
ESSX,$0.45,1440516070260,"35,281",50% bullish,of 2 ratings,N/A
CLWT,$2.5,1440516070363,306,100% bearish,of 1 rating,N/A
EEFT,$63.99,1440516070435,"50,842",100% bearish,of 1 rating,$67.50
EVEP,$7.28,1440516070465,"124,811",50% bullish,of 2 ratings,$15
ESEA,$5.59,1440516070491,100,100% bullish,of 1 rating,$15
EVLV,$2.14,1440516070639,"30,951",60% bullish,of 5 ratings,$6.50
EVOL,$5.845,1440516070697,"4,856",75% bullish,of 4 ratings,$10
EVK,NULL,1440516070722,0,75% bearish,of 4 ratings,N/A
EVOK,$3.85,1440516070879,"21,415",100% bearish,of 1 rating,$13.375
EXA,$10.76,1440516070938,"2,800",100% bearish,of 1 rating,$13
EXAC,$17.7,1440516071095,"15,236",100% bearish,of 1 rating,$22.50
EXPE,$111.68,1440516071126,"263,755",64% bullish,of 11 ratings,$130
EXFO,$2.5475,1440516071148,"6,052",67% bearish,of 3 ratings,$3.95
EXAS,$20.24,1440516071169,"344,755",78% bullish,of 9 ratings,$31
EXEL,$5.25,1440516071205,"1,643,665",81% bullish,of 16 ratings,$6
EXLS,$35.73,1440516071226,"40,226",50% bullish,of 2 ratings,$41
EXPD,$48.27,1440516071389,"356,839",80% bullish,of 5 ratings,$51.50
EXTR,$2.745,1440516071610,"147,022",80% bullish,of 5 ratings,$3
EXPO,$41.04,1440516071635,"11,661",100% bearish,of 1 rating,$45.50
ESRX,$84.232,1440516071694,"926,970",67% bearish,of 6 ratings,$101
EXLP,$18.11,1440516071723,"62,463",100% bearish,of 1 rating,$25
EYEG,$3.97,1440516071830,"3,050",Not yet rated,NULL,N/A
EZCH,$21.207,1440516071933,"18,323",75% bullish,of 8 ratings,$19.50
EYEGW,NULL,1440516072019,0,Not yet rated,NULL,N/A
EZPW,$6,1440516072055,"98,288",50% bullish,of 4 ratings,$7.50
FCS,$13.08,1440516072153,"150,424",67% bearish,of 3 ratings,$17
FRP,$15.9,1440516072179,"8,851",100% bearish,of 1 rating,$18
FB,$86.8101,1440516072210,"13,177,621",73% bullish,of 1066 ratings,$111
FFIV,$119.49,1440516072231,"161,371",63% bullish,of 8 ratings,$132
FALC,$1.53,1440516072368,"4,100",63% bearish,of 8 ratings,N/A
FWM,$2.28,1440516072398,"38,765",100% bearish,of 2 ratings,$3.20
DAVE,$14.085,1440516072499,"3,807",100% bearish,of 1 rating,$15.50
FFKT,$25.6,1440516072670,"2,327",Not yet rated,NULL,$29
FARM,$21.68,1440516072697,"8,893",100% bearish,of 1 rating,$35
FAST,$37.635,1440516072851,"919,175",80% bullish,of 5 ratings,$45.50
FARO,$37.246,1440516072882,"27,262",50% bullish,of 2 ratings,$48
FATE,$6.19,1440516072910,"18,425",50% bullish,of 2 ratings,$11
FMNB,$8.04,1440516072931,"4,800",Not yet rated,NULL,N/A
FBSS,$15.92,1440516072983,"1,615",Not yet rated,NULL,N/A
FDML,$8.75,1440516073016,"73,647",50% bullish,of 4 ratings,$14
FEIC,$74.84,1440516073075,"43,411",50% bullish,of 2 ratings,$95.50
FNHC,$21.77,1440516073109,"11,250",100% bearish,of 1 rating,$35
FENX,$9.69,1440516073245,"27,475",100% bullish,of 1 rating,$14.25
FHCO,$1.38,1440516073271,"24,495",50% bullish,of 4 ratings,N/A
FCSC,$5.55,1440516073542,"90,211",100% bearish,of 1 rating,$8.125
FBRC,$21.83,1440516073571,"6,809",100% bearish,of 1 rating,$29
FGEN,$22.91,1440516073608,"67,206",100% bearish,of 1 rating,$39
ONEQ,$182.94,1440516073701,"27,778",100% bullish,of 1 rating,N/A
LION,$18.51,1440516073751,"28,910",100% bullish,of 1 rating,$20
FDUS,$13.76,1440516073778,"14,893",50% bullish,of 2 ratings,$18
FSC,$6.22,1440516073808,"459,926",75% bullish,of 4 ratings,$8
FRGI,$52.07,1440516073833,"35,176",50% bullish,of 2 ratings,$70
FSCFL,$24.85,1440516073964,371,Not yet rated,NULL,N/A
FSAM,$8.54,1440516074022,"1,816",100% bearish,of 1 rating,$11
FITB,$19.14,1440516074121,"1,405,639",54% bullish,of 13 ratings,$22
FSFR,$8.82,1440516074148,"55,966",100% bearish,of 1 rating,$11.50
FITBI,$26.9711,1440516074175,"5,205",Not yet rated,NULL,N/A
FNGN,$32.27,1440516074208,"83,027",67% bullish,of 3 ratings,$47
FNSR,$15.18,1440516074315,"126,183",71% bullish,of 7 ratings,$24.50
FISI,$24.45,1440516074398,"14,136",100% bullish,of 2 ratings,$24.50
FNJN,$1.56,1440516074565,"12,033",100% bearish,of 1 rating,$5
FNTC,NULL,1440516074589,0,Not yet rated,NULL,N/A
FNTCU,$10.42,1440516074652,186,Not yet rated,NULL,N/A
FNTCW,NULL,1440516074719,0,Not yet rated,NULL,N/A
FBNC,$16.57,1440516074748,"4,328",100% bullish,of 1 rating,$20
FEYE,$38.54,1440516074779,"1,245,331",87% bullish,of 15 ratings,$55.50
FNLC,$18.23,1440516074854,"6,138",100% bullish,of 1 rating,N/A
BUSE,$6.31,1440516075001,"251,092",Not yet rated,NULL,$6.875
FRBA,$6.016,1440516075027,"1,102",Not yet rated,NULL,$8
FBIZ,$43.75,1440516075162,"1,345",100% bearish,of 2 ratings,$52
FCVA,NULL,1440516075214,0,Not yet rated,NULL,N/A
FCNCA,$231.41,1440516075304,825,Not yet rated,NULL,N/A
FCFS,$38.36,1440516075329,"35,480",100% bearish,of 3 ratings,$48
FCBC,$17.2825,1440516075463,"1,254",Not yet rated,NULL,$18
FCLF,$9.08,1440516075490,100,Not yet rated,NULL,N/A
FCCO,$11.73,1440516075520,100,Not yet rated,NULL,$13.25
FCAP,$27.32,1440516075546,350,Not yet rated,NULL,N/A
FCFP,$6.9,1440516075625,200,Not yet rated,NULL,N/A
FBNK,$16.55,1440516075702,"2,825",100% bearish,of 1 rating,$17.50
FDEF,$36.74,1440516075757,"7,165",Not yet rated,NULL,$38
FFNM,$6.37,1440516075783,300,Not yet rated,NULL,N/A
FFBC,$18.09,1440516075860,"28,308",67% bearish,of 3 ratings,$20.25
FFBCW,NULL,1440516075917,0,100% bearish,of 1 rating,N/A
FFIN,$29.88,1440516075997,"47,940",50% bullish,of 2 ratings,$31.75
THFF,$32.95,1440516076227,"1,157",Not yet rated,NULL,$35
FFNW,$11.95,1440516076254,"11,750",Not yet rated,NULL,$14
INBK,$30.45,1440516076285,"7,685",50% bullish,of 2 ratings,$37
FIBK,$26.19,1440516076318,"30,546",Not yet rated,NULL,$32
FFWM,$20.96,1440516076340,600,Not yet rated,NULL,$24
FMBH,NULL,1440516076386,0,Not yet rated,NULL,N/A
FRME,$24.91,1440516076420,"16,106",Not yet rated,NULL,$26.50
FMBI,$17.19,1440516076519,"84,782",Not yet rated,NULL,$20
FNBC,$33.85,1440516076602,"17,775",Not yet rated,NULL,$41.50
FNFG,$8.88,1440516076759,"763,509",80% bullish,of 5 ratings,$9
FNWB,$11.83,1440516076785,"1,400",Not yet rated,NULL,N/A
FSFG,$30.41,1440516076810,"1,800",Not yet rated,NULL,N/A
FSGI,$2.45,1440516076943,"2,586",Not yet rated,NULL,N/A
FSLR,$46.13,1440516076969,"464,182",74% bullish,of 39 ratings,$65
FSBK,$7.57,1440516076998,"2,244",100% bullish,of 1 rating,N/A
BICK,$19.7199,1440516077099,320,100% bullish,of 1 rating,N/A
FCA,$19.14,1440516077192,25,Not yet rated,NULL,N/A
FBZ,$10.06,1440516077256,240,Not yet rated,NULL,N/A
FCAN,$23.4599,1440516077283,"18,211",Not yet rated,NULL,N/A
FV,$22.9499,1440516077320,"1,059,471",100% bearish,of 1 rating,N/A
FTCS,$36.0101,1440516077355,"22,507",100% bearish,of 1 rating,N/A
IFV,$17.7899,1440516077453,"543,140",100% bearish,of 1 rating,N/A
FEMB,NULL,1440516077477,0,Not yet rated,NULL,N/A
FTSM,$59.9094,1440516077683,"5,043",100% bearish,of 1 rating,N/A
FEUZ,$31.1356,1440516077886,108,Not yet rated,NULL,N/A
TDIV,$24.2103,1440516077917,"19,084",100% bearish,of 1 rating,N/A
FTHI,NULL,1440516077944,0,Not yet rated,NULL,N/A
FTGC,$21.8694,1440516077972,"169,146",Not yet rated,NULL,N/A
MDIV,$18.92,1440516077993,"56,293",Not yet rated,NULL,N/A
FGM,$35.83,1440516078030,"9,872",Not yet rated,NULL,N/A
FHK,$32.59,1440516078125,"13,844",Not yet rated,NULL,N/A
HYLS,$49.218,1440516078150,"11,388",100% bearish,of 1 rating,N/A
FPXI,$26.89,1440516078355,"1,000",Not yet rated,NULL,N/A
CU,$12.5499,1440516078388,"5,440",100% bearish,of 1 rating,N/A
YDIV,$16.46,1440516078426,"6,193",Not yet rated,NULL,N/A
SKYY,$28.3499,1440516078487,"19,939",100% bullish,of 1 rating,N/A
PLTM,$6.3399,1440516078557,"4,324",100% bearish,of 1 rating,N/A
FJP,$46.25,1440516078646,"5,430",Not yet rated,NULL,N/A
FTLB,$19.05,1440516078776,300,100% bearish,of 1 rating,N/A
LMBS,$50.0179,1440516078810,"2,218",Not yet rated,NULL,N/A
QABA,$36.5999,1440516078839,"17,215",100% bearish,of 1 rating,N/A
FONE,NULL,1440516078865,0,Not yet rated,NULL,N/A
FMB,NULL,1440516078904,0,Not yet rated,NULL,N/A
CIBR,$17.94,1440516078933,"38,753",Not yet rated,NULL,N/A
QCLN,$14.52,1440516079034,"16,375",Not yet rated,NULL,N/A
GRID,NULL,1440516079192,0,100% bearish,of 1 rating,N/A
CARZ,$34.2681,1440516079277,"2,340",100% bearish,of 1 rating,N/A
QQXT,$39.6599,1440516079327,"3,464",Not yet rated,NULL,N/A
RDVY,$20.73,1440516079380,"1,547",Not yet rated,NULL,N/A
QQEW,$40.9001,1440516079405,"81,136",Not yet rated,NULL,N/A
QTEC,$38.85,1440516079431,"24,122",Not yet rated,NULL,N/A
AIRR,$15.77,1440516079458,"4,263",100% bearish,of 1 rating,N/A
QINC,NULL,1440516079614,0,Not yet rated,NULL,N/A
FTSL,$48.53,1440516079647,"71,104",100% bearish,of 1 rating,N/A
FKO,$22.35,1440516079673,530,Not yet rated,NULL,N/A
FDIV,$47.1999,1440516079746,150,100% bearish,of 1 rating,N/A
TUSA,NULL,1440516079805,0,Not yet rated,NULL,N/A
FTW,$29.95,1440516079831,"1,800",Not yet rated,NULL,N/A
FKU,$41.62,1440516080022,"14,807",Not yet rated,NULL,N/A
FSZ,$39.28,1440516080074,"23,263",Not yet rated,NULL,N/A
SVVC,$9.48,1440516080238,"4,504",50% bullish,of 2 ratings,$26
FUNC,$8.18,1440516080268,700,Not yet rated,NULL,N/A
FMER,$17.34,1440516080290,"399,300",50% bullish,of 2 ratings,$20
FIVE,$36.04,1440516080333,"113,451",75% bearish,of 4 ratings,$44
FISV,$82.65,1440516080363,"279,899",100% bearish,of 3 ratings,$90
FSV,$31.05,1440516080419,"5,100",Not yet rated,NULL,$33.60
FPRX,$18.75,1440516080580,"88,336",50% bullish,of 2 ratings,$35
FLXN,$23.15,1440516080767,"14,339",100% bearish,of 1 rating,$40
FIVN,$4.25,1440516080797,"47,698",100% bullish,of 1 rating,$8.50
FLKS,$13.76,1440516080819,"11,496",50% bullish,of 2 ratings,$27
FLML,$20.59,1440516080848,"34,695",50% bullish,of 2 ratings,$30
SKOR,NULL,1440516080896,0,Not yet rated,NULL,N/A
FLXS,$30.778,1440516080986,"7,570",100% bearish,of 2 ratings,N/A
MBSD,NULL,1440516081011,0,Not yet rated,NULL,N/A
FLEX,$10.32,1440516081182,"785,946",63% bullish,of 8 ratings,$12
FLDM,$12.285,1440516081210,"56,968",67% bearish,of 3 ratings,$21.50
FFIC,$19.79,1440516081244,"10,309",Not yet rated,NULL,$21
FLIR,$27.95,1440516081270,"172,413",100% bearish,of 1 rating,$38.50
FOMX,$9.82,1440516081400,"25,647",50% bullish,of 2 ratings,$23.50
FOGO,$17.88,1440516081488,"67,251",50% bullish,of 2 ratings,$25.50
FONR,$9.2262,1440516081534,"4,326",100% bullish,of 1 rating,N/A
FORTY,$31.46,1440516081667,150,100% bearish,of 1 rating,N/A
FORM,$6.05,1440516081699,"61,376",67% bullish,of 3 ratings,$10.50
FES,$0.92,1440516081726,"2,405",50% bullish,of 2 ratings,$1
FORR,$31.96,1440516081799,"3,467",Not yet rated,NULL,N/A
FTNT,$42.665,1440516081857,"284,935",80% bullish,of 10 ratings,$52
FBIO,$2.45,1440516081902,"77,160",83% bullish,of 6 ratings,N/A
FWRD,$45.23,1440516081956,"45,453",100% bearish,of 1 rating,$50
FORD,$1.31,1440516081983,"1,554,464",50% bullish,of 2 ratings,N/A
FOSL,$59.651,1440516082158,"245,176",50% bullish,of 4 ratings,$80
FWP,$25.5,1440516082224,"3,754",100% bearish,of 1 rating,$45
FMI,$20.6874,1440516082250,"45,080",100% bearish,of 2 ratings,$27.50
FOXF,$15.355,1440516082287,"12,791",100% bearish,of 1 rating,$19
FXCB,$16.96,1440516082386,"3,113",Not yet rated,NULL,$19
FRAN,$10.545,1440516082416,"133,023",50% bullish,of 4 ratings,$15
FRED,$13.43,1440516082512,"16,877",50% bullish,of 2 ratings,$16.50
FELE,$28.325,1440516082662,"31,382",50% bullish,of 4 ratings,$33
FREE,$0.341,1440516082833,"214,620",92% bullish,of 12 ratings,N/A
FRPT,$13.36,1440516082862,"111,992",67% bearish,of 3 ratings,$23.50
FTR,$5.09,1440516082891,"3,663,253",78% bullish,of 27 ratings,$6.25
RAIL,$19.43,1440516082917,"33,103",100% bearish,of 1 rating,$24.50
FEIM,$10.79,1440516082991,107,100% bearish,of 1 rating,N/A
FTRPR,$100.9,1440516083120,"11,704",100% bearish,of 1 rating,N/A
FRPH,$30.2,1440516083160,"1,535",100% bearish,of 1 rating,N/A
FSBW,$22.78,1440516083185,130,Not yet rated,NULL,N/A
FSYS,$6.11,1440516083385,"8,902",67% bullish,of 3 ratings,$10
FTD,$29.2899,1440516083414,"18,515",100% bearish,of 1 rating,$40
FTEK,$2.07,1440516083513,"27,351",75% bullish,of 4 ratings,N/A
FCEL,$0.723,1440516083541,"666,187",88% bullish,of 40 ratings,$2.65
FULLL,$24.86,1440516083566,"3,500",Not yet rated,NULL,N/A
FULL,$3.0997,1440516083596,"5,225",67% bearish,of 3 ratings,$4.25
FSNN,$2.34,1440516083853,"2,600",67% bullish,of 3 ratings,$6
FULT,$11.89,1440516083880,"250,539",100% bearish,of 1 rating,$13
FFHL,NULL,1440516083901,0,50% bullish,of 4 ratings,N/A
FLL,$1.47,1440516083938,"1,329",75% bullish,of 4 ratings,$3.50
GK,$68.22,1440516084032,"13,676",Not yet rated,NULL,$78
FXEN,$0.8301,1440516084061,"15,870",75% bullish,of 4 ratings,$1.10
FXENP,$16.01,1440516084206,400,100% bearish,of 1 rating,N/A
WILC,NULL,1440516084245,0,100% bullish,of 2 ratings,N/A
GALT,$1.91,1440516084341,"33,368",80% bullish,of 5 ratings,N/A
GLPG,$63.27,1440516084369,"9,493",100% bullish,of 1 rating,$75
GAIA,$5.94,1440516084391,"1,949",50% bullish,of 2 ratings,$8.50
GALTU,NULL,1440516084420,0,100% bearish,of 1 rating,N/A
GALTW,NULL,1440516084590,0,100% bullish,of 1 rating,N/A
GALE,$1.555,1440516084619,"455,102",89% bullish,of 47 ratings,$4
GLMD,$8.02,1440516084680,"10,840",67% bullish,of 3 ratings,$20.50
GLPI,$31.2,1440516084751,"96,867",100% bearish,of 1 rating,$37.50
GRMN,$38.31,1440516084778,"335,106",50% bullish,of 6 ratings,$48
GPIC,$10.27,1440516084799,300,100% bearish,of 1 rating,N/A
GGAC,NULL,1440516084827,0,100% bearish,of 1 rating,N/A
GGACR,NULL,1440516085026,0,100% bullish,of 1 rating,N/A
GGACW,NULL,1440516085477,0,Not yet rated,NULL,N/A
GARS,$14.27,1440516085507,"8,149",Not yet rated,NULL,$16
GGACU,NULL,1440516085531,0,Not yet rated,NULL,N/A
GNCMA,$16.3,1440516085557,"39,423",100% bearish,of 1 rating,$12
GENC,$9.32,1440516085587,"1,200",100% bearish,of 1 rating,N/A
GFNSL,$25.6,1440516085758,400,Not yet rated,NULL,N/A
GFNCP,$89.01,1440516085786,204,Not yet rated,NULL,N/A
GFN,$3.25,1440516085956,"21,142",100% bearish,of 2 ratings,$8
GENE,$2.17,1440516085977,"49,342",100% bullish,of 12 ratings,N/A
GNCA,$12.12,1440516086006,"29,232",100% bearish,of 1 rating,$20
GNMK,$9.33,1440516086060,"44,538",67% bullish,of 6 ratings,$14
GNTX,$15.24,1440516086142,"521,058",Not yet rated,NULL,$20
GHDX,$24.26,1440516086191,"30,633",50% bullish,of 2 ratings,$30
THRM,$42.74,1440516086246,"47,236",75% bearish,of 4 ratings,$55.50
GNVC,$2.18,1440516086352,"23,746",90% bullish,of 10 ratings,$8.50
GEOS,$14.605,1440516086412,"34,896",100% bearish,of 3 ratings,$21
GTWN,$17.85,1440516086437,125,Not yet rated,NULL,N/A
GERN,$3.05,1440516086483,"473,837",88% bullish,of 16 ratings,$5.25
GABC,$28.91,1440516086509,"5,973",Not yet rated,NULL,$31.50
ROCK,$16.595,1440516086637,"26,524",80% bullish,of 5 ratings,$24
GEVO,$2.5101,1440516086664,"389,077",75% bullish,of 12 ratings,$5
GIGM,$0.5599,1440516086824,"23,900",100% bullish,of 2 ratings,N/A
GIGA,$1.51,1440516086888,"184,094",100% bearish,of 1 rating,N/A
GILD,$107.4798,1440516086924,"4,206,698",91% bullish,of 87 ratings,$129
GIII,$65.71,1440516086953,"64,369",67% bullish,of 3 ratings,$75
GBCI,$25.18,1440516087055,"55,408",50% bullish,of 2 ratings,$31
GILT,$4.29,1440516087081,"9,523",50% bullish,of 2 ratings,N/A
GLADO,$25.5832,1440516087106,351,Not yet rated,NULL,N/A
GLAD,$8.13,1440516087134,"38,042",50% bullish,of 2 ratings,$8.75
GOOD,$14.2899,1440516087271,"51,353",Not yet rated,NULL,$19
GOODO,$25.1,1440516087302,300,Not yet rated,NULL,N/A
GOODN,$25.3,1440516087326,600,Not yet rated,NULL,N/A
GOODP,$25,1440516087355,100,Not yet rated,NULL,N/A
GAIN,$7.42,1440516087546,"104,855",100% bullish,of 2 ratings,$8.25
GAINN,$25.4,1440516087634,"31,542",Not yet rated,NULL,N/A
GAINO,$25.35,1440516087786,478,Not yet rated,NULL,N/A
GAINP,$25.86,1440516087811,"1,967",Not yet rated,NULL,N/A
LAND,$9.1701,1440516087858,"15,200",50% bullish,of 2 ratings,$13.75
GDEF,NULL,1440516087889,0,Not yet rated,NULL,N/A
GBLI,$26.4,1440516087910,"1,902",Not yet rated,NULL,N/A
GLBZ,NULL,1440516087991,0,Not yet rated,NULL,N/A
ENT,$10.89,1440516088045,"75,376",100% bearish,of 1 rating,$18
GPACU,NULL,1440516088070,0,Not yet rated,NULL,N/A
GSOL,$8.2,1440516088266,"12,875",100% bearish,of 1 rating,N/A
ACTX,$12.75,1440516088294,2,100% bullish,of 1 rating,N/A
SOCL,$16.99,1440516088315,"24,929",100% bullish,of 2 ratings,N/A
GBT,$42.92,1440516088343,"42,958",100% bearish,of 1 rating,N/A
QQQC,$19.22,1440516088369,"2,315",100% bearish,of 1 rating,N/A
ALTY,NULL,1440516088505,0,Not yet rated,NULL,N/A
YLCO,$11.8,1440516088694,60,Not yet rated,NULL,N/A
GBIM,$2.202,1440516088724,890,50% bullish,of 2 ratings,N/A
GAI,$5.76,1440516088758,"2,124",50% bullish,of 2 ratings,N/A
SRET,$13.2499,1440516088779,"1,483",Not yet rated,NULL,N/A
GSM,$12.63,1440516088814,"39,308",50% bullish,of 2 ratings,$23
GLBS,$1.08,1440516088836,54,67% bullish,of 3 ratings,N/A
GLRI,$1.05,1440516088867,"5,034",100% bearish,of 1 rating,$4.25
GLUU,$4.21,1440516089112,"417,736",92% bullish,of 26 ratings,$9
GOGO,$15.3,1440516089142,"368,282",80% bullish,of 5 ratings,$25
GLYC,$7.12,1440516089168,"11,888",50% bullish,of 2 ratings,$14
GLNG,$34.64,1440516089249,"152,641",83% bullish,of 6 ratings,$58
GMLP,$18.15,1440516089297,"106,700",50% bullish,of 4 ratings,$32.50
GOGL,$2.7,1440516089466,"92,450",75% bullish,of 4 ratings,$5
GLDC,NULL,1440516089498,0,50% bullish,of 2 ratings,N/A
GBDC,$16.585,1440516089530,"47,610",Not yet rated,NULL,$17.75
GOOG,$614.7567,1440516089552,"586,940",89% bullish,of 70 ratings,$825
GDEN,$8.98,1440516089574,618,50% bullish,of 2 ratings,N/A
GOOGL,$644.47,1440516089627,"615,871",88% bullish,of 1080 ratings,$749
GTIM,$6.6175,1440516089705,"14,555",Not yet rated,NULL,$11.50
GMAN,$4.3399,1440516089734,"17,462",60% bullish,of 5 ratings,$8.50
GPIA,NULL,1440516089905,0,Not yet rated,NULL,N/A
GPRO,$50.0286,1440516089947,"1,988,714",78% bullish,of 58 ratings,$72
GPIAU,$9.98,1440516090009,"1,200",Not yet rated,NULL,N/A
GRVY,$3.2899,1440516090114,"1,100",50% bullish,of 2 ratings,N/A
GBSNU,NULL,1440516090136,0,NULL,NULL,NULL
GPIAW,NULL,1440516090194,0,Not yet rated,NULL,N/A
GBSN,$0.7302,1440516090284,"1,547,512",100% bearish,of 1 rating,$8.25
GLDD,$5.2301,1440516090325,"34,417",100% bearish,of 4 ratings,$7.75
LOPE,$36.51,1440516090350,"41,623",100% bearish,of 2 ratings,$50
GNBC,$11.25,1440516090482,"18,488",100% bearish,of 1 rating,$17
GSBC,$38.87,1440516090535,"7,870",100% bullish,of 1 rating,$44
GRBK,$12,1440516090563,"61,264",77% bullish,of 13 ratings,N/A
GPRE,$18.667,1440516090590,"122,564",67% bullish,of 6 ratings,$28.50
GPP,$14.3315,1440516090627,"3,460",Not yet rated,NULL,$20.50
GLRE,$24.24,1440516090775,"38,321",50% bullish,of 2 ratings,$41
GCBC,NULL,1440516090800,0,100% bullish,of 1 rating,N/A
GRIF,NULL,1440516090970,0,100% bearish,of 1 rating,N/A
GRFS,$30.985,1440516090996,"45,844",50% bullish,of 2 ratings,$35
GRPN,$4.12,1440516091025,"1,247,063",61% bullish,of 71 ratings,$6.75
GGAL,$18.38,1440516091073,"48,421",80% bullish,of 5 ratings,$40
GSIG,$12.43,1440516091129,"19,005",100% bearish,of 2 ratings,N/A
GTXI,$0.8384,1440516091219,"45,837",100% bullish,of 5 ratings,$.75
GSIT,$4.709,1440516091278,"44,406",100% bearish,of 1 rating,N/A
OMAB,$39.68,1440516091305,"11,059",100% bullish,of 1 rating,$44
GBNK,$15.18,1440516091442,"8,000",100% bearish,of 1 rating,$18
GFED,$14.61,1440516091494,700,Not yet rated,NULL,$17
GSVC,$8.59,1440516091542,"16,125",50% bullish,of 2 ratings,$14.50
GULTU,$0.283,1440516091700,"9,302",100% bearish,of 1 rating,N/A
GUID,$7.1059,1440516091733,"33,462",100% bearish,of 3 ratings,$10
GURE,$1.6101,1440516091839,"33,708",88% bullish,of 8 ratings,N/A
GPOR,$33.8001,1440516091903,"309,537",75% bullish,of 4 ratings,$55
GIFI,$11.66,1440516091974,"14,750",100% bearish,of 1 rating,$16
GWPH,$102.6718,1440516092002,"35,578",78% bullish,of 9 ratings,$148.50
HEES,$16.5057,1440516092038,"69,950",67% bearish,of 3 ratings,$31
GWGH,$7.28,1440516092063,100,100% bearish,of 1 rating,$15.05
GYRO,$2.89,1440516092133,"5,850",100% bearish,of 1 rating,N/A
HLG,NULL,1440516092234,0,100% bearish,of 1 rating,N/A
HNRG,$7.2225,1440516092337,"22,198",100% bearish,of 1 rating,$10
HALL,$11.42,1440516092377,"8,111",Not yet rated,NULL,N/A
HBK,$13.75,1440516092462,200,50% bullish,of 2 ratings,N/A
HALO,$17.03,1440516092504,"384,656",67% bullish,of 3 ratings,$22.50
HMPR,$1.8401,1440516092531,"10,062",100% bullish,of 1 rating,N/A
HBHC,$25.85,1440516092709,"190,217",50% bullish,of 2 ratings,$30
HBHCL,$24.1,1440516092758,"8,410",Not yet rated,NULL,N/A
HAFC,$23.733,1440516092785,"39,822",100% bullish,of 2 ratings,$28.50
HNH,$25.9,1440516092818,847,100% bullish,of 1 rating,N/A
HNSN,$0.5,1440516092857,"11,863",88% bullish,of 8 ratings,$.40
HDNG,$9.77,1440516092921,"3,169",50% bullish,of 4 ratings,N/A
HQCL,$9.35,1440516093055,"11,840",67% bullish,of 3 ratings,$14
HLIT,$5.51,1440516093081,"123,165",100% bearish,of 1 rating,$6.50
HRMN,NULL,1440516093167,0,Not yet rated,NULL,N/A
HRMNU,NULL,1440516093266,0,Not yet rated,NULL,N/A
HRMNW,NULL,1440516093291,0,Not yet rated,NULL,N/A
TINY,$2.5286,1440516093319,"35,540",50% bullish,of 2 ratings,$5.26
HART,$0.86,1440516093547,"43,047",100% bearish,of 1 rating,N/A
HAS,$73.185,1440516093708,"550,551",63% bullish,of 8 ratings,$84.50
HBIO,$4.36,1440516093738,"16,020",Not yet rated,NULL,$10
HCAP,$12.27,1440516093760,603,50% bullish,of 2 ratings,$15
HA,$22.7601,1440516093796,"151,042",67% bullish,of 9 ratings,$27
HCAPL,$25.47,1440516093824,100,Not yet rated,NULL,N/A
HCOM,$22.11,1440516093852,"2,400",100% bearish,of 1 rating,$28
HWKN,$36.38,1440516093891,"2,603",Not yet rated,NULL,N/A
HWBK,$13.12,1440516094058,300,100% bearish,of 1 rating,N/A
HDS,$32.19,1440516094244,"637,180",100% bearish,of 2 ratings,$39.50
HAYN,$36.49,1440516094270,"5,969",100% bearish,of 1 rating,$59
HIIQ,$4.4395,1440516094301,"16,479",50% bullish,of 2 ratings,$7
HCSG,$32.49,1440516094323,"36,850",50% bullish,of 4 ratings,$35
HQY,$28.78,1440516094405,"22,617",67% bullish,of 3 ratings,$31
HSTM,$24.475,1440516094458,"25,521",50% bullish,of 2 ratings,$33.75
HWAY,$11.76,1440516094484,"62,890",100% bearish,of 1 rating,$15
HTLD,$20.07,1440516094542,"79,746",Not yet rated,NULL,$22.50
HTLF,$35.05,1440516094709,"1,953",100% bullish,of 1 rating,$39.50
HSII,$19.89,1440516094742,"35,297",100% bullish,of 3 ratings,$25
HTBX,$5.17,1440516094769,"3,400",50% bullish,of 2 ratings,$15.50
HTWR,$81.92,1440516094802,"93,851",50% bullish,of 2 ratings,$103
HMNY,$2.21,1440516094837,553,100% bearish,of 1 rating,N/A
HELE,$84.89,1440516094903,"40,280",67% bearish,of 3 ratings,$100
HMTV,$13.29,1440516095036,"22,889",100% bearish,of 1 rating,$16
HERO,NULL,1440516095163,0,NULL,NULL,NULL
HNNA,$24.5001,1440516095190,"2,776",Not yet rated,NULL,N/A
HSIC,$136,1440516095217,"75,372",83% bullish,of 6 ratings,$146
HCACU,$9.95,1440516095346,6,Not yet rated,NULL,N/A
HEOP,$7.5,1440516095372,"6,573",Not yet rated,NULL,$8.50
HFWA,$17.22,1440516095422,"19,712",100% bullish,of 1 rating,$20
HTBK,$10.4989,1440516095447,"6,300",Not yet rated,NULL,$12
HCCI,$11.34,1440516095580,482,100% bearish,of 1 rating,$16.50
HSKA,$32.2901,1440516095709,"14,454",100% bearish,of 1 rating,$38
MLHR,$27.06,1440516095740,"81,030",50% bullish,of 2 ratings,$33.50
HRTX,$34.7387,1440516095766,"137,667",67% bullish,of 6 ratings,$41
HFFC,$15.99,1440516095840,"1,100",Not yet rated,NULL,N/A
HIBB,$38.01,1440516095874,"71,554",100% bearish,of 1 rating,$48.50
HPJ,$2.185,1440516095900,"8,955",75% bullish,of 4 ratings,$12.43
HIHO,$3.75,1440516095971,"3,964",Not yet rated,NULL,N/A
HIMX,$6.36,1440516096140,"293,690",86% bullish,of 21 ratings,$8.50
HSGX,$5.63,1440516096187,"1,100",100% bearish,of 1 rating,$17
HIFS,$115.605,1440516096218,980,Not yet rated,NULL,N/A
HMNF,NULL,1440516096320,0,Not yet rated,NULL,N/A
HMSY,$10,1440516096392,"907,384",67% bullish,of 3 ratings,$19.35
HBCP,$24.83,1440516096424,200,Not yet rated,NULL,$29
HOLX,$39,1440516096451,"493,848",67% bullish,of 3 ratings,$42
HOLI,$17.48,1440516096527,"136,358",50% bullish,of 4 ratings,$27
HFBL,$22,1440516096608,400,Not yet rated,NULL,N/A
HOMB,$37.29,1440516096659,"38,087",Not yet rated,NULL,$41
AWAY,$28.56,1440516096684,"209,020",67% bullish,of 3 ratings,$36
HMIN,$27.2301,1440516096837,"74,256",100% bearish,of 2 ratings,$35
HMST,$21.23,1440516096863,"37,494",100% bullish,of 2 ratings,$27
HKTV,$4.5,1440516096888,"70,820",100% bearish,of 1 rating,N/A
HTBI,$17.91,1440516097052,"11,519",67% bullish,of 3 ratings,$18.625
HFBC,$11.15,1440516097121,"2,513",Not yet rated,NULL,N/A
CETC,$0.7486,1440516097182,"11,105",86% bullish,of 7 ratings,N/A
HOFT,$23.505,1440516097207,"28,498",100% bearish,of 1 rating,N/A
HBNC,$23.09,1440516097232,"6,341",100% bullish,of 1 rating,$27
HZNP,$28.875,1440516097260,"701,948",85% bullish,of 20 ratings,$40
HRZN,$10.045,1440516097441,"139,827",100% bearish,of 1 rating,$14.25
HDP,$24.44,1440516097473,"60,992",67% bearish,of 3 ratings,$30.50
ZINC,$6.885,1440516097499,"143,026",100% bearish,of 1 rating,$17
HWCC,$7.3399,1440516097688,"11,578",100% bearish,of 1 rating,$9
HMHC,$22.74,1440516097713,"169,599",Not yet rated,NULL,$27
HOVNP,NULL,1440516097739,0,100% bearish,of 1 rating,N/A
HBMD,$13.55,1440516097760,100,100% bearish,of 1 rating,N/A
HSNI,$60.44,1440516097927,"76,869",Not yet rated,NULL,$80
HCBK,$9.35,1440516098001,"496,394",83% bullish,of 6 ratings,$8.61
HTGM,$5.69,1440516098082,"1,200",100% bearish,of 1 rating,$19.50
HUBG,$37.905,1440516098111,"19,582",100% bearish,of 1 rating,$43
HSON,$2.62,1440516098332,"7,505",100% bearish,of 1 rating,$5
HDSN,$3.0299,1440516098361,"4,378",100% bullish,of 1 rating,$6.25
HURC,$28.6697,1440516098386,"3,914",100% bearish,of 1 rating,N/A
HBANP,$1325,1440516098422,66,100% bearish,of 1 rating,N/A
HBAN,$10.62,1440516098447,"2,717,214",76% bullish,of 17 ratings,$12.29
HURN,$72.97,1440516098594,"38,888",50% bullish,of 2 ratings,$80
HTCH,$1.5,1440516098661,"14,379",100% bearish,of 1 rating,$3.50
HDRA,$9.66,1440516098692,"2,200",Not yet rated,NULL,N/A
HBP,$3.11,1440516098720,"13,400",100% bullish,of 1 rating,N/A
HYGS,$7.45,1440516098852,"9,378",50% bullish,of 2 ratings,$13
HDRAR,NULL,1440516098880,0,Not yet rated,NULL,N/A
HDRAU,NULL,1440516098928,0,Not yet rated,NULL,N/A
HDRAW,NULL,1440516098954,0,Not yet rated,NULL,N/A
IACI,$69.5,1440516099128,"205,551",75% bullish,of 4 ratings,$90
IDSY,$3.9,1440516099156,"3,946",100% bearish,of 1 rating,$7
IKGH,$1.62,1440516099181,"19,700",75% bullish,of 4 ratings,N/A
IBKC,$58.8,1440516099315,"45,158",100% bullish,of 1 rating,$70
ICFI,$34.06,1440516099342,"8,769",50% bullish,of 2 ratings,$48.50
ICAD,$3.365,1440516099371,"9,912",50% bullish,of 2 ratings,$7.25
IEP,$68.4899,1440516099393,"64,763",75% bullish,of 4 ratings,$99
ICON,$12.835,1440516099566,"188,552",50% bullish,of 2 ratings,$18.50
ICLR,$78.1,1440516099594,"122,583",100% bearish,of 3 ratings,$85
IPWR,$7,1440516099622,"6,833",100% bullish,of 1 rating,$15
ICUI,$110.93,1440516099644,"14,092",Not yet rated,NULL,$122
IDRA,$2.66,1440516099793,"394,049",89% bullish,of 9 ratings,$6.50
INVE,$4.4,1440516099834,"30,527",75% bullish,of 4 ratings,$4
DSKY,$11.3156,1440516099926,"172,797",67% bullish,of 6 ratings,$11.50
IROQ,$16.7,1440516099954,"1,610",100% bullish,of 1 rating,N/A
IDXX,$72.099,1440516099976,"103,197",100% bearish,of 1 rating,$77
IRG,$4.56,1440516100025,"4,066",100% bearish,of 1 rating,$4.50
RXDX,$12.8732,1440516100123,"39,782",100% bullish,of 1 rating,$20
IIVI,$16.99,1440516100196,"22,081",100% bearish,of 1 rating,$22
ILMN,$197.83,1440516100282,"237,823",80% bullish,of 5 ratings,$240
KANG,$14.43,1440516100338,"156,257",50% bullish,of 2 ratings,$22.55
IKNX,NULL,1440516100378,0,100% bearish,of 1 rating,N/A
IKAN,$2.72,1440516100410,"20,190",83% bullish,of 6 ratings,$5
ICCC,$7.69,1440516100543,"3,570",100% bullish,of 1 rating,N/A
ISNS,$3.96,1440516100595,"25,301",50% bullish,of 2 ratings,N/A
IMGN,$13.19,1440516100676,"277,378",75% bullish,of 4 ratings,$17.50
IMDZ,$14.43,1440516100746,"13,600",100% bearish,of 1 rating,$33
IMNP,$1.2301,1440516100814,"39,619",50% bullish,of 2 ratings,$6
IMMU,$1.84,1440516100846,"157,638",86% bullish,of 7 ratings,$2
IMMR,$11.4,1440516100868,"45,911",80% bullish,of 5 ratings,$15.50
IMMY,$7.25,1440516100950,"2,128",100% bearish,of 1 rating,$11
IPXL,$41.89,1440516101131,"98,682",67% bullish,of 3 ratings,$46.50
INCR,$41.72,1440516101164,"178,656",50% bullish,of 2 ratings,$53
SAAS,$7.14,1440516101190,"107,445",50% bullish,of 2 ratings,$15
INDB,$44.17,1440516101230,"26,266",Not yet rated,NULL,$44
INCY,$103.44,1440516101259,"232,173",50% bullish,of 6 ratings,$125.50
IBCP,$13.88,1440516101360,"23,007",100% bullish,of 1 rating,$14.50
IBTX,$39.7099,1440516101415,"42,768",100% bullish,of 2 ratings,$47.25
IDSA,NULL,1440516101440,0,Not yet rated,NULL,N/A
INFN,$20.95,1440516101575,"427,448",71% bullish,of 7 ratings,$28
INFI,$8.61,1440516101603,"108,471",50% bullish,of 4 ratings,$18
IPCC,$79.485,1440516101625,"5,877",Not yet rated,NULL,$77.50
III,$4.04,1440516101654,"55,430",57% bullish,of 7 ratings,$6
IMKTA,$51.255,1440516101804,"34,657",100% bearish,of 1 rating,N/A
IFON,$1.19,1440516101830,"6,390",75% bullish,of 4 ratings,N/A
INWK,$7.085,1440516101909,"23,083",50% bullish,of 2 ratings,$10
INNL,NULL,1440516101971,0,100% bearish,of 1 rating,$16.50
IOSP,$46.75,1440516102045,"46,328",100% bearish,of 1 rating,N/A
INOD,$2.54,1440516102103,"1,300",100% bearish,of 1 rating,N/A
IPHS,$46.24,1440516102129,"25,455",100% bearish,of 1 rating,$60
ISSC,NULL,1440516102150,0,67% bearish,of 3 ratings,N/A
INGN,$46.1965,1440516102182,"54,098",100% bearish,of 1 rating,$50.50
ITEK,$12.47,1440516102323,"270,719",100% bearish,of 3 ratings,$20
INOV,$21,1440516102349,"160,091",100% bearish,of 1 rating,$33
INO,$6.8,1440516102427,"327,778",89% bullish,of 18 ratings,$20
NSIT,$24.93,1440516102488,"30,063",50% bullish,of 2 ratings,N/A
INSM,$23.0395,1440516102590,"116,979",71% bullish,of 7 ratings,$31.50
ISIG,$2.6,1440516102659,52,100% bearish,of 1 rating,N/A
IIIN,$16.7011,1440516102687,"6,609",100% bearish,of 2 ratings,N/A
PODD,$28.395,1440516102870,"64,666",67% bearish,of 3 ratings,$35
INSY,$33.31,1440516102897,"151,302",75% bullish,of 4 ratings,$48
NTEC,$5.9,1440516102924,"2,203",100% bearish,of 1 rating,N/A
IART,$59.93,1440516102954,"55,063",100% bearish,of 1 rating,$71.50
IESC,$7.14,1440516103057,"1,800",100% bearish,of 1 rating,N/A
IDTI,$17.49,1440516103125,"355,181",60% bullish,of 5 ratings,$25
IQNT,$18.31,1440516103232,"47,715",86% bullish,of 7 ratings,$20
ISSI,$22.11,1440516103262,"22,068",67% bullish,of 3 ratings,$19.75
INTC,$26.9411,1440516103299,"9,077,942",82% bullish,of 238 ratings,$36
IPAR,$25.33,1440516103395,"10,991",67% bullish,of 3 ratings,$38
IPCI,$2.17,1440516103422,"13,495",67% bullish,of 6 ratings,$8
IBKR,$37.785,1440516103483,"308,886",100% bullish,of 1 rating,N/A
ININ,$36.27,1440516103555,"16,686",67% bearish,of 3 ratings,$57
ICLD,$1.785,1440516103714,"62,194",75% bullish,of 4 ratings,N/A
ICPT,$187,1440516103781,"65,885",70% bullish,of 10 ratings,$359.50
ICLDW,NULL,1440516103811,0,100% bearish,of 1 rating,N/A
IDCC,$48.1,1440516103841,"109,271",80% bullish,of 5 ratings,$63
IMI,$2,1440516103913,"5,096",67% bullish,of 3 ratings,$2.22
TILE,$24.17,1440516103938,"156,639",67% bearish,of 3 ratings,$27
INAP,$7.825,1440516103989,"49,933",75% bullish,of 4 ratings,$11
IBOC,$24.75,1440516104091,"30,685",100% bearish,of 1 rating,N/A
ISCA,$31.09,1440516104154,"15,154",100% bearish,of 1 rating,N/A
PTNT,NULL,1440516104227,0,Not yet rated,NULL,N/A
IIJI,$9.55,1440516104255,100,50% bullish,of 2 ratings,$11.50
IGLD,$6.53,1440516104284,"6,665",50% bullish,of 2 ratings,N/A
XENT,$25.38,1440516104387,"61,269",50% bullish,of 2 ratings,$36.50
INPH,$0.3,1440516104414,"6,600",50% bullish,of 2 ratings,N/A
INTX,$2.12,1440516104557,112,67% bullish,of 3 ratings,N/A
ISIL,$10.14,1440516104648,"109,716",50% bullish,of 6 ratings,$15
IILG,$19.405,1440516104687,"16,050",100% bearish,of 1 rating,$29
IVAC,$4.7511,1440516104742,"4,116",100% bearish,of 1 rating,$6.625
INTL,$26.26,1440516104837,"20,170",67% bearish,of 3 ratings,N/A
INTLL,$25.5,1440516104864,"1,100",Not yet rated,NULL,N/A
ITCI,$26.49,1440516104941,"215,167",75% bearish,of 4 ratings,$40
INTU,$85.58,1440516105078,"524,101",86% bullish,of 7 ratings,$107.50
IIN,$6.0001,1440516105106,524,100% bearish,of 1 rating,$12
INVT,$0.2783,1440516105134,"20,850",67% bullish,of 3 ratings,N/A
ISRG,$508.5625,1440516105156,"69,502",67% bullish,of 3 ratings,$600
SNAK,$8.27,1440516105285,"44,042",50% bullish,of 2 ratings,$14
ISTR,$15.75,1440516105311,402,100% bearish,of 1 rating,$18.50
ISBC,$11.575,1440516105376,"546,759",100% bullish,of 1 rating,$13.25
ITIC,$71.5,1440516105460,100,100% bearish,of 2 ratings,N/A
NVIV,$10.07,1440516105487,"115,628",50% bullish,of 4 ratings,$24.50
IVTY,$12.1499,1440516105622,"1,629",Not yet rated,NULL,$18
IPAS,$1.0321,1440516105651,"5,800",67% bullish,of 3 ratings,N/A
DTUL,NULL,1440516105677,0,Not yet rated,NULL,N/A
DFVL,NULL,1440516105757,0,Not yet rated,NULL,N/A
IPGP,$83.865,1440516105814,"55,576",100% bearish,of 2 ratings,$109.50
IPCM,$79.2,1440516105890,"348,554",50% bullish,of 2 ratings,$80.125
IRMD,$24.565,1440516105915,"7,680",67% bearish,of 3 ratings,$25
IRDMB,$274.21,1440516106080,"1,134",67% bearish,of 3 ratings,N/A
IRIX,$6.8399,1440516106110,"2,300",100% bearish,of 1 rating,N/A
IRBT,$28.7992,1440516106131,"55,171",67% bullish,of 6 ratings,$37
IRDM,$6.74,1440516106153,"194,673",60% bullish,of 5 ratings,$11.50
IRWD,$10.97,1440516106286,"200,876",100% bearish,of 1 rating,$13
IRCP,$26,1440516106328,300,100% bullish,of 2 ratings,N/A
COMT,$31.6,1440516106358,"7,055",100% bearish,of 1 rating,N/A
IFGL,$28.6899,1440516106465,"18,553",Not yet rated,NULL,N/A
FCHI,NULL,1440516106489,0,NULL,NULL,NULL
IFEU,$38.39,1440516106514,"9,274",Not yet rated,NULL,N/A
GNMA,$50.2081,1440516106541,"1,423",Not yet rated,NULL,N/A
IFAS,NULL,1440516106563,0,NULL,NULL,NULL
IFNA,NULL,1440516106721,0,NULL,NULL,NULL
ACWX,$40.544,1440516106851,"329,840",100% bearish,of 1 rating,N/A
AXJS,NULL,1440516106883,0,NULL,NULL,NULL
AAIT,NULL,1440516106902,0,NULL,NULL,NULL
AAXJ,$52.78,1440516106923,"653,259",Not yet rated,NULL,N/A
EMDI,NULL,1440516106942,0,NULL,NULL,NULL
ACWI,$55.32,1440516106981,"1,713,311",Not yet rated,NULL,N/A
EEMA,$49.802,1440516107009,"6,929",Not yet rated,NULL,N/A
EMEY,NULL,1440516107141,0,NULL,NULL,NULL
EGRW,NULL,1440516107169,0,NULL,NULL,NULL
EEME,NULL,1440516107195,0,NULL,NULL,NULL
EVAL,NULL,1440516107297,0,NULL,NULL,NULL
EEML,$26.74,1440516107362,"1,000",Not yet rated,NULL,N/A
IEUS,$45.8399,1440516107472,"1,405",100% bearish,of 1 rating,N/A
QAT,NULL,1440516107500,0,Not yet rated,NULL,N/A
UAE,$17.15,1440516107531,"5,444",Not yet rated,NULL,N/A
EUFN,$22.01,1440516107560,"42,942",100% bearish,of 1 rating,N/A
IBB,$335.21,1440516107586,"584,882",63% bullish,of 8 ratings,N/A
SOXX,$78.84,1440516107754,"108,732",50% bullish,of 2 ratings,N/A
ICLN,$9.3301,1440516107782,"13,596",50% bullish,of 2 ratings,N/A
WOOD,$47.45,1440516107808,"118,557",50% bullish,of 2 ratings,N/A
EMIF,$28.07,1440516107829,"1,341",Not yet rated,NULL,N/A
ISHG,$80.66,1440516107958,"5,430",100% bearish,of 1 rating,N/A
INDY,$27.41,1440516107986,"119,522",50% bullish,of 2 ratings,N/A
IGOV,$92.03,1440516108011,"20,325",100% bearish,of 1 rating,N/A
ISIS,$46.67,1440516108223,"381,298",53% bullish,of 15 ratings,$67
ITRI,$30.76,1440516108253,"40,290",Not yet rated,NULL,$37
ISRL,$125,1440516108274,200,100% bearish,of 1 rating,N/A
ISLE,$16.58,1440516108309,"91,318",50% bullish,of 4 ratings,$16
ITUS,$4,1440516108413,101,Not yet rated,NULL,N/A
IXYS,$10.38,1440516108443,"35,122",50% bullish,of 4 ratings,N/A
XXIA,$15.0197,1440516108471,"61,436",71% bullish,of 7 ratings,$14.625
ITRN,$23.8539,1440516108496,990,50% bullish,of 2 ratings,N/A
MAYS,NULL,1440516108751,0,Not yet rated,NULL,N/A
JJSF,$111.16,1440516108777,"6,544",100% bearish,of 1 rating,N/A
JBHT,$74.83,1440516108821,"176,022",50% bullish,of 4 ratings,$89.50
JASO,$7.245,1440516108909,"286,561",82% bullish,of 17 ratings,$10
JACK,$79.87,1440516108952,"164,625",83% bullish,of 6 ratings,$105
JCOM,$68,1440516108978,"57,853",100% bullish,of 2 ratings,$77
JXSB,$23.72,1440516109007,200,Not yet rated,NULL,N/A
JKHY,$67.3,1440516109032,"62,974",50% bullish,of 2 ratings,$72
JAGX,$2.59,1440516109613,600,Not yet rated,NULL,N/A
JAXB,$13.33,1440516109684,100,100% bullish,of 1 rating,N/A
JMBA,$12.96,1440516109715,"19,701",75% bullish,of 4 ratings,$18
JAKK,$9.4,1440516109736,"62,009",60% bearish,of 5 ratings,$11
JAZZ,$166.731,1440516109767,"99,708",80% bullish,of 15 ratings,$206.50
JRVR,$26.44,1440516109792,"5,208",Not yet rated,NULL,$32
JASN,$4.77,1440516109817,"6,900",50% bullish,of 2 ratings,$9.50
JASNW,NULL,1440516110034,0,50% bullish,of 2 ratings,N/A
ERW,NULL,1440516110060,0,Not yet rated,NULL,N/A
JD,$26.04,1440516110091,"3,089,230",75% bullish,of 16 ratings,$36
JCTCF,NULL,1440516110131,0,100% bullish,of 1 rating,N/A
JTPY,$2.96,1440516110198,456,100% bearish,of 1 rating,N/A
JBLU,$22.569,1440516110225,"2,322,938",94% bullish,of 18 ratings,$27
DATE,$5.64,1440516110255,"220,571",75% bullish,of 4 ratings,$9
JST,$3.7675,1440516110299,"5,586",75% bullish,of 4 ratings,N/A
JIVE,$4.18,1440516110406,"88,667",75% bullish,of 4 ratings,$5
JOEZ,$0.1791,1440516110733,"104,390",92% bullish,of 12 ratings,N/A
JNP,$9.69,1440516110758,"6,570",100% bullish,of 3 ratings,$15
JOUT,$22,1440516110785,"8,789",100% bearish,of 1 rating,$34
JBSS,$51.62,1440516110813,"8,703",67% bearish,of 3 ratings,N/A
KBIO,$1.813,1440516110847,"3,466",50% bullish,of 4 ratings,N/A
WYIGU,$10,1440516110869,"2,500",Not yet rated,NULL,N/A
JUNO,$36.55,1440516110945,"377,162",73% bullish,of 11 ratings,$71.50
KALU,$79.88,1440516110970,"31,800",67% bearish,of 3 ratings,$91
KTWO,$21.26,1440516111202,"50,616",100% bearish,of 1 rating,$28.50
KCLI,$46.51,1440516111258,"4,999",Not yet rated,NULL,N/A
KMDA,$3.35,1440516111279,"1,800",50% bullish,of 2 ratings,$8
KNDI,$6.29,1440516111302,"159,254",86% bullish,of 22 ratings,N/A
KPTI,$13.22,1440516111336,"122,941",67% bearish,of 3 ratings,$39
KBSF,NULL,1440516111367,0,100% bullish,of 1 rating,N/A
KCAP,$4.48,1440516111432,"76,942",75% bullish,of 4 ratings,$6
KELYB,NULL,1440516111634,0,50% bullish,of 2 ratings,N/A
KMPH,$19.038,1440516111660,"16,294",100% bearish,of 2 ratings,$22
KFFB,$8.6,1440516111685,"1,100",100% bearish,of 1 rating,N/A
KRNY,$11.1,1440516111715,"144,152",100% bearish,of 1 rating,$12
KELYA,$13.85,1440516111736,"26,928",67% bullish,of 6 ratings,$20
KERX,$5.6601,1440516111898,"222,353",82% bullish,of 11 ratings,$12
GMCR,$52.375,1440516111957,"533,217",71% bullish,of 42 ratings,$64
KEQU,$16.7,1440516111993,"1,200",100% bullish,of 1 rating,N/A
