Symbol,Price,Date,Volume,Rating,RatingVoteCount,OneYearEstimate
FLWS,$8.43,1441131602256,"217,952",80% bullish,of 5 ratings,$15
TFSCU,NULL,1441131602333,0,Not yet rated,NULL,N/A
PIH,$7.61,1441131602361,"2,450",100% bearish,of 1 rating,N/A
FCTY,$7.98,1441131602382,"1,500",100% bullish,of 1 rating,$8.50
TFSCW,$0.26,1441131602412,"1,600",100% bearish,of 1 rating,N/A
TFSCR,NULL,1441131602432,0,Not yet rated,NULL,N/A
FCCY,$11.575,1441131602453,514,100% bullish,of 1 rating,$13
TFSC,NULL,1441131602484,0,100% bearish,of 1 rating,N/A
VNET,$17.31,1441131602617,"261,690",60% bullish,of 5 ratings,$35
SRCE,$29.29,1441131602718,"13,907",100% bullish,of 3 ratings,$33
DSLV,$68.77,1441131602850,"7,458",100% bearish,of 1 rating,N/A
DGLD,$80.02,1441131602885,"7,103",100% bullish,of 1 rating,N/A
USLV,$12.54,1441131602947,"98,881",86% bullish,of 7 ratings,N/A
TWOU,$34.21,1441131602979,"104,989",50% bullish,of 2 ratings,$39
UGLD,$9.442,1441131603013,"166,906",100% bearish,of 1 rating,N/A
JOBS,$25.49,1441131603081,"73,872",50% bullish,of 4 ratings,$36
SHLM,$33.4699,1441131603345,"28,325",100% bearish,of 1 rating,$47
AVHI,$13.97,1441131603377,"8,352",100% bearish,of 1 rating,$19
EGHT,$7.67,1441131603407,"162,639",82% bullish,of 17 ratings,$11
SIXD,$2.61,1441131603428,"63,401",Not yet rated,NULL,N/A
AAON,$19.995,1441131603490,"38,628",100% bearish,of 1 rating,$24
CAFD,$14.65,1441131603510,"73,119",Not yet rated,NULL,$25
ABAX,$46.84,1441131603540,"112,503",100% bearish,of 1 rating,$60
ABY,$21.945,1441131603594,"308,546",100% bearish,of 2 ratings,$46
ABGB,$5.75,1441131603763,"45,452",67% bullish,of 3 ratings,$5.50
ABEO,$4.625,1441131603789,"61,175",50% bullish,of 4 ratings,$15.50
ABMD,$92.781,1441131603847,"211,496",75% bullish,of 4 ratings,$100.50
ABEOW,$1.6001,1441131603919,550,100% bullish,of 1 rating,N/A
AXAS,$1.8001,1441131604084,"638,939",78% bullish,of 9 ratings,$3.50
AXDX,$19.6,1441131604188,"63,277",100% bearish,of 1 rating,N/A
ACST,$0.3377,1441131604209,"9,101",100% bullish,of 2 ratings,N/A
ACAD,$36.11,1441131604246,"283,864",80% bullish,of 20 ratings,$48
ACHC,$70.795,1441131604267,"153,868",50% bullish,of 2 ratings,$92
ACTG,$9.05,1441131604288,"108,150",67% bullish,of 3 ratings,$18.50
XLRN,$28.73,1441131604335,"31,989",50% bullish,of 2 ratings,$57
ANCX,$19.965,1441131604423,"7,290",Not yet rated,NULL,$20
ARAY,$6.725,1441131604471,"215,194",100% bearish,of 1 rating,$10.50
VXDN,$1.68,1441131604597,"121,644",100% bearish,of 1 rating,N/A
VXUP,$1.8,1441131604696,"89,446",100% bearish,of 1 rating,N/A
AKAO,$6.92,1441131604795,"13,734",75% bullish,of 4 ratings,$15
ACET,$21.99,1441131604830,"32,710",75% bullish,of 4 ratings,$30
ACRX,$4.35,1441131604855,"147,034",67% bearish,of 6 ratings,$5.50
ACHN,$7.123,1441131604881,"818,980",90% bullish,of 21 ratings,$16
ACIW,$20.96,1441131604931,"130,622",67% bearish,of 3 ratings,$24
ACNB,$19.9099,1441131604961,"2,707",Not yet rated,NULL,N/A
ACOR,$31.6,1441131605062,"285,398",67% bearish,of 3 ratings,$38.50
ATVI,$27.765,1441131605161,"3,727,929",67% bullish,of 84 ratings,$31.50
ACTS,$1.64,1441131605195,"5,708",100% bearish,of 1 rating,N/A
ACTA,$13.9,1441131605221,"39,702",67% bearish,of 3 ratings,$25
ACPW,$1.9501,1441131605297,"30,529",100% bullish,of 4 ratings,$3.25
ACUR,$2.8903,1441131605428,"8,459",100% bullish,of 5 ratings,$5
ACXM,$20.55,1441131605457,"83,324",67% bullish,of 3 ratings,N/A
ADMS,$19.83,1441131605562,"26,093",100% bearish,of 2 ratings,$36
ADMP,$3.65,1441131605641,"6,952",50% bullish,of 2 ratings,$10
ADUS,$28.15,1441131605695,"25,067",100% bearish,of 1 rating,$31
ADAP,$11.52,1441131605724,"58,596",67% bullish,of 3 ratings,$22
AEY,$2.39,1441131605768,"7,665",100% bearish,of 2 ratings,N/A
ADMA,$9.15,1441131605832,"2,845",Not yet rated,NULL,$19
ADBE,$76.46,1441131605858,"845,260",65% bullish,of 17 ratings,$90
ADEP,$6.66,1441131605882,"57,199",50% bullish,of 2 ratings,$10.75
ADTN,$15.9,1441131605910,"119,503",67% bullish,of 3 ratings,$17.125
AEIS,$23.92,1441131606044,"73,660",50% bullish,of 2 ratings,$32.50
ADRO,$19.25,1441131606070,"111,087",80% bullish,of 5 ratings,$45.50
AMD,$1.77,1441131606095,"2,071,980",83% bullish,of 103 ratings,$2
ADXSW,$9.75,1441131606228,"6,278",100% bullish,of 1 rating,N/A
ADXS,$13.66,1441131606255,"260,936",64% bullish,of 14 ratings,$27
MULT,NULL,1441131606286,0,100% bearish,of 1 rating,N/A
YPRO,$22.95,1441131606383,"1,582",100% bearish,of 1 rating,N/A
AEGR,$17.25,1441131606488,"155,687",50% bullish,of 6 ratings,$26
AEHR,$2.38,1441131606513,"5,937",50% bullish,of 2 ratings,N/A
AEGN,$18.12,1441131606543,"45,080",100% bearish,of 2 ratings,$21
AEPI,$53.71,1441131606572,"6,325",100% bearish,of 1 rating,N/A
AMTX,$2.89,1441131606678,"4,464",50% bullish,of 2 ratings,$26.11
AERI,$15.39,1441131606711,"268,103",75% bullish,of 4 ratings,$31.50
AEZS,$0.088,1441131606811,"4,701,892",90% bullish,of 21 ratings,$1.50
AVAV,$23.46,1441131606896,"31,500",50% bullish,of 4 ratings,$31
AFMD,$9.99,1441131606946,"43,409",50% bullish,of 4 ratings,$15
AFFX,$9.05,1441131606976,"116,145",80% bullish,of 5 ratings,$12.50
AEMD,$7.4852,1441131606999,"14,493",Not yet rated,NULL,$27.50
AGEN,$6.8925,1441131607077,"238,821",85% bullish,of 13 ratings,$14
AGRX,$8.4,1441131607171,"7,770",100% bearish,of 1 rating,$17.50
AGYS,$10.14,1441131607251,"10,727",100% bearish,of 1 rating,N/A
AGIO,$84.1696,1441131607303,"99,582",88% bullish,of 8 ratings,$114
AGFSW,$2.01,1441131607330,500,100% bearish,of 2 ratings,N/A
AGFS,$9.75,1441131607361,"30,705",100% bearish,of 1 rating,N/A
AIMT,$21.48,1441131607392,"67,379",Not yet rated,NULL,$35.50
AIRT,$22.3,1441131607460,504,100% bullish,of 1 rating,N/A
AIRM,$36.09,1441131607487,"118,622",80% bearish,of 5 ratings,$53
AMCN,$4.45,1441131607712,"100,959",83% bullish,of 6 ratings,N/A
ATSG,$8.78,1441131607738,"58,306",67% bullish,of 3 ratings,$13
AIXG,$6.31,1441131607766,"3,036",67% bearish,of 3 ratings,$5.25
AKAM,$70.195,1441131607792,"678,601",63% bullish,of 8 ratings,$77.50
AKBA,$7.45,1441131607867,"140,735",100% bearish,of 1 rating,$18
AKER,$2.5486,1441131607995,120,Not yet rated,NULL,N/A
AKRX,$39.05,1441131608020,"263,449",78% bullish,of 9 ratings,$56
ALRM,$16.05,1441131608100,"82,768",100% bearish,of 1 rating,$22
ADHD,$8.21,1441131608182,"66,561",50% bullish,of 4 ratings,$18
ABDC,$12.95,1441131608214,"3,600",Not yet rated,NULL,$15
AMRI,$19.59,1441131608247,"76,978",75% bearish,of 4 ratings,$24
ALSK,$2.19,1441131608267,"52,229",78% bullish,of 18 ratings,$2
ALDR,$38.11,1441131608312,"163,502",67% bearish,of 3 ratings,$62
ALDX,$6.95,1441131608356,"3,425",100% bearish,of 1 rating,$14.50
ALXN,$171.98,1441131608525,"709,276",88% bullish,of 8 ratings,$223
ALXA,$1.21,1441131608659,"17,580",83% bullish,of 6 ratings,$2.125
ALGN,$54.41,1441131608687,"322,628",100% bearish,of 2 ratings,$73
ALIM,$3.1,1441131608710,"43,480",80% bullish,of 5 ratings,$10
ALCO,$41.92,1441131608731,"3,072",50% bullish,of 2 ratings,N/A
ALKS,$60.2041,1441131608764,"536,228",67% bullish,of 3 ratings,$75
ALGT,$196.45,1441131608902,"92,480",100% bearish,of 2 ratings,$235
ALLB,$22.82,1441131608931,202,Not yet rated,NULL,N/A
AFOP,$18.61,1441131609006,"98,915",75% bullish,of 8 ratings,$21
AIQ,$14.03,1441131609040,"5,254",67% bullish,of 3 ratings,N/A
AHGP,$35.45,1441131609076,"29,387",67% bullish,of 3 ratings,N/A
ARLP,$25.501,1441131609103,"73,504",67% bearish,of 3 ratings,$32
AHPI,$1.45,1441131609135,400,50% bullish,of 2 ratings,N/A
ALQA,$4.69,1441131609233,"19,345",75% bullish,of 4 ratings,$8.50
AMOT,$18.23,1441131609366,"54,747",100% bearish,of 1 rating,N/A
ALLT,$5.19,1441131609497,"23,164",75% bullish,of 4 ratings,$6.25
AFAM,$44,1441131609526,"36,684",50% bullish,of 2 ratings,$44
MDRX,$13.275,1441131609556,"628,483",60% bullish,of 5 ratings,$16
ALNY,$99.05,1441131609629,"307,567",67% bullish,of 3 ratings,$151.50
AOSL,$7.54,1441131609654,"26,701",67% bullish,of 3 ratings,$9
ALTR,$47.87,1441131609718,"1,047,116",80% bearish,of 5 ratings,$54
SMCP,$22.9899,1441131609775,"2,400",Not yet rated,NULL,N/A
ATEC,$0.58,1441131609826,"16,215",100% bullish,of 1 rating,$2
ASPS,$26.14,1441131609878,"105,106",67% bullish,of 3 ratings,$46.50
AIMC,$24.07,1441131609908,"35,138",100% bearish,of 2 ratings,$28.50
AMRN,$2.175,1441131609983,"635,386",85% bullish,of 39 ratings,$8
AMAG,$60.93,1441131610013,"233,997",100% bullish,of 2 ratings,$77.50
AMRK,$10.6,1441131610040,600,50% bullish,of 2 ratings,$14
AYA,$20.5,1441131610089,"10,480",100% bearish,of 1 rating,$40
AMZN,$497.317,1441131610194,"1,078,181",81% bullish,of 265 ratings,$646
AMBA,$89.62,1441131610418,"1,965,861",83% bullish,of 12 ratings,$102.50
EPAX,$2.675,1441131610444,"40,573",100% bearish,of 1 rating,N/A
AMCX,$69.79,1441131610469,"109,546",67% bullish,of 3 ratings,$87.50
AMBC,$16.08,1441131610499,"59,174",100% bearish,of 1 rating,$16.50
AMBCW,NULL,1441131610526,0,100% bearish,of 1 rating,N/A
AMDA,$0.4799,1441131610546,"250,496",90% bullish,of 10 ratings,$1
DOX,$56.24,1441131610606,"116,574",67% bearish,of 3 ratings,$60
UHAL,$366.38,1441131610859,"4,252",100% bullish,of 2 ratings,$393.50
ATAX,$5.36,1441131610889,"26,140",100% bullish,of 1 rating,$6.50
AAL,$39.4508,1441131610915,"5,911,041",93% bullish,of 88 ratings,$57
AMED,$38.6125,1441131610945,"147,069",100% bearish,of 1 rating,$42
ASBI,$22.7999,1441131610966,500,Not yet rated,NULL,N/A
AMOV,$17.85,1441131610999,"2,310",100% bearish,of 1 rating,N/A
AGNC,$19.08,1441131611050,"983,462",71% bullish,of 28 ratings,$22
AGNCP,$25.3172,1441131611281,"3,942",Not yet rated,NULL,N/A
MTGEP,$24.2745,1441131611360,550,Not yet rated,NULL,N/A
MTGE,$15.21,1441131611386,"272,938",75% bullish,of 4 ratings,$19.50
AGNCB,$24.1655,1441131611407,"13,846",Not yet rated,NULL,N/A
ACSF,$12.36,1441131611428,"12,541",100% bearish,of 1 rating,$15
ANCI,NULL,1441131611562,0,100% bearish,of 1 rating,N/A
AETI,NULL,1441131611586,0,67% bearish,of 3 ratings,N/A
ACAS,$13.63,1441131611624,"464,798",60% bullish,of 5 ratings,$16.75
AMIC,NULL,1441131611650,0,100% bearish,of 1 rating,N/A
AMRB,$9.8601,1441131611792,"3,747",Not yet rated,NULL,$11
ANAT,$98.04,1441131611865,"17,780",100% bullish,of 1 rating,N/A
AMNB,$23.32,1441131611894,"3,414",Not yet rated,NULL,$25.50
ARII,$40.2,1441131611962,"107,279",67% bearish,of 3 ratings,$45
APEI,$21.72,1441131611990,"32,739",100% bearish,of 1 rating,$25.50
ASEI,$38.82,1441131612055,"8,848",100% bearish,of 1 rating,$52.50
AMSWA,$8.76,1441131612181,"34,437",100% bearish,of 2 ratings,$10.75
AMSC,$5.09,1441131612246,"126,385",50% bullish,of 4 ratings,N/A
AMWD,$64.73,1441131612280,"40,911",50% bullish,of 2 ratings,$70
CRMT,$36.18,1441131612316,"25,103",100% bearish,of 1 rating,$39
ABCB,$26.415,1441131612423,"22,722",Not yet rated,NULL,$31
AMSF,$45.95,1441131612448,"6,819",Not yet rated,NULL,$57.50
ASRV,$3.22,1441131612476,"13,187",100% bullish,of 2 ratings,N/A
ASRVP,NULL,1441131612507,0,Not yet rated,NULL,N/A
ATLO,$23.45,1441131612608,"2,966",Not yet rated,NULL,N/A
AMGN,$148,1441131612678,"1,894,835",89% bullish,of 19 ratings,$185
FOLD,$14.45,1441131612709,"829,557",56% bullish,of 9 ratings,$21
AMKR,$5.135,1441131612811,"891,099",100% bearish,of 2 ratings,$5
AMPH,$13.32,1441131612943,"119,996",50% bullish,of 2 ratings,$20
AMSGP,$148.51,1441131612997,400,Not yet rated,NULL,N/A
AMSG,$76.01,1441131613031,"85,128",100% bearish,of 1 rating,$85.50
AFSI,$56.14,1441131613074,"188,953",60% bullish,of 5 ratings,$72
ANAD,$0.3303,1441131613129,"127,171",100% bullish,of 2 ratings,$.50
ANAC,$128.63,1441131613154,"142,750",80% bullish,of 5 ratings,$180.50
ADI,$53.74,1441131613287,"1,074,013",75% bullish,of 4 ratings,$69
AMRS,$1.785,1441131613351,"61,587",70% bullish,of 10 ratings,N/A
ASYS,$5.57,1441131613389,"15,518",67% bullish,of 3 ratings,$12
ALOG,$79.55,1441131613410,"23,063",100% bearish,of 2 ratings,$100.50
ANCB,$21.5,1441131613443,"1,100",Not yet rated,NULL,$23
ABCW,$40.04,1441131613478,"14,461",67% bullish,of 3 ratings,N/A
AMCF,$0.21,1441131613508,"7,670",100% bullish,of 7 ratings,N/A
ANGI,$5.18,1441131613638,"146,738",64% bullish,of 11 ratings,$5.50
ANGO,$14.55,1441131613737,"31,380",67% bullish,of 3 ratings,$19
ANIP,$50.97,1441131613868,"128,541",89% bullish,of 19 ratings,$66
ANIK,$35,1441131613951,"54,997",60% bullish,of 5 ratings,$51.25
ANSS,$86.37,1441131614000,"154,607",100% bearish,of 1 rating,$100
ATRS,$1.86,1441131614031,"404,013",92% bullish,of 12 ratings,$4.50
ABAC,$0.76,1441131614052,"5,628",100% bearish,of 1 rating,N/A
ANTH,$6.8,1441131614083,"310,794",80% bullish,of 10 ratings,$13
ATNY,NULL,1441131614130,0,50% bullish,of 2 ratings,$3.75
APOG,$50.065,1441131614312,"53,797",50% bullish,of 2 ratings,$67
APIC,$6.4,1441131614340,"50,757",100% bearish,of 1 rating,$19
AINV,$6.3649,1441131614373,"683,020",50% bullish,of 4 ratings,$8
APOL,$10.97,1441131614405,"459,197",87% bearish,of 68 ratings,$14
APPF,$15.47,1441131614475,"18,131",50% bullish,of 2 ratings,$22
AAPL,$109.233,1441131614508,"24,919,526",86% bullish,of 2358 ratings,$150
ARCI,$1.218,1441131614547,"1,020",Not yet rated,NULL,N/A
APDN,$3.49,1441131614755,"28,817",Not yet rated,NULL,$9
APDNW,$1.48,1441131614843,"11,080",Not yet rated,NULL,N/A
AMAT,$15.61,1441131614881,"6,345,300",82% bullish,of 11 ratings,$23
AMCC,$5.67,1441131614911,"153,215",80% bullish,of 5 ratings,$8
AGTC,$15.9,1441131614944,"32,313",50% bullish,of 2 ratings,$33
AREX,$2.325,1441131614973,"424,687",50% bullish,of 2 ratings,$3
AAOI,$19.87,1441131615004,"93,441",50% bullish,of 4 ratings,$26
APRI,$1.74,1441131615030,"698,993",83% bullish,of 6 ratings,$4.86
APTO,$5.21,1441131615108,"1,000",Not yet rated,NULL,$17
AQXP,$16.8,1441131615329,"77,924",50% bullish,of 2 ratings,$2
AQMS,$4.8,1441131615356,"7,415",Not yet rated,NULL,N/A
AUMA,$9.9,1441131615376,100,Not yet rated,NULL,N/A
AUMAU,NULL,1441131615396,0,Not yet rated,NULL,N/A
ARDM,$6.8209,1441131615529,"1,000",100% bullish,of 1 rating,$26
AUMAW,NULL,1441131615554,0,Not yet rated,NULL,N/A
ABIO,$0.9,1441131615688,"19,028",50% bullish,of 2 ratings,$3.75
RKDA,$6.285,1441131615709,"5,527",100% bearish,of 2 ratings,$10
ARCW,$3.61,1441131615766,"4,413",100% bearish,of 2 ratings,$10.50
PETX,$17.585,1441131615797,"102,247",100% bearish,of 2 ratings,$26
ABUS,$6.86,1441131615818,"202,463",86% bullish,of 14 ratings,$23
ARCB,$27.97,1441131615900,"72,152",67% bearish,of 3 ratings,$39.50
ACGL,$67.72,1441131616041,"218,233",50% bullish,of 2 ratings,$72
ACAT,$25.66,1441131616077,"27,600",100% bearish,of 3 ratings,$33
ARCC,$15.4172,1441131616150,"935,034",67% bearish,of 3 ratings,$17.75
ARDX,$18.83,1441131616175,"37,466",50% bullish,of 2 ratings,$24.50
ARNA,$2.57,1441131616200,"887,656",90% bullish,of 78 ratings,$5.50
AGII,$55.14,1441131616331,"27,575",Not yet rated,NULL,$59.50
AGIIL,$25.34,1441131616360,158,Not yet rated,NULL,N/A
ARGS,$6.19,1441131616465,"34,222",50% bullish,of 2 ratings,$19.50
ARIA,$9.1199,1441131616502,"2,445,471",87% bullish,of 46 ratings,$9
ARIS,$3.65,1441131616601,"8,556",Not yet rated,NULL,$4.50
ARKR,$24.74,1441131616629,42,50% bullish,of 2 ratings,N/A
ARMH,$41.285,1441131616650,"501,155",54% bearish,of 13 ratings,$60
ARTX,$1.48,1441131616689,"101,385",88% bullish,of 16 ratings,$4.50
ARWA,NULL,1441131616785,0,Not yet rated,NULL,N/A
ARWAR,NULL,1441131616810,0,Not yet rated,NULL,N/A
ARWAU,$10.2,1441131616888,200,100% bullish,of 1 rating,N/A
ARQL,$1.61,1441131617023,"48,415",75% bullish,of 4 ratings,$5
ARRY,$5.75,1441131617071,"543,163",100% bullish,of 7 ratings,$10
ARRS,$25.82,1441131617157,"400,375",50% bullish,of 2 ratings,$38
ARWAW,NULL,1441131617182,0,Not yet rated,NULL,N/A
DWAT,$9.6645,1441131617233,"8,900",100% bearish,of 1 rating,N/A
AROW,$27.06,1441131617263,"13,145",Not yet rated,NULL,N/A
ARTW,$3.9899,1441131617370,"11,814",75% bearish,of 4 ratings,N/A
ARWR,$5.7062,1441131617395,"283,684",75% bullish,of 4 ratings,$10.50
ASBB,$24.11,1441131617532,100,Not yet rated,NULL,N/A
ASNA,$12.025,1441131617557,"901,034",50% bullish,of 2 ratings,$18
ASND,$19.59,1441131617591,"29,507",50% bullish,of 2 ratings,$30
ASCMA,$27.37,1441131617693,"26,573",100% bearish,of 1 rating,$45
ASTI,$0.2073,1441131617825,"14,711,251",83% bullish,of 6 ratings,$3
ASMI,NULL,1441131617898,0,NULL,NULL,NULL
ASML,$89.16,1441131617982,"275,879",50% bullish,of 4 ratings,$127
APWC,$1.72,1441131618031,100,100% bearish,of 1 rating,N/A
ASFI,$8.87,1441131618115,"6,900",100% bullish,of 1 rating,N/A
ASMB,$13.71,1441131618162,"28,355",67% bullish,of 3 ratings,N/A
AZPN,$37.43,1441131618187,"143,410",50% bullish,of 2 ratings,$42
ASTE,$38.32,1441131618318,"28,986",100% bearish,of 1 rating,$49
ASTC,$2.0884,1441131618535,"15,571",100% bullish,of 5 ratings,N/A
ARTNA,$21.7925,1441131618584,"8,218",100% bearish,of 1 rating,$29
ASUR,$5.42,1441131618620,"3,448",50% bullish,of 2 ratings,$8
ALOT,$12.98,1441131618647,"1,296",100% bearish,of 1 rating,N/A
ATRO,$49.72,1441131618667,"37,945",100% bearish,of 2 ratings,$80
ATAI,$2.5501,1441131619052,"27,086",100% bearish,of 1 rating,N/A
AAPC,$10.1,1441131619081,8,Not yet rated,NULL,N/A
ATHX,$1.13,1441131619117,"61,051",89% bullish,of 9 ratings,$5
ATRA,$39.32,1441131619146,"55,525",50% bullish,of 2 ratings,$68
ATHN,$130.205,1441131619170,"79,862",67% bearish,of 3 ratings,$153
AAME,$3.59,1441131619209,"1,003",Not yet rated,NULL,N/A
AFCB,NULL,1441131619235,0,Not yet rated,NULL,N/A
ACFC,$5.395,1441131619264,"17,797",100% bearish,of 1 rating,$6.50
ATLC,$3.9,1441131619469,"2,690",67% bullish,of 3 ratings,N/A
ATNI,$71.11,1441131619496,"19,236",100% bearish,of 1 rating,$69.50
AAWW,$38.615,1441131619558,"124,041",50% bullish,of 2 ratings,$65
ATOS,$0.7602,1441131619663,"23,928",100% bullish,of 7 ratings,$7
AFH,$15.82,1441131619746,"37,537",Not yet rated,NULL,$21.50
ATRC,$23.895,1441131619794,"53,187",100% bullish,of 1 rating,$30
ATRI,$382.61,1441131619825,506,Not yet rated,NULL,N/A
ATML,$7.86,1441131619846,"5,004,371",78% bullish,of 9 ratings,$9.50
ATTU,$12.74,1441131619938,"45,070",100% bearish,of 1 rating,$20.50
LIFE,$13.8813,1441131619972,"34,345",86% bullish,of 7 ratings,$43
AUBN,$26.95,1441131619998,233,Not yet rated,NULL,N/A
ATRM,$2.72,1441131620071,400,50% bullish,of 2 ratings,N/A
AUDC,$3.34,1441131620130,"41,474",80% bullish,of 5 ratings,$5
AUPH,$3.4914,1441131620159,"44,706",100% bearish,of 1 rating,$8
EARS,$4.7,1441131620270,"13,054",100% bearish,of 2 ratings,$11
ADSK,$45.81,1441131620367,"1,583,656",67% bullish,of 6 ratings,$66
ABTL,$17.65,1441131620395,"34,393",100% bullish,of 4 ratings,$20.25
ADAT,$0.286,1441131620452,"77,724",100% bullish,of 2 ratings,N/A
AVNU,$12.58,1441131620621,"10,340",Not yet rated,NULL,$14
AVGO,$120.22,1441131620650,"1,544,862",88% bullish,of 8 ratings,$165
AAVL,$10.28,1441131620686,"122,252",100% bearish,of 1 rating,$20
AVNW,$1.18,1441131620757,"19,450",50% bullish,of 2 ratings,N/A
AVEO,$1.385,1441131620790,"394,637",75% bullish,of 8 ratings,$3
AVID,$8.36,1441131620811,"229,405",100% bearish,of 1 rating,$20
ADP,$75.39,1441131620843,"781,625",100% bearish,of 1 rating,$88
AVGR,$14.75,1441131620889,"12,004",100% bearish,of 1 rating,$20
CAR,$43.17,1441131620973,"536,886",80% bullish,of 5 ratings,$60
AWRE,$3.2275,1441131621023,"4,937",67% bullish,of 3 ratings,N/A
AXPW,$1.8199,1441131621118,"1,601,915",83% bullish,of 6 ratings,N/A
ACLS,$3.16,1441131621153,"163,494",67% bullish,of 6 ratings,$4.75
AXPWW,$1.0001,1441131621331,100,Not yet rated,NULL,N/A
AXGN,$4.64,1441131621365,"38,218",Not yet rated,NULL,$5
BOSC,$2.1501,1441131621392,200,50% bullish,of 2 ratings,N/A
AXTI,$2.21,1441131621421,"6,507",50% bullish,of 2 ratings,$2.75
RILY,NULL,1441131621456,0,Not yet rated,NULL,N/A
BCOM,NULL,1441131621488,0,100% bearish,of 1 rating,N/A
BIDU,$143.9,1441131621519,"1,668,899",81% bullish,of 88 ratings,$210
BEAV,$47.8,1441131621583,"497,830",67% bearish,of 3 ratings,$59
BWINB,$22.6,1441131621778,"3,000",Not yet rated,NULL,N/A
BCPC,$57.48,1441131621823,"40,199",100% bearish,of 1 rating,$75
BWINA,NULL,1441131621848,0,Not yet rated,NULL,N/A
BLDP,$1.3301,1441131621878,"155,495",91% bullish,of 22 ratings,$2.50
BANF,$58.56,1441131621979,"11,623",Not yet rated,NULL,$68
BKMU,$7.06,1441131622139,"15,838",Not yet rated,NULL,$8
BOCH,$5.75,1441131622195,"4,534",Not yet rated,NULL,$6.50
BANFP,NULL,1441131622216,0,Not yet rated,NULL,N/A
BMRC,$47.75,1441131622255,"1,834",Not yet rated,NULL,$52
OZRK,$39.865,1441131622281,"221,050",67% bullish,of 3 ratings,$49.50
BOTJ,$11.11,1441131622350,25,Not yet rated,NULL,N/A
BKSC,NULL,1441131622375,0,Not yet rated,NULL,N/A
BWFG,$18.18,1441131622410,300,100% bearish,of 1 rating,N/A
BFIN,$12.165,1441131622508,"5,950",Not yet rated,NULL,$13
BANR,$43.11,1441131622809,"30,272",100% bullish,of 3 ratings,$50
BHAC,$9.82,1441131622837,520,Not yet rated,NULL,N/A
BHACU,NULL,1441131622863,0,Not yet rated,NULL,N/A
BZUN,$4.91,1441131622884,"104,357",50% bullish,of 2 ratings,$11.50
TAPR,$33.6,1441131622939,150,100% bearish,of 1 rating,N/A
BHACW,NULL,1441131623016,0,Not yet rated,NULL,N/A
BSET,$28.2,1441131623043,"19,228",100% bearish,of 1 rating,$35
BHACR,NULL,1441131623072,0,Not yet rated,NULL,N/A
BBSI,$34.66,1441131623172,"22,042",67% bearish,of 3 ratings,$62.50
BV,$5.21,1441131623240,"220,317",67% bullish,of 6 ratings,$9
BYLK,$12.99,1441131623277,"12,401",Not yet rated,NULL,$14
BYBK,$5.01,1441131623321,713,100% bearish,of 1 rating,N/A
BBCN,$14.01,1441131623371,"89,126",100% bearish,of 1 rating,$16
BCBP,$11.54,1441131623398,892,Not yet rated,NULL,N/A
BECN,$34.99,1441131623620,"75,844",50% bullish,of 2 ratings,$40
BDCV,$4.94,1441131623689,"7,381",100% bearish,of 1 rating,$10.19
BSF,$8.57,1441131623719,"2,613",Not yet rated,NULL,N/A
BBGI,$4.25,1441131623741,549,100% bearish,of 1 rating,N/A
BELFA,$14.87,1441131623824,218,100% bearish,of 1 rating,N/A
BEBE,$1.3,1441131623869,"339,920",75% bullish,of 4 ratings,$2.125
BELFB,$17.56,1441131623894,"11,682",100% bearish,of 1 rating,N/A
BBBY,$60.8,1441131623921,"570,853",71% bullish,of 7 ratings,$75
BLPH,$4.64,1441131623968,"22,984",100% bearish,of 1 rating,$12.50
BNTC,$7.66,1441131624132,"7,447",100% bullish,of 1 rating,N/A
BNCL,$12.295,1441131624160,"186,883",100% bullish,of 3 ratings,$12.50
BLCM,$16.68,1441131624181,"49,316",50% bullish,of 4 ratings,$40
BNFT,$35.345,1441131624213,"65,887",67% bullish,of 3 ratings,$46
BGMD,$0.6904,1441131624240,"21,197",100% bullish,of 10 ratings,N/A
BGFV,$10.99,1441131624389,"55,480",57% bullish,of 7 ratings,$12
BGCP,$8.71,1441131624424,"453,856",88% bullish,of 8 ratings,$14
BIND,$4.7708,1441131624518,"86,527",75% bullish,of 4 ratings,$13.50
BCDA,NULL,1441131624554,0,Not yet rated,NULL,N/A
ORPN,$5.74,1441131624619,"4,000",100% bullish,of 1 rating,$28.50
BASI,$1.64,1441131624644,"2,625",Not yet rated,NULL,N/A
BCRX,$11.16,1441131624682,"303,586",63% bullish,of 8 ratings,$18
BIOD,$0.7096,1441131624786,"106,320",80% bullish,of 5 ratings,$4
BIOC,$1.9663,1441131624816,"80,493",83% bullish,of 6 ratings,$3.85
BDSI,$6.505,1441131624916,"485,422",88% bullish,of 8 ratings,$17
BIOL,$1.56,1441131624945,"20,650",Not yet rated,NULL,N/A
BLFS,$2.5506,1441131625003,"356,783",100% bearish,of 1 rating,$4.75
BLRX,$1.52,1441131625050,"67,478",100% bullish,of 12 ratings,$5
BIIB,$295.036,1441131625075,"762,054",88% bullish,of 16 ratings,$400
BMRN,$125.02,1441131625253,"406,018",80% bullish,of 5 ratings,$160
BVXVW,$0.7,1441131625278,"4,500",100% bearish,of 1 rating,N/A
BRLI,NULL,1441131625335,0,NULL,NULL,NULL
BPTH,$1.15,1441131625367,"251,652",100% bullish,of 2 ratings,$5
BVXV,$3.53,1441131625388,"5,812",Not yet rated,NULL,N/A
BIOS,$2.34,1441131625462,"460,592",71% bullish,of 7 ratings,$4
BBC,$30.734,1441131625565,"12,447",Not yet rated,NULL,N/A
BBP,$32.08,1441131625590,"23,905",Not yet rated,NULL,N/A
BOTA,$2.2097,1441131625654,"24,460",88% bullish,of 8 ratings,N/A
BSTC,$48.11,1441131625685,"13,058",100% bearish,of 1 rating,$76
TECH,$92.72,1441131625716,"49,773",100% bullish,of 1 rating,$117
BEAT,$14.66,1441131625743,"254,669",67% bearish,of 3 ratings,$15
BSPM,$0.65,1441131625785,"6,760",50% bullish,of 2 ratings,N/A
BITI,$17,1441131625878,"4,586",100% bullish,of 1 rating,$28
BDMS,NULL,1441131626008,0,100% bearish,of 1 rating,N/A
BJRI,$43.0499,1441131626099,"75,940",50% bullish,of 2 ratings,$55
BBOX,$14.83,1441131626138,"44,063",100% bearish,of 1 rating,N/A
BDE,$7.17,1441131626199,"43,844",50% bullish,of 2 ratings,$9
BLKB,$55.73,1441131626279,"50,171",100% bearish,of 2 ratings,$66
BBRY,$7.39,1441131626333,"1,563,714",61% bullish,of 330 ratings,$9
HAWK,$38.075,1441131626364,"174,652",91% bullish,of 11 ratings,$49
BKCC,$9.31,1441131626467,"109,021",50% bullish,of 2 ratings,$10
ADRD,$21.3836,1441131626494,"75,681",100% bearish,of 1 rating,N/A
ADRA,$26.2301,1441131626550,"7,362",100% bearish,of 1 rating,N/A
BLMN,$20.56,1441131626627,"494,203",83% bullish,of 6 ratings,$27.50
ADRU,$21.1812,1441131626655,100,100% bearish,of 1 rating,N/A
ADRE,$29.0631,1441131626731,"2,489",100% bearish,of 1 rating,N/A
BUFF,$24.34,1441131626903,"404,788",83% bullish,of 12 ratings,$31.50
BCOR,$13.465,1441131626928,"92,900",57% bullish,of 7 ratings,$15
BLBD,$11.75,1441131627006,"5,196",Not yet rated,NULL,N/A
BLUE,$129.5,1441131627103,"191,556",71% bullish,of 7 ratings,$217.50
BBLU,$0.7782,1441131627144,"37,291",100% bullish,of 2 ratings,$4.43
NILE,$33.56,1441131627173,"35,290",50% bullish,of 2 ratings,$34
BPMC,$27.09,1441131627235,"23,894",50% bullish,of 2 ratings,$47.50
BHBK,$13.65,1441131627266,"45,513",100% bullish,of 1 rating,$14.50
BKEP,$6.2099,1441131627291,"5,593",100% bearish,of 1 rating,$8.50
BNCN,$20.4,1441131627365,"32,134",Not yet rated,NULL,$24
BOFI,$110.7948,1441131627454,"117,695",100% bullish,of 6 ratings,$144
BKEPP,$7.4,1441131627484,100,100% bearish,of 1 rating,N/A
BOBE,$44.43,1441131627511,"77,650",75% bullish,of 4 ratings,$57
WIFI,$7.37,1441131627532,"46,803",50% bullish,of 2 ratings,$13.50
BOKF,$60.47,1441131627702,"116,548",100% bearish,of 1 rating,$69
BOJA,$20.775,1441131627728,"65,102",100% bullish,of 1 rating,$30
BAMM,$3.18,1441131627862,"9,974",60% bullish,of 5 ratings,N/A
BNSO,$1.282,1441131627908,"1,800",100% bearish,of 1 rating,N/A
BPFH,$11.365,1441131627992,"155,718",100% bearish,of 1 rating,$14
BONA,$11.38,1441131628028,"97,898",75% bullish,of 4 ratings,$8.50
BPFHP,$25,1441131628126,"2,940",100% bearish,of 1 rating,N/A
EPAY,$26.48,1441131628146,"57,144",100% bearish,of 2 ratings,$30
BPFHW,NULL,1441131628179,0,100% bearish,of 1 rating,N/A
BBRG,$12.059,1441131628201,"37,345",67% bullish,of 3 ratings,$14.50
BDBD,$8.31,1441131628266,"387,968",60% bullish,of 5 ratings,$10
BCLI,$3.01,1441131628287,"27,156",80% bullish,of 5 ratings,$12
BBEP,$2.725,1441131628329,"849,080",69% bullish,of 13 ratings,$5.625
BBEPP,$14.15,1441131628360,"19,431",100% bearish,of 1 rating,N/A
BDGE,$26.03,1441131628494,"4,575",Not yet rated,NULL,$31.75
BLIN,NULL,1441131628656,0,100% bullish,of 2 ratings,$2.20
BCOV,$5.26,1441131628760,"56,370",67% bullish,of 3 ratings,$10.20
BRID,NULL,1441131628795,0,100% bearish,of 1 rating,N/A
BSFT,$31.71,1441131628816,"84,321",57% bullish,of 7 ratings,$40.50
BVSN,$5.883,1441131628848,"1,800",60% bearish,of 5 ratings,N/A
BRCM,$49.87,1441131628890,"2,891,657",69% bullish,of 13 ratings,$56
BYFC,$1.45,1441131628915,502,50% bullish,of 2 ratings,N/A
BWEN,$3.16,1441131628985,"6,293",75% bullish,of 4 ratings,$8
BRKR,$17.81,1441131629153,"122,361",100% bearish,of 2 ratings,$22
BRKS,$10.36,1441131629180,"56,429",67% bullish,of 3 ratings,$15.25
BRKL,$10.13,1441131629214,"236,174",100% bearish,of 1 rating,$10.75
BRCD,$10.23,1441131629235,"1,551,903",92% bullish,of 13 ratings,$11.50
BLMT,$20.7,1441131629311,"5,349",Not yet rated,NULL,N/A
BMTC,$28.72,1441131629370,"20,317",Not yet rated,NULL,$34
BSQR,$6.04,1441131629399,"32,631",67% bullish,of 3 ratings,N/A
BWLD,$190.52,1441131629503,"151,795",82% bullish,of 11 ratings,$205
BLDR,$14.33,1441131629575,"342,603",67% bullish,of 3 ratings,$22
BUR,$1.797,1441131629660,"4,294",100% bearish,of 1 rating,$8
CFFI,$35.0792,1441131629756,649,100% bearish,of 1 rating,N/A
CCMP,$42.33,1441131629801,"17,021",50% bullish,of 2 ratings,$59
CA,$26.49,1441131629849,"808,043",50% bullish,of 4 ratings,$33
CDNS,$19.74,1441131629882,"728,499",75% bullish,of 4 ratings,$22.50
CHRW,$66.215,1441131629903,"522,588",Not yet rated,NULL,$72
CDZI,$8.07,1441131629933,"6,848",100% bearish,of 1 rating,N/A
CACQ,$7.16,1441131629993,"16,867",100% bearish,of 1 rating,$12.25
CZR,$9.2175,1441131630067,"402,438",60% bearish,of 5 ratings,$10.50
PRSS,$4.26,1441131630242,"4,136",80% bullish,of 5 ratings,$4.50
CSTE,$39.07,1441131630271,"48,104",50% bullish,of 2 ratings,$65
CLMS,$10.2,1441131630296,"32,760",Not yet rated,NULL,$10.50
CLBS,$1.6599,1441131630321,"231,289",79% bullish,of 14 ratings,$4
CHY,$11.22,1441131630346,"227,077",Not yet rated,NULL,N/A
CHI,$10.45,1441131630549,"167,885",100% bearish,of 1 rating,N/A
CHW,$7.4383,1441131630585,"67,754",100% bearish,of 1 rating,N/A
CFGE,$10.34,1441131630605,80,Not yet rated,NULL,N/A
CCD,$19,1441131630646,"51,428",Not yet rated,NULL,N/A
CAMP,$16.03,1441131630674,"224,042",88% bullish,of 8 ratings,$25
CGO,$11.88,1441131630702,"19,054",100% bearish,of 1 rating,N/A
CSQ,$9.6602,1441131630732,"230,399",Not yet rated,NULL,N/A
CVGW,$56.74,1441131630759,"43,665",50% bullish,of 2 ratings,$62
CALD,$15.78,1441131630921,"199,644",100% bearish,of 1 rating,$21
CALA,$5.6,1441131631020,"174,788",100% bullish,of 3 ratings,$19.50
CFNB,$13.26,1441131631057,101,100% bearish,of 1 rating,N/A
CALM,$51.6409,1441131631121,"242,001",80% bullish,of 5 ratings,$63.50
ABCD,$5.03,1441131631202,"73,910",83% bullish,of 6 ratings,N/A
CLMT,$25.44,1441131631231,"96,817",75% bullish,of 8 ratings,$31
CAMB,$9.95,1441131631332,"1,856",Not yet rated,NULL,N/A
CAMBU,NULL,1441131631357,0,100% bearish,of 1 rating,N/A
CSIQ,$18.0399,1441131631433,"866,149",86% bullish,of 28 ratings,$42.50
CAC,$40.01,1441131631522,"2,682",Not yet rated,NULL,N/A
CGIX,$9.64,1441131631564,"7,575",67% bullish,of 3 ratings,$14.375
CAMBW,NULL,1441131631598,0,Not yet rated,NULL,N/A
CAMT,$2.62,1441131631628,"21,359",73% bullish,of 11 ratings,$4
CPLA,$48.42,1441131631735,"46,929",67% bearish,of 3 ratings,$65
CPHC,NULL,1441131631784,0,100% bearish,of 1 rating,N/A
CBNJ,$11.07,1441131631813,"5,785",100% bearish,of 1 rating,N/A
CBF,$30.31,1441131631942,"86,931",Not yet rated,NULL,$32
CSWC,$44.55,1441131632011,"9,703",Not yet rated,NULL,N/A
CCBG,$15.07,1441131632040,"14,890",Not yet rated,NULL,$17.25
CPLP,$7.0144,1441131632068,"114,697",71% bullish,of 7 ratings,$11
CAPN,$2.23,1441131632215,"49,013",100% bullish,of 1 rating,$10.85
CPTA,$13.69,1441131632242,"23,082",100% bearish,of 1 rating,$18.50
CAPNW,NULL,1441131632269,0,Not yet rated,NULL,N/A
CFFN,$11.69,1441131632400,"447,154",Not yet rated,NULL,$12.75
CPST,$0.3899,1441131632431,"487,929",95% bullish,of 22 ratings,$1.25
CAPR,$4.67,1441131632452,"8,023",Not yet rated,NULL,$12
CARA,$18.6,1441131632487,"58,222",50% bullish,of 4 ratings,$25
CARB,$11.07,1441131632539,"64,272",75% bullish,of 4 ratings,$12
CBYL,$5.06,1441131632585,"7,786",100% bearish,of 1 rating,$20
CRDC,$0.32,1441131632788,"145,261",100% bullish,of 1 rating,$1.25
CRME,$9.11,1441131632814,"5,700",89% bullish,of 9 ratings,$11.25
CFNL,$21.6429,1441131632891,"37,331",Not yet rated,NULL,$24
CATM,$33.78,1441131632945,"100,245",100% bearish,of 1 rating,$44
CDNA,$6.84,1441131632971,"2,703",100% bearish,of 1 rating,$9
CSII,$23.99,1441131632992,"138,948",100% bearish,of 2 ratings,$42.125
CECO,$3.65,1441131633025,"88,815",67% bearish,of 3 ratings,$6
CTRE,$10.8186,1441131633155,"83,530",50% bullish,of 2 ratings,$13.50
CLBH,$12.59,1441131633256,"3,209",Not yet rated,NULL,$16.50
CKEC,$23.205,1441131633289,"66,452",50% bullish,of 2 ratings,$35.915
CART,NULL,1441131633315,0,100% bearish,of 1 rating,N/A
CRZO,$34.76,1441131633388,"557,091",67% bearish,of 3 ratings,$54.50
CARO,$15.4899,1441131633413,"2,680",100% bearish,of 1 rating,$19
TAST,$12.68,1441131633545,"67,596",Not yet rated,NULL,$14.25
CRTN,$2.51,1441131633620,404,100% bearish,of 1 rating,N/A
CARV,$5.8101,1441131633683,100,50% bullish,of 2 ratings,N/A
CASM,$1.18,1441131633710,"42,384",100% bullish,of 1 rating,$3.50
CWST,$6.115,1441131633750,"21,073",50% bullish,of 2 ratings,$7.25
CACB,$5.31,1441131633776,"11,483",Not yet rated,NULL,$5.50
CSCD,$14.986,1441131633809,"6,305",100% bullish,of 2 ratings,$17
CASY,$104.465,1441131633908,"92,632",50% bullish,of 2 ratings,$99.50
CASI,$1.4101,1441131633996,"3,248",100% bullish,of 1 rating,$3.50
CASS,$47.5,1441131634021,"4,968",100% bearish,of 1 rating,N/A
CATB,$10.8799,1441131634086,"8,906",100% bearish,of 1 rating,$28
CPRX,$3.66,1441131634217,"216,529",71% bullish,of 7 ratings,$7
CATY,$28.49,1441131634242,"242,436",100% bearish,of 1 rating,$33.50
CVCO,$71.79,1441131634376,"12,005",100% bearish,of 1 rating,N/A
CBFV,$21,1441131634431,"1,650",Not yet rated,NULL,$25
CAVM,$66,1441131634455,"144,319",67% bearish,of 3 ratings,$72
CATYW,NULL,1441131634479,0,100% bearish,of 1 rating,N/A
CNLM,NULL,1441131634504,0,Not yet rated,NULL,N/A
CNLMR,$0.34,1441131634530,114,Not yet rated,NULL,N/A
CNLMW,$0.3,1441131634666,"3,100",Not yet rated,NULL,N/A
CNLMU,NULL,1441131634693,0,100% bullish,of 1 rating,N/A
CBOE,$62.63,1441131634856,"164,959",Not yet rated,NULL,$60
CDW,$38.47,1441131635035,"347,587",75% bullish,of 4 ratings,$44
CDK,$48.2799,1441131635062,"237,966",67% bearish,of 3 ratings,$50
CECE,$9.335,1441131635107,"34,382",50% bullish,of 2 ratings,$16
CPXX,$2.23,1441131635204,"50,713",100% bullish,of 2 ratings,$7
CELG,$116.115,1441131635236,"2,208,161",92% bullish,of 13 ratings,$155.50
CELGZ,$1.68,1441131635265,"9,000",80% bullish,of 5 ratings,N/A
CLDN,$1.1701,1441131635335,"133,403",71% bullish,of 7 ratings,$3
CLDX,$14.39,1441131635364,"450,448",89% bullish,of 9 ratings,$36
CLRBW,NULL,1441131635492,0,Not yet rated,NULL,N/A
CLLS,$33.08,1441131635532,"43,396",75% bullish,of 4 ratings,$51.50
CLRB,$3.06,1441131635557,"2,860",100% bearish,of 1 rating,N/A
CLSN,$2.06,1441131635624,"13,320",80% bullish,of 10 ratings,$7.50
CBMG,$23.3125,1441131635649,"59,593",50% bullish,of 2 ratings,N/A
CLTX,$2.5,1441131635851,"98,103",100% bullish,of 2 ratings,N/A
CEMP,$33.15,1441131635910,"216,017",71% bullish,of 7 ratings,$52
CSFL,$13.41,1441131635983,"44,986",Not yet rated,NULL,$15
CFBK,$1.34,1441131636016,200,Not yet rated,NULL,N/A
CETX,$2.4218,1441131636047,"14,666",Not yet rated,NULL,$5.60
CYAD,$47.165,1441131636072,"1,008",100% bullish,of 1 rating,$87.50
CETV,$2.1,1441131636111,"30,009",67% bullish,of 3 ratings,$2.80
CENT,$12.36,1441131636146,"42,850",Not yet rated,NULL,$10
CENTA,$12.66,1441131636282,"85,312",Not yet rated,NULL,N/A
CENX,$5.43,1441131636330,"966,779",67% bullish,of 6 ratings,$9
CNTY,$5.77,1441131636495,"4,591",80% bullish,of 5 ratings,$7.75
CVCY,$11.28,1441131636524,"1,255",Not yet rated,NULL,$12
CNBKA,$40.3,1441131636589,100,50% bullish,of 2 ratings,N/A
CPHD,$47.18,1441131636626,"197,949",67% bearish,of 3 ratings,$66.50
CRNT,$1.421,1441131636691,"62,439",50% bullish,of 2 ratings,$2
CERE,$1.1042,1441131636769,"178,169",88% bullish,of 8 ratings,N/A
CERU,$4.17,1441131636817,"33,278",75% bullish,of 4 ratings,$14
CERN,$59.94,1441131636857,"673,195",67% bullish,of 3 ratings,$79
CEVA,$19.12,1441131636908,"30,270",100% bearish,of 1 rating,$25
KOOL,$0.691,1441131636933,"54,737",100% bullish,of 5 ratings,$7
CERS,$4.71,1441131636966,"157,235",75% bullish,of 4 ratings,$7
CYOU,$19.03,1441131637075,"78,636",50% bullish,of 6 ratings,$24
HOTRW,NULL,1441131637112,0,Not yet rated,NULL,N/A
HOTR,$1.39,1441131637155,"144,486",100% bullish,of 2 ratings,$5
CTHR,$1.2501,1441131637328,"1,869",50% bullish,of 2 ratings,$2.50
GTLS,$23.875,1441131637381,"199,434",50% bullish,of 4 ratings,$40
CHTR,$177.9875,1441131637822,"452,581",100% bearish,of 2 ratings,$202
CHEKW,NULL,1441131637929,0,Not yet rated,NULL,N/A
CHFN,$12.46,1441131637955,"3,727",Not yet rated,NULL,$14
CHKP,$77.37,1441131637981,"663,776",50% bullish,of 4 ratings,$92
CHEK,$2.06,1441131638005,"1,600",Not yet rated,NULL,$7.75
CHFC,$30.93,1441131638039,"14,903",100% bearish,of 1 rating,$36
CEMI,$4.19,1441131638060,"7,814",50% bullish,of 2 ratings,$7.50
CCXI,$6.02,1441131638284,"40,084",67% bullish,of 3 ratings,$14
CHMG,$26.35,1441131638334,700,Not yet rated,NULL,$30
CHMA,$25.98,1441131638363,"57,192",Not yet rated,NULL,$40
CHKE,$25.835,1441131638416,"9,866",100% bearish,of 1 rating,$32.50
CHEV,$14.47,1441131638466,404,Not yet rated,NULL,N/A
CBNK,$16.39,1441131638545,600,100% bearish,of 1 rating,N/A
PLCE,$58.4,1441131638653,"78,106",100% bearish,of 1 rating,$69
CADC,$2.89,1441131638681,"1,000",78% bullish,of 9 ratings,N/A
CMRX,$48.02,1441131638702,"72,530",50% bullish,of 2 ratings,$57
CBAK,$1.8699,1441131638761,"22,560",67% bullish,of 9 ratings,N/A
CAAS,$6.07,1441131638865,"8,238",93% bullish,of 14 ratings,$11.50
CALI,$0.85,1441131638891,"10,357",67% bullish,of 3 ratings,N/A
CCCL,$0.7799,1441131638919,"1,200",100% bullish,of 6 ratings,N/A
CCCR,$0.66,1441131639021,"1,800",67% bearish,of 3 ratings,N/A
CBPO,$93.08,1441131639078,"81,248",75% bullish,of 8 ratings,$140.50
JRJC,$3.45,1441131639274,"61,349",82% bullish,of 11 ratings,N/A
HGSH,$1.84,1441131639330,"7,500",67% bullish,of 3 ratings,N/A
CHOP,$1.14,1441131639380,"8,999",50% bullish,of 2 ratings,N/A
CJJD,$1.83,1441131639511,"1,800",100% bullish,of 1 rating,N/A
CREG,$0.665,1441131639583,"6,649",100% bullish,of 3 ratings,N/A
CNIT,$1.24,1441131639640,"70,442",67% bullish,of 6 ratings,N/A
CPGI,$6.84,1441131639666,200,Not yet rated,NULL,N/A
CHLN,$1.9431,1441131639687,"2,100",67% bullish,of 3 ratings,N/A
CSUN,$1.4397,1441131639729,"5,647",80% bullish,of 5 ratings,N/A
HTHT,$25.5,1441131639818,"42,696",50% bullish,of 2 ratings,$28.40
CNTF,$0.8314,1441131639952,"46,279",Not yet rated,NULL,N/A
CHNR,$1.5605,1441131639981,500,100% bearish,of 1 rating,N/A
CNYD,$3.15,1441131640026,"3,602",67% bullish,of 3 ratings,N/A
CXDC,$5.93,1441131640113,"19,762",67% bearish,of 3 ratings,N/A
CNET,$0.8537,1441131640188,"14,665",50% bullish,of 2 ratings,N/A
CCIH,$7.3701,1441131640217,"140,098",67% bullish,of 6 ratings,$12.65
IMOS,$18.67,1441131640320,"106,795",60% bullish,of 5 ratings,$21.50
CHSCL,$27.121,1441131640344,"7,326",Not yet rated,NULL,N/A
CHSCM,$26.3014,1441131640398,"9,284",Not yet rated,NULL,N/A
CHDN,$132.4,1441131640626,"23,959",Not yet rated,NULL,$165
CHSCO,$28.34,1441131640660,"2,841",Not yet rated,NULL,N/A
CHSCN,$26.8356,1441131640690,"9,450",Not yet rated,NULL,N/A
CHUY,$30.41,1441131640711,"44,556",50% bullish,of 2 ratings,$34
CHSCP,$30.5267,1441131640742,269,Not yet rated,NULL,N/A
CDTX,$14.44,1441131640771,"18,948",Not yet rated,NULL,$22
CIFC,$7.19,1441131640872,"1,600",100% bearish,of 1 rating,N/A
CMCT,$15.3,1441131640962,808,100% bearish,of 1 rating,N/A
CMPR,$68.39,1441131641011,"108,182",50% bullish,of 2 ratings,$72.50
CINF,$50.91,1441131641143,"193,658",50% bullish,of 4 ratings,$50.50
CIDM,$0.5601,1441131641173,"110,927",50% bullish,of 2 ratings,$2.10
CSCO,$25.22,1441131641273,"11,189,127",83% bullish,of 210 ratings,$32
CPHR,$5.2,1441131641321,"7,350",100% bearish,of 1 rating,$17
CTAS,$83.38,1441131641346,"147,188",100% bearish,of 1 rating,$91
CRUS,$28.95,1441131641379,"265,252",75% bullish,of 12 ratings,$44.50
CTRN,$26.11,1441131641407,"27,283",100% bearish,of 1 rating,$31.50
CZNC,$19.72,1441131641475,"1,700",Not yet rated,NULL,N/A
CZWI,$8.95,1441131641504,100,Not yet rated,NULL,N/A
CZFC,$12.7,1441131641564,200,Not yet rated,NULL,N/A
CTXS,$65.665,1441131641638,"663,668",86% bullish,of 7 ratings,$80
CIZN,NULL,1441131641702,0,Not yet rated,NULL,N/A
CHCO,$46.56,1441131641802,"14,326",Not yet rated,NULL,$46
CIVB,$10.061,1441131641832,"4,219",Not yet rated,NULL,$11
CDTI,$1.58,1441131641993,"69,680",75% bullish,of 4 ratings,$3.20
CIVBP,NULL,1441131642057,0,Not yet rated,NULL,N/A
CLFD,$16.99,1441131642090,"49,262",67% bullish,of 3 ratings,$18
CLNE,$5.115,1441131642187,"426,897",80% bullish,of 15 ratings,$9
CLNT,$1.43,1441131642217,"14,455",75% bullish,of 8 ratings,N/A
CLRO,$11.303,1441131642286,"1,352",50% bullish,of 2 ratings,$14.25
CLIR,$4.695,1441131642317,"18,095",100% bullish,of 3 ratings,N/A
CSBK,$13.66,1441131642384,"28,115",Not yet rated,NULL,N/A
CLVS,$79.32,1441131642419,"290,283",60% bullish,of 5 ratings,$101.50
CBLI,$4.04,1441131642522,"26,857",60% bullish,of 5 ratings,N/A
CME,$91.45,1441131642549,"472,488",67% bullish,of 3 ratings,$102
CMFN,$11.3801,1441131642589,"4,166",100% bearish,of 1 rating,$15.50
CISG,$7.58,1441131642723,"35,154",100% bullish,of 5 ratings,$10
CCNE,$16.98,1441131642755,"6,597",50% bullish,of 2 ratings,$21.50
CNV,$4.44,1441131642786,"25,382",50% bullish,of 2 ratings,$7.15
COKE,$153.03,1441131642884,"12,756",79% bullish,of 19 ratings,N/A
CDRB,$11.64,1441131643026,"6,895",67% bullish,of 3 ratings,N/A
CWAY,$11.12,1441131643055,"2,604",Not yet rated,NULL,N/A
COBZ,$12.54,1441131643093,"16,153",100% bullish,of 1 rating,$14
CDXS,$3.62,1441131643123,"6,670",64% bullish,of 11 ratings,$6
CCOI,$27.34,1441131643224,"101,675",50% bullish,of 4 ratings,$35
JVA,$4.6299,1441131643255,"4,668",83% bullish,of 6 ratings,$7
CVLY,$21,1441131643317,366,Not yet rated,NULL,N/A
CGNT,$1.5272,1441131643352,"2,500",100% bullish,of 2 ratings,$2
CGNX,$34.25,1441131643384,"139,700",50% bullish,of 2 ratings,$47
CTSH,$61.14,1441131643490,"1,641,184",90% bullish,of 10 ratings,$75
COHR,$56.08,1441131643523,"25,974",50% bullish,of 2 ratings,$72
CHRS,$27.12,1441131643625,"21,378",67% bearish,of 3 ratings,$37
COLL,$13.32,1441131643686,"59,250",100% bearish,of 1 rating,$26
COHU,$9.47,1441131643728,"32,206",100% bearish,of 1 rating,$14.25
CLRX,$0.6699,1441131643818,"109,422",50% bullish,of 2 ratings,N/A
CLCT,$17.8927,1441131643860,"38,909",100% bearish,of 1 rating,N/A
CIGI,$43.96,1441131643891,"39,409",100% bearish,of 1 rating,$52
COLB,$28.97,1441131644086,"52,561",Not yet rated,NULL,$36
COLM,$59.76,1441131644156,"35,212",100% bearish,of 1 rating,$71
CBAN,$8.8,1441131644184,400,Not yet rated,NULL,N/A
CLCD,$6.251,1441131644211,"31,882",100% bearish,of 1 rating,$20.50
CMCO,$18.535,1441131644236,"31,946",60% bullish,of 5 ratings,$28
CBMX,$1.12,1441131644262,"13,801",83% bullish,of 6 ratings,$3.15
CMCSA,$55.18,1441131644395,"4,196,485",66% bullish,of 35 ratings,$69.50
CMCSK,$56.305,1441131644442,"1,516,227",Not yet rated,NULL,$84
CVGI,$4.93,1441131644668,"78,095",50% bullish,of 2 ratings,$6
CUBN,NULL,1441131644695,0,Not yet rated,NULL,N/A
CBSHP,$25.41,1441131644721,"1,556",100% bearish,of 1 rating,N/A
CBSH,$42.98,1441131644747,"89,962",50% bullish,of 2 ratings,$46
COMM,$31.61,1441131644772,"599,673",67% bearish,of 3 ratings,$35
JCS,$8.88,1441131644988,900,67% bullish,of 3 ratings,N/A
CYHHZ,$0.01,1441131645042,"24,400",100% bullish,of 1 rating,N/A
CSAL,$20.09,1441131645075,"299,550",75% bullish,of 4 ratings,$30
ESXB,$5.02,1441131645108,"6,100",Not yet rated,NULL,N/A
COB,$10.36,1441131645129,"4,551",100% bullish,of 1 rating,$11.75
CVLT,$35,1441131645210,"112,292",75% bullish,of 4 ratings,$44.50
CTBI,$34.33,1441131645262,"10,104",Not yet rated,NULL,$36
CWBC,$6.71,1441131645287,"1,212",Not yet rated,NULL,N/A
CIZ,$32.4899,1441131645416,572,100% bearish,of 1 rating,N/A
CIL,NULL,1441131645546,0,Not yet rated,NULL,N/A
CID,$32.66,1441131645575,900,Not yet rated,NULL,N/A
CSA,NULL,1441131645617,0,Not yet rated,NULL,N/A
CSF,$36.06,1441131645648,"1,760",100% bearish,of 1 rating,N/A
CFA,$34.72,1441131645673,700,100% bearish,of 1 rating,N/A
CFO,$34.5301,1441131645714,"106,964",100% bearish,of 1 rating,N/A
CDC,$33.7639,1441131645742,"7,024",Not yet rated,NULL,N/A
CDL,NULL,1441131645929,0,Not yet rated,NULL,N/A
CPSI,$45.57,1441131645965,"28,741",100% bearish,of 1 rating,$45.50
CSB,$32.45,1441131646020,850,Not yet rated,NULL,N/A
SCOR,$48.76,1441131646047,"177,845",100% bearish,of 1 rating,$66
CGEN,$4.95,1441131646076,"32,543",50% bullish,of 2 ratings,$11
CTG,$6.58,1441131646097,"20,295",100% bearish,of 1 rating,$8.50
CHCI,$0.69,1441131646232,100,50% bullish,of 2 ratings,N/A
CMTL,$26.16,1441131646370,"15,709",100% bearish,of 2 ratings,$37
CNSI,$18.27,1441131646406,"23,434",100% bearish,of 2 ratings,$29
CNAT,$3.715,1441131646432,"96,918",83% bullish,of 6 ratings,$13
CNCE,$15.7,1441131646470,"96,773",75% bullish,of 4 ratings,$22
CXRX,$76.61,1441131646569,382,100% bearish,of 1 rating,$90
CDOR,$1.35,1441131646601,"3,333",100% bullish,of 1 rating,N/A
CCUR,$5.52,1441131646629,"23,146",75% bullish,of 4 ratings,N/A
CDORO,NULL,1441131646798,0,100% bearish,of 1 rating,N/A
CDORP,$6.51,1441131646825,"2,699",100% bearish,of 1 rating,N/A
CFMS,$15.585,1441131646903,"177,344",100% bearish,of 1 rating,$27
CNFR,$10.1899,1441131646961,"5,507",Not yet rated,NULL,N/A
CNMD,$50.88,1441131646992,"33,694",Not yet rated,NULL,$59
CTWS,$34.775,1441131647043,"9,823",100% bearish,of 1 rating,$44
CNOB,$18.76,1441131647095,"32,875",100% bullish,of 1 rating,$23.50
CNXR,$7.01,1441131647120,"36,070",100% bearish,of 1 rating,$12
CONN,$28.256,1441131647178,"228,160",67% bullish,of 3 ratings,$48.50
CWCO,$10.36,1441131647317,"23,494",67% bullish,of 3 ratings,$14.50
CNSL,$19.325,1441131647341,"50,287",100% bearish,of 1 rating,$23
CTCT,$24.05,1441131647405,"79,044",67% bullish,of 3 ratings,$37
CFRXW,$1.82,1441131647538,500,100% bearish,of 1 rating,N/A
CPSS,$5.5701,1441131647585,"17,359",100% bullish,of 1 rating,$10
CFRX,$4.9292,1441131647610,"13,635",Not yet rated,NULL,$14
CTRL,$8.56,1441131647804,"197,258",50% bullish,of 2 ratings,$11
CTRV,$3.76,1441131648119,"34,087",Not yet rated,NULL,$6.40
CORT,$4.885,1441131648173,"157,757",67% bullish,of 3 ratings,$12
CFRXZ,$0.49,1441131648200,"8,233",Not yet rated,NULL,N/A
CRBP,$1.8799,1441131648225,"118,238",100% bullish,of 2 ratings,$6.25
CPRT,$34,1441131648427,"307,402",67% bearish,of 3 ratings,$40
BVA,$3.58,1441131648455,200,50% bullish,of 2 ratings,N/A
CORE,$59.07,1441131648556,"47,229",100% bearish,of 1 rating,$72
CRVL,$29.99,1441131648776,"25,519",100% bearish,of 1 rating,N/A
CSGP,$171.99,1441131648822,"66,264",50% bullish,of 2 ratings,$235
ICBK,$18.6,1441131648978,400,Not yet rated,NULL,$21
CSOD,$35.7,1441131649137,"234,427",50% bullish,of 2 ratings,$42
COST,$138.06,1441131649305,"853,520",79% bullish,of 24 ratings,$154.50
COVS,$2.68,1441131649333,"19,769",67% bullish,of 3 ratings,N/A
CVTI,$22.6,1441131649386,"57,286",67% bearish,of 3 ratings,$39
CORI,$10.39,1441131649413,"29,071",100% bearish,of 1 rating,$18
COSI,$1.083,1441131649628,"64,062",100% bullish,of 1 rating,N/A
CPSH,$2.35,1441131649699,800,Not yet rated,NULL,N/A
COWNL,$26.31,1441131649724,700,Not yet rated,NULL,N/A
CPAH,NULL,1441131649759,0,50% bullish,of 2 ratings,N/A
COWN,$5.04,1441131649784,"443,498",75% bullish,of 4 ratings,$7
CRAI,$22.8,1441131649814,"15,735",100% bearish,of 1 rating,$36
CBRL,$142.64,1441131649915,"109,614",50% bullish,of 2 ratings,$155
BREW,$7.82,1441131649940,"12,037",67% bullish,of 6 ratings,$15
GLDI,$11.0449,1441131650148,"3,266",100% bearish,of 1 rating,N/A
CACC,$199.5,1441131650179,"63,159",50% bullish,of 2 ratings,$158.50
CREE,$26.51,1441131650200,"526,292",65% bullish,of 17 ratings,$29.50
CRAY,$20.669,1441131650228,"102,812",83% bullish,of 6 ratings,$38.50
SLVO,$10.001,1441131650253,"1,408",100% bearish,of 1 rating,N/A
CRESY,$10.46,1441131650278,"12,408",100% bearish,of 1 rating,$19
CROX,$14.17,1441131650515,"247,615",63% bullish,of 8 ratings,$16.50
CCRN,$13.99,1441131650577,"129,757",100% bearish,of 1 rating,$14.25
CRWS,$8.09,1441131650648,"1,500",Not yet rated,NULL,$10
CRWN,$5.055,1441131650680,"283,927",75% bullish,of 4 ratings,N/A
CRDS,$1,1441131650729,"3,900",75% bullish,of 4 ratings,$4.50
CYRX,$2.81,1441131651073,"21,092",Not yet rated,NULL,$9
CRTO,$36.99,1441131651100,"431,600",67% bullish,of 6 ratings,$64
CYRXW,$0.74,1441131651175,"21,600",Not yet rated,NULL,N/A
CTCM,$1.74,1441131651417,"359,632",80% bearish,of 5 ratings,$3.90
CTIC,$1.55,1441131651474,"208,919",84% bullish,of 76 ratings,$5.75
CTIB,$3.6201,1441131651547,"2,553",100% bearish,of 1 rating,N/A
CTRP,$64.958,1441131651572,"625,360",75% bullish,of 8 ratings,$92.50
CUI,$5.165,1441131651727,"9,402",50% bullish,of 2 ratings,$10
CMLS,$1.3,1441131651751,"295,701",50% bullish,of 4 ratings,$6
CUNB,$21.5,1441131651780,"13,386",Not yet rated,NULL,$24.50
CPIX,$6.1252,1441131651806,"1,900",Not yet rated,NULL,N/A
CRIS,$2.525,1441131651827,"71,751",100% bullish,of 8 ratings,$6
CUTR,$14.84,1441131651999,"46,969",67% bearish,of 3 ratings,$18
CVBF,$15.7,1441131652096,"246,315",Not yet rated,NULL,$18
CSGS,$30.2,1441131652128,"66,017",Not yet rated,NULL,$40
CVV,$11.5,1441131652230,"5,381",100% bullish,of 5 ratings,N/A
CCLP,$14.6,1441131652495,"34,873",67% bearish,of 3 ratings,$20
CYAN,$7.1,1441131652866,"2,636",100% bearish,of 1 rating,N/A
CSPI,$5.78,1441131652914,"1,813",67% bullish,of 3 ratings,N/A
CYBX,$63.56,1441131652947,"103,003",50% bullish,of 4 ratings,$71.50
CYCC,$0.5616,1441131653118,"29,302",73% bullish,of 11 ratings,N/A
CBAY,$2.62,1441131653154,"30,042",100% bullish,of 1 rating,$4
CYCCP,NULL,1441131653250,0,100% bearish,of 1 rating,N/A
CYNO,$30.39,1441131653299,"146,356",67% bearish,of 3 ratings,$45.50
CYNA,$15.84,1441131653431,"10,274",50% bullish,of 2 ratings,$31.50
CY,$9.76,1441131653768,"2,985,610",80% bullish,of 10 ratings,$15.50
CTSO,$6.96,1441131653829,"19,704",Not yet rated,NULL,$15.625
CONE,$30.71,1441131653975,"111,259",67% bearish,of 3 ratings,$35.50
CYBE,$6.81,1441131654052,"2,765",100% bearish,of 1 rating,N/A
CYBR,$50.27,1441131654083,"532,069",75% bullish,of 8 ratings,$66
CYTK,$6.8992,1441131654186,"105,660",71% bullish,of 14 ratings,$13.50
CYRN,$1.76,1441131654216,"26,530",67% bullish,of 3 ratings,$4
CYTX,$0.378,1441131654256,"1,314,999",83% bullish,of 12 ratings,$5.50
DAEG,$0.37,1441131654315,5,100% bearish,of 1 rating,N/A
CYTR,$2.33,1441131654403,"181,639",67% bullish,of 6 ratings,$10
TVIZ,$23.38,1441131654427,"9,512",100% bearish,of 1 rating,N/A
TVIX,$18.34,1441131654888,"9,293,909",81% bullish,of 16 ratings,N/A
ZIV,$35.692,1441131654918,"150,371",Not yet rated,NULL,N/A
DJCO,NULL,1441131654945,0,Not yet rated,NULL,N/A
XIV,$22.57,1441131654965,"15,864,942",75% bearish,of 4 ratings,N/A
DAKT,$8.475,1441131655026,"84,268",50% bullish,of 2 ratings,$12
DARA,$0.8401,1441131655207,"38,390",83% bullish,of 6 ratings,$1.50
DTLK,$5.75,1441131655278,"12,150",100% bearish,of 1 rating,$9
DRAM,$1.5199,1441131655336,"6,314",78% bullish,of 9 ratings,N/A
DWCH,$5.06,1441131655365,"17,275",75% bullish,of 4 ratings,$8.25
DAIO,$2.6001,1441131655415,"5,950",Not yet rated,NULL,N/A
PLAY,$34.28,1441131655444,"86,109",100% bullish,of 5 ratings,$42
DWSN,$4.5,1441131655474,"13,113",67% bullish,of 3 ratings,N/A
DTEA,$13.1,1441131655545,"32,491",100% bearish,of 2 ratings,$24
DBVT,$38.4,1441131655605,"54,711",100% bearish,of 1 rating,$53
TRAK,$62.7,1441131655710,"294,106",50% bullish,of 2 ratings,$62.50
DHRM,$1.6104,1441131655768,"4,718",Not yet rated,NULL,N/A
TACO,$12.465,1441131655900,"67,243",75% bullish,of 4 ratings,$20
DFRG,$14.36,1441131655926,"51,845",100% bearish,of 1 rating,$20
DGAS,$20.36,1441131656058,"2,416",67% bearish,of 3 ratings,N/A
DELT,NULL,1441131656102,0,Not yet rated,NULL,N/A
DELTW,NULL,1441131656126,0,Not yet rated,NULL,N/A
XRAY,$50.66,1441131656201,"211,689",100% bullish,of 1 rating,$58
DENN,$11.01,1441131656261,"175,461",100% bullish,of 3 ratings,$15
DEPO,$26.23,1441131656420,"291,862",60% bullish,of 5 ratings,$29
DEST,$11.2,1441131656599,"12,544",50% bullish,of 2 ratings,N/A
DSCI,$5.79,1441131656623,"35,289",50% bullish,of 2 ratings,$16
DERM,$26,1441131656652,"38,652",100% bearish,of 1 rating,$33.50
TACOW,$3.77,1441131656758,300,100% bullish,of 1 rating,N/A
DCTH,$0.4223,1441131656806,"21,761",78% bullish,of 9 ratings,N/A
DXLG,$6.005,1441131656859,"66,424",100% bearish,of 1 rating,$8
DSWL,$1.6001,1441131656888,"10,586",100% bullish,of 1 rating,N/A
DXM,$0.2547,1441131656947,"275,246",50% bullish,of 2 ratings,N/A
DXCM,$88.25,1441131657016,"420,143",57% bullish,of 7 ratings,$98
DHXM,NULL,1441131657069,0,Not yet rated,NULL,N/A
DMND,$29.73,1441131657090,"75,722",75% bullish,of 12 ratings,$32
DCIX,$1.66,1441131657318,"3,607",50% bullish,of 4 ratings,$3.50
DGII,$10.21,1441131657392,"52,445",100% bearish,of 1 rating,$11
DRNA,$10.85,1441131657451,"50,142",67% bearish,of 3 ratings,$25
DMRC,$37.27,1441131657484,"19,793",100% bearish,of 1 rating,$44
DGLY,$7.85,1441131657681,"55,907",50% bullish,of 6 ratings,$20
DRAD,$3.84,1441131657711,"7,441",100% bullish,of 1 rating,$5.25
DCOM,$16.52,1441131657763,"33,798",100% bearish,of 2 ratings,$16
APPS,$2.56,1441131657793,"136,530",100% bearish,of 1 rating,$10.25
DIOD,$19.07,1441131657818,"54,323",75% bearish,of 4 ratings,$24
FANG,$65.19,1441131657845,"408,682",50% bullish,of 2 ratings,$86.50
DISCA,$26.075,1441131657894,"1,048,214",67% bullish,of 3 ratings,$34
DPRX,$14.8899,1441131658027,"17,350",100% bullish,of 2 ratings,$27.75
DHIL,$191.11,1441131658162,"4,774",Not yet rated,NULL,N/A
DISCK,$24.895,1441131658210,"769,561",100% bearish,of 1 rating,$32
DSCO,$0.4101,1441131658235,"126,838",83% bullish,of 6 ratings,$2.75
DISCB,NULL,1441131658259,0,100% bearish,of 1 rating,$35
DISH,$58.9525,1441131658435,"524,734",69% bullish,of 13 ratings,$73
DNBF,$25.83,1441131658573,"1,000",Not yet rated,NULL,$27.50
DVCR,$10.94,1441131658607,"12,100",100% bullish,of 1 rating,N/A
BAGR,$2.71,1441131658628,"10,210",100% bearish,of 1 rating,$6
DMLP,$14.44,1441131658665,"7,039",100% bearish,of 1 rating,N/A
DLTR,$70.035,1441131658685,"5,310,323",82% bullish,of 11 ratings,$88
DLHC,NULL,1441131658706,0,100% bearish,of 1 rating,N/A
DGICB,NULL,1441131658755,0,100% bearish,of 1 rating,N/A
DGICA,$14.21,1441131658843,"9,846",100% bearish,of 1 rating,$17
HILL,$9.675,1441131658981,"504,673",60% bearish,of 5 ratings,$9.75
DORM,$50.11,1441131659025,"135,847",100% bearish,of 1 rating,$56
DRWI,$0.1996,1441131659116,"68,875",60% bullish,of 5 ratings,$.45
DSKX,$3.3453,1441131659192,"13,652",100% bullish,of 1 rating,N/A
DRYS,$0.4521,1441131659265,"1,680,679",77% bullish,of 31 ratings,$.60
DRWIW,$0.03,1441131659322,117,Not yet rated,NULL,N/A
DWA,$19.555,1441131659368,"189,689",63% bullish,of 8 ratings,$26
CADT,NULL,1441131659393,0,Not yet rated,NULL,N/A
DSPG,$8.7,1441131659425,"11,022",100% bearish,of 1 rating,$13.50
CADTR,NULL,1441131659450,0,Not yet rated,NULL,N/A
CADTU,NULL,1441131659479,0,Not yet rated,NULL,N/A
DNKN,$48.575,1441131659586,"928,221",67% bullish,of 15 ratings,$56.50
CADTW,NULL,1441131659621,0,Not yet rated,NULL,N/A
DTSI,$25.82,1441131659722,"25,903",100% bearish,of 2 ratings,$39.50
DRRX,$2.08,1441131659778,"47,322",50% bullish,of 6 ratings,$3
DXPE,$29.62,1441131659867,"99,675",50% bullish,of 2 ratings,N/A
DYAX,$22.07,1441131659959,"267,971",89% bullish,of 9 ratings,$30
BOOM,$11.31,1441131660006,"20,966",67% bullish,of 3 ratings,$12
DYSL,$1.5,1441131660090,"51,187",100% bullish,of 2 ratings,N/A
DVAX,$27.4993,1441131660126,"150,117",70% bullish,of 10 ratings,$40
DYNT,$3.09,1441131660147,300,75% bullish,of 4 ratings,N/A
EGBN,$41.17,1441131660180,"16,774",Not yet rated,NULL,$48
EBMT,$11.54,1441131660222,300,Not yet rated,NULL,$13.50
ETFC,$24.94,1441131660282,"1,596,444",57% bullish,of 14 ratings,$32.50
EGLE,$7.02,1441131660410,"5,804",60% bullish,of 5 ratings,N/A
EROC,$1.57,1441131660507,"93,225",50% bullish,of 2 ratings,$3
EWBC,$38.67,1441131660607,"326,726",100% bearish,of 1 rating,$50
EGRX,$76.73,1441131660632,"101,749",67% bullish,of 3 ratings,$97
ELNK,$8.235,1441131660690,"163,807",60% bullish,of 5 ratings,$9.50
EVBS,$6.5001,1441131660900,"3,000",Not yet rated,NULL,$7
EACQU,$10.15,1441131660921,300,Not yet rated,NULL,N/A
EBAY,$26.485,1441131660957,"5,331,149",81% bullish,of 117 ratings,$34
EML,$16.24,1441131660979,"35,653",Not yet rated,NULL,N/A
ECHO,$22.33,1441131661007,"98,926",67% bearish,of 3 ratings,$34.50
EBIX,$28.11,1441131661050,"87,463",69% bullish,of 13 ratings,$40
ELON,$0.56,1441131661136,"56,574",50% bullish,of 2 ratings,N/A
ECTE,$1.49,1441131661161,"5,758",75% bullish,of 4 ratings,N/A
SATS,$43.61,1441131661460,"43,332",50% bullish,of 2 ratings,$60
EEI,$11.6195,1441131661510,"4,023",67% bearish,of 3 ratings,N/A
ECACU,NULL,1441131661590,0,Not yet rated,NULL,N/A
ESES,$3.31,1441131661871,880,100% bearish,of 1 rating,$7
EDAP,$3.66,1441131661911,"6,900",60% bullish,of 5 ratings,$4.50
EDGW,$7.11,1441131661935,"1,500",100% bearish,of 1 rating,N/A
EDUC,$6.3001,1441131661972,"25,429",100% bearish,of 1 rating,N/A
EFUT,$4.635,1441131662202,700,Not yet rated,NULL,N/A
EGLT,$11.91,1441131662335,"62,429",50% bullish,of 2 ratings,$21
LOCO,$12.83,1441131662361,"324,330",69% bullish,of 13 ratings,$19.50
EHTH,$14.22,1441131662404,"55,187",50% bullish,of 4 ratings,$16.50
EGAN,$3.61,1441131662429,"9,174",50% bullish,of 2 ratings,$6.25
EMITF,$1.23,1441131662558,858,75% bullish,of 4 ratings,N/A
ESLT,$77.25,1441131662648,"6,795",67% bullish,of 3 ratings,N/A
ELRC,$10.47,1441131662786,"11,413",100% bearish,of 1 rating,N/A
ERI,$9.39,1441131662975,"40,375",100% bearish,of 1 rating,$10
ESIO,$4.54,1441131663001,"18,438",50% bullish,of 2 ratings,$10
EA,$63.39,1441131663079,"1,683,844",78% bullish,of 36 ratings,$80
EFII,$42.73,1441131663151,"77,568",80% bullish,of 5 ratings,$55
ELECW,NULL,1441131663311,0,Not yet rated,NULL,N/A
ELSE,NULL,1441131663331,0,60% bullish,of 5 ratings,N/A
ELECU,NULL,1441131663366,0,Not yet rated,NULL,N/A
ELEC,NULL,1441131663401,0,Not yet rated,NULL,N/A
EBIO,$3.5125,1441131663427,"172,811",100% bearish,of 2 ratings,$8.35
RDEN,$10.75,1441131663461,"48,338",100% bearish,of 4 ratings,$15
CAPX,$22.416,1441131663492,200,Not yet rated,NULL,N/A
ESBK,NULL,1441131663516,0,Not yet rated,NULL,N/A
LONG,$16.955,1441131663692,"10,278",67% bullish,of 3 ratings,$15.75
ELTK,$1.28,1441131663717,"17,956",67% bearish,of 3 ratings,N/A
EMCI,$22.625,1441131663744,"7,480",Not yet rated,NULL,N/A
EMCF,$23.48,1441131663875,200,100% bearish,of 1 rating,N/A
EMKR,$6.85,1441131663966,"55,379",75% bullish,of 4 ratings,$8.50
EMMS,$1.16,1441131664005,200,83% bullish,of 6 ratings,N/A
ERS,$2.99,1441131664051,"6,115",Not yet rated,NULL,N/A
EMMSP,NULL,1441131664093,0,100% bearish,of 1 rating,N/A
ENTA,$37.394,1441131664185,"82,071",50% bullish,of 2 ratings,$42
ECPG,$38.625,1441131664213,"91,096",100% bullish,of 2 ratings,$52
NYNY,$4.1985,1441131664252,"5,324",50% bullish,of 2 ratings,N/A
WIRE,$31.63,1441131664345,"44,558",100% bearish,of 1 rating,$37
ENDP,$74.13,1441131664422,"1,063,333",50% bullish,of 6 ratings,$104
ECYT,$5.14,1441131664522,"113,114",83% bullish,of 6 ratings,$12
EIGI,$14.8,1441131664548,"338,829",67% bearish,of 3 ratings,$22.50
ELGX,$12.74,1441131664603,"136,017",75% bullish,of 4 ratings,$17
WATT,$7.22,1441131664741,"60,069",50% bullish,of 2 ratings,$13
ERII,$2.63,1441131664879,"5,638",80% bullish,of 5 ratings,$2.50
EXXI,$1.795,1441131664913,"711,641",86% bullish,of 7 ratings,$3.50
EFOI,$23.12,1441131664938,"561,164",50% bullish,of 2 ratings,$24.50
ENG,$1.01,1441131665016,"18,500",100% bullish,of 3 ratings,N/A
ESGR,$147.53,1441131665037,"16,209",100% bearish,of 1 rating,$185
ENOC,$9.08,1441131665074,"95,095",75% bullish,of 4 ratings,$18
ENPH,$4.51,1441131665117,"310,252",75% bullish,of 4 ratings,$11
ENFC,$17.49,1441131665167,438,Not yet rated,NULL,N/A
ENTG,$13.4175,1441131665220,"187,003",100% bearish,of 1 rating,$18
ENTL,$21.245,1441131665299,"17,440",Not yet rated,NULL,$28
ETRM,$0.2731,1441131665351,"211,862",69% bearish,of 35 ratings,$1.625
EBTC,$21.15,1441131665431,700,Not yet rated,NULL,N/A
EFSC,$23.69,1441131665490,"13,718",Not yet rated,NULL,$27
EGT,$2,1441131665623,"2,500",100% bullish,of 1 rating,N/A
ENVI,$1.8235,1441131665689,"3,857",67% bullish,of 3 ratings,N/A
ENZN,$0.978,1441131665718,"142,556",100% bullish,of 9 ratings,N/A
EPZM,$19.72,1441131665752,"140,269",60% bullish,of 5 ratings,$34
EPIQ,$12.47,1441131665777,"11,673",100% bearish,of 1 rating,$18
ENZY,$9.82,1441131665820,"20,920",67% bullish,of 3 ratings,$9.50
PLUS,$74.51,1441131665845,"28,871",50% bullish,of 2 ratings,$88
EPRS,$5.02,1441131665979,"24,275",82% bullish,of 11 ratings,$15
EQIX,$262.87,1441131666044,"315,990",75% bullish,of 4 ratings,$312.50
EQFN,$8.07,1441131666075,800,100% bearish,of 1 rating,N/A
EAC,$3.495,1441131666095,"7,308",100% bearish,of 1 rating,$8
ERIE,$80.8442,1441131666175,"5,480",Not yet rated,NULL,$73
ERIC,$9.5451,1441131666258,"1,131,235",67% bullish,of 9 ratings,$12.20
ESCA,$17.72,1441131666384,700,100% bearish,of 1 rating,$22
ESCRP,$1.5299,1441131666409,"1,000",100% bearish,of 1 rating,N/A
ESCR,$0.1397,1441131666462,"210,998",50% bullish,of 2 ratings,N/A
ESPR,$47.5,1441131666487,"527,562",70% bearish,of 10 ratings,$122.50
ESMC,$1.3801,1441131666541,110,Not yet rated,NULL,N/A
EPIX,$6,1441131666629,362,Not yet rated,NULL,N/A
ESSA,$12.97,1441131666674,"2,800",100% bearish,of 1 rating,N/A
ESND,$33.8,1441131666762,"43,157",100% bearish,of 2 ratings,$40
ETSY,$14.096,1441131666787,"154,565",80% bullish,of 5 ratings,$16
ESSX,$0.487,1441131666919,"36,883",50% bullish,of 2 ratings,N/A
EEFT,$62.71,1441131666951,"46,503",100% bearish,of 1 rating,$67.50
CLWT,$2.496,1441131666972,300,100% bullish,of 1 rating,N/A
ESEA,$4.96,1441131667001,420,100% bullish,of 1 rating,$15
EVEP,$8.664,1441131667051,"141,919",50% bullish,of 2 ratings,$15
EVLV,$2.66,1441131667183,"30,280",60% bullish,of 5 ratings,$4.625
EVOK,$3.5599,1441131667312,"27,925",100% bearish,of 1 rating,$13.375
EXA,$10.77,1441131667342,"5,147",100% bearish,of 1 rating,$13
EVK,$3.77,1441131667410,890,75% bearish,of 4 ratings,N/A
EVOL,$5.86,1441131667438,"6,900",75% bullish,of 4 ratings,$10
EXAC,$19.05,1441131667472,"14,853",100% bearish,of 1 rating,$22.50
EXAS,$21.83,1441131667501,"382,031",78% bullish,of 9 ratings,$31
EXEL,$5.5301,1441131667602,"4,060,007",81% bullish,of 16 ratings,$6
EXPE,$110.77,1441131667662,"606,832",64% bullish,of 11 ratings,$130
EXLS,$36,1441131667693,"43,450",50% bullish,of 2 ratings,$41
EXFO,$3,1441131667793,391,67% bearish,of 3 ratings,$3.95
EXPD,$48.38,1441131667962,"586,594",80% bullish,of 5 ratings,$52
EXLP,$20.3,1441131667987,"53,348",100% bearish,of 1 rating,$25
ESRX,$81.6599,1441131668014,"1,998,185",67% bearish,of 6 ratings,$101
EXPO,$42.26,1441131668039,"21,163",100% bearish,of 1 rating,$45.50
EXTR,$2.99,1441131668204,"420,194",80% bullish,of 5 ratings,$3
EYEG,$3.78,1441131668266,"18,419",Not yet rated,NULL,N/A
EYEGW,$1.06,1441131668372,"1,800",Not yet rated,NULL,N/A
FFIV,$118.6327,1441131668405,"377,784",63% bullish,of 8 ratings,$132
EZPW,$6.33,1441131668432,"126,982",50% bullish,of 4 ratings,$7
FB,$87.312,1441131668470,"14,228,803",73% bullish,of 1072 ratings,$111
EZCH,$22.72,1441131668501,"63,429",75% bullish,of 8 ratings,$19.50
FCS,$13.29,1441131668526,"222,756",67% bearish,of 3 ratings,$17
FRP,$15.86,1441131668600,"19,841",100% bearish,of 1 rating,$18
FALC,$1.72,1441131668758,"16,500",63% bearish,of 8 ratings,N/A
FWM,$2.205,1441131668806,"56,497",100% bearish,of 2 ratings,$3.20
DAVE,$14.39,1441131668838,"5,629",100% bearish,of 1 rating,$15.50
FFKT,$25.7,1441131668868,"4,420",Not yet rated,NULL,$29
FARM,$22.38,1441131668934,"24,745",100% bearish,of 1 rating,$35
FMNB,$8.16,1441131668970,"2,616",Not yet rated,NULL,N/A
FAST,$37.49,1441131669060,"725,570",80% bullish,of 5 ratings,$45.50
FARO,$38.3,1441131669085,"38,046",50% bullish,of 2 ratings,$48
FBSS,$15.8,1441131669163,274,Not yet rated,NULL,N/A
FBRC,$21.8,1441131669258,"28,540",100% bearish,of 1 rating,$29
FDML,$9.11,1441131669330,"126,229",50% bullish,of 4 ratings,$14
FATE,$6.47,1441131669391,"10,360",50% bullish,of 2 ratings,$11
FNHC,$21.55,1441131669456,"24,697",100% bearish,of 1 rating,$35
FEIC,$73.63,1441131669535,"62,169",50% bullish,of 2 ratings,$95.50
FHCO,$1.43,1441131669568,"11,012",50% bullish,of 4 ratings,N/A
FENX,$9.89,1441131669594,"28,175",100% bullish,of 1 rating,$14.25
FCSC,$5.45,1441131669667,"34,262",100% bearish,of 1 rating,$8.125
ONEQ,$183.5212,1441131669734,"12,347",100% bullish,of 1 rating,N/A
FDUS,$14.71,1441131669880,"11,554",50% bullish,of 2 ratings,$18
FGEN,$22.96,1441131669911,"94,885",100% bearish,of 1 rating,$39
FRGI,$50.36,1441131669932,"49,320",50% bullish,of 2 ratings,$70
LION,$18.5956,1441131669952,"65,114",100% bullish,of 1 rating,$20
FSCFL,$24.74,1441131670082,"3,707",Not yet rated,NULL,N/A
FSAM,$8.2,1441131670113,"3,268",100% bearish,of 1 rating,$10.25
FSC,$6.53,1441131670134,"355,706",60% bullish,of 5 ratings,$8
FITBI,$27.4501,1441131670220,"2,648",Not yet rated,NULL,N/A
FITB,$19.19,1441131670264,"3,263,997",54% bullish,of 13 ratings,$22
FSFR,$8.7601,1441131670289,"17,770",100% bearish,of 1 rating,$11.50
FNGN,$30.95,1441131670351,"182,637",67% bullish,of 3 ratings,$47
FISI,$24.6,1441131670426,"9,546",100% bullish,of 2 ratings,$24.50
FNJN,$1.7882,1441131670502,"25,321",100% bearish,of 1 rating,$5
FNSR,$15.24,1441131670528,"229,885",71% bullish,of 7 ratings,$24
FNTC,NULL,1441131670606,0,Not yet rated,NULL,N/A
FEYE,$36.882,1441131670695,"1,242,360",88% bullish,of 16 ratings,$55.50
FNTCU,NULL,1441131670722,0,Not yet rated,NULL,N/A
FNTCW,NULL,1441131670750,0,Not yet rated,NULL,N/A
FBNC,$16.57,1441131670771,"5,426",100% bullish,of 1 rating,$20
FNLC,$18.57,1441131670799,"4,326",100% bullish,of 1 rating,N/A
BUSE,$6.3,1441131670939,"63,831",Not yet rated,NULL,$6.875
FRBA,$6.03,1441131671092,"2,638",Not yet rated,NULL,$8
FBIZ,$22.09,1441131671140,"11,870",100% bearish,of 2 ratings,$26
FCVA,$4.8,1441131671169,835,Not yet rated,NULL,N/A
FCAP,$26.5,1441131671270,200,Not yet rated,NULL,N/A
FCFS,$39.66,1441131671294,"53,940",100% bearish,of 3 ratings,$47
FCBC,$17.36,1441131671439,"3,661",Not yet rated,NULL,$18
FCCO,$12.25,1441131671465,"14,494",Not yet rated,NULL,$13.25
FCNCA,$227.93,1441131671486,"1,977",Not yet rated,NULL,N/A
FCLF,$9.19,1441131671536,"1,500",Not yet rated,NULL,N/A
FDEF,$36.49,1441131671639,"8,733",Not yet rated,NULL,$38
FFNM,$6.39,1441131671670,200,Not yet rated,NULL,N/A
FCFP,$6.9001,1441131671704,"2,800",Not yet rated,NULL,N/A
FBNK,$16.55,1441131671732,"11,024",100% bearish,of 1 rating,$17.50
FFBC,$17.885,1441131671802,"58,905",67% bearish,of 3 ratings,$20.25
FFBCW,NULL,1441131671830,0,100% bearish,of 1 rating,N/A
FFIN,$29.84,1441131671960,"50,725",50% bullish,of 2 ratings,$31.75
THFF,$32.49,1441131672091,"8,297",Not yet rated,NULL,$35
FFWM,$21.05,1441131672118,"4,274",Not yet rated,NULL,$24
FFNW,$12.18,1441131672301,"15,272",Not yet rated,NULL,$14
FRME,$25.55,1441131672330,"110,433",Not yet rated,NULL,$26.50
FMBI,$16.88,1441131672361,"127,722",Not yet rated,NULL,$20
INBK,$30.5001,1441131672385,"10,053",50% bullish,of 2 ratings,$37
FIBK,$25.95,1441131672409,"58,158",Not yet rated,NULL,$32
FMBH,NULL,1441131672442,0,Not yet rated,NULL,N/A
FNBC,$34.18,1441131672468,"23,165",Not yet rated,NULL,$40
FNFG,$8.875,1441131672643,"1,010,847",80% bullish,of 5 ratings,$9
FSGI,$2.48,1441131672672,"2,244",Not yet rated,NULL,N/A
FSFG,$30.94,1441131672697,100,Not yet rated,NULL,N/A
FNWB,$12.09,1441131672723,"6,390",Not yet rated,NULL,N/A
FSLR,$47.84,1441131672857,"715,198",72% bullish,of 39 ratings,$65
FSBK,$7.69,1441131672881,500,100% bullish,of 1 rating,N/A
FTCS,$35.5,1441131673017,"7,468",100% bearish,of 1 rating,N/A
FBZ,NULL,1441131673059,0,Not yet rated,NULL,N/A
BICK,NULL,1441131673089,0,100% bullish,of 1 rating,N/A
FCAN,$24.2199,1441131673116,250,Not yet rated,NULL,N/A
FV,$22.71,1441131673147,"1,822,245",100% bearish,of 1 rating,N/A
FCA,$18.76,1441131673194,"4,850",Not yet rated,NULL,N/A
IFV,$17.3201,1441131673278,"322,077",100% bearish,of 1 rating,N/A
FEMB,NULL,1441131673326,0,Not yet rated,NULL,N/A
FTSM,$59.98,1441131673616,"319,569",100% bearish,of 1 rating,N/A
TDIV,$24.1599,1441131673642,"52,119",100% bearish,of 1 rating,N/A
FEUZ,$30.5139,1441131673666,"1,624",Not yet rated,NULL,N/A
MDIV,$18.9799,1441131673694,"117,135",Not yet rated,NULL,N/A
FGM,$34.97,1441131673771,"10,311",Not yet rated,NULL,N/A
FTGC,$22.2975,1441131673920,"45,518",Not yet rated,NULL,N/A
FTHI,$18.94,1441131673944,226,Not yet rated,NULL,N/A
FHK,$32.37,1441131674004,"2,824",Not yet rated,NULL,N/A
HYLS,$49.48,1441131674025,"18,009",100% bearish,of 1 rating,N/A
FPXI,$26.49,1441131674045,300,Not yet rated,NULL,N/A
YDIV,$16.277,1441131674083,"2,569",Not yet rated,NULL,N/A
SKYY,$28.1486,1441131674110,"52,875",100% bullish,of 1 rating,N/A
CU,$12.6199,1441131674298,"4,440",100% bearish,of 1 rating,N/A
PLTM,$6.1901,1441131674323,"2,716",100% bearish,of 1 rating,N/A
FTLB,$18.9971,1441131674381,"1,760",100% bearish,of 1 rating,N/A
FJP,$44.8501,1441131674478,"16,136",Not yet rated,NULL,N/A
FMB,$51.1743,1441131674580,402,Not yet rated,NULL,N/A
LMBS,$50.27,1441131674614,600,Not yet rated,NULL,N/A
QABA,$36.47,1441131674653,"12,384",100% bearish,of 1 rating,N/A
QCLN,$14.83,1441131674711,"12,129",Not yet rated,NULL,N/A
CIBR,$17.3695,1441131674739,"43,759",Not yet rated,NULL,N/A
FONE,NULL,1441131674769,0,Not yet rated,NULL,N/A
CARZ,$33.87,1441131674844,"1,675",100% bearish,of 1 rating,N/A
GRID,$31.16,1441131674932,320,100% bearish,of 1 rating,N/A
RDVY,$20.63,1441131674994,"2,145",Not yet rated,NULL,N/A
QQEW,$40.6639,1441131675032,"102,376",Not yet rated,NULL,N/A
QQXT,$39.3627,1441131675061,"10,545",Not yet rated,NULL,N/A
QTEC,$38.95,1441131675163,"17,837",Not yet rated,NULL,N/A
AIRR,$16.29,1441131675235,"4,963",100% bearish,of 1 rating,N/A
FTSL,$48.83,1441131675366,"23,984",100% bearish,of 1 rating,N/A
FDIV,$46.5375,1441131675391,200,100% bearish,of 1 rating,N/A
FKO,$22.33,1441131675444,300,Not yet rated,NULL,N/A
QINC,$20.02,1441131675469,100,Not yet rated,NULL,N/A
FTW,$30.92,1441131675526,100,Not yet rated,NULL,N/A
TUSA,NULL,1441131675631,0,Not yet rated,NULL,N/A
FKU,$40.62,1441131675727,"11,715",Not yet rated,NULL,N/A
SVVC,$9.23,1441131675789,"10,954",50% bullish,of 2 ratings,$26
FSZ,$38.48,1441131675863,"8,469",Not yet rated,NULL,N/A
FMER,$17.18,1441131675893,"508,453",50% bullish,of 2 ratings,$20
FISV,$82.92,1441131675967,"346,169",100% bearish,of 3 ratings,$90
FSV,$31.43,1441131675994,"15,000",Not yet rated,NULL,$33.60
FUNC,NULL,1441131676034,0,Not yet rated,NULL,N/A
FPRX,$18.3047,1441131676123,"149,763",50% bullish,of 2 ratings,$35
FIVN,$4,1441131676220,"67,563",100% bullish,of 1 rating,$8.50
FLML,$21.5,1441131676267,"68,931",50% bullish,of 2 ratings,$30
FIVE,$37.25,1441131676292,"524,594",75% bearish,of 4 ratings,$44
FLKS,$11.66,1441131676355,"15,233",50% bullish,of 2 ratings,$27
SKOR,$50.76,1441131676589,800,Not yet rated,NULL,N/A
FLXS,$30.51,1441131676622,"10,493",100% bearish,of 2 ratings,N/A
MBSD,$25.14,1441131676649,408,Not yet rated,NULL,N/A
FLXN,$24.64,1441131676685,"44,872",100% bearish,of 1 rating,$40
FLEX,$10.245,1441131676782,"880,223",63% bullish,of 8 ratings,$12
FLDM,$11.645,1441131676832,"122,342",67% bearish,of 3 ratings,$15
FLIR,$28.07,1441131676859,"337,458",100% bearish,of 2 ratings,$38.50
FFIC,$19.21,1441131677063,"21,951",Not yet rated,NULL,$20.50
FOMX,$9.86,1441131677096,"46,692",50% bullish,of 2 ratings,$23.50
FOGO,$19.152,1441131677116,"43,403",50% bullish,of 2 ratings,$25.50
FES,$0.93,1441131677148,"5,850",50% bullish,of 2 ratings,$1
FONR,$9.52,1441131677173,"1,885",100% bullish,of 1 rating,N/A
FORM,$6.55,1441131677198,"86,963",67% bullish,of 3 ratings,$10.50
FORTY,$29.65,1441131677334,238,100% bearish,of 1 rating,N/A
FORR,$30.95,1441131677500,"12,675",Not yet rated,NULL,N/A
FBIO,$2.67,1441131677540,"26,863",83% bullish,of 6 ratings,N/A
FTNT,$40.83,1441131677572,"479,129",80% bullish,of 10 ratings,$52
FORD,$1.6974,1441131677600,"2,817,766",67% bullish,of 3 ratings,N/A
FWRD,$44.15,1441131677621,"64,598",100% bearish,of 1 rating,$50
FWP,$26.03,1441131677674,"7,403",100% bearish,of 1 rating,$45
FMI,$23.05,1441131677834,"74,980",100% bearish,of 2 ratings,$27.50
FXCB,$17.18,1441131677909,"8,863",Not yet rated,NULL,$19
FOSL,$60.05,1441131677942,"340,300",60% bearish,of 5 ratings,$80
FOXF,$15.03,1441131678004,"25,751",100% bearish,of 1 rating,$19
FELE,$27.89,1441131678035,"119,099",50% bullish,of 4 ratings,$33
FRAN,$11.14,1441131678062,"183,354",50% bullish,of 4 ratings,$15
FRED,$12.82,1441131678138,"65,201",50% bullish,of 2 ratings,$15.50
FREE,$0.3801,1441131678197,"225,243",92% bullish,of 12 ratings,N/A
RAIL,$20.83,1441131678271,"35,741",100% bearish,of 1 rating,$24.50
FEIM,$10.92,1441131678296,"3,500",100% bearish,of 1 rating,N/A
FTR,$5.01,1441131678428,"5,535,931",78% bullish,of 27 ratings,$6.25
FRPT,$12.85,1441131678453,"127,482",67% bearish,of 3 ratings,$23.50
FRPH,$30.97,1441131678484,"1,301",100% bearish,of 1 rating,N/A
FTRPR,$100.11,1441131678584,"1,645",100% bearish,of 1 rating,N/A
FTD,$29.51,1441131678627,"38,875",100% bearish,of 1 rating,$40
FSBW,$22.99,1441131678715,800,Not yet rated,NULL,N/A
FTEK,$1.99,1441131678786,"64,969",75% bullish,of 4 ratings,N/A
FCEL,$0.8599,1441131678845,"2,076,999",88% bullish,of 41 ratings,$2.65
FSYS,$6.65,1441131678871,"113,815",67% bullish,of 3 ratings,$10
FULL,$3.12,1441131678898,"16,136",67% bearish,of 3 ratings,$4.25
FULT,$11.71,1441131678940,"228,917",100% bearish,of 1 rating,$13
FLL,$1.49,1441131679028,462,75% bullish,of 4 ratings,$3.50
FULLL,$24.99,1441131679053,770,Not yet rated,NULL,N/A
FSNN,$2.1099,1441131679185,"1,575",67% bullish,of 3 ratings,$6
FFHL,$0.9703,1441131679215,"1,480",50% bullish,of 4 ratings,N/A
FXEN,$0.98,1441131679238,"25,959",75% bullish,of 4 ratings,$1.10
FXENP,$15.86,1441131679316,"1,067",100% bearish,of 1 rating,N/A
GK,$65.74,1441131679379,"20,656",Not yet rated,NULL,$78
GAIA,$6.02,1441131679483,"3,200",50% bullish,of 2 ratings,$8.50
WILC,$4.9899,1441131679508,154,100% bullish,of 2 ratings,N/A
GALT,$2.2198,1441131679579,"23,167",80% bullish,of 5 ratings,N/A
GLPG,$58.85,1441131679639,"11,535",100% bullish,of 1 rating,$75
GALTU,NULL,1441131679712,0,100% bearish,of 1 rating,N/A
GALE,$1.62,1441131679789,"1,209,524",89% bullish,of 47 ratings,$4
GALTW,NULL,1441131679891,0,100% bullish,of 1 rating,N/A
GLMD,$8.17,1441131679967,"11,756",67% bullish,of 3 ratings,$20.50
GPIC,$9.5,1441131680038,786,100% bearish,of 1 rating,N/A
GLPI,$30.61,1441131680066,"364,607",100% bearish,of 1 rating,$37.50
GRMN,$36.76,1441131680095,"405,340",50% bullish,of 6 ratings,$46.50
GGACR,$0.26,1441131680200,200,100% bullish,of 1 rating,N/A
GGAC,NULL,1441131680227,0,100% bearish,of 1 rating,N/A
GGACU,$10.22,1441131680275,100,Not yet rated,NULL,N/A
GGACW,$0.15,1441131680356,"1,263",Not yet rated,NULL,N/A
GARS,$14.4603,1441131680407,"15,810",Not yet rated,NULL,$16
GENC,$9.0134,1441131680432,620,100% bearish,of 1 rating,N/A
GNCMA,$16.44,1441131680457,"52,485",100% bearish,of 1 rating,$12
GFNCP,$91.475,1441131680587,800,Not yet rated,NULL,N/A
GFN,$3.74,1441131680658,"4,100",100% bearish,of 2 ratings,$8
GFNSL,$25.4,1441131680745,"1,200",Not yet rated,NULL,N/A
GENE,$2.345,1441131680787,"125,779",100% bullish,of 12 ratings,N/A
GNMK,$9.86,1441131680812,"42,987",67% bullish,of 6 ratings,$14
GNCA,$11.41,1441131680876,"61,640",100% bearish,of 1 rating,$20
GNTX,$15.23,1441131680947,"700,104",Not yet rated,NULL,$20
THRM,$44.55,1441131681024,"100,742",75% bearish,of 4 ratings,$55.50
GHDX,$26.225,1441131681054,"87,710",50% bullish,of 2 ratings,$30
GNVC,$2.33,1441131681153,"19,359",90% bullish,of 10 ratings,$8.50
GEOS,$17.44,1441131681185,"46,071",100% bearish,of 3 ratings,$21
GTWN,NULL,1441131681213,0,Not yet rated,NULL,N/A
GABC,$28.56,1441131681243,"6,458",Not yet rated,NULL,$31
GERN,$2.98,1441131681342,"797,414",88% bullish,of 16 ratings,$5.25
GEVO,$2.39,1441131681416,"179,839",75% bullish,of 12 ratings,$5
ROCK,$16.04,1441131681489,"191,084",80% bullish,of 5 ratings,$24
GIGM,$0.53,1441131681571,"10,598",100% bullish,of 2 ratings,N/A
GIII,$66.95,1441131681602,"159,053",67% bullish,of 3 ratings,$75
GIGA,$1.47,1441131681632,"146,104",100% bearish,of 1 rating,N/A
GILD,$102.119,1441131681700,"4,107,289",91% bullish,of 87 ratings,$129
GILT,$4.121,1441131681728,"3,430",50% bullish,of 2 ratings,N/A
GBCI,$25.145,1441131681856,"122,132",50% bullish,of 2 ratings,$31
GLADO,$25.55,1441131681919,100,Not yet rated,NULL,N/A
GOODN,$25.61,1441131681948,300,Not yet rated,NULL,N/A
GLAD,$8.8112,1441131681972,"129,968",50% bullish,of 2 ratings,$8.75
GOOD,$14.34,1441131681997,"32,459",Not yet rated,NULL,$19
GOODO,$25,1441131682136,1,Not yet rated,NULL,N/A
GOODP,$25.2,1441131682199,942,Not yet rated,NULL,N/A
GAIN,$7.35,1441131682237,"57,344",100% bullish,of 2 ratings,$8.25
GAINO,$25.17,1441131682379,842,Not yet rated,NULL,N/A
GAINN,$24.866,1441131682422,"19,974",Not yet rated,NULL,N/A
GAINP,$25.9228,1441131682484,701,Not yet rated,NULL,N/A
LAND,$9.0324,1441131682510,"42,040",50% bullish,of 2 ratings,$13.75
GLBZ,$11.25,1441131682553,457,Not yet rated,NULL,N/A
GBT,$49.21,1441131682687,"39,865",100% bearish,of 1 rating,N/A
GBLI,$27.08,1441131682720,"9,242",Not yet rated,NULL,N/A
ENT,$11.06,1441131682748,"200,314",100% bearish,of 1 rating,$18
GDEF,$10.54,1441131682774,678,Not yet rated,NULL,N/A
QQQC,$18.31,1441131683079,"3,710",100% bearish,of 1 rating,N/A
GPACU,NULL,1441131683108,0,Not yet rated,NULL,N/A
SOCL,$17.1499,1441131683158,"13,349",100% bullish,of 2 ratings,N/A
GSOL,$8.31,1441131683182,"14,458",100% bearish,of 1 rating,N/A
ACTX,NULL,1441131683211,0,100% bullish,of 1 rating,N/A
SRET,$12.855,1441131683236,507,Not yet rated,NULL,N/A
ALTY,$14.31,1441131683286,200,Not yet rated,NULL,N/A
YLCO,$11.6199,1441131683458,"1,363",Not yet rated,NULL,N/A
GAI,$6.8,1441131683534,"17,288",50% bullish,of 2 ratings,N/A
GBIM,$2.55,1441131683562,"7,353",50% bullish,of 2 ratings,N/A
GLRI,$1.18,1441131683598,"2,180",100% bearish,of 1 rating,$4.25
GLBS,NULL,1441131683623,0,67% bullish,of 3 ratings,N/A
GLUU,$4.3199,1441131683695,"695,422",92% bullish,of 26 ratings,$9
GSM,$13.405,1441131683722,"266,928",50% bullish,of 2 ratings,$22
GLYC,$7.035,1441131683885,"6,968",50% bullish,of 2 ratings,$14
GOGO,$15.46,1441131683916,"224,977",80% bullish,of 5 ratings,$25
GLNG,$38.35,1441131683959,"385,683",83% bullish,of 6 ratings,$55.50
GLDC,$3.97,1441131683986,"4,260",50% bullish,of 2 ratings,N/A
GMLP,$19.68,1441131684015,"59,695",50% bullish,of 4 ratings,$29
GOGL,$3.035,1441131684115,"61,392",75% bullish,of 4 ratings,$5
GDEN,$9.04,1441131684142,"1,200",50% bullish,of 2 ratings,N/A
GTIM,$6.65,1441131684270,"14,386",Not yet rated,NULL,$11.50
GBDC,$17.04,1441131684343,"170,084",Not yet rated,NULL,$17.75
GOOG,$599.9,1441131684375,"987,079",88% bullish,of 72 ratings,$825
GOOGL,$630.9763,1441131684400,"580,013",88% bullish,of 1082 ratings,$749
GPRO,$43.35,1441131684424,"6,936,065",78% bullish,of 58 ratings,$72
GMAN,$3.73,1441131684475,"14,602",60% bullish,of 5 ratings,$8.50
GPIAU,NULL,1441131684683,0,Not yet rated,NULL,N/A
GBSNU,NULL,1441131684713,0,NULL,NULL,NULL
GBSN,$0.2918,1441131684744,"2,725,005",50% bullish,of 2 ratings,$8.25
GPIAW,NULL,1441131684765,0,Not yet rated,NULL,N/A
GPIA,NULL,1441131684798,0,100% bearish,of 1 rating,N/A
GRVY,$3.29,1441131684823,"8,100",50% bullish,of 2 ratings,N/A
LOPE,$36.705,1441131684851,"121,299",100% bearish,of 2 ratings,$50
GLDD,$5.295,1441131685032,"58,525",100% bearish,of 4 ratings,$7.75
GSBC,$39.84,1441131685098,"15,032",100% bullish,of 1 rating,$44
GNBC,$11.7475,1441131685137,"4,623",100% bearish,of 1 rating,$16.50
GRBK,$11.7,1441131685163,"73,182",77% bullish,of 13 ratings,N/A
GPRE,$20.49,1441131685342,"208,345",67% bullish,of 6 ratings,$28.50
GCBC,$28.497,1441131685373,456,100% bullish,of 1 rating,N/A
GLRE,$25.095,1441131685399,"86,223",50% bullish,of 2 ratings,$41
GPP,$14.19,1441131685424,"21,298",Not yet rated,NULL,$20.50
GRFS,$29.8501,1441131685474,"171,869",50% bullish,of 2 ratings,$35
GRIF,NULL,1441131685555,0,100% bearish,of 1 rating,N/A
OMAB,$40.75,1441131685608,"12,630",100% bullish,of 1 rating,$44
GGAL,$18.91,1441131685637,"106,944",80% bullish,of 5 ratings,$40
GRPN,$4.3,1441131685663,"2,503,526",61% bullish,of 71 ratings,$6.75
GSIG,$12.67,1441131685746,"6,307",100% bearish,of 2 ratings,N/A
GSIT,$4.62,1441131685818,"10,954",100% bearish,of 1 rating,N/A
GSVC,$8.68,1441131685903,"29,744",50% bullish,of 2 ratings,$15.75
GTXI,$0.87,1441131686032,"4,150",100% bullish,of 5 ratings,$.75
GFED,NULL,1441131686125,0,Not yet rated,NULL,$17
GBNK,$15.58,1441131686162,"8,383",100% bearish,of 1 rating,$18
GUID,$6.85,1441131686211,"49,298",100% bearish,of 3 ratings,$10
GURE,$1.7,1441131686356,"7,245",88% bullish,of 8 ratings,N/A
GULTU,$0.3325,1441131686381,"16,110",100% bearish,of 1 rating,N/A
GIFI,$12.8,1441131686441,"19,976",100% bearish,of 1 rating,$16
GPOR,$34.77,1441131686513,"651,791",75% bullish,of 4 ratings,$54
GWPH,$103.83,1441131686540,"82,100",78% bullish,of 9 ratings,$148.50
GWGH,$8.15,1441131686568,200,100% bearish,of 1 rating,$15.05
GYRO,$28.5,1441131686610,"80,204",100% bearish,of 1 rating,N/A
HLG,$9,1441131686709,"10,262",100% bearish,of 1 rating,N/A
HEES,$19.39,1441131686767,"166,138",67% bearish,of 3 ratings,$31
HNRG,$7.695,1441131686796,"31,521",100% bearish,of 1 rating,$10
HALO,$16.865,1441131686898,"353,071",67% bullish,of 3 ratings,$22.50
HALL,$11.39,1441131686947,"6,162",Not yet rated,NULL,N/A
HMPR,$1.84,1441131687006,"11,600",100% bullish,of 1 rating,N/A
HBK,$13.6,1441131687139,"1,553",50% bullish,of 2 ratings,N/A
HBHC,$26.725,1441131687170,"192,055",50% bullish,of 2 ratings,$30
HBHCL,$24.2,1441131687200,"21,582",Not yet rated,NULL,N/A
HNH,$24.475,1441131687274,"10,783",100% bullish,of 1 rating,N/A
HAFC,$23.43,1441131687303,"57,494",100% bullish,of 2 ratings,$28.50
HNSN,$0.5201,1441131687368,"42,030",88% bullish,of 8 ratings,$.40
HQCL,$12.46,1441131687399,"14,871",67% bullish,of 3 ratings,$14
HLIT,$5.66,1441131687504,"88,241",100% bearish,of 1 rating,$6.50
HDNG,$10.0989,1441131687595,"6,040",50% bullish,of 4 ratings,N/A
HRMN,NULL,1441131687635,0,Not yet rated,NULL,N/A
HRMNU,NULL,1441131687662,0,Not yet rated,NULL,N/A
HRMNW,NULL,1441131687796,0,Not yet rated,NULL,N/A
TINY,$2.44,1441131687821,"16,910",50% bullish,of 2 ratings,$5.26
HART,$1.296,1441131687853,"191,584",100% bearish,of 1 rating,N/A
HBIO,$4.28,1441131687966,"14,701",100% bearish,of 1 rating,$10
HCAP,$12.1,1441131688099,"9,642",50% bullish,of 2 ratings,$15
HCAPL,NULL,1441131688130,0,Not yet rated,NULL,N/A
HAS,$72.58,1441131688166,"396,755",63% bullish,of 8 ratings,$84.50
HA,$22.53,1441131688195,"217,910",67% bullish,of 9 ratings,$27
HCOM,$21.71,1441131688227,"2,605",100% bearish,of 1 rating,$28
HWKN,$37.89,1441131688303,"14,613",Not yet rated,NULL,N/A
HWBK,NULL,1441131688441,0,100% bearish,of 1 rating,N/A
HAYN,$37.85,1441131688495,"12,588",100% bearish,of 1 rating,$59
HIIQ,$4.865,1441131688520,"22,440",50% bullish,of 2 ratings,$7
HDS,$31.9,1441131688590,"680,755",100% bearish,of 2 ratings,$39.50
HCSG,$33.01,1441131688650,"104,191",50% bullish,of 4 ratings,$35
HWAY,$11.83,1441131688846,"114,799",100% bearish,of 1 rating,$15
HSTM,$23.96,1441131688874,"28,674",50% bullish,of 2 ratings,$33.75
HTLD,$19.89,1441131688907,"209,712",Not yet rated,NULL,$22.50
HQY,$28.93,1441131688928,"66,773",67% bullish,of 3 ratings,$35
HTLF,$35.41,1441131688960,"9,175",100% bullish,of 1 rating,$39.50
HTBX,$3.9848,1441131689008,"136,765",50% bullish,of 2 ratings,$15.50
HTWR,$82.57,1441131689060,"51,696",50% bullish,of 2 ratings,$103
HELE,$82.17,1441131689244,"70,305",67% bearish,of 3 ratings,$100
HSII,$19.535,1441131689279,"19,564",100% bullish,of 3 ratings,$25
HMNY,NULL,1441131689308,0,100% bearish,of 1 rating,N/A
HMTV,$13.35,1441131689374,"13,678",100% bearish,of 1 rating,$16
HNNA,$24.7,1441131689400,"2,277",Not yet rated,NULL,N/A
HCACU,NULL,1441131689455,0,Not yet rated,NULL,N/A
HSIC,$132.82,1441131689481,"125,968",83% bullish,of 6 ratings,$146
HERO,NULL,1441131689558,0,NULL,NULL,NULL
HFWA,$17.22,1441131689646,"20,123",100% bullish,of 1 rating,$20
HTBK,$10.27,1441131689694,"43,314",Not yet rated,NULL,$12
HEOP,$7.68,1441131689826,"8,177",Not yet rated,NULL,$8.50
MLHR,$26.36,1441131689853,"73,345",50% bullish,of 2 ratings,$33.50
HCCI,$11.47,1441131689874,"18,855",100% bearish,of 1 rating,$16.50
HSKA,$33.765,1441131690013,"10,529",100% bearish,of 1 rating,$38
HRTX,$36.58,1441131690034,"968,639",57% bullish,of 7 ratings,$41
HFFC,$15.87,1441131690063,702,Not yet rated,NULL,N/A
HIBB,$39.01,1441131690118,"90,585",100% bearish,of 1 rating,$46.50
HPJ,$2.19,1441131690192,"7,331",75% bullish,of 4 ratings,$12.43
HIMX,$6.665,1441131690219,"574,823",86% bullish,of 21 ratings,$8.50
HIHO,$4.125,1441131690246,"18,009",Not yet rated,NULL,N/A
HSGX,$6.04,1441131690383,"3,132",100% bearish,of 1 rating,$17
HIFS,$116.03,1441131690412,"1,000",Not yet rated,NULL,N/A
HMNF,$11.689,1441131690442,"1,101",Not yet rated,NULL,N/A
HOLX,$37.38,1441131690545,"1,184,669",50% bullish,of 4 ratings,$42
HMSY,$9.83,1441131690574,"296,811",67% bullish,of 3 ratings,$19.35
HOLI,$16.78,1441131690619,"101,623",50% bullish,of 4 ratings,$27
HBCP,$24.73,1441131690751,429,Not yet rated,NULL,$29
HFBL,$21.647,1441131690810,"1,298",Not yet rated,NULL,N/A
HOMB,$36.55,1441131690839,"39,359",Not yet rated,NULL,$42
HMST,$21.61,1441131690946,"78,609",100% bullish,of 2 ratings,$27
AWAY,$27.855,1441131690971,"309,794",67% bullish,of 3 ratings,$36
HMIN,$25.86,1441131691000,"73,900",100% bearish,of 2 ratings,$35
HTBI,$18,1441131691104,"83,280",67% bullish,of 3 ratings,$18.625
HOFT,$23.37,1441131691169,"20,205",100% bearish,of 1 rating,N/A
HKTV,$4.356,1441131691198,"27,650",100% bearish,of 1 rating,N/A
CETC,$0.7372,1441131691275,"49,698",86% bullish,of 7 ratings,N/A
HZNP,$28.684,1441131691351,"650,850",85% bullish,of 20 ratings,$40
HBNC,$23.58,1441131691378,"13,685",100% bullish,of 1 rating,$27
HFBC,$11.37,1441131691403,"25,502",Not yet rated,NULL,N/A
HRZN,$10.47,1441131691644,"11,837",50% bullish,of 2 ratings,$14.25
HMHC,$22.41,1441131691680,"840,674",Not yet rated,NULL,$27
ZINC,$7.75,1441131691713,"277,969",100% bearish,of 1 rating,$17
HDP,$22.85,1441131691741,"101,989",67% bearish,of 3 ratings,$30.50
HOVNP,$4.07,1441131691773,"1,600",100% bearish,of 1 rating,N/A
HWCC,$7.44,1441131691806,"108,746",100% bearish,of 1 rating,$9
HBMD,$14.4,1441131691831,"2,400",100% bearish,of 1 rating,N/A
HSNI,$59.57,1441131691902,"90,216",Not yet rated,NULL,$80
HTGM,$5.88,1441131692031,"1,900",100% bearish,of 1 rating,$19.50
HUBG,$37.05,1441131692119,"62,810",100% bearish,of 1 rating,$43
HSON,$2.6399,1441131692179,"3,020",100% bearish,of 1 rating,$5
HCBK,$8.85,1441131692212,"1,036,842",83% bullish,of 6 ratings,$8.61
HDSN,$3.13,1441131692311,"1,552",100% bullish,of 1 rating,$6.25
HBANP,NULL,1441131692338,0,100% bearish,of 1 rating,N/A
HURC,$29.95,1441131692363,"3,739",100% bearish,of 1 rating,N/A
HTCH,$1.4199,1441131692529,"155,843",100% bearish,of 1 rating,$3.50
HBAN,$10.48,1441131692577,"2,388,737",76% bullish,of 17 ratings,$12.29
HURN,$70.99,1441131692606,"138,732",50% bullish,of 2 ratings,$80
HBP,$3.1397,1441131692639,"2,280",100% bullish,of 1 rating,N/A
HDRA,NULL,1441131692659,0,Not yet rated,NULL,N/A
HDRAU,$0.05,1441131692741,0,Not yet rated,NULL,N/A
HDRAR,NULL,1441131692768,0,Not yet rated,NULL,N/A
HDRAW,NULL,1441131692899,0,Not yet rated,NULL,N/A
HYGS,$8.9223,1441131692924,"11,956",50% bullish,of 2 ratings,$13
IACI,$69.14,1441131693096,"311,668",80% bullish,of 5 ratings,$90
IKGH,$1.43,1441131693122,"43,530",75% bullish,of 4 ratings,N/A
IDSY,$3.73,1441131693199,"7,000",100% bearish,of 1 rating,$7
IBKC,$58.47,1441131693254,"65,211",100% bullish,of 1 rating,$70
ICFI,$33.36,1441131693351,"88,240",50% bullish,of 2 ratings,$48.50
ICAD,$3.71,1441131693377,"7,580",100% bullish,of 2 ratings,$7.25
ICON,$13.24,1441131693408,"285,490",50% bullish,of 2 ratings,$28
IEP,$71.08,1441131693433,"33,084",75% bullish,of 4 ratings,$99
ICLR,$75.31,1441131693458,"141,762",100% bearish,of 3 ratings,$85
IPWR,$7.3,1441131693887,"1,200",100% bullish,of 1 rating,$15
INVE,$4.65,1441131693912,"20,477",75% bullish,of 4 ratings,$4
ICUI,$110.71,1441131693937,"32,256",Not yet rated,NULL,$122
IDXX,$70.39,1441131693964,"273,116",100% bearish,of 1 rating,$76
IDRA,$2.91,1441131693985,"631,892",89% bullish,of 9 ratings,$6.50
DSKY,$10.98,1441131694017,"15,778",67% bullish,of 6 ratings,$11.50
IROQ,$16.97,1441131694121,600,100% bullish,of 1 rating,N/A
IKAN,$2.73,1441131694371,"12,188",83% bullish,of 6 ratings,$5
KANG,$15.39,1441131694402,"313,811",50% bullish,of 2 ratings,$23.10
ISNS,$4.2399,1441131694434,"16,078",50% bullish,of 2 ratings,N/A
IIVI,$16.67,1441131694455,"43,826",100% bearish,of 1 rating,$22
IKNX,NULL,1441131694498,0,100% bearish,of 1 rating,N/A
RXDX,$13.4325,1441131694519,"51,236",100% bullish,of 1 rating,$20
IRG,$4.92,1441131694541,"16,055",100% bearish,of 1 rating,$4.25
ILMN,$194.43,1441131694583,"600,144",80% bullish,of 5 ratings,$245
IMMR,$11.22,1441131694834,"179,152",80% bullish,of 5 ratings,$15.50
ICCC,$6.72,1441131695034,"10,673",100% bullish,of 1 rating,N/A
IMDZ,$15.68,1441131695064,"28,806",100% bearish,of 1 rating,$33
IMNP,$1.27,1441131695091,"84,400",50% bullish,of 2 ratings,$6
IPXL,$40.74,1441131695121,"178,434",67% bullish,of 3 ratings,$46.50
INCR,$41.26,1441131695152,"301,839",50% bullish,of 2 ratings,$53
IMMU,$2.15,1441131695177,"422,481",86% bullish,of 7 ratings,$2
IMGN,$13.07,1441131695221,"251,211",75% bullish,of 4 ratings,$17.50
IMMY,$7.77,1441131695246,"1,500",100% bearish,of 1 rating,$11
INCY,$116.25,1441131695395,"470,973",50% bullish,of 6 ratings,$125.50
IBCP,$13.8299,1441131695435,"57,788",100% bullish,of 1 rating,$14.50
SAAS,$7.16,1441131695480,"224,504",50% bullish,of 2 ratings,$15
INDB,$43.73,1441131695511,"23,016",Not yet rated,NULL,$44
IDSA,$3.46,1441131695567,100,Not yet rated,NULL,N/A
IBTX,$39.82,1441131695621,"8,484",100% bullish,of 2 ratings,$47.25
INFI,$8.56,1441131695948,"137,085",50% bullish,of 4 ratings,$16.50
IFON,$1.25,1441131695995,"20,059",75% bullish,of 4 ratings,N/A
INFN,$21.5799,1441131696026,"436,256",71% bullish,of 7 ratings,$28
IPCC,$75.77,1441131696061,"5,055",Not yet rated,NULL,$77.50
III,$3.66,1441131696129,"33,549",57% bullish,of 7 ratings,$6
INWK,$7.06,1441131696156,"34,915",50% bullish,of 2 ratings,$10
IMKTA,$49.03,1441131696182,"24,271",100% bearish,of 1 rating,N/A
INNL,$12.54,1441131696210,"3,776",100% bearish,of 1 rating,$16.50
INOD,$2.346,1441131696345,"2,200",100% bearish,of 1 rating,N/A
IPHS,$46.93,1441131696421,"56,568",100% bearish,of 1 rating,$60
IOSP,$48.4,1441131696446,"68,748",100% bearish,of 1 rating,N/A
INGN,$49.26,1441131696607,"79,900",100% bearish,of 1 rating,$50.50
ISSC,$2.84,1441131696632,"2,875",67% bearish,of 3 ratings,N/A
ITEK,$12.22,1441131696691,"156,424",100% bearish,of 3 ratings,$20
INOV,$21.59,1441131696834,"151,644",100% bearish,of 1 rating,$33
INO,$7.171,1441131696867,"361,024",89% bullish,of 18 ratings,$20
ISIG,$2.68,1441131696968,"2,250",100% bearish,of 1 rating,N/A
NSIT,$24.85,1441131696993,"57,539",50% bullish,of 2 ratings,N/A
INSM,$23.84,1441131697025,"113,956",71% bullish,of 7 ratings,$31.50
IIIN,$16.92,1441131697046,"31,969",100% bearish,of 2 ratings,N/A
PODD,$28.3656,1441131697126,"111,685",67% bearish,of 3 ratings,$35
IART,$58.73,1441131697238,"77,215",100% bearish,of 2 ratings,$71.50
NTEC,$5.54,1441131697301,"1,781",100% bearish,of 1 rating,N/A
INSY,$32.75,1441131697342,"363,080",75% bullish,of 4 ratings,$48
IDTI,$18.47,1441131697398,"714,680",60% bullish,of 5 ratings,$25
IESC,$7.12,1441131697427,"1,112",100% bearish,of 1 rating,N/A
ISSI,$21.9,1441131697482,"51,250",67% bullish,of 3 ratings,$19.75
INTC,$27.831,1441131697660,"14,347,815",82% bullish,of 238 ratings,$36
IQNT,$18.27,1441131697685,"80,570",86% bullish,of 7 ratings,$20
IPCI,$2.1799,1441131697709,"27,563",67% bullish,of 6 ratings,$8
IBKR,$38.42,1441131697753,"356,867",100% bullish,of 1 rating,N/A
IPAR,$24.86,1441131697785,"18,556",67% bullish,of 3 ratings,$38
ICPT,$184.5,1441131697884,"125,984",70% bullish,of 10 ratings,$359.50
ININ,$35.692,1441131697952,"39,307",67% bearish,of 3 ratings,$57
ICLD,$1.8103,1441131697978,"51,099",75% bullish,of 4 ratings,N/A
ICLDW,$1.18,1441131698153,425,100% bearish,of 1 rating,N/A
IDCC,$49.02,1441131698184,"153,968",80% bullish,of 5 ratings,$63
IMI,$2.045,1441131698250,"13,863",67% bullish,of 3 ratings,$2.22
TILE,$23.44,1441131698284,"135,246",100% bearish,of 3 ratings,$27
IGLD,$6.92,1441131698388,"3,500",50% bullish,of 2 ratings,N/A
INAP,$8.93,1441131698408,"397,806",75% bullish,of 4 ratings,$11
IBOC,$24.62,1441131698452,"29,680",100% bearish,of 1 rating,N/A
ISCA,$31.69,1441131698487,"48,203",100% bearish,of 1 rating,N/A
PTNT,$2.94,1441131698620,105,Not yet rated,NULL,N/A
IIJI,NULL,1441131698650,0,50% bullish,of 2 ratings,$11.50
INPH,$0.27,1441131698690,"2,900",50% bullish,of 2 ratings,N/A
XENT,$26.25,1441131698754,"172,753",50% bullish,of 2 ratings,$36.50
INTX,$1.97,1441131698822,"46,512",67% bullish,of 3 ratings,N/A
IILG,$19.36,1441131698898,"57,161",100% bearish,of 1 rating,$29
ISIL,$10.36,1441131698952,"324,346",50% bullish,of 6 ratings,$15
IVAC,$4.61,1441131698979,"20,904",100% bearish,of 1 rating,$6.625
ITCI,$27.28,1441131699114,"336,040",75% bearish,of 4 ratings,$40
INTL,$25.96,1441131699139,"42,589",67% bearish,of 3 ratings,N/A
INTLL,$25.6,1441131699190,300,Not yet rated,NULL,N/A
INVT,$0.3399,1441131699288,"58,833",67% bullish,of 3 ratings,N/A
INTU,$84.52,1441131699325,"703,523",86% bullish,of 7 ratings,$107.50
IIN,$6.25,1441131699370,"1,000",100% bearish,of 1 rating,$12
ISBC,$11.4,1441131699631,"1,086,303",100% bullish,of 1 rating,$13.25
ITIC,$71,1441131699683,200,100% bearish,of 2 ratings,N/A
NVIV,$9.12,1441131699715,"74,081",50% bullish,of 4 ratings,$24.50
ISTR,$15.63,1441131699744,946,100% bearish,of 1 rating,$18.50
SNAK,$8.46,1441131699767,"71,450",50% bullish,of 2 ratings,$14
ISRG,$504.5,1441131699788,"110,504",67% bullish,of 3 ratings,$600
IVTY,$13.58,1441131699823,"3,964",Not yet rated,NULL,$18
IPAS,$1.08,1441131699992,"5,700",67% bullish,of 3 ratings,N/A
DFVL,$66.06,1441131700123,830,Not yet rated,NULL,N/A
DTUL,$64.48,1441131700153,"1,062",Not yet rated,NULL,N/A
IPCM,$79.4201,1441131700180,"45,479",50% bullish,of 2 ratings,$80.125
IPGP,$82.12,1441131700201,"142,055",67% bearish,of 3 ratings,$109.50
IRMD,$23.62,1441131700330,"25,361",67% bearish,of 3 ratings,$25
IRIX,$6.5,1441131700369,"32,405",100% bearish,of 1 rating,N/A
IRDM,$7.085,1441131700433,"287,353",60% bullish,of 5 ratings,$11.50
IRDMB,$274.9056,1441131700469,400,67% bearish,of 3 ratings,N/A
IRCP,NULL,1441131700536,0,100% bullish,of 2 ratings,N/A
IRWD,$10.965,1441131700570,"504,517",100% bearish,of 1 rating,$13
IRBT,$29.02,1441131700595,"68,609",67% bullish,of 6 ratings,$37
GNMA,$50.245,1441131700639,"3,680",Not yet rated,NULL,N/A
FCHI,NULL,1441131700669,0,NULL,NULL,NULL
COMT,$33.4144,1441131700806,"6,892",100% bearish,of 1 rating,N/A
IFAS,NULL,1441131700834,0,NULL,NULL,NULL
IFNA,NULL,1441131700941,0,NULL,NULL,NULL
IFGL,$27.5301,1441131701042,"54,155",Not yet rated,NULL,N/A
AXJS,NULL,1441131701066,0,NULL,NULL,NULL
IFEU,$37.055,1441131701098,"34,994",Not yet rated,NULL,N/A
AAIT,NULL,1441131701138,0,NULL,NULL,NULL
ACWX,$39.5299,1441131701164,"451,786",100% bearish,of 1 rating,N/A
ACWI,$54.27,1441131701194,"1,104,792",Not yet rated,NULL,N/A
AAXJ,$51.72,1441131701241,"498,222",Not yet rated,NULL,N/A
EMDI,NULL,1441131701288,0,NULL,NULL,NULL
EEME,NULL,1441131701320,0,NULL,NULL,NULL
EMEY,NULL,1441131701385,0,NULL,NULL,NULL
EGRW,NULL,1441131701449,0,NULL,NULL,NULL
EEMA,$48.96,1441131701476,"13,907",Not yet rated,NULL,N/A
EEML,$27.25,1441131701526,"1,379",Not yet rated,NULL,N/A
EUFN,$21.1612,1441131701665,"101,549",100% bearish,of 1 rating,N/A
EVAL,NULL,1441131701684,0,NULL,NULL,NULL
IEUS,$44.351,1441131701767,"15,186",100% bearish,of 1 rating,N/A
QAT,$21.49,1441131701813,"21,916",Not yet rated,NULL,N/A
IBB,$335.0801,1441131701842,"768,529",63% bullish,of 8 ratings,N/A
EMIF,$27.78,1441131701940,"56,470",Not yet rated,NULL,N/A
UAE,$18.08,1441131701971,"18,559",Not yet rated,NULL,N/A
SOXX,$80.33,1441131702043,"156,239",50% bullish,of 2 ratings,N/A
ICLN,$9.2599,1441131702129,"12,042",50% bullish,of 2 ratings,N/A
WOOD,$47.12,1441131702190,"3,665",50% bullish,of 2 ratings,N/A
ISHG,$79.9826,1441131702257,"7,171",100% bearish,of 1 rating,N/A
IGOV,$91.0732,1441131702281,"120,979",100% bearish,of 1 rating,N/A
INDY,$26.56,1441131702353,"108,623",50% bullish,of 2 ratings,N/A
ISRL,NULL,1441131702500,0,100% bearish,of 1 rating,N/A
ISLE,$17.91,1441131702530,"208,638",50% bullish,of 4 ratings,$16
ITRN,$23.5,1441131702551,800,50% bullish,of 2 ratings,N/A
ISIS,$48.9,1441131702586,"814,143",53% bullish,of 15 ratings,$67
ITRI,$29.62,1441131702688,"85,725",100% bearish,of 1 rating,$37
IXYS,$11.3,1441131702714,"90,010",50% bullish,of 4 ratings,N/A
XXIA,$15.125,1441131702741,"108,459",71% bullish,of 7 ratings,$14.625
ITUS,$4,1441131702792,"1,600",Not yet rated,NULL,N/A
JJSF,$112,1441131702964,"8,763",100% bearish,of 1 rating,N/A
JBHT,$71.51,1441131703055,"359,057",50% bullish,of 4 ratings,$89.50
MAYS,NULL,1441131703092,0,Not yet rated,NULL,N/A
JASO,$7.96,1441131703118,"504,662",82% bullish,of 17 ratings,$10
JCOM,$67.05,1441131703149,"90,439",100% bullish,of 2 ratings,$77
JKHY,$65.376,1441131703185,"284,731",67% bearish,of 3 ratings,$72
JACK,$76.62,1441131703249,"146,014",83% bullish,of 6 ratings,$105
JAXB,$13.69,1441131703340,"3,278",100% bullish,of 1 rating,N/A
JXSB,$24.2,1441131703415,"2,121",Not yet rated,NULL,N/A
JAGX,$3,1441131703436,"1,550",Not yet rated,NULL,$10.50
JAKK,$9.41,1441131703475,"118,442",60% bearish,of 5 ratings,$11
JMBA,$13.8748,1441131703515,"61,192",75% bullish,of 4 ratings,$18
JRVR,$27,1441131703576,"18,197",Not yet rated,NULL,$32
ERW,NULL,1441131703601,0,Not yet rated,NULL,N/A
JASN,$4.9,1441131703649,"5,968",50% bullish,of 2 ratings,$9.50
JTPY,$3,1441131703998,705,100% bearish,of 1 rating,N/A
JASNW,NULL,1441131704030,0,50% bullish,of 2 ratings,N/A
JAZZ,$164.585,1441131704059,"117,847",80% bullish,of 15 ratings,$206.50
JD,$25.09,1441131704086,"3,349,629",75% bullish,of 16 ratings,$36
DATE,$6.05,1441131704107,"23,289",75% bullish,of 4 ratings,$9
JBLU,$22.15,1441131704139,"2,190,141",94% bullish,of 18 ratings,$27
JCTCF,NULL,1441131704164,0,100% bullish,of 1 rating,N/A
JST,$3.77,1441131704241,"6,003",75% bullish,of 4 ratings,N/A
WYIGU,NULL,1441131704339,0,100% bearish,of 1 rating,N/A
JOEZ,$0.1655,1441131704407,"13,614",92% bullish,of 12 ratings,N/A
JIVE,$4.55,1441131704447,"131,328",75% bullish,of 4 ratings,$5
JBSS,$51.19,1441131704504,"8,338",67% bearish,of 3 ratings,N/A
JNP,$10.65,1441131704533,"8,056",100% bullish,of 3 ratings,$15
JOUT,$24.58,1441131704559,"1,226",100% bearish,of 1 rating,$34
JUNO,$34.8601,1441131704580,"290,150",73% bullish,of 11 ratings,$71.50
KTWO,$20.81,1441131704841,"40,838",100% bearish,of 1 rating,$28.50
KCLI,$46.435,1441131705201,"2,900",Not yet rated,NULL,N/A
KALU,$81.99,1441131705226,"48,203",67% bearish,of 3 ratings,$91
KNDI,$6.435,1441131705250,"175,499",86% bullish,of 22 ratings,N/A
KBSF,NULL,1441131705278,0,100% bullish,of 1 rating,N/A
KBIO,$2.14,1441131705299,"48,035",50% bullish,of 4 ratings,N/A
KPTI,$13.52,1441131705333,"86,124",67% bearish,of 3 ratings,$39
KMDA,$3.49,1441131705356,"9,070",50% bullish,of 2 ratings,$8
KCAP,$4.65,1441131705432,"46,703",75% bullish,of 4 ratings,$6
KELYB,NULL,1441131705578,0,50% bullish,of 2 ratings,N/A
