Symbol,Price,Date,Volume,Rating,RatingVoteCount,OneYearEstimate
TFSC,NULL,1439835302604,0,100% bearish,of 1 rating,N/A
FCCY,$11.544,1439835302639,"3,894",100% bullish,of 1 rating,$13
TFSCU,NULL,1439835302666,0,Not yet rated,NULL,N/A
PIH,$7.569,1439835302705,"7,175",100% bearish,of 1 rating,N/A
TFSCR,NULL,1439835302734,0,Not yet rated,NULL,N/A
FLWS,$9.71,1439835302759,"38,439",100% bullish,of 5 ratings,$15
FCTY,NULL,1439835302793,0,100% bullish,of 1 rating,$8.50
TFSCW,NULL,1439835302836,0,100% bearish,of 1 rating,N/A
SRCE,$31.64,1439835303022,"10,067",100% bullish,of 3 ratings,$33
TWOU,$36,1439835303044,"380,862",50% bullish,of 2 ratings,$39
DGLD,$85.32,1439835303119,994,100% bullish,of 1 rating,N/A
DSLV,$61.69,1439835303151,"4,192",100% bearish,of 1 rating,N/A
VNET,$21.35,1439835303195,"475,433",60% bullish,of 5 ratings,$29.50
JOBS,$28.565,1439835303227,"49,223",50% bullish,of 4 ratings,$36
UGLD,$8.93,1439835303302,"40,105",100% bearish,of 1 rating,N/A
USLV,$14.8099,1439835303329,"92,660",86% bullish,of 7 ratings,N/A
EGHT,$8.645,1439835303629,"89,470",82% bullish,of 17 ratings,$11
CAFD,$15.75,1439835303672,"47,950",Not yet rated,NULL,$25
SIXD,$3.36,1439835303698,"45,768",Not yet rated,NULL,N/A
AVHI,$14.3,1439835303728,"12,382",100% bearish,of 1 rating,$19
ABAX,$48.42,1439835303767,"47,272",100% bearish,of 1 rating,$60
SHLM,$35.25,1439835303853,"29,704",100% bearish,of 1 rating,$50
ABY,$22.35,1439835303881,"281,576",100% bearish,of 2 ratings,$46
ABGB,$4.8704,1439835303906,"30,801",67% bullish,of 3 ratings,$5.50
ABEO,$5.45,1439835304048,"67,174",67% bullish,of 3 ratings,$15.50
ABEOW,$2.1,1439835304179,"1,100",100% bullish,of 1 rating,N/A
AAON,$22.99,1439835304208,"26,967",100% bearish,of 1 rating,$24
ACTG,$8.66,1439835304310,"62,197",67% bullish,of 3 ratings,$18.50
AXAS,$1.815,1439835304340,"314,736",78% bullish,of 9 ratings,$3.50
ABMD,$106.95,1439835304418,"246,165",75% bullish,of 4 ratings,$86
ACHC,$81.57,1439835304446,"308,904",50% bullish,of 2 ratings,$92
ACAD,$38.86,1439835304580,"340,327",85% bullish,of 20 ratings,$48
ACST,$0.3873,1439835304646,"29,904",100% bullish,of 2 ratings,N/A
ANCX,$19.07,1439835304718,"17,115",Not yet rated,NULL,$19
AXDX,$19.4195,1439835304745,"77,685",100% bearish,of 1 rating,N/A
XLRN,$33,1439835304877,"93,244",50% bullish,of 2 ratings,$57
VXUP,$17,1439835304908,"8,875",Not yet rated,NULL,N/A
ARAY,$6.1,1439835305005,"264,619",100% bearish,of 1 rating,$10.50
ACRX,$4.5,1439835305035,"122,822",67% bearish,of 6 ratings,$5.50
VXDN,$16.8533,1439835305060,"2,310",Not yet rated,NULL,N/A
ACET,$25.375,1439835305264,"33,220",75% bullish,of 4 ratings,$30
ACIW,$23.09,1439835305305,"55,906",50% bullish,of 2 ratings,$24
ACHN,$8.435,1439835305335,"2,551,436",90% bullish,of 21 ratings,$16
AKAO,$7.25,1439835305400,"73,104",75% bullish,of 4 ratings,$15
ACOR,$32.13,1439835305425,"91,981",67% bearish,of 3 ratings,$38.50
ACNB,$20.2,1439835305606,200,Not yet rated,NULL,N/A
ATVI,$29.275,1439835305657,"1,569,753",68% bullish,of 84 ratings,$31.50
ACTS,$1.51,1439835305687,"33,435",100% bearish,of 1 rating,N/A
ACPW,$1.9041,1439835305792,"7,079",100% bullish,of 4 ratings,$3.50
ACXM,$21.22,1439835305922,"115,272",67% bullish,of 3 ratings,N/A
ACUR,$0.6448,1439835305954,"89,045",100% bullish,of 5 ratings,$1
ADMS,$22.1398,1439835306019,"27,082",100% bearish,of 2 ratings,$36
ACTA,$14,1439835306051,"33,275",67% bearish,of 3 ratings,$25
ADAP,$15.9499,1439835306110,"46,742",67% bullish,of 3 ratings,$22
ADMP,$3.5226,1439835306242,"18,145",50% bullish,of 2 ratings,$10
ADUS,$29.52,1439835306271,"32,991",100% bearish,of 1 rating,$31
AEY,$2.26,1439835306308,"8,285",100% bearish,of 2 ratings,N/A
ADEP,$7.41,1439835306437,"10,114",50% bullish,of 2 ratings,$10.75
ADBE,$86.4,1439835306486,"459,612",65% bullish,of 17 ratings,$90
ADTN,$16.27,1439835306542,"100,923",67% bullish,of 3 ratings,$17.125
ADMA,$9.49,1439835306571,"4,612",Not yet rated,NULL,$19
ADRO,$21.5,1439835306740,"74,335",80% bullish,of 5 ratings,$45.50
AMD,$1.855,1439835306765,"4,007,022",83% bullish,of 102 ratings,$2
AEIS,$26.5,1439835306801,"111,663",50% bullish,of 2 ratings,$32.50
ADXS,$16.98,1439835306986,"396,332",64% bullish,of 14 ratings,$27
YPRO,$23.0801,1439835307011,"1,500",100% bearish,of 1 rating,N/A
MULT,NULL,1439835307062,0,100% bearish,of 1 rating,N/A
AEGR,$18.32,1439835307091,"134,723",50% bullish,of 6 ratings,$26
AEGN,$18.95,1439835307199,"25,118",100% bearish,of 1 rating,$21
ADXSW,$11.8131,1439835307274,"1,485",100% bullish,of 1 rating,N/A
AEHR,$2.2,1439835307305,632,50% bullish,of 2 ratings,N/A
AMTX,$3.4,1439835307406,"3,765",50% bullish,of 2 ratings,$26.11
AEPI,$57.78,1439835307487,"13,065",100% bearish,of 1 rating,N/A
AERI,$16.18,1439835307566,"108,677",75% bullish,of 4 ratings,$31.50
AEZS,$0.1297,1439835307621,"4,827,700",90% bullish,of 21 ratings,$1.625
AVAV,$26.17,1439835307652,"61,058",50% bullish,of 4 ratings,$31
AEMD,$6.8201,1439835307754,"16,774",Not yet rated,NULL,$27.50
AFFX,$9.78,1439835307826,"284,613",80% bullish,of 5 ratings,$12
AFMD,$11.943,1439835307886,"84,066",50% bullish,of 4 ratings,$15
AGRX,$8.9,1439835308015,"6,967",100% bearish,of 1 rating,$18
AGEN,$7.71,1439835308041,"392,902",85% bullish,of 13 ratings,$14
AGYS,$9.42,1439835308101,"4,266",100% bearish,of 1 rating,N/A
AGFS,$11.05,1439835308135,"60,199",100% bearish,of 1 rating,N/A
AGIO,$94.69,1439835308235,"121,449",88% bullish,of 8 ratings,$114
AGFSW,$2.44,1439835308269,"9,800",100% bearish,of 1 rating,N/A
AIRM,$40.29,1439835308369,"63,011",80% bearish,of 5 ratings,$53
AIMT,$24.72,1439835308582,"128,809",Not yet rated,NULL,N/A
ATSG,$9.81,1439835308615,"29,738",67% bullish,of 3 ratings,$13
AMCN,$5.02,1439835308715,"280,314",83% bullish,of 6 ratings,N/A
AIRT,$23.2499,1439835308745,907,100% bullish,of 1 rating,N/A
AKER,$3.8299,1439835308846,954,Not yet rated,NULL,N/A
AIXG,$6.0299,1439835308980,"3,002",67% bearish,of 3 ratings,$6
AKAM,$73.3,1439835309042,"307,202",63% bullish,of 8 ratings,$77
AKRX,$44.14,1439835309075,"131,348",78% bullish,of 9 ratings,$56
AKBA,$7.3,1439835309096,"71,213",100% bearish,of 1 rating,$18
ALSK,$2.0921,1439835309148,"47,075",78% bullish,of 18 ratings,$2
AMRI,$20.81,1439835309230,"63,959",75% bearish,of 4 ratings,$24
ALRM,$16.9,1439835309283,"34,241",100% bearish,of 1 rating,$22
ABDC,$12.944,1439835309304,"20,153",Not yet rated,NULL,$15
ALDR,$38.75,1439835309485,"329,722",67% bearish,of 3 ratings,$62
ADHD,$9.28,1439835309543,"228,355",50% bullish,of 4 ratings,$18
ALDX,$7.89,1439835309571,"4,700",100% bearish,of 1 rating,$14.50
ALXA,$1.15,1439835309709,"10,200",83% bullish,of 6 ratings,$2.125
ALCO,$44.16,1439835309787,"7,634",50% bullish,of 2 ratings,N/A
ALXN,$190.35,1439835309816,"213,352",88% bullish,of 8 ratings,$223
ALGN,$60.475,1439835309852,"197,800",100% bearish,of 2 ratings,$73
ALIM,$4,1439835309878,"21,154",80% bullish,of 5 ratings,$10
ALKS,$67.75,1439835309950,"217,115",67% bullish,of 3 ratings,$75
AFOP,$19.11,1439835310082,"32,073",75% bullish,of 8 ratings,$21
ALLB,$23.88,1439835310110,"2,048",Not yet rated,NULL,N/A
ALGT,$235.16,1439835310138,"46,416",100% bearish,of 1 rating,$235
AIQ,$15.25,1439835310281,"3,648",67% bullish,of 3 ratings,N/A
ARLP,$24.88,1439835310311,"73,159",67% bearish,of 3 ratings,$32
AHGP,$36.1,1439835310336,"23,868",67% bullish,of 3 ratings,N/A
AHPI,$1.45,1439835310417,700,50% bullish,of 2 ratings,N/A
AMOT,$18.16,1439835310577,"18,786",100% bearish,of 1 rating,N/A
ALQA,$4.634,1439835310627,"20,954",75% bullish,of 4 ratings,$8.50
ALLT,$5.05,1439835310657,"49,229",75% bullish,of 4 ratings,$6.25
ALNY,$109.95,1439835310758,"147,500",67% bullish,of 3 ratings,$148.50
SMCP,NULL,1439835310822,0,Not yet rated,NULL,N/A
MDRX,$14.27,1439835310851,"838,336",60% bullish,of 5 ratings,$16
AOSL,$7.37,1439835310874,"8,203",67% bullish,of 3 ratings,$9
AFAM,$49.85,1439835310932,"33,941",50% bullish,of 2 ratings,$44
ASPS,$30.56,1439835311078,"37,517",67% bullish,of 3 ratings,$46.50
ALTR,$49.33,1439835311126,"363,652",80% bearish,of 5 ratings,$54
AIMC,$26.59,1439835311253,"31,276",100% bearish,of 1 rating,$28.50
ATEC,$0.68,1439835311309,"23,642",100% bullish,of 1 rating,$2
AMAG,$64.43,1439835311334,"231,224",100% bullish,of 2 ratings,$75
AMRN,$2.3201,1439835311364,"376,764",85% bullish,of 39 ratings,$8
AMRK,$10.5,1439835311390,"1,712",50% bullish,of 2 ratings,$14
AYA,$23,1439835311551,"11,396",100% bearish,of 1 rating,$40
AMZN,$536.64,1439835311584,"817,983",81% bullish,of 261 ratings,$646
AMBC,$16.815,1439835311686,"80,493",100% bearish,of 1 rating,$16.50
AMBA,$108.11,1439835311715,"583,257",83% bullish,of 12 ratings,$102.50
AMBCW,$8.399,1439835311818,"2,112",100% bearish,of 1 rating,N/A
DOX,$60.27,1439835311845,"120,677",100% bullish,of 2 ratings,$60
EPAX,$2.7,1439835311871,"143,340",100% bearish,of 1 rating,N/A
AMCX,$76.24,1439835312039,"217,410",67% bullish,of 3 ratings,$85.50
AMED,$45.48,1439835312070,"46,747",100% bearish,of 1 rating,$42
AMDA,$0.499,1439835312098,"825,724",90% bullish,of 10 ratings,$1
UHAL,$384.095,1439835312172,"9,060",100% bullish,of 2 ratings,$393.50
ASBI,$22.74,1439835312337,899,Not yet rated,NULL,N/A
AMOV,$18.648,1439835312384,"11,022",100% bearish,of 1 rating,N/A
ATAX,$5.31,1439835312406,"27,379",100% bullish,of 1 rating,$6.50
AAL,$43.93,1439835312469,"3,148,524",93% bullish,of 87 ratings,$57
AGNC,$19.87,1439835312500,"1,626,394",75% bullish,of 28 ratings,$22
AGNCB,$24.13,1439835312522,"9,014",Not yet rated,NULL,N/A
AGNCP,$25.27,1439835312726,"5,375",Not yet rated,NULL,N/A
MTGE,$15.95,1439835312796,"198,989",75% bullish,of 4 ratings,$19.50
ACSF,$12.78,1439835312856,"15,131",100% bearish,of 1 rating,$15
ANCI,$1.61,1439835312888,"2,450",100% bearish,of 1 rating,N/A
MTGEP,$24.2587,1439835312954,400,Not yet rated,NULL,N/A
ACAS,$14.37,1439835312992,"692,631",60% bullish,of 5 ratings,$16.75
AMNB,$23.58,1439835313053,"1,982",Not yet rated,NULL,$25.50
AETI,$3.8401,1439835313155,"6,335",67% bearish,of 3 ratings,N/A
AMIC,$10.1,1439835313227,236,Not yet rated,NULL,N/A
APEI,$22.28,1439835313633,"29,917",100% bearish,of 1 rating,$29
ARII,$40.93,1439835313674,"88,688",67% bearish,of 3 ratings,$45
ANAT,$104.87,1439835313733,"6,846",100% bullish,of 1 rating,N/A
AMRB,$10.098,1439835313774,"34,379",Not yet rated,NULL,$11
AMSWA,$9.34,1439835314045,"3,663",100% bearish,of 2 ratings,$10.75
ASEI,$39.92,1439835314156,"12,798",100% bearish,of 1 rating,$52.50
AMWD,$66.02,1439835314211,"35,121",50% bullish,of 2 ratings,$58
ABCB,$28.82,1439835314343,"56,805",Not yet rated,NULL,$30.50
AMSC,$4.12,1439835314373,"9,026",50% bullish,of 4 ratings,N/A
CRMT,$45.61,1439835314395,"1,300",100% bearish,of 1 rating,$49
ASRV,$3.3098,1439835314425,"7,737",100% bullish,of 2 ratings,N/A
AMSF,$50.84,1439835314448,"9,203",Not yet rated,NULL,$57.50
ATLO,$23.9,1439835314584,"2,112",Not yet rated,NULL,N/A
AMGN,$169.53,1439835314616,"683,087",89% bullish,of 19 ratings,$185
ASRVP,$27.52,1439835314645,100,Not yet rated,NULL,N/A
FOLD,$16.3799,1439835314716,"395,975",56% bullish,of 9 ratings,$21
AMPH,$14.6,1439835314780,"83,751",50% bullish,of 2 ratings,$20
AMKR,$4.561,1439835314847,"383,504",100% bearish,of 2 ratings,$5
AMSG,$86.29,1439835314872,"97,335",100% bearish,of 1 rating,$85.50
AMSGP,NULL,1439835315066,0,Not yet rated,NULL,N/A
ASYS,$5.81,1439835315154,"23,508",67% bullish,of 3 ratings,$12
AFSI,$62.96,1439835315197,"419,893",60% bullish,of 5 ratings,$72
ANAD,$0.3557,1439835315251,"509,679",100% bullish,of 2 ratings,$.50
ANCB,$22.75,1439835315386,100,Not yet rated,NULL,$23
ADI,$59.14,1439835315420,"467,007",67% bullish,of 3 ratings,$68
ANAC,$136.45,1439835315454,"218,801",80% bullish,of 5 ratings,$180.50
AMRS,$1.66,1439835315520,"31,295",70% bullish,of 10 ratings,N/A
ABCW,$41.5,1439835315547,"5,186",67% bullish,of 3 ratings,N/A
AMCF,$0.28,1439835315574,"14,400",100% bullish,of 7 ratings,N/A
ALOG,$81.63,1439835315605,"32,828",100% bearish,of 2 ratings,$100.50
ANGO,$15.19,1439835315787,"16,499",67% bullish,of 3 ratings,$19
ANGI,$4.475,1439835315916,"185,725",64% bullish,of 11 ratings,$5.50
ANIP,$56.8301,1439835315942,"168,907",89% bullish,of 19 ratings,$66
ANSS,$96.37,1439835316013,"188,296",100% bearish,of 1 rating,$100
ATRS,$1.875,1439835316081,"389,980",92% bullish,of 12 ratings,$4.50
ANIK,$36.0814,1439835316111,"38,830",60% bullish,of 5 ratings,$51.25
ABAC,$0.885,1439835316220,"22,547",100% bearish,of 1 rating,N/A
ANTH,$9.6,1439835316265,"243,754",80% bullish,of 10 ratings,$13
APOG,$54.31,1439835316353,"71,420",100% bullish,of 1 rating,$62
ATNY,$2.39,1439835316391,"2,589",50% bullish,of 2 ratings,$3.75
APIC,$7.88,1439835316417,"47,380",100% bearish,of 1 rating,$19
APOL,$11.91,1439835316497,"297,843",87% bearish,of 68 ratings,$14
AAPL,$117.46,1439835316547,"16,155,301",86% bullish,of 2331 ratings,$150
AINV,$6.555,1439835316572,"2,563,732",50% bullish,of 4 ratings,$8
APPF,$17.38,1439835316633,"48,664",50% bullish,of 2 ratings,$22
ARCI,$1.29,1439835316766,"8,208",Not yet rated,NULL,N/A
APDN,$3.275,1439835316903,"30,439",Not yet rated,NULL,$9
AMAT,$16.96,1439835317012,"5,186,898",82% bullish,of 11 ratings,$23.50
APDNW,$1.3501,1439835317040,"6,000",Not yet rated,NULL,N/A
AGTC,$15.7501,1439835317070,"11,190",50% bullish,of 2 ratings,$33
AAOI,$22.1,1439835317171,"1,366,462",50% bullish,of 4 ratings,$26
AMCC,$5.895,1439835317197,"358,180",80% bullish,of 5 ratings,$8
APRI,$1.1838,1439835317262,"28,421",83% bullish,of 6 ratings,$4.86
AREX,$2.6399,1439835317293,"99,084",100% bearish,of 1 rating,$3
AQXP,$20.46,1439835317392,"657,215",50% bullish,of 2 ratings,$2
AQMS,$5.35,1439835317422,"19,200",Not yet rated,NULL,N/A
APTO,$5.08,1439835317454,"2,002",Not yet rated,NULL,$17
AUMA,$9.75,1439835317554,"99,314",Not yet rated,NULL,N/A
AUMAU,NULL,1439835317617,0,Not yet rated,NULL,N/A
AUMAW,NULL,1439835317761,0,Not yet rated,NULL,N/A
ARDM,$7.4,1439835317788,530,100% bullish,of 1 rating,$26
PETX,$16.95,1439835317814,"101,225",100% bearish,of 2 ratings,$26
ABUS,$8.73,1439835317922,"182,154",86% bullish,of 14 ratings,$23
ARCW,$3.6547,1439835317966,"4,476",100% bearish,of 2 ratings,$10.50
ABIO,$0.9,1439835317995,"98,101",50% bullish,of 2 ratings,$3.75
RKDA,$4.86,1439835318050,"10,761",100% bearish,of 2 ratings,$10
ARCB,$32.77,1439835318158,"52,407",50% bullish,of 2 ratings,$39.50
ACGL,$73.73,1439835318223,"43,578",50% bullish,of 2 ratings,$72
ACAT,$30.02,1439835318250,"48,245",100% bearish,of 3 ratings,$33
ARNA,$3.42,1439835318326,"585,363",90% bullish,of 77 ratings,$5.50
ARCC,$16.0372,1439835318530,"338,739",67% bearish,of 3 ratings,$17.875
ARDX,$18.99,1439835318589,"61,067",50% bullish,of 2 ratings,$22
AGII,$57.68,1439835318616,"111,423",Not yet rated,NULL,$58
AGIIL,$25.38,1439835318647,601,Not yet rated,NULL,N/A
ARGS,$4.4835,1439835318758,"11,636",50% bullish,of 2 ratings,$19.50
ARIS,$3.18,1439835318786,"1,227",Not yet rated,NULL,$4.50
ARIA,$7.4938,1439835318917,"641,723",87% bullish,of 46 ratings,$9
ARKR,NULL,1439835318971,0,50% bullish,of 2 ratings,N/A
ARMH,$42.98,1439835318997,"1,397,556",54% bearish,of 13 ratings,$61
ARTX,$1.57,1439835319134,"52,543",88% bullish,of 16 ratings,$4.50
ARWAU,NULL,1439835319191,0,100% bullish,of 1 rating,N/A
ARWA,NULL,1439835319220,0,Not yet rated,NULL,N/A
ARWAR,NULL,1439835319246,0,Not yet rated,NULL,N/A
ARRY,$5.82,1439835319452,"226,206",100% bullish,of 7 ratings,$10
ARQL,$1.7,1439835319483,"11,229",75% bullish,of 4 ratings,$5
ARWAW,NULL,1439835319504,0,Not yet rated,NULL,N/A
DWAT,$10.21,1439835319589,"8,406",100% bearish,of 1 rating,N/A
AROW,$27.36,1439835319694,"4,690",Not yet rated,NULL,N/A
ARWR,$5.65,1439835319725,"475,584",75% bullish,of 4 ratings,$10.50
ARTNA,$22.44,1439835319754,"3,451",100% bearish,of 1 rating,$29
ARRS,$27.91,1439835319828,"273,683",50% bullish,of 2 ratings,$38
ARTW,$4.44,1439835319957,"1,102",75% bearish,of 4 ratings,N/A
ASBB,$23.3,1439835320054,"2,925",Not yet rated,NULL,N/A
ASND,$17,1439835320084,"47,643",100% bullish,of 1 rating,$30
ASNA,$12.435,1439835320137,"394,711",50% bullish,of 2 ratings,$18
ASCMA,$30.07,1439835320217,"59,187",100% bearish,of 1 rating,$45
ASTI,$0.17,1439835320269,"2,033,207",83% bullish,of 6 ratings,$3
ASMI,$39.2701,1439835320402,500,50% bullish,of 2 ratings,N/A
ASML,$93.03,1439835320475,"418,892",67% bullish,of 3 ratings,$127
APWC,$2.09,1439835320531,20,100% bearish,of 1 rating,N/A
AZPN,$39.18,1439835320618,"564,064",50% bullish,of 2 ratings,$42
ASFI,$9.2,1439835320648,"7,900",100% bullish,of 1 rating,N/A
ASMB,$13.8,1439835320669,"24,644",67% bullish,of 3 ratings,N/A
ASTE,$38.27,1439835320702,"55,979",100% bearish,of 1 rating,$48
ALOT,$13.7,1439835320834,"1,558",100% bearish,of 1 rating,N/A
ATRO,$58.13,1439835320966,"95,008",100% bearish,of 2 ratings,$80
ASUR,$5.9715,1439835321123,"7,590",Not yet rated,NULL,$8
ASTC,$2.35,1439835321157,"1,629",100% bullish,of 5 ratings,N/A
AFCB,NULL,1439835321191,0,Not yet rated,NULL,N/A
ATAI,$3.073,1439835321257,"35,389",100% bearish,of 1 rating,N/A
ATHN,$141.49,1439835321285,"76,468",67% bearish,of 3 ratings,$153
ATRA,$49.77,1439835321311,"62,015",50% bullish,of 2 ratings,$68
AAPC,$10.19,1439835321446,44,Not yet rated,NULL,N/A
ATHX,$1.19,1439835321534,"159,465",89% bullish,of 9 ratings,$5
AAME,$3.54,1439835321586,831,Not yet rated,NULL,N/A
ACFC,$6.6,1439835321664,"163,480",Not yet rated,NULL,$6.50
ATLC,$3.94,1439835321698,"1,900",67% bullish,of 3 ratings,N/A
ATNI,$75.68,1439835321728,"41,068",100% bearish,of 1 rating,$69.50
AAWW,$45.04,1439835321795,"80,558",50% bullish,of 2 ratings,$65
AFH,$17.21,1439835321834,"2,337",Not yet rated,NULL,$21.50
ATML,$7.88,1439835321964,"1,090,715",78% bullish,of 9 ratings,$9.50
ATOS,$0.96,1439835322199,"17,925",100% bullish,of 7 ratings,$7
ATTU,$14.91,1439835322226,"10,024",100% bearish,of 1 rating,$20.50
ATRI,$401.165,1439835322255,718,Not yet rated,NULL,N/A
ATRM,$3,1439835322277,"1,032",50% bullish,of 2 ratings,N/A
ATRC,$27.54,1439835322310,"45,150",100% bullish,of 1 rating,$30
AUDC,$3.27,1439835322406,"42,991",80% bullish,of 5 ratings,$5
LIFE,$15.8801,1439835322449,"51,006",86% bullish,of 7 ratings,$43
AUBN,NULL,1439835322508,0,Not yet rated,NULL,N/A
AUPH,$3.5,1439835322637,"8,845",100% bearish,of 1 rating,$8
EARS,$5,1439835322667,"11,163",100% bearish,of 2 ratings,$12
ABTL,$20.24,1439835322772,"44,100",100% bullish,of 4 ratings,$20.25
ADAT,$0.1149,1439835322797,"4,999",100% bullish,of 2 ratings,N/A
ADSK,$55.185,1439835322954,"234,055",83% bullish,of 6 ratings,$69.50
AVGO,$124.37,1439835322982,"683,803",88% bullish,of 8 ratings,$160
ADP,$84.35,1439835323009,"1,066,397",100% bearish,of 1 rating,$88
AAVL,$11.005,1439835323031,"944,624",100% bearish,of 1 rating,$20
AVNU,NULL,1439835323167,0,Not yet rated,NULL,$14
AVID,$9.13,1439835323263,"81,818",100% bearish,of 1 rating,$20
AVNW,$1.13,1439835323288,"22,411",50% bullish,of 2 ratings,$2.20
AVEO,$1.74,1439835323319,"17,875,373",75% bullish,of 8 ratings,$3
AVGR,$15.4999,1439835323420,"10,974",100% bearish,of 1 rating,$20
CAR,$47.155,1439835323523,"1,853,006",80% bullish,of 5 ratings,$60
ACLS,$3.24,1439835323600,"199,661",67% bullish,of 6 ratings,$4.75
AXTI,$2.25,1439835323749,"12,210",50% bullish,of 2 ratings,$2.75
AXPW,$1.35,1439835323775,"38,575",83% bullish,of 6 ratings,N/A
AXGN,$3.9399,1439835323807,"13,288",Not yet rated,NULL,$5
AXPWW,$1.47,1439835323828,192,Not yet rated,NULL,N/A
AWRE,$3.2685,1439835323859,300,67% bullish,of 3 ratings,N/A
BCOM,$19.98,1439835323991,516,100% bearish,of 1 rating,N/A
RILY,$10,1439835324038,50,Not yet rated,NULL,N/A
BOSC,$2.3699,1439835324123,"7,476",50% bullish,of 2 ratings,N/A
BCPC,$60.65,1439835324256,"82,112",100% bearish,of 1 rating,$75
BIDU,$167.25,1439835324286,"1,251,273",81% bullish,of 88 ratings,$215
BEAV,$50.73,1439835324312,"188,118",67% bearish,of 3 ratings,$59
BWINA,NULL,1439835324387,0,Not yet rated,NULL,N/A
BWINB,$23.5,1439835324458,"13,584",Not yet rated,NULL,N/A
BLDP,$1.335,1439835324530,"70,544",91% bullish,of 22 ratings,$2.50
BMRC,$48.7,1439835324775,"3,605",Not yet rated,NULL,$52
BKMU,$7.41,1439835324806,"10,132",Not yet rated,NULL,$8
BANFP,NULL,1439835324827,0,Not yet rated,NULL,N/A
BKSC,NULL,1439835324862,0,Not yet rated,NULL,N/A
BOCH,$5.79,1439835324889,"2,028",Not yet rated,NULL,$6.50
BOTJ,$11.14,1439835324910,"1,756",Not yet rated,NULL,N/A
BANF,$63.76,1439835324943,"1,700",Not yet rated,NULL,$68
OZRK,$43.97,1439835325156,"97,200",67% bullish,of 3 ratings,$49.50
BFIN,$12.483,1439835325309,"4,220",Not yet rated,NULL,$13
BZUN,$7.72,1439835325362,"30,167",50% bullish,of 2 ratings,$13.85
BANR,$48.29,1439835325388,"19,893",100% bullish,of 3 ratings,$50
BWFG,$18.22,1439835325464,692,100% bearish,of 1 rating,N/A
TAPR,$31.2,1439835325593,26,100% bearish,of 1 rating,N/A
BHACU,NULL,1439835325659,0,Not yet rated,NULL,N/A
BHAC,NULL,1439835325690,0,Not yet rated,NULL,N/A
BBSI,$37.8725,1439835325720,"20,671",67% bearish,of 3 ratings,$62.50
BHACR,NULL,1439835325741,0,Not yet rated,NULL,N/A
BHACW,NULL,1439835325792,0,Not yet rated,NULL,N/A
BSET,$31.84,1439835325880,"38,069",100% bearish,of 1 rating,$35
BYBK,$5.09,1439835325955,300,100% bearish,of 1 rating,N/A
BV,$5.355,1439835326043,"87,897",67% bullish,of 6 ratings,$9
BBCN,$15.677,1439835326186,"64,084",100% bearish,of 1 rating,$16
BYLK,$12.91,1439835326215,"5,024",Not yet rated,NULL,$14
BCBP,$11.7245,1439835326348,"4,253",Not yet rated,NULL,N/A
BECN,$36.03,1439835326374,"71,711",50% bullish,of 2 ratings,$40
BDCV,$4.9822,1439835326450,"16,471",100% bearish,of 1 rating,$10.19
BEBE,$1.85,1439835326509,"21,133",75% bullish,of 4 ratings,$3.075
BBGI,$4.85,1439835326534,157,100% bearish,of 1 rating,N/A
BSF,$9.11,1439835326579,230,Not yet rated,NULL,N/A
BELFA,$17.23,1439835326678,506,100% bearish,of 1 rating,N/A
BBBY,$63.25,1439835326706,"426,444",71% bullish,of 7 ratings,$75
BELFB,$20.01,1439835326762,"6,441",100% bearish,of 1 rating,N/A
BLCM,$18.685,1439835326948,"145,367",50% bullish,of 4 ratings,$40
BNCL,$13,1439835326991,"60,609",100% bullish,of 3 ratings,$12.50
BNFT,$40.27,1439835327021,"52,191",67% bullish,of 3 ratings,$46
BLPH,$4.4532,1439835327123,"20,305",100% bearish,of 1 rating,$12.50
BNTC,NULL,1439835327171,0,100% bullish,of 1 rating,N/A
BGMD,$0.8678,1439835327260,"156,923",100% bullish,of 10 ratings,N/A
BGCP,$9.61,1439835327327,"270,547",88% bullish,of 8 ratings,$14
BGFV,$11.2,1439835327393,"58,578",57% bullish,of 7 ratings,$12
BIND,$4.5504,1439835327525,"19,876",67% bullish,of 3 ratings,$13.50
BCDA,NULL,1439835327555,0,Not yet rated,NULL,N/A
BIOC,$1.8535,1439835327583,"134,903",83% bullish,of 6 ratings,$3.70
ORPN,$5.6501,1439835327611,"8,110",100% bullish,of 1 rating,$28.50
BASI,$1.65,1439835327657,750,Not yet rated,NULL,N/A
BCRX,$12.09,1439835327746,"168,876",63% bullish,of 8 ratings,$18
BIOD,$0.7,1439835327788,"229,741",80% bullish,of 5 ratings,$4
BDSI,$6.64,1439835327988,"477,927",88% bullish,of 8 ratings,$17
BIIB,$316.65,1439835328018,"417,750",88% bullish,of 16 ratings,$400
BIOL,$1.63,1439835328046,"22,412",Not yet rated,NULL,N/A
BLRX,$1.54,1439835328178,"149,235",100% bullish,of 12 ratings,$7
BLFS,$2.18,1439835328204,"3,603",100% bearish,of 1 rating,$4.75
BVXVW,NULL,1439835328334,0,100% bearish,of 1 rating,N/A
BPTH,$1.155,1439835328422,"20,085",100% bullish,of 2 ratings,$5
BVXV,$4.19,1439835328525,"27,131",Not yet rated,NULL,N/A
BRLI,$35.71,1439835328554,"88,972",83% bullish,of 6 ratings,$32
BMRN,$138.27,1439835328586,"171,562",80% bullish,of 5 ratings,$160
BIOS,$1.6,1439835328611,"1,129,007",71% bullish,of 7 ratings,$4
BBC,$33.54,1439835328688,"9,373",Not yet rated,NULL,N/A
BBP,$34.48,1439835328766,"11,576",Not yet rated,NULL,N/A
BSTC,$51.6,1439835328839,"43,681",100% bearish,of 1 rating,$76
BSPM,$0.68,1439835329019,"13,374",50% bullish,of 2 ratings,N/A
BOTA,$2.31,1439835329072,"39,385",86% bullish,of 7 ratings,N/A
TECH,$106.44,1439835329102,"62,096",100% bullish,of 1 rating,$117
BEAT,$12.375,1439835329205,"121,008",67% bearish,of 3 ratings,$15
BDE,$7.7,1439835329370,"50,192",50% bullish,of 2 ratings,$9
BJRI,$46.555,1439835329400,"76,771",50% bullish,of 2 ratings,$55
BITI,$19.42,1439835329427,"23,182",100% bullish,of 1 rating,$28
BBOX,$16.16,1439835329454,"18,028",100% bearish,of 1 rating,N/A
BDMS,NULL,1439835329490,0,100% bearish,of 1 rating,N/A
BBRY,$7.62,1439835329557,"1,210,413",61% bullish,of 330 ratings,$9
BLKB,$63.42,1439835329584,"42,882",100% bearish,of 2 ratings,$66
HAWK,$44.05,1439835329641,"240,848",90% bullish,of 10 ratings,$49
ADRA,NULL,1439835329801,0,Not yet rated,NULL,N/A
BKCC,$9.48,1439835329887,"103,699",100% bullish,of 2 ratings,$10
ADRD,$23.425,1439835329983,"2,814",100% bearish,of 1 rating,N/A
ADRE,$31.35,1439835330087,"9,472",Not yet rated,NULL,N/A
BLBD,$13,1439835330225,"7,700",Not yet rated,NULL,N/A
BLMN,$22,1439835330256,"336,098",83% bullish,of 6 ratings,$27.50
BCOR,$13.66,1439835330305,"60,775",57% bullish,of 7 ratings,$15
ADRU,$23.17,1439835330333,"2,805",100% bearish,of 1 rating,N/A
BUFF,$26.195,1439835330359,"308,755",83% bullish,of 12 ratings,N/A
BHBK,$14.45,1439835330413,"12,982",100% bullish,of 1 rating,$14.50
NILE,$34.676,1439835330497,"36,527",50% bullish,of 2 ratings,$34
BBLU,$0.87,1439835330595,"38,302",100% bullish,of 2 ratings,$4.43
BLUE,$132.5977,1439835330629,"307,143",86% bullish,of 7 ratings,$217.50
BKEPP,NULL,1439835330731,0,100% bearish,of 1 rating,N/A
BPMC,$28.69,1439835330807,"181,313",50% bullish,of 2 ratings,$47.50
BKEP,$6.94,1439835330832,"15,528",100% bearish,of 1 rating,$8.50
BOBE,$46.65,1439835331064,"37,386",75% bullish,of 4 ratings,$57
WIFI,$9.288,1439835331102,"142,115",50% bullish,of 2 ratings,$13.50
BNCN,$22.1297,1439835331131,"31,508",Not yet rated,NULL,$22
BOFI,$132.2,1439835331201,"55,911",100% bullish,of 6 ratings,$137.50
BOKF,$66.65,1439835331232,"31,328",100% bearish,of 1 rating,$71
BOJA,$22.64,1439835331262,"119,233",100% bullish,of 1 rating,$30
BNSO,$1.39,1439835331303,"55,824",100% bearish,of 1 rating,N/A
BONA,$12.24,1439835331363,"227,339",75% bullish,of 4 ratings,$8.50
BPFH,$12.56,1439835331519,"19,868",100% bearish,of 1 rating,$14
BAMM,$3.2101,1439835331545,"3,057",60% bullish,of 5 ratings,N/A
BPFHP,$25.36,1439835331610,"1,100",100% bearish,of 1 rating,N/A
BPFHW,$6.4,1439835331739,"1,278",100% bearish,of 1 rating,N/A
EPAY,$26.445,1439835331870,"22,283",100% bearish,of 2 ratings,$30
BBRG,$13.3,1439835331901,"44,436",67% bullish,of 3 ratings,$14.50
BCLI,$2.88,1439835331922,"43,027",80% bullish,of 5 ratings,$12
BDBD,$9.1,1439835331956,"258,990",60% bullish,of 5 ratings,$10
BBEP,$2.6,1439835332058,"1,051,199",69% bullish,of 13 ratings,$5.625
BBEPP,$14.44,1439835332090,"13,234",100% bearish,of 1 rating,N/A
BDGE,$28.05,1439835332116,"2,328",Not yet rated,NULL,$31.75
BRID,NULL,1439835332192,0,100% bearish,of 1 rating,N/A
BCOV,$5.5,1439835332366,"23,786",67% bullish,of 3 ratings,$10.20
BLIN,$1.355,1439835332398,"2,500",50% bullish,of 2 ratings,$2.80
BRCM,$51.19,1439835332498,"689,151",75% bullish,of 12 ratings,$56
BSFT,$34.05,1439835332547,"31,515",57% bullish,of 7 ratings,$40.50
BYFC,$1.37,1439835332714,400,50% bullish,of 2 ratings,N/A
BVSN,$6.05,1439835332742,"1,326",60% bearish,of 5 ratings,N/A
BWEN,$3.6,1439835332769,"8,559",100% bullish,of 3 ratings,$8
BRCD,$10.065,1439835332822,"670,148",92% bullish,of 13 ratings,$12.50
BRKL,$10.95,1439835332899,"69,465",100% bearish,of 1 rating,$10.75
BRKS,$11.06,1439835332976,"58,753",67% bullish,of 3 ratings,$15.25
BMTC,$29.98,1439835333002,"27,589",Not yet rated,NULL,$34
BRKR,$20.26,1439835333069,"108,607",100% bearish,of 2 ratings,$22
BLMT,$21.47,1439835333134,550,Not yet rated,NULL,N/A
BWLD,$198.46,1439835333200,"59,292",82% bullish,of 11 ratings,$205
BLDR,$14.49,1439835333303,"194,577",50% bullish,of 2 ratings,$22
BSQR,$7.51,1439835333329,"183,819",67% bullish,of 3 ratings,N/A
CFFI,$37.34,1439835333460,"4,950",100% bearish,of 1 rating,N/A
BUR,$2.09,1439835333492,"1,400",100% bearish,of 1 rating,$8
CA,$29.57,1439835333592,"408,597",50% bullish,of 4 ratings,$33
CHRW,$69.42,1439835333621,"333,326",Not yet rated,NULL,$72
CDNS,$21.745,1439835333757,"433,280",75% bullish,of 4 ratings,$22.50
CACQ,$7.49,1439835333825,"22,150",100% bearish,of 1 rating,$12.25
CDZI,$7.32,1439835333899,"14,502",100% bearish,of 1 rating,N/A
CCMP,$45.69,1439835333953,"16,207",50% bullish,of 2 ratings,$59
CSTE,$48.27,1439835333996,"363,220",100% bearish,of 1 rating,$65
CZR,$7.55,1439835334082,"433,530",60% bearish,of 5 ratings,$10.50
PRSS,$4.725,1439835334214,"7,832",80% bullish,of 5 ratings,$4.50
CLBS,$1.36,1439835334284,"122,152",79% bullish,of 14 ratings,$4
CLMS,$11.85,1439835334382,"39,301",Not yet rated,NULL,$10.50
CCD,$21.134,1439835334537,"72,640",Not yet rated,NULL,N/A
CHW,$8.12,1439835334566,"112,601",100% bearish,of 1 rating,N/A
CFGE,$11.0699,1439835334586,"2,000",Not yet rated,NULL,N/A
CHY,$11.909,1439835334616,"179,570",Not yet rated,NULL,N/A
CHI,$11.12,1439835334748,"154,564",100% bearish,of 1 rating,N/A
CGO,$12.87,1439835334774,"20,255",100% bearish,of 1 rating,N/A
CSQ,$10.5999,1439835334916,"211,403",Not yet rated,NULL,N/A
CFNB,NULL,1439835334946,0,100% bearish,of 1 rating,N/A
CALA,$5.45,1439835334999,"108,730",100% bullish,of 3 ratings,$19.50
CAMP,$16.585,1439835335027,"83,764",86% bullish,of 7 ratings,$25
CVGW,$54.72,1439835335165,"32,908",50% bullish,of 2 ratings,$58.50
CALD,$16.45,1439835335193,"104,962",100% bearish,of 1 rating,$20.50
CALM,$52.3,1439835335330,"231,916",80% bullish,of 5 ratings,$65
ABCD,$4.66,1439835335527,"39,881",83% bullish,of 6 ratings,N/A
CLMT,$26.69,1439835335554,"182,673",75% bullish,of 8 ratings,$31
CAMB,NULL,1439835335584,0,Not yet rated,NULL,N/A
CAMBW,NULL,1439835335605,0,Not yet rated,NULL,N/A
CAMBU,NULL,1439835335689,0,100% bearish,of 1 rating,N/A
CAC,$40.41,1439835335738,"2,200",Not yet rated,NULL,N/A
CAMT,$2.89,1439835335764,"24,011",73% bullish,of 11 ratings,$4
CSIQ,$24.11,1439835335934,"1,033,147",86% bullish,of 28 ratings,$45
CGIX,$11.19,1439835335989,"13,799",67% bullish,of 3 ratings,$14.375
CBNJ,$10.99,1439835336065,"35,680",100% bullish,of 1 rating,N/A
CPHC,NULL,1439835336194,0,100% bearish,of 1 rating,N/A
CCBG,$15.16,1439835336278,"10,091",Not yet rated,NULL,$17.25
CBF,$30.64,1439835336323,"4,672",Not yet rated,NULL,$32
CPLP,$7.3,1439835336410,"194,729",71% bullish,of 7 ratings,$11
CPLA,$49.86,1439835336469,"24,197",50% bullish,of 2 ratings,$65
CSWC,$49.8,1439835336542,"11,992",Not yet rated,NULL,N/A
CFFN,$12.21,1439835336604,"208,706",Not yet rated,NULL,$12.75
CPTA,$15.1892,1439835336707,"66,965",Not yet rated,NULL,$18.50
CAPN,$2.42,1439835336740,"371,783",100% bullish,of 1 rating,$10.85
CAPNW,$0.6,1439835336768,"7,800",Not yet rated,NULL,N/A
CPST,$0.4039,1439835336920,"383,715",95% bullish,of 22 ratings,$1
CAPR,$4.0201,1439835336948,"4,304",Not yet rated,NULL,$12
CARA,$22.03,1439835336974,"159,537",50% bullish,of 4 ratings,$27.50
CRDC,$0.38,1439835337146,"64,736",100% bullish,of 1 rating,$1.25
CARB,$11.57,1439835337257,"40,692",75% bullish,of 4 ratings,$12
CBYL,$6.55,1439835337283,"12,066",100% bearish,of 1 rating,$20
CSII,$24.02,1439835337332,"71,023",100% bearish,of 2 ratings,$42.125
CFNL,$23.6,1439835337358,"41,271",Not yet rated,NULL,$24
CRME,$9.79,1439835337430,"3,712",89% bullish,of 9 ratings,$11.25
CATM,$35.56,1439835337457,"87,324",100% bearish,of 1 rating,$44
CTRE,$11.39,1439835337647,"137,240",50% bullish,of 2 ratings,N/A
CDNA,$6.2301,1439835337803,160,100% bearish,of 1 rating,$9
CKEC,$23.97,1439835337843,"34,076",50% bullish,of 2 ratings,$35.915
CLBH,NULL,1439835337872,0,Not yet rated,NULL,$16.50
CECO,$3.98,1439835337894,"161,754",67% bearish,of 3 ratings,$6
CARO,$15.6799,1439835338033,"22,284",100% bearish,of 1 rating,$19
CART,$5.49,1439835338063,159,100% bearish,of 1 rating,N/A
TAST,$13.08,1439835338088,"120,573",Not yet rated,NULL,$14.25
CRZO,$34.87,1439835338141,"210,743",67% bearish,of 3 ratings,$57
CRTN,NULL,1439835338288,0,100% bearish,of 1 rating,N/A
CARV,$5.85,1439835338456,200,50% bullish,of 2 ratings,N/A
CACB,$5.54,1439835338488,"7,681",Not yet rated,NULL,$5.50
CSCD,$14,1439835338515,"23,807",100% bullish,of 2 ratings,$17
CASM,$1.1,1439835338558,"9,612",100% bullish,of 1 rating,$3.50
CWST,$6.45,1439835338584,"31,561",50% bullish,of 2 ratings,$7
CASY,$107.72,1439835338665,"90,308",50% bullish,of 2 ratings,$99.50
CASI,$1.4601,1439835338905,211,100% bullish,of 1 rating,$3.50
CASS,$51.6,1439835338937,"4,174",100% bearish,of 1 rating,N/A
CATB,$12.1763,1439835338968,"14,325",100% bearish,of 1 rating,$28
CATY,$32.42,1439835339003,"111,927",100% bearish,of 1 rating,$33.50
CATYW,NULL,1439835339069,0,100% bearish,of 1 rating,N/A
CPRX,$4.29,1439835339101,"219,840",71% bullish,of 7 ratings,$7
CAVM,$73.3075,1439835339122,"212,019",67% bearish,of 3 ratings,$72
CVCO,$73.31,1439835339151,"8,419",100% bearish,of 1 rating,N/A
CBFV,NULL,1439835339440,0,Not yet rated,NULL,N/A
CNLM,NULL,1439835339499,0,Not yet rated,NULL,N/A
CNLMR,NULL,1439835339524,0,Not yet rated,NULL,N/A
CNLMU,NULL,1439835339691,0,100% bullish,of 1 rating,N/A
CNLMW,NULL,1439835339761,0,Not yet rated,NULL,N/A
CBOE,$64.33,1439835339822,"154,602",Not yet rated,NULL,$60
CDK,$51.38,1439835339864,"118,500",67% bearish,of 3 ratings,$50
CDW,$39.7,1439835339893,"481,507",75% bullish,of 4 ratings,$44
CECE,$10.26,1439835339924,"56,040",50% bullish,of 2 ratings,$16
CELG,$130.66,1439835340094,"776,562",92% bullish,of 13 ratings,$155.50
CPXX,$2.19,1439835340120,"51,316",100% bullish,of 2 ratings,$7
CELGZ,$2.07,1439835340145,"2,000",80% bullish,of 5 ratings,N/A
CLDN,$1.0538,1439835340280,"86,898",71% bullish,of 7 ratings,$3
CLDX,$16.17,1439835340306,"699,552",89% bullish,of 9 ratings,$36
CLRB,$3.07,1439835340440,400,100% bearish,of 1 rating,N/A
CLRBW,NULL,1439835340461,0,Not yet rated,NULL,N/A
CLLS,$32.9379,1439835340540,"31,503",75% bullish,of 4 ratings,$51.50
CLSN,$2.2,1439835340610,"60,148",80% bullish,of 10 ratings,$7.50
CBMG,$23.07,1439835340676,"25,208",50% bullish,of 2 ratings,N/A
CLTX,$0.6,1439835340751,"4,130",100% bullish,of 2 ratings,N/A
CYAD,$55.11,1439835340783,200,100% bullish,of 1 rating,$87.50
CETV,$2.24,1439835340878,"19,087",67% bullish,of 3 ratings,$2.80
CEMP,$37.252,1439835340925,"333,813",71% bullish,of 7 ratings,$48.50
CETX,$2.64,1439835340953,"15,914",Not yet rated,NULL,$5.60
CSFL,$14.343,1439835340983,"39,276",Not yet rated,NULL,$15
CFBK,NULL,1439835341121,0,Not yet rated,NULL,N/A
CENTA,$12.3,1439835341157,"25,464",Not yet rated,NULL,N/A
CENT,$11.497,1439835341182,"33,859",Not yet rated,NULL,$10
CVCY,$11.15,1439835341372,911,Not yet rated,NULL,$12
CENX,$5.805,1439835341407,"713,547",67% bullish,of 6 ratings,$9
CNBKA,$41.57,1439835341469,"1,542",100% bullish,of 1 rating,N/A
CNTY,$6.395,1439835341498,"31,492",80% bullish,of 5 ratings,$7.75
CERE,$1.57,1439835341643,"437,080",88% bullish,of 8 ratings,N/A
CRNT,$1.48,1439835341671,"335,819",50% bullish,of 2 ratings,$2
CPHD,$50.975,1439835341697,"257,358",50% bullish,of 2 ratings,$67
CERU,$3.4512,1439835341752,"98,854",75% bullish,of 4 ratings,$15
KOOL,$0.6804,1439835341890,"13,015",100% bullish,of 5 ratings,$7
CERN,$64.59,1439835341923,"787,998",67% bullish,of 3 ratings,$79
CERS,$4.83,1439835341992,"225,944",75% bullish,of 4 ratings,$7
CEVA,$19.25,1439835342017,"39,260",100% bearish,of 1 rating,$25
HOTRW,NULL,1439835342297,0,Not yet rated,NULL,N/A
CYOU,$20.43,1439835342331,"166,836",50% bullish,of 6 ratings,$24
CTHR,$1.22,1439835342354,"4,315",50% bullish,of 2 ratings,$2.50
HOTR,$1.55,1439835342389,"612,596",100% bullish,of 2 ratings,$5
GTLS,$24.96,1439835342415,"102,209",50% bullish,of 4 ratings,$40
CHTR,$183.86,1439835342447,"272,794",100% bearish,of 2 ratings,$196
CHFN,$12.54,1439835342482,"3,199",Not yet rated,NULL,$14
CHKP,$81.89,1439835342551,"268,797",50% bullish,of 4 ratings,$92
CEMI,$4.68,1439835342755,"3,300",50% bullish,of 2 ratings,$7.50
CHEKW,$1.11,1439835342785,"1,000",Not yet rated,NULL,N/A
CHEK,NULL,1439835342806,0,Not yet rated,NULL,$7.75
CHFC,$33.22,1439835342889,"12,817",100% bearish,of 1 rating,$36
CCXI,$6.655,1439835343113,"17,278",67% bullish,of 3 ratings,$14
CHMG,$26.5,1439835343143,150,Not yet rated,NULL,$30
CBNK,$16.62,1439835343168,100,100% bearish,of 1 rating,N/A
CHMA,$28.095,1439835343196,"299,988",Not yet rated,NULL,$40
CHKE,$27.89,1439835343218,"4,319",100% bearish,of 1 rating,$32.50
CHEV,$14.4227,1439835343354,"1,157",Not yet rated,NULL,N/A
CMRX,$52.21,1439835343380,"55,038",50% bullish,of 2 ratings,$57
PLCE,$60.195,1439835343410,"74,133",100% bearish,of 1 rating,$71
CAAS,$6.96,1439835343552,"34,991",93% bullish,of 14 ratings,$11.50
CALI,$0.9,1439835343581,"41,600",67% bullish,of 3 ratings,N/A
CADC,NULL,1439835343602,0,78% bullish,of 9 ratings,N/A
CBAK,$2.353,1439835343731,"15,387",67% bullish,of 9 ratings,N/A
CCCL,$0.98,1439835343879,100,100% bullish,of 6 ratings,N/A
CBPO,$110.765,1439835343959,"84,580",75% bullish,of 8 ratings,$140.50
CHOP,$1.36,1439835343988,849,50% bullish,of 2 ratings,N/A
CCCR,$0.6599,1439835344018,"11,653",67% bearish,of 3 ratings,N/A
JRJC,$4.42,1439835344044,"16,496",82% bullish,of 11 ratings,N/A
CHLN,$1.38,1439835344124,928,67% bullish,of 3 ratings,N/A
CJJD,$2.27,1439835344195,"44,176",100% bullish,of 1 rating,N/A
CNIT,$1.85,1439835344299,"127,025",67% bullish,of 6 ratings,N/A
HGSH,$1.7758,1439835344435,"6,563",67% bullish,of 3 ratings,N/A
HTHT,$24.31,1439835344538,"180,139",50% bullish,of 2 ratings,$28
CHNR,NULL,1439835344593,0,100% bearish,of 1 rating,N/A
CREG,$0.7923,1439835344623,"36,388",100% bullish,of 3 ratings,N/A
CSUN,$1.534,1439835344772,"2,600",80% bullish,of 5 ratings,N/A
CPGI,$6.98,1439835344798,24,Not yet rated,NULL,N/A
CCIH,$10.278,1439835344879,"41,659",67% bullish,of 6 ratings,$12.65
CNTF,$0.9201,1439835344934,"13,026",Not yet rated,NULL,N/A
CXDC,$6.2,1439835344978,"12,498",67% bullish,of 3 ratings,N/A
CNYD,$3.1611,1439835345040,"4,014",67% bullish,of 3 ratings,N/A
CHSCL,$27.156,1439835345073,"36,820",Not yet rated,NULL,N/A
CNET,$0.82,1439835345099,"79,963",50% bullish,of 2 ratings,N/A
IMOS,$16.45,1439835345233,"85,334",60% bullish,of 5 ratings,$21.50
CHSCM,$26.35,1439835345362,"6,883",Not yet rated,NULL,N/A
CHSCN,$27.4799,1439835345435,"7,775",Not yet rated,NULL,N/A
CHSCO,$28.5,1439835345466,"2,201",Not yet rated,NULL,N/A
CHDN,$137.27,1439835345567,"54,318",Not yet rated,NULL,$165
CHSCP,$30.54,1439835345592,"1,866",Not yet rated,NULL,N/A
CHUY,$34.08,1439835345741,"67,852",50% bullish,of 2 ratings,$34
CMCT,NULL,1439835345832,0,100% bearish,of 1 rating,N/A
CDTX,$14.62,1439835345866,"16,915",Not yet rated,NULL,$22
CINF,$56.67,1439835345887,"102,187",50% bullish,of 4 ratings,$50.50
CIFC,$7.3,1439835345910,3,Not yet rated,NULL,N/A
CTAS,$88.73,1439835345967,"81,262",100% bearish,of 1 rating,$91
CMPR,$70.52,1439835346045,"96,026",50% bullish,of 2 ratings,$72.50
CIDM,$0.68,1439835346143,"290,059",50% bullish,of 2 ratings,$2.10
CPHR,$6.89,1439835346239,"8,810",100% bearish,of 1 rating,$16
CSCO,$28.85,1439835346297,"9,100,841",84% bullish,of 208 ratings,$32.50
CRUS,$29.45,1439835346368,"187,659",75% bullish,of 12 ratings,$44.50
CTRN,$23.02,1439835346550,"28,806",100% bearish,of 1 rating,$29.50
CIZN,$19.5925,1439835346616,500,Not yet rated,NULL,N/A
CZWI,NULL,1439835346641,0,Not yet rated,NULL,N/A
CZNC,$20.242,1439835346693,"2,051",Not yet rated,NULL,N/A
CHCO,$48.805,1439835346778,"11,052",Not yet rated,NULL,$46
CTXS,$77.58,1439835346807,"210,772",86% bullish,of 7 ratings,$80
CIVB,$10.26,1439835346944,106,Not yet rated,NULL,$11
CZFC,NULL,1439835346994,0,Not yet rated,NULL,N/A
CIVBP,NULL,1439835347126,0,Not yet rated,NULL,N/A
CDTI,$1.73,1439835347156,"118,102",75% bullish,of 4 ratings,$3.25
CLNT,$2.0101,1439835347182,"40,739",75% bullish,of 8 ratings,N/A
CLNE,$4.88,1439835347286,"489,679",80% bullish,of 15 ratings,$9
CLIR,$5.15,1439835347416,"44,678",100% bullish,of 3 ratings,N/A
CLFD,$18.29,1439835347452,"10,857",67% bullish,of 3 ratings,$18
CLVS,$78.75,1439835347584,"135,846",60% bullish,of 5 ratings,$101.50
CSBK,$14.05,1439835347617,"25,068",Not yet rated,NULL,N/A
CBLI,$3.76,1439835347639,"28,832",60% bullish,of 5 ratings,N/A
CLRO,$11.78,1439835347720,"2,789",50% bullish,of 2 ratings,$14.25
CME,$98.15,1439835347777,"293,003",67% bullish,of 3 ratings,$102
CMFN,$11.16,1439835347856,"18,478",100% bearish,of 1 rating,$15.50
CCNE,$17.79,1439835347884,"4,800",50% bullish,of 2 ratings,$21.50
CISG,$8.46,1439835348050,"39,508",100% bullish,of 5 ratings,$10
CNV,$4.76,1439835348115,"12,515",50% bullish,of 2 ratings,$7.15
CWAY,$11.5,1439835348186,500,Not yet rated,NULL,N/A
COBZ,$12.92,1439835348288,"42,158",100% bullish,of 1 rating,$14
CDXS,$3.91,1439835348415,"72,719",64% bullish,of 11 ratings,$6
CDRB,$12.81,1439835348446,"7,903",67% bullish,of 3 ratings,N/A
COKE,$165.55,1439835348467,"5,106",79% bullish,of 19 ratings,N/A
JVA,$4.7599,1439835348551,"1,725",83% bullish,of 6 ratings,$7
CCOI,$29.245,1439835348613,"168,022",50% bullish,of 4 ratings,$35
CVLY,NULL,1439835348640,0,Not yet rated,NULL,N/A
CGNX,$36.84,1439835348674,"300,766",50% bullish,of 2 ratings,$47
CGNT,$1.6,1439835348782,"34,659",100% bullish,of 2 ratings,$2
CTSH,$67.255,1439835348835,"926,806",90% bullish,of 10 ratings,$74.50
COHR,$59.01,1439835348981,"39,793",50% bullish,of 2 ratings,$72
CHRS,$33.42,1439835349010,"79,856",67% bearish,of 3 ratings,$37
COHU,$9.45,1439835349116,"26,378",100% bearish,of 1 rating,$14.25
CLCT,$19.75,1439835349216,"3,527",100% bearish,of 1 rating,N/A
CLRX,$0.4851,1439835349278,"15,497",50% bullish,of 2 ratings,$1.85
CIGI,$47.46,1439835349350,"4,028",100% bearish,of 1 rating,$52
COLL,$16.05,1439835349377,"18,550",100% bearish,of 1 rating,$26
CBAN,NULL,1439835349416,0,Not yet rated,NULL,N/A
CLCD,$8.024,1439835349445,"22,251",100% bearish,of 1 rating,$20.50
COLB,$33.5,1439835349550,"59,258",Not yet rated,NULL,$36
CBMX,$1.3399,1439835349686,"14,138",83% bullish,of 6 ratings,$3.15
COLM,$66.07,1439835349772,"38,742",100% bearish,of 1 rating,$71
CMCO,$21.87,1439835349801,"9,428",60% bullish,of 5 ratings,$28
CMCSA,$60.145,1439835349957,"3,675,393",66% bullish,of 35 ratings,$69.50
CMCSK,$60.55,1439835350087,"1,207,474",Not yet rated,NULL,$84
CUBN,$13.85,1439835350113,"15,823",Not yet rated,NULL,N/A
CBSH,$47.93,1439835350144,"80,925",50% bullish,of 2 ratings,$46
COMM,$31.84,1439835350239,"288,803",67% bearish,of 3 ratings,$35
CBSHP,$25.2884,1439835350292,"4,304",100% bearish,of 1 rating,N/A
JCS,$9.935,1439835350347,"1,153",67% bullish,of 3 ratings,N/A
CVGI,$4.74,1439835350374,"99,047",50% bullish,of 2 ratings,$6
CSAL,$23.24,1439835350450,"294,378",75% bullish,of 4 ratings,$30
ESXB,$5.07,1439835350516,"25,213",Not yet rated,NULL,N/A
CTBI,$35.49,1439835350677,"9,205",Not yet rated,NULL,$36
CWBC,$6.731,1439835350744,"2,200",Not yet rated,NULL,N/A
CYHHZ,$0.011,1439835350773,"110,600",100% bullish,of 1 rating,N/A
COB,$10.8,1439835350873,"2,289",100% bullish,of 1 rating,$11.50
CVLT,$38.435,1439835351003,"240,442",75% bullish,of 4 ratings,$44.50
CIZ,$35.1584,1439835351033,"1,892",100% bearish,of 1 rating,N/A
CID,NULL,1439835351132,0,Not yet rated,NULL,N/A
CIL,NULL,1439835351161,0,Not yet rated,NULL,N/A
CSA,NULL,1439835351263,0,Not yet rated,NULL,N/A
CDC,$36.8882,1439835351322,"1,950",Not yet rated,NULL,N/A
CSF,$38.59,1439835351365,524,100% bearish,of 1 rating,N/A
CFA,$37.7189,1439835351496,782,100% bearish,of 1 rating,N/A
CDL,NULL,1439835351566,0,Not yet rated,NULL,N/A
CFO,$37.68,1439835351594,"2,427",100% bearish,of 1 rating,N/A
CSB,NULL,1439835351630,0,Not yet rated,NULL,N/A
CGEN,$5.711,1439835351759,"51,529",50% bullish,of 2 ratings,$11
CTG,$6.6768,1439835351855,"32,902",100% bearish,of 1 rating,$8.50
CPSI,$46.7999,1439835351910,"18,726",100% bearish,of 1 rating,$45.50
SCOR,$64.35,1439835351987,"105,076",100% bearish,of 1 rating,$66
CHCI,$0.55,1439835352015,"26,400",50% bullish,of 2 ratings,N/A
CNSI,$19.56,1439835352051,"34,020",100% bearish,of 2 ratings,$29
CMTL,$28.26,1439835352080,"22,347",100% bearish,of 2 ratings,$37
CNAT,$4.28,1439835352145,"54,177",83% bullish,of 6 ratings,$13
CXRX,$78,1439835352280,"3,255",Not yet rated,NULL,$90
CNCE,$17.02,1439835352310,"83,436",75% bullish,of 4 ratings,$22
CCUR,$5.08,1439835352411,"11,975",75% bullish,of 4 ratings,N/A
CDOR,$1.4999,1439835352486,"8,882",100% bullish,of 1 rating,N/A
CDORO,$19,1439835352586,850,100% bearish,of 1 rating,N/A
CDORP,$7.25,1439835352611,600,100% bearish,of 1 rating,N/A
CFMS,$21.64,1439835352743,"97,759",Not yet rated,NULL,$27
CNMD,$56.82,1439835352791,"16,622",Not yet rated,NULL,$59
CNOB,$20.61,1439835352883,"10,845",100% bullish,of 1 rating,$23.50
CNXR,$6.79,1439835352934,"12,680",100% bearish,of 1 rating,$12
CTWS,$35.24,1439835352964,"5,644",100% bearish,of 1 rating,$44
CNFR,$10.51,1439835352994,"17,825",Not yet rated,NULL,N/A
CONN,$34.8503,1439835353015,"94,425",67% bullish,of 3 ratings,$48.50
CNSL,$20.53,1439835353149,"36,817",100% bearish,of 1 rating,$23
CWCO,$12.17,1439835353305,"39,111",67% bullish,of 3 ratings,$14.50
CFRX,$5.24,1439835353438,"73,249",Not yet rated,NULL,$14
CTCT,$24.625,1439835353468,"81,842",67% bullish,of 3 ratings,$37
CPSS,$5.73,1439835353570,"11,128",100% bullish,of 1 rating,$10
CFRXW,$1.86,1439835353725,"12,100",100% bearish,of 1 rating,N/A
CFRXZ,$0.5788,1439835353751,"30,080",Not yet rated,NULL,N/A
CTRL,$8.7215,1439835353781,"54,794",50% bullish,of 2 ratings,$11
CPRT,$36.62,1439835353808,"61,271",67% bearish,of 3 ratings,$40
CTRV,$4.63,1439835353895,"10,709",Not yet rated,NULL,$6.40
CRBP,$1.9203,1439835353944,"39,666",100% bullish,of 1 rating,$6.25
CORT,$5.46,1439835354027,"90,576",67% bullish,of 3 ratings,$12
BVA,$3.9,1439835354052,101,50% bullish,of 2 ratings,N/A
CSOD,$38.45,1439835354186,"154,383",50% bullish,of 2 ratings,$42
CORI,$11.85,1439835354241,"20,167",100% bearish,of 1 rating,$18
CORE,$64.36,1439835354289,"42,671",100% bearish,of 1 rating,$72
COSI,$1.2199,1439835354483,"61,825",100% bullish,of 1 rating,N/A
CRVL,$33.815,1439835354508,"3,301",100% bearish,of 1 rating,N/A
COST,$145.89,1439835354712,"257,759",83% bullish,of 24 ratings,$154.50
ICBK,$18.22,1439835354739,"1,180",Not yet rated,NULL,$21
CPAH,$0.451,1439835354760,"2,485",50% bullish,of 2 ratings,N/A
CVTI,$25.89,1439835354790,"34,394",67% bearish,of 3 ratings,$39
CSGP,$195.34,1439835354823,"35,188",50% bullish,of 2 ratings,$235
COVS,$2.81,1439835354925,"95,629",67% bullish,of 3 ratings,N/A
COWNL,NULL,1439835354974,0,Not yet rated,NULL,N/A
COWN,$5.52,1439835355109,"540,268",75% bullish,of 4 ratings,$7
CPSH,$2.4,1439835355139,203,Not yet rated,NULL,N/A
CRAI,$23.485,1439835355244,"9,926",Not yet rated,NULL,$36
CBRL,$151.65,1439835355321,"89,142",50% bullish,of 2 ratings,$155
BREW,$8.21,1439835355404,"29,366",67% bullish,of 6 ratings,$15
CRAY,$22.975,1439835355454,"76,401",83% bullish,of 6 ratings,$38.50
CACC,$205.27,1439835355535,"39,862",50% bullish,of 2 ratings,$158.50
GLDI,$10.97,1439835355593,"1,482",100% bearish,of 1 rating,N/A
SLVO,$10.58,1439835355618,"2,214",100% bearish,of 1 rating,N/A
CREE,$27.63,1439835355695,"452,224",65% bullish,of 17 ratings,$28.50
CRTO,$46.86,1439835355900,"113,269",67% bullish,of 6 ratings,$64
CROX,$14.84,1439835355959,"330,777",63% bullish,of 8 ratings,$16.50
CRESY,$11.68,1439835356053,"4,889",100% bearish,of 1 rating,$19
CCRN,$14.12,1439835356081,"115,983",100% bearish,of 1 rating,$14.25
CRWS,$8.18,1439835356107,"5,539",Not yet rated,NULL,$10
CRDS,$1.13,1439835356133,"7,139",50% bullish,of 4 ratings,$4.50
CRWN,$4.805,1439835356265,"34,235",75% bullish,of 4 ratings,N/A
CYRX,$2.91,1439835356367,"42,568",Not yet rated,NULL,$9
CYRXW,$0.95,1439835356462,"37,721",Not yet rated,NULL,N/A
CSGS,$32.325,1439835356511,"38,480",Not yet rated,NULL,$40
CCLP,$15,1439835356537,"21,657",67% bearish,of 3 ratings,$21
CTCM,$1.773,1439835356568,"119,208",80% bearish,of 5 ratings,$3.90
CSPI,$6.181,1439835356590,"4,600",67% bullish,of 3 ratings,N/A
CTIC,$1.82,1439835356721,"232,876",84% bullish,of 76 ratings,$5.75
CTIB,NULL,1439835356819,0,100% bearish,of 1 rating,N/A
CUNB,$22.64,1439835356955,"1,700",Not yet rated,NULL,$24.50
CUI,$5.6,1439835356988,"37,549",50% bullish,of 2 ratings,$10
CTRP,$72.1,1439835357023,"291,879",75% bullish,of 8 ratings,$92
CMLS,$1.2901,1439835357087,"307,743",50% bullish,of 4 ratings,$6
CPIX,$6,1439835357114,"7,300",Not yet rated,NULL,N/A
CRIS,$2.86,1439835357328,"152,204",100% bullish,of 8 ratings,$6
CUTR,$15,1439835357357,"13,499",67% bearish,of 3 ratings,$18
CVV,$12.6501,1439835357391,"133,803",100% bullish,of 5 ratings,N/A
CYAN,$7.6129,1439835357413,"1,360",100% bearish,of 1 rating,N/A
CVBF,$17.62,1439835357434,"55,421",Not yet rated,NULL,$18
CYBR,$59.256,1439835357492,"730,749",86% bullish,of 7 ratings,$66
CYBE,$5.6932,1439835357625,"2,049",100% bearish,of 1 rating,N/A
CYCCP,NULL,1439835357801,0,100% bearish,of 1 rating,N/A
CYBX,$59.33,1439835357854,"78,317",50% bullish,of 4 ratings,$70
CYCC,$0.5901,1439835357882,"49,077",73% bullish,of 11 ratings,N/A
CBAY,$2.7001,1439835357912,"44,172",100% bullish,of 1 rating,$4
CY,$10.23,1439835358016,"1,570,362",80% bullish,of 10 ratings,$15.50
CYNO,$34.355,1439835358076,"55,287",67% bearish,of 3 ratings,$45.50
CYNA,$15.04,1439835358149,"5,723",100% bullish,of 1 rating,$33
CYRN,$1.65,1439835358177,"165,138",67% bullish,of 3 ratings,$4
CYTK,$6.73,1439835358383,"96,137",71% bullish,of 14 ratings,$13.50
CTSO,$7.63,1439835358412,"135,955",Not yet rated,NULL,$15.625
CONE,$34.6,1439835358443,"449,148",67% bearish,of 3 ratings,$35
CYTX,$0.3924,1439835358545,"404,496",83% bullish,of 12 ratings,$5.50
TVIZ,NULL,1439835358595,0,100% bearish,of 1 rating,N/A
CYTR,$2.46,1439835358621,"326,450",67% bullish,of 6 ratings,$10
DAEG,$0.36,1439835358642,"32,900",100% bearish,of 1 rating,N/A
TVIX,$5.52,1439835358814,"2,176,200",81% bullish,of 16 ratings,N/A
ZIV,$50.047,1439835358946,"43,861",Not yet rated,NULL,N/A
XIV,$48.405,1439835358977,"3,662,947",75% bearish,of 4 ratings,N/A
DJCO,$210.45,1439835359024,"7,903",Not yet rated,NULL,N/A
DARA,$0.9126,1439835359081,"45,503",83% bullish,of 6 ratings,$1.50
DAKT,$12.3,1439835359114,"54,026",50% bullish,of 2 ratings,$14
DAIO,$2.7028,1439835359150,"1,512",Not yet rated,NULL,N/A
DRAM,$1.494,1439835359250,100,78% bullish,of 9 ratings,N/A
DTLK,$6.0499,1439835359294,"25,018",100% bearish,of 1 rating,$9
DWCH,$5.249,1439835359485,"13,061",75% bullish,of 4 ratings,$8.25
PLAY,$37.32,1439835359515,"55,272",100% bullish,of 5 ratings,$42
DTEA,$14.185,1439835359543,"118,039",100% bearish,of 2 ratings,$24
DBVT,$42.2,1439835359619,"34,474",100% bearish,of 1 rating,$53
TRAK,$62.24,1439835359678,"50,399",50% bullish,of 2 ratings,$62.50
DWSN,$5.09,1439835359703,"11,506",67% bullish,of 3 ratings,$6
DHRM,$1.73,1439835359761,75,Not yet rated,NULL,N/A
DFRG,$15.39,1439835359896,"42,513",100% bearish,of 1 rating,$20
TACO,$13.675,1439835359925,"236,139",100% bullish,of 3 ratings,$20
DCTH,$0.4918,1439835359950,"152,209",78% bullish,of 9 ratings,N/A
TACOW,$4.5,1439835360097,"24,209",100% bullish,of 1 rating,N/A
DELT,$2.4999,1439835360142,535,Not yet rated,NULL,N/A
DGAS,$20.2045,1439835360230,540,67% bearish,of 3 ratings,N/A
DELTW,$0.17,1439835360312,"2,500",Not yet rated,NULL,N/A
DENN,$12.52,1439835360416,"121,808",100% bullish,of 3 ratings,$15
DEPO,$31.51,1439835360579,"300,847",60% bullish,of 5 ratings,$32
DSCI,$6.69,1439835360605,"56,459",50% bullish,of 2 ratings,$16
XRAY,$56.83,1439835360639,"125,203",100% bullish,of 1 rating,$58
DEST,$12.14,1439835360738,"17,739",50% bullish,of 2 ratings,N/A
DERM,$25.035,1439835360763,"68,525",100% bearish,of 1 rating,$23
DXLG,$4.9,1439835360795,"2,783",100% bearish,of 1 rating,$8
DSWL,NULL,1439835360906,0,100% bullish,of 1 rating,N/A
DXM,$0.3204,1439835361010,"52,495",50% bullish,of 2 ratings,N/A
DXCM,$97.5563,1439835361072,"306,344",57% bullish,of 7 ratings,$98
DHXM,NULL,1439835361104,0,Not yet rated,NULL,N/A
DMND,$32.14,1439835361206,"34,928",75% bullish,of 12 ratings,$32
DHIL,$191.13,1439835361335,585,Not yet rated,NULL,N/A
FANG,$72.54,1439835361362,"287,706",50% bullish,of 2 ratings,$86
DGII,$10.06,1439835361575,"15,752",100% bearish,of 1 rating,$10
DRNA,$11.13,1439835361605,"34,920",67% bearish,of 3 ratings,$25
DCIX,$1.903,1439835361635,"14,748",50% bullish,of 4 ratings,$3.50
DMRC,$37.57,1439835361687,"20,143",100% bearish,of 1 rating,$44
DRAD,$4.0294,1439835361714,"6,547",100% bullish,of 1 rating,$5.25
DGLY,$7.7405,1439835361769,"76,940",50% bullish,of 6 ratings,$20
APPS,$2.32,1439835361849,"39,425",100% bearish,of 1 rating,$10.25
DCOM,$17.37,1439835361904,"20,887",100% bearish,of 2 ratings,$16.50
DIOD,$20.35,1439835361988,"46,339",75% bearish,of 4 ratings,$24
DISCA,$29.3475,1439835362016,"670,846",67% bullish,of 3 ratings,$34
DPRX,$14.32,1439835362048,"12,102",100% bullish,of 2 ratings,$27.75
DISCB,NULL,1439835362150,0,100% bearish,of 1 rating,$35
DISCK,$27.68,1439835362343,"382,501",100% bearish,of 1 rating,$40
DSCO,$0.485,1439835362418,"199,375",83% bullish,of 6 ratings,$2.75
DISH,$66.78,1439835362443,"288,182",69% bullish,of 13 ratings,$73
DVCR,$11.86,1439835362471,"2,337",100% bullish,of 1 rating,N/A
BAGR,$2.9242,1439835362501,"10,572",100% bearish,of 1 rating,$6
DLHC,$2.5148,1439835362605,"1,050",100% bearish,of 1 rating,N/A
DLTR,$78.34,1439835362679,"395,439",82% bullish,of 11 ratings,$88
DNBF,NULL,1439835362705,0,Not yet rated,NULL,$27.50
DMLP,$14.66,1439835362899,"20,200",100% bearish,of 1 rating,N/A
DORM,$52.44,1439835362921,"58,332",100% bearish,of 1 rating,$56
DGICA,$14.69,1439835362950,"8,846",100% bearish,of 1 rating,$17
DGICB,$21.37,1439835362976,4,100% bearish,of 1 rating,N/A
HILL,$5.45,1439835363009,"185,935",60% bearish,of 5 ratings,$8
DRWI,$0.31,1439835363111,"60,400",60% bullish,of 5 ratings,$.45
DRWIW,NULL,1439835363164,0,Not yet rated,NULL,N/A
DRYS,$0.3675,1439835363327,"1,418,477",77% bullish,of 31 ratings,$.60
DSPG,$9.06,1439835363372,"10,623",100% bearish,of 1 rating,$13.50
DWA,$19.633,1439835363397,"122,725",63% bullish,of 8 ratings,$26
CADT,NULL,1439835363421,0,Not yet rated,NULL,N/A
DSKX,$3.395,1439835363447,"1,051,859",100% bullish,of 1 rating,N/A
CADTR,$0.195,1439835363702,300,Not yet rated,NULL,N/A
CADTU,NULL,1439835363729,0,Not yet rated,NULL,N/A
DTSI,$27.8,1439835363775,"38,346",100% bearish,of 2 ratings,$39.50
DRRX,$2.24,1439835363865,"90,576",50% bullish,of 6 ratings,$3
DYAX,$23.015,1439835363898,"209,451",89% bullish,of 9 ratings,$30
DXPE,$30.23,1439835363928,"48,313",50% bullish,of 2 ratings,N/A
CADTW,NULL,1439835364029,0,Not yet rated,NULL,N/A
DNKN,$52.64,1439835364085,"157,631",67% bullish,of 15 ratings,$56.50
BOOM,$10.13,1439835364163,"16,603",67% bullish,of 3 ratings,$12
DYSL,NULL,1439835364264,0,100% bullish,of 2 ratings,N/A
DYNT,$3,1439835364366,"3,050",75% bullish,of 4 ratings,N/A
ETFC,$28.54,1439835364442,"596,551",57% bullish,of 14 ratings,$33
DVAX,$29.9,1439835364468,"114,787",70% bullish,of 10 ratings,$40
EBMT,NULL,1439835364502,0,Not yet rated,NULL,$13.50
EGBN,$44.95,1439835364762,"93,619",Not yet rated,NULL,$48
ELNK,$9.325,1439835364799,"348,769",80% bullish,of 5 ratings,$9.50
EGLE,$7.745,1439835364826,"8,850",60% bullish,of 5 ratings,N/A
EGRX,$72.7599,1439835364870,"208,041",67% bullish,of 3 ratings,$97
EWBC,$45.26,1439835364895,"397,811",100% bearish,of 1 rating,$50
EROC,$1.54,1439835364924,"164,687",50% bullish,of 2 ratings,$3
EACQU,$10.05,1439835364955,900,Not yet rated,NULL,N/A
EML,$17.2001,1439835365101,"2,577",Not yet rated,NULL,N/A
EVBS,NULL,1439835365331,0,Not yet rated,NULL,$7
ELON,$0.57,1439835365381,"36,302",50% bullish,of 2 ratings,N/A
EBIX,$30.89,1439835365419,"32,999",69% bullish,of 13 ratings,$40
ECTE,$1.5,1439835365511,"15,202",75% bullish,of 4 ratings,N/A
ECHO,$25,1439835365538,"82,562",67% bearish,of 3 ratings,$36
EBAY,$28.145,1439835365559,"3,026,821",81% bullish,of 117 ratings,$48
SATS,$46.76,1439835365707,"25,833",50% bullish,of 2 ratings,$60
EEI,$11.1475,1439835365767,"1,284",67% bearish,of 3 ratings,N/A
ECACU,$10.02,1439835365803,"1,100",Not yet rated,NULL,N/A
ESES,$3.5,1439835365856,"5,727",100% bearish,of 1 rating,$7
EDAP,$3.65,1439835365887,"18,153",60% bullish,of 5 ratings,$4.50
EDGW,$7.1,1439835365986,258,100% bearish,of 1 rating,N/A
EDUC,$4.652,1439835366077,"1,800",100% bearish,of 1 rating,N/A
EGAN,$3.5,1439835366183,"75,441",50% bullish,of 2 ratings,$6.25
EFUT,$4.719,1439835366219,"3,099",Not yet rated,NULL,N/A
EGLT,$12.68,1439835366348,"41,921",50% bullish,of 2 ratings,$21
LOCO,$14.8201,1439835366434,"1,114,395",69% bullish,of 13 ratings,$23
EHTH,$14.99,1439835366468,"63,622",50% bullish,of 4 ratings,$16.50
EMITF,$1.29,1439835366560,"9,308",75% bullish,of 4 ratings,N/A
ESIO,$4.64,1439835366588,"58,092",50% bullish,of 2 ratings,$10
ELRC,$10.34,1439835366622,"4,690",100% bearish,of 1 rating,N/A
ERI,$9.91,1439835366720,"127,665",100% bearish,of 1 rating,$10
ESLT,$81.98,1439835366748,"4,027",100% bullish,of 2 ratings,N/A
EA,$73.435,1439835366798,"982,333",77% bullish,of 35 ratings,$80
EFII,$46.06,1439835366959,"38,534",80% bullish,of 5 ratings,$55
ELSE,$4.08,1439835366987,"5,348",60% bullish,of 5 ratings,N/A
ELEC,NULL,1439835367012,0,Not yet rated,NULL,N/A
ELECU,NULL,1439835367172,0,Not yet rated,NULL,N/A
ELECW,NULL,1439835367200,0,Not yet rated,NULL,N/A
EBIO,$4.0001,1439835367226,"951,804",100% bearish,of 2 ratings,$8.35
CAPX,NULL,1439835367360,0,Not yet rated,NULL,N/A
LONG,$17.12,1439835367465,"84,990",67% bullish,of 3 ratings,$15.75
RDEN,$10.3,1439835367538,"35,797",100% bearish,of 4 ratings,$15
EMCF,NULL,1439835367610,0,100% bearish,of 1 rating,N/A
ESBK,NULL,1439835367638,0,Not yet rated,NULL,N/A
ELTK,$1.14,1439835367664,"2,495",67% bearish,of 3 ratings,N/A
EMCI,$24.45,1439835367769,"4,129",Not yet rated,NULL,N/A
EMMSP,$3.38,1439835368028,400,100% bearish,of 1 rating,N/A
EMKR,$7.38,1439835368059,"462,794",75% bullish,of 4 ratings,$8.50
NYNY,$4.5695,1439835368080,"15,480",50% bullish,of 2 ratings,N/A
EMMS,$1.2,1439835368133,"29,895",67% bullish,of 6 ratings,N/A
ERS,$3.033,1439835368160,"7,016",Not yet rated,NULL,N/A
ENTA,$41.58,1439835368234,"47,372",50% bullish,of 2 ratings,$42
ECPG,$40.67,1439835368424,"43,826",100% bullish,of 2 ratings,$52
ENDP,$86.1,1439835368454,"542,407",50% bullish,of 6 ratings,$104
WIRE,$33.79,1439835368483,"24,565",100% bearish,of 1 rating,$41
ECYT,$5.41,1439835368544,"106,505",83% bullish,of 6 ratings,$12
ELGX,$12.9608,1439835368619,"330,817",75% bullish,of 4 ratings,$17
EIGI,$16.445,1439835368648,"198,873",67% bearish,of 3 ratings,$20
WATT,$7.0855,1439835368687,"67,297",50% bullish,of 2 ratings,$13
EFOI,$16.32,1439835368835,"711,122",50% bullish,of 2 ratings,$17
ERII,$2.89,1439835368894,"37,454",80% bullish,of 5 ratings,$2.50
EXXI,$1.71,1439835369075,"434,186",86% bullish,of 7 ratings,$3.50
ENOC,$8.97,1439835369108,"74,577",75% bullish,of 4 ratings,$18
ENG,$1.0801,1439835369130,"7,617",100% bullish,of 3 ratings,N/A
ENPH,$5.56,1439835369164,"153,119",75% bullish,of 4 ratings,$11
ENFC,NULL,1439835369204,0,Not yet rated,NULL,N/A
ESGR,$161.605,1439835369265,"17,399",100% bearish,of 1 rating,$185
ENTG,$14.73,1439835369303,"217,013",100% bearish,of 1 rating,$18
ENTL,$22.83,1439835369458,"5,152",Not yet rated,NULL,$28
ETRM,$0.2719,1439835369592,"506,843",69% bearish,of 35 ratings,$1.625
EFSC,$24.93,1439835369669,"10,289",Not yet rated,NULL,$27
EGT,$2.21,1439835369700,253,100% bullish,of 1 rating,N/A
EBTC,$20.98,1439835369749,306,Not yet rated,NULL,N/A
ENZN,$1.14,1439835369802,"691,474",100% bullish,of 9 ratings,N/A
ENVI,$1.81,1439835369903,"20,600",67% bullish,of 3 ratings,N/A
ENZY,$8.82,1439835370058,"21,477",67% bullish,of 3 ratings,$9.50
PLUS,$75.25,1439835370103,"40,506",50% bullish,of 2 ratings,$88
EPIQ,$13.97,1439835370135,"11,363",100% bearish,of 1 rating,$18
EQIX,$283.2,1439835370162,"84,805",67% bullish,of 3 ratings,$312.50
EPRS,$5.23,1439835370197,"28,094",82% bullish,of 11 ratings,$15
EPZM,$18.37,1439835370230,"73,647",60% bullish,of 5 ratings,$34
EQFN,$8.3601,1439835370325,"2,000",Not yet rated,NULL,N/A
EAC,$3.46,1439835370376,"1,179",100% bearish,of 1 rating,$7.50
ERIC,$10.41,1439835370511,"599,613",63% bullish,of 8 ratings,$13.30
ERIE,$86.85,1439835370598,"6,758",Not yet rated,NULL,$73
ESCA,$18.75,1439835370731,"3,066",100% bearish,of 1 rating,$22
ESCR,$0.2212,1439835370778,"6,731",50% bullish,of 2 ratings,N/A
ESPR,$75.85,1439835370804,"800,548",56% bearish,of 9 ratings,$130
ESMC,$1.31,1439835370835,606,Not yet rated,NULL,N/A
ESCRP,$1.6592,1439835370866,"5,485",100% bearish,of 1 rating,N/A
ESSA,$12.79,1439835370939,"2,699",100% bearish,of 1 rating,N/A
EPIX,NULL,1439835370968,0,Not yet rated,NULL,N/A
ETSY,$17.33,1439835371095,"429,908",80% bullish,of 5 ratings,$16
ESSX,$0.46,1439835371199,"25,063",50% bullish,of 2 ratings,N/A
ESND,$36.44,1439835371229,"31,178",100% bearish,of 1 rating,$40
CLWT,$2.45,1439835371282,110,100% bearish,of 1 rating,N/A
EEFT,$68.5,1439835371336,"34,569",100% bearish,of 1 rating,$67.50
EVEP,$9.21,1439835371518,"229,383",50% bullish,of 2 ratings,$15
EVK,$3.74,1439835371654,"2,884",75% bearish,of 4 ratings,N/A
EVLV,$2.285,1439835371681,"27,401",60% bullish,of 5 ratings,$6.50
EXA,$10.645,1439835371810,"22,890",100% bearish,of 1 rating,$13
EVOL,$6.33,1439835371856,"9,710",75% bullish,of 4 ratings,$10
ESEA,$6.45,1439835371883,279,100% bullish,of 1 rating,$15
EVOK,$4.6301,1439835371911,"4,266",100% bearish,of 1 rating,$13.75
EXAS,$23.64,1439835371949,"197,925",78% bullish,of 9 ratings,$31
EXAC,$18.87,1439835372086,"28,073",100% bearish,of 1 rating,$22.50
EXEL,$5.95,1439835372114,"781,819",81% bullish,of 16 ratings,$6
EXLS,$37.48,1439835372314,"19,664",100% bullish,of 1 rating,$41
EXPE,$122.55,1439835372362,"230,940",64% bullish,of 11 ratings,$130
EXPD,$49.13,1439835372396,"298,545",80% bullish,of 5 ratings,$50.50
EXPO,$44.17,1439835372490,"15,280",100% bearish,of 1 rating,$45.50
ESRX,$89.21,1439835372519,"680,643",67% bearish,of 6 ratings,$101
EXLP,$20.5717,1439835372582,"60,328",100% bearish,of 1 rating,$27
EXFO,$2.91,1439835372619,"1,500",67% bearish,of 3 ratings,$3.95
EXTR,$3.01,1439835372714,"307,581",80% bullish,of 5 ratings,$3
EYEG,$4.45,1439835372747,"53,532",Not yet rated,NULL,N/A
EYEGW,NULL,1439835372775,0,Not yet rated,NULL,N/A
EZCH,$21.69,1439835372956,"94,560",75% bullish,of 8 ratings,$19.50
EZPW,$6.16,1439835372989,"80,406",50% bullish,of 4 ratings,$7.50
FB,$93.7799,1439835373015,"8,361,436",73% bullish,of 1063 ratings,$111
FFIV,$133.68,1439835373092,"181,435",71% bullish,of 7 ratings,$132
FRP,$17.83,1439835373225,"72,273",100% bearish,of 1 rating,$18
FCS,$14.52,1439835373252,"203,251",67% bearish,of 3 ratings,$17
FWM,$2.39,1439835373301,"99,170",100% bearish,of 2 ratings,$3.20
FMNB,$8.17,1439835373496,"10,068",Not yet rated,NULL,N/A
FFKT,$27.22,1439835373527,"9,306",Not yet rated,NULL,$29
FARM,$23.58,1439835373549,"6,760",100% bearish,of 1 rating,$35
DAVE,$15.15,1439835373584,"31,333",100% bearish,of 1 rating,$15.50
FALC,$1.673,1439835373605,"31,243",63% bearish,of 8 ratings,N/A
FARO,$42.18,1439835373754,"38,271",50% bullish,of 2 ratings,$48
FAST,$40.38,1439835373781,"331,807",80% bullish,of 5 ratings,$46
FATE,$7.6,1439835373913,"10,003",100% bearish,of 1 rating,$11
FBSS,NULL,1439835374046,0,Not yet rated,NULL,N/A
FBRC,$23.08,1439835374186,"3,004",100% bearish,of 1 rating,$29
FEIC,$81.62,1439835374234,"157,594",50% bullish,of 2 ratings,$95.50
FHCO,$1.52,1439835374262,"15,084",50% bullish,of 4 ratings,N/A
FDML,$9.79,1439835374288,"41,903",50% bullish,of 4 ratings,$14
FENX,$9.95,1439835374331,"34,449",100% bullish,of 1 rating,$14.25
FNHC,$24.61,1439835374357,"24,599",100% bearish,of 1 rating,$35
FCSC,$6.66,1439835374420,"48,133",100% bearish,of 1 rating,$8.125
ONEQ,$199.67,1439835374623,"40,081",100% bullish,of 1 rating,N/A
LION,$20.7,1439835374773,"102,630",100% bullish,of 1 rating,$20
FGEN,$25.06,1439835374817,"285,060",100% bearish,of 1 rating,$39
FDUS,$14.94,1439835374966,"19,194",100% bullish,of 1 rating,$18
FSAM,$8.87,1439835375044,"8,816",100% bearish,of 1 rating,$11
FSC,$6.51,1439835375137,"243,313",75% bullish,of 4 ratings,$8
FITB,$21.21,1439835375174,"1,208,723",54% bullish,of 13 ratings,$22
FSCFL,$24.958,1439835375242,"1,800",Not yet rated,NULL,N/A
FSFR,$9.16,1439835375308,"71,443",100% bearish,of 1 rating,$11.50
FISI,$24.6002,1439835375374,"105,664",100% bullish,of 2 ratings,$24.50
FNGN,$36.76,1439835375408,"78,719",67% bullish,of 3 ratings,$47
FNSR,$17.642,1439835375540,"347,399",86% bullish,of 7 ratings,$25
FNJN,$1.7999,1439835375573,"16,933",100% bearish,of 1 rating,$5
FNTC,NULL,1439835375599,0,Not yet rated,NULL,N/A
FITBI,$27.82,1439835375675,"8,345",Not yet rated,NULL,N/A
FRGI,$55.91,1439835375791,"83,221",50% bullish,of 2 ratings,$70
FNTCU,NULL,1439835375818,0,Not yet rated,NULL,N/A
FNTCW,NULL,1439835375986,0,Not yet rated,NULL,N/A
FEYE,$43.3103,1439835376041,"1,197,477",87% bullish,of 15 ratings,$55.50
FRBA,$5.992,1439835376173,"5,550",Not yet rated,NULL,$8
FBNC,$17.43,1439835376194,"7,400",100% bullish,of 1 rating,$20
BUSE,$6.465,1439835376226,"15,138",Not yet rated,NULL,$6.875
FNLC,$18.82,1439835376247,"7,300",100% bullish,of 1 rating,N/A
FBIZ,$44,1439835376279,"4,162",100% bearish,of 2 ratings,$52
FCAP,$26.12,1439835376454,"4,166",Not yet rated,NULL,N/A
FCFS,$38.21,1439835376483,"27,461",100% bearish,of 2 ratings,$48
FCVA,NULL,1439835376616,0,Not yet rated,NULL,N/A
FCNCA,$253.31,1439835376753,"13,647",Not yet rated,NULL,N/A
FCLF,$9.2,1439835376778,"1,200",Not yet rated,NULL,N/A
FCBC,$18.18,1439835376804,"8,590",Not yet rated,NULL,$17
FCFP,$7,1439835376936,"1,400",Not yet rated,NULL,N/A
FCCO,$12,1439835376967,101,Not yet rated,NULL,$13.25
FFNM,$6.42,1439835377030,400,Not yet rated,NULL,N/A
FDEF,$37.7,1439835377101,"10,991",Not yet rated,NULL,$38
FFBC,$19.14,1439835377166,"50,936",67% bearish,of 3 ratings,$20.25
FBNK,$16.37,1439835377259,"3,083",100% bearish,of 1 rating,$17.50
FFBCW,NULL,1439835377296,0,100% bearish,of 1 rating,N/A
FFIN,$33.02,1439835377326,"9,741",50% bullish,of 2 ratings,$31.75
THFF,$33.985,1439835377461,"6,460",Not yet rated,NULL,$35
FFNW,$12.51,1439835377510,"2,876",Not yet rated,NULL,$14
INBK,$36.49,1439835377536,"17,316",50% bullish,of 2 ratings,$37
FFWM,$21.33,1439835377561,"2,649",Not yet rated,NULL,$24
FIBK,$28.27,1439835377850,"17,709",Not yet rated,NULL,$32
FMBH,$21.86,1439835377960,"3,157",Not yet rated,NULL,N/A
FRME,$26.39,1439835377988,"163,148",Not yet rated,NULL,$26.50
FMBI,$18.61,1439835378014,"52,200",Not yet rated,NULL,$20
FNFG,$9.785,1439835378047,"507,631",80% bullish,of 5 ratings,$9
FNBC,$36.95,1439835378073,"35,395",Not yet rated,NULL,$41
FNWB,$12.33,1439835378094,"2,200",Not yet rated,NULL,N/A
FSFG,$31.49,1439835378178,"4,568",Not yet rated,NULL,N/A
FSBK,$7.9,1439835378400,"2,136",100% bullish,of 1 rating,N/A
FSGI,$2.5,1439835378431,"1,500",Not yet rated,NULL,N/A
BICK,NULL,1439835378468,0,100% bullish,of 1 rating,N/A
FSLR,$51.52,1439835378494,"502,362",74% bullish,of 39 ratings,$65
FBZ,NULL,1439835378626,0,Not yet rated,NULL,N/A
FCAN,$25.7291,1439835378709,500,Not yet rated,NULL,N/A
FV,$24.8899,1439835378793,"741,811",Not yet rated,NULL,N/A
IFV,$18.8695,1439835378873,"344,008",100% bearish,of 1 rating,N/A
FTCS,$38.77,1439835378902,"12,697",Not yet rated,NULL,N/A
FEMB,NULL,1439835378932,0,Not yet rated,NULL,N/A
FCA,$22.87,1439835378953,"1,402",Not yet rated,NULL,N/A
FTSM,$59.94,1439835378991,"9,739",100% bearish,of 1 rating,N/A
FEUZ,$32.5,1439835379082,100,Not yet rated,NULL,N/A
TDIV,$26.1047,1439835379121,"27,525",100% bearish,of 1 rating,N/A
MDIV,$19.9148,1439835379180,"75,266",Not yet rated,NULL,N/A
FGM,$37.5055,1439835379393,"2,856",Not yet rated,NULL,N/A
FTHI,$20.57,1439835379537,"1,106",Not yet rated,NULL,N/A
HYLS,$49.8193,1439835379570,"162,427",100% bearish,of 1 rating,N/A
FPXI,NULL,1439835379594,0,Not yet rated,NULL,N/A
FTGC,$22.8499,1439835379624,"198,363",Not yet rated,NULL,N/A
FHK,$35.98,1439835379650,"2,300",Not yet rated,NULL,N/A
YDIV,$17.206,1439835379677,"1,175",Not yet rated,NULL,N/A
CU,$13.3449,1439835379730,"1,212",100% bearish,of 1 rating,N/A
FJP,$50.51,1439835379999,"20,901",Not yet rated,NULL,N/A
LMBS,NULL,1439835380027,0,Not yet rated,NULL,N/A
PLTM,$6.53,1439835380155,"1,053",100% bearish,of 1 rating,N/A
FMB,$51.2,1439835380185,204,Not yet rated,NULL,N/A
QABA,$39.9799,1439835380261,"11,500",100% bearish,of 1 rating,N/A
FTLB,NULL,1439835380291,0,100% bearish,of 1 rating,N/A
SKYY,$30.65,1439835380366,"32,670",100% bullish,of 1 rating,N/A
CIBR,$19.73,1439835380397,"54,204",Not yet rated,NULL,N/A
FONE,$36.47,1439835380497,160,Not yet rated,NULL,N/A
QCLN,$16.2566,1439835380658,"6,641",Not yet rated,NULL,N/A
CARZ,$37,1439835380695,"1,532",100% bearish,of 1 rating,N/A
RDVY,$22.5384,1439835380717,"10,796",Not yet rated,NULL,N/A
GRID,$34.6299,1439835380739,107,100% bearish,of 1 rating,N/A
QQEW,$44.36,1439835380787,"19,068",Not yet rated,NULL,N/A
QQXT,$42.9308,1439835380893,"3,176",Not yet rated,NULL,N/A
QTEC,$42.4627,1439835380918,"79,739",Not yet rated,NULL,N/A
AIRR,$17.09,1439835381260,"12,197",100% bearish,of 1 rating,N/A
QINC,$21.6399,1439835381286,"5,689",Not yet rated,NULL,N/A
FTSL,$48.94,1439835381338,"20,224",100% bearish,of 1 rating,N/A
FKO,NULL,1439835381363,0,Not yet rated,NULL,N/A
FTW,$31.91,1439835381534,551,Not yet rated,NULL,N/A
TUSA,$26.3974,1439835381564,110,Not yet rated,NULL,N/A
FSZ,$40.798,1439835381620,704,Not yet rated,NULL,N/A
FDIV,$47.6,1439835381667,"5,139",100% bearish,of 1 rating,N/A
FKU,$44.01,1439835381801,"28,367",Not yet rated,NULL,N/A
FUNC,$8.3,1439835381828,500,Not yet rated,NULL,N/A
FSV,$33.04,1439835381852,"3,863",Not yet rated,NULL,$33.60
SVVC,$10.6,1439835381899,"8,352",100% bullish,of 1 rating,$26
FISV,$89.99,1439835381998,"217,710",100% bearish,of 3 ratings,$90
FMER,$18.83,1439835382065,"426,887",50% bullish,of 2 ratings,$20
FIVE,$37.64,1439835382206,"180,700",75% bearish,of 4 ratings,$44
FPRX,$19.09,1439835382231,"119,793",50% bullish,of 2 ratings,$35
FIVN,$4.47,1439835382280,"68,769",100% bullish,of 1 rating,$8.50
FLML,$21.5,1439835382382,"119,206",50% bullish,of 2 ratings,$30
FLKS,$14.54,1439835382514,"12,208",50% bullish,of 2 ratings,$27
MBSD,NULL,1439835382560,0,Not yet rated,NULL,N/A
FLXN,$23.88,1439835382590,"16,238",100% bearish,of 1 rating,$39.50
SKOR,$50.43,1439835382620,20,Not yet rated,NULL,N/A
FLXS,$41.56,1439835382720,"11,086",100% bearish,of 2 ratings,N/A
FLEX,$11.18,1439835382747,"686,479",63% bullish,of 8 ratings,$12
FLDM,$12.82,1439835382823,"129,760",67% bearish,of 3 ratings,$21.50
FFIC,$20.99,1439835383007,"9,476",Not yet rated,NULL,$21
FOGO,$18.51,1439835383038,"73,968",50% bullish,of 2 ratings,$25.50
FLIR,$30.6,1439835383073,"76,281",100% bearish,of 1 rating,$38.50
FOMX,$10.54,1439835383209,"51,247",50% bullish,of 2 ratings,$23.50
FONR,$9.52,1439835383240,"1,138",100% bullish,of 1 rating,N/A
FORTY,$35,1439835383343,500,Not yet rated,NULL,N/A
FORM,$6.65,1439835383383,"47,625",67% bullish,of 3 ratings,$10.50
FES,$1.0099,1439835383409,920,50% bullish,of 2 ratings,$1
FORR,$32.32,1439835383577,"11,931",Not yet rated,NULL,N/A
FTNT,$47.62,1439835383645,"389,153",80% bullish,of 10 ratings,$52
FWRD,$48.62,1439835383677,"53,403",100% bearish,of 1 rating,$50
FBIO,$3.073,1439835383703,"44,826",83% bullish,of 6 ratings,N/A
FORD,$1.111,1439835383735,"485,833",50% bullish,of 2 ratings,N/A
FWP,$25.5,1439835383906,"13,611",100% bearish,of 1 rating,$45
FMI,$20.26,1439835384042,"83,221",100% bearish,of 2 ratings,$27.50
FOSL,$62.22,1439835384068,"309,359",50% bullish,of 4 ratings,$70
FRAN,$11.35,1439835384147,"290,335",50% bullish,of 4 ratings,$15
FELE,$30.29,1439835384242,"71,365",50% bullish,of 4 ratings,$33
FXCB,$17.69,1439835384269,412,Not yet rated,NULL,$19
FOXF,$15.78,1439835384301,"12,628",100% bearish,of 1 rating,$19
FRED,$14.49,1439835384350,"25,419",50% bullish,of 2 ratings,$16.50
FREE,$0.51,1439835384483,"1,010,180",92% bullish,of 12 ratings,N/A
RAIL,$22.39,1439835384535,"39,261",100% bearish,of 1 rating,$24.50
FRPT,$14.725,1439835384615,"112,488",67% bearish,of 3 ratings,$23.50
FTRPR,$109.0975,1439835384699,"108,850",100% bearish,of 1 rating,N/A
FEIM,$10.96,1439835384774,910,100% bearish,of 1 rating,N/A
FTR,$5.58,1439835384876,"7,336,539",78% bullish,of 27 ratings,$6.25
FSBW,$23.5,1439835384939,"2,772",Not yet rated,NULL,N/A
FRPH,$31.06,1439835384964,606,100% bearish,of 1 rating,N/A
FTD,$30.68,1439835385128,"26,462",100% bearish,of 1 rating,$40
FTEK,$2.31,1439835385181,"22,475",75% bullish,of 4 ratings,N/A
FSYS,$6.74,1439835385206,"14,729",67% bullish,of 3 ratings,$10
FCEL,$0.8061,1439835385236,"232,246",88% bullish,of 40 ratings,$2.65
FULL,$3.21,1439835385369,"45,153",67% bearish,of 3 ratings,$4.25
FULLL,$25.5,1439835385511,300,Not yet rated,NULL,N/A
FLL,$1.62,1439835385586,"14,103",75% bullish,of 4 ratings,$2.825
FULT,$13.16,1439835385613,"114,632",100% bearish,of 1 rating,$13
FFHL,$0.88,1439835385634,30,50% bullish,of 4 ratings,N/A
FSNN,$2.6,1439835385665,"1,088",67% bullish,of 3 ratings,$6
FXENP,$16.5,1439835385813,350,100% bearish,of 1 rating,N/A
FXEN,$1.02,1439835385839,"155,857",75% bullish,of 4 ratings,$1.10
WILC,$5.2149,1439835385984,"3,793",100% bullish,of 2 ratings,N/A
GAIA,$6.05,1439835386084,"26,050",50% bullish,of 2 ratings,$8.50
GK,$71.68,1439835386139,"24,887",Not yet rated,NULL,$78
GALT,$2.25,1439835386171,"116,828",80% bullish,of 5 ratings,N/A
GLPG,$60.1,1439835386215,"4,905",100% bullish,of 1 rating,$75
GALTU,NULL,1439835386270,0,100% bearish,of 1 rating,N/A
GLMD,$9.0501,1439835386441,"8,751",67% bullish,of 3 ratings,$20.50
GALTW,$0.7131,1439835386544,999,100% bullish,of 1 rating,N/A
GLPI,$33.46,1439835386580,"118,915",100% bearish,of 1 rating,$37.50
GALE,$1.44,1439835386613,"302,489",89% bullish,of 47 ratings,$4
GRMN,$40.355,1439835386679,"173,475",50% bullish,of 6 ratings,$48
GPIC,$10.27,1439835386707,864,100% bearish,of 1 rating,N/A
GGAC,$9.82,1439835386733,200,100% bearish,of 1 rating,N/A
GGACR,NULL,1439835386870,0,100% bullish,of 1 rating,N/A
GARS,$14.83,1439835387086,"9,165",Not yet rated,NULL,$16
GGACW,NULL,1439835387116,0,Not yet rated,NULL,N/A
GGACU,NULL,1439835387141,0,Not yet rated,NULL,N/A
GENC,$9.49,1439835387181,125,100% bearish,of 1 rating,N/A
GNCMA,$18.26,1439835387216,"30,325",100% bearish,of 1 rating,$12
GFN,$4.1,1439835387277,"26,950",100% bearish,of 2 ratings,$8
GFNCP,$93.77,1439835387308,100,Not yet rated,NULL,N/A
GFNSL,$26,1439835387335,200,Not yet rated,NULL,N/A
GNCA,$13.11,1439835387582,"47,060",100% bearish,of 1 rating,$20
GENE,$2.7715,1439835387650,"94,265",100% bullish,of 12 ratings,N/A
GNMK,$9.55,1439835387677,"28,529",67% bullish,of 6 ratings,$14
GHDX,$26.35,1439835387710,"92,086",50% bullish,of 2 ratings,$30
GNTX,$15.96,1439835387842,"629,147",Not yet rated,NULL,$20
THRM,$48.49,1439835387873,"70,328",75% bearish,of 4 ratings,$55.50
GNVC,$2.3871,1439835387894,"3,407",90% bullish,of 10 ratings,$8.50
GTWN,NULL,1439835388055,0,Not yet rated,NULL,N/A
GEOS,$15.97,1439835388143,"35,575",100% bearish,of 3 ratings,$25.50
GABC,$29.99,1439835388173,"5,255",Not yet rated,NULL,$31.50
ROCK,$18.668,1439835388277,"168,345",80% bullish,of 5 ratings,$24
GEVO,$2.175,1439835388304,"125,991",75% bullish,of 12 ratings,N/A
GERN,$3.3699,1439835388375,"812,638",88% bullish,of 16 ratings,$5.25
GIGM,$0.6581,1439835388403,"39,923",100% bullish,of 2 ratings,N/A
GIGA,$1.453,1439835388432,"8,114",100% bearish,of 1 rating,N/A
GIII,$69.835,1439835388572,"40,402",67% bullish,of 3 ratings,$75
GILT,$4.564,1439835388659,"5,044",50% bullish,of 2 ratings,N/A
GILD,$116.37,1439835388691,"2,380,854",91% bullish,of 86 ratings,$129
GBCI,$28.31,1439835388789,"20,553",50% bullish,of 2 ratings,$31
GLAD,$8.331,1439835388928,"46,496",50% bullish,of 2 ratings,$8.75
GOOD,$15.98,1439835388989,"31,268",Not yet rated,NULL,$19
GLADO,$25.59,1439835389020,"2,190",Not yet rated,NULL,N/A
GOODN,$25.6,1439835389125,500,Not yet rated,NULL,N/A
GOODO,$25.223,1439835389154,550,Not yet rated,NULL,N/A
GAIN,$7.975,1439835389286,"100,399",100% bullish,of 2 ratings,$8.25
GOODP,$25.21,1439835389318,"1,163",Not yet rated,NULL,N/A
GAINN,$25.44,1439835389343,"69,295",Not yet rated,NULL,N/A
GAINO,$25.4801,1439835389474,915,Not yet rated,NULL,N/A
GAINP,$26.1305,1439835389533,"1,467",Not yet rated,NULL,N/A
GLBZ,NULL,1439835389567,0,Not yet rated,NULL,N/A
LAND,$9.6006,1439835389593,"6,585",50% bullish,of 2 ratings,$13.75
GBT,$54.495,1439835389737,"277,167",Not yet rated,NULL,N/A
GDEF,$10.54,1439835389795,1,Not yet rated,NULL,N/A
GBLI,$27.2,1439835389894,"2,004",Not yet rated,NULL,N/A
ENT,$12.57,1439835389920,"51,771",100% bearish,of 1 rating,$18
GPACU,NULL,1439835389982,0,Not yet rated,NULL,N/A
GSOL,$8.48,1439835390051,"11,275",100% bearish,of 1 rating,N/A
QQQC,$21.4453,1439835390080,"7,702",100% bearish,of 1 rating,N/A
ACTX,NULL,1439835390107,0,100% bullish,of 1 rating,N/A
SOCL,$18.7101,1439835390287,"13,383",100% bullish,of 2 ratings,N/A
ALTY,NULL,1439835390319,0,Not yet rated,NULL,N/A
SRET,$13.8935,1439835390422,"3,225",Not yet rated,NULL,N/A
YLCO,$12.3,1439835390449,915,Not yet rated,NULL,N/A
GAI,$5.51,1439835390477,812,50% bullish,of 2 ratings,N/A
GLBS,$1.21,1439835390608,"3,218",67% bullish,of 3 ratings,N/A
GSM,$14.2,1439835390696,"83,782",50% bullish,of 2 ratings,$24.50
GBIM,$2.3795,1439835390739,"60,575",50% bullish,of 2 ratings,N/A
GLRI,$1.2,1439835390777,"4,762",100% bearish,of 1 rating,$6
GLUU,$4.795,1439835390870,"827,000",92% bullish,of 26 ratings,$9
GOGO,$16.395,1439835390929,"183,025",80% bullish,of 5 ratings,$25
GLNG,$38.63,1439835391059,"445,527",83% bullish,of 6 ratings,$58
GLYC,$7.48,1439835391085,"8,276",50% bullish,of 2 ratings,$14
GDEN,$9.082,1439835391256,864,50% bullish,of 2 ratings,N/A
GMLP,$20.61,1439835391287,"42,195",50% bullish,of 4 ratings,$33
GBDC,$16.62,1439835391319,"39,797",Not yet rated,NULL,$17.75
GOGL,$3.58,1439835391356,"77,983",75% bullish,of 4 ratings,$5
GLDC,NULL,1439835391385,0,50% bullish,of 2 ratings,N/A
GOOG,$659.41,1439835391518,"331,115",89% bullish,of 64 ratings,$795
GTIM,$7.32,1439835391539,"26,598",Not yet rated,NULL,$11.50
GOOGL,$692.99,1439835391706,"355,222",88% bullish,of 1078 ratings,$747
GPRO,$58.25,1439835391778,"1,726,872",79% bullish,of 58 ratings,$72
GPIA,NULL,1439835391916,0,Not yet rated,NULL,N/A
GPIAW,NULL,1439835391970,0,Not yet rated,NULL,N/A
GMAN,$4.74,1439835391996,"45,222",60% bullish,of 5 ratings,$8
GPIAU,NULL,1439835392017,0,Not yet rated,NULL,N/A
GRVY,$3.41,1439835392247,100,50% bullish,of 2 ratings,N/A
LOPE,$39.78,1439835392273,"93,221",100% bearish,of 2 ratings,$50
GBSN,$2.47,1439835392308,"39,342",100% bearish,of 1 rating,$8.25
GRBK,$14.715,1439835392412,"131,755",77% bullish,of 13 ratings,N/A
GNBC,$13.51,1439835392434,"4,614",100% bearish,of 1 rating,$17
GBSNU,$16.5,1439835392466,"11,450",Not yet rated,NULL,N/A
GLDD,$5.59,1439835392500,"41,662",100% bearish,of 4 ratings,$7.75
GSBC,$42.81,1439835392527,"9,717",100% bullish,of 1 rating,$44
GPP,$14.9,1439835392713,"4,676",Not yet rated,NULL,$20.50
GCBC,NULL,1439835392930,0,100% bullish,of 1 rating,N/A
GPRE,$23.15,1439835393056,"215,920",67% bullish,of 6 ratings,$28.50
GRPN,$4.41,1439835393091,"4,579,947",61% bullish,of 71 ratings,$6.75
GRIF,NULL,1439835393112,0,100% bearish,of 1 rating,N/A
GGAL,$20.91,1439835393143,"79,131",80% bullish,of 5 ratings,$40
GLRE,$26.565,1439835393165,"29,307",100% bullish,of 1 rating,$41
GRFS,$32.11,1439835393196,"150,966",50% bullish,of 2 ratings,$35
OMAB,$43.24,1439835393222,"14,892",100% bullish,of 1 rating,$44
GBNK,$16.33,1439835393492,"6,358",100% bearish,of 1 rating,$18
GSIT,$5.02,1439835393522,"4,838",100% bearish,of 1 rating,N/A
GSIG,$13.66,1439835393555,"4,489",100% bearish,of 2 ratings,N/A
GSVC,$9.48,1439835393586,"18,560",50% bullish,of 2 ratings,$14.50
GTXI,$0.9899,1439835393612,"12,108",100% bullish,of 5 ratings,$.75
GFED,NULL,1439835393640,0,Not yet rated,NULL,$17
GUID,$9.23,1439835393668,"25,737",100% bearish,of 3 ratings,$10
GURE,$1.825,1439835393977,"60,374",88% bullish,of 8 ratings,N/A
GULTU,$0.3772,1439835394006,"12,350",100% bearish,of 1 rating,N/A
GIFI,$12.0399,1439835394027,"21,097",100% bearish,of 1 rating,$16
GWPH,$114.1492,1439835394082,"80,176",78% bullish,of 9 ratings,$148.50
GWGH,NULL,1439835394212,0,100% bearish,of 1 rating,$15.05
GPOR,$35.78,1439835394242,"946,983",75% bullish,of 4 ratings,$55.50
HEES,$17.33,1439835394263,"91,435",67% bearish,of 3 ratings,$31
GYRO,$2.85,1439835394295,600,100% bearish,of 1 rating,N/A
HLG,$9.44,1439835394427,153,100% bearish,of 1 rating,N/A
HNRG,$7.66,1439835394459,"46,390",100% bearish,of 1 rating,$10
HALO,$19.71,1439835394562,"506,121",67% bullish,of 3 ratings,$22.50
HALL,$11.775,1439835394593,"27,431",Not yet rated,NULL,N/A
HBK,$13.5,1439835394692,600,50% bullish,of 2 ratings,N/A
HMPR,$2.0101,1439835394766,"4,700",100% bullish,of 1 rating,N/A
HBHC,$29.26,1439835394792,"73,173",50% bullish,of 2 ratings,$30
HBHCL,$24.63,1439835394850,"15,230",Not yet rated,NULL,N/A
HAFC,$26.03,1439835395088,"19,506",100% bullish,of 2 ratings,$28.50
HNH,$28.925,1439835395123,783,100% bullish,of 1 rating,N/A
HNSN,$0.536,1439835395144,"112,313",88% bullish,of 8 ratings,$.40
HQCL,$11.16,1439835395179,"2,710",67% bullish,of 3 ratings,N/A
HLIT,$5.84,1439835395229,"194,978",100% bearish,of 1 rating,$6.50
HDNG,$9.87,1439835395289,"3,620",50% bullish,of 4 ratings,N/A
HRMN,NULL,1439835395318,0,Not yet rated,NULL,N/A
HRMNU,NULL,1439835395343,0,Not yet rated,NULL,N/A
HRMNW,NULL,1439835395617,0,Not yet rated,NULL,N/A
HART,$0.6423,1439835395683,"164,367",100% bearish,of 1 rating,N/A
TINY,$2.6,1439835395717,"9,434",50% bullish,of 2 ratings,$5.26
HBIO,$4.62,1439835395821,"37,976",Not yet rated,NULL,$10
HCAP,$12.518,1439835395851,"6,474",50% bullish,of 2 ratings,$15
HA,$25.92,1439835395883,"441,791",67% bullish,of 9 ratings,$27
HCAPL,$25.74,1439835395955,"1,400",Not yet rated,NULL,N/A
HAS,$80.38,1439835395980,"190,658",63% bullish,of 8 ratings,$84.50
HCOM,$23.49,1439835396181,"3,950",100% bearish,of 1 rating,$28
HWBK,NULL,1439835396230,0,100% bearish,of 1 rating,N/A
HWKN,$37.93,1439835396255,"5,112",Not yet rated,NULL,N/A
HCSG,$34.8693,1439835396434,"47,685",50% bullish,of 4 ratings,$35
HIIQ,$4.86,1439835396481,"32,763",50% bullish,of 2 ratings,$7
HAYN,$41.12,1439835396507,"29,752",100% bearish,of 1 rating,$59
HQY,$33.63,1439835396567,"114,983",67% bullish,of 3 ratings,$31
HDS,$34.57,1439835396625,"384,631",100% bearish,of 2 ratings,$39.50
HSTM,$25.816,1439835396723,"39,280",50% bullish,of 2 ratings,$33.75
HWAY,$12.4667,1439835396750,"73,111",100% bearish,of 1 rating,$15
HTLF,$37.8239,1439835396879,"10,120",100% bullish,of 1 rating,$39.50
HTLD,$21.365,1439835396950,"71,407",Not yet rated,NULL,$22.50
HTBX,$5.67,1439835397094,"11,906",50% bullish,of 2 ratings,$15.50
HTWR,$89.71,1439835397120,"81,050",50% bullish,of 2 ratings,$103
HELE,$91.3,1439835397175,"29,741",67% bearish,of 3 ratings,$100
HSII,$20.585,1439835397273,"29,204",100% bullish,of 3 ratings,$25
HMNY,NULL,1439835397301,0,100% bearish,of 1 rating,N/A
HCACU,NULL,1439835397442,0,Not yet rated,NULL,N/A
HNNA,$23.2978,1439835397495,350,Not yet rated,NULL,N/A
HERO,$0.071,1439835397523,"1,050,252",81% bullish,of 16 ratings,$.75
HMTV,$13.45,1439835397549,"1,341",100% bearish,of 1 rating,$16
HSIC,$145.34,1439835397584,"122,449",83% bullish,of 6 ratings,$146
HFWA,$18.39,1439835397710,"5,862",100% bullish,of 1 rating,$20
HTBK,$11.11,1439835397750,"11,300",Not yet rated,NULL,$12
MLHR,$29.37,1439835397968,"88,989",100% bullish,of 1 rating,$33.50
HEOP,$8.11,1439835398001,"9,725",Not yet rated,NULL,$8.50
HCCI,$13,1439835398043,"13,058",100% bearish,of 1 rating,$16.50
HRTX,$31.745,1439835398069,"136,399",67% bullish,of 6 ratings,$41
HSKA,$34.83,1439835398095,"25,912",100% bearish,of 1 rating,$38
HFFC,$16.51,1439835398259,302,Not yet rated,NULL,N/A
HIBB,$41.21,1439835398406,"60,068",100% bearish,of 1 rating,$48.50
HPJ,$2.86,1439835398437,"13,806",75% bullish,of 4 ratings,$12.43
HIHO,$4.21,1439835398466,"11,045",Not yet rated,NULL,N/A
HSGX,$6.68,1439835398509,"6,799",100% bearish,of 1 rating,$17
HIMX,$6.88,1439835398563,"409,766",85% bullish,of 20 ratings,$8.50
HIFS,$119.7,1439835398611,745,Not yet rated,NULL,N/A
HMNF,$11.5,1439835398665,20,Not yet rated,NULL,N/A
HMSY,$9.59,1439835398834,"551,008",67% bullish,of 3 ratings,$19.35
HOLI,$18.53,1439835398991,"298,965",50% bullish,of 4 ratings,$27
HOLX,$42.76,1439835399025,"922,079",67% bullish,of 3 ratings,$42
HFBL,NULL,1439835399122,0,Not yet rated,NULL,N/A
HBCP,NULL,1439835399151,0,Not yet rated,NULL,$29
HOMB,$41.235,1439835399183,"106,552",Not yet rated,NULL,$41
AWAY,$31.095,1439835399204,"184,960",67% bullish,of 3 ratings,$36
HMST,$22.19,1439835399284,"14,540",100% bullish,of 2 ratings,$27
HMIN,$29.715,1439835399447,"25,162",100% bearish,of 2 ratings,$35
HKTV,$5.23,1439835399482,968,100% bearish,of 1 rating,N/A
HTBI,$18.75,1439835399510,"19,502",67% bullish,of 3 ratings,$18.625
HOFT,$25.65,1439835399553,"12,377",100% bearish,of 1 rating,N/A
HFBC,$11.6401,1439835399581,"2,122",Not yet rated,NULL,N/A
CETC,$0.98,1439835399611,"58,502",86% bullish,of 7 ratings,N/A
HBNC,$24.84,1439835399661,"5,545",100% bullish,of 1 rating,$27
HZNP,$31.72,1439835399973,"875,003",85% bullish,of 20 ratings,$40
HRZN,$11.25,1439835400003,"15,826",100% bearish,of 1 rating,$14.25
ZINC,$8.8,1439835400069,"135,207",100% bearish,of 1 rating,$17
HDP,$26.03,1439835400096,"155,717",67% bearish,of 3 ratings,$30.50
HOVNP,$5.1501,1439835400117,"1,202",100% bearish,of 1 rating,N/A
HWCC,$7.27,1439835400155,"50,754",100% bearish,of 1 rating,$9
HMHC,$23.61,1439835400177,"118,485",Not yet rated,NULL,$27
HBMD,$14.01,1439835400250,200,100% bearish,of 1 rating,N/A
HSNI,$63.43,1439835400466,"146,673",Not yet rated,NULL,$80
HTGM,$5.7835,1439835400496,"14,827",100% bearish,of 1 rating,$19.50
HSON,$2.9,1439835400524,"30,584",100% bearish,of 1 rating,$5
HUBG,$41.57,1439835400546,"29,083",100% bearish,of 1 rating,$43
HCBK,$10.39,1439835400583,"320,624",83% bullish,of 6 ratings,$8.61
HBAN,$11.83,1439835400683,"3,325,939",76% bullish,of 17 ratings,$12.50
HDSN,$3.1835,1439835400710,"8,460",100% bullish,of 1 rating,$6.25
HBANP,$1357,1439835400840,40,100% bearish,of 1 rating,N/A
HURC,$31,1439835401000,"7,157",100% bearish,of 1 rating,N/A
HTCH,$1.6601,1439835401028,"21,018",100% bearish,of 1 rating,$3.50
HURN,$76.17,1439835401050,"54,349",50% bullish,of 2 ratings,$80
HBP,$3.15,1439835401189,"20,499",100% bullish,of 1 rating,N/A
HDRAW,NULL,1439835401293,0,Not yet rated,NULL,N/A
HDRA,NULL,1439835401322,0,Not yet rated,NULL,N/A
HYGS,$7.72,1439835401366,"13,718",50% bullish,of 2 ratings,$13
IKGH,$1.79,1439835401560,"34,695",75% bullish,of 4 ratings,N/A
HDRAR,NULL,1439835401590,0,Not yet rated,NULL,N/A
IDSY,$4.08,1439835401612,"1,575",100% bearish,of 1 rating,$7
HDRAU,NULL,1439835401641,0,Not yet rated,NULL,N/A
IACI,$74.8925,1439835401895,"151,203",75% bullish,of 4 ratings,$90
ICAD,$3.51,1439835401930,"10,506",50% bullish,of 2 ratings,$7.25
IBKC,$64.19,1439835401979,"46,952",100% bullish,of 1 rating,$70
ICLR,$79.54,1439835402024,"1,141,248",100% bearish,of 3 ratings,$82
IEP,$73.54,1439835402050,"67,938",75% bullish,of 4 ratings,$99
ICFI,$35.59,1439835402111,"16,016",50% bullish,of 2 ratings,$48.50
ICUI,$121.1129,1439835402141,"39,476",Not yet rated,NULL,$122
ICON,$13.86,1439835402277,"300,837",50% bullish,of 2 ratings,$18.50
IDRA,$2.72,1439835402419,"514,698",89% bullish,of 9 ratings,$6.50
INVE,$4.62,1439835402450,"109,623",75% bullish,of 4 ratings,$4
IPWR,$7.89,1439835402476,"4,445",100% bullish,of 1 rating,$15
IDXX,$78.552,1439835402504,"138,668",100% bearish,of 1 rating,$77
IROQ,$16.5,1439835402638,"1,034",100% bullish,of 1 rating,N/A
IRG,$4.6,1439835402800,"2,400",100% bearish,of 1 rating,$4.50
RXDX,$13.8,1439835402831,"90,072",100% bullish,of 1 rating,$20
IIVI,$17.9,1439835402869,"72,615",100% bearish,of 1 rating,$22
DSKY,$12.48,1439835402999,"72,077",67% bullish,of 6 ratings,$11.50
KANG,$16.71,1439835403027,"59,900",50% bullish,of 2 ratings,$22.55
IKAN,$2.74,1439835403050,"11,551",83% bullish,of 6 ratings,$5
ILMN,$207.93,1439835403249,"384,531",80% bullish,of 5 ratings,$240
ISNS,$4.1121,1439835403334,"8,060",50% bullish,of 2 ratings,N/A
IKNX,$11.4,1439835403378,"1,270",100% bearish,of 1 rating,N/A
IMNP,$1.589,1439835403467,"68,750",50% bullish,of 2 ratings,$6
ICCC,$8.9018,1439835403525,"5,222",100% bullish,of 1 rating,N/A
IMMR,$12.59,1439835403600,"29,729",80% bullish,of 5 ratings,$15.50
IMGN,$14.365,1439835403690,"394,425",75% bullish,of 4 ratings,$17.50
IMDZ,$16.56,1439835403735,"26,421",100% bearish,of 1 rating,$33
IMMU,$1.84,1439835403867,"149,900",86% bullish,of 7 ratings,$2
IMMY,$7.7,1439835403896,"12,050",100% bearish,of 1 rating,$11
IPXL,$46.21,1439835403926,"212,325",67% bullish,of 3 ratings,$46.50
INCR,$44.51,1439835403952,"305,978",50% bullish,of 2 ratings,$53
SAAS,$8.02,1439835404000,"208,281",50% bullish,of 2 ratings,$15
INCY,$112,1439835404161,"725,585",50% bullish,of 6 ratings,$125.50
IBCP,$14.77,1439835404267,"17,311",100% bullish,of 1 rating,$14.50
INDB,$49.18,1439835404342,"26,463",Not yet rated,NULL,$44
IDSA,$3.743,1439835404499,"8,799",Not yet rated,NULL,N/A
IBTX,$44.06,1439835404527,"6,654",100% bullish,of 2 ratings,$47.25
INFI,$9.55,1439835404716,"161,064",50% bullish,of 4 ratings,$18
III,$4.235,1439835404744,"43,384",57% bullish,of 7 ratings,$6
IMKTA,$55.19,1439835404770,"43,247",100% bearish,of 1 rating,N/A
INFN,$24.52,1439835404800,"685,033",71% bullish,of 7 ratings,$27.50
IPCC,$78.84,1439835404902,"9,507",Not yet rated,NULL,$77
INWK,$7.74,1439835405033,"43,777",50% bullish,of 2 ratings,$10
IFON,$1.35,1439835405061,"82,072",75% bullish,of 4 ratings,N/A
INOD,$2.5425,1439835405122,"1,465",100% bearish,of 1 rating,N/A
INNL,$13.01,1439835405194,"1,700",100% bearish,of 1 rating,$16.50
IPHS,$51.63,1439835405219,"68,601",100% bearish,of 1 rating,$60
IOSP,$46.6,1439835405250,"27,198",100% bearish,of 1 rating,N/A
ISSC,$3,1439835406251,"3,700",67% bearish,of 3 ratings,N/A
INGN,$50.548,1439835406650,"212,636",100% bearish,of 1 rating,$50.50
INOV,$21.12,1439835406887,"86,148",100% bearish,of 1 rating,$33
IIIN,$18.14,1439835406915,"2,904",100% bearish,of 2 ratings,N/A
NSIT,$26.83,1439835406937,"29,474",50% bullish,of 2 ratings,N/A
ISIG,$2.69,1439835406959,700,100% bearish,of 1 rating,N/A
ITEK,$15.69,1439835406995,"1,062,395",67% bearish,of 3 ratings,$20
INO,$7.75,1439835407091,"519,920",89% bullish,of 18 ratings,$20
PODD,$30.41,1439835407295,"241,063",50% bullish,of 2 ratings,$35
NTEC,$6.05,1439835407326,"9,705",Not yet rated,NULL,N/A
INSY,$35.34,1439835407348,"319,722",75% bullish,of 4 ratings,$48
ISSI,$22.4,1439835407381,"85,257",67% bullish,of 3 ratings,$19.75
IESC,$7.23,1439835407413,"4,466",100% bearish,of 1 rating,N/A
IDTI,$19.41,1439835407515,"428,924",60% bullish,of 5 ratings,$25
IART,$62.46,1439835407544,"72,799",100% bearish,of 1 rating,$71.50
INSM,$26.935,1439835407573,"110,950",71% bullish,of 7 ratings,$32
INTC,$29.0862,1439835407678,"5,829,105",82% bullish,of 238 ratings,$36
IPAR,$28.66,1439835407952,"56,850",67% bullish,of 3 ratings,$38
IBKR,$42.5299,1439835407982,"142,404",100% bullish,of 1 rating,N/A
IPCI,$2.25,1439835408055,"56,929",67% bullish,of 6 ratings,$7.75
IQNT,$17.75,1439835408082,"48,282",86% bullish,of 7 ratings,$20
ICLD,$1.97,1439835408109,"1,143,814",75% bullish,of 4 ratings,N/A
ININ,$40.58,1439835408136,"13,973",67% bearish,of 3 ratings,$57
ICLDW,$1.06,1439835408276,1,100% bearish,of 1 rating,N/A
ICPT,$212.49,1439835408447,"69,583",70% bullish,of 10 ratings,$363
TILE,$26.16,1439835408481,"385,275",67% bearish,of 3 ratings,$27
IMI,$2.07,1439835408511,"10,257",67% bullish,of 3 ratings,$2.22
IDCC,$50.1604,1439835408532,"96,171",75% bullish,of 4 ratings,$63
INAP,$8.8,1439835408570,"27,392",75% bullish,of 4 ratings,$11
IBOC,$27.84,1439835408603,"33,867",100% bearish,of 1 rating,N/A
ISCA,$33.9,1439835408702,"24,590",100% bearish,of 1 rating,N/A
IGLD,$7.73,1439835408730,"3,300",50% bullish,of 2 ratings,N/A
IIJI,NULL,1439835408975,0,50% bullish,of 2 ratings,$11.50
XENT,$28.51,1439835409118,"42,374",50% bullish,of 2 ratings,$36.50
ISIL,$10.98,1439835409191,"113,609",50% bullish,of 6 ratings,$15
INPH,$0.3363,1439835409221,"4,452",50% bullish,of 2 ratings,N/A
PTNT,$3.06,1439835409251,300,Not yet rated,NULL,N/A
IILG,$21.56,1439835409276,"17,067",100% bearish,of 1 rating,$30.50
INTL,$28.68,1439835409308,"24,924",67% bearish,of 3 ratings,N/A
INTX,$2.54,1439835409337,"24,673",67% bullish,of 3 ratings,N/A
IVAC,$5.17,1439835409383,"4,534",Not yet rated,NULL,$6.625
INTLL,$25.7,1439835409516,"2,000",Not yet rated,NULL,N/A
INTU,$105.45,1439835409645,"225,702",100% bullish,of 7 ratings,$107.50
ITCI,$30.97,1439835409671,"244,334",75% bearish,of 4 ratings,$40
IIN,NULL,1439835409707,0,100% bearish,of 1 rating,$12
ISRG,$530.9775,1439835409739,"50,985",67% bullish,of 3 ratings,$600
SNAK,$8.8,1439835409925,"24,494",50% bullish,of 2 ratings,$14
INVT,$0.291,1439835409952,"107,396",67% bullish,of 3 ratings,N/A
ISTR,$15.8999,1439835410024,629,100% bearish,of 1 rating,$18.50
ITIC,$71.1499,1439835410120,"1,948",100% bearish,of 2 ratings,N/A
IVTY,$11.95,1439835410152,"7,000",Not yet rated,NULL,$18
IPAS,$1.07,1439835410222,"12,566",67% bullish,of 3 ratings,N/A
ISBC,$12.4,1439835410249,"574,658",100% bullish,of 1 rating,$13.25
NVIV,$12.31,1439835410307,"107,230",50% bullish,of 4 ratings,$24.50
DTUL,NULL,1439835410442,0,Not yet rated,NULL,N/A
DFVL,NULL,1439835410496,0,Not yet rated,NULL,N/A
IPCM,$79.32,1439835410571,"47,083",50% bullish,of 2 ratings,$80.125
IPGP,$91.6,1439835410766,"67,915",100% bearish,of 2 ratings,$109.50
IRMD,$26.24,1439835410875,"6,388",67% bearish,of 3 ratings,$25
IRBT,$31.35,1439835410935,"60,914",67% bullish,of 6 ratings,$37
IRIX,$6.94,1439835410968,"5,546",100% bearish,of 1 rating,N/A
IRDMB,NULL,1439835410989,0,67% bearish,of 3 ratings,N/A
IRCP,NULL,1439835411022,0,100% bullish,of 2 ratings,N/A
COMT,$33.6101,1439835411043,"1,495",100% bearish,of 1 rating,N/A
IRWD,$11.65,1439835411080,"459,430",100% bearish,of 1 rating,$13
IRDM,$7,1439835411186,"131,945",60% bullish,of 5 ratings,$11.50
GNMA,$50.0675,1439835411365,"3,286",Not yet rated,NULL,N/A
IFEU,$40.0795,1439835411422,"7,529",Not yet rated,NULL,N/A
FCHI,$50.4573,1439835411497,250,Not yet rated,NULL,N/A
IFNA,NULL,1439835411626,0,Not yet rated,NULL,N/A
IFAS,$29.05,1439835411655,200,Not yet rated,NULL,N/A
IFGL,$30.1518,1439835411676,"75,206",Not yet rated,NULL,N/A
ACWX,$43.17,1439835411805,"287,769",100% bearish,of 1 rating,N/A
ACWI,$59.27,1439835411931,"2,113,049",Not yet rated,NULL,N/A
AAXJ,$56.3978,1439835411976,"237,842",Not yet rated,NULL,N/A
AXJS,NULL,1439835412036,0,Not yet rated,NULL,N/A
EMDI,NULL,1439835412088,0,Not yet rated,NULL,N/A
AAIT,$30.622,1439835412114,200,100% bullish,of 1 rating,N/A
EEMA,$53.2499,1439835412144,"10,393",Not yet rated,NULL,N/A
EMEY,$25.71,1439835412309,214,Not yet rated,NULL,N/A
EEME,$39.6,1439835412335,"3,620",100% bearish,of 1 rating,N/A
EGRW,$49.7489,1439835412529,"3,904",Not yet rated,NULL,N/A
EEML,$28.885,1439835412554,556,Not yet rated,NULL,N/A
EUFN,$23.22,1439835412587,"98,437",100% bearish,of 1 rating,N/A
EVAL,$37.65,1439835412694,441,Not yet rated,NULL,N/A
IBB,$370.17,1439835412726,"403,265",63% bullish,of 8 ratings,N/A
QAT,$22.05,1439835412747,"1,300",Not yet rated,NULL,N/A
UAE,$19.23,1439835412776,"1,050",Not yet rated,NULL,N/A
IEUS,$47.43,1439835412909,"4,776",100% bearish,of 1 rating,N/A
SOXX,$86.06,1439835413067,"111,785",50% bullish,of 2 ratings,N/A
EMIF,$30.34,1439835413092,"2,375",Not yet rated,NULL,N/A
INDY,$29.73,1439835413240,"258,425",100% bullish,of 1 rating,N/A
ICLN,$10.25,1439835413348,"31,141",50% bullish,of 2 ratings,N/A
WOOD,$51.28,1439835413369,"10,079",50% bullish,of 2 ratings,N/A
ISHG,$78.6501,1439835413449,"1,114",100% bearish,of 1 rating,N/A
IGOV,$90.2839,1439835413504,"4,130",100% bearish,of 1 rating,N/A
ISIS,$51.29,1439835413634,"340,046",53% bullish,of 15 ratings,$67
ISRL,NULL,1439835413661,0,100% bearish,of 1 rating,N/A
ISLE,$19.13,1439835413689,"101,110",50% bullish,of 4 ratings,$16
ITRI,$33.55,1439835413715,"42,260",Not yet rated,NULL,$37
XXIA,$15.68,1439835413857,"154,459",71% bullish,of 7 ratings,$14.625
IXYS,$11.12,1439835413946,"44,794",50% bullish,of 4 ratings,N/A
ITUS,$3.99,1439835414032,"1,013",Not yet rated,NULL,N/A
ITRN,$25.84,1439835414060,"5,583",50% bullish,of 2 ratings,N/A
JJSF,$118.96,1439835414089,"8,945",100% bearish,of 1 rating,N/A
MAYS,NULL,1439835414193,0,Not yet rated,NULL,N/A
JBHT,$79.94,1439835414359,"139,755",50% bullish,of 4 ratings,$89.50
JASO,$8.33,1439835414442,"760,592",82% bullish,of 17 ratings,$10
JXSB,NULL,1439835414472,0,Not yet rated,NULL,N/A
JKHY,$71.45,1439835414538,"90,281",50% bullish,of 2 ratings,$72
JACK,$87.85,1439835414570,"79,240",83% bullish,of 6 ratings,$105
JAXB,NULL,1439835414598,0,100% bullish,of 1 rating,N/A
JCOM,$73.67,1439835414625,"90,979",100% bullish,of 2 ratings,$77
JAKK,$9.79,1439835414822,"101,162",60% bearish,of 5 ratings,$10.50
JAGX,$2.7001,1439835414901,"1,300",Not yet rated,NULL,N/A
JMBA,$14.11,1439835414954,"77,355",75% bullish,of 4 ratings,$18
JRVR,$27.28,1439835415062,"9,780",Not yet rated,NULL,$27
ERW,$51.83,1439835415090,20,Not yet rated,NULL,N/A
JASNW,$0.3985,1439835415192,"3,050",50% bullish,of 2 ratings,N/A
JASN,$5.29,1439835415281,"17,540",50% bullish,of 2 ratings,$9.50
JBLU,$24.35,1439835415323,"2,483,953",94% bullish,of 16 ratings,$27
JD,$27.43,1439835415386,"3,650,602",75% bullish,of 16 ratings,$36
DATE,$6.55,1439835415483,"57,869",75% bullish,of 4 ratings,$9
JCTCF,NULL,1439835415504,0,100% bullish,of 1 rating,N/A
JTPY,$2.978,1439835415541,"1,317",100% bearish,of 1 rating,N/A
JAZZ,$185.787,1439835415638,"54,617",80% bullish,of 15 ratings,$206.50
JST,$4.41,1439835415668,"10,962",75% bullish,of 4 ratings,N/A
JIVE,$4.12,1439835415693,"108,584",75% bullish,of 4 ratings,$5
WYIGU,$10.05,1439835415850,200,Not yet rated,NULL,N/A
JOEZ,$0.1999,1439835415985,"108,014",92% bullish,of 12 ratings,N/A
JBSS,$48.29,1439835416017,"21,577",67% bearish,of 3 ratings,N/A
JNP,$9.81,1439835416069,"12,212",100% bullish,of 3 ratings,$15
KTWO,$21.3,1439835416122,"18,794",100% bearish,of 1 rating,$28.50
JOUT,$25.3,1439835416152,"3,966",100% bearish,of 1 rating,$34
KALU,$85.75,1439835416211,"33,997",67% bearish,of 3 ratings,$91
JUNO,$41.05,1439835416253,"713,980",73% bullish,of 11 ratings,$70
KBIO,$2.04,1439835416342,"9,087",50% bullish,of 4 ratings,N/A
KMDA,$3.92,1439835416542,"1,500",50% bullish,of 2 ratings,$8
KNDI,$7.02,1439835417814,"120,814",86% bullish,of 22 ratings,N/A
KPTI,$14.39,1439835417893,"669,902",67% bearish,of 3 ratings,$41
KCLI,$47.92,1439835417961,"6,702",Not yet rated,NULL,N/A
KBSF,$4.15,1439835418119,"8,550",100% bullish,of 1 rating,N/A
KELYA,$14.815,1439835418524,"24,183",67% bullish,of 6 ratings,$20
KFFB,$8.34,1439835418558,"2,984",100% bearish,of 1 rating,N/A
KRNY,$11.76,1439835418579,"518,580",100% bearish,of 1 rating,$12
KCAP,$4.925,1439835418610,"38,119",75% bullish,of 4 ratings,$6.75
KELYB,NULL,1439835418631,0,50% bullish,of 2 ratings,N/A
