Symbol,Price,Date,Volume,Rating,RatingVoteCount,OneYearEstimate
TFSC,NULL,1440439802640,0,100% bearish,of 1 rating,N/A
FCCY,$11.5,1440439802702,100,100% bullish,of 1 rating,$13
TFSCW,NULL,1440439802730,0,100% bearish,of 1 rating,N/A
PIH,$6.99,1440439802752,"10,700",100% bearish,of 1 rating,N/A
SRCE,$29.3561,1440439802782,"12,188",100% bullish,of 3 ratings,$33
TFSCR,NULL,1440439802803,0,Not yet rated,NULL,N/A
TFSCU,NULL,1440439802831,0,Not yet rated,NULL,N/A
USLV,$13.24,1440439803064,"420,014",86% bullish,of 7 ratings,N/A
TWOU,$33.42,1440439803095,"166,623",50% bullish,of 2 ratings,$39
VNET,$18.03,1440439803165,"1,146,654",60% bullish,of 5 ratings,$29.50
UGLD,$9.82,1440439803191,"294,028",100% bearish,of 1 rating,N/A
FCTY,NULL,1440439803225,0,100% bullish,of 1 rating,$8.50
JOBS,$25.302,1440439803258,"219,074",50% bullish,of 4 ratings,$36
DGLD,$76.913,1440439803320,"18,204",100% bearish,of 1 rating,N/A
FLWS,$9.28,1440439803362,"130,483",100% bullish,of 5 ratings,$15
DSLV,$66.36,1440439803633,"33,143",100% bearish,of 1 rating,N/A
CAFD,$15.19,1440439803736,"209,572",Not yet rated,NULL,$25
SIXD,$1.3494,1440439803791,"87,231",Not yet rated,NULL,N/A
ABAX,$46.2386,1440439803821,"53,044",100% bearish,of 1 rating,$60
EGHT,$8.11,1440439803847,"274,020",82% bullish,of 17 ratings,$11
AVHI,$13.82,1440439803875,"6,244",100% bearish,of 1 rating,$19
ABY,$19.36,1440439803923,"385,937",100% bearish,of 2 ratings,$46
AAON,$21.05,1440439804026,"41,470",100% bearish,of 1 rating,$24
SHLM,$34.01,1440439804170,"45,243",100% bearish,of 1 rating,$50
ABGB,$4.49,1440439804200,"57,269",67% bullish,of 3 ratings,$5.50
ABEO,$4.4001,1440439804223,"133,210",67% bullish,of 3 ratings,$15.50
AXAS,$1.595,1440439804254,"524,209",78% bullish,of 9 ratings,$3.50
ABEOW,$1.86,1440439804277,"1,550",100% bullish,of 1 rating,N/A
ABMD,$94.25,1440439804433,"546,925",75% bullish,of 4 ratings,$100.50
ACTG,$8.69,1440439804505,"145,408",67% bullish,of 3 ratings,$18.50
ACHC,$70.06,1440439804688,"664,374",50% bullish,of 2 ratings,$92
ACAD,$34.39,1440439804734,"493,819",80% bullish,of 20 ratings,$48
ACST,$0.3314,1440439804761,"10,815",100% bullish,of 2 ratings,N/A
AXDX,$18.29,1440439804890,"93,948",100% bearish,of 1 rating,N/A
XLRN,$28.504,1440439804915,"106,489",50% bullish,of 2 ratings,$57
ANCX,$18.58,1440439804940,"15,618",Not yet rated,NULL,$19
ARAY,$6.41,1440439804969,"727,941",100% bearish,of 1 rating,$10.50
VXUP,$2.11,1440439804994,"625,551",Not yet rated,NULL,N/A
VXDN,$2.1999,1440439805143,"540,808",100% bearish,of 1 rating,N/A
ACRX,$4,1440439805180,"174,555",67% bearish,of 6 ratings,$5.50
ACET,$23.31,1440439805275,"40,586",75% bullish,of 4 ratings,$30
AKAO,$6.115,1440439805403,"115,931",75% bullish,of 4 ratings,$15
ACIW,$21.2982,1440439805455,"170,125",50% bullish,of 2 ratings,$24
ACHN,$7.45,1440439805501,"1,747,188",90% bullish,of 21 ratings,$16
ACNB,$20.05,1440439805635,"15,144",Not yet rated,NULL,N/A
ACTS,$1.4999,1440439805910,"41,535",100% bearish,of 1 rating,N/A
ACPW,$1.7999,1440439805935,"60,053",100% bullish,of 4 ratings,$3.50
ACOR,$29.31,1440439805982,"189,963",67% bearish,of 3 ratings,$38.50
ACTA,$13.6,1440439806011,"57,823",67% bearish,of 3 ratings,$25
ACUR,$0.5901,1440439806141,"39,749",100% bullish,of 5 ratings,$1
ACXM,$19.85,1440439806173,"269,371",67% bullish,of 3 ratings,N/A
ATVI,$26.44,1440439806202,"3,103,691",68% bullish,of 84 ratings,$31.50
ADMS,$19.33,1440439806276,"43,693",100% bearish,of 2 ratings,$36
ADAP,$11.5286,1440439806421,"80,266",67% bullish,of 3 ratings,$22
ADMP,$3.57,1440439806472,"27,974",50% bullish,of 2 ratings,$10
ADUS,$28.65,1440439806632,"19,348",100% bearish,of 1 rating,$31
ADMA,$9.31,1440439806807,"13,834",Not yet rated,NULL,$19
ADTN,$15.33,1440439806834,"119,052",67% bullish,of 3 ratings,$17.125
ADBE,$75.64,1440439806870,"2,073,259",65% bullish,of 17 ratings,$90
ADEP,$6.715,1440439806899,"39,547",50% bullish,of 2 ratings,$10.75
AEY,$2.2794,1440439806924,"5,500",100% bearish,of 2 ratings,N/A
ADRO,$18.93,1440439806978,"229,159",80% bullish,of 5 ratings,$45.50
AEIS,$24.16,1440439807112,"156,414",50% bullish,of 2 ratings,$32.50
AMD,$1.77,1440439807143,"6,206,349",83% bullish,of 103 ratings,$2
ADXS,$13.5795,1440439807207,"438,524",64% bullish,of 14 ratings,$27
ADXSW,$9.62,1440439807272,"6,078",100% bullish,of 1 rating,N/A
MULT,NULL,1440439807298,0,100% bearish,of 1 rating,N/A
YPRO,$23.2,1440439807430,400,100% bearish,of 1 rating,N/A
AEGR,$17.37,1440439807711,"159,972",50% bullish,of 6 ratings,$26
AEPI,$54.98,1440439807771,"12,414",100% bearish,of 1 rating,N/A
AMTX,$2.6599,1440439807903,"16,420",50% bullish,of 2 ratings,$26.11
AERI,$15.81,1440439807929,"317,661",75% bullish,of 4 ratings,$31.50
AEHR,$2.211,1440439807961,"20,050",50% bullish,of 2 ratings,N/A
AEGN,$18.06,1440439807986,"60,097",100% bearish,of 1 rating,$21
AVAV,$23.54,1440439808059,"94,637",50% bullish,of 4 ratings,$31
AFMD,$9.9775,1440439808116,"130,990",50% bullish,of 4 ratings,$15
AGRX,$8.204,1440439808661,"24,266",100% bearish,of 1 rating,$17.50
AGIO,$81.06,1440439808827,"397,908",88% bullish,of 8 ratings,$114
AGFS,$9.81,1440439809255,"57,983",100% bearish,of 1 rating,N/A
AIMT,$20.2296,1440439809330,"61,957",Not yet rated,NULL,N/A
AIRT,$21.99,1440439809714,616,100% bullish,of 1 rating,N/A
AGEN,$6.72,1440439809753,"641,830",85% bullish,of 13 ratings,$14
AEZS,$0.0901,1440439809799,"7,955,808",90% bullish,of 21 ratings,$1.50
AEMD,$6.88,1440439809847,"24,085",Not yet rated,NULL,$27.50
AFFX,$8.86,1440439809872,"336,565",80% bullish,of 5 ratings,$12
AGYS,$9.46,1440439810037,"11,236",100% bearish,of 1 rating,N/A
ATSG,$8.82,1440439810072,"100,960",67% bullish,of 3 ratings,$13
AMCN,$4.34,1440439810391,"826,964",83% bullish,of 6 ratings,N/A
AGFSW,$1.8,1440439810417,"17,528",100% bearish,of 2 ratings,N/A
AIRM,$35.81,1440439810494,"112,508",80% bearish,of 5 ratings,$53
AKAM,$66.685,1440439810639,"1,267,669",63% bullish,of 8 ratings,$77
AKER,$2.618,1440439811020,"21,468",Not yet rated,NULL,N/A
AKBA,$6.47,1440439811084,"117,201",100% bearish,of 1 rating,$18
AKRX,$38.35,1440439811114,"642,293",78% bullish,of 9 ratings,$56
ALRM,$16.975,1440439811222,"143,884",100% bearish,of 1 rating,$22
AIXG,$5.82,1440439811250,"12,569",67% bearish,of 3 ratings,$5.25
AMRI,$19.085,1440439811276,"198,161",75% bearish,of 4 ratings,$24
ALSK,$2.061,1440439811325,"114,803",78% bullish,of 18 ratings,$2
ABDC,$11.8999,1440439811408,"93,923",Not yet rated,NULL,$15
ADHD,$8.03,1440439811962,"154,492",50% bullish,of 4 ratings,$18
ALXN,$167.96,1440439812017,"931,080",88% bullish,of 8 ratings,$223
ALKS,$58.545,1440439812043,"414,997",67% bullish,of 3 ratings,$75
ALDR,$36.215,1440439812068,"299,825",67% bearish,of 3 ratings,$62
ALDX,$7.13,1440439812093,"10,938",100% bearish,of 1 rating,$14.50
ALXA,$1.09,1440439812271,"7,760",83% bullish,of 6 ratings,$2.125
ALGN,$55.11,1440439812302,"210,244",100% bearish,of 2 ratings,$73
ALCO,$41.05,1440439812415,"7,176",50% bullish,of 2 ratings,N/A
ALGT,$213.02,1440439812448,"53,173",100% bearish,of 1 rating,$235
AFOP,$16.855,1440439812548,"164,977",75% bullish,of 8 ratings,$21
ALLB,$22.87,1440439812574,"1,595",Not yet rated,NULL,N/A
ALIM,$3.05,1440439812703,"73,586",80% bullish,of 5 ratings,$10
ARLP,$24.403,1440439812728,"243,880",67% bearish,of 3 ratings,$32
AHGP,$35.4069,1440439812753,"39,890",67% bullish,of 3 ratings,N/A
AIQ,$14.2,1440439813003,"7,574",67% bullish,of 3 ratings,N/A
AMOT,$17.92,1440439813231,"45,107",100% bearish,of 1 rating,N/A
AHPI,$1.4526,1440439813364,"1,189",50% bullish,of 2 ratings,N/A
MDRX,$13.18,1440439813498,"1,116,942",60% bullish,of 5 ratings,$16
AFAM,$44.91,1440439813528,"38,126",50% bullish,of 2 ratings,$44
ATEC,$0.589,1440439813550,"141,114",100% bullish,of 1 rating,$2
ALQA,$4.24,1440439813583,"23,528",75% bullish,of 4 ratings,$8.50
SMCP,NULL,1440439813626,0,Not yet rated,NULL,N/A
AOSL,$7.47,1440439813686,"29,459",67% bullish,of 3 ratings,$9
ALNY,$94.9076,1440439813770,"360,837",67% bullish,of 3 ratings,$148.50
ALLT,$5.05,1440439813918,"62,346",75% bullish,of 4 ratings,$6.25
ASPS,$27.52,1440439813999,"213,474",67% bullish,of 3 ratings,$46.50
ALTR,$47.06,1440439814052,"1,924,893",80% bearish,of 5 ratings,$54
AMAG,$59.26,1440439814078,"334,876",100% bullish,of 2 ratings,$77.50
AMRN,$2.017,1440439814380,"934,964",85% bullish,of 39 ratings,$8
AMRK,$10.6,1440439814411,"3,029",50% bullish,of 2 ratings,$14
AMBCW,NULL,1440439814454,0,100% bearish,of 1 rating,N/A
AIMC,$25.02,1440439814482,"30,388",100% bearish,of 2 ratings,$28.50
AMZN,$472.69,1440439814514,"3,574,909",81% bullish,of 263 ratings,$646
AYA,$21.25,1440439814562,"67,034",100% bearish,of 1 rating,$40
AMBA,$88.2,1440439814622,"2,930,589",83% bullish,of 12 ratings,$102.50
AMBC,$15.26,1440439814786,"126,605",100% bearish,of 1 rating,$16.50
EPAX,$2.69,1440439814818,"29,450",100% bearish,of 1 rating,N/A
DOX,$56.27,1440439814888,"309,609",50% bullish,of 2 ratings,$60
AMCX,$66.49,1440439814913,"325,348",67% bullish,of 3 ratings,$87.50
AMED,$38.44,1440439815091,"161,358",100% bearish,of 1 rating,$42
AMDA,$0.4299,1440439815117,"1,171,110",90% bullish,of 10 ratings,$1
ASBI,$22.2,1440439815247,950,Not yet rated,NULL,N/A
UHAL,$359.7,1440439815277,"14,846",100% bullish,of 2 ratings,$393.50
ATAX,$5.2599,1440439815345,"196,947",100% bullish,of 1 rating,$6.50
AMOV,$17.4701,1440439815374,"3,710",100% bearish,of 1 rating,N/A
AAL,$38.32,1440439815406,"8,286,317",93% bullish,of 88 ratings,$57
AGNC,$19.4501,1440439815435,"2,536,520",75% bullish,of 28 ratings,$22
MTGEP,$24.13,1440439815686,"5,800",Not yet rated,NULL,N/A
AGNCP,$25.1901,1440439815739,"11,943",Not yet rated,NULL,N/A
MTGE,$15.42,1440439815786,"269,755",75% bullish,of 4 ratings,$19.50
AGNCB,$24.0399,1440439815811,"7,474",Not yet rated,NULL,N/A
ACAS,$13.47,1440439815999,"735,549",60% bullish,of 5 ratings,$16.75
ACSF,$11.94,1440439816025,"16,656",100% bearish,of 1 rating,$15
AETI,$4.06,1440439816260,"2,639",67% bearish,of 3 ratings,N/A
ANCI,$1.42,1440439816293,454,100% bearish,of 1 rating,N/A
AMIC,NULL,1440439816366,0,Not yet rated,NULL,N/A
AMNB,$23.028,1440439816394,"8,284",Not yet rated,NULL,$25.50
ANAT,$97.15,1440439816718,"20,421",100% bullish,of 1 rating,N/A
ARII,$38.08,1440439816762,"132,916",67% bearish,of 3 ratings,$45
ASEI,$39.165,1440439816988,"16,347",100% bearish,of 1 rating,$52.50
APEI,$21.3401,1440439817018,"26,748",100% bearish,of 1 rating,$25.50
AMSWA,$8.76,1440439817120,"39,996",100% bearish,of 2 ratings,$10.75
AMRB,$9.8721,1440439817148,"5,801",Not yet rated,NULL,$11
AMSC,$3.55,1440439817205,"64,235",50% bullish,of 4 ratings,N/A
AMWD,$66.44,1440439817308,"119,985",50% bullish,of 2 ratings,$53
ABCB,$27.01,1440439817372,"70,005",Not yet rated,NULL,$31
ASRV,$3.22,1440439817460,800,100% bullish,of 2 ratings,N/A
AMSF,$48.34,1440439817500,"29,237",Not yet rated,NULL,$57.50
CRMT,$37.99,1440439817526,"29,281",100% bearish,of 1 rating,$39
ASRVP,$27.5,1440439817593,400,Not yet rated,NULL,N/A
AMGN,$151.33,1440439817619,"2,941,867",89% bullish,of 19 ratings,$185
ATLO,$24.29,1440439817750,"5,920",Not yet rated,NULL,N/A
FOLD,$13.83,1440439817777,"910,742",56% bullish,of 9 ratings,$21
AMKR,$4.79,1440439818013,"972,486",100% bearish,of 2 ratings,$5
AMSGP,NULL,1440439818087,0,Not yet rated,NULL,N/A
AMSG,$78.04,1440439818141,"240,502",100% bearish,of 1 rating,$85.50
AMRS,$1.57,1440439818167,"121,579",70% bullish,of 10 ratings,N/A
AFSI,$57.6,1440439818196,"475,048",60% bullish,of 5 ratings,$72
ASYS,$5.01,1440439818217,"38,344",67% bullish,of 3 ratings,$12
AMPH,$13.19,1440439818249,"79,127",50% bullish,of 2 ratings,$20
ANAC,$123.1177,1440439818391,"303,573",80% bullish,of 5 ratings,$180.50
ANAD,$0.3122,1440439818548,"153,488",100% bullish,of 2 ratings,$.50
ADI,$52.77,1440439818578,"2,073,876",67% bullish,of 3 ratings,$69
ALOG,$79.74,1440439818621,"35,207",100% bearish,of 2 ratings,$100.50
ANCB,$22.9999,1440439818682,"1,100",Not yet rated,NULL,$23
ABCW,$39.0757,1440439818711,"5,282",67% bullish,of 3 ratings,N/A
AMCF,$0.2454,1440439818812,"22,365",100% bullish,of 7 ratings,N/A
ANIP,$49.2,1440439819000,"129,560",89% bullish,of 19 ratings,$66
ANGI,$4.73,1440439819025,"589,746",64% bullish,of 11 ratings,$5.50
ANGO,$14.415,1440439819077,"27,902",67% bullish,of 3 ratings,$19
ANIK,$33.695,1440439819111,"78,795",60% bullish,of 5 ratings,$51.25
ANSS,$87.17,1440439819208,"268,620",100% bearish,of 1 rating,$100
ANTH,$7.07,1440439819238,"954,969",80% bullish,of 10 ratings,$13
ABAC,$0.6342,1440439819266,"26,163",100% bearish,of 1 rating,N/A
ATNY,$2.38,1440439819567,"3,601",50% bullish,of 2 ratings,$3.75
ATRS,$1.815,1440439819604,"471,660",92% bullish,of 12 ratings,$4.50
APOL,$10.96,1440439819663,"613,806",87% bearish,of 68 ratings,$14
APIC,$6.11,1440439819695,"105,897",100% bearish,of 1 rating,$19
APOG,$50.035,1440439819741,"93,153",100% bullish,of 1 rating,$67
APPF,$15.14,1440439819872,"45,970",50% bullish,of 2 ratings,$22
AINV,$6.295,1440439819897,"1,751,893",50% bullish,of 4 ratings,$8
AAPL,$105.1401,1440439819950,"73,425,253",86% bullish,of 2342 ratings,$150
AGTC,$15.32,1440439820242,"29,685",50% bullish,of 2 ratings,$33
AMAT,$15.365,1440439820306,"11,162,639",82% bullish,of 11 ratings,$23
ARCI,$1.3,1440439820336,362,Not yet rated,NULL,N/A
APDN,$3.18,1440439820368,"46,187",Not yet rated,NULL,$9
AMCC,$5.28,1440439820410,"473,246",80% bullish,of 5 ratings,$8
APDNW,$1.1442,1440439820439,"6,573",Not yet rated,NULL,N/A
AAOI,$19.365,1440439820497,"286,768",50% bullish,of 4 ratings,$26
AREX,$2.03,1440439820597,"517,983",100% bearish,of 1 rating,$3
APTO,$4.71,1440439820830,"4,751",Not yet rated,NULL,$17
APRI,$1.2499,1440439820910,"95,142",83% bullish,of 6 ratings,$4.86
AQMS,$4.695,1440439820940,"9,186",Not yet rated,NULL,N/A
AQXP,$18.6301,1440439821047,"370,317",50% bullish,of 2 ratings,$2
AUMAU,$9.97,1440439821078,600,Not yet rated,NULL,N/A
ARDM,$6.9001,1440439821115,150,100% bullish,of 1 rating,$26
AUMA,$9.81,1440439821147,500,Not yet rated,NULL,N/A
AUMAW,NULL,1440439821174,0,Not yet rated,NULL,N/A
PETX,$16.76,1440439821310,"189,729",100% bearish,of 2 ratings,$26
ARCW,$3.27,1440439821392,"7,763",100% bearish,of 2 ratings,$10.50
ABUS,$6.9606,1440439821421,"229,038",86% bullish,of 14 ratings,$23
RKDA,$5.6,1440439821571,"5,932",100% bearish,of 2 ratings,$10
ABIO,$0.8539,1440439821599,"236,870",50% bullish,of 2 ratings,$3.75
ARCB,$28.84,1440439821625,"139,715",67% bearish,of 3 ratings,$39.50
ACGL,$68.72,1440439821761,"228,809",50% bullish,of 2 ratings,$72
ARNA,$2.785,1440439821907,"1,273,783",90% bullish,of 77 ratings,$5.50
ACAT,$25.86,1440439821955,"119,514",100% bearish,of 3 ratings,$33
ARDX,$17.03,1440439822013,"30,317",50% bullish,of 2 ratings,$24.50
ARCC,$15.09,1440439822034,"2,530,133",67% bearish,of 3 ratings,$17.875
AGIIL,$25.04,1440439822086,"6,722",Not yet rated,NULL,N/A
ARGS,$6.045,1440439822238,"75,780",50% bullish,of 2 ratings,$19.50
AGII,$55.835,1440439822435,"70,914",Not yet rated,NULL,$59.50
ARIA,$6.5,1440439822467,"1,491,830",87% bullish,of 46 ratings,$9
ARKR,$24.5505,1440439822492,"2,600",50% bullish,of 2 ratings,N/A
ARIS,$3.237,1440439822518,"44,748",Not yet rated,NULL,$4.50
ARTX,$1.41,1440439822650,"170,588",88% bullish,of 16 ratings,$4.50
ARMH,$40.4801,1440439822724,"1,653,467",54% bearish,of 13 ratings,$61
ARWAR,NULL,1440439822860,0,Not yet rated,NULL,N/A
ARRY,$5.36,1440439822945,"871,758",100% bullish,of 7 ratings,$10
ARWA,NULL,1440439822970,0,Not yet rated,NULL,N/A
ARWAU,$10.2,1440439823006,400,100% bullish,of 1 rating,N/A
ARQL,$1.62,1440439823102,"154,961",75% bullish,of 4 ratings,$5
ARWAW,$0.1051,1440439823128,"1,436",Not yet rated,NULL,N/A
ARRS,$25.99,1440439823262,"558,739",50% bullish,of 2 ratings,$38
ARWR,$5.1001,1440439823395,"922,912",75% bullish,of 4 ratings,$10.50
ARTNA,$22.37,1440439823439,"13,518",100% bearish,of 1 rating,$29
AROW,$27.095,1440439823474,"17,641",Not yet rated,NULL,N/A
DWAT,$9.7899,1440439823530,"4,713",100% bearish,of 1 rating,N/A
ARTW,$4.3599,1440439823660,"2,993",75% bearish,of 4 ratings,N/A
ASBB,$23.75,1440439823685,400,Not yet rated,NULL,N/A
ASNA,$11.125,1440439823713,"1,601,735",50% bullish,of 2 ratings,$18
ASND,$17.91,1440439823843,"32,439",100% bullish,of 1 rating,$30
ASCMA,$27.84,1440439823948,"41,571",100% bearish,of 1 rating,$45
ASMI,NULL,1440439824027,0,NULL,NULL,NULL
ASTI,$0.1052,1440439824053,"1,107,857",83% bullish,of 6 ratings,$3
APWC,$1.8001,1440439824092,"1,602",100% bearish,of 1 rating,N/A
ASFI,$8.93,1440439824365,"9,725",100% bullish,of 1 rating,N/A
ALOT,$12.22,1440439824445,122,100% bearish,of 1 rating,N/A
ASTE,$36.22,1440439824473,"29,177",100% bearish,of 1 rating,$48
ASML,$87.33,1440439824500,"1,153,841",50% bullish,of 4 ratings,$127
ASMB,$12.54,1440439824526,"28,980",67% bullish,of 3 ratings,N/A
ATRO,$52,1440439824797,"65,148",100% bearish,of 2 ratings,$80
AZPN,$37.35,1440439824847,"500,597",50% bullish,of 2 ratings,$42
ASTC,$1.96,1440439824879,"43,952",100% bullish,of 5 ratings,N/A
ATAI,$2.38,1440439824903,"13,725",100% bearish,of 1 rating,N/A
ASUR,$5.452,1440439824928,"4,670",100% bearish,of 2 ratings,$8
ATRA,$39.98,1440439824976,"111,918",50% bullish,of 2 ratings,$68
ATHN,$128.72,1440439825199,"226,765",67% bearish,of 3 ratings,$153
AFCB,$28.75,1440439825267,300,Not yet rated,NULL,N/A
ATHX,$1.1501,1440439825295,"200,135",89% bullish,of 9 ratings,$5
AAPC,$10.33,1440439825327,813,Not yet rated,NULL,N/A
ACFC,$5.83,1440439825356,"48,256",Not yet rated,NULL,$6.50
AAME,$3.5999,1440439825459,799,Not yet rated,NULL,N/A
ATNI,$71.875,1440439825505,"34,452",100% bearish,of 1 rating,$69.50
ATLC,$3.86,1440439825664,"11,059",67% bullish,of 3 ratings,N/A
AFH,$16.5,1440439825696,"20,604",Not yet rated,NULL,$21.50
AAWW,$40.1905,1440439825729,"266,052",50% bullish,of 2 ratings,$65
ATOS,$0.7974,1440439825874,"139,996",100% bullish,of 7 ratings,$7
ATML,$6.805,1440439825907,"2,845,899",78% bullish,of 9 ratings,$9.50
ATRC,$24.765,1440439826011,"154,507",100% bullish,of 1 rating,$30
ATRM,$2.87,1440439826059,605,50% bullish,of 2 ratings,N/A
ATRI,$380.53,1440439826143,"1,062",Not yet rated,NULL,N/A
AUBN,$26.39,1440439826375,"1,642",Not yet rated,NULL,N/A
ATTU,$12.92,1440439826407,"94,269",100% bearish,of 1 rating,$20.50
AUPH,$3.18,1440439826438,"26,001",100% bearish,of 1 rating,$8
ADAT,$0.11,1440439826467,"4,607",100% bullish,of 2 ratings,N/A
EARS,$4.68,1440439826504,"58,432",100% bearish,of 2 ratings,$11.50
AUDC,$3.105,1440439826534,"65,221",80% bullish,of 5 ratings,$5
LIFE,$13.66,1440439826599,"33,684",86% bullish,of 7 ratings,$43
ADP,$76.93,1440439826855,"2,352,032",100% bearish,of 1 rating,$88
ABTL,$17.33,1440439826912,"160,860",100% bullish,of 4 ratings,$20.25
AVGO,$111.27,1440439826942,"2,537,994",88% bullish,of 8 ratings,$160
AAVL,$10.2976,1440439826982,"293,061",100% bearish,of 1 rating,$20
ADSK,$49.89,1440439827043,"1,525,157",83% bullish,of 6 ratings,$69.50
AVNU,$12.25,1440439827127,"6,510",Not yet rated,NULL,$14
AVEO,$1.29,1440439827259,"869,155",75% bullish,of 8 ratings,$3
AVID,$7.98,1440439827312,"327,045",100% bearish,of 1 rating,$20
AVNW,$1.1801,1440439827416,"75,274",50% bullish,of 2 ratings,$2.20
AVGR,$13.9333,1440439827444,"28,721",100% bearish,of 1 rating,$20
ACLS,$3.2,1440439827479,"411,335",67% bullish,of 6 ratings,$4.75
AWRE,$3.1299,1440439827505,"11,566",67% bullish,of 3 ratings,N/A
CAR,$41.62,1440439827586,"1,524,240",80% bullish,of 5 ratings,$60
AXPW,$1.13,1440439827658,"40,154",83% bullish,of 6 ratings,N/A
AXPWW,NULL,1440439827787,0,Not yet rated,NULL,N/A
AXGN,$3.9399,1440439828005,"20,952",Not yet rated,NULL,$5
BCOM,$17.29,1440439828030,"1,000",100% bearish,of 1 rating,N/A
AXTI,$2.155,1440439828056,"17,209",50% bullish,of 2 ratings,$2.75
RILY,$9.66,1440439828083,405,Not yet rated,NULL,N/A
BEAV,$47.05,1440439828218,"657,163",67% bearish,of 3 ratings,$59
BIDU,$144.002,1440439828245,"4,609,985",81% bullish,of 88 ratings,$210
BCPC,$57.17,1440439828267,"69,155",100% bearish,of 1 rating,$75
BOSC,$2.1401,1440439828396,"6,066",50% bullish,of 2 ratings,N/A
BWINA,NULL,1440439828457,0,Not yet rated,NULL,N/A
BWINB,$22.895,1440439828482,"12,776",Not yet rated,NULL,N/A
BLDP,$1.23,1440439828507,"566,944",91% bullish,of 22 ratings,$2.50
BANFP,$27.38,1440439828733,603,Not yet rated,NULL,N/A
BANF,$60.04,1440439828783,"6,420",Not yet rated,NULL,$68
BMRC,$48.3725,1440439828915,"3,259",Not yet rated,NULL,$52
BOCH,$5.7,1440439828941,"7,084",Not yet rated,NULL,$6.50
BOTJ,$10.9501,1440439829289,"2,263",Not yet rated,NULL,N/A
BKMU,$6.9,1440439829794,"47,815",Not yet rated,NULL,$8
BFIN,$11.8,1440439829900,"13,740",Not yet rated,NULL,$13
BZUN,$4.95,1440439829946,"537,715",50% bullish,of 2 ratings,$12.60
BWFG,$17.85,1440439830047,772,100% bearish,of 1 rating,N/A
BANR,$44,1440439830072,"20,410",100% bullish,of 3 ratings,$50
BKSC,$15.1,1440439830109,"4,021",Not yet rated,NULL,N/A
OZRK,$39.6,1440439830130,"341,389",67% bullish,of 3 ratings,$49.50
BHACR,NULL,1440439830151,0,Not yet rated,NULL,N/A
BHAC,NULL,1440439830226,0,Not yet rated,NULL,N/A
TAPR,$29.34,1440439830476,"2,959",100% bearish,of 1 rating,N/A
BBSI,$33.28,1440439830522,"56,185",67% bearish,of 3 ratings,$62.50
BYBK,NULL,1440439830665,0,100% bearish,of 1 rating,N/A
BSET,$28.25,1440439830724,"18,395",100% bearish,of 1 rating,$35
BYLK,$12.7,1440439830819,"4,700",Not yet rated,NULL,$14
BHACW,NULL,1440439830893,0,Not yet rated,NULL,N/A
BHACU,NULL,1440439830918,0,Not yet rated,NULL,N/A
BV,$5.04,1440439830947,"185,511",67% bullish,of 6 ratings,$9
BECN,$34.78,1440439831077,"154,342",50% bullish,of 2 ratings,$40
BBCN,$14.24,1440439831106,"146,328",100% bearish,of 1 rating,$16
BCBP,$11.5409,1440439831134,"7,499",Not yet rated,NULL,N/A
BDCV,$4.865,1440439831174,"6,244",100% bearish,of 1 rating,$10.19
BSF,$8.72,1440439831312,"12,892",Not yet rated,NULL,N/A
BEBE,$1.75,1440439831340,"84,313",75% bullish,of 4 ratings,$3.075
BBGI,NULL,1440439831411,0,100% bearish,of 1 rating,N/A
BBBY,$60.31,1440439831507,"1,369,503",71% bullish,of 7 ratings,$75
BELFA,$14.19,1440439831675,"1,210",100% bearish,of 1 rating,N/A
BELFB,$17.88,1440439831701,"9,682",100% bearish,of 1 rating,N/A
BLPH,$4.86,1440439831730,"15,652",100% bearish,of 1 rating,$12.50
BLCM,$16.93,1440439831758,"156,495",50% bullish,of 4 ratings,$40
BNCL,$12.395,1440439831861,"150,523",100% bullish,of 3 ratings,$12.50
BNFT,$35.52,1440439831915,"39,292",67% bullish,of 3 ratings,$46
BGMD,$0.7603,1440439832044,"169,438",100% bullish,of 10 ratings,N/A
BNTC,$7.9001,1440439832176,"6,110",100% bullish,of 1 rating,N/A
BIND,$4.37,1440439832248,"65,493",75% bullish,of 4 ratings,$13.50
BGCP,$8.49,1440439832278,"755,878",88% bullish,of 8 ratings,$14
BGFV,$10.43,1440439832303,"70,310",57% bullish,of 7 ratings,$12
ORPN,$5.045,1440439832328,"30,307",100% bullish,of 1 rating,$28.50
BIOC,$1.9702,1440439832672,"246,570",83% bullish,of 6 ratings,$3.85
BCDA,NULL,1440439832742,0,Not yet rated,NULL,N/A
BASI,$1.45,1440439832803,"5,770",Not yet rated,NULL,N/A
BIIB,$291.3,1440439832957,"1,882,880",88% bullish,of 16 ratings,$400
BCRX,$11.647,1440439832985,"221,785",63% bullish,of 8 ratings,$18
BIOL,$1.3871,1440439833006,"58,518",Not yet rated,NULL,N/A
BDSI,$6.25,1440439833041,"429,736",88% bullish,of 8 ratings,$17
BLFS,$2.003,1440439833141,"55,659",100% bearish,of 1 rating,$4.75
BIOD,$0.6728,1440439833168,"64,759",80% bullish,of 5 ratings,$4
BMRN,$123,1440439833404,"720,331",80% bullish,of 5 ratings,$160
BLRX,$1.3299,1440439833443,"250,075",100% bullish,of 12 ratings,$5
BVXV,$3.59,1440439833469,"33,644",Not yet rated,NULL,N/A
BPTH,$1.08,1440439833490,"168,241",100% bullish,of 2 ratings,$5
BVXVW,$0.72,1440439833536,"24,842",100% bearish,of 1 rating,N/A
BRLI,NULL,1440439833623,0,NULL,NULL,NULL
BBC,$30,1440439833724,"30,257",Not yet rated,NULL,N/A
BIOS,$1.82,1440439833781,"492,291",71% bullish,of 7 ratings,$4
BSTC,$48.61,1440439833824,"35,770",100% bearish,of 1 rating,$76
TECH,$96.6338,1440439833954,"81,968",100% bullish,of 1 rating,$117
BSPM,$0.6433,1440439833981,"49,531",50% bullish,of 2 ratings,N/A
BOTA,$2.18,1440439834002,"49,207",88% bullish,of 8 ratings,N/A
BBP,$30.855,1440439834135,"70,102",Not yet rated,NULL,N/A
BEAT,$13.53,1440439834163,"307,064",67% bearish,of 3 ratings,$15
BDMS,$12.693,1440439834538,100,100% bearish,of 1 rating,N/A
BITI,$16.65,1440439834640,"8,470",100% bullish,of 1 rating,$28
BDE,$7.3,1440439834665,"277,196",50% bullish,of 2 ratings,$9
BJRI,$44.36,1440439834693,"125,803",50% bullish,of 2 ratings,$55
HAWK,$40.13,1440439834879,"402,533",91% bullish,of 11 ratings,$49
BBOX,$15.27,1440439834911,"27,301",100% bearish,of 1 rating,N/A
BBRY,$7.07,1440439834937,"5,705,205",61% bullish,of 330 ratings,$9
BKCC,$9,1440439834965,"686,175",100% bullish,of 2 ratings,$10
BLKB,$57.86,1440439835011,"58,074",100% bearish,of 2 ratings,$66
ADRA,$26.0201,1440439835093,"5,688",100% bearish,of 1 rating,N/A
BLMN,$19.69,1440439835278,"613,552",83% bullish,of 6 ratings,$27.50
ADRE,$28.8999,1440439835381,"55,811",100% bearish,of 1 rating,N/A
ADRU,$21.65,1440439835438,"12,288",100% bearish,of 1 rating,N/A
BCOR,$13.3,1440439835539,"135,394",57% bullish,of 7 ratings,$15
BLBD,$11.295,1440439835564,"7,275",Not yet rated,NULL,N/A
ADRD,$21.59,1440439835589,"23,781",100% bearish,of 1 rating,N/A
BBLU,$0.7778,1440439835774,"121,993",100% bullish,of 2 ratings,$4.43
BUFF,$26.765,1440439835830,"320,926",83% bullish,of 12 ratings,$31.50
BLUE,$121.94,1440439835875,"439,250",71% bullish,of 7 ratings,$217.50
NILE,$32.745,1440439835902,"69,290",50% bullish,of 2 ratings,$34
BHBK,$13.985,1440439835960,"55,952",100% bullish,of 1 rating,$14.50
BKEP,$6.1645,1440439836032,"53,582",100% bearish,of 1 rating,$8.50
BKEPP,$7.7,1440439836091,"2,350",100% bearish,of 1 rating,N/A
BNCN,$20.89,1440439836235,"25,584",Not yet rated,NULL,$23
BPMC,$26.1,1440439836364,"143,517",50% bullish,of 2 ratings,$47.50
BOJA,$20.49,1440439836465,"251,454",100% bullish,of 1 rating,$30
WIFI,$7.5,1440439836497,"194,355",50% bullish,of 2 ratings,$13.50
BOBE,$43.07,1440439836557,"71,146",75% bullish,of 4 ratings,$57
BOFI,$121.15,1440439836582,"221,338",100% bullish,of 6 ratings,$144
BOKF,$60.27,1440439836646,"110,092",100% bearish,of 1 rating,$70.50
BNSO,$1.2989,1440439836750,"6,790",100% bearish,of 1 rating,N/A
BPFH,$11.61,1440439836879,"204,254",100% bearish,of 1 rating,$14
BAMM,$3.187,1440439836966,"45,702",60% bullish,of 5 ratings,N/A
BPFHP,$25,1440439836996,100,100% bearish,of 1 rating,N/A
BPFHW,NULL,1440439837024,0,100% bearish,of 1 rating,N/A
EPAY,$25.22,1440439837045,"34,404",100% bearish,of 2 ratings,$30
BDBD,$8.26,1440439837178,"359,812",60% bullish,of 5 ratings,$10
BONA,$10.97,1440439837205,"730,703",75% bullish,of 4 ratings,$8.50
BCLI,$2.87,1440439837267,"188,104",80% bullish,of 5 ratings,$12
BBEP,$2.288,1440439837531,"1,172,567",69% bullish,of 13 ratings,$5.625
BBRG,$12.45,1440439837666,"61,034",67% bullish,of 3 ratings,$14.50
BBEPP,$12.855,1440439837721,"43,368",100% bearish,of 1 rating,N/A
BCOV,$5.09,1440439837767,"72,851",67% bullish,of 3 ratings,$10.20
BRID,NULL,1440439837816,0,100% bearish,of 1 rating,N/A
BRCM,$48.09,1440439837860,"2,400,624",75% bullish,of 12 ratings,$56
BDGE,$27.04,1440439837951,"9,243",Not yet rated,NULL,$31.75
BLIN,$1.2583,1440439838101,"6,700",50% bullish,of 2 ratings,$2.20
BSFT,$30.772,1440439838130,"60,708",57% bullish,of 7 ratings,$40.50
BVSN,$5.71,1440439838190,"4,612",60% bearish,of 5 ratings,N/A
BWEN,$3.161,1440439838404,"20,710",100% bullish,of 3 ratings,$8
BRCD,$10.2,1440439838446,"2,728,381",92% bullish,of 13 ratings,$12
BYFC,$1.49,1440439838617,100,50% bullish,of 2 ratings,N/A
BRKR,$18.63,1440439838754,"204,169",100% bearish,of 2 ratings,$22
BMTC,$29.13,1440439838786,"33,710",Not yet rated,NULL,$34
BSQR,$5.91,1440439838819,"63,531",67% bullish,of 3 ratings,N/A
BRKL,$10.425,1440439838841,"143,484",100% bearish,of 1 rating,$10.75
BRKS,$10.31,1440439838921,"57,147",67% bullish,of 3 ratings,$15.25
BLMT,$20.59,1440439838947,"4,572",Not yet rated,NULL,N/A
BWLD,$188.05,1440439839196,"164,694",82% bullish,of 11 ratings,$205
BLDR,$14.52,1440439839222,"710,032",50% bullish,of 2 ratings,$22
CFFI,$35,1440439839284,"1,288",100% bearish,of 1 rating,N/A
BUR,$1.89,1440439839313,"12,656",100% bearish,of 1 rating,$8
CA,$26.78,1440439839347,"2,565,650",50% bullish,of 4 ratings,$33
CCMP,$43.1,1440439839372,"33,449",50% bullish,of 2 ratings,$59
CHRW,$65.54,1440439839414,"1,281,300",Not yet rated,NULL,$72
CDZI,$7.455,1440439839758,"20,702",100% bearish,of 1 rating,N/A
CACQ,$6.96,1440439839812,"15,226",100% bearish,of 1 rating,$12.25
CLBS,$1.2899,1440439839893,"184,491",79% bullish,of 14 ratings,$4
CDNS,$19.3,1440439839919,"736,404",75% bullish,of 4 ratings,$22.50
PRSS,$4.26,1440439839967,"14,692",80% bullish,of 5 ratings,$4.50
CZR,$8.791,1440439839993,"1,253,164",60% bearish,of 5 ratings,$10.50
CSTE,$44.24,1440439840051,"289,307",100% bearish,of 1 rating,$65
CLMS,$10.83,1440439840267,"68,161",Not yet rated,NULL,$10.50
CHY,$11.0599,1440439840321,"528,043",Not yet rated,NULL,N/A
CHI,$10.21,1440439840457,"408,993",100% bearish,of 1 rating,N/A
CCD,$18.76,1440439840518,"83,492",Not yet rated,NULL,N/A
CFGE,$10.43,1440439840544,"1,504",Not yet rated,NULL,N/A
CGO,$11.65,1440439840565,"39,137",100% bearish,of 1 rating,N/A
CHW,$7.25,1440439840599,"322,068",100% bearish,of 1 rating,N/A
CAMP,$15.1599,1440439840620,"197,776",88% bullish,of 8 ratings,$25
CSQ,$9.55,1440439840828,"605,495",Not yet rated,NULL,N/A
CFNB,$13.45,1440439840913,141,100% bearish,of 1 rating,N/A
CALD,$15.32,1440439840962,"132,558",100% bearish,of 1 rating,$20.50
CVGW,$54.76,1440439840995,"73,154",50% bullish,of 2 ratings,$58.50
CLMT,$24.512,1440439841155,"567,757",75% bullish,of 8 ratings,$31
CALA,$4.9,1440439841182,"285,841",100% bullish,of 3 ratings,$19.50
CALM,$48.5,1440439841203,"357,236",80% bullish,of 5 ratings,$65
ABCD,$4.81,1440439841359,"63,596",83% bullish,of 6 ratings,N/A
CAMBU,NULL,1440439841390,0,100% bearish,of 1 rating,N/A
CAMBW,$0.1,1440439841491,"2,360",Not yet rated,NULL,N/A
CAMB,$9.95,1440439841658,100,Not yet rated,NULL,N/A
CAMT,$2.6503,1440439841693,"77,784",73% bullish,of 11 ratings,$4
CAC,$39.74,1440439841720,"5,125",Not yet rated,NULL,N/A
CSIQ,$16.8725,1440439841791,"2,056,896",86% bullish,of 28 ratings,$45
CGIX,$9.34,1440439841816,"29,403",67% bullish,of 3 ratings,$14.375
CPHC,$10.24,1440439842058,"4,211",100% bearish,of 1 rating,N/A
CBNJ,$10.55,1440439842092,"56,006",100% bullish,of 1 rating,N/A
CCBG,$14.89,1440439842188,"7,171",Not yet rated,NULL,$17.25
CBF,$28.74,1440439842216,"27,660",Not yet rated,NULL,$32
CPLA,$47.81,1440439842242,"28,788",67% bearish,of 3 ratings,$65
CSWC,$45.04,1440439842272,"28,700",Not yet rated,NULL,N/A
CPLP,$6.88,1440439842378,"501,004",71% bullish,of 7 ratings,$11
CPTA,$14,1440439842408,"87,630",100% bearish,of 1 rating,$18.50
CAPN,$1.7601,1440439842620,"133,841",100% bullish,of 1 rating,$10.85
CFFN,$11.79,1440439842650,"424,906",Not yet rated,NULL,$12.75
CAPNW,$0.65,1440439842751,900,Not yet rated,NULL,N/A
CPST,$0.3631,1440439842954,"630,337",95% bullish,of 22 ratings,$1.25
CAPR,$4.0272,1440439842998,"15,539",Not yet rated,NULL,$12
CARA,$19.13,1440439843045,"181,234",50% bullish,of 4 ratings,$25
CBYL,$5.9,1440439843098,"36,195",100% bearish,of 1 rating,$20
CARB,$11.095,1440439843182,"43,326",75% bullish,of 4 ratings,$12
CRDC,$0.3799,1440439843348,"105,717",100% bullish,of 1 rating,$1.25
CATM,$33.815,1440439843394,"159,139",100% bearish,of 1 rating,$44
CFNL,$22.02,1440439843551,"49,316",Not yet rated,NULL,$24
CSII,$23.98,1440439843604,"89,727",100% bearish,of 2 ratings,$42.125
CECO,$3.66,1440439843686,"152,397",67% bearish,of 3 ratings,$6
CDNA,$6.47,1440439843738,"4,374",100% bearish,of 1 rating,$9
CRME,$9.1,1440439843933,"20,399",89% bullish,of 9 ratings,$11.25
CTRE,$11.7147,1440439843962,"222,085",50% bullish,of 2 ratings,N/A
CLBH,$12.55,1440439844040,923,Not yet rated,NULL,$16.50
CARO,$15,1440439844094,"6,665",100% bearish,of 1 rating,$19
CART,$5.3501,1440439844229,560,100% bearish,of 1 rating,N/A
CKEC,$21.98,1440439844258,"100,184",50% bullish,of 2 ratings,$35.915
CRTN,$2.3501,1440439844370,250,100% bearish,of 1 rating,N/A
TAST,$11.44,1440439844396,"91,919",Not yet rated,NULL,$14.25
CARV,NULL,1440439844545,0,50% bullish,of 2 ratings,N/A
CRZO,$29.74,1440439844570,"603,607",67% bearish,of 3 ratings,$57
CASM,$1.0999,1440439844749,"24,845",100% bullish,of 1 rating,$3.50
CACB,$5.3,1440439844827,"42,636",Not yet rated,NULL,$5.50
CASY,$103.9,1440439844852,"158,169",50% bullish,of 2 ratings,$99.50
CSCD,$14.8989,1440439845005,"40,190",100% bullish,of 2 ratings,$17
CWST,$6.15,1440439845031,"102,154",50% bullish,of 2 ratings,$7.25
CPRX,$3.34,1440439845248,"527,777",71% bullish,of 7 ratings,$7
CASI,$1.4796,1440439845274,"17,084",100% bullish,of 1 rating,$3.50
CATY,$28.71,1440439845334,"324,637",100% bearish,of 1 rating,$33.50
CATB,$10.95,1440439845489,"13,334",100% bearish,of 1 rating,$28
CASS,$45.82,1440439845545,"11,191",100% bearish,of 1 rating,N/A
CATYW,$8.92,1440439845590,700,100% bearish,of 1 rating,N/A
CVCO,$71.73,1440439845694,"18,607",100% bearish,of 1 rating,N/A
CBFV,$20.65,1440439845802,"1,000",Not yet rated,NULL,N/A
CAVM,$64.61,1440439845872,"253,154",67% bearish,of 3 ratings,$72
CNLMR,NULL,1440439846003,0,Not yet rated,NULL,N/A
CNLM,NULL,1440439846055,0,Not yet rated,NULL,N/A
CBOE,$60.895,1440439846196,"384,644",Not yet rated,NULL,$60
CNLMU,$10.37,1440439846279,200,100% bullish,of 1 rating,N/A
CECE,$9.39,1440439846386,"72,266",50% bullish,of 2 ratings,$16
CELG,$116.0799,1440439846544,"4,558,111",92% bullish,of 13 ratings,$155.50
CNLMW,NULL,1440439846571,0,Not yet rated,NULL,N/A
CDW,$37.958,1440439846751,"494,627",75% bullish,of 4 ratings,$44
CPXX,$2.08,1440439846880,"212,672",100% bullish,of 2 ratings,$7
CDK,$47,1440439847068,"803,770",67% bearish,of 3 ratings,$50
CELGZ,$1.75,1440439847104,"15,417",80% bullish,of 5 ratings,N/A
CLDX,$13.1201,1440439847200,"1,048,118",89% bullish,of 9 ratings,$36
CLDN,$1.03,1440439847250,"119,682",71% bullish,of 7 ratings,$3
CLRB,$3.065,1440439847281,"6,940",100% bearish,of 1 rating,N/A
CLRBW,NULL,1440439847402,0,Not yet rated,NULL,N/A
CLLS,$28.2901,1440439847451,"53,420",75% bullish,of 4 ratings,$51.50
CLTX,$2.8375,1440439847620,"857,653",100% bullish,of 2 ratings,N/A
CEMP,$33.818,1440439847719,"385,047",71% bullish,of 7 ratings,$52
CETX,$2.305,1440439847900,"7,407",Not yet rated,NULL,$5.60
CLSN,$1.88,1440439848450,"118,027",80% bullish,of 10 ratings,$7.50
CBMG,$22.08,1440439848656,"49,736",50% bullish,of 2 ratings,N/A
CYAD,$47.5597,1440439848703,"1,950",100% bullish,of 1 rating,$87.50
CSFL,$13.89,1440439848728,"122,389",Not yet rated,NULL,$15
CETV,$1.9399,1440439848755,"53,326",67% bullish,of 3 ratings,$2.80
CVCY,$11.132,1440439848919,300,Not yet rated,NULL,$12
CENT,$11.568,1440439848967,"181,451",Not yet rated,NULL,$10
CENTA,$12.43,1440439848992,"122,419",Not yet rated,NULL,N/A
CENX,$4.815,1440439849122,"821,752",67% bullish,of 6 ratings,$9
CNTY,$6.1222,1440439849153,"12,615",80% bullish,of 5 ratings,$7.75
CPHD,$48.21,1440439849188,"440,943",50% bullish,of 2 ratings,$66.50
CNBKA,$38.81,1440439849216,"2,020",50% bullish,of 2 ratings,N/A
CERE,$1.04,1440439849289,"251,135",88% bullish,of 8 ratings,N/A
CFBK,$1.37,1440439849316,"4,901",Not yet rated,NULL,N/A
CRNT,$1.3199,1440439849341,"271,706",50% bullish,of 2 ratings,$2
CERN,$61.54,1440439849366,"1,487,627",67% bullish,of 3 ratings,$79
CERU,$3.28,1440439849943,"31,458",75% bullish,of 4 ratings,$15
KOOL,$0.6599,1440439850000,"81,615",100% bullish,of 5 ratings,$7
CEVA,$17.84,1440439850047,"44,019",100% bearish,of 1 rating,$25
CERS,$4.54,1440439850073,"359,018",75% bullish,of 4 ratings,$7
GTLS,$22.36,1440439850209,"171,625",50% bullish,of 4 ratings,$40
CYOU,$19.34,1440439850236,"181,976",50% bullish,of 6 ratings,$24
CTHR,$1.3,1440439850262,"52,768",50% bullish,of 2 ratings,$2.50
HOTR,$1.39,1440439850312,"94,529",100% bullish,of 2 ratings,$5
CHTR,$174.19,1440439850443,"965,928",100% bearish,of 2 ratings,$196
CHFN,$12.51,1440439850730,"9,433",Not yet rated,NULL,$14
CHFC,$31.07,1440439850959,"20,929",100% bearish,of 1 rating,$36
CHEK,$3,1440439851306,"3,008",Not yet rated,NULL,$7.75
HOTRW,NULL,1440439851377,0,Not yet rated,NULL,N/A
CEMI,$3.81,1440439851511,"22,774",50% bullish,of 2 ratings,$7.50
CHKP,$75.82,1440439851558,"1,011,020",50% bullish,of 4 ratings,$92
CHMA,$23.565,1440439851762,"104,512",Not yet rated,NULL,$40
CHEKW,$1.0687,1440439851789,500,Not yet rated,NULL,N/A
CADC,$3.12,1440439852239,"5,520",78% bullish,of 9 ratings,N/A
CCXI,$6.65,1440439852267,"64,012",67% bullish,of 3 ratings,$14
CHMG,$26.59,1440439852327,560,Not yet rated,NULL,$30
CHKE,$25.71,1440439852477,"21,400",100% bearish,of 1 rating,$32.50
CBNK,$16.431,1440439852503,900,100% bearish,of 1 rating,N/A
CMRX,$46.36,1440439852643,"173,744",50% bullish,of 2 ratings,$57
CALI,$0.81,1440439852677,"10,400",67% bullish,of 3 ratings,N/A
PLCE,$58.4,1440439852698,"245,646",100% bearish,of 1 rating,$71
CAAS,$6.05,1440439852774,"33,595",93% bullish,of 14 ratings,$11.50
CHEV,$14.35,1440439852878,"7,145",Not yet rated,NULL,N/A
CBAK,$1.5901,1440439853094,"62,775",67% bullish,of 9 ratings,N/A
CBPO,$92.7001,1440439853153,"291,757",75% bullish,of 8 ratings,$140.50
JRJC,$3.1799,1440439853184,"292,311",82% bullish,of 11 ratings,N/A
HGSH,$1.775,1440439853205,"13,670",67% bullish,of 3 ratings,N/A
CCCL,$0.7301,1440439853237,"9,554",100% bullish,of 6 ratings,N/A
CCCR,$0.8,1440439853286,"1,400",67% bearish,of 3 ratings,N/A
CHOP,$1.17,1440439853432,"15,576",50% bullish,of 2 ratings,N/A
CHLN,$1.7,1440439853563,"7,633",67% bullish,of 3 ratings,N/A
CJJD,$1.81,1440439853589,"43,390",100% bullish,of 1 rating,N/A
CNIT,$1.2601,1440439853721,"174,764",67% bullish,of 6 ratings,N/A
CHNR,$1.7,1440439853750,"7,083",100% bearish,of 1 rating,N/A
HTHT,$23.7,1440439853789,"47,057",50% bullish,of 2 ratings,$28.40
CREG,$0.69,1440439853854,"41,019",100% bullish,of 3 ratings,N/A
CSUN,$1.3099,1440439854104,"43,194",80% bullish,of 5 ratings,N/A
CNYD,$3.19,1440439854235,"10,594",67% bullish,of 3 ratings,N/A
CCIH,$6.01,1440439854268,"283,219",67% bullish,of 6 ratings,$12.65
CNET,$0.769,1440439854297,"80,182",50% bullish,of 2 ratings,N/A
CXDC,$6.05,1440439854365,"88,693",67% bullish,of 3 ratings,N/A
CNTF,$0.7697,1440439854397,"181,374",Not yet rated,NULL,N/A
CPGI,$6.8624,1440439854464,"3,444",Not yet rated,NULL,N/A
CHSCO,$28,1440439854811,"9,353",Not yet rated,NULL,N/A
IMOS,$16.37,1440439854841,"120,158",60% bullish,of 5 ratings,$21.50
CHSCL,$26.7899,1440439854866,"39,841",Not yet rated,NULL,N/A
CHSCN,$26.66,1440439855078,"7,091",Not yet rated,NULL,N/A
CHSCM,$25.49,1440439855183,"49,805",Not yet rated,NULL,N/A
CIFC,$6.84,1440439855357,"3,736",100% bearish,of 1 rating,N/A
CHDN,$130.755,1440439855459,"17,871",Not yet rated,NULL,$165
CMCT,$15.2,1440439855509,"1,516",100% bearish,of 1 rating,N/A
CHSCP,$30.0473,1440439855591,"8,633",Not yet rated,NULL,N/A
CMPR,$66.96,1440439855723,"316,841",50% bullish,of 2 ratings,$72.50
CDTX,$13.915,1440439855780,"12,228",Not yet rated,NULL,$22
CHUY,$31.43,1440439855811,"138,870",50% bullish,of 2 ratings,$34
CINF,$51.9101,1440439855915,"424,505",50% bullish,of 4 ratings,$50.50
CIDM,$0.6085,1440439856044,"60,337",50% bullish,of 2 ratings,$2.10
CRUS,$27.9,1440439856132,"782,777",75% bullish,of 12 ratings,$44.50
CTAS,$82.38,1440439856265,"266,772",100% bearish,of 1 rating,$91
CSCO,$25.5101,1440439856371,"21,485,486",84% bullish,of 208 ratings,$32
CTRN,$27.61,1440439856406,"74,547",100% bearish,of 1 rating,$31.50
CPHR,$5.9499,1440439856433,"13,145",100% bearish,of 1 rating,$17
CZWI,$9,1440439856506,"11,000",Not yet rated,NULL,N/A
CZNC,$19.63,1440439856527,"4,922",Not yet rated,NULL,N/A
CZFC,NULL,1440439856609,0,Not yet rated,NULL,N/A
CTXS,$68.65,1440439856804,"1,421,258",86% bullish,of 7 ratings,$80
CIVB,$10.0255,1440439856832,400,Not yet rated,NULL,$11
CIZN,$19.01,1440439857088,"1,773",Not yet rated,NULL,N/A
CHCO,$46.55,1440439857162,"19,741",Not yet rated,NULL,$46
CLNE,$4.115,1440439857246,"909,091",80% bullish,of 15 ratings,$9
CIVBP,$32.841,1440439857302,700,Not yet rated,NULL,N/A
CDTI,$1.4901,1440439857443,"132,224",75% bullish,of 4 ratings,$3.20
CLNT,$1.64,1440439857469,"4,616",75% bullish,of 8 ratings,N/A
CLFD,$17.005,1440439857548,"34,051",67% bullish,of 3 ratings,$18
CLIR,$4.68,1440439857675,"78,138",100% bullish,of 3 ratings,N/A
CLRO,$11.5201,1440439857777,"11,481",50% bullish,of 2 ratings,$14.25
CME,$89.478,1440439857907,"1,215,220",67% bullish,of 3 ratings,$102
CSBK,$13.65,1440439857936,"40,381",Not yet rated,NULL,N/A
CBLI,$3.5,1440439858071,"53,582",60% bullish,of 5 ratings,N/A
CISG,$7.07,1440439858128,"172,658",100% bullish,of 5 ratings,$10
CLVS,$69.33,1440439858169,"238,479",60% bullish,of 5 ratings,$101.50
CCNE,$16.98,1440439858231,"14,503",50% bullish,of 2 ratings,$21.50
COBZ,$12.685,1440439858484,"40,776",100% bullish,of 1 rating,$14
CMFN,$11.67,1440439858510,"26,450",100% bearish,of 1 rating,$15.50
COKE,$153.72,1440439858675,"35,728",79% bullish,of 19 ratings,N/A
CVLY,$20.55,1440439858706,"4,383",Not yet rated,NULL,N/A
CWAY,$11.21,1440439858807,"3,154",Not yet rated,NULL,N/A
CNV,$4.5,1440439859071,"51,619",50% bullish,of 2 ratings,$7.15
CDRB,$10.23,1440439859264,"23,045",67% bullish,of 3 ratings,N/A
CDXS,$3.8,1440439859336,"43,022",64% bullish,of 11 ratings,$6
CGNT,$1.6201,1440439859551,"66,412",100% bullish,of 2 ratings,$2
CCOI,$28.1494,1440439859597,"282,270",50% bullish,of 4 ratings,$35
CGNX,$34.7826,1440439859731,"410,857",50% bullish,of 2 ratings,$47
JVA,$4.475,1440439859756,"23,820",83% bullish,of 6 ratings,$7
CLRX,$0.567,1440439859912,"205,748",50% bullish,of 2 ratings,N/A
COHR,$56.44,1440439859938,"46,116",50% bullish,of 2 ratings,$72
CHRS,$29.11,1440439860277,"75,782",67% bearish,of 3 ratings,$37
CTSH,$61.1,1440439860533,"2,289,063",90% bullish,of 10 ratings,$75
CLCT,$17.8,1440439860559,"41,949",100% bearish,of 1 rating,N/A
COHU,$9.6499,1440439860711,"48,784",100% bearish,of 1 rating,$14.25
COLL,$14.69,1440439860765,"53,298",100% bearish,of 1 rating,$26
CLCD,$6.67,1440439860850,"18,258",100% bearish,of 1 rating,$20.50
CIGI,$42.91,1440439860891,"4,933",100% bearish,of 1 rating,$52
CBAN,$9.07,1440439860952,"2,904",Not yet rated,NULL,N/A
COLM,$59.44,1440439861302,"77,203",100% bearish,of 1 rating,$71
CBSHP,$25.128,1440439861591,"6,215",100% bearish,of 1 rating,N/A
CBSH,$43.83,1440439861624,"241,025",50% bullish,of 2 ratings,$46
COLB,$29.99,1440439861654,"186,274",Not yet rated,NULL,$36
CBMX,$1.13,1440439861675,"57,237",83% bullish,of 6 ratings,$3.15
CMCSA,$55.1,1440439861807,"8,033,072",66% bullish,of 35 ratings,$69.50
CMCSK,$55.605,1440439861841,"2,464,531",Not yet rated,NULL,$84
CMCO,$18.93,1440439861867,"39,465",60% bullish,of 5 ratings,$28
CUBN,$13.55,1440439861935,"7,537",Not yet rated,NULL,N/A
COMM,$28.11,1440439862145,"918,036",67% bearish,of 3 ratings,$35
JCS,$8.5601,1440439862287,"9,875",67% bullish,of 3 ratings,N/A
CSAL,$20.1801,1440439862313,"461,833",75% bullish,of 4 ratings,$30
CVGI,$4.64,1440439862343,"28,741",50% bullish,of 2 ratings,$6
ESXB,$5.04,1440439862442,"3,250",Not yet rated,NULL,N/A
CYHHZ,$0.01,1440439862629,"227,589",100% bullish,of 1 rating,N/A
COB,$10.48,1440439862659,"2,392",100% bullish,of 1 rating,$11.75
CTBI,$34.47,1440439862707,"33,350",Not yet rated,NULL,$36
CWBC,NULL,1440439862732,0,Not yet rated,NULL,N/A
CVLT,$35.55,1440439862761,"243,264",75% bullish,of 4 ratings,$44.50
CIL,$33.0699,1440439862893,100,Not yet rated,NULL,N/A
CIZ,$32.415,1440439862959,"5,449",100% bearish,of 1 rating,N/A
CID,$33.1399,1440439863090,150,Not yet rated,NULL,N/A
CSA,$32.88,1440439863223,"1,200",Not yet rated,NULL,N/A
CFO,$34.72,1440439863284,"28,600",100% bearish,of 1 rating,N/A
CSF,$35.916,1440439863423,"3,865",100% bearish,of 1 rating,N/A
CDC,$34.4112,1440439863449,"11,534",Not yet rated,NULL,N/A
CFA,$34.92,1440439863964,"3,256",100% bearish,of 1 rating,N/A
SCOR,$54.23,1440439863999,"154,035",100% bearish,of 1 rating,$66
CTG,$6.58,1440439864029,"25,385",100% bearish,of 1 rating,$8.50
CHCI,$0.5999,1440439864060,"14,000",50% bullish,of 2 ratings,N/A
CSB,NULL,1440439864090,0,Not yet rated,NULL,N/A
CDL,NULL,1440439864135,0,Not yet rated,NULL,N/A
CPSI,$44.7,1440439864165,"40,140",100% bearish,of 1 rating,$45.50
CGEN,$4.79,1440439864297,"214,960",50% bullish,of 2 ratings,$11
CNSI,$18.63,1440439864567,"57,734",100% bearish,of 2 ratings,$29
CNCE,$15.03,1440439864597,"76,049",75% bullish,of 4 ratings,$22
CMTL,$26.75,1440439864640,"22,918",100% bearish,of 2 ratings,$37
CNAT,$3.74,1440439864699,"129,667",83% bullish,of 6 ratings,$13
CXRX,$70.08,1440439864724,"3,830",100% bearish,of 1 rating,$90
CCUR,$5.0672,1440439864772,"28,558",75% bullish,of 4 ratings,N/A
CDOR,$1.335,1440439864904,"18,694",100% bullish,of 1 rating,N/A
CDORP,$6.6,1440439865035,"1,443",100% bearish,of 1 rating,N/A
CDORO,$18.0001,1440439865082,"1,284",100% bearish,of 1 rating,N/A
CNFR,$10.0562,1440439865231,"8,504",Not yet rated,NULL,N/A
CFMS,$19.8252,1440439865258,"162,377",Not yet rated,NULL,$27
CNMD,$52.17,1440439865344,"257,447",Not yet rated,NULL,$59
CNOB,$19.25,1440439865407,"28,877",100% bullish,of 1 rating,$23.50
CNXR,$6.685,1440439865449,"41,460",100% bearish,of 1 rating,$12
CTWS,$35.4699,1440439865551,"11,223",100% bearish,of 1 rating,$44
CONN,$29.57,1440439866079,"364,187",67% bullish,of 3 ratings,$48.50
CWCO,$10.42,1440439866104,"70,920",67% bullish,of 3 ratings,$14.50
CTCT,$23.86,1440439866174,"131,257",67% bullish,of 3 ratings,$37
CNSL,$19.27,1440439866242,"103,764",100% bearish,of 1 rating,$23
CFRX,$4.95,1440439866320,"34,643",Not yet rated,NULL,$14
CFRXZ,$0.49,1440439866346,"9,375",Not yet rated,NULL,N/A
CPSS,$5.72,1440439866367,"31,939",100% bullish,of 1 rating,$10
CFRXW,$1.88,1440439866399,"2,809",100% bearish,of 1 rating,N/A
CTRL,$7.74,1440439866582,"93,822",50% bullish,of 2 ratings,$11
CPRT,$33.8299,1440439866676,"117,508",67% bearish,of 3 ratings,$40
CRBP,$1.99,1440439866704,"382,691",100% bullish,of 2 ratings,$6.25
CTRV,$3.7501,1440439866725,"22,751",Not yet rated,NULL,$6.40
CORT,$4.59,1440439866756,"191,308",67% bullish,of 3 ratings,$12
BVA,NULL,1440439866919,0,50% bullish,of 2 ratings,N/A
CORE,$59.76,1440439867075,"55,312",100% bearish,of 1 rating,$72
CSOD,$35.3,1440439867231,"275,120",50% bullish,of 2 ratings,$42
COSI,$1.085,1440439867262,"66,830",100% bullish,of 1 rating,N/A
CORI,$9.88,1440439867284,"38,167",100% bearish,of 1 rating,$18
CSGP,$177.205,1440439867321,"119,430",50% bullish,of 2 ratings,$235
COST,$134.02,1440439867361,"1,799,373",79% bullish,of 24 ratings,$154.50
CRVL,$31.39,1440439867419,"25,980",100% bearish,of 1 rating,N/A
ICBK,NULL,1440439867732,0,Not yet rated,NULL,$21
CVTI,$22.025,1440439867934,"82,865",67% bearish,of 3 ratings,$39
CPAH,$0.4899,1440439868020,"9,000",50% bullish,of 2 ratings,N/A
COWN,$5.165,1440439868046,"542,469",75% bullish,of 4 ratings,$7
COVS,$2.67,1440439868074,"143,985",67% bullish,of 3 ratings,N/A
CBRL,$139.28,1440439868226,"176,650",50% bullish,of 2 ratings,$155
CRAI,$21.95,1440439868322,"14,106",100% bearish,of 1 rating,$36
CPSH,$2.15,1440439868466,"1,070",Not yet rated,NULL,N/A
COWNL,$26.75,1440439868598,"2,698",Not yet rated,NULL,N/A
CRAY,$20.04,1440439868825,"174,681",83% bullish,of 6 ratings,$38.50
CACC,$191.61,1440439868859,"78,602",50% bullish,of 2 ratings,$158.50
GLDI,$11.0601,1440439868880,"26,052",100% bearish,of 1 rating,N/A
BREW,$7.29,1440439868958,"43,789",67% bullish,of 6 ratings,$15
SLVO,$10.23,1440439869009,"29,285",100% bearish,of 1 rating,N/A
CRESY,$9.7,1440439869154,"49,514",100% bearish,of 1 rating,$19
CREE,$26.89,1440439869184,"967,659",65% bullish,of 17 ratings,$29.50
CRTO,$41.42,1440439869463,"384,752",67% bullish,of 6 ratings,$64
CRDS,$1.02,1440439869765,"25,431",50% bullish,of 4 ratings,$4.50
CRWS,$7.8926,1440439869821,"6,683",Not yet rated,NULL,$10
CYRXW,$0.8479,1440439869853,"10,300",Not yet rated,NULL,N/A
CRWN,$4.509,1440439869879,"62,886",75% bullish,of 4 ratings,N/A
CSGS,$30.7,1440439869905,"88,713",Not yet rated,NULL,$40
CCRN,$14.055,1440439869933,"115,651",100% bearish,of 1 rating,$14.25
CROX,$13.68,1440439869959,"880,105",63% bullish,of 8 ratings,$16.50
CSPI,$5.8899,1440439870130,"11,050",67% bullish,of 3 ratings,N/A
CCLP,$12.8923,1440439870303,"106,742",67% bearish,of 3 ratings,$21
CYRX,$2.8775,1440439870334,"24,750",Not yet rated,NULL,$9
CTIB,$3.55,1440439870435,"4,275",100% bearish,of 1 rating,N/A
CTCM,$1.7599,1440439870484,"130,345",80% bearish,of 5 ratings,$3.90
CTIC,$1.66,1440439870515,"710,618",84% bullish,of 76 ratings,$5.75
CUNB,$21.255,1440439870699,"4,706",Not yet rated,NULL,$24.50
CTRP,$60.05,1440439870738,"1,525,635",75% bullish,of 8 ratings,$92
CUI,$4.8765,1440439870805,"32,304",50% bullish,of 2 ratings,$10
CMLS,$1.28,1440439870937,"299,030",50% bullish,of 4 ratings,$6
CPIX,$5.86,1440439870965,"2,109",Not yet rated,NULL,N/A
CRIS,$2.42,1440439870992,"267,519",100% bullish,of 8 ratings,$6
CUTR,$13.81,1440439871019,"266,849",67% bearish,of 3 ratings,$18
CVBF,$16.09,1440439871047,"173,575",Not yet rated,NULL,$18
CVV,$11.16,1440439871189,"22,541",100% bullish,of 5 ratings,N/A
CYAN,$6.8701,1440439871288,"2,300",100% bearish,of 1 rating,N/A
CYBR,$50.287,1440439871516,"1,755,293",86% bullish,of 7 ratings,$66
CYBE,$5.86,1440439871541,"12,451",100% bearish,of 1 rating,N/A
CYCC,$0.5206,1440439871838,"53,539",73% bullish,of 11 ratings,N/A
CYBX,$64.99,1440439871922,"173,977",50% bullish,of 4 ratings,$71.50
CBAY,$2.5,1440439871995,"33,104",100% bullish,of 1 rating,$4
CY,$9.47,1440439872053,"4,730,364",80% bullish,of 10 ratings,$15.50
CYNO,$31.195,1440439872079,"103,294",67% bearish,of 3 ratings,$45.50
CYCCP,NULL,1440439872156,0,100% bearish,of 1 rating,N/A
CYNA,$15.74,1440439872264,"45,252",100% bullish,of 1 rating,$31.50
CYRN,$1.5511,1440439872292,"90,328",67% bullish,of 3 ratings,$4
CONE,$31.985,1440439872450,"149,851",67% bearish,of 3 ratings,$35
CYTX,$0.3567,1440439872517,"854,507",83% bullish,of 12 ratings,$5.50
CTSO,$6.652,1440439872618,"120,577",Not yet rated,NULL,$15.625
CYTK,$6.45,1440439872644,"154,054",71% bullish,of 14 ratings,$13.50
CYTR,$2.12,1440439872714,"525,554",67% bullish,of 6 ratings,$10
DAEG,$0.35,1440439872786,"2,420",100% bearish,of 1 rating,N/A
TVIZ,$17.9799,1440439872919,"14,900",100% bearish,of 1 rating,N/A
TVIX,$12.18,1440439872947,"17,972,322",81% bullish,of 16 ratings,N/A
ZIV,$41.7,1440439873267,"179,852",Not yet rated,NULL,N/A
DAKT,$11.34,1440439873294,"112,668",50% bullish,of 2 ratings,$14
DJCO,$200.05,1440439873364,933,Not yet rated,NULL,N/A
XIV,$30.0899,1440439873391,"24,405,229",75% bearish,of 4 ratings,N/A
DAIO,$2.61,1440439873427,"13,429",Not yet rated,NULL,N/A
DARA,$0.85,1440439873453,"66,061",83% bullish,of 6 ratings,$1.50
DRAM,$1.3099,1440439873584,"6,331",78% bullish,of 9 ratings,N/A
DTLK,$5.51,1440439873676,"35,442",100% bearish,of 1 rating,$9
TRAK,$62.815,1440439874079,"302,352",50% bullish,of 2 ratings,$62.50
DWSN,$4.195,1440439874104,"32,459",67% bullish,of 3 ratings,$6
PLAY,$33.1001,1440439874177,"77,504",100% bullish,of 5 ratings,$42
DTEA,$13.11,1440439874202,"55,511",100% bearish,of 2 ratings,$24
DWCH,$4.9,1440439874273,"41,120",75% bullish,of 4 ratings,$8.25
DFRG,$14.47,1440439874348,"69,207",100% bearish,of 1 rating,$20
DBVT,$37.3102,1440439874404,"66,687",100% bearish,of 1 rating,$53
DHRM,$1.58,1440439874625,"7,200",Not yet rated,NULL,N/A
TACO,$12.285,1440439874816,"148,014",75% bullish,of 4 ratings,$20
DELT,$2.6,1440439874874,"1,385",Not yet rated,NULL,N/A
TACOW,$3.7,1440439875009,"19,843",100% bullish,of 1 rating,N/A
DCTH,$0.4608,1440439875101,"87,208",78% bullish,of 9 ratings,N/A
DGAS,$20.22,1440439875126,"4,640",67% bearish,of 3 ratings,N/A
DELTW,NULL,1440439875186,0,Not yet rated,NULL,N/A
XRAY,$51.89,1440439875319,"325,743",100% bullish,of 1 rating,$58
DENN,$11.2832,1440439875511,"358,561",100% bullish,of 3 ratings,$15
DERM,$23.49,1440439875545,"86,326",100% bearish,of 1 rating,$33.50
DEPO,$27.51,1440439875573,"760,465",60% bullish,of 5 ratings,$29
DSCI,$6.13,1440439875642,"53,707",50% bullish,of 2 ratings,$16
DSWL,$1.7698,1440439875700,"21,440",100% bullish,of 1 rating,N/A
DEST,$11.31,1440439875729,"22,496",50% bullish,of 2 ratings,N/A
DXLG,$4.43,1440439875800,"58,901",100% bearish,of 1 rating,$8
DXM,$0.31,1440439875865,"91,180",50% bullish,of 2 ratings,N/A
DXCM,$85.845,1440439875968,"758,334",57% bullish,of 7 ratings,$98
DHXM,NULL,1440439876051,0,Not yet rated,NULL,N/A
DMND,$29.42,1440439876110,"101,720",75% bullish,of 12 ratings,$32
DHIL,$192.09,1440439876554,"1,279",Not yet rated,NULL,N/A
DCIX,$1.6699,1440439876828,"57,184",50% bullish,of 4 ratings,$3.50
DRNA,$10.608,1440439876892,"75,691",67% bearish,of 3 ratings,$25
FANG,$63.42,1440439876922,"708,434",50% bullish,of 2 ratings,$86
DGII,$9.7486,1440439876954,"25,309",100% bearish,of 1 rating,$10
DGLY,$6.31,1440439877021,"228,743",50% bullish,of 6 ratings,$20
DCOM,$16.36,1440439877051,"45,171",100% bearish,of 2 ratings,$16.50
DRAD,$3.81,1440439877099,"41,744",100% bullish,of 1 rating,$5.25
DMRC,$35.575,1440439877126,"61,438",100% bearish,of 1 rating,$44
DPRX,$12.083,1440439877509,"11,255",100% bullish,of 2 ratings,$27.75
DIOD,$19.3,1440439877536,"103,089",75% bearish,of 4 ratings,$24
DISCA,$26.21,1440439877617,"1,424,238",67% bullish,of 3 ratings,$34
APPS,$2.32,1440439877676,"81,509",100% bearish,of 1 rating,$10.25
DISCK,$24.98,1440439877768,"1,834,755",100% bearish,of 1 rating,$32
DISH,$58.93,1440439877916,"1,147,876",69% bullish,of 13 ratings,$73
DSCO,$0.3961,1440439877942,"178,491",83% bullish,of 6 ratings,$2.75
DVCR,$10.0001,1440439877964,"15,915",100% bullish,of 1 rating,N/A
DISCB,$29.06,1440439877996,4,100% bearish,of 1 rating,$35
BAGR,$2.9,1440439878018,"21,859",100% bearish,of 1 rating,$6
DLHC,$2.35,1440439878147,"11,631",100% bearish,of 1 rating,N/A
DNBF,$26.84,1440439878177,"13,330",Not yet rated,NULL,$27.50
DLTR,$75.42,1440439878203,"1,240,126",82% bullish,of 11 ratings,$88
DGICA,$14.45,1440439878512,"7,961",100% bearish,of 1 rating,$17
DGICB,NULL,1440439878572,0,100% bearish,of 1 rating,N/A
HILL,$9.67,1440439878673,"2,639,242",60% bearish,of 5 ratings,$9.75
DMLP,$13.155,1440439878702,"59,530",100% bearish,of 1 rating,N/A
DRWI,$0.255,1440439878758,"128,824",60% bullish,of 5 ratings,$.45
DORM,$49.2,1440439878803,"162,986",100% bearish,of 1 rating,$56
DRWIW,NULL,1440439878857,0,Not yet rated,NULL,N/A
DSKX,$3.0192,1440439878932,"124,175",100% bullish,of 1 rating,N/A
DSPG,$8.45,1440439879159,"22,709",100% bearish,of 1 rating,$13.50
DRYS,$0.3351,1440439879209,"3,497,508",77% bullish,of 31 ratings,$.60
DWA,$19.18,1440439879259,"541,658",63% bullish,of 8 ratings,$26
CADT,$10.02,1440439879337,300,Not yet rated,NULL,N/A
CADTW,NULL,1440439879392,0,Not yet rated,NULL,N/A
CADTU,NULL,1440439879432,0,Not yet rated,NULL,N/A
CADTR,$0.2,1440439879465,"24,465",Not yet rated,NULL,N/A
DTSI,$25.31,1440439879527,"36,490",100% bearish,of 2 ratings,$39.50
DNKN,$49.55,1440439879965,"1,513,560",67% bullish,of 15 ratings,$56.50
DYAX,$21.8,1440439880071,"390,121",89% bullish,of 9 ratings,$30
DRRX,$1.9101,1440439880203,"139,583",50% bullish,of 6 ratings,$3
DXPE,$27.92,1440439880235,"61,230",50% bullish,of 2 ratings,N/A
BOOM,$9.686,1440439880257,"33,114",67% bullish,of 3 ratings,$12
DYSL,$1.441,1440439880287,"17,005",100% bullish,of 2 ratings,N/A
DVAX,$26.57,1440439880309,"163,961",70% bullish,of 10 ratings,$40
DYNT,$2.85,1440439880340,"11,128",75% bullish,of 4 ratings,N/A
ETFC,$24.5111,1440439880491,"2,124,000",57% bullish,of 14 ratings,$33
EBMT,$11.42,1440439880627,"40,225",Not yet rated,NULL,$13.50
EGRX,$66.677,1440439880663,"207,609",67% bullish,of 3 ratings,$97
EROC,$1.2,1440439880756,"401,442",50% bullish,of 2 ratings,$3
ELNK,$8.03,1440439880784,"351,107",60% bullish,of 5 ratings,$9.50
EGBN,$41.47,1440439880811,"76,031",Not yet rated,NULL,$48
EGLE,$5.97,1440439880832,"7,161",60% bullish,of 5 ratings,N/A
EWBC,$39.22,1440439881081,"1,181,478",100% bearish,of 1 rating,$50
EBAY,$25.135,1440439881182,"6,961,928",81% bullish,of 117 ratings,$48
EACQU,NULL,1440439881207,0,Not yet rated,NULL,N/A
EVBS,$6.4001,1440439881262,"4,145",Not yet rated,NULL,$7
EML,$16.9201,1440439881338,"25,263",Not yet rated,NULL,N/A
EBIX,$26.68,1440439881365,"517,980",69% bullish,of 13 ratings,$40
ELON,$0.5392,1440439881428,"39,672",50% bullish,of 2 ratings,N/A
ECHO,$23.935,1440439881496,"302,068",67% bearish,of 3 ratings,$35.50
ECTE,$1.421,1440439881666,"20,594",75% bullish,of 4 ratings,N/A
EEI,$10.9005,1440439881711,"1,731",67% bearish,of 3 ratings,N/A
ECACU,$10.048,1440439881881,"22,600",Not yet rated,NULL,N/A
SATS,$42.3,1440439881915,"74,650",50% bullish,of 2 ratings,$60
ESES,$3.06,1440439881982,"4,949",100% bearish,of 1 rating,$7
EDGW,$6.63,1440439882008,"102,684",100% bearish,of 1 rating,N/A
EDUC,$4.7575,1440439882033,"2,270",100% bearish,of 1 rating,N/A
EDAP,$2.919,1440439882061,"45,693",60% bullish,of 5 ratings,$4.50
EFUT,$4,1440439882254,"4,946",Not yet rated,NULL,N/A
EGAN,$3.3,1440439882446,"11,399",50% bullish,of 2 ratings,$6.25
LOCO,$11.7099,1440439882499,"960,511",69% bullish,of 13 ratings,$20
EHTH,$13.46,1440439882529,"68,322",50% bullish,of 4 ratings,$16.50
EGLT,$10.52,1440439882580,"39,916",50% bullish,of 2 ratings,$21
EMITF,$1.235,1440439882605,"39,244",75% bullish,of 4 ratings,N/A
ERI,$9.25,1440439882630,"36,949",100% bearish,of 1 rating,$10
ESLT,$74.5,1440439882778,"18,518",67% bullish,of 3 ratings,N/A
ESIO,$4.47,1440439882966,"49,857",50% bullish,of 2 ratings,$10
EFII,$42.67,1440439882996,"171,974",80% bullish,of 5 ratings,$55
EA,$64.67,1440439883098,"2,432,992",77% bullish,of 35 ratings,$80
ELEC,NULL,1440439883166,0,Not yet rated,NULL,N/A
ELECU,NULL,1440439883228,0,Not yet rated,NULL,N/A
ELRC,$10.3,1440439883254,"11,890",100% bearish,of 1 rating,N/A
ELSE,$3.63,1440439883296,400,60% bullish,of 5 ratings,N/A
ELECW,NULL,1440439883395,0,Not yet rated,NULL,N/A
EBIO,$3.368,1440439883648,"197,842",100% bearish,of 2 ratings,$8.35
RDEN,$10.34,1440439883710,"61,992",100% bearish,of 4 ratings,$15
ESBK,NULL,1440439883779,0,Not yet rated,NULL,N/A
CAPX,$22.365,1440439883810,"1,600",Not yet rated,NULL,N/A
ELTK,$1.0511,1440439883841,"8,291",67% bearish,of 3 ratings,N/A
EMCI,$22.12,1440439883914,"13,351",Not yet rated,NULL,N/A
LONG,$16.85,1440439883970,"53,928",67% bullish,of 3 ratings,$15.75
EMCF,NULL,1440439883997,0,100% bearish,of 1 rating,N/A
EMKR,$7.05,1440439884272,"67,805",75% bullish,of 4 ratings,$8.50
NYNY,$4.06,1440439884462,"63,347",50% bullish,of 2 ratings,N/A
EMMS,$1.13,1440439884533,"136,399",67% bullish,of 6 ratings,N/A
ERS,$2.8001,1440439884595,"3,602",Not yet rated,NULL,N/A
ENTA,$38.85,1440439884624,"138,800",50% bullish,of 2 ratings,$42
ENDP,$74.335,1440439884827,"1,393,839",50% bullish,of 6 ratings,$104
EMMSP,NULL,1440439884852,0,100% bearish,of 1 rating,N/A
ECPG,$38.9,1440439884874,"63,748",100% bullish,of 2 ratings,$52
WIRE,$32.38,1440439884905,"78,614",100% bearish,of 1 rating,$37
ELGX,$12.54,1440439885119,"298,109",75% bullish,of 4 ratings,$17
ECYT,$4.985,1440439885160,"157,653",83% bullish,of 6 ratings,$12
WATT,$6.2899,1440439885190,"171,081",50% bullish,of 2 ratings,$13
EFOI,$16,1440439885220,"284,268",50% bullish,of 2 ratings,$20.50
EIGI,$14.83,1440439885241,"360,718",67% bearish,of 3 ratings,$22.50
EXXI,$1.31,1440439885492,"1,655,869",86% bullish,of 7 ratings,$3.50
ERII,$2.905,1440439885524,"73,012",80% bullish,of 5 ratings,$2.50
ENOC,$8.48,1440439885590,"176,289",75% bullish,of 4 ratings,$18
ENG,$1,1440439885723,"35,150",100% bullish,of 3 ratings,N/A
ESGR,$148.946,1440439885749,"13,615",100% bearish,of 1 rating,$185
ENPH,$4.85,1440439885774,"852,449",75% bullish,of 4 ratings,$11
ENFC,$18.19,1440439885830,"5,025",Not yet rated,NULL,N/A
ETRM,$0.2325,1440439885962,"759,400",69% bearish,of 35 ratings,$1.625
ENTG,$13.45,1440439886007,"370,484",100% bearish,of 1 rating,$18
ENTL,$21.12,1440439886107,"9,364",Not yet rated,NULL,$28
EBTC,$20.49,1440439886137,"4,393",Not yet rated,NULL,N/A
EGT,$2.1156,1440439886271,305,100% bullish,of 1 rating,N/A
ENVI,$1.73,1440439886297,"23,332",67% bullish,of 3 ratings,N/A
ENZN,$0.9599,1440439886330,"865,268",100% bullish,of 9 ratings,N/A
EFSC,$23.88,1440439886467,"21,124",Not yet rated,NULL,$27
ENZY,$9.24,1440439886494,"8,246",67% bullish,of 3 ratings,$9.50
EPIQ,$13.31,1440439886622,"55,062",100% bearish,of 1 rating,$18
EPRS,$4.76,1440439886713,"65,145",82% bullish,of 11 ratings,$15
EPZM,$17.72,1440439886751,"385,626",60% bullish,of 5 ratings,$34
PLUS,$76.0501,1440439886779,"36,271",50% bullish,of 2 ratings,$88
EQIX,$258.99,1440439886934,"340,824",75% bullish,of 4 ratings,$312.50
EQFN,NULL,1440439886990,0,100% bearish,of 1 rating,N/A
ERIC,$9.63,1440439887092,"2,068,505",63% bullish,of 8 ratings,$12.20
EAC,$3.535,1440439887118,"28,418",100% bearish,of 1 rating,$8
ERIE,$82.68,1440439887176,"12,193",Not yet rated,NULL,$73
ESCR,$0.1599,1440439887247,"12,319",50% bullish,of 2 ratings,N/A
ESCA,$17.58,1440439887307,"14,255",100% bearish,of 1 rating,$22
ESCRP,$1.5475,1440439887379,"3,979",100% bearish,of 1 rating,N/A
ESMC,NULL,1440439887597,0,Not yet rated,NULL,N/A
ESPR,$52.69,1440439887665,"617,710",70% bearish,of 10 ratings,$123
ESND,$34.435,1440439887701,"67,771",100% bearish,of 2 ratings,$40
EPIX,NULL,1440439887725,0,Not yet rated,NULL,N/A
ESSA,$12.5,1440439887760,"10,049",100% bearish,of 1 rating,N/A
ESSX,$0.48,1440439887861,"18,550",50% bullish,of 2 ratings,N/A
ETSY,$13.3701,1440439887962,"467,512",80% bullish,of 5 ratings,$16
CLWT,$2.3799,1440439888031,"15,107",100% bearish,of 1 rating,N/A
EEFT,$63.26,1440439888382,"144,410",100% bearish,of 1 rating,$67.50
EVEP,$7.01,1440439888470,"312,771",50% bullish,of 2 ratings,$15
ESEA,$5.41,1440439888517,"2,442",100% bullish,of 1 rating,$15
EVK,$3.75,1440439888552,"9,400",75% bearish,of 4 ratings,N/A
EVOK,$3.7599,1440439888580,"76,449",100% bearish,of 1 rating,$13.375
EVLV,$2.07,1440439888601,"101,913",60% bullish,of 5 ratings,$6.50
EVOL,$5.83,1440439888728,"9,532",75% bullish,of 4 ratings,$10
EXA,$10.6,1440439888831,"14,694",100% bearish,of 1 rating,$13
EXLS,$36.35,1440439889053,"116,576",100% bullish,of 1 rating,$41
EXAC,$18,1440439889081,"17,347",100% bearish,of 1 rating,$22.50
EXPE,$109.68,1440439889111,"1,188,439",64% bullish,of 11 ratings,$130
EXAS,$19.891,1440439889142,"887,955",78% bullish,of 9 ratings,$31
EXFO,$2.545,1440439889214,"32,920",67% bearish,of 3 ratings,$3.95
EXEL,$5.26,1440439889245,"3,576,818",81% bullish,of 16 ratings,$6
EXPD,$47.3,1440439889347,"830,243",80% bullish,of 5 ratings,$51.50
ESRX,$83.05,1440439889599,"3,337,455",67% bearish,of 6 ratings,$101
EXPO,$41.77,1440439889625,"24,604",100% bearish,of 1 rating,$45.50
EYEG,$4.08,1440439889816,"12,493",Not yet rated,NULL,N/A
EXLP,$17.83,1440439889843,"179,936",100% bearish,of 1 rating,$27
EZCH,$21.1775,1440439889875,"109,760",75% bullish,of 8 ratings,$19.50
EYEGW,NULL,1440439889901,0,Not yet rated,NULL,N/A
EXTR,$2.805,1440439889983,"382,976",80% bullish,of 5 ratings,$3
EZPW,$6.24,1440439890044,"137,630",50% bullish,of 4 ratings,$7.50
FFIV,$118.13,1440439890069,"574,199",63% bullish,of 8 ratings,$132
FB,$84.97,1440439890211,"37,465,496",73% bullish,of 1066 ratings,$111
FRP,$16.37,1440439890427,"29,691",100% bearish,of 1 rating,$18
FCS,$13.2,1440439890486,"423,429",67% bearish,of 3 ratings,$17
FWM,$2.17,1440439890557,"160,424",100% bearish,of 2 ratings,$3.20
DAVE,$14.31,1440439890582,"31,422",100% bearish,of 1 rating,$15.50
FALC,$1.52,1440439890656,"19,277",63% bearish,of 8 ratings,N/A
FARM,$21.97,1440439890725,"17,393",100% bearish,of 1 rating,$35
FMNB,$8.0366,1440439890821,"9,916",Not yet rated,NULL,N/A
FFKT,$26.27,1440439890894,"3,324",Not yet rated,NULL,$29
FAST,$38.12,1440439891075,"2,406,519",80% bullish,of 5 ratings,$46
FBRC,$21.88,1440439891351,"20,169",100% bearish,of 1 rating,$29
FBSS,$15.3467,1440439891481,300,Not yet rated,NULL,N/A
FATE,$5.86,1440439891506,"79,826",50% bullish,of 2 ratings,$11
FARO,$37.7,1440439891554,"87,129",50% bullish,of 2 ratings,$48
FNHC,$21.36,1440439891589,"28,537",100% bearish,of 1 rating,$35
FDML,$8.891,1440439891610,"103,408",50% bullish,of 4 ratings,$14
FEIC,$75.52,1440439891687,"149,180",50% bullish,of 2 ratings,$95.50
FHCO,$1.4289,1440439891713,"170,443",50% bullish,of 4 ratings,N/A
FENX,$9.7,1440439892071,"33,035",100% bullish,of 1 rating,$14.25
LION,$18.6601,1440439892113,"77,958",100% bullish,of 1 rating,$20
ONEQ,$180.3401,1440439892147,"100,709",100% bullish,of 1 rating,N/A
FCSC,$5.36,1440439892203,"143,856",100% bearish,of 1 rating,$8.125
FGEN,$22.78,1440439892248,"318,438",100% bearish,of 1 rating,$39
FRGI,$52,1440439892382,"93,685",50% bullish,of 2 ratings,$70
FDUS,$13.82,1440439892412,"138,184",50% bullish,of 2 ratings,$18
FSAM,$8.46,1440439892573,"14,402",100% bearish,of 1 rating,$11
FSC,$6.27,1440439892650,"713,718",75% bullish,of 4 ratings,$8
FSCFL,$23.8,1440439892780,804,Not yet rated,NULL,N/A
FITBI,$26.77,1440439892927,"20,215",Not yet rated,NULL,N/A
FITB,$18.94,1440439892954,"3,893,670",54% bullish,of 13 ratings,$22
FSFR,$8.77,1440439892980,"104,182",100% bearish,of 1 rating,$11.50
FNGN,$32.22,1440439893111,"177,149",67% bullish,of 3 ratings,$47
FISI,$24.62,1440439893142,"26,273",100% bullish,of 2 ratings,$24.50
FNSR,$15.22,1440439893164,"589,223",71% bullish,of 7 ratings,$24.50
FNTC,NULL,1440439893246,0,Not yet rated,NULL,N/A
FNJN,$1.5205,1440439893414,"42,853",100% bearish,of 1 rating,$5
FNTCW,$0.32,1440439893496,"17,600",Not yet rated,NULL,N/A
FBNC,$16.63,1440439893594,"15,500",100% bullish,of 1 rating,$20
FNTCU,NULL,1440439893621,0,Not yet rated,NULL,N/A
FEYE,$36.785,1440439893649,"4,526,064",87% bullish,of 15 ratings,$55.50
FNLC,$18.54,1440439893677,"16,593",100% bullish,of 1 rating,N/A
BUSE,$6.225,1440439893832,"34,943",Not yet rated,NULL,$6.875
FRBA,$5.96,1440439893869,"2,700",Not yet rated,NULL,$8
FCVA,$4.61,1440439894198,"5,105",Not yet rated,NULL,N/A
FCFS,$38.02,1440439894253,"128,347",100% bearish,of 3 ratings,$48
FCNCA,$235.655,1440439894283,"2,770",Not yet rated,NULL,N/A
FCLF,$9.41,1440439894387,525,Not yet rated,NULL,N/A
FBIZ,$43.73,1440439894534,"5,625",100% bearish,of 2 ratings,$52
FCAP,$26.5,1440439894589,601,Not yet rated,NULL,N/A
FCCO,$11.53,1440439894614,648,Not yet rated,NULL,$13.25
FCBC,$17.64,1440439894640,"4,054",Not yet rated,NULL,$18
FCFP,$6.89,1440439894797,"5,514",Not yet rated,NULL,N/A
FBNK,$16.5999,1440439894826,"16,830",100% bearish,of 1 rating,$17.50
FFNM,$6.24,1440439894933,"3,100",Not yet rated,NULL,N/A
FDEF,$36.9,1440439894969,"16,005",Not yet rated,NULL,$38
FFBCW,NULL,1440439895068,0,100% bearish,of 1 rating,N/A
FFBC,$18.1999,1440439895094,"68,739",67% bearish,of 3 ratings,$20.25
FFIN,$29.8899,1440439895148,"109,332",50% bullish,of 2 ratings,$31.75
THFF,$32.98,1440439895255,"7,242",Not yet rated,NULL,$35
FFWM,$21.11,1440439895390,"43,695",Not yet rated,NULL,$24
FFNW,$12.1508,1440439895449,"23,661",Not yet rated,NULL,$14
INBK,$30.315,1440439895489,"29,940",50% bullish,of 2 ratings,$37
FRME,$25.1,1440439895551,"95,211",Not yet rated,NULL,$26.50
FMBH,$22.5,1440439895576,300,Not yet rated,NULL,N/A
FMBI,$17.25,1440439895790,"216,203",Not yet rated,NULL,$20
FNFG,$8.84,1440439895955,"1,245,099",80% bullish,of 5 ratings,$9
FSFG,$29.95,1440439895983,"3,350",Not yet rated,NULL,N/A
FIBK,$25.795,1440439896009,"56,541",Not yet rated,NULL,$32
FNWB,$11.92,1440439896035,"19,091",Not yet rated,NULL,N/A
FSGI,$2.44,1440439896066,"8,150",Not yet rated,NULL,N/A
FNBC,$33.79,1440439896168,"22,815",Not yet rated,NULL,$41.50
FSLR,$44.49,1440439896234,"1,513,228",74% bullish,of 39 ratings,$65
FSBK,$7.6526,1440439896305,"1,045",100% bullish,of 1 rating,N/A
FCAN,$23.3,1440439896475,"3,013",Not yet rated,NULL,N/A
BICK,$17.84,1440439896500,250,100% bullish,of 1 rating,N/A
FTCS,$35.7499,1440439896720,"190,203",100% bearish,of 1 rating,N/A
FBZ,$9.75,1440439896750,200,Not yet rated,NULL,N/A
FV,$22.47,1440439896808,"7,375,431",100% bearish,of 1 rating,N/A
FCA,$17.43,1440439896853,"1,000",Not yet rated,NULL,N/A
IFV,$17.21,1440439896912,"1,070,657",100% bearish,of 1 rating,N/A
FEMB,$42.17,1440439896938,300,Not yet rated,NULL,N/A
FEUZ,$30.92,1440439897070,"2,164",Not yet rated,NULL,N/A
FTSM,$59.91,1440439897099,"28,840",100% bearish,of 1 rating,N/A
TDIV,$23.93,1440439897204,"332,011",100% bearish,of 1 rating,N/A
MDIV,$18.89,1440439897305,"703,606",Not yet rated,NULL,N/A
FGM,$34.98,1440439897411,"33,574",Not yet rated,NULL,N/A
FTHI,$18.93,1440439897437,48,Not yet rated,NULL,N/A
FTGC,$21.7804,1440439897465,"71,130",Not yet rated,NULL,N/A
HYLS,$48.85,1440439897570,"47,901",100% bearish,of 1 rating,N/A
FHK,$31.3954,1440439897721,"26,217",Not yet rated,NULL,N/A
FPXI,$26.07,1440439897766,40,Not yet rated,NULL,N/A
YDIV,$16.21,1440439897898,"6,254",Not yet rated,NULL,N/A
SKYY,$27.8,1440439897936,"136,060",100% bullish,of 1 rating,N/A
PLTM,$6.35,1440439897989,"40,232",100% bearish,of 1 rating,N/A
FTLB,$18.9828,1440439898031,"4,210",100% bearish,of 1 rating,N/A
FJP,$44.761,1440439898057,"15,880",Not yet rated,NULL,N/A
CU,$12.35,1440439898081,"14,450",100% bearish,of 1 rating,N/A
LMBS,$50.48,1440439898347,"1,000",Not yet rated,NULL,N/A
QABA,$36.855,1440439898419,"34,702",100% bearish,of 1 rating,N/A
FMB,$51.1776,1440439898479,652,Not yet rated,NULL,N/A
CIBR,$17.5443,1440439898562,"189,907",Not yet rated,NULL,N/A
QCLN,$14.5401,1440439898696,"60,307",Not yet rated,NULL,N/A
FONE,$33.34,1440439898721,"1,275",Not yet rated,NULL,N/A
GRID,$30.15,1440439898746,"1,915",100% bearish,of 1 rating,N/A
CARZ,$33.2109,1440439898877,"9,699",100% bearish,of 1 rating,N/A
RDVY,$20.9301,1440439898949,"9,903",Not yet rated,NULL,N/A
QQXT,$38.903,1440439898977,"134,902",Not yet rated,NULL,N/A
QTEC,$38.49,1440439899006,"125,854",Not yet rated,NULL,N/A
QQEW,$40.24,1440439899117,"209,234",Not yet rated,NULL,N/A
AIRR,$16.1201,1440439899149,"6,428",100% bearish,of 1 rating,N/A
QINC,$20.39,1440439899247,700,Not yet rated,NULL,N/A
FTSL,$48.45,1440439899322,"35,277",100% bearish,of 1 rating,N/A
FKO,$19.5,1440439899426,100,Not yet rated,NULL,N/A
FDIV,$47.1899,1440439899511,"2,526",100% bearish,of 1 rating,N/A
FSZ,$38.72,1440439899593,"28,420",Not yet rated,NULL,N/A
FTW,$28.63,1440439899725,"2,986",Not yet rated,NULL,N/A
TUSA,$24.54,1440439899854,700,Not yet rated,NULL,N/A
FKU,$40.45,1440439899886,"68,836",Not yet rated,NULL,N/A
FUNC,$8.103,1440439899958,800,Not yet rated,NULL,N/A
FSV,$29.919,1440439899989,"7,833",Not yet rated,NULL,$33.60
SVVC,$9.3385,1440439900019,"25,762",50% bullish,of 2 ratings,$26
FISV,$82.795,1440439900058,"1,016,813",100% bearish,of 3 ratings,$90
FMER,$17.405,1440439900123,"908,378",50% bullish,of 2 ratings,$20
FIVE,$35.69,1440439900292,"250,698",75% bearish,of 4 ratings,$44
FLML,$20.24,1440439900511,"158,005",50% bullish,of 2 ratings,$30
FLKS,$13.6581,1440439900536,"34,288",50% bullish,of 2 ratings,$27
FIVN,$4.12,1440439900561,"139,848",100% bullish,of 1 rating,$8.50
FPRX,$19.005,1440439900597,"147,437",50% bullish,of 2 ratings,$35
FLXN,$23.5,1440439900760,"36,364",100% bearish,of 1 rating,$40
MBSD,$25.37,1440439900904,400,Not yet rated,NULL,N/A
SKOR,$50.399,1440439900929,500,Not yet rated,NULL,N/A
FLIR,$27.73,1440439901143,"534,203",100% bearish,of 1 rating,$38.50
FLXS,$29.49,1440439901178,"26,551",100% bearish,of 2 ratings,N/A
FLEX,$10.28,1440439901218,"1,213,663",63% bullish,of 8 ratings,$12
FFIC,$19.83,1440439901272,"22,594",Not yet rated,NULL,$21
FLDM,$12.4,1440439901298,"127,233",67% bearish,of 3 ratings,$21.50
FOMX,$9.46,1440439901371,"105,717",50% bullish,of 2 ratings,$23.50
FOGO,$17.82,1440439901500,"109,486",50% bullish,of 2 ratings,$25.50
FONR,$9.26,1440439901600,"9,041",100% bullish,of 1 rating,N/A
FORTY,$28.75,1440439901804,"3,492",Not yet rated,NULL,N/A
FES,$0.865,1440439901874,"30,043",50% bullish,of 2 ratings,$1
FTNT,$41.79,1440439901982,"1,265,831",80% bullish,of 10 ratings,$52
FORM,$6.0601,1440439902013,"164,617",67% bullish,of 3 ratings,$10.50
FWRD,$46.02,1440439902112,"66,698",100% bearish,of 1 rating,$50
FBIO,$2.2901,1440439902141,"227,533",83% bullish,of 6 ratings,N/A
FORR,$32.11,1440439902166,"24,579",Not yet rated,NULL,N/A
FORD,$1.012,1440439902206,"69,052",50% bullish,of 2 ratings,N/A
FOSL,$59.6701,1440439902353,"596,223",50% bullish,of 4 ratings,$80
FWP,$25.5699,1440439902410,"36,193",100% bearish,of 1 rating,$45
FMI,$20.77,1440439902487,"112,012",100% bearish,of 2 ratings,$27.50
FXCB,$17.15,1440439902589,"10,132",Not yet rated,NULL,$19
FRAN,$10.27,1440439902693,"243,336",50% bullish,of 4 ratings,$15
FOXF,$15.28,1440439902719,"19,940",100% bearish,of 1 rating,$19
FELE,$28.13,1440439902802,"167,514",50% bullish,of 4 ratings,$33
FEIM,$10.74,1440439903026,"1,975",100% bearish,of 1 rating,N/A
RAIL,$19.71,1440439903052,"62,957",100% bearish,of 1 rating,$24.50
FTR,$5.035,1440439903077,"9,187,611",78% bullish,of 27 ratings,$6.25
FRED,$13.95,1440439903214,"64,357",50% bullish,of 2 ratings,$16.50
FTRPR,$100.65,1440439903243,"10,939",100% bearish,of 1 rating,N/A
FRPT,$13.08,1440439903273,"274,196",67% bearish,of 3 ratings,$23.50
FREE,$0.3801,1440439903294,"516,463",92% bullish,of 12 ratings,N/A
FRPH,$29.64,1440439903323,"1,133",100% bearish,of 1 rating,N/A
FSBW,$22.51,1440439903532,500,Not yet rated,NULL,N/A
FSYS,$6.215,1440439903664,"40,259",67% bullish,of 3 ratings,$10
FTD,$28.91,1440439903694,"36,195",100% bearish,of 1 rating,$40
FCEL,$0.7187,1440439903796,"1,179,058",88% bullish,of 40 ratings,$2.65
FULL,$3.07,1440439903842,"91,908",67% bearish,of 3 ratings,$4.25
FTEK,$2.08,1440439903868,"47,442",75% bullish,of 4 ratings,N/A
FSNN,$2.5301,1440439904084,600,67% bullish,of 3 ratings,$6
FULLL,$25.15,1440439904114,"3,385",Not yet rated,NULL,N/A
FULT,$12.12,1440439904177,"562,033",100% bearish,of 1 rating,$13
FXEN,$0.8298,1440439904210,"83,625",75% bullish,of 4 ratings,$1.10
FFHL,$0.88,1440439904242,"2,720",50% bullish,of 4 ratings,N/A
FLL,$1.47,1440439904267,"25,450",75% bullish,of 4 ratings,$2.825
FXENP,$15.54,1440439904294,"3,600",100% bearish,of 1 rating,N/A
GK,$68.03,1440439904323,"43,143",Not yet rated,NULL,$78
WILC,$5,1440439904597,"14,512",100% bullish,of 2 ratings,N/A
GAIA,$5.85,1440439904631,"26,975",50% bullish,of 2 ratings,$8.50
GLPG,$60.5935,1440439904770,"36,731",100% bullish,of 1 rating,$75
GALTW,NULL,1440439904878,0,100% bullish,of 1 rating,N/A
GALTU,NULL,1440439904907,0,100% bearish,of 1 rating,N/A
GALT,$1.931,1440439905013,"134,523",80% bullish,of 5 ratings,N/A
GALE,$1.5102,1440439905043,"2,067,178",89% bullish,of 47 ratings,$4
GLMD,$7.6899,1440439905074,"30,527",67% bullish,of 3 ratings,$20.50
GLPI,$31.16,1440439905151,"450,341",100% bearish,of 1 rating,$37.50
GPIC,$10.1,1440439905179,"1,162",100% bearish,of 1 rating,N/A
GGACR,NULL,1440439905307,0,100% bullish,of 1 rating,N/A
GGAC,NULL,1440439905336,0,100% bearish,of 1 rating,N/A
GRMN,$37.44,1440439905364,"1,360,767",50% bullish,of 6 ratings,$48
GGACU,NULL,1440439905505,0,Not yet rated,NULL,N/A
GGACW,$0.0514,1440439905642,800,Not yet rated,NULL,N/A
GARS,$14.25,1440439905751,"82,078",Not yet rated,NULL,$16
GENC,$9.3,1440439905884,"4,052",100% bearish,of 1 rating,N/A
GFN,$3.46,1440439905910,"16,071",100% bearish,of 2 ratings,$8
GNCMA,$16.455,1440439905940,"104,887",100% bearish,of 1 rating,$12
GFNCP,$85.05,1440439906046,448,Not yet rated,NULL,N/A
GENE,$2.265,1440439906072,"89,835",100% bullish,of 12 ratings,N/A
GNMK,$9,1440439906124,"102,402",67% bullish,of 6 ratings,$14
GFNSL,$25,1440439906153,"1,500",Not yet rated,NULL,N/A
GHDX,$25.105,1440439906260,"88,873",50% bullish,of 2 ratings,$30
GNCA,$12.19,1440439906322,"59,698",100% bearish,of 1 rating,$20
GNTX,$14.96,1440439906399,"1,438,605",Not yet rated,NULL,$20
THRM,$42.98,1440439906540,"237,660",75% bearish,of 4 ratings,$55.50
GTWN,NULL,1440439906590,0,Not yet rated,NULL,N/A
GNVC,$2.135,1440439906615,"18,715",90% bullish,of 10 ratings,$8.50
GERN,$3.02,1440439906870,"1,228,558",88% bullish,of 16 ratings,$5.25
GEOS,$14.91,1440439906897,"82,743",100% bearish,of 3 ratings,$25.50
GEVO,$2.63,1440439906926,"1,053,707",75% bullish,of 12 ratings,$5
ROCK,$16.675,1440439906961,"105,452",80% bullish,of 5 ratings,$24
GIGM,$0.5634,1440439907026,"116,474",100% bullish,of 2 ratings,N/A
GABC,$29.31,1440439907064,"21,810",Not yet rated,NULL,$31.50
GIGA,$1.39,1440439907094,"147,210",100% bearish,of 1 rating,N/A
GIII,$63.81,1440439907225,"174,948",67% bullish,of 3 ratings,$75
GILD,$103.519,1440439907322,"10,269,304",91% bullish,of 87 ratings,$129
GBCI,$25.16,1440439907351,"97,498",50% bullish,of 2 ratings,$31
GILT,$4.29,1440439907376,"20,698",50% bullish,of 2 ratings,N/A
GLAD,$8.415,1440439907533,"145,581",50% bullish,of 2 ratings,$8.75
GLADO,$25.45,1440439907660,"2,420",Not yet rated,NULL,N/A
GOOD,$14.9001,1440439907748,"145,999",Not yet rated,NULL,$19
GOODO,$25.1,1440439907777,200,Not yet rated,NULL,N/A
GOODP,$25.073,1440439907850,"1,600",Not yet rated,NULL,N/A
GOODN,$25.25,1440439907911,"1,900",Not yet rated,NULL,N/A
GAIN,$7.405,1440439907983,"356,081",100% bullish,of 2 ratings,$8.25
GAINN,$24.9899,1440439908040,"34,000",Not yet rated,NULL,N/A
GAINP,$25.75,1440439908065,"10,436",Not yet rated,NULL,N/A
GAINO,$25.2001,1440439908139,"2,330",Not yet rated,NULL,N/A
LAND,$9.1,1440439908407,"24,163",50% bullish,of 2 ratings,$13.75
GLBZ,$12.12,1440439908474,315,Not yet rated,NULL,N/A
GBT,$42.505,1440439908509,"124,446",100% bearish,of 1 rating,N/A
ENT,$11.37,1440439908540,"183,660",100% bearish,of 1 rating,$18
GDEF,NULL,1440439908642,0,Not yet rated,NULL,N/A
GBLI,$25.07,1440439908683,"2,700",Not yet rated,NULL,N/A
GPACU,$10,1440439908812,400,Not yet rated,NULL,N/A
QQQC,$18.0554,1440439908856,"18,394",100% bearish,of 1 rating,N/A
SOCL,$16.5201,1440439909062,"95,454",100% bullish,of 2 ratings,N/A
GSOL,$8.25,1440439909102,"23,725",100% bearish,of 1 rating,N/A
ACTX,$13,1440439909131,"3,025",100% bullish,of 1 rating,N/A
ALTY,$14.2899,1440439909196,"5,500",Not yet rated,NULL,N/A
YLCO,$11.48,1440439909220,"1,985",Not yet rated,NULL,N/A
SRET,$13.44,1440439909250,"3,966",Not yet rated,NULL,N/A
GAI,$5.67,1440439909449,"11,463",50% bullish,of 2 ratings,N/A
GSM,$13.03,1440439909710,"212,568",50% bullish,of 2 ratings,$23
GLBS,$1.0825,1440439909737,100,67% bullish,of 3 ratings,N/A
GBIM,$2.18,1440439909766,"45,561",50% bullish,of 2 ratings,N/A
GLUU,$4.13,1440439909794,"1,640,314",92% bullish,of 26 ratings,$9
GLRI,$1.05,1440439909819,"38,489",100% bearish,of 1 rating,$6
GLYC,$7.05,1440439909867,"10,375",50% bullish,of 2 ratings,$14
GLNG,$33.8025,1440439910060,"634,563",83% bullish,of 6 ratings,$58
GMLP,$18.22,1440439910192,"162,819",50% bullish,of 4 ratings,$32.50
GDEN,$8.68,1440439910226,"5,600",50% bullish,of 2 ratings,N/A
GLDC,$4.07,1440439910256,300,50% bullish,of 2 ratings,N/A
GOGL,$2.66,1440439910277,"237,174",75% bullish,of 4 ratings,$5
GBDC,$16.54,1440439910406,"162,282",Not yet rated,NULL,$17.75
GOGO,$15.86,1440439910435,"724,147",80% bullish,of 5 ratings,$25
GTIM,$6.46,1440439910458,"21,236",Not yet rated,NULL,$11.50
GOOG,$598.3899,1440439910644,"1,867,559",89% bullish,of 70 ratings,$825
GOOGL,$626.988,1440439910732,"2,035,008",88% bullish,of 1080 ratings,$749
GMAN,$4.205,1440439911236,"32,014",60% bullish,of 5 ratings,$8
GPRO,$48.947,1440439911271,"6,180,000",78% bullish,of 58 ratings,$72
GPIAU,$9.99,1440439911309,"21,401",Not yet rated,NULL,N/A
GPIAW,NULL,1440439911330,0,Not yet rated,NULL,N/A
GPIA,$9.75,1440439911403,20,Not yet rated,NULL,N/A
GBSN,$1.12,1440439911430,"358,364",100% bearish,of 1 rating,$8.25
LOPE,$36.56,1440439911454,"143,079",100% bearish,of 2 ratings,$50
GRVY,$3.2,1440439911485,"1,432",50% bullish,of 2 ratings,N/A
GSBC,$39.275,1440439911816,"10,654",100% bullish,of 1 rating,$44
GBSNU,$16.9,1440439911841,"9,138",Not yet rated,NULL,N/A
GLDD,$5.36,1440439911875,"161,400",100% bearish,of 4 ratings,$7.75
GNBC,$11.2801,1440439911973,"39,985",100% bearish,of 1 rating,$17
GRBK,$12.5,1440439911998,"153,476",77% bullish,of 13 ratings,N/A
GPP,$14.23,1440439912160,"57,457",Not yet rated,NULL,$20.50
GPRE,$18.6,1440439912223,"426,310",67% bullish,of 6 ratings,$28.50
GCBC,$27.51,1440439912250,190,100% bullish,of 1 rating,N/A
GRIF,$30.04,1440439912306,747,100% bearish,of 1 rating,N/A
GLRE,$24.37,1440439912333,"93,717",50% bullish,of 2 ratings,$41
GRPN,$4.0238,1440439912354,"5,189,527",61% bullish,of 71 ratings,$6.75
OMAB,$37.95,1440439912484,"59,559",100% bullish,of 1 rating,$44
GRFS,$30.24,1440439912514,"152,304",50% bullish,of 2 ratings,$35
GGAL,$17.53,1440439912620,"276,380",80% bullish,of 5 ratings,$40
GSIG,$12.61,1440439912805,"28,673",100% bearish,of 2 ratings,N/A
GSIT,$4.75,1440439912831,52,100% bearish,of 1 rating,N/A
GTXI,$0.7551,1440439912960,"95,739",100% bullish,of 5 ratings,$.75
GSVC,$8.5035,1440439912985,"185,750",50% bullish,of 2 ratings,$14.50
GBNK,$15.6,1440439913010,"10,106",100% bearish,of 1 rating,$18
GIFI,$11.7,1440439913151,"30,759",100% bearish,of 1 rating,$16
GFED,$14.6,1440439913204,"1,271",Not yet rated,NULL,$17
GURE,$1.54,1440439913232,"61,264",88% bullish,of 8 ratings,N/A
GUID,$7.15,1440439913253,"94,065",100% bearish,of 3 ratings,$10
GULTU,$0.2751,1440439913398,"154,988",100% bearish,of 1 rating,N/A
GWPH,$100.51,1440439913425,"222,558",78% bullish,of 9 ratings,$148.50
GPOR,$33.07,1440439913454,"759,028",75% bullish,of 4 ratings,$55
GWGH,NULL,1440439913561,0,100% bearish,of 1 rating,$15.05
GYRO,$2.88,1440439913766,300,100% bearish,of 1 rating,N/A
HEES,$16.25,1440439913828,"182,826",67% bearish,of 3 ratings,$31
HLG,$9.39,1440439913967,17,100% bearish,of 1 rating,N/A
HALL,$11.52,1440439914004,"12,208",Not yet rated,NULL,N/A
HNRG,$7.09,1440439914055,"78,091",100% bearish,of 1 rating,$10
HBK,$13.8,1440439914083,200,50% bullish,of 2 ratings,N/A
HMPR,$1.8642,1440439914108,"120,713",100% bullish,of 1 rating,N/A
HALO,$17.28,1440439914345,"716,451",67% bullish,of 3 ratings,$22.50
HBHC,$25.85,1440439914379,"327,445",50% bullish,of 2 ratings,$30
HBHCL,$24.2299,1440439914408,"38,588",Not yet rated,NULL,N/A
HNH,$26.4799,1440439914475,"8,916",100% bullish,of 1 rating,N/A
HAFC,$24,1440439914541,"115,277",100% bullish,of 2 ratings,$28.50
HNSN,$0.5,1440439914607,"94,264",88% bullish,of 8 ratings,$.40
HQCL,$8.39,1440439914692,"23,008",67% bullish,of 3 ratings,$14
HDNG,$9.895,1440439914750,"22,059",50% bullish,of 4 ratings,N/A
HRMNU,$10.19,1440439914985,300,Not yet rated,NULL,N/A
HLIT,$5.56,1440439915017,"151,876",100% bearish,of 1 rating,$6.50
HRMN,NULL,1440439915047,0,Not yet rated,NULL,N/A
HRMNW,NULL,1440439915068,0,Not yet rated,NULL,N/A
TINY,$2.465,1440439915116,"29,739",50% bullish,of 2 ratings,$5.26
HART,$0.8201,1440439915143,"110,873",100% bearish,of 1 rating,N/A
HBIO,$4.455,1440439915286,"51,085",Not yet rated,NULL,$10
HCAP,$12.15,1440439915350,"28,932",50% bullish,of 2 ratings,$15
HCAPL,$25.16,1440439915440,"6,727",Not yet rated,NULL,N/A
HAS,$72.0301,1440439915469,"980,739",63% bullish,of 8 ratings,$84.50
HA,$22.1,1440439915569,"703,548",67% bullish,of 9 ratings,$27
HCOM,$22.23,1440439915673,"1,704",100% bearish,of 1 rating,$28
HWKN,$37.03,1440439915868,"5,685",Not yet rated,NULL,N/A
HWBK,$13.117,1440439915899,660,100% bearish,of 1 rating,N/A
HDS,$31.69,1440439915932,"1,158,008",100% bearish,of 2 ratings,$39.50
HAYN,$37.02,1440439916002,"41,133",100% bearish,of 1 rating,$59
HIIQ,$4.35,1440439916072,"14,186",50% bullish,of 2 ratings,$7
HCSG,$32.8,1440439916099,"225,435",50% bullish,of 4 ratings,$35
HQY,$28.75,1440439916168,"159,760",67% bullish,of 3 ratings,$31
HSTM,$24.38,1440439916351,"35,822",50% bullish,of 2 ratings,$33.75
HWAY,$12.22,1440439916372,"156,318",100% bearish,of 1 rating,$15
HTLD,$20.41,1440439916455,"283,811",Not yet rated,NULL,$22.50
HTWR,$81.73,1440439916551,"50,066",50% bullish,of 2 ratings,$103
HTLF,$35.355,1440439916683,"29,312",100% bullish,of 1 rating,$39.50
HTBX,$5.16,1440439917047,"14,013",50% bullish,of 2 ratings,$15.50
HSII,$19.965,1440439917081,"29,941",100% bullish,of 3 ratings,$25
HMTV,$12.76,1440439917117,"11,043",100% bearish,of 1 rating,$16
HELE,$84.85,1440439917143,"144,287",67% bearish,of 3 ratings,$100
HNNA,$24.85,1440439917174,"7,456",Not yet rated,NULL,N/A
HMNY,$2.15,1440439917206,"2,480",100% bearish,of 1 rating,N/A
HSIC,$134.49,1440439917314,"309,294",83% bullish,of 6 ratings,$146
HCACU,$10.008,1440439917373,"1,500",Not yet rated,NULL,N/A
HERO,NULL,1440439917507,0,NULL,NULL,NULL
HTBK,$10.92,1440439917728,"20,931",Not yet rated,NULL,$12
HEOP,$7.48,1440439917808,"5,220",Not yet rated,NULL,$8.50
HFWA,$17.42,1440439917835,"24,402",100% bullish,of 1 rating,$20
MLHR,$27.47,1440439917863,"89,532",50% bullish,of 2 ratings,$33.50
HCCI,$11.09,1440439917897,"6,787",100% bearish,of 1 rating,$16.50
HRTX,$34.835,1440439917919,"713,040",67% bullish,of 6 ratings,$41
HSKA,$32.31,1440439917992,"20,319",100% bearish,of 1 rating,$38
HIBB,$37.22,1440439918020,"320,451",100% bearish,of 1 rating,$48.50
HFFC,$15.86,1440439918194,657,Not yet rated,NULL,N/A
HIHO,$3.88,1440439918510,"29,611",Not yet rated,NULL,N/A
HPJ,$2.18,1440439918550,"55,116",75% bullish,of 4 ratings,$12.43
HIMX,$6.215,1440439918581,"1,139,034",86% bullish,of 21 ratings,$8.50
HMSY,$10.59,1440439918685,"1,998,114",67% bullish,of 3 ratings,$19.35
HIFS,$116.15,1440439918711,"1,872",Not yet rated,NULL,N/A
HSGX,$5.46,1440439918754,"10,570",100% bearish,of 1 rating,$17
HOLI,$16.64,1440439918849,"330,299",50% bullish,of 4 ratings,$27
HOLX,$38.545,1440439918903,"1,573,705",67% bullish,of 3 ratings,$42
HBCP,$24,1440439919045,400,Not yet rated,NULL,$29
AWAY,$28.11,1440439919114,"673,979",67% bullish,of 3 ratings,$36
HMNF,$11.15,1440439919173,300,Not yet rated,NULL,N/A
HMIN,$26.58,1440439919202,"238,386",100% bearish,of 2 ratings,$35
HOMB,$37.95,1440439919253,"126,252",Not yet rated,NULL,$41
HFBL,NULL,1440439919281,0,Not yet rated,NULL,N/A
HMST,$21.54,1440439919430,"55,480",100% bullish,of 2 ratings,$27
HTBI,$18.075,1440439919662,"30,212",67% bullish,of 3 ratings,$18.625
HKTV,$4.413,1440439919732,"29,593",100% bearish,of 1 rating,N/A
CETC,$0.7474,1440439919792,"101,485",86% bullish,of 7 ratings,N/A
HOFT,$23.66,1440439919822,"25,591",100% bearish,of 1 rating,N/A
HFBC,$11.3,1440439919859,"6,105",Not yet rated,NULL,N/A
HRZN,$10.29,1440439919923,"63,433",100% bearish,of 1 rating,$14.25
HBNC,$23.85,1440439919950,"16,451",100% bullish,of 1 rating,$27
ZINC,$7.06,1440439920079,"460,310",100% bearish,of 1 rating,$17
HZNP,$28.07,1440439920155,"1,737,616",85% bullish,of 20 ratings,$40
HDP,$23.4,1440439920217,"219,949",67% bearish,of 3 ratings,$30.50
HMHC,$22.01,1440439920258,"326,671",Not yet rated,NULL,$27
HOVNP,$4.73,1440439920318,"2,218",100% bearish,of 1 rating,N/A
HWCC,$7.23,1440439920347,"91,650",100% bearish,of 1 rating,$9
HSNI,$59.1991,1440439920476,"89,375",Not yet rated,NULL,$80
HBMD,$14.07,1440439920514,"1,599",100% bearish,of 1 rating,N/A
HTGM,$5.307,1440439920741,"14,360",100% bearish,of 1 rating,$19.50
HSON,$2.63,1440439920836,"6,675",100% bearish,of 1 rating,$5
HUBG,$38.37,1440439920971,"84,272",100% bearish,of 1 rating,$43
HBAN,$10.561,1440439920999,"5,292,101",76% bullish,of 17 ratings,$12.29
HURC,$29.66,1440439921030,"6,491",100% bearish,of 1 rating,N/A
HDSN,$2.965,1440439921053,"63,918",100% bullish,of 1 rating,$6.25
HCBK,$9.13,1440439921077,"1,068,005",83% bullish,of 6 ratings,$8.61
HURN,$72.31,1440439921135,"94,997",50% bullish,of 2 ratings,$80
HBANP,$1332,1440439921213,96,100% bearish,of 1 rating,N/A
HTCH,$1.54,1440439921273,"46,079",100% bearish,of 1 rating,$3.50
HDRA,NULL,1440439921470,0,Not yet rated,NULL,N/A
HDRAU,$10.2,1440439921495,200,Not yet rated,NULL,N/A
HDRAR,NULL,1440439921649,0,Not yet rated,NULL,N/A
HBP,$3.04,1440439921696,"5,708",100% bullish,of 1 rating,N/A
IDSY,$3.7,1440439921786,"15,943",100% bearish,of 1 rating,$7
HDRAW,$0.25,1440439921812,11,Not yet rated,NULL,N/A
HYGS,$7.55,1440439921890,"35,904",50% bullish,of 2 ratings,$13
IKGH,$1.5799,1440439921941,"17,774",75% bullish,of 4 ratings,N/A
ICAD,$3.39,1440439921990,"63,639",50% bullish,of 2 ratings,$7.25
IACI,$68.34,1440439922019,"458,196",75% bullish,of 4 ratings,$90
ICFI,$34.425,1440439922199,"43,694",50% bullish,of 2 ratings,$48.50
IEP,$67.24,1440439922225,"125,985",75% bullish,of 4 ratings,$99
ICLR,$75.87,1440439922298,"257,988",100% bearish,of 3 ratings,$85
IBKC,$57.89,1440439922327,"123,560",100% bullish,of 1 rating,$70
ICON,$12.17,1440439922430,"463,693",50% bullish,of 2 ratings,$18.50
ICUI,$109.72,1440439922576,"67,146",Not yet rated,NULL,$122
IPWR,$7.1,1440439922707,"12,417",100% bullish,of 1 rating,$15
IDXX,$71.6484,1440439922754,"385,800",100% bearish,of 1 rating,$77
INVE,$4.4201,1440439922784,"34,722",75% bullish,of 4 ratings,$4
DSKY,$11.26,1440439922856,"361,195",67% bullish,of 6 ratings,$11.50
IDRA,$2.47,1440439922888,"574,194",89% bullish,of 9 ratings,$6.50
IROQ,$16.5,1440439922949,"3,301",100% bullish,of 1 rating,N/A
IRG,$4.745,1440439922992,"35,705",100% bearish,of 1 rating,$4.50
RXDX,$12.572,1440439923045,"141,567",100% bullish,of 1 rating,$20
IIVI,$17.28,1440439923235,"97,639",100% bearish,of 1 rating,$22
KANG,$14.01,1440439923277,"463,756",50% bullish,of 2 ratings,$22.55
IKAN,$2.7201,1440439923307,"14,700",83% bullish,of 6 ratings,$5
ILMN,$195.1335,1440439923407,"773,753",80% bullish,of 5 ratings,$240
ISNS,$3.64,1440439923493,"56,126",50% bullish,of 2 ratings,N/A
IMMR,$11.3,1440439923596,"74,939",80% bullish,of 5 ratings,$15.50
IKNX,$11.33,1440439923628,400,100% bearish,of 1 rating,N/A
ICCC,$7.67,1440439923759,"4,795",100% bullish,of 1 rating,N/A
IMDZ,$15.02,1440439923796,"44,148",100% bearish,of 1 rating,$33
IMNP,$1.2199,1440439923824,"175,098",50% bullish,of 2 ratings,$6
IMGN,$13.4,1440439923898,"807,226",75% bullish,of 4 ratings,$17.50
IPXL,$42.5101,1440439923955,"373,059",67% bullish,of 3 ratings,$46.50
IMMY,$7.3501,1440439924087,"9,002",100% bearish,of 1 rating,$11
IMMU,$1.835,1440439924115,"303,980",86% bullish,of 7 ratings,$2
SAAS,$7.53,1440439924266,"175,236",50% bullish,of 2 ratings,$15
INCY,$98.32,1440439924363,"665,318",50% bullish,of 6 ratings,$125.50
INCR,$39.92,1440439924394,"211,054",50% bullish,of 2 ratings,$53
INDB,$44.855,1440439924495,"43,702",Not yet rated,NULL,$44
IBCP,$13.9,1440439924525,"58,049",100% bullish,of 1 rating,$14.50
INFN,$20.17,1440439924627,"1,441,583",71% bullish,of 7 ratings,$28
IFON,$1.17,1440439924867,"45,934",75% bullish,of 4 ratings,N/A
IDSA,$3.5,1440439924895,"5,410",Not yet rated,NULL,N/A
III,$4,1440439924921,"37,427",57% bullish,of 7 ratings,$6
INFI,$8.75,1440439924943,"415,736",50% bullish,of 4 ratings,$18
IPCC,$79.11,1440439925080,"17,233",Not yet rated,NULL,$77.50
IBTX,$41.32,1440439925324,"18,689",100% bullish,of 2 ratings,$47.25
IMKTA,$51.1,1440439925356,"52,923",100% bearish,of 1 rating,N/A
INWK,$7.34,1440439925493,"68,038",50% bullish,of 2 ratings,$10
INOD,$2.48,1440439925605,"3,200",100% bearish,of 1 rating,N/A
INGN,$47.7081,1440439925711,"144,270",100% bearish,of 1 rating,$50.50
ITEK,$12.509,1440439925746,"434,941",100% bearish,of 3 ratings,$20
ISSC,$2.88,1440439925774,"4,539",67% bearish,of 3 ratings,N/A
IPHS,$46.22,1440439925795,"58,970",100% bearish,of 1 rating,$60
INNL,$12.22,1440439925844,955,100% bearish,of 1 rating,$16.50
IOSP,$47.37,1440439925872,"193,229",100% bearish,of 1 rating,N/A
INOV,$20.781,1440439925944,"148,186",100% bearish,of 1 rating,$33
INO,$6.705,1440439926006,"862,838",89% bullish,of 18 ratings,$20
ISIG,$2.5992,1440439926282,"21,675",100% bearish,of 1 rating,N/A
NSIT,$25.43,1440439926308,"36,166",50% bullish,of 2 ratings,N/A
INSM,$22.79,1440439926333,"325,093",71% bullish,of 7 ratings,$31.50
IIIN,$16.82,1440439926505,"14,902",100% bearish,of 2 ratings,N/A
PODD,$28.11,1440439926531,"147,950",50% bullish,of 2 ratings,$35
NTEC,$5.75,1440439926575,"16,800",100% bearish,of 1 rating,N/A
IART,$60.3,1440439926608,"121,206",100% bearish,of 1 rating,$71.50
INSY,$31.18,1440439926629,"292,990",75% bullish,of 4 ratings,$48
IESC,$7.19,1440439926707,"2,205",100% bearish,of 1 rating,N/A
ISSI,$22.07,1440439926779,"310,071",67% bullish,of 3 ratings,$19.75
IDTI,$17.635,1440439926813,"1,514,408",60% bullish,of 5 ratings,$25
INTC,$26.95,1440439926913,"29,083,452",82% bullish,of 238 ratings,$36
IQNT,$18.5486,1440439926958,"126,572",86% bullish,of 7 ratings,$20
IPAR,$25.64,1440439927124,"35,204",67% bullish,of 3 ratings,$38
IBKR,$36.95,1440439927169,"643,671",100% bullish,of 1 rating,N/A
IPCI,$2.06,1440439927267,"89,996",67% bullish,of 6 ratings,$7.75
ICPT,$190.98,1440439927361,"208,524",70% bullish,of 10 ratings,$359.50
ININ,$36.36,1440439927456,"30,292",67% bearish,of 3 ratings,$57
IDCC,$46.598,1440439927533,"193,146",80% bullish,of 5 ratings,$63
ICLD,$1.7901,1440439927561,"226,925",75% bullish,of 4 ratings,N/A
TILE,$24.2,1440439927639,"219,217",67% bearish,of 3 ratings,$27
IBOC,$25.17,1440439927804,"58,149",100% bearish,of 1 rating,N/A
IMI,$2.021,1440439927880,"14,104",67% bullish,of 3 ratings,$2.22
ICLDW,NULL,1440439927916,0,100% bearish,of 1 rating,N/A
INAP,$7.92,1440439927943,"59,895",75% bullish,of 4 ratings,$11
IGLD,$6.0099,1440439928010,"4,425",50% bullish,of 2 ratings,N/A
ISCA,$31.075,1440439928036,"28,228",100% bearish,of 1 rating,N/A
IIJI,$8.99,1440439928105,100,50% bullish,of 2 ratings,$11.50
PTNT,$2.98,1440439928167,"1,800",Not yet rated,NULL,N/A
XENT,$26.23,1440439928432,"142,185",50% bullish,of 2 ratings,$36.50
INPH,$0.2998,1440439928461,"30,915",50% bullish,of 2 ratings,N/A
ISIL,$10.39,1440439928483,"691,040",50% bullish,of 6 ratings,$15
INTX,$2.16,1440439928511,"12,060",67% bullish,of 3 ratings,N/A
IILG,$19.4991,1440439928699,"48,473",100% bearish,of 1 rating,$29
IVAC,$4.795,1440439928739,"8,786",100% bearish,of 1 rating,$6.625
INTL,$26.1,1440439928769,"63,749",67% bearish,of 3 ratings,N/A
INTLL,$25.26,1440439928905,"7,338",Not yet rated,NULL,N/A
ITCI,$26.33,1440439929007,"224,446",75% bearish,of 4 ratings,$40
INTU,$84.42,1440439929044,"2,057,301",86% bullish,of 7 ratings,$107.50
IIN,$6.29,1440439929171,"2,824",100% bearish,of 1 rating,$12
ISRG,$497.24,1440439929271,"123,545",67% bullish,of 3 ratings,$600
ISTR,$15.51,1440439929325,2,100% bearish,of 1 rating,$18.50
INVT,$0.2574,1440439929406,"171,001",67% bullish,of 3 ratings,N/A
SNAK,$8.53,1440439929431,"76,754",50% bullish,of 2 ratings,$14
ITIC,NULL,1440439929578,0,100% bearish,of 2 ratings,N/A
ISBC,$11.555,1440439929604,"1,900,405",100% bullish,of 1 rating,$13.25
IPAS,$1.01,1440439929654,"68,884",67% bullish,of 3 ratings,N/A
IVTY,$12.17,1440439929679,"10,005",Not yet rated,NULL,$18
NVIV,$9.65,1440439929897,"441,381",50% bullish,of 4 ratings,$24.50
DTUL,$66.22,1440439929939,200,Not yet rated,NULL,N/A
IPCM,$79.25,1440439930009,"112,657",50% bullish,of 2 ratings,$80.125
DFVL,$67.82,1440439930109,101,Not yet rated,NULL,N/A
IPGP,$83.44,1440439930196,"221,545",100% bearish,of 2 ratings,$109.50
IRIX,$6.91,1440439930258,"4,811",100% bearish,of 1 rating,N/A
IRDM,$6.75,1440439930338,"432,261",60% bullish,of 5 ratings,$11.50
IRMD,$25.28,1440439930363,"9,064",67% bearish,of 3 ratings,$25
IRBT,$29.3999,1440439930509,"165,206",67% bullish,of 6 ratings,$37
IRDMB,$267.406,1440439930536,200,67% bearish,of 3 ratings,N/A
IRWD,$10.795,1440439930575,"461,694",100% bearish,of 1 rating,$13
IRCP,$24.75,1440439930608,"13,435",100% bullish,of 2 ratings,N/A
FCHI,NULL,1440439930670,0,NULL,NULL,NULL
COMT,$31.4039,1440439930713,"10,678",100% bearish,of 1 rating,N/A
IFAS,NULL,1440439930918,0,NULL,NULL,NULL
IFNA,NULL,1440439930984,0,NULL,NULL,NULL
GNMA,$50.52,1440439931024,"4,255",Not yet rated,NULL,N/A
IFEU,$37.872,1440439931115,"10,555",Not yet rated,NULL,N/A
IFGL,$27.9468,1440439931203,"75,218",Not yet rated,NULL,N/A
ACWI,$54.17,1440439931244,"1,991,221",Not yet rated,NULL,N/A
ACWX,$39.4514,1440439931274,"793,089",100% bearish,of 1 rating,N/A
AAIT,NULL,1440439931336,0,NULL,NULL,NULL
AAXJ,$50.29,1440439931361,"1,489,675",Not yet rated,NULL,N/A
AXJS,NULL,1440439931388,0,NULL,NULL,NULL
EEME,NULL,1440439931551,0,NULL,NULL,NULL
EMEY,NULL,1440439931609,0,NULL,NULL,NULL
EMDI,NULL,1440439931652,0,NULL,NULL,NULL
EGRW,NULL,1440439931781,0,NULL,NULL,NULL
EEMA,$47.41,1440439931809,"20,803",Not yet rated,NULL,N/A
EEML,$26.15,1440439931911,236,Not yet rated,NULL,N/A
EVAL,NULL,1440439931990,0,NULL,NULL,NULL
EUFN,$21.41,1440439932187,"321,785",100% bearish,of 1 rating,N/A
IEUS,$45.15,1440439932249,"7,880",100% bearish,of 1 rating,N/A
UAE,$16.52,1440439932346,"19,228",Not yet rated,NULL,N/A
IBB,$330.52,1440439932413,"1,835,564",63% bullish,of 8 ratings,N/A
SOXX,$78.47,1440439932478,"571,949",50% bullish,of 2 ratings,N/A
EMIF,$27.152,1440439932500,"5,022",Not yet rated,NULL,N/A
QAT,$19.96,1440439932525,35,Not yet rated,NULL,N/A
ICLN,$9.1001,1440439932558,"102,168",50% bullish,of 2 ratings,N/A
WOOD,$47.8299,1440439932726,"72,368",50% bullish,of 2 ratings,N/A
INDY,$26.305,1440439932799,"677,876",50% bullish,of 2 ratings,N/A
IGOV,$93.49,1440439932970,"20,565",100% bearish,of 1 rating,N/A
ISIS,$44.84,1440439932995,"1,050,458",53% bullish,of 15 ratings,$67
ISHG,$81.3901,1440439933075,"16,559",100% bearish,of 1 rating,N/A
ISLE,$16.295,1440439933213,"225,108",50% bullish,of 4 ratings,$16
ISRL,$125.52,1440439933252,100,100% bearish,of 1 rating,N/A
ITRI,$31.07,1440439933312,"212,322",Not yet rated,NULL,$37
ITUS,$4,1440439933381,"2,009",Not yet rated,NULL,N/A
XXIA,$14.95,1440439933407,"166,577",71% bullish,of 7 ratings,$14.625
ITRN,$23.8,1440439933447,"11,496",50% bullish,of 2 ratings,N/A
IXYS,$10.21,1440439933480,"122,981",50% bullish,of 4 ratings,N/A
JBHT,$75.3,1440439933706,"516,230",50% bullish,of 4 ratings,$89.50
MAYS,$59.1,1440439933782,200,Not yet rated,NULL,N/A
JCOM,$67.8,1440439933809,"93,698",100% bullish,of 2 ratings,$77
JJSF,$110.851,1440439933940,"44,942",100% bearish,of 1 rating,N/A
JASO,$6.985,1440439933999,"887,482",82% bullish,of 17 ratings,$10
JKHY,$66.67,1440439934151,"202,890",50% bullish,of 2 ratings,$72
JACK,$79.51,1440439934177,"543,841",83% bullish,of 6 ratings,$105
JXSB,$23.75,1440439934221,"3,392",Not yet rated,NULL,N/A
JAXB,NULL,1440439934309,0,100% bullish,of 1 rating,N/A
JAGX,$2.65,1440439934380,810,Not yet rated,NULL,N/A
JRVR,$26.29,1440439934482,"28,194",Not yet rated,NULL,$32
JAKK,$9.43,1440439934516,"453,440",60% bearish,of 5 ratings,$11
JMBA,$13.01,1440439934615,"85,536",75% bullish,of 4 ratings,$18
ERW,NULL,1440439934744,0,Not yet rated,NULL,N/A
JASNW,NULL,1440439934787,0,50% bullish,of 2 ratings,N/A
JASN,$4.75,1440439934812,"17,149",50% bullish,of 2 ratings,$9.50
JAZZ,$165.5323,1440439934884,"296,483",80% bullish,of 15 ratings,$206.50
JD,$24.42,1440439935094,"8,375,992",75% bullish,of 16 ratings,$36
JCTCF,$9.514,1440439935150,100,100% bullish,of 1 rating,N/A
JTPY,$3.02,1440439935224,"2,421",100% bearish,of 1 rating,N/A
JST,$3.74,1440439935252,"27,993",75% bullish,of 4 ratings,N/A
JBLU,$21.21,1440439935277,"6,331,734",94% bullish,of 18 ratings,$27
DATE,$5.71,1440439935325,"147,349",75% bullish,of 4 ratings,$9
WYIGU,$10.05,1440439935457,"4,259",Not yet rated,NULL,N/A
JOEZ,$0.1716,1440439935510,"225,797",92% bullish,of 12 ratings,N/A
