Symbol,Price,Date,Volume,Rating,RatingVoteCount,OneYearEstimate
PIH,$7.2,1440270602280,"15,400",100% bearish,of 1 rating,N/A
FCCY,$11.6,1440270602308,354,100% bullish,of 1 rating,$13
FLWS,$9.36,1440270602331,"220,692",100% bullish,of 5 ratings,$15
TFSCR,NULL,1440270602363,0,Not yet rated,NULL,N/A
TFSC,NULL,1440270602385,0,100% bearish,of 1 rating,N/A
TFSCU,NULL,1440270602406,0,Not yet rated,NULL,N/A
TFSCW,NULL,1440270602427,0,100% bearish,of 1 rating,N/A
FCTY,$7.63,1440270602462,300,100% bullish,of 1 rating,$8.50
DGLD,$76.08,1440270602602,"21,135",100% bullish,of 1 rating,N/A
SRCE,$30.03,1440270602642,"55,334",100% bullish,of 3 ratings,$33
DSLV,$61.29,1440270602677,"22,007",100% bearish,of 1 rating,N/A
VNET,$19.27,1440270602736,"733,790",60% bullish,of 5 ratings,$29.50
USLV,$14.59,1440270602770,"218,982",86% bullish,of 7 ratings,N/A
UGLD,$9.99,1440270602795,"253,649",100% bearish,of 1 rating,N/A
JOBS,$25.35,1440270602867,"172,084",50% bullish,of 4 ratings,$36
TWOU,$34.02,1440270602929,"673,961",50% bullish,of 2 ratings,$39
AVHI,$13.95,1440270603342,"37,920",100% bearish,of 1 rating,$19
SHLM,$34.05,1440270603368,"123,800",100% bearish,of 1 rating,$50
AAON,$21.67,1440270603403,"166,594",100% bearish,of 1 rating,$24
CAFD,$15.52,1440270603500,"330,925",Not yet rated,NULL,$25
SIXD,$1.47,1440270603527,"250,988",Not yet rated,NULL,N/A
ABAX,$47.54,1440270603560,"139,615",100% bearish,of 1 rating,$60
EGHT,$8.215,1440270603581,"436,691",82% bullish,of 17 ratings,$11
ABGB,$4.09,1440270603667,"34,916",67% bullish,of 3 ratings,$5.50
AXAS,$1.56,1440270603727,"860,487",78% bullish,of 9 ratings,$3.50
ABEO,$4.83,1440270603758,"140,862",67% bullish,of 3 ratings,$15.50
ABMD,$97.08,1440270603861,"831,796",75% bullish,of 4 ratings,$100.50
ABEOW,$1.76,1440270603886,"2,525",100% bullish,of 1 rating,N/A
ABY,$20,1440270603911,"1,100,886",100% bearish,of 2 ratings,$46
ACTG,$8.87,1440270603936,"323,174",67% bullish,of 3 ratings,$18.50
ACAD,$38.13,1440270604133,"928,540",80% bullish,of 20 ratings,$48
ACHC,$73.6762,1440270604164,"815,815",50% bullish,of 2 ratings,$92
ACST,$0.361,1440270604227,"71,223",100% bullish,of 2 ratings,N/A
XLRN,$28.36,1440270604271,"111,031",50% bullish,of 2 ratings,$57
AXDX,$17.93,1440270604302,"220,988",100% bearish,of 1 rating,N/A
ARAY,$6.53,1440270604330,"3,387,732",100% bearish,of 1 rating,$10.50
VXUP,$27,1440270604369,"49,956",Not yet rated,NULL,N/A
ANCX,$18.76,1440270604398,"31,836",Not yet rated,NULL,$19
VXDN,$5.5,1440270604566,"50,671",100% bearish,of 1 rating,N/A
ACRX,$4.05,1440270604655,"360,315",67% bearish,of 6 ratings,$5.50
AKAO,$6.9457,1440270604707,"55,800",75% bullish,of 4 ratings,$15
ACNB,$20.33,1440270604754,"1,376",Not yet rated,NULL,N/A
ACHN,$7.75,1440270604780,"1,754,841",90% bullish,of 21 ratings,$16
ACET,$24.41,1440270604811,"127,207",75% bullish,of 4 ratings,$30
ACOR,$29.75,1440270604911,"642,828",67% bearish,of 3 ratings,$38.50
ACIW,$21.89,1440270604962,"571,274",50% bullish,of 2 ratings,$24
ACPW,$1.856,1440270604998,"65,399",100% bullish,of 4 ratings,$3.50
ACTS,$1.3,1440270605095,"51,585",100% bearish,of 1 rating,N/A
ATVI,$27.2167,1440270605126,"5,132,751",68% bullish,of 84 ratings,$31.50
ACTA,$13.89,1440270605153,"113,227",67% bearish,of 3 ratings,$25
ACUR,$0.6182,1440270605228,"65,134",100% bullish,of 5 ratings,$1
ACXM,$20.1276,1440270605287,"350,940",67% bullish,of 3 ratings,N/A
ADMS,$20.07,1440270605317,"78,833",100% bearish,of 2 ratings,$36
ADMP,$3.65,1440270605418,"21,417",50% bullish,of 2 ratings,$10
ADAP,$12.53,1440270605448,"216,853",67% bullish,of 3 ratings,$22
ADUS,$29.83,1440270605551,"59,827",100% bearish,of 1 rating,$31
ADEP,$6.75,1440270605581,"33,889",50% bullish,of 2 ratings,$10.75
AEY,$2.29,1440270605632,"39,023",100% bearish,of 2 ratings,N/A
ADBE,$78.87,1440270605685,"4,323,734",65% bullish,of 17 ratings,$90
ADMA,$9.3,1440270605718,"3,500",Not yet rated,NULL,$19
ADTN,$15.59,1440270605766,"349,681",67% bullish,of 3 ratings,$17.125
ADRO,$19.44,1440270605816,"252,323",80% bullish,of 5 ratings,$45.50
AEIS,$25.055,1440270605900,"198,884",50% bullish,of 2 ratings,$32.50
AMD,$1.76,1440270605933,"7,935,981",83% bullish,of 103 ratings,$2
ADXS,$14.5,1440270606035,"919,015",64% bullish,of 14 ratings,$27
MULT,NULL,1440270606065,0,100% bearish,of 1 rating,N/A
ADXSW,$10.15,1440270606097,"5,206",100% bullish,of 1 rating,N/A
YPRO,$23.29,1440270606169,"4,120",100% bearish,of 1 rating,N/A
AEGR,$18.26,1440270606197,"394,681",50% bullish,of 6 ratings,$26
AEGN,$18.24,1440270606331,"212,917",100% bearish,of 1 rating,$21
AEHR,$2.24,1440270606387,"7,972",50% bullish,of 2 ratings,N/A
AEPI,$57.13,1440270606484,"21,960",100% bearish,of 1 rating,N/A
AEZS,$0.1005,1440270606516,"5,371,374",90% bullish,of 21 ratings,$1.50
AMTX,$3.09,1440270606541,"17,253",50% bullish,of 2 ratings,$26.11
AVAV,$24.38,1440270606583,"143,405",50% bullish,of 4 ratings,$31
AFMD,$9.78,1440270606719,"174,087",50% bullish,of 4 ratings,$15
AEMD,$7.22,1440270606793,"187,619",Not yet rated,NULL,$27.50
AERI,$15.92,1440270606823,"361,223",75% bullish,of 4 ratings,$31.50
AFFX,$9.4,1440270606868,"587,032",80% bullish,of 5 ratings,$12
AGEN,$7.04,1440270606955,"940,432",85% bullish,of 13 ratings,$14
AGYS,$9.63,1440270606997,"33,010",100% bearish,of 1 rating,N/A
AGIO,$85.65,1440270607029,"509,530",88% bullish,of 8 ratings,$114
AGRX,$8.17,1440270607051,"49,951",100% bearish,of 1 rating,$17.50
AGFS,$9.8121,1440270607134,"73,206",100% bearish,of 1 rating,N/A
AGFSW,$1.79,1440270607186,"28,997",100% bearish,of 2 ratings,N/A
AIRM,$36.55,1440270607274,"309,312",80% bearish,of 5 ratings,$53
AIRT,$22.94,1440270607314,51,100% bullish,of 1 rating,N/A
AIMT,$21.1,1440270607345,"120,787",Not yet rated,NULL,N/A
AMCN,$4.9,1440270607448,"424,894",83% bullish,of 6 ratings,N/A
ATSG,$9.1,1440270607480,"264,911",67% bullish,of 3 ratings,$13
AIXG,$5.98,1440270607579,"34,571",67% bearish,of 3 ratings,$5.25
AKRX,$40.2552,1440270607658,"930,040",78% bullish,of 9 ratings,$56
AKBA,$6.65,1440270607685,"184,781",100% bearish,of 1 rating,$18
AKER,$2.62,1440270607714,"93,096",Not yet rated,NULL,N/A
AKAM,$68.463,1440270607746,"1,585,448",63% bullish,of 8 ratings,$77
ALRM,$16.46,1440270607920,"358,434",100% bearish,of 1 rating,$22
ABDC,$12.7,1440270607968,"21,785",Not yet rated,NULL,$15
ALSK,$2.11,1440270607994,"112,029",78% bullish,of 18 ratings,$2
ADHD,$8.31,1440270608020,"220,062",50% bullish,of 4 ratings,$18
AMRI,$19.73,1440270608047,"245,268",75% bearish,of 4 ratings,$24
ALDX,$7.62,1440270608157,"6,759",100% bearish,of 1 rating,$14.50
ALXN,$173.81,1440270608345,"1,548,456",88% bullish,of 8 ratings,$223
ALDR,$36.64,1440270608373,"474,720",67% bearish,of 3 ratings,$62
ALIM,$3.15,1440270608400,"169,442",80% bullish,of 5 ratings,$10
ALGN,$56.4432,1440270608421,"422,327",100% bearish,of 2 ratings,$73
ALCO,$42.36,1440270608451,"24,127",50% bullish,of 2 ratings,N/A
ALXA,$1.07,1440270608472,"26,737",83% bullish,of 6 ratings,$2.125
ALGT,$216.09,1440270608647,"164,611",100% bearish,of 1 rating,$235
AIQ,$14.7,1440270608856,"29,906",67% bullish,of 3 ratings,N/A
ARLP,$24.94,1440270608887,"151,729",67% bearish,of 3 ratings,$32
ALKS,$60.35,1440270608908,"705,866",67% bullish,of 3 ratings,$75
ALLB,$23.48,1440270608929,"1,820",Not yet rated,NULL,N/A
AHPI,$1.46,1440270608971,435,50% bullish,of 2 ratings,N/A
AHGP,$36.6344,1440270609062,"31,919",67% bullish,of 3 ratings,N/A
AFOP,$17.51,1440270609092,"139,898",75% bullish,of 8 ratings,$21
ALQA,$4.43,1440270609192,"36,237",75% bullish,of 4 ratings,$8.50
ALLT,$5.04,1440270609242,"71,089",75% bullish,of 4 ratings,$6.25
AMOT,$17.09,1440270609273,"80,719",100% bearish,of 1 rating,N/A
AFAM,$46.84,1440270609299,"72,495",50% bullish,of 2 ratings,$44
MDRX,$13.52,1440270609378,"1,235,763",60% bullish,of 5 ratings,$16
ALNY,$100.3178,1440270609460,"414,351",67% bullish,of 3 ratings,$148.50
SMCP,$22.56,1440270609510,"1,500",Not yet rated,NULL,N/A
AOSL,$7.21,1440270609539,"45,497",67% bullish,of 3 ratings,$9
ATEC,$0.5768,1440270609567,"46,618",100% bullish,of 1 rating,$2
ASPS,$29.2565,1440270609645,"228,767",67% bullish,of 3 ratings,$46.50
AIMC,$25.28,1440270609710,"92,117",100% bearish,of 1 rating,$28.50
AMAG,$59.95,1440270609775,"476,323",100% bullish,of 2 ratings,$77.50
ALTR,$48.17,1440270609943,"2,956,121",80% bearish,of 5 ratings,$54
AYA,$21.62,1440270610001,"63,923",100% bearish,of 1 rating,$40
AMRN,$2.03,1440270610028,"741,425",85% bullish,of 39 ratings,$8
AMRK,$10.57,1440270610056,"4,627",50% bullish,of 2 ratings,$14
AMBC,$15.6,1440270610085,"245,406",100% bearish,of 1 rating,$16.50
AMBCW,$7.0532,1440270610110,"1,178",100% bearish,of 1 rating,N/A
AMBA,$89,1440270610160,"5,366,218",83% bullish,of 12 ratings,$102.50
AMZN,$495.5,1440270610317,"3,790,755",81% bullish,of 263 ratings,$646
AMCX,$67.7119,1440270610348,"687,069",67% bullish,of 3 ratings,$85.50
AMED,$40.5,1440270610446,"290,278",100% bearish,of 1 rating,$42
EPAX,$2.69,1440270610476,"74,357",100% bearish,of 1 rating,N/A
AMDA,$0.463,1440270610506,"1,233,767",90% bullish,of 10 ratings,$1
DOX,$59,1440270610533,"282,272",50% bullish,of 2 ratings,$60
UHAL,$363.52,1440270610608,"15,187",100% bullish,of 2 ratings,$393.50
ATAX,$5.23,1440270610704,"155,087",100% bullish,of 1 rating,$6.50
ASBI,$22.55,1440270610733,154,Not yet rated,NULL,N/A
AMOV,$17.65,1440270610807,"5,863",100% bearish,of 1 rating,N/A
AGNC,$19.553,1440270610891,"3,952,543",75% bullish,of 28 ratings,$22
AAL,$39.75,1440270610919,"11,179,538",93% bullish,of 88 ratings,$57
AGNCB,$24.23,1440270610949,"21,668",Not yet rated,NULL,N/A
AGNCP,$25.34,1440270611049,"7,150",Not yet rated,NULL,N/A
MTGEP,$24.12,1440270611119,"1,127",Not yet rated,NULL,N/A
MTGE,$15.7,1440270611190,"402,399",75% bullish,of 4 ratings,$19.50
ANCI,$1.59,1440270611251,"10,070",100% bearish,of 1 rating,N/A
ACSF,$12.225,1440270611279,"33,060",100% bearish,of 1 rating,$15
ACAS,$13.74,1440270611306,"1,556,266",60% bullish,of 5 ratings,$16.75
AMNB,$22.8,1440270611417,"22,976",Not yet rated,NULL,$25.50
AMIC,$10.21,1440270611447,8,Not yet rated,NULL,N/A
AETI,$4.28,1440270611594,2,67% bearish,of 3 ratings,N/A
ARII,$38.75,1440270611632,"183,877",67% bearish,of 3 ratings,$45
AMRB,$10,1440270611660,"2,054",Not yet rated,NULL,$11
APEI,$21.26,1440270611690,"155,037",100% bearish,of 1 rating,$25.50
ANAT,$100,1440270611711,"19,158",100% bullish,of 1 rating,N/A
ASEI,$39.68,1440270611841,"53,467",100% bearish,of 1 rating,$52.50
AMWD,$67.8,1440270611974,"272,213",50% bullish,of 2 ratings,$58
AMSC,$3.48,1440270612036,"36,442",50% bullish,of 4 ratings,N/A
ABCB,$27.64,1440270612129,"189,477",Not yet rated,NULL,$31
CRMT,$37.91,1440270612166,"120,497",100% bearish,of 1 rating,$49
AMSF,$49.68,1440270612196,"122,373",Not yet rated,NULL,$57.50
AMSWA,$9.06,1440270612231,"86,700",100% bearish,of 2 ratings,$10.75
ASRVP,NULL,1440270612296,0,Not yet rated,NULL,N/A
ASRV,$3.27,1440270612327,840,100% bullish,of 2 ratings,N/A
ATLO,$23.31,1440270612354,"15,885",Not yet rated,NULL,N/A
AMGN,$155.9,1440270612380,"4,702,712",89% bullish,of 19 ratings,$185
AMKR,$4.39,1440270612522,"1,544,185",100% bearish,of 2 ratings,$5
FOLD,$14.05,1440270612550,"2,614,067",56% bullish,of 9 ratings,$21
AMSGP,NULL,1440270612692,0,Not yet rated,NULL,N/A
AMPH,$13.79,1440270612718,"166,636",50% bullish,of 2 ratings,$20
AMSG,$81.5,1440270612745,"320,262",100% bearish,of 1 rating,$85.50
AFSI,$58.44,1440270612880,"1,008,977",60% bullish,of 5 ratings,$72
ASYS,$5.18,1440270612911,"35,518",67% bullish,of 3 ratings,$12
ANAC,$129.49,1440270612952,"607,726",80% bullish,of 5 ratings,$180.50
AMRS,$1.63,1440270613008,"53,848",70% bullish,of 10 ratings,N/A
ALOG,$83.13,1440270613037,"75,588",100% bearish,of 2 ratings,$100.50
ANAD,$0.333,1440270613117,"132,364",100% bullish,of 2 ratings,$.50
ADI,$53.78,1440270613188,"3,922,593",67% bullish,of 3 ratings,$69
ABCW,$39.96,1440270613225,"10,347",67% bullish,of 3 ratings,N/A
ANCB,$22.3001,1440270613319,500,Not yet rated,NULL,$23
AMCF,$0.26,1440270613346,"9,494",100% bullish,of 7 ratings,N/A
ANGI,$4.64,1440270613372,"919,270",64% bullish,of 11 ratings,$5.50
ANGO,$14.71,1440270613400,"99,313",67% bullish,of 3 ratings,$19
ANIP,$49.38,1440270613532,"250,484",89% bullish,of 19 ratings,$66
ANIK,$34.88,1440270613580,"106,488",60% bullish,of 5 ratings,$51.25
ATRS,$1.81,1440270613664,"537,668",92% bullish,of 12 ratings,$4.50
ANSS,$90.92,1440270613692,"391,059",100% bearish,of 1 rating,$100
ABAC,$0.73,1440270613725,"36,221",100% bearish,of 1 rating,N/A
ATNY,$2.37,1440270613822,"2,775",50% bullish,of 2 ratings,$3.75
ANTH,$7.04,1440270613851,"1,783,771",80% bullish,of 10 ratings,$13
APOG,$51.6,1440270613951,"212,697",100% bullish,of 1 rating,$67
APIC,$6.49,1440270614020,"180,683",100% bearish,of 1 rating,$19
APOL,$10.9787,1440270614049,"992,661",87% bearish,of 68 ratings,$14
APPF,$16.84,1440270614079,"52,701",50% bullish,of 2 ratings,$22
AINV,$6.4767,1440270614100,"1,117,263",50% bullish,of 4 ratings,$8
AAPL,$105.9,1440270614183,"82,174,464",86% bullish,of 2338 ratings,$150
APDNW,$1.15,1440270614315,"2,800",Not yet rated,NULL,N/A
APDN,$3.22,1440270614345,"61,834",Not yet rated,NULL,$9
ARCI,$1.33,1440270614375,"3,906",Not yet rated,NULL,N/A
AGTC,$15.74,1440270614409,"119,853",50% bullish,of 2 ratings,$33
AMAT,$15.497,1440270614476,"12,956,491",82% bullish,of 11 ratings,$23
AAOI,$19.89,1440270614508,"285,163",50% bullish,of 4 ratings,$26
AMCC,$5.35,1440270614538,"963,117",80% bullish,of 5 ratings,$8
AREX,$2.03,1440270614637,"890,815",100% bearish,of 1 rating,$3
APTO,$5.09,1440270614766,"8,208",Not yet rated,NULL,$17
AQMS,$5,1440270614804,"19,025",Not yet rated,NULL,N/A
AQXP,$18.2999,1440270614851,"469,595",50% bullish,of 2 ratings,$2
APRI,$1.33,1440270614930,"155,441",83% bullish,of 6 ratings,$4.86
AUMAU,$9.94,1440270614959,"1,200",Not yet rated,NULL,N/A
ARDM,$7.03,1440270615026,"4,358",100% bullish,of 1 rating,$26
AUMAW,NULL,1440270615056,0,Not yet rated,NULL,N/A
AUMA,NULL,1440270615119,0,Not yet rated,NULL,N/A
PETX,$17.4,1440270615193,"307,971",100% bearish,of 2 ratings,$26
ARCW,$3.48,1440270615247,"25,137",100% bearish,of 2 ratings,$10.50
ABUS,$7.21,1440270615268,"502,243",86% bullish,of 14 ratings,$23
ABIO,$0.9,1440270615306,"131,271",50% bullish,of 2 ratings,$3.75
RKDA,$5.76,1440270615401,"19,343",100% bearish,of 2 ratings,$10
ARCB,$29.47,1440270615436,"211,071",50% bullish,of 2 ratings,$39.50
ACGL,$70.5015,1440270615535,"414,489",50% bullish,of 2 ratings,$72
ACAT,$26.89,1440270615564,"260,125",100% bearish,of 3 ratings,$33
ARDX,$17.41,1440270615608,"91,948",50% bullish,of 2 ratings,$24.50
AGII,$57.69,1440270615763,"141,575",Not yet rated,NULL,$59.50
ARNA,$2.97,1440270615789,"4,127,037",90% bullish,of 77 ratings,$5.50
AGIIL,$25.45,1440270615833,"5,893",Not yet rated,NULL,N/A
ARGS,$6.17,1440270615920,"116,903",50% bullish,of 2 ratings,$19.50
ARIA,$6.7,1440270615978,"3,153,702",87% bullish,of 46 ratings,$9
ARIS,$3.3,1440270616020,"8,290",Not yet rated,NULL,$4.50
ARTX,$1.48,1440270616108,"105,854",88% bullish,of 16 ratings,$4.50
ARCC,$15.47,1440270616142,"1,615,433",67% bearish,of 3 ratings,$17.875
ARKR,$25.36,1440270616170,552,50% bullish,of 2 ratings,N/A
ARWA,NULL,1440270616238,0,Not yet rated,NULL,N/A
ARMH,$40.1,1440270616315,"1,339,073",54% bearish,of 13 ratings,$61
ARWAR,NULL,1440270616340,0,Not yet rated,NULL,N/A
ARWAU,NULL,1440270616468,0,100% bullish,of 1 rating,N/A
ARWAW,NULL,1440270616523,0,Not yet rated,NULL,N/A
ARRY,$5.45,1440270616567,"1,219,732",100% bullish,of 7 ratings,$10
ARRS,$26.44,1440270616602,"1,060,211",50% bullish,of 2 ratings,$38
ARQL,$1.67,1440270616702,"200,267",75% bullish,of 4 ratings,$5
DWAT,$9.92,1440270616723,"46,463",100% bearish,of 1 rating,N/A
ARWR,$5.57,1440270616756,"814,360",75% bullish,of 4 ratings,$10.50
AROW,$27.24,1440270616786,"41,580",Not yet rated,NULL,N/A
ARTW,$4.45,1440270616895,"3,048",75% bearish,of 4 ratings,N/A
ARTNA,$22.48,1440270616929,"42,576",100% bearish,of 1 rating,$29
ASBB,$25.05,1440270617026,372,Not yet rated,NULL,N/A
ASND,$18.23,1440270617047,"38,275",100% bullish,of 1 rating,$30
ASNA,$11.2187,1440270617133,"8,984,030",50% bullish,of 2 ratings,$18
ASCMA,$28.6,1440270617202,"180,787",100% bearish,of 1 rating,$45
ASTI,$0.13,1440270617238,"1,817,223",83% bullish,of 6 ratings,$3
APWC,$1.9,1440270617260,406,100% bearish,of 1 rating,N/A
ASMI,NULL,1440270617331,0,NULL,NULL,NULL
ASML,$85.91,1440270617392,"1,134,628",67% bullish,of 3 ratings,$127
ASMB,$12.44,1440270617418,"80,806",67% bullish,of 3 ratings,N/A
AZPN,$38.4,1440270617564,"991,920",50% bullish,of 2 ratings,$42
ASFI,$8.95,1440270617637,"3,732",100% bullish,of 1 rating,N/A
ALOT,$13.51,1440270617699,"1,011",100% bearish,of 1 rating,N/A
ATRO,$52.77,1440270617721,"98,668",100% bearish,of 2 ratings,$80
ASTE,$36.28,1440270617766,"88,638",100% bearish,of 1 rating,$48
ASTC,$2.2,1440270617797,"39,970",100% bullish,of 5 ratings,N/A
ASUR,$5.76,1440270617848,"10,939",100% bearish,of 1 rating,$8
ATRA,$42.01,1440270617901,"183,569",50% bullish,of 2 ratings,$68
ATHX,$1.17,1440270618094,"238,940",89% bullish,of 9 ratings,$5
ATAI,$2.78,1440270618129,"31,993",100% bearish,of 1 rating,N/A
AAPC,$10.21,1440270618159,394,Not yet rated,NULL,N/A
ATHN,$135.79,1440270618194,"193,647",67% bearish,of 3 ratings,$153
AFCB,$28.01,1440270618226,249,Not yet rated,NULL,N/A
AAME,$3.58,1440270618257,"1,190",Not yet rated,NULL,N/A
ATNI,$73.68,1440270618322,"66,107",100% bearish,of 1 rating,$69.50
ACFC,$6.11,1440270618354,"95,163",Not yet rated,NULL,$6.50
AAWW,$41.78,1440270618612,"365,924",50% bullish,of 2 ratings,$65
ATML,$6.95,1440270618638,"2,918,067",78% bullish,of 9 ratings,$9.50
ATOS,$0.85,1440270618668,"182,378",100% bullish,of 7 ratings,$7
AFH,$16.545,1440270618689,"75,284",Not yet rated,NULL,$21.50
ATLC,$3.9,1440270618819,"17,113",67% bullish,of 3 ratings,N/A
ATRI,$389.5,1440270618848,"4,458",Not yet rated,NULL,N/A
ATRM,$2.89,1440270618869,"1,200",50% bullish,of 2 ratings,N/A
ATRC,$25.67,1440270618891,"198,665",100% bullish,of 1 rating,$30
ATTU,$13.55,1440270619027,"51,302",100% bearish,of 1 rating,$20.50
AUBN,$27.68,1440270619057,948,Not yet rated,NULL,N/A
AUPH,$3.19,1440270619162,"14,987",100% bearish,of 1 rating,$8
LIFE,$14.04,1440270619192,"32,217",86% bullish,of 7 ratings,$43
AUDC,$3.18,1440270619219,"55,482",80% bullish,of 5 ratings,$5
EARS,$4.845,1440270619245,"14,045",100% bearish,of 2 ratings,$11.50
ADAT,$0.12,1440270619378,"123,764",100% bullish,of 2 ratings,N/A
AVGO,$112.787,1440270619510,"3,328,073",88% bullish,of 8 ratings,$160
AAVL,$10.62,1440270619548,"258,588",100% bearish,of 1 rating,$20
ABTL,$18.05,1440270619577,"70,992",100% bullish,of 4 ratings,$20.25
ADP,$79.23,1440270619639,"2,485,062",100% bearish,of 1 rating,$88
ADSK,$51.76,1440270619670,"2,339,645",83% bullish,of 6 ratings,$69.50
AVEO,$1.38,1440270619691,"1,367,791",75% bullish,of 8 ratings,$3
AVNU,$12.7,1440270619731,506,Not yet rated,NULL,$14
AVNW,$1.24,1440270619829,"161,594",50% bullish,of 2 ratings,$2.20
AVID,$8.01,1440270619859,"539,251",100% bearish,of 1 rating,$20
AVGR,$14.23,1440270620001,"21,077",100% bearish,of 1 rating,$20
AWRE,$3.14,1440270620029,"21,064",67% bullish,of 3 ratings,N/A
CAR,$42.2749,1440270620059,"1,835,525",80% bullish,of 5 ratings,$60
AXPW,$1.1,1440270620165,"56,422",83% bullish,of 6 ratings,N/A
ACLS,$3.29,1440270620193,"557,776",67% bullish,of 6 ratings,$4.75
AXPWW,NULL,1440270620229,0,Not yet rated,NULL,N/A
AXGN,$3.94,1440270620360,"27,034",Not yet rated,NULL,$5
BCOM,NULL,1440270620393,0,100% bearish,of 1 rating,N/A
RILY,$10,1440270620414,600,Not yet rated,NULL,N/A
AXTI,$2.15,1440270620448,"35,695",50% bullish,of 2 ratings,$2.75
BOSC,$2.37,1440270620490,"1,297",50% bullish,of 2 ratings,N/A
BIDU,$152.9,1440270620588,"3,843,564",81% bullish,of 88 ratings,$210
BEAV,$48.57,1440270620641,"742,264",67% bearish,of 3 ratings,$59
BWINA,NULL,1440270620744,0,Not yet rated,NULL,N/A
BCPC,$57.76,1440270620781,"128,021",100% bearish,of 1 rating,$75
BWINB,$23.01,1440270620878,"25,265",Not yet rated,NULL,N/A
BLDP,$1.24,1440270620912,"470,551",91% bullish,of 22 ratings,$2.50
BANFP,NULL,1440270621015,0,Not yet rated,NULL,N/A
BANF,$60.97,1440270621037,"18,077",Not yet rated,NULL,$68
BOCH,$5.76,1440270621099,"16,932",Not yet rated,NULL,$6.50
BMRC,$48.75,1440270621126,"17,961",Not yet rated,NULL,$52
BKMU,$7.19,1440270621168,"511,937",Not yet rated,NULL,$8
BKSC,$15.6,1440270621198,705,Not yet rated,NULL,N/A
OZRK,$40.71,1440270621364,"553,107",67% bullish,of 3 ratings,$49.50
BOTJ,$11.15,1440270621396,"3,090",Not yet rated,NULL,N/A
BFIN,$12.01,1440270621443,"29,911",Not yet rated,NULL,$13
BWFG,$18.03,1440270621468,"3,688",100% bearish,of 1 rating,N/A
BANR,$45.64,1440270621494,"84,960",100% bullish,of 3 ratings,$50
BZUN,$5.65,1440270621533,"399,133",50% bullish,of 2 ratings,$12.60
BHAC,NULL,1440270621671,0,Not yet rated,NULL,N/A
TAPR,$29.38,1440270621697,"4,550",100% bearish,of 1 rating,N/A
BHACR,$0.25,1440270621750,700,Not yet rated,NULL,N/A
BHACW,NULL,1440270621829,0,Not yet rated,NULL,N/A
BHACU,NULL,1440270621858,0,Not yet rated,NULL,N/A
BBSI,$34.87,1440270621879,"71,494",67% bearish,of 3 ratings,$62.50
BSET,$29.1,1440270621908,"49,205",100% bearish,of 1 rating,$35
BYBK,$5.02,1440270622056,"1,546",100% bearish,of 1 rating,N/A
BV,$5.08,1440270622099,"375,082",67% bullish,of 6 ratings,$9
BYLK,$12.95,1440270622125,"4,701",Not yet rated,NULL,$14
BCBP,$11.73,1440270622256,"8,625",Not yet rated,NULL,N/A
BECN,$35.48,1440270622287,"294,756",50% bullish,of 2 ratings,$40
BBCN,$14.81,1440270622309,"308,877",100% bearish,of 1 rating,$16
BDCV,$4.84,1440270622330,"9,821",100% bearish,of 1 rating,$10.19
BBGI,$4.68,1440270622460,2,100% bearish,of 1 rating,N/A
BSF,$8.62,1440270622490,"18,869",Not yet rated,NULL,N/A
BELFA,$15.5,1440270622628,100,100% bearish,of 1 rating,N/A
BLPH,$5.01,1440270622706,"26,371",100% bearish,of 1 rating,$12.50
BBBY,$61.8626,1440270622732,"2,676,226",71% bullish,of 7 ratings,$75
BEBE,$1.81,1440270622765,"150,846",75% bullish,of 4 ratings,$3.075
BELFB,$17.92,1440270622795,"70,318",100% bearish,of 1 rating,N/A
BLCM,$17.46,1440270622870,"701,289",50% bullish,of 4 ratings,$40
BNCL,$12.64,1440270622893,"393,855",100% bullish,of 3 ratings,$12.50
BNFT,$36.3,1440270623132,"94,715",67% bullish,of 3 ratings,$46
BGFV,$10.86,1440270623191,"167,409",57% bullish,of 7 ratings,$12
BNTC,$8.6562,1440270623221,"29,198",100% bullish,of 1 rating,N/A
BGMD,$0.8536,1440270623251,"210,316",100% bullish,of 10 ratings,N/A
BGCP,$8.8,1440270623323,"2,203,135",88% bullish,of 8 ratings,$14
BIND,$4.56,1440270623353,"42,392",67% bullish,of 3 ratings,$13.50
ORPN,$5.34,1440270623459,"18,329",100% bullish,of 1 rating,$28.50
BCDA,NULL,1440270623491,0,Not yet rated,NULL,N/A
BCRX,$11.99,1440270623560,"637,416",63% bullish,of 8 ratings,$18
BIOD,$0.6899,1440270623585,"144,374",80% bullish,of 5 ratings,$4
BIOC,$2.08,1440270623619,"466,899",83% bullish,of 6 ratings,$3.85
BASI,$1.39,1440270623724,"12,876",Not yet rated,NULL,N/A
BIIB,$298,1440270623752,"2,250,449",88% bullish,of 16 ratings,$400
BDSI,$6.52,1440270623778,"1,009,736",88% bullish,of 8 ratings,$17
BIOL,$1.46,1440270623808,"36,518",Not yet rated,NULL,N/A
BLFS,$2.03,1440270623909,"86,446",100% bearish,of 1 rating,$4.75
BRLI,NULL,1440270624065,0,NULL,NULL,NULL
BVXVW,$0.77,1440270624105,"1,008",100% bearish,of 1 rating,N/A
BLRX,$1.42,1440270624165,"228,173",100% bullish,of 12 ratings,$5
BIOS,$1.84,1440270624191,"1,061,659",71% bullish,of 7 ratings,$4
BVXV,$3.86,1440270624216,"7,057",Not yet rated,NULL,N/A
BPTH,$1.13,1440270624242,"64,428",100% bullish,of 2 ratings,$5
BBC,$30.48,1440270624373,"62,013",Not yet rated,NULL,N/A
BMRN,$130,1440270624431,"823,308",80% bullish,of 5 ratings,$160
BBP,$32.07,1440270624509,"91,659",Not yet rated,NULL,N/A
BSPM,$0.72,1440270624543,"10,225",50% bullish,of 2 ratings,N/A
BSTC,$49.71,1440270624567,"66,008",100% bearish,of 1 rating,$76
BOTA,$2.2,1440270624644,"47,009",88% bullish,of 8 ratings,N/A
TECH,$101.4978,1440270624727,"129,987",100% bullish,of 1 rating,$117
BEAT,$13.69,1440270624779,"339,071",67% bearish,of 3 ratings,$15
BDMS,NULL,1440270624892,0,100% bearish,of 1 rating,N/A
BITI,$17.33,1440270624918,"31,694",100% bullish,of 1 rating,$28
BJRI,$44.71,1440270624969,"215,274",50% bullish,of 2 ratings,$55
BDE,$7.5,1440270624997,"220,690",50% bullish,of 2 ratings,$9
BBOX,$15.44,1440270625068,"68,675",100% bearish,of 1 rating,N/A
BLKB,$58.91,1440270625128,"225,935",100% bearish,of 2 ratings,$66
BBRY,$7.15,1440270625164,"5,450,296",61% bullish,of 330 ratings,$9
HAWK,$42,1440270625194,"525,334",91% bullish,of 11 ratings,$49
BKCC,$9.118,1440270625257,"334,015",100% bullish,of 2 ratings,$10
ADRA,$27.52,1440270625388,"1,065",Not yet rated,NULL,N/A
ADRD,$22.12,1440270625422,"8,231",100% bearish,of 1 rating,N/A
ADRU,$21.85,1440270625490,"2,468",100% bearish,of 1 rating,N/A
BLMN,$20.36,1440270625593,"1,559,840",83% bullish,of 6 ratings,$27.50
BCOR,$13.4,1440270625622,"257,015",57% bullish,of 7 ratings,$15
ADRE,$29.55,1440270625651,"44,928",Not yet rated,NULL,N/A
BLBD,$11.53,1440270625698,"7,869",Not yet rated,NULL,N/A
BUFF,$26.91,1440270625754,"472,572",83% bullish,of 12 ratings,$31.50
BBLU,$0.89,1440270625834,"120,329",100% bullish,of 2 ratings,$4.43
BHBK,$14.06,1440270625900,"103,355",100% bullish,of 1 rating,$14.50
NILE,$34.29,1440270625965,"91,641",50% bullish,of 2 ratings,$34
BLUE,$124.9,1440270625990,"511,022",71% bullish,of 7 ratings,$217.50
BKEP,$6.6,1440270626018,"42,067",100% bearish,of 1 rating,$8.50
BKEPP,$7.773,1440270626044,"1,100",100% bearish,of 1 rating,N/A
BPMC,$25.74,1440270626178,"43,864",50% bullish,of 2 ratings,$47.50
BNCN,$21.26,1440270626335,"105,692",Not yet rated,NULL,$23
WIFI,$7.83,1440270626363,"402,837",50% bullish,of 2 ratings,$13.50
BOFI,$123.99,1440270626385,"365,678",100% bullish,of 6 ratings,$144
BOBE,$44.5,1440270626514,"144,944",75% bullish,of 4 ratings,$57
BONA,$11.82,1440270626545,"182,491",75% bullish,of 4 ratings,$8.50
BOKF,$61.8126,1440270626567,"136,973",100% bearish,of 1 rating,$70.50
BOJA,$20.83,1440270626588,"194,845",100% bullish,of 1 rating,$30
BNSO,$1.38,1440270626723,"6,280",100% bearish,of 1 rating,N/A
BPFH,$12.155,1440270626750,"304,942",100% bearish,of 1 rating,$14
BPFHP,$25,1440270626772,"1,571",100% bearish,of 1 rating,N/A
BAMM,$3.21,1440270626808,"12,873",60% bullish,of 5 ratings,N/A
BPFHW,$5.5,1440270626926,837,100% bearish,of 1 rating,N/A
EPAY,$25.46,1440270626955,"155,496",100% bearish,of 2 ratings,$30
BDBD,$8.43,1440270627142,"500,690",60% bullish,of 5 ratings,$10
BBEP,$2.26,1440270627186,"2,113,660",69% bullish,of 13 ratings,$5.625
BBEPP,$13.24,1440270627212,"73,231",100% bearish,of 1 rating,N/A
BBRG,$12.58,1440270627244,"83,065",67% bullish,of 3 ratings,$14.50
BCLI,$2.92,1440270627287,"80,439",80% bullish,of 5 ratings,$12
BDGE,$27.4,1440270627342,"33,067",Not yet rated,NULL,$31.75
BRID,$8.62,1440270627418,86,100% bearish,of 1 rating,N/A
BCOV,$5.22,1440270627476,"120,648",67% bullish,of 3 ratings,$10.20
BLIN,$1.15,1440270627510,"21,500",50% bullish,of 2 ratings,$2.20
BRCM,$48.57,1440270627557,"5,158,085",75% bullish,of 12 ratings,$56
BVSN,$5.54,1440270627610,"12,787",60% bearish,of 5 ratings,N/A
BSFT,$30.87,1440270627650,"134,160",57% bullish,of 7 ratings,$40.50
BYFC,$1.37,1440270627812,200,50% bullish,of 2 ratings,N/A
BWEN,$3.26,1440270627844,"21,709",100% bullish,of 3 ratings,$8
BRCD,$10.6,1440270627881,"10,780,307",92% bullish,of 13 ratings,$12.50
BRKL,$10.765,1440270627902,"389,012",100% bearish,of 1 rating,$10.75
BRKS,$10.37,1440270627980,"191,066",67% bullish,of 3 ratings,$15.25
BRKR,$19.0677,1440270628114,"233,562",100% bearish,of 2 ratings,$22
BLMT,$20.8,1440270628253,"14,194",Not yet rated,NULL,N/A
BSQR,$6.03,1440270628284,"89,784",67% bullish,of 3 ratings,N/A
BMTC,$29.46,1440270628312,"89,269",Not yet rated,NULL,$34
CFFI,$36,1440270628381,"6,616",100% bearish,of 1 rating,N/A
BUR,$1.85,1440270628448,"2,443",100% bearish,of 1 rating,$8
BLDR,$14.9615,1440270628474,"1,078,324",50% bullish,of 2 ratings,$22
BWLD,$189.5073,1440270628499,"260,082",82% bullish,of 11 ratings,$205
CHRW,$67.24,1440270628634,"1,128,419",Not yet rated,NULL,$72
CA,$27.33,1440270628678,"2,905,194",50% bullish,of 4 ratings,$33
CCMP,$44.25,1440270628705,"90,039",50% bullish,of 2 ratings,$59
CDZI,$7.53,1440270628778,"30,147",100% bearish,of 1 rating,N/A
CDNS,$19.8,1440270628837,"1,519,633",75% bullish,of 4 ratings,$22.50
CZR,$8.02,1440270628868,"1,345,062",60% bearish,of 5 ratings,$10.50
CACQ,$7.1,1440270628921,"100,797",100% bearish,of 1 rating,$12.25
PRSS,$4.42,1440270628975,"18,224",80% bullish,of 5 ratings,$4.50
CSTE,$45,1440270629054,"526,244",100% bearish,of 1 rating,$65
CLBS,$1.33,1440270629190,"263,782",79% bullish,of 14 ratings,$4
CLMS,$11.43,1440270629222,"84,354",Not yet rated,NULL,$10.50
CHI,$10.67,1440270629243,"301,618",100% bearish,of 1 rating,N/A
CHY,$11.51,1440270629280,"256,541",Not yet rated,NULL,N/A
CFGE,NULL,1440270629370,0,Not yet rated,NULL,N/A
CCD,$19.57,1440270629400,"275,211",Not yet rated,NULL,N/A
CHW,$7.59,1440270629428,"273,520",100% bearish,of 1 rating,N/A
CSQ,$9.88,1440270629559,"547,189",Not yet rated,NULL,N/A
CAMP,$15.71,1440270629585,"335,596",88% bullish,of 8 ratings,$25
CGO,$11.92,1440270629639,"30,892",100% bearish,of 1 rating,N/A
CVGW,$54.49,1440270629769,"146,768",50% bullish,of 2 ratings,$58.50
CFNB,$13.73,1440270629796,143,100% bearish,of 1 rating,N/A
CALA,$5.13,1440270629866,"381,343",100% bullish,of 3 ratings,$19.50
CALD,$15.56,1440270629932,"396,608",100% bearish,of 1 rating,$20.50
CLMT,$25.21,1440270629965,"367,348",75% bullish,of 8 ratings,$31
CALM,$49.67,1440270629987,"539,610",80% bullish,of 5 ratings,$65
ABCD,$4.64,1440270630075,"122,674",83% bullish,of 6 ratings,N/A
CAMB,NULL,1440270630118,0,Not yet rated,NULL,N/A
CAMBW,$0.14,1440270630144,200,Not yet rated,NULL,N/A
CAMBU,NULL,1440270630165,0,100% bearish,of 1 rating,N/A
CSIQ,$17.5,1440270630297,"3,511,125",86% bullish,of 28 ratings,$45
CAC,$40.79,1440270630322,"25,045",Not yet rated,NULL,N/A
CAMT,$2.76,1440270630349,"17,958",73% bullish,of 11 ratings,$4
CGIX,$9.21,1440270630480,"38,415",67% bullish,of 3 ratings,$14.375
CBNJ,$10.65,1440270630533,"60,681",100% bullish,of 1 rating,N/A
CPHC,$10.66,1440270630569,"2,320",100% bearish,of 1 rating,N/A
CBF,$30.13,1440270630713,"102,306",Not yet rated,NULL,$32
CPLA,$48.57,1440270630746,"84,854",50% bullish,of 2 ratings,$65
CSWC,$46.68,1440270630774,"16,339",Not yet rated,NULL,N/A
CCBG,$15.17,1440270630803,"20,399",Not yet rated,NULL,$17.25
CPLP,$7.07,1440270630846,"470,786",71% bullish,of 7 ratings,$11
CPTA,$14.22,1440270630872,"52,411",Not yet rated,NULL,$18.50
CFFN,$12.0086,1440270630947,"689,306",Not yet rated,NULL,$12.75
CAPN,$1.99,1440270631051,"269,769",100% bullish,of 1 rating,$10.85
CAPR,$3.95,1440270631187,"6,718",Not yet rated,NULL,$12
CAPNW,$0.6199,1440270631213,615,Not yet rated,NULL,N/A
CARB,$11.43,1440270631289,"85,069",75% bullish,of 4 ratings,$12
CARA,$21.01,1440270631315,"286,045",50% bullish,of 4 ratings,$25
CPST,$0.3777,1440270631340,"956,493",95% bullish,of 22 ratings,$1.25
CBYL,$6.29,1440270632134,"38,631",100% bearish,of 1 rating,$20
CRDC,$0.38,1440270632226,"10,734",100% bullish,of 1 rating,$1.25
CFNL,$22.47,1440270632370,"122,419",Not yet rated,NULL,$24
CSII,$24.6527,1440270632599,"477,244",100% bearish,of 2 ratings,$42.125
CDNA,$6.47,1440270632695,"6,286",100% bearish,of 1 rating,$9
CATM,$34.54,1440270632726,"283,184",100% bearish,of 1 rating,$44
CRME,$9.535,1440270632762,"32,837",89% bullish,of 9 ratings,$11.25
CECO,$3.63,1440270632787,"476,999",67% bearish,of 3 ratings,$6
CKEC,$21.84,1440270632826,"283,627",50% bullish,of 2 ratings,$35.915
CTRE,$12.03,1440270632852,"422,076",50% bullish,of 2 ratings,N/A
CLBH,$12.79,1440270632877,288,Not yet rated,NULL,$16.50
CARO,$15.35,1440270633690,"1,700",100% bearish,of 1 rating,$19
CART,NULL,1440270634036,0,100% bearish,of 1 rating,N/A
CRZO,$32,1440270634167,"968,169",67% bearish,of 3 ratings,$57
TAST,$11.91,1440270634272,"220,515",Not yet rated,NULL,$14.25
CASM,$1.09,1440270634306,"4,748",100% bullish,of 1 rating,$3.50
CRTN,$2.66,1440270634327,103,100% bearish,of 1 rating,N/A
CARV,$5.51,1440270634377,"1,650",50% bullish,of 2 ratings,N/A
CACB,$5.43,1440270634657,"111,472",Not yet rated,NULL,$5.50
CSCD,$14.23,1440270634687,"100,500",100% bullish,of 2 ratings,$17
CWST,$6.2,1440270634717,"271,280",50% bullish,of 2 ratings,$7
CASY,$104.8974,1440270634757,"370,086",50% bullish,of 2 ratings,$99.50
CASI,$1.42,1440270634786,"13,082",100% bullish,of 1 rating,$3.50
CASS,$47.46,1440270634815,"46,174",100% bearish,of 1 rating,N/A
CPRX,$3.66,1440270634919,"846,503",71% bullish,of 7 ratings,$7
CATB,$11.26,1440270634960,"70,464",100% bearish,of 1 rating,$28
CATY,$30.2864,1440270635046,"491,578",100% bearish,of 1 rating,$33.50
CVCO,$73.17,1440270635083,"73,964",100% bearish,of 1 rating,N/A
CAVM,$66.14,1440270635106,"458,453",67% bearish,of 3 ratings,$72
CNLM,$9.97,1440270635178,"1,883",Not yet rated,NULL,N/A
CATYW,$10.54,1440270635205,100,100% bearish,of 1 rating,N/A
CBFV,$20.75,1440270635266,"4,266",Not yet rated,NULL,N/A
CNLMR,NULL,1440270635336,0,Not yet rated,NULL,N/A
CNLMW,NULL,1440270635526,0,Not yet rated,NULL,N/A
CNLMU,NULL,1440270635563,0,100% bullish,of 1 rating,N/A
CDW,$38.25,1440270635656,"1,490,342",75% bullish,of 4 ratings,$44
CPXX,$2.13,1440270635682,"85,814",100% bullish,of 2 ratings,$7
CDK,$48.5,1440270635704,"517,921",67% bearish,of 3 ratings,$50
CECE,$9.45,1440270635737,"124,266",50% bullish,of 2 ratings,$16
CBOE,$61.4126,1440270635768,"495,206",Not yet rated,NULL,$60
CELGZ,$1.81,1440270635870,"14,200",80% bullish,of 5 ratings,N/A
CELG,$119.5,1440270635896,"5,582,818",92% bullish,of 13 ratings,$155.50
CLDN,$1.05,1440270635947,"324,992",71% bullish,of 7 ratings,$3
CLDX,$13.53,1440270636077,"2,065,127",89% bullish,of 9 ratings,$36
CLLS,$30.45,1440270636109,"113,250",75% bullish,of 4 ratings,$51.50
CLRB,$3.05,1440270636131,"5,111",100% bearish,of 1 rating,N/A
CLRBW,$0.94,1440270636152,300,Not yet rated,NULL,N/A
CBMG,$22.63,1440270636208,"40,791",50% bullish,of 2 ratings,N/A
CLTX,$3,1440270636346,"2,660,088",100% bullish,of 2 ratings,N/A
CYAD,$50.47,1440270636450,"5,476",100% bullish,of 1 rating,$87.50
CETX,$2.47,1440270636517,"12,950",Not yet rated,NULL,$5.60
CETV,$2.02,1440270636544,"177,717",67% bullish,of 3 ratings,$2.80
CEMP,$35.5,1440270636566,"686,260",71% bullish,of 7 ratings,$52
CSFL,$14.06,1440270636598,"147,356",Not yet rated,NULL,$15
CLSN,$2,1440270636620,"140,086",80% bullish,of 10 ratings,$7.50
CFBK,$1.38,1440270636649,"6,308",Not yet rated,NULL,N/A
CENTA,$12.57,1440270636816,"238,725",Not yet rated,NULL,N/A
CENX,$5.17,1440270636921,"1,660,584",67% bullish,of 6 ratings,$9
CNTY,$6.02,1440270636949,"6,571",80% bullish,of 5 ratings,$7.75
CPHD,$47.8043,1440270637002,"535,219",50% bullish,of 2 ratings,$66.50
CENT,$11.93,1440270637031,"28,453",Not yet rated,NULL,$10
CNBKA,$40.33,1440270637052,"9,839",100% bullish,of 1 rating,N/A
CVCY,$11.19,1440270637097,675,Not yet rated,NULL,$12
CRNT,$1.37,1440270637268,"280,066",50% bullish,of 2 ratings,$2
CERN,$61.72,1440270637309,"1,895,743",67% bullish,of 3 ratings,$79
CERE,$1.1,1440270637357,"479,152",88% bullish,of 8 ratings,N/A
CERU,$3.42,1440270637398,"35,413",75% bullish,of 4 ratings,$15
KOOL,$0.6998,1440270637427,"19,783",100% bullish,of 5 ratings,$7
CERS,$4.73,1440270637453,"650,339",75% bullish,of 4 ratings,$7
CEVA,$18.37,1440270637483,"70,931",100% bearish,of 1 rating,$25
CYOU,$20.0874,1440270637613,"457,679",50% bullish,of 6 ratings,$24
HOTR,$1.5,1440270637666,"212,526",100% bullish,of 2 ratings,$5
HOTRW,NULL,1440270637711,0,Not yet rated,NULL,N/A
GTLS,$22.3973,1440270637841,"330,795",50% bullish,of 4 ratings,$40
CTHR,$1.23,1440270637866,"48,304",50% bullish,of 2 ratings,$2.50
CHTR,$177.5087,1440270637892,"962,693",100% bearish,of 2 ratings,$196
CHEK,$3.16,1440270638021,"1,665",Not yet rated,NULL,$7.75
CHKP,$76.9,1440270638049,"1,048,652",50% bullish,of 4 ratings,$92
CEMI,$4.25,1440270638084,"5,139",50% bullish,of 2 ratings,$7.50
CHFN,$12.45,1440270638112,"35,096",Not yet rated,NULL,$14
CHFC,$31.81,1440270638176,"100,386",100% bearish,of 1 rating,$36
CHEKW,NULL,1440270638203,0,Not yet rated,NULL,N/A
CHMG,$26.6,1440270638274,700,Not yet rated,NULL,$30
CCXI,$6.66,1440270638307,"125,627",67% bullish,of 3 ratings,$14
CHEV,$14.63,1440270638400,"8,266",Not yet rated,NULL,N/A
CHKE,$25.42,1440270638433,"26,595",100% bearish,of 1 rating,$32.50
CHMA,$24.05,1440270638534,"123,730",Not yet rated,NULL,$40
CBNK,$16.48,1440270638567,297,100% bearish,of 1 rating,N/A
PLCE,$58.5,1440270638666,"386,298",100% bearish,of 1 rating,$71
CMRX,$46.44,1440270638696,"341,351",50% bullish,of 2 ratings,$57
CADC,NULL,1440270638722,0,78% bullish,of 9 ratings,N/A
CALI,$0.87,1440270638794,"7,037",67% bullish,of 3 ratings,N/A
CBAK,$1.8,1440270638873,"39,266",67% bullish,of 9 ratings,N/A
CAAS,$6.48,1440270638902,"52,022",93% bullish,of 14 ratings,$11.50
CCCR,$0.89,1440270639035,"36,866",67% bearish,of 3 ratings,N/A
CBPO,$97.5633,1440270639066,"275,264",75% bullish,of 8 ratings,$140.50
CCCL,$0.85,1440270639092,"10,030",100% bullish,of 6 ratings,N/A
JRJC,$3.88,1440270639113,"166,421",82% bullish,of 11 ratings,N/A
CHOP,$1.2,1440270639199,"146,084",50% bullish,of 2 ratings,N/A
HGSH,$1.89,1440270639292,"13,900",67% bullish,of 3 ratings,N/A
CNIT,$1.54,1440270639396,"31,123",67% bullish,of 6 ratings,N/A
HTHT,$24.5,1440270639421,"81,284",50% bullish,of 2 ratings,$28
CJJD,$1.9,1440270639454,"52,186",100% bullish,of 1 rating,N/A
CHLN,$2.05,1440270639475,"8,803",67% bullish,of 3 ratings,N/A
CHNR,$2.01,1440270639505,"1,911",100% bearish,of 1 rating,N/A
CREG,$0.7,1440270639640,"109,561",100% bullish,of 3 ratings,N/A
CPGI,$6.94,1440270639694,"2,888",Not yet rated,NULL,N/A
CXDC,$6.21,1440270639742,"128,308",67% bullish,of 3 ratings,N/A
CSUN,$1.38,1440270639767,"19,180",80% bullish,of 5 ratings,N/A
CNTF,$0.85,1440270639846,"130,860",Not yet rated,NULL,N/A
CNYD,$3.17,1440270639911,"7,840",67% bullish,of 3 ratings,N/A
CCIH,$6.0688,1440270640185,"995,724",67% bullish,of 6 ratings,$12.65
CHSCM,$25.86,1440270640253,"33,418",Not yet rated,NULL,N/A
CNET,$0.8899,1440270640283,"36,501",50% bullish,of 2 ratings,N/A
IMOS,$16.0456,1440270640309,"208,767",60% bullish,of 5 ratings,$21.50
CHSCL,$27.06,1440270640334,"26,654",Not yet rated,NULL,N/A
CHSCN,$27.02,1440270640382,"3,839",Not yet rated,NULL,N/A
CHUY,$31.27,1440270640523,"229,822",50% bullish,of 2 ratings,$34
CHSCO,$28.32,1440270640555,"9,147",Not yet rated,NULL,N/A
CHDN,$134.37,1440270640578,"57,359",Not yet rated,NULL,$165
CHSCP,$30.29,1440270640633,"3,905",Not yet rated,NULL,N/A
CIFC,$6.85,1440270640660,"10,311",Not yet rated,NULL,N/A
CMCT,$15,1440270640696,"2,992",100% bearish,of 1 rating,N/A
CMPR,$67.75,1440270640805,"558,567",50% bullish,of 2 ratings,$72.50
CDTX,$14.04,1440270640838,"21,619",Not yet rated,NULL,$22
CINF,$53.8535,1440270640860,"1,065,857",50% bullish,of 4 ratings,$50.50
CIDM,$0.62,1440270640942,"87,510",50% bullish,of 2 ratings,$2.10
CZNC,$19.63,1440270641171,"13,840",Not yet rated,NULL,N/A
CSCO,$26.48,1440270641199,"34,066,946",84% bullish,of 208 ratings,$32
CTAS,$84.87,1440270641221,"522,195",100% bearish,of 1 rating,$91
CPHR,$6.2,1440270641256,"1,500",100% bearish,of 1 rating,$16
CRUS,$27.46,1440270641279,"973,633",75% bullish,of 12 ratings,$44.50
CZWI,$9.09,1440270641310,10,Not yet rated,NULL,N/A
CTRN,$27.92,1440270641332,"144,202",100% bearish,of 1 rating,$31.50
CZFC,$12.7201,1440270641466,700,Not yet rated,NULL,N/A
CIZN,$19.55,1440270641537,"1,220",Not yet rated,NULL,N/A
CIVB,$10.29,1440270641563,"5,841",Not yet rated,NULL,$11
CTXS,$73.91,1440270641594,"1,231,547",86% bullish,of 7 ratings,$80
CHCO,$47.47,1440270641621,"74,330",Not yet rated,NULL,$46
CIVBP,NULL,1440270641697,0,Not yet rated,NULL,N/A
CDTI,$1.56,1440270641796,"65,316",75% bullish,of 4 ratings,$3.20
CLNE,$4.02,1440270641828,"1,114,136",80% bullish,of 15 ratings,$9
CBLI,$3.82,1440270641924,"47,562",60% bullish,of 5 ratings,N/A
CLRO,$11.74,1440270641978,"4,663",50% bullish,of 2 ratings,$14.25
CLIR,$5.07,1440270642030,"32,472",100% bullish,of 3 ratings,N/A
CLNT,$1.69,1440270642059,"56,834",75% bullish,of 8 ratings,N/A
CLFD,$16.89,1440270642114,"50,082",67% bullish,of 3 ratings,$18
CSBK,$13.76,1440270642167,"62,601",Not yet rated,NULL,N/A
CLVS,$72.68,1440270642259,"346,682",60% bullish,of 5 ratings,$101.50
CMFN,$11.79,1440270642291,"14,093",100% bearish,of 1 rating,$15.50
CISG,$7.78,1440270642392,"151,935",100% bullish,of 5 ratings,$10
CCNE,$17.08,1440270642467,"21,997",50% bullish,of 2 ratings,$21.50
CME,$91.629,1440270642504,"3,306,208",67% bullish,of 3 ratings,$102
CNV,$4.72,1440270642530,"20,202",50% bullish,of 2 ratings,$7.15
COBZ,$13,1440270642596,"155,494",100% bullish,of 1 rating,$14
CWAY,$11.36,1440270642625,502,Not yet rated,NULL,N/A
COKE,$154.15,1440270642669,"30,930",79% bullish,of 19 ratings,N/A
CDRB,$11.18,1440270642728,"11,033",67% bullish,of 3 ratings,N/A
CVLY,$20.55,1440270642894,"8,047",Not yet rated,NULL,N/A
CDXS,$3.96,1440270642923,"51,237",64% bullish,of 11 ratings,$6
CCOI,$28.31,1440270642948,"322,021",50% bullish,of 4 ratings,$35
JVA,$4.57,1440270642997,"28,204",83% bullish,of 6 ratings,$7
CGNT,$1.66,1440270643080,"34,162",100% bullish,of 2 ratings,$2
CGNX,$35.7,1440270643128,"695,000",50% bullish,of 2 ratings,$47
COHR,$57.2,1440270643167,"130,953",50% bullish,of 2 ratings,$72
CTSH,$62.85,1440270643261,"3,763,692",90% bullish,of 10 ratings,$75
CHRS,$29.87,1440270643316,"170,994",67% bearish,of 3 ratings,$37
CLCT,$18.06,1440270643345,"74,153",100% bearish,of 1 rating,N/A
COHU,$9.89,1440270643372,"271,999",100% bearish,of 1 rating,$14.25
CLRX,$0.4901,1440270643398,"59,544",50% bullish,of 2 ratings,N/A
CIGI,$44.35,1440270643555,"9,835",100% bearish,of 1 rating,$52
COLL,$15.25,1440270643580,"33,838",100% bearish,of 1 rating,$26
CBAN,$8.95,1440270643761,520,Not yet rated,NULL,N/A
COLB,$31.17,1440270643792,"236,131",Not yet rated,NULL,$36
COLM,$62.63,1440270643821,"170,550",100% bearish,of 1 rating,$71
CMCO,$19.42,1440270643853,"118,644",60% bullish,of 5 ratings,$28
CLCD,$6.91,1440270643874,"23,570",100% bearish,of 1 rating,$20.50
CBMX,$1.21,1440270643909,"39,549",83% bullish,of 6 ratings,$3.15
CMCSK,$57.64,1440270643949,"4,128,285",Not yet rated,NULL,$84
CMCSA,$56.78,1440270644006,"15,010,891",66% bullish,of 35 ratings,$69.50
CBSH,$45.3446,1440270644107,"380,222",50% bullish,of 2 ratings,$46
CBSHP,$25.25,1440270644240,"1,462",100% bearish,of 1 rating,N/A
CUBN,$13.6,1440270644270,"2,416",Not yet rated,NULL,N/A
CVGI,$4.69,1440270644296,"105,073",50% bullish,of 2 ratings,$6
COMM,$29.31,1440270644372,"1,032,402",67% bearish,of 3 ratings,$35
JCS,$9.21,1440270644432,626,67% bullish,of 3 ratings,N/A
ESXB,$5.12,1440270644510,"12,099",Not yet rated,NULL,N/A
CSAL,$20.6075,1440270644540,"718,045",75% bullish,of 4 ratings,$30
CYHHZ,$0.011,1440270644579,"5,341",100% bullish,of 1 rating,N/A
CTBI,$34.8,1440270644645,"47,075",Not yet rated,NULL,$36
CWBC,$6.78,1440270644672,"5,828",Not yet rated,NULL,N/A
COB,$10.42,1440270644721,"21,470",100% bullish,of 1 rating,$11.75
CVLT,$36.34,1440270644751,"370,999",75% bullish,of 4 ratings,$44.50
CIL,$33.53,1440270644853,500,Not yet rated,NULL,N/A
CIZ,$33.33,1440270644882,"5,278",100% bearish,of 1 rating,N/A
CID,$33.93,1440270644935,300,Not yet rated,NULL,N/A
CSA,$33.32,1440270645064,"2,560",Not yet rated,NULL,N/A
CDC,$35.22,1440270645155,"23,106",Not yet rated,NULL,N/A
CSF,$36.84,1440270645228,"5,120",100% bearish,of 1 rating,N/A
CSB,NULL,1440270645253,0,Not yet rated,NULL,N/A
CFA,$35.77,1440270645331,"2,458",100% bearish,of 1 rating,N/A
CFO,$35.7,1440270645391,"16,998",100% bearish,of 1 rating,N/A
CDL,$34.42,1440270645416,"7,600",Not yet rated,NULL,N/A
CGEN,$5.15,1440270645466,"114,352",50% bullish,of 2 ratings,$11
CTG,$6.63,1440270645496,"46,409",100% bearish,of 1 rating,$8.50
CHCI,$0.6,1440270645595,"23,882",50% bullish,of 2 ratings,N/A
CPSI,$45.08,1440270645624,"89,664",100% bearish,of 1 rating,$45.50
SCOR,$56.5,1440270645678,"463,584",100% bearish,of 1 rating,$66
CMTL,$26.49,1440270645708,"90,800",100% bearish,of 2 ratings,$37
CNSI,$18.79,1440270645755,"160,869",100% bearish,of 2 ratings,$29
CNAT,$4,1440270645808,"134,269",83% bullish,of 6 ratings,$13
CNCE,$15.39,1440270645991,"221,475",75% bullish,of 4 ratings,$22
CXRX,$71.01,1440270646025,"3,584",Not yet rated,NULL,$90
CCUR,$5.18,1440270646055,"18,754",75% bullish,of 4 ratings,N/A
CDORO,NULL,1440270646080,0,100% bearish,of 1 rating,N/A
CDOR,$1.47,1440270646122,"5,359",100% bullish,of 1 rating,N/A
CDORP,$6.7921,1440270646153,800,100% bearish,of 1 rating,N/A
CNFR,$10.42,1440270646251,"16,866",Not yet rated,NULL,N/A
CFMS,$21.32,1440270646283,"241,608",Not yet rated,NULL,$27
CTWS,$35.1,1440270646392,"49,177",100% bearish,of 1 rating,$44
CNMD,$54.8,1440270646430,"186,789",Not yet rated,NULL,$59
CNXR,$6.26,1440270646457,"22,458",100% bearish,of 1 rating,$12
CNSL,$20.06,1440270646492,"235,939",100% bearish,of 1 rating,$23
CONN,$31.23,1440270646519,"383,835",67% bullish,of 3 ratings,$48.50
CNOB,$19.5,1440270646546,"153,863",100% bullish,of 1 rating,$23.50
CWCO,$10.65,1440270646772,"129,607",67% bullish,of 3 ratings,$14.50
CFRX,$5.14,1440270646864,"29,285",Not yet rated,NULL,$14
CPSS,$5.64,1440270646895,"88,625",100% bullish,of 1 rating,$10
CFRXW,$1.87,1440270646926,"4,588",100% bearish,of 1 rating,N/A
CTCT,$24.27,1440270646947,"286,115",67% bullish,of 3 ratings,$37
CFRXZ,$0.531,1440270646997,"2,550",Not yet rated,NULL,N/A
CTRV,$3.55,1440270647082,"57,680",Not yet rated,NULL,$6.40
CTRL,$7.91,1440270647120,"125,610",50% bullish,of 2 ratings,$11
CPRT,$34.5858,1440270647165,"275,415",67% bearish,of 3 ratings,$40
CRBP,$2.13,1440270647216,"925,466",100% bullish,of 2 ratings,$6.25
CORT,$4.57,1440270647266,"394,867",67% bullish,of 3 ratings,$12
CORE,$59.8,1440270647396,"94,606",100% bearish,of 1 rating,$72
BVA,$3.75,1440270647422,"3,794",50% bullish,of 2 ratings,N/A
CSOD,$36.95,1440270647553,"368,582",50% bullish,of 2 ratings,$42
CORI,$10.8,1440270647577,"63,491",100% bearish,of 1 rating,$18
CRVL,$32.1,1440270647603,"47,501",100% bearish,of 1 rating,N/A
COSI,$1.11,1440270647630,"87,642",100% bullish,of 1 rating,N/A
COST,$139.357,1440270647809,"2,522,098",79% bullish,of 24 ratings,$154.50
ICBK,$18.6,1440270647845,402,Not yet rated,NULL,$21
CSGP,$181.61,1440270647880,"73,784",50% bullish,of 2 ratings,$235
CPAH,$0.4625,1440270647908,"11,752",50% bullish,of 2 ratings,N/A
COWN,$5.1,1440270647948,"839,094",75% bullish,of 4 ratings,$7
COVS,$2.56,1440270647977,"72,882",67% bullish,of 3 ratings,N/A
CVTI,$22.53,1440270647999,"149,049",67% bearish,of 3 ratings,$39
COWNL,$27.19,1440270648055,"3,700",Not yet rated,NULL,N/A
CPSH,$2.36,1440270648246,300,Not yet rated,NULL,N/A
CRAI,$22.39,1440270648271,"55,819",Not yet rated,NULL,$36
BREW,$7.3,1440270648321,"59,792",67% bullish,of 6 ratings,$15
CBRL,$143.9027,1440270648346,"281,725",50% bullish,of 2 ratings,$155
GLDI,$11.09,1440270648417,"41,785",100% bearish,of 1 rating,N/A
CACC,$192.85,1440270648449,"121,732",50% bullish,of 2 ratings,$158.50
CRAY,$20.49,1440270648483,"284,812",83% bullish,of 6 ratings,$38.50
SLVO,$10.46,1440270648554,"9,370",100% bearish,of 1 rating,N/A
CREE,$25.45,1440270648582,"1,082,980",65% bullish,of 17 ratings,$29.50
CRESY,$10.29,1440270648644,"38,860",100% bearish,of 1 rating,$19
CCRN,$14.41,1440270648782,"188,998",100% bearish,of 1 rating,$14.25
CROX,$14.19,1440270648815,"1,360,754",63% bullish,of 8 ratings,$16.50
CRTO,$43.49,1440270648842,"541,309",67% bullish,of 6 ratings,$64
CRDS,$1.05,1440270648882,"13,476",50% bullish,of 4 ratings,$4.50
CRWS,$8.03,1440270648920,"2,485",Not yet rated,NULL,$10
CRWN,$4.56,1440270649055,"130,545",75% bullish,of 4 ratings,N/A
CYRX,$2.88,1440270649113,"35,137",Not yet rated,NULL,$9
CYRXW,$0.86,1440270649147,"41,500",Not yet rated,NULL,N/A
CCLP,$13.8063,1440270649198,"64,248",67% bearish,of 3 ratings,$21
CTCM,$1.71,1440270649242,"372,018",80% bearish,of 5 ratings,$3.90
CSGS,$31.06,1440270649271,"172,648",Not yet rated,NULL,$40
CTIC,$1.68,1440270649303,"1,708,372",84% bullish,of 76 ratings,$5.75
CSPI,$6.18,1440270649403,"3,803",67% bullish,of 3 ratings,N/A
CTRP,$64.2374,1440270649485,"1,571,691",75% bullish,of 8 ratings,$92
CUNB,$22.03,1440270649532,"49,607",Not yet rated,NULL,$24.50
CTIB,NULL,1440270649558,0,100% bearish,of 1 rating,N/A
CMLS,$1.3,1440270649687,"970,308",50% bullish,of 4 ratings,$6
CUI,$4.8908,1440270649713,"121,551",50% bullish,of 2 ratings,$10
CPIX,$5.87,1440270649741,"3,515",Not yet rated,NULL,N/A
CUTR,$14.4,1440270649981,"57,497",67% bearish,of 3 ratings,$18
CRIS,$2.57,1440270650003,"442,411",100% bullish,of 8 ratings,$6
CVV,$11.44,1440270650043,"25,260",100% bullish,of 5 ratings,N/A
CYAN,$7.3,1440270650065,"5,900",100% bearish,of 1 rating,N/A
CYBR,$51.5,1440270650095,"2,002,023",86% bullish,of 7 ratings,$66
CYBX,$66.48,1440270650133,"561,566",50% bullish,of 4 ratings,$70
CVBF,$16.66,1440270650162,"658,942",Not yet rated,NULL,$18
CYCC,$0.5699,1440270650359,"125,541",73% bullish,of 11 ratings,N/A
CYBE,$5.96,1440270650392,"9,802",100% bearish,of 1 rating,N/A
CYCCP,NULL,1440270650413,0,100% bearish,of 1 rating,N/A
CBAY,$2.69,1440270650447,"42,788",100% bullish,of 1 rating,$4
CYNA,$16.08,1440270650505,"23,175",100% bullish,of 1 rating,$31.50
CY,$9.447,1440270650609,"3,384,357",80% bullish,of 10 ratings,$15.50
CYRN,$1.64,1440270650635,"253,906",67% bullish,of 3 ratings,$4
CONE,$32.98,1440270650706,"454,437",67% bearish,of 3 ratings,$35
CYNO,$31.99,1440270650732,"242,311",67% bearish,of 3 ratings,$45.50
CYTR,$2.18,1440270650901,"755,510",67% bullish,of 6 ratings,$10
CYTX,$0.375,1440270650929,"766,187",83% bullish,of 12 ratings,$5.50
CTSO,$6.95,1440270650980,"54,249",Not yet rated,NULL,$15.625
DAEG,$0.3443,1440270651115,"4,306",100% bearish,of 1 rating,N/A
TVIZ,$14.69,1440270651146,"3,240",100% bearish,of 1 rating,N/A
ZIV,$46.57,1440270651168,"149,070",Not yet rated,NULL,N/A
TVIX,$8.99,1440270651189,"19,877,376",81% bullish,of 16 ratings,N/A
CYTK,$6.54,1440270651222,"193,233",71% bullish,of 14 ratings,$13.50
XIV,$36.2,1440270651355,"25,218,869",75% bearish,of 4 ratings,N/A
DJCO,$197.2,1440270651389,"1,966",Not yet rated,NULL,N/A
DARA,$0.9,1440270651491,"39,987",83% bullish,of 6 ratings,$1.50
DAKT,$11.7,1440270651522,"198,964",50% bullish,of 2 ratings,$14
DAIO,$2.55,1440270651543,"4,354",Not yet rated,NULL,N/A
DTLK,$5.5,1440270651572,"91,469",100% bearish,of 1 rating,$9
DRAM,$1.4,1440270651597,"5,900",78% bullish,of 9 ratings,N/A
DWCH,$4.97,1440270651833,"77,045",75% bullish,of 4 ratings,$8.25
DTEA,$13.49,1440270651867,"126,308",100% bearish,of 2 ratings,$24
PLAY,$34.47,1440270651900,"228,236",100% bullish,of 5 ratings,$42
DWSN,$4.02,1440270651921,"44,331",67% bullish,of 3 ratings,$6
DBVT,$39.13,1440270651943,"112,606",100% bearish,of 1 rating,$53
TRAK,$62.93,1440270651984,"1,034,755",50% bullish,of 2 ratings,$62.50
TACO,$13.13,1440270652013,"216,919",100% bullish,of 3 ratings,$20
DFRG,$14.75,1440270652093,"199,012",100% bearish,of 1 rating,$20
DHRM,$1.68,1440270652230,"4,586",Not yet rated,NULL,N/A
TACOW,$4.01,1440270652282,"3,651",100% bullish,of 1 rating,N/A
DCTH,$0.48,1440270652308,"110,038",78% bullish,of 9 ratings,N/A
DGAS,$20.24,1440270652363,"1,955",67% bearish,of 3 ratings,N/A
DELTW,NULL,1440270652510,0,Not yet rated,NULL,N/A
DENN,$11.6,1440270652543,"551,633",100% bullish,of 3 ratings,$15
XRAY,$53.63,1440270652577,"910,051",100% bullish,of 1 rating,$58
DSCI,$6.45,1440270652599,"49,351",50% bullish,of 2 ratings,$16
DEPO,$28.75,1440270652632,"1,112,213",60% bullish,of 5 ratings,$29
DELT,$2.59,1440270652660,"2,349",Not yet rated,NULL,N/A
DERM,$24.15,1440270652686,"253,637",100% bearish,of 1 rating,$33.50
DXLG,$4.5,1440270652821,"65,758",100% bearish,of 1 rating,$8
DEST,$11.83,1440270652853,"39,808",50% bullish,of 2 ratings,N/A
DSWL,$1.75,1440270652894,"10,432",100% bullish,of 1 rating,N/A
DXM,$0.32,1440270653030,"22,270",50% bullish,of 2 ratings,N/A
DXCM,$89.9992,1440270653056,"957,976",57% bullish,of 7 ratings,$98
DCIX,$1.74,1440270653220,"92,529",50% bullish,of 4 ratings,$3.50
DMND,$30.41,1440270653254,"181,308",75% bullish,of 12 ratings,$32
DHIL,$190.8,1440270653289,"18,491",Not yet rated,NULL,N/A
FANG,$66.542,1440270653310,"1,043,554",50% bullish,of 2 ratings,$86
DHXM,NULL,1440270653343,0,Not yet rated,NULL,N/A
DGII,$9.95,1440270653376,"78,052",100% bearish,of 1 rating,$10
DRNA,$10.34,1440270653398,"90,197",67% bearish,of 3 ratings,$25
DMRC,$36.52,1440270653429,"70,922",100% bearish,of 1 rating,$44
DRAD,$3.88,1440270653697,"12,681",100% bullish,of 1 rating,$5.25
DGLY,$6.75,1440270653724,"241,709",50% bullish,of 6 ratings,$20
APPS,$2.36,1440270653746,"204,374",100% bearish,of 1 rating,$10.25
DCOM,$16.82,1440270653778,"156,270",100% bearish,of 2 ratings,$16.50
DPRX,$11.95,1440270653885,"18,525",100% bullish,of 2 ratings,$27.75
DIOD,$19.31,1440270653911,"281,801",75% bearish,of 4 ratings,$24
DISCA,$27.1,1440270653966,"3,037,195",67% bullish,of 3 ratings,$34
DISCB,NULL,1440270654068,0,100% bearish,of 1 rating,$35
DISCK,$25.9869,1440270654099,"2,884,033",100% bearish,of 1 rating,$32
DVCR,$10.25,1440270654132,"18,982",100% bullish,of 1 rating,N/A
DISH,$60.9427,1440270654153,"1,735,171",69% bullish,of 13 ratings,$73
DSCO,$0.4055,1440270654195,"156,711",83% bullish,of 6 ratings,$2.75
BAGR,$3.01,1440270654289,"16,511",100% bearish,of 1 rating,$6
DNBF,$27.15,1440270654325,"8,727",Not yet rated,NULL,$27.50
DLHC,$2.5,1440270654350,"6,270",100% bearish,of 1 rating,N/A
DLTR,$76.3408,1440270654526,"2,448,980",82% bullish,of 11 ratings,$88
DGICB,NULL,1440270654655,0,100% bearish,of 1 rating,N/A
DMLP,$13.9,1440270654685,"47,201",100% bearish,of 1 rating,N/A
HILL,$9.69,1440270654707,"2,314,246",60% bearish,of 5 ratings,$9.75
DGICA,$14.4,1440270654728,"16,557",100% bearish,of 1 rating,$17
DORM,$49.7,1440270654767,"307,182",100% bearish,of 1 rating,$56
DRWI,$0.2625,1440270654872,"193,656",60% bullish,of 5 ratings,$.45
DWA,$19.0777,1440270654900,"879,680",63% bullish,of 8 ratings,$26
DRYS,$0.357,1440270655043,"1,482,398",77% bullish,of 31 ratings,$.60
DSKX,$3.44,1440270655072,"117,971",100% bullish,of 1 rating,N/A
DSPG,$8.595,1440270655093,"67,339",100% bearish,of 1 rating,$13.50
DRWIW,$0.0589,1440270655114,"1,581",Not yet rated,NULL,N/A
CADT,$10.02,1440270655146,206,Not yet rated,NULL,N/A
CADTU,NULL,1440270655320,0,Not yet rated,NULL,N/A
CADTR,NULL,1440270655373,0,Not yet rated,NULL,N/A
CADTW,NULL,1440270655401,0,Not yet rated,NULL,N/A
DNKN,$49.874,1440270655429,"1,291,182",67% bullish,of 15 ratings,$56.50
DRRX,$1.99,1440270655459,"346,049",50% bullish,of 6 ratings,$3
DXPE,$28.59,1440270655488,"166,279",50% bullish,of 2 ratings,N/A
DTSI,$26.055,1440270655564,"125,141",100% bearish,of 2 ratings,$39.50
DYAX,$22.55,1440270655617,"854,965",89% bullish,of 9 ratings,$30
DYNT,$2.86,1440270655787,"3,600",75% bullish,of 4 ratings,N/A
DVAX,$27.73,1440270655848,"350,077",70% bullish,of 10 ratings,$40
BOOM,$9.64,1440270655878,"57,962",67% bullish,of 3 ratings,$12
DYSL,$1.55,1440270655953,"180,829",100% bullish,of 2 ratings,N/A
ETFC,$25.3,1440270655984,"2,489,422",57% bullish,of 14 ratings,$33
EBMT,$11.53,1440270656022,"19,207",Not yet rated,NULL,$13.50
EGBN,$42.84,1440270656086,"89,593",Not yet rated,NULL,$48
EGRX,$65.38,1440270656117,"389,557",67% bullish,of 3 ratings,$97
EGLE,$6,1440270656151,"60,394",60% bullish,of 5 ratings,N/A
EROC,$1.1,1440270656216,"356,235",50% bullish,of 2 ratings,$3
ELNK,$8.58,1440270656250,"814,740",60% bullish,of 5 ratings,$9.50
EWBC,$41.405,1440270656291,"1,077,281",100% bearish,of 1 rating,$50
EML,$16.81,1440270656425,"6,029",Not yet rated,NULL,N/A
EACQU,NULL,1440270656450,0,Not yet rated,NULL,N/A
EBAY,$25.613,1440270656592,"13,096,604",81% bullish,of 117 ratings,$48
EVBS,$6.45,1440270656618,"6,522",Not yet rated,NULL,$7
ELON,$0.545,1440270656681,"64,729",50% bullish,of 2 ratings,N/A
EBIX,$28.05,1440270656710,"477,773",69% bullish,of 13 ratings,$40
ECHO,$24.82,1440270656749,"412,036",67% bearish,of 3 ratings,$35.50
SATS,$45.42,1440270656774,"155,588",50% bullish,of 2 ratings,$60
ECTE,$1.63,1440270656802,"78,541",75% bullish,of 4 ratings,N/A
EEI,$11.09,1440270656977,"4,741",67% bearish,of 3 ratings,N/A
EDAP,$3.085,1440270657019,"136,353",60% bullish,of 5 ratings,$4.50
EDGW,$7.14,1440270657069,"35,959",100% bearish,of 1 rating,N/A
ECACU,$10.1,1440270657096,"1,738",Not yet rated,NULL,N/A
ESES,$3.45,1440270657151,"8,309",100% bearish,of 1 rating,$7
EDUC,$4.59,1440270657177,"7,183",100% bearish,of 1 rating,N/A
EFUT,NULL,1440270657228,0,Not yet rated,NULL,N/A
EGAN,$3.47,1440270657431,"10,092",50% bullish,of 2 ratings,$6.25
EHTH,$14.08,1440270657483,"414,120",50% bullish,of 4 ratings,$16.50
EGLT,$11.42,1440270657519,"23,570",50% bullish,of 2 ratings,$21
LOCO,$12.26,1440270657540,"1,085,303",69% bullish,of 13 ratings,$20
EMITF,$1.29,1440270657573,"7,100",75% bullish,of 4 ratings,N/A
ESLT,$80.34,1440270657618,"5,018",100% bullish,of 2 ratings,N/A
ERI,$9.6,1440270657673,"124,258",100% bearish,of 1 rating,$10
ESIO,$4.58,1440270657749,"42,139",50% bullish,of 2 ratings,$10
EA,$66.47,1440270657818,"3,731,767",77% bullish,of 35 ratings,$80
ELRC,$10.65,1440270657845,"75,948",100% bearish,of 1 rating,N/A
EFII,$43.93,1440270657890,"255,202",80% bullish,of 5 ratings,$55
ELSE,$4.02,1440270657978,"1,000",60% bullish,of 5 ratings,N/A
ELEC,NULL,1440270658050,0,Not yet rated,NULL,N/A
ELECW,NULL,1440270658183,0,Not yet rated,NULL,N/A
EBIO,$3.39,1440270658214,"858,193",100% bearish,of 2 ratings,$8.35
CAPX,$22.63,1440270658242,"1,168",Not yet rated,NULL,N/A
RDEN,$10.38,1440270658271,"93,838",100% bearish,of 4 ratings,$15
ELECU,NULL,1440270658311,0,Not yet rated,NULL,N/A
ESBK,$19.8,1440270658368,879,Not yet rated,NULL,N/A
LONG,$17.39,1440270658465,"18,568",67% bullish,of 3 ratings,$15.75
ELTK,$1.04,1440270658532,"51,304",67% bearish,of 3 ratings,N/A
EMCI,$23,1440270658597,"15,824",Not yet rated,NULL,N/A
EMCF,NULL,1440270658625,0,100% bearish,of 1 rating,N/A
EMMS,$1.28,1440270658667,"12,299",67% bullish,of 6 ratings,N/A
EMKR,$7.16,1440270658759,"129,455",75% bullish,of 4 ratings,$8.50
EMMSP,$3.25,1440270658796,400,100% bearish,of 1 rating,N/A
NYNY,$4.06,1440270658826,"74,163",50% bullish,of 2 ratings,N/A
ERS,$2.86,1440270658928,"1,336",Not yet rated,NULL,N/A
ENTA,$40.22,1440270658967,"172,455",50% bullish,of 2 ratings,$42
WIRE,$32.7,1440270659056,"124,660",100% bearish,of 1 rating,$37
ECYT,$5.2,1440270659111,"252,908",83% bullish,of 6 ratings,$12
ECPG,$39.21,1440270659139,"126,955",100% bullish,of 2 ratings,$52
ENDP,$76.6008,1440270659164,"2,114,082",50% bullish,of 6 ratings,$104
EIGI,$15.18,1440270659197,"788,018",67% bearish,of 3 ratings,$22.50
ELGX,$13.15,1440270659223,"557,451",75% bullish,of 4 ratings,$17
WATT,$6.74,1440270659361,"109,967",50% bullish,of 2 ratings,$13
EFOI,$15.8,1440270659439,"328,386",50% bullish,of 2 ratings,$20.50
EXXI,$1.44,1440270659470,"1,757,742",86% bullish,of 7 ratings,$3.50
ENOC,$8.08,1440270659541,"211,114",75% bullish,of 4 ratings,$18
ERII,$2.89,1440270659566,"84,939",80% bullish,of 5 ratings,$2.50
ENG,$1.02,1440270659605,"5,407",100% bullish,of 3 ratings,N/A
ESGR,$151,1440270659745,"69,547",100% bearish,of 1 rating,$185
ENTG,$13.72,1440270659771,"439,650",100% bearish,of 1 rating,$18
ENPH,$4.42,1440270659797,"567,322",75% bullish,of 4 ratings,$11
ETRM,$0.2331,1440270659928,"441,727",69% bearish,of 35 ratings,$1.625
ENFC,$18.34,1440270659963,"2,236",Not yet rated,NULL,N/A
ENTL,$21.44,1440270660109,"15,857",Not yet rated,NULL,$28
EGT,$2.09,1440270660137,"1,500",100% bullish,of 1 rating,N/A
EBTC,$20.07,1440270660163,"8,123",Not yet rated,NULL,N/A
EFSC,$24.75,1440270660185,"69,838",Not yet rated,NULL,$27
ENVI,$1.85,1440270660213,"15,528",67% bullish,of 3 ratings,N/A
ENZN,$1,1440270660396,"766,555",100% bullish,of 9 ratings,N/A
EPIQ,$13.87,1440270660429,"92,324",100% bearish,of 1 rating,$18
ENZY,$8.98,1440270660463,"9,946",67% bullish,of 3 ratings,$9.50
EPRS,$4.76,1440270660491,"74,298",82% bullish,of 11 ratings,$15
EPZM,$15.93,1440270660517,"285,509",60% bullish,of 5 ratings,$34
PLUS,$77.81,1440270660551,"952,339",50% bullish,of 2 ratings,$88
EQIX,$273,1440270660579,"589,444",75% bullish,of 4 ratings,$312.50
EQFN,$8.3,1440270660653,300,Not yet rated,NULL,N/A
ERIC,$9.83,1440270660845,"2,368,815",63% bullish,of 8 ratings,$12.20
EAC,$3.67,1440270660879,"15,388",100% bearish,of 1 rating,$8
ERIE,$84.5099,1440270660948,"26,146",Not yet rated,NULL,$73
ESCA,$18.35,1440270660979,"25,641",100% bearish,of 1 rating,$22
ESCR,$0.14,1440270661002,"63,314",50% bullish,of 2 ratings,N/A
ESMC,$1.33,1440270661033,502,Not yet rated,NULL,N/A
ESCRP,$1.65,1440270661078,"5,017",100% bearish,of 1 rating,N/A
ESPR,$54.47,1440270661184,"1,355,738",67% bearish,of 9 ratings,$123
ESND,$35.095,1440270661216,"147,368",100% bearish,of 2 ratings,$40
ESSA,$12.45,1440270661242,"16,679",100% bearish,of 1 rating,N/A
EPIX,$6.1,1440270661372,"1,200",Not yet rated,NULL,N/A
ETSY,$13.46,1440270661399,"796,058",80% bullish,of 5 ratings,$16
CLWT,NULL,1440270661442,0,100% bearish,of 1 rating,N/A
ESSX,$0.5249,1440270661470,"6,504",50% bullish,of 2 ratings,N/A
EEFT,$64.81,1440270661530,"236,603",100% bearish,of 1 rating,$67.50
ESEA,$6.15,1440270661663,"3,082",100% bullish,of 1 rating,$15
EVK,$3.74,1440270661759,982,75% bearish,of 4 ratings,N/A
EVEP,$7.26,1440270661789,"294,425",50% bullish,of 2 ratings,$15
EVLV,$2.14,1440270661820,"85,207",60% bullish,of 5 ratings,$6.50
EVOL,$5.85,1440270661889,"13,690",75% bullish,of 4 ratings,$10
EVOK,$4,1440270661917,"114,285",100% bearish,of 1 rating,$13.375
EXAS,$20.31,1440270661979,"1,234,918",78% bullish,of 9 ratings,$31
EXA,$10.73,1440270662057,"22,120",100% bearish,of 1 rating,$13
EXAC,$18.17,1440270662119,"136,951",100% bearish,of 1 rating,$22.50
EXEL,$5.25,1440270662145,"5,463,517",81% bullish,of 16 ratings,$6
EXFO,$2.9,1440270662188,"3,300",67% bearish,of 3 ratings,$3.95
EXLS,$36.55,1440270662289,"207,530",100% bullish,of 1 rating,$41
EXPE,$114.6,1440270662424,"1,238,899",64% bullish,of 11 ratings,$130
EXPD,$48.2,1440270662457,"1,810,722",80% bullish,of 5 ratings,$51.50
EXLP,$18.2,1440270662530,"94,863",100% bearish,of 1 rating,$27
EXPO,$42.83,1440270662567,"146,412",100% bearish,of 1 rating,$45.50
EXTR,$2.85,1440270662595,"805,798",80% bullish,of 5 ratings,$3
ESRX,$84.81,1440270662620,"5,163,905",67% bearish,of 6 ratings,$101
EYEGW,$1.24,1440270662662,800,Not yet rated,NULL,N/A
EYEG,$4.17,1440270662688,"19,980",Not yet rated,NULL,N/A
EZCH,$21.4963,1440270662909,"127,057",75% bullish,of 8 ratings,$19.50
FFIV,$122.51,1440270662936,"846,241",63% bullish,of 8 ratings,$132
FB,$85.88,1440270662963,"39,696,768",73% bullish,of 1066 ratings,$111
FRP,$16.9,1440270662988,"50,706",100% bearish,of 1 rating,$18
EZPW,$6.08,1440270663014,"351,949",50% bullish,of 4 ratings,$7.50
FWM,$2.25,1440270663212,"178,419",100% bearish,of 2 ratings,$3.20
FCS,$13.14,1440270663250,"1,086,086",67% bearish,of 3 ratings,$17
FALC,$1.65,1440270663281,"10,845",63% bearish,of 8 ratings,N/A
FMNB,$8.03,1440270663342,"3,562",Not yet rated,NULL,N/A
FARM,$22.62,1440270663372,"21,053",100% bearish,of 1 rating,$35
FAST,$39.1,1440270663404,"3,000,801",80% bullish,of 5 ratings,$46
FFKT,$26.79,1440270663433,"20,439",Not yet rated,NULL,$29
DAVE,$14.36,1440270663506,"19,659",100% bearish,of 1 rating,$15.50
FARO,$38.92,1440270663608,"118,530",50% bullish,of 2 ratings,$48
FATE,$6.24,1440270663718,"82,980",50% bullish,of 2 ratings,$11
FBSS,NULL,1440270663826,0,Not yet rated,NULL,N/A
FBRC,$22.24,1440270663882,"44,108",100% bearish,of 1 rating,$29
FNHC,$21.92,1440270663908,"80,132",100% bearish,of 1 rating,$35
FEIC,$77.57,1440270663958,"344,496",50% bullish,of 2 ratings,$95.50
FDML,$8.96,1440270663983,"230,349",50% bullish,of 4 ratings,$14
FENX,$9.84,1440270664038,"59,141",100% bullish,of 1 rating,$14.25
FCSC,$5.86,1440270664065,"212,270",100% bearish,of 1 rating,$8.125
FHCO,$1.43,1440270664086,"18,402",50% bullish,of 4 ratings,N/A
ONEQ,$185.63,1440270664223,"41,902",100% bullish,of 1 rating,N/A
FDUS,$14.42,1440270664291,"64,363",100% bullish,of 1 rating,$18
LION,$19.31,1440270664327,"108,630",100% bullish,of 1 rating,$20
FRGI,$51.57,1440270664362,"149,676",50% bullish,of 2 ratings,$70
FGEN,$22.96,1440270664389,"374,029",100% bearish,of 1 rating,$39
FSC,$6.42,1440270664459,"839,385",75% bullish,of 4 ratings,$8
FSAM,$8.56,1440270664486,"20,457",100% bearish,of 1 rating,$11
FSFR,$8.92,1440270664683,"131,626",100% bearish,of 1 rating,$11.50
FITBI,$27.68,1440270664712,"5,800",Not yet rated,NULL,N/A
FSCFL,$24.7,1440270664738,"11,419",Not yet rated,NULL,N/A
FITB,$19.7,1440270664781,"7,100,591",54% bullish,of 13 ratings,$22
FNGN,$33.616,1440270664808,"485,960",67% bullish,of 3 ratings,$47
FNJN,$1.66,1440270664868,"15,161",100% bearish,of 1 rating,$5
FISI,$24.77,1440270664894,"41,074",100% bullish,of 2 ratings,$24.50
FNSR,$15.33,1440270664937,"1,137,273",71% bullish,of 7 ratings,$24.50
FNTCU,NULL,1440270665038,0,Not yet rated,NULL,N/A
FNTC,NULL,1440270665097,0,Not yet rated,NULL,N/A
FNTCW,NULL,1440270665172,0,Not yet rated,NULL,N/A
FEYE,$37,1440270665198,"7,331,774",87% bullish,of 15 ratings,$55.50
FNLC,$18.46,1440270665330,"17,421",100% bullish,of 1 rating,N/A
FRBA,$6.02,1440270665358,611,Not yet rated,NULL,$8
BUSE,$6.37,1440270665387,"197,401",Not yet rated,NULL,$6.875
FBNC,$16.81,1440270665416,"59,972",100% bullish,of 1 rating,$20
FCVA,$4.75,1440270665519,"1,132",Not yet rated,NULL,N/A
FBIZ,$44.04,1440270665548,"28,467",100% bearish,of 2 ratings,$52
FCFS,$38.15,1440270665656,"157,660",100% bearish,of 2 ratings,$48
FCAP,$26.55,1440270665730,226,Not yet rated,NULL,N/A
FCNCA,$241.45,1440270665758,"17,885",Not yet rated,NULL,N/A
FCLF,$9.08,1440270665784,55,Not yet rated,NULL,N/A
FCCO,$12.11,1440270665813,202,Not yet rated,NULL,$13.25
FCBC,$17.88,1440270665916,"60,860",Not yet rated,NULL,$18
FCFP,$6.9,1440270665969,"2,500",Not yet rated,NULL,N/A
FBNK,$16.65,1440270666003,"60,146",100% bearish,of 1 rating,$17.50
FFNM,$6.32,1440270666100,"3,040",Not yet rated,NULL,N/A
FFBC,$18.76,1440270666129,"176,775",67% bearish,of 3 ratings,$20.25
FDEF,$38.3,1440270666182,"42,408",Not yet rated,NULL,$38
FFBCW,NULL,1440270666207,0,100% bearish,of 1 rating,N/A
FFIN,$31.1263,1440270666278,"286,801",50% bullish,of 2 ratings,$31.75
THFF,$33.27,1440270666409,"47,577",Not yet rated,NULL,$35
FFNW,$12.46,1440270666542,"21,487",Not yet rated,NULL,$14
FIBK,$26.83,1440270666571,"83,623",Not yet rated,NULL,$32
FRME,$25.47,1440270666597,"199,009",Not yet rated,NULL,$26.50
INBK,$32.43,1440270666618,"13,595",50% bullish,of 2 ratings,$37
FFWM,$21.44,1440270666650,"10,014",Not yet rated,NULL,$24
FMBH,NULL,1440270666780,0,Not yet rated,NULL,N/A
FNBC,$34.45,1440270666840,"116,074",Not yet rated,NULL,$41.50
FMBI,$17.84,1440270666881,"374,767",Not yet rated,NULL,$20
FNWB,$12.08,1440270666934,"8,662",Not yet rated,NULL,N/A
FSFG,$30.1754,1440270666969,729,Not yet rated,NULL,N/A
FNFG,$9.2289,1440270666999,"1,658,831",80% bullish,of 5 ratings,$9
FSGI,$2.45,1440270667065,"4,889",Not yet rated,NULL,N/A
FSLR,$45.5,1440270667090,"2,207,203",74% bullish,of 39 ratings,$65
FSBK,$7.93,1440270667255,"1,441",100% bullish,of 1 rating,N/A
BICK,$19.6,1440270667284,"1,801",100% bullish,of 1 rating,N/A
FBZ,NULL,1440270667319,0,Not yet rated,NULL,N/A
FCAN,$24.47,1440270667388,964,Not yet rated,NULL,N/A
FTCS,$36.65,1440270667418,"33,745",Not yet rated,NULL,N/A
FV,$23.23,1440270667490,"4,139,653",Not yet rated,NULL,N/A
FCA,$20,1440270667518,"2,607",Not yet rated,NULL,N/A
IFV,$17.6,1440270667580,"2,040,199",100% bearish,of 1 rating,N/A
FTSM,$59.9,1440270667622,"20,701",100% bearish,of 1 rating,N/A
FEMB,NULL,1440270667663,0,Not yet rated,NULL,N/A
TDIV,$24.46,1440270667720,"449,109",100% bearish,of 1 rating,N/A
FEUZ,$30.69,1440270667756,"5,731",Not yet rated,NULL,N/A
FGM,$35.03,1440270667803,"69,317",Not yet rated,NULL,N/A
MDIV,$19.22,1440270667868,"565,706",Not yet rated,NULL,N/A
FTGC,$22.05,1440270667972,"122,767",Not yet rated,NULL,N/A
FTHI,$19.4,1440270667996,"10,468",Not yet rated,NULL,N/A
FHK,$32.72,1440270668136,"128,700",Not yet rated,NULL,N/A
FPXI,$27.51,1440270668162,"1,318",Not yet rated,NULL,N/A
HYLS,$49.21,1440270668241,"102,494",100% bearish,of 1 rating,N/A
YDIV,$16.62,1440270668298,"2,670",Not yet rated,NULL,N/A
CU,$12.76,1440270668331,"13,066",100% bearish,of 1 rating,N/A
SKYY,$28.68,1440270668352,"76,557",100% bullish,of 1 rating,N/A
FJP,$46.13,1440270668373,"49,025",Not yet rated,NULL,N/A
PLTM,$6.66,1440270668426,"3,862",100% bearish,of 1 rating,N/A
LMBS,$50.49,1440270668504,862,Not yet rated,NULL,N/A
FTLB,$19.28,1440270668531,"2,451",100% bearish,of 1 rating,N/A
FMB,$51.195,1440270668610,"1,778",Not yet rated,NULL,N/A
QABA,$38.13,1440270668671,"44,503",100% bearish,of 1 rating,N/A
CIBR,$18.04,1440270668698,"162,032",Not yet rated,NULL,N/A
FONE,$34.05,1440270668842,"1,800",Not yet rated,NULL,N/A
GRID,$33.62,1440270668924,834,100% bearish,of 1 rating,N/A
QCLN,$14.54,1440270668979,"17,473",Not yet rated,NULL,N/A
RDVY,$21.64,1440270669000,"318,269",Not yet rated,NULL,N/A
CARZ,$34.42,1440270669022,"11,011",100% bearish,of 1 rating,N/A
QQEW,$41.94,1440270669060,"313,108",Not yet rated,NULL,N/A
AIRR,$16.37,1440270669155,"9,058",100% bearish,of 1 rating,N/A
QTEC,$39.35,1440270669187,"147,804",Not yet rated,NULL,N/A
QINC,$20.71,1440270669244,"1,700",Not yet rated,NULL,N/A
QQXT,$40.09,1440270669287,"60,503",Not yet rated,NULL,N/A
FTSL,$48.8,1440270669346,"33,452",100% bearish,of 1 rating,N/A
FDIV,$47.59,1440270669387,"6,143",100% bearish,of 1 rating,N/A
FKO,$22.32,1440270669413,"3,700",Not yet rated,NULL,N/A
FTW,$29.425,1440270669573,"1,534",Not yet rated,NULL,N/A
FSZ,$38.85,1440270669643,"76,690",Not yet rated,NULL,N/A
FKU,$41.6,1440270669668,"86,339",Not yet rated,NULL,N/A
TUSA,$25.08,1440270669701,"4,920",Not yet rated,NULL,N/A
SVVC,$10.15,1440270669804,"36,001",100% bullish,of 1 rating,$26
FMER,$17.6579,1440270669835,"1,802,777",50% bullish,of 2 ratings,$20
FUNC,$8.33,1440270669858,"3,636",Not yet rated,NULL,N/A
FSV,$31.87,1440270669934,"12,538",Not yet rated,NULL,$33.60
FISV,$84.87,1440270670027,"1,522,717",100% bearish,of 3 ratings,$90
FIVE,$35.34,1440270670062,"409,909",75% bearish,of 4 ratings,$44
FIVN,$4.11,1440270670161,"185,266",100% bullish,of 1 rating,$8.50
FPRX,$18.26,1440270670191,"303,751",50% bullish,of 2 ratings,$35
FLKS,$13.13,1440270670221,"55,627",50% bullish,of 2 ratings,$27
FLML,$21.11,1440270670243,"134,027",50% bullish,of 2 ratings,$30
FLXN,$24.39,1440270670402,"86,363",100% bearish,of 1 rating,$40
SKOR,$50.52,1440270670430,"1,000",Not yet rated,NULL,N/A
MBSD,NULL,1440270670506,0,Not yet rated,NULL,N/A
FLXS,$30.45,1440270670565,"36,609",100% bearish,of 2 ratings,N/A
FLDM,$12.54,1440270670641,"686,894",67% bearish,of 3 ratings,$21.50
FLEX,$10.51,1440270670670,"2,454,407",63% bullish,of 8 ratings,$12
FLIR,$28.75,1440270670692,"720,631",100% bearish,of 1 rating,$38.50
FOMX,$9.79,1440270670825,"135,576",50% bullish,of 2 ratings,$23.50
FFIC,$20.38,1440270670854,"69,120",Not yet rated,NULL,$21
FONR,$9.54,1440270670884,"18,526",100% bullish,of 1 rating,N/A
FES,$0.92,1440270670912,"4,841",50% bullish,of 2 ratings,$1
FORTY,$32.4,1440270671052,"4,710",Not yet rated,NULL,N/A
FOGO,$18.84,1440270671083,"114,696",50% bullish,of 2 ratings,$25.50
FORM,$6,1440270671129,"267,226",67% bullish,of 3 ratings,$10.50
FTNT,$42.98,1440270671160,"1,928,364",80% bullish,of 10 ratings,$52
FORR,$32.21,1440270671189,"52,356",Not yet rated,NULL,N/A
FBIO,$2.51,1440270671267,"188,268",83% bullish,of 6 ratings,N/A
FWRD,$46.8,1440270671330,"307,366",100% bearish,of 1 rating,$50
FORD,$1.04,1440270671410,"120,974",50% bullish,of 2 ratings,N/A
FWP,$25.67,1440270671503,"46,088",100% bearish,of 1 rating,$45
FXCB,$17.3,1440270671539,"17,445",Not yet rated,NULL,$19
FOSL,$59.15,1440270671570,"1,014,809",50% bullish,of 4 ratings,$80
FMI,$21.61,1440270671592,"391,770",100% bearish,of 2 ratings,$27.50
FOXF,$15.28,1440270671671,"65,653",100% bearish,of 1 rating,$19
FRAN,$10.24,1440270671721,"689,114",50% bullish,of 4 ratings,$15
FRED,$14.505,1440270671888,"342,264",50% bullish,of 2 ratings,$16.50
FELE,$28.92,1440270671922,"341,251",50% bullish,of 4 ratings,$33
FREE,$0.43,1440270671944,"823,292",92% bullish,of 12 ratings,N/A
RAIL,$20.87,1440270671980,"125,948",100% bearish,of 1 rating,$24.50
FEIM,$11.17,1440270672017,"8,777",100% bearish,of 1 rating,N/A
FRPT,$13,1440270672049,"495,123",67% bearish,of 3 ratings,$23.50
FTR,$5.2,1440270672151,"19,477,135",78% bullish,of 27 ratings,$6.25
FRPH,$30.33,1440270672323,"14,572",100% bearish,of 1 rating,N/A
FTRPR,$102.05,1440270672395,"61,829",100% bearish,of 1 rating,N/A
FTD,$29.45,1440270672421,"149,230",100% bearish,of 1 rating,$40
FSBW,$23.34,1440270672468,"2,300",Not yet rated,NULL,N/A
FSYS,$6.38,1440270672498,"45,792",67% bullish,of 3 ratings,$10
FULL,$3.14,1440270672603,"56,049",67% bearish,of 3 ratings,$4.25
FCEL,$0.7366,1440270672639,"1,658,337",88% bullish,of 40 ratings,$2.65
FTEK,$2.16,1440270672664,"40,018",75% bullish,of 4 ratings,N/A
FULLL,$25.3,1440270672734,"2,099",Not yet rated,NULL,N/A
FLL,$1.58,1440270672764,"14,473",75% bullish,of 4 ratings,$2.825
FSNN,$2.61,1440270672826,"1,800",67% bullish,of 3 ratings,$6
FXEN,$0.82,1440270672849,"170,889",75% bullish,of 4 ratings,$1.10
FFHL,NULL,1440270672876,0,50% bullish,of 4 ratings,N/A
FULT,$12.4385,1440270672924,"1,361,369",100% bearish,of 1 rating,$13
FXENP,$15.9,1440270673063,"2,740",100% bearish,of 1 rating,N/A
GK,$70.3,1440270673089,"83,887",Not yet rated,NULL,$78
GLPG,$61.54,1440270673231,"27,887",100% bullish,of 1 rating,$75
WILC,$5.06,1440270673256,"5,946",100% bullish,of 2 ratings,N/A
GAIA,$5.86,1440270673283,"23,978",50% bullish,of 2 ratings,$8.50
GLMD,$8.52,1440270673416,"7,887",67% bullish,of 3 ratings,$20.50
GALE,$1.34,1440270673488,"1,297,229",89% bullish,of 47 ratings,$4
GALTW,NULL,1440270673519,0,100% bullish,of 1 rating,N/A
GALT,$1.99,1440270673540,"104,198",80% bullish,of 5 ratings,N/A
GALTU,NULL,1440270673588,0,100% bearish,of 1 rating,N/A
GLPI,$31.6262,1440270673616,"495,016",100% bearish,of 1 rating,$37.50
GRMN,$38.26,1440270673671,"1,619,493",50% bullish,of 6 ratings,$48
GPIC,$11.09,1440270673747,8,100% bearish,of 1 rating,N/A
GGAC,NULL,1440270673934,0,100% bearish,of 1 rating,N/A
GGACR,NULL,1440270674066,0,100% bullish,of 1 rating,N/A
GGACW,$0.12,1440270674111,438,Not yet rated,NULL,N/A
GGACU,NULL,1440270674137,0,Not yet rated,NULL,N/A
GENC,$9.48,1440270674201,"1,326",100% bearish,of 1 rating,N/A
GARS,$14.82,1440270674232,"25,735",Not yet rated,NULL,$16
GFNSL,$25.8,1440270674253,"1,200",Not yet rated,NULL,N/A
GFNCP,NULL,1440270674283,0,Not yet rated,NULL,N/A
GNCMA,$16.75,1440270674339,"180,927",100% bearish,of 1 rating,$12
GFN,$3.59,1440270674477,"35,382",100% bearish,of 2 ratings,$8
GNCA,$12.48,1440270674508,"168,679",100% bearish,of 1 rating,$20
GNMK,$9.4,1440270674555,"146,170",67% bullish,of 6 ratings,$14
GNTX,$15.0882,1440270674581,"1,731,017",Not yet rated,NULL,$20
GHDX,$25.37,1440270674730,"139,056",50% bullish,of 2 ratings,$30
GENE,$2.36,1440270674791,"148,645",100% bullish,of 12 ratings,N/A
GNVC,$2.24,1440270674924,"34,502",90% bullish,of 10 ratings,$8.50
GTWN,NULL,1440270674958,0,Not yet rated,NULL,N/A
THRM,$44.01,1440270674980,"309,602",75% bearish,of 4 ratings,$55.50
GERN,$3.08,1440270675058,"2,161,517",88% bullish,of 16 ratings,$5.25
GEOS,$15.3,1440270675110,"116,850",100% bearish,of 3 ratings,$25.50
GABC,$29.73,1440270675140,"47,076",Not yet rated,NULL,$31.50
GEVO,$2.29,1440270675168,"240,735",75% bullish,of 12 ratings,$5
ROCK,$17.57,1440270675268,"235,847",80% bullish,of 5 ratings,$24
GIGM,$0.6,1440270675297,"112,719",100% bullish,of 2 ratings,N/A
GIGA,$1.42,1440270675327,"46,287",100% bearish,of 1 rating,N/A
GILT,$4.47,1440270675355,"2,023",50% bullish,of 2 ratings,N/A
GIII,$64.77,1440270675428,"271,077",67% bullish,of 3 ratings,$75
GILD,$105.383,1440270675571,"15,611,252",91% bullish,of 87 ratings,$129
GLAD,$8.51,1440270675708,"155,251",50% bullish,of 2 ratings,$8.75
GBCI,$26.4218,1440270675739,"334,049",50% bullish,of 2 ratings,$31
GOOD,$15.44,1440270675760,"98,286",Not yet rated,NULL,$19
GLADO,$25.59,1440270675789,"3,000",Not yet rated,NULL,N/A
GOODO,$25.1,1440270675815,"1,266",Not yet rated,NULL,N/A
GOODN,$25.64,1440270675843,426,Not yet rated,NULL,N/A
GOODP,$25.14,1440270675979,"1,250",Not yet rated,NULL,N/A
GAINN,$25.2379,1440270676040,150,Not yet rated,NULL,N/A
GAIN,$7.47,1440270676071,"246,309",100% bullish,of 2 ratings,$8.25
GAINO,$25.31,1440270676116,"1,726",Not yet rated,NULL,N/A
GAINP,$25.85,1440270676142,"3,950",Not yet rated,NULL,N/A
GLBZ,NULL,1440270676175,0,Not yet rated,NULL,N/A
LAND,$9.5,1440270676201,"16,439",50% bullish,of 2 ratings,$13.75
GBT,$45.75,1440270676338,"252,564",100% bearish,of 1 rating,N/A
ENT,$11.73,1440270676471,"196,363",100% bearish,of 1 rating,$18
GDEF,$10.5401,1440270676601,100,Not yet rated,NULL,N/A
GPACU,$10.1,1440270676631,"2,854",Not yet rated,NULL,N/A
GBLI,$26.25,1440270676661,"16,164",Not yet rated,NULL,N/A
GSOL,$8.26,1440270676691,"15,789",100% bearish,of 1 rating,N/A
QQQC,$19.26,1440270676717,"4,950",100% bearish,of 1 rating,N/A
SOCL,$17.18,1440270676760,"100,120",100% bullish,of 2 ratings,N/A
ACTX,$13.25,1440270676785,600,100% bullish,of 1 rating,N/A
YLCO,$11.75,1440270676855,"1,235",Not yet rated,NULL,N/A
GAI,$5.27,1440270676959,"3,415",50% bullish,of 2 ratings,N/A
SRET,$13.6,1440270677011,"4,194",Not yet rated,NULL,N/A
ALTY,$14.587,1440270677038,700,Not yet rated,NULL,N/A
GBIM,$2.26,1440270677059,"43,964",50% bullish,of 2 ratings,N/A
GSM,$13.26,1440270677190,"403,098",50% bullish,of 2 ratings,$24.50
GLRI,$1.1,1440270677362,"80,101",100% bearish,of 1 rating,$6
GOGO,$15.48,1440270677410,"479,979",80% bullish,of 5 ratings,$25
GLUU,$4.37,1440270677439,"2,317,587",92% bullish,of 26 ratings,$9
GLNG,$35.44,1440270677465,"792,592",83% bullish,of 6 ratings,$58
GLYC,$7.26,1440270677543,"7,663",50% bullish,of 2 ratings,$14
GLBS,$1.06,1440270677620,"10,500",67% bullish,of 3 ratings,N/A
GMLP,$19.13,1440270677653,"137,734",50% bullish,of 4 ratings,$32.50
GLDC,$4.13,1440270677684,"3,480",50% bullish,of 2 ratings,N/A
GDEN,$8.88,1440270677751,"11,961",50% bullish,of 2 ratings,N/A
GOGL,$2.92,1440270677779,"540,722",75% bullish,of 4 ratings,$5
GBDC,$16.5151,1440270677811,"145,009",Not yet rated,NULL,$17.75
GTIM,$6.47,1440270677836,"80,995",Not yet rated,NULL,$11.50
GOOG,$616,1440270677983,"2,256,491",90% bullish,of 68 ratings,$825
GPRO,$48.84,1440270678118,"5,811,963",78% bullish,of 58 ratings,$72
GOOGL,$647,1440270678249,"2,533,646",88% bullish,of 1079 ratings,$749
GMAN,$4.4,1440270678275,"71,999",60% bullish,of 5 ratings,$8
GPIA,NULL,1440270678342,0,Not yet rated,NULL,N/A
GRVY,$3.43,1440270678474,"1,202",50% bullish,of 2 ratings,N/A
GPIAW,NULL,1440270678501,0,Not yet rated,NULL,N/A
GPIAU,NULL,1440270678522,0,Not yet rated,NULL,N/A
LOPE,$37.1955,1440270678556,"420,323",100% bearish,of 2 ratings,$50
GLDD,$5.39,1440270678655,"288,709",100% bearish,of 4 ratings,$7.75
GBSN,$1.46,1440270678699,"747,556",100% bearish,of 1 rating,$8.25
GSBC,$40.6,1440270678721,"36,220",100% bullish,of 1 rating,$44
GBSNU,$16,1440270678787,"22,548",Not yet rated,NULL,N/A
GPP,$14.94,1440270678820,"24,630",Not yet rated,NULL,$20.50
GNBC,$12.08,1440270678841,"33,737",100% bearish,of 1 rating,$17
GRBK,$13.35,1440270678974,"154,269",77% bullish,of 13 ratings,N/A
GPRE,$18.8277,1440270679003,"832,352",67% bullish,of 6 ratings,$28.50
GCBC,NULL,1440270679135,0,100% bullish,of 1 rating,N/A
GLRE,$24.86,1440270679165,"262,384",50% bullish,of 2 ratings,$41
GRIF,$30.945,1440270679226,209,100% bearish,of 1 rating,N/A
GRPN,$4.077,1440270679269,"7,070,465",61% bullish,of 71 ratings,$6.75
OMAB,$39.57,1440270679328,"24,030",100% bullish,of 1 rating,$44
GRFS,$30.3,1440270679370,"180,141",50% bullish,of 2 ratings,$35
GSIG,$13.11,1440270679406,"71,415",100% bearish,of 2 ratings,N/A
GSIT,$4.97,1440270679474,"9,824",100% bearish,of 1 rating,N/A
GGAL,$18.96,1440270679507,"423,209",80% bullish,of 5 ratings,$40
GTXI,$0.83,1440270679529,"67,416",100% bullish,of 5 ratings,$.75
GSVC,$8.56,1440270679609,"118,374",50% bullish,of 2 ratings,$14.50
GBNK,$15.76,1440270679714,"43,034",100% bearish,of 1 rating,$18
GFED,$14.94,1440270679739,10,Not yet rated,NULL,$17
GUID,$7.29,1440270679784,"187,217",100% bearish,of 3 ratings,$10
GULTU,$0.2905,1440270679975,"102,116",100% bearish,of 1 rating,N/A
GURE,$1.62,1440270680047,"151,052",88% bullish,of 8 ratings,N/A
GIFI,$11.97,1440270680077,"46,892",100% bearish,of 1 rating,$16
GPOR,$33.8159,1440270680112,"937,085",75% bullish,of 4 ratings,$55
GWGH,$7.35,1440270680183,"1,284",100% bearish,of 1 rating,$15.05
GYRO,$2.85,1440270680214,"76,416",100% bearish,of 1 rating,N/A
GWPH,$104.03,1440270680244,"200,237",78% bullish,of 9 ratings,$148.50
HEES,$16.51,1440270680265,"306,657",67% bearish,of 3 ratings,$31
HLG,$9.64,1440270680312,"5,100",100% bearish,of 1 rating,N/A
HNRG,$7.22,1440270680395,"124,047",100% bearish,of 1 rating,$10
HALO,$17.33,1440270680454,"1,204,693",67% bullish,of 3 ratings,$22.50
HALL,$11.67,1440270680532,"28,021",Not yet rated,NULL,N/A
HBK,$13.8,1440270680615,8,50% bullish,of 2 ratings,N/A
HBHCL,$24.49,1440270680747,"18,426",Not yet rated,NULL,N/A
HBHC,$26.8668,1440270680786,"451,705",50% bullish,of 2 ratings,$30
HMPR,$1.89,1440270680812,"118,740",100% bullish,of 1 rating,N/A
HNH,$27.82,1440270680837,"21,502",100% bullish,of 1 rating,N/A
HAFC,$24.565,1440270680971,"117,041",100% bullish,of 2 ratings,$28.50
HDNG,$9.98,1440270681000,"11,225",50% bullish,of 4 ratings,N/A
HNSN,$0.501,1440270681054,"78,898",88% bullish,of 8 ratings,$.40
HLIT,$5.58,1440270681134,"331,156",100% bearish,of 1 rating,$6.50
HRMN,NULL,1440270681190,0,Not yet rated,NULL,N/A
HRMNU,NULL,1440270681216,0,Not yet rated,NULL,N/A
HRMNW,NULL,1440270681247,0,Not yet rated,NULL,N/A
HQCL,$8.63,1440270681294,"24,293",67% bullish,of 3 ratings,N/A
TINY,$2.45,1440270681350,"20,315",50% bullish,of 2 ratings,$5.26
HART,$0.775,1440270681482,"213,330",100% bearish,of 1 rating,N/A
HBIO,$4.39,1440270681513,"81,394",Not yet rated,NULL,$10
HCAP,$12.17,1440270681622,"24,008",50% bullish,of 2 ratings,$15
HCAPL,$25.4,1440270681666,"1,773",Not yet rated,NULL,N/A
HAS,$75.171,1440270681729,"1,049,605",63% bullish,of 8 ratings,$84.50
HCOM,$22.51,1440270681765,"37,331",100% bearish,of 1 rating,$28
HA,$23.05,1440270681793,"931,944",67% bullish,of 9 ratings,$27
HWKN,$36.84,1440270681819,"29,157",Not yet rated,NULL,N/A
HWBK,$13.8,1440270681948,674,100% bearish,of 1 rating,N/A
HDS,$33.08,1440270681998,"1,295,702",100% bearish,of 2 ratings,$39.50
HIIQ,$4.48,1440270682043,"28,731",50% bullish,of 2 ratings,$7
HCSG,$33.546,1440270682096,"309,474",50% bullish,of 4 ratings,$35
HAYN,$37.88,1440270682132,"48,863",100% bearish,of 1 rating,$59
HSTM,$24.87,1440270682192,"220,098",50% bullish,of 2 ratings,$33.75
HWAY,$12.48,1440270682292,"386,123",100% bearish,of 1 rating,$15
HQY,$29.27,1440270682321,"394,569",67% bullish,of 3 ratings,$31
HTLD,$20.165,1440270682424,"492,188",Not yet rated,NULL,$22.50
HTLF,$36.24,1440270682488,"48,371",100% bullish,of 1 rating,$39.50
HTWR,$83.28,1440270682524,"239,502",50% bullish,of 2 ratings,$103
HTBX,$5.31,1440270682550,"21,712",50% bullish,of 2 ratings,$15.50
HSII,$20.17,1440270682575,"59,389",100% bullish,of 3 ratings,$25
HELE,$87.93,1440270682619,"151,548",67% bearish,of 3 ratings,$100
HSIC,$138.0834,1440270683015,"512,882",83% bullish,of 6 ratings,$146
HCACU,$10.0043,1440270683042,"2,000",Not yet rated,NULL,N/A
HMNY,$2.2261,1440270683064,"2,878",100% bearish,of 1 rating,N/A
HMTV,$12.84,1440270683194,"12,852",100% bearish,of 1 rating,$16
HERO,$0.06,1440270683221,"5,839,839",81% bullish,of 16 ratings,$.75
HNNA,$24.57,1440270683242,"15,081",Not yet rated,NULL,N/A
HEOP,$7.68,1440270683405,"27,087",Not yet rated,NULL,$8.50
HCCI,$11.65,1440270683432,"27,277",100% bearish,of 1 rating,$16.50
HTBK,$11.04,1440270683466,"93,871",Not yet rated,NULL,$12
MLHR,$28.1966,1440270683488,"238,584",50% bullish,of 2 ratings,$33.50
HFWA,$17.74,1440270683521,"62,742",100% bullish,of 1 rating,$20
HRTX,$35.05,1440270683561,"839,423",67% bullish,of 6 ratings,$41
HFFC,$16.27,1440270683620,946,Not yet rated,NULL,N/A
HSKA,$33.2,1440270683669,"28,561",100% bearish,of 1 rating,$38
HIBB,$37.37,1440270683803,"1,128,881",100% bearish,of 1 rating,$48.50
HPJ,$2.25,1440270683829,"130,395",75% bullish,of 4 ratings,$12.43
HIHO,$4,1440270683877,"9,057",Not yet rated,NULL,N/A
HMNF,$11.42,1440270684054,"2,480",Not yet rated,NULL,N/A
HIMX,$6.29,1440270684080,"1,170,901",86% bullish,of 21 ratings,$8.50
HMSY,$8.8389,1440270684130,"1,363,874",67% bullish,of 3 ratings,$19.35
HSGX,$5.92,1440270684232,"24,278",100% bearish,of 1 rating,$17
HOLX,$39.74,1440270684258,"2,134,552",67% bullish,of 3 ratings,$42
HOLI,$16.9527,1440270684291,"228,631",50% bullish,of 4 ratings,$27
HIFS,$118.11,1440270684312,"8,734",Not yet rated,NULL,N/A
HBCP,$24.4,1440270684333,"41,618",Not yet rated,NULL,$29
HOMB,$39.23,1440270684398,"321,450",Not yet rated,NULL,$41
AWAY,$29.3662,1440270684815,"943,583",67% bullish,of 3 ratings,$36
HFBL,$21.69,1440270684861,"1,800",Not yet rated,NULL,N/A
HMIN,$29.096,1440270684887,"61,111",100% bearish,of 2 ratings,$35
HMST,$21.57,1440270684908,"119,006",100% bullish,of 2 ratings,$27
HTBI,$18.39,1440270685142,"70,970",67% bullish,of 3 ratings,$18.625
HKTV,$4.68,1440270685163,"7,455",100% bearish,of 1 rating,N/A
CETC,$0.77,1440270685193,"45,584",86% bullish,of 7 ratings,N/A
HRZN,$10.59,1440270685224,"54,947",100% bearish,of 1 rating,$14.25
HOFT,$24.43,1440270685245,"62,910",100% bearish,of 1 rating,N/A
HBNC,$24.3,1440270685280,"31,745",100% bullish,of 1 rating,$27
HFBC,$11.61,1440270685325,"2,835",Not yet rated,NULL,N/A
ZINC,$7.25,1440270685460,"624,456",100% bearish,of 1 rating,$17
HZNP,$29.2,1440270685603,"2,449,005",85% bullish,of 20 ratings,$40
HDP,$25.5,1440270685631,"235,894",67% bearish,of 3 ratings,$30.50
HMHC,$22.4,1440270685661,"923,176",Not yet rated,NULL,$27
HWCC,$7.22,1440270685770,"136,206",100% bearish,of 1 rating,$9
HOVNP,NULL,1440270685930,0,100% bearish,of 1 rating,N/A
HBMD,$14.95,1440270685959,502,100% bearish,of 1 rating,N/A
HSNI,$60.9227,1440270685984,"239,269",Not yet rated,NULL,$80
HTGM,$5.59,1440270686015,"9,721",100% bearish,of 1 rating,$19.50
HCBK,$9.5789,1440270686045,"2,422,499",83% bullish,of 6 ratings,$8.61
HUBG,$39.18,1440270686120,"205,184",100% bearish,of 1 rating,$43
HBAN,$11.11,1440270686151,"6,980,840",76% bullish,of 17 ratings,$12.29
HSON,$2.8,1440270686177,"20,391",100% bearish,of 1 rating,$5
HBANP,$1337,1440270686257,12,100% bearish,of 1 rating,N/A
HURC,$29.88,1440270686492,"26,946",100% bearish,of 1 rating,N/A
HDSN,$2.81,1440270686537,"30,286",100% bullish,of 1 rating,$6.25
HURN,$73.02,1440270686683,"109,473",50% bullish,of 2 ratings,$80
HTCH,$1.58,1440270687416,"60,402",100% bearish,of 1 rating,$3.50
HBP,$3.09,1440270687558,"1,457",100% bullish,of 1 rating,N/A
HDRAU,$10.06,1440270687692,100,Not yet rated,NULL,N/A
HYGS,$7.48,1440270687719,"42,666",50% bullish,of 2 ratings,$13
HDRA,NULL,1440270687775,0,Not yet rated,NULL,N/A
HDRAR,NULL,1440270687802,0,Not yet rated,NULL,N/A
HDRAW,NULL,1440270687823,0,Not yet rated,NULL,N/A
IDSY,$3.85,1440270688001,"6,888",100% bearish,of 1 rating,$7
ICAD,$3.54,1440270688029,"22,041",50% bullish,of 2 ratings,$7.25
IBKC,$60.3428,1440270688061,"191,218",100% bullish,of 1 rating,$70
IKGH,$1.81,1440270688095,"12,492",75% bullish,of 4 ratings,N/A
IACI,$71.15,1440270688162,"768,044",75% bullish,of 4 ratings,$90
IEP,$67.43,1440270688198,"123,610",75% bullish,of 4 ratings,$99
ICON,$12.25,1440270688265,"780,798",50% bullish,of 2 ratings,$18.50
ICLR,$77.7434,1440270688292,"297,930",100% bearish,of 3 ratings,$85
ICFI,$35.71,1440270688371,"104,061",50% bullish,of 2 ratings,$48.50
IPWR,$7.36,1440270688506,"3,392",100% bullish,of 1 rating,$15
ICUI,$115.51,1440270688539,"147,406",Not yet rated,NULL,$122
INVE,$4.66,1440270688699,"109,550",75% bullish,of 4 ratings,$4
IDXX,$74.1911,1440270688726,"439,447",100% bearish,of 1 rating,$77
DSKY,$12.1367,1440270688747,"291,194",67% bullish,of 6 ratings,$11.50
IDRA,$2.52,1440270688776,"1,118,091",89% bullish,of 9 ratings,$6.50
IROQ,$16.68,1440270689183,502,100% bullish,of 1 rating,N/A
RXDX,$12.57,1440270689291,"107,394",100% bullish,of 1 rating,$20
IKNX,$11.46,1440270689320,722,100% bearish,of 1 rating,N/A
IIVI,$17.63,1440270689347,"240,082",100% bearish,of 1 rating,$22
KANG,$15,1440270689368,"344,010",50% bullish,of 2 ratings,$22.55
IKAN,$2.73,1440270689399,"14,561",83% bullish,of 6 ratings,$5
IRG,$4.73,1440270689426,"29,774",100% bearish,of 1 rating,$4.50
ILMN,$199.29,1440270689736,"1,014,627",80% bullish,of 5 ratings,$240
ICCC,$8.05,1440270689772,"7,929",100% bullish,of 1 rating,N/A
ISNS,$3.82,1440270689794,"67,780",50% bullish,of 2 ratings,N/A
IMNP,$1.38,1440270689816,"103,462",50% bullish,of 2 ratings,$6
IMMR,$11.38,1440270689838,"215,531",80% bullish,of 5 ratings,$15.50
IMDZ,$15.49,1440270689888,"55,028",100% bearish,of 1 rating,$33
IMMU,$1.87,1440270689976,"975,603",86% bullish,of 7 ratings,$2
IMGN,$13.07,1440270690005,"1,107,990",75% bullish,of 4 ratings,$17.50
IPXL,$43.4148,1440270690109,"694,109",67% bullish,of 3 ratings,$46.50
IMMY,$7.49,1440270690134,"6,448",100% bearish,of 1 rating,$11
INCY,$104.2975,1440270690354,"711,350",50% bullish,of 6 ratings,$125.50
SAAS,$7.7296,1440270690396,"487,787",50% bullish,of 2 ratings,$15
INDB,$46.44,1440270690434,"91,428",Not yet rated,NULL,$44
INCR,$42.36,1440270690464,"1,097,736",50% bullish,of 2 ratings,$53
IBCP,$14.21,1440270690485,"66,760",100% bullish,of 1 rating,$14.50
INFI,$9.44,1440270690519,"820,535",50% bullish,of 4 ratings,$18
IDSA,$3.64,1440270690540,174,Not yet rated,NULL,N/A
IBTX,$42.68,1440270690561,"39,240",100% bullish,of 2 ratings,$47.25
INFN,$21.08,1440270690822,"2,781,964",71% bullish,of 7 ratings,$28
IPCC,$79.97,1440270690848,"44,593",Not yet rated,NULL,$77.50
III,$4.14,1440270690907,"158,901",57% bullish,of 7 ratings,$6
INWK,$7.33,1440270691114,"164,366",50% bullish,of 2 ratings,$10
INNL,NULL,1440270691170,0,100% bearish,of 1 rating,$16.50
IOSP,$46.19,1440270691204,"4,359,888",100% bearish,of 1 rating,N/A
INOD,$2.48,1440270691230,"19,784",100% bearish,of 1 rating,N/A
ISSC,$2.92,1440270691260,"8,615",67% bearish,of 3 ratings,N/A
IMKTA,$52.89,1440270691281,"113,692",100% bearish,of 1 rating,N/A
IPHS,$47.91,1440270691311,"90,391",100% bearish,of 1 rating,$60
IFON,$1.23,1440270691332,"45,196",75% bullish,of 4 ratings,N/A
INOV,$20.95,1440270691532,"349,429",100% bearish,of 1 rating,$33
ITEK,$13.7368,1440270691558,"780,060",100% bearish,of 3 ratings,$20
INGN,$49.39,1440270691626,"168,397",100% bearish,of 1 rating,$50.50
NSIT,$25.94,1440270691708,"161,989",50% bullish,of 2 ratings,N/A
INO,$7.07,1440270691760,"991,184",89% bullish,of 18 ratings,$20
ISIG,$2.58,1440270691930,"12,103",100% bearish,of 1 rating,N/A
IIIN,$18,1440270691959,"160,188",100% bearish,of 2 ratings,N/A
INSM,$24.29,1440270691980,"376,220",71% bullish,of 7 ratings,$31.50
PODD,$28.7,1440270692012,"377,984",50% bullish,of 2 ratings,$35
INSY,$32.5,1440270692033,"744,412",75% bullish,of 4 ratings,$48
IART,$60.71,1440270692176,"233,404",100% bearish,of 1 rating,$71.50
NTEC,$5.94,1440270692267,"22,000",Not yet rated,NULL,N/A
INTC,$26.7,1440270692298,"36,675,246",82% bullish,of 238 ratings,$36
IESC,$7.27,1440270692322,"1,500",100% bearish,of 1 rating,N/A
ISSI,$22.3,1440270692353,"296,636",67% bullish,of 3 ratings,$19.75
IDTI,$17.29,1440270692375,"2,463,021",60% bullish,of 5 ratings,$25
IQNT,$19.28,1440270692412,"257,467",86% bullish,of 7 ratings,$20
IPCI,$2.12,1440270692512,"35,773",67% bullish,of 6 ratings,$7.75
ININ,$37,1440270692699,"115,076",67% bearish,of 3 ratings,$57
IPAR,$27.27,1440270692728,"59,510",67% bullish,of 3 ratings,$38
IBKR,$38.66,1440270692750,"576,484",100% bullish,of 1 rating,N/A
ICPT,$190.6771,1440270692771,"265,072",70% bullish,of 10 ratings,$359.50
ICLD,$1.87,1440270692804,"413,066",75% bullish,of 4 ratings,N/A
IDCC,$47.38,1440270692949,"294,240",80% bullish,of 5 ratings,$63
TILE,$24.33,1440270692979,"583,565",67% bearish,of 3 ratings,$27
IBOC,$26.0269,1440270693081,"200,228",100% bearish,of 1 rating,N/A
IMI,$2.13,1440270693109,"9,131",67% bullish,of 3 ratings,$2.22
IGLD,$7.15,1440270693134,"2,377",50% bullish,of 2 ratings,N/A
ICLDW,$0.9601,1440270693179,"1,250",100% bearish,of 1 rating,N/A
INAP,$8.27,1440270693208,"157,177",75% bullish,of 4 ratings,$11
IIJI,$8.9299,1440270693308,"1,000",50% bullish,of 2 ratings,$11.50
PTNT,$3.05,1440270693734,"4,282",Not yet rated,NULL,N/A
ISCA,$31.76,1440270693764,"75,500",100% bearish,of 1 rating,N/A
INPH,$0.3099,1440270693791,"9,140",50% bullish,of 2 ratings,N/A
XENT,$27.72,1440270693870,"196,800",50% bullish,of 2 ratings,$36.50
INTL,$25.88,1440270693955,"119,017",67% bearish,of 3 ratings,N/A
IILG,$20.03,1440270694000,"307,013",100% bearish,of 1 rating,$30.50
ISIL,$10.2,1440270694030,"911,504",50% bullish,of 6 ratings,$15
ITCI,$28.5,1440270694087,"400,140",75% bearish,of 4 ratings,$40
INTLL,$25.77,1440270694133,"1,100",Not yet rated,NULL,N/A
IVAC,$4.89,1440270694164,"16,408",Not yet rated,NULL,$6.625
IIN,$6.38,1440270694238,"6,399",100% bearish,of 1 rating,$12
INTX,$2.44,1440270694277,"40,947",67% bullish,of 3 ratings,N/A
INTU,$89.98,1440270694334,"5,254,872",86% bullish,of 7 ratings,$110.50
ISRG,$506.65,1440270694365,"238,287",67% bullish,of 3 ratings,$600
INVT,$0.2713,1440270694406,"28,221",67% bullish,of 3 ratings,N/A
SNAK,$8.47,1440270694435,"286,014",50% bullish,of 2 ratings,$14
NVIV,$9.83,1440270694702,"458,296",50% bullish,of 4 ratings,$24.50
DTUL,NULL,1440270694803,0,Not yet rated,NULL,N/A
ITIC,$71.35,1440270694840,16,100% bearish,of 2 ratings,N/A
ISBC,$11.8686,1440270694862,"2,158,729",100% bullish,of 1 rating,$13.25
ISTR,$15.85,1440270694903,"2,506",100% bearish,of 1 rating,$18.50
DFVL,NULL,1440270694925,0,Not yet rated,NULL,N/A
IVTY,$12.69,1440270694959,"13,088",Not yet rated,NULL,$18
IPAS,$1.01,1440270694993,"153,876",67% bullish,of 3 ratings,N/A
IPCM,$79.5,1440270695062,"605,193",50% bullish,of 2 ratings,$80.125
IRIX,$7.16,1440270695299,"14,066",100% bearish,of 1 rating,N/A
IPGP,$84.18,1440270695325,"196,618",100% bearish,of 2 ratings,$109.50
IRMD,$25.1,1440270695346,"16,337",67% bearish,of 3 ratings,$25
IRDM,$6.69,1440270695376,"599,667",60% bullish,of 5 ratings,$11.50
IRDMB,$266.65,1440270695505,"1,378",67% bearish,of 3 ratings,N/A
IRBT,$29.9,1440270695544,"240,464",67% bullish,of 6 ratings,$37
IRCP,$32,1440270695575,651,100% bullish,of 2 ratings,N/A
IRWD,$10.95,1440270695603,"1,059,107",100% bearish,of 1 rating,$13
COMT,$32.24,1440270695676,"20,256",100% bearish,of 1 rating,N/A
FCHI,$47.8,1440270695773,"4,334",Not yet rated,NULL,N/A
GNMA,$50.25,1440270695802,"2,022",Not yet rated,NULL,N/A
IFAS,$28.76,1440270695823,"9,892",Not yet rated,NULL,N/A
IFEU,$39.05,1440270695858,"52,081",Not yet rated,NULL,N/A
IFGL,$28.84,1440270695957,"124,298",Not yet rated,NULL,N/A
ACWX,$40.41,1440270696023,"332,696",100% bearish,of 1 rating,N/A
IFNA,$56.26,1440270696094,2,Not yet rated,NULL,N/A
ACWI,$55.66,1440270696122,"1,415,661",Not yet rated,NULL,N/A
AAXJ,$52.27,1440270696154,"1,955,125",Not yet rated,NULL,N/A
AXJS,NULL,1440270696183,0,Not yet rated,NULL,N/A
AAIT,$30.53,1440270696257,"1,424",100% bullish,of 1 rating,N/A
EGRW,$47,1440270696455,"2,678",Not yet rated,NULL,N/A
EEMA,$48.76,1440270696486,"380,775",Not yet rated,NULL,N/A
EMEY,$24.77,1440270696517,200,Not yet rated,NULL,N/A
EEME,$38.47,1440270696539,"1,248",100% bearish,of 1 rating,N/A
EMDI,$46.16,1440270696577,300,Not yet rated,NULL,N/A
EEML,$27.35,1440270696598,700,Not yet rated,NULL,N/A
EUFN,$21.91,1440270696635,"205,824",100% bearish,of 1 rating,N/A
EVAL,$36.84,1440270696656,"4,617",Not yet rated,NULL,N/A
IEUS,$45.52,1440270696787,"8,328",100% bearish,of 1 rating,N/A
UAE,$17.61,1440270696889,"11,802",Not yet rated,NULL,N/A
QAT,$20.45,1440270696968,"23,345",Not yet rated,NULL,N/A
IBB,$340.47,1440270696997,"2,475,808",63% bullish,of 8 ratings,N/A
EMIF,$28.27,1440270697101,"15,998",Not yet rated,NULL,N/A
ICLN,$9.42,1440270697136,"40,619",50% bullish,of 2 ratings,N/A
SOXX,$78.63,1440270697230,"710,879",50% bullish,of 2 ratings,N/A
WOOD,$49.3,1440270697260,"53,527",50% bullish,of 2 ratings,N/A
ISIS,$47.09,1440270697315,"1,346,021",53% bullish,of 15 ratings,$67
ISHG,$80.2,1440270697342,"83,600",100% bearish,of 1 rating,N/A
INDY,$27.85,1440270697372,"903,318",50% bullish,of 2 ratings,N/A
IGOV,$92.1372,1440270697398,"25,494",100% bearish,of 1 rating,N/A
ISLE,$16.59,1440270697531,"295,431",50% bullish,of 4 ratings,$16
ISRL,$128.55,1440270697563,"1,003",100% bearish,of 1 rating,N/A
ITRN,$24.7,1440270697638,"30,305",50% bullish,of 2 ratings,N/A
ITRI,$31.94,1440270697663,"253,746",Not yet rated,NULL,$37
ITUS,$4.16,1440270697798,"6,967",Not yet rated,NULL,N/A
XXIA,$15.37,1440270697820,"314,105",71% bullish,of 7 ratings,$14.625
JJSF,$113.14,1440270697877,"100,391",100% bearish,of 1 rating,N/A
IXYS,$10.57,1440270697911,"247,242",50% bullish,of 4 ratings,N/A
MAYS,NULL,1440270697975,0,Not yet rated,NULL,N/A
JASO,$7,1440270698004,"1,435,775",82% bullish,of 17 ratings,$10
JCOM,$69.56,1440270698035,"218,346",100% bullish,of 2 ratings,$77
JBHT,$76.18,1440270698136,"901,669",50% bullish,of 4 ratings,$89.50
JKHY,$68.27,1440270698168,"285,534",50% bullish,of 2 ratings,$72
JXSB,$24.05,1440270698266,742,Not yet rated,NULL,N/A
JACK,$81.43,1440270698302,"546,557",83% bullish,of 6 ratings,$105
JAXB,$12.76,1440270698329,"1,300",100% bullish,of 1 rating,N/A
JAGX,$2.5784,1440270698466,"18,491",Not yet rated,NULL,N/A
JAKK,$9.07,1440270698507,"491,312",60% bearish,of 5 ratings,$11
JASN,$4.81,1440270698640,"34,092",50% bullish,of 2 ratings,$9.50
ERW,NULL,1440270698670,0,Not yet rated,NULL,N/A
JMBA,$13.18,1440270698691,"107,503",75% bullish,of 4 ratings,$18
JASNW,$0.18,1440270698719,"12,833",50% bullish,of 2 ratings,N/A
JRVR,$26.32,1440270698747,"51,011",Not yet rated,NULL,$32
JAZZ,$170.2996,1440270698903,"486,735",80% bullish,of 15 ratings,$206.50
JBLU,$21.8,1440270698935,"7,445,018",94% bullish,of 17 ratings,$27
JTPY,$3.02,1440270699006,"5,165",100% bearish,of 1 rating,N/A
JD,$25.2,1440270699033,"9,448,374",75% bullish,of 16 ratings,$36
JCTCF,NULL,1440270699095,0,100% bullish,of 1 rating,N/A
JST,$4,1440270699200,"43,984",75% bullish,of 4 ratings,N/A
WYIGU,$10.0227,1440270699330,100,Not yet rated,NULL,N/A
JIVE,$4.1,1440270699358,"633,964",75% bullish,of 4 ratings,$5
JBSS,$48.96,1440270699385,"138,677",67% bearish,of 3 ratings,N/A
JOEZ,$0.185,1440270699412,"70,020",92% bullish,of 12 ratings,N/A
JNP,$9.63,1440270699546,"10,574",100% bullish,of 3 ratings,$15
DATE,$6.47,1440270699582,"197,033",75% bullish,of 4 ratings,$9
