Symbol,Price,Date,Volume,Rating,RatingVoteCount,OneYearEstimate
TFSCR,NULL,1439838902251,0,Not yet rated,NULL,N/A
FCCY,$11.73,1439838902274,"4,389",100% bullish,of 1 rating,$13
FCTY,NULL,1439838902310,0,100% bullish,of 1 rating,$8.50
FLWS,$9.73,1439838902331,"51,439",100% bullish,of 5 ratings,$15
TFSC,NULL,1439838902362,0,100% bearish,of 1 rating,N/A
TFSCW,NULL,1439838902383,0,100% bearish,of 1 rating,N/A
TFSCU,NULL,1439838902404,0,Not yet rated,NULL,N/A
PIH,$7.7,1439838902436,"9,875",100% bearish,of 1 rating,N/A
TWOU,$36,1439838902680,"423,493",50% bullish,of 2 ratings,$39
DGLD,$85.395,1439838902710,"1,094",100% bullish,of 1 rating,N/A
UGLD,$8.8857,1439838902732,"52,805",100% bearish,of 1 rating,N/A
JOBS,$28.4999,1439838902774,"59,223",50% bullish,of 4 ratings,$36
DSLV,$61.6,1439838902796,"4,892",100% bearish,of 1 rating,N/A
SRCE,$31.68,1439838902869,"15,290",100% bullish,of 3 ratings,$33
USLV,$14.8354,1439838902896,"107,459",86% bullish,of 7 ratings,N/A
VNET,$21.345,1439838902925,"495,865",60% bullish,of 5 ratings,$29.50
AAON,$22.955,1439838903342,"35,992",100% bearish,of 1 rating,$24
ABAX,$48.31,1439838903393,"59,611",100% bearish,of 1 rating,$60
SIXD,$3.2,1439838903418,"48,648",Not yet rated,NULL,N/A
SHLM,$35.41,1439838903445,"35,981",100% bearish,of 1 rating,$50
AVHI,$14.09,1439838903465,"16,116",100% bearish,of 1 rating,$19
EGHT,$8.64,1439838903608,"102,020",82% bullish,of 17 ratings,$11
ABGB,$4.91,1439838903663,"35,251",67% bullish,of 3 ratings,$5.50
ABY,$22.305,1439838903738,"320,810",100% bearish,of 2 ratings,$46
ABMD,$106.98,1439838903799,"296,847",75% bullish,of 4 ratings,$86
ABEOW,$2.35,1439838903824,"1,470",100% bullish,of 1 rating,N/A
ABEO,$5.42,1439838903854,"71,952",67% bullish,of 3 ratings,$15.50
AXAS,$1.8,1439838903994,"354,981",78% bullish,of 9 ratings,$3.50
ACTG,$8.6577,1439838904191,"72,857",67% bullish,of 3 ratings,$18.50
ACHC,$81.845,1439838904251,"345,112",50% bullish,of 2 ratings,$92
ACAD,$39.004,1439838904323,"421,080",85% bullish,of 20 ratings,$48
ACST,$0.3873,1439838904449,"29,904",100% bullish,of 2 ratings,N/A
CAFD,$15.6916,1439838904474,"54,165",Not yet rated,NULL,$25
XLRN,$32.47,1439838904539,"125,137",50% bullish,of 2 ratings,$57
ARAY,$6.1,1439838904564,"320,326",100% bearish,of 1 rating,$10.50
AXDX,$19.36,1439838904604,"81,885",100% bearish,of 1 rating,N/A
VXUP,$16.9,1439838904803,"26,591",Not yet rated,NULL,N/A
ANCX,$19.07,1439838904839,"18,115",Not yet rated,NULL,$19
VXDN,$17.03,1439838904897,"2,510",Not yet rated,NULL,N/A
AKAO,$7.25,1439838904928,"83,224",75% bullish,of 4 ratings,$15
ACRX,$4.43,1439838905004,"135,822",67% bearish,of 6 ratings,$5.50
ACET,$25.43,1439838905034,"41,520",75% bullish,of 4 ratings,$30
ACHN,$8.69,1439838905112,"3,447,089",90% bullish,of 21 ratings,$16
ACIW,$23.14,1439838905330,"79,795",50% bullish,of 2 ratings,$24
ACNB,$20.2,1439838905489,200,Not yet rated,NULL,N/A
ACPW,$1.9062,1439838905528,"8,229",100% bullish,of 4 ratings,$3.50
ACTS,$1.5,1439838905555,"37,035",100% bearish,of 1 rating,N/A
ATVI,$29.32,1439838905580,"2,191,014",68% bullish,of 84 ratings,$31.50
ACTA,$13.86,1439838905621,"37,384",67% bearish,of 3 ratings,$25
ACUR,$0.6483,1439838905650,"89,158",100% bullish,of 5 ratings,$1
ACOR,$32.08,1439838905671,"104,991",67% bearish,of 3 ratings,$38.50
ACXM,$21.14,1439838905870,"138,181",67% bullish,of 3 ratings,N/A
ADMS,$22.03,1439838906078,"33,482",100% bearish,of 2 ratings,$36
ADMP,$3.594,1439838906185,"19,995",50% bullish,of 2 ratings,$10
ADAP,$15.7496,1439838906211,"56,130",67% bullish,of 3 ratings,$22
ADUS,$29.48,1439838906241,"36,541",100% bearish,of 1 rating,$31
ADEP,$7.44,1439838906338,"11,414",50% bullish,of 2 ratings,$10.75
ADBE,$86.627,1439838906435,"535,681",65% bullish,of 17 ratings,$90
AEY,$2.26,1439838906460,"8,285",100% bearish,of 2 ratings,N/A
ADMA,$9.4599,1439838906594,"6,240",Not yet rated,NULL,$19
ADTN,$16.28,1439838906697,"119,711",67% bullish,of 3 ratings,$17.125
ADXS,$16.8,1439838906755,"423,560",64% bullish,of 14 ratings,$27
AEIS,$26.34,1439838906791,"136,755",50% bullish,of 2 ratings,$32.50
ADRO,$21.3841,1439838906821,"82,505",80% bullish,of 5 ratings,$45.50
AMD,$1.83,1439838906850,"4,232,729",83% bullish,of 102 ratings,$2
ADXSW,$11.8131,1439838906883,"1,485",100% bullish,of 1 rating,N/A
MULT,NULL,1439838906986,0,100% bearish,of 1 rating,N/A
AEGR,$18.31,1439838907226,"158,572",50% bullish,of 6 ratings,$26
YPRO,$23.07,1439838907255,"7,460",100% bearish,of 1 rating,N/A
AEGN,$18.92,1439838907323,"33,778",100% bearish,of 1 rating,$21
AMTX,$3.4,1439838907355,"3,765",50% bullish,of 2 ratings,$26.11
AEHR,$2.23,1439838907385,"7,172",50% bullish,of 2 ratings,N/A
AEZS,$0.1199,1439838907452,"7,182,779",90% bullish,of 21 ratings,$1.625
AVAV,$26.26,1439838907487,"64,835",50% bullish,of 4 ratings,$31
AEPI,$58,1439838907538,"14,879",100% bearish,of 1 rating,N/A
AEMD,$6.84,1439838907676,"18,774",Not yet rated,NULL,$27.50
AERI,$16.23,1439838907712,"128,577",75% bullish,of 4 ratings,$31.50
AFMD,$12.0201,1439838907809,"115,349",50% bullish,of 4 ratings,$15
AGEN,$7.701,1439838907839,"454,523",85% bullish,of 13 ratings,$14
AGRX,$8.93,1439838907911,"7,867",100% bearish,of 1 rating,$18
AFFX,$9.845,1439838907936,"325,410",80% bullish,of 5 ratings,$12
AGYS,$9.55,1439838908142,"6,066",100% bearish,of 1 rating,N/A
AGIO,$96.15,1439838908182,"144,549",88% bullish,of 8 ratings,$114
AGFS,$10.957,1439838908249,"61,349",100% bearish,of 1 rating,N/A
AGFSW,$2.45,1439838908277,"11,197",100% bearish,of 1 rating,N/A
AIRM,$40.17,1439838908304,"82,217",80% bearish,of 5 ratings,$53
AIMT,$24.45,1439838908332,"147,024",Not yet rated,NULL,N/A
AIRT,$23.2499,1439838908360,907,100% bullish,of 1 rating,N/A
ATSG,$9.79,1439838908503,"40,763",67% bullish,of 3 ratings,$13
AIXG,$6,1439838908763,"3,202",67% bearish,of 3 ratings,$6
AKBA,$7.21,1439838908791,"85,132",100% bearish,of 1 rating,$18
AKAM,$73.37,1439838908812,"376,470",63% bullish,of 8 ratings,$77
AMCN,$5.115,1439838909002,"371,616",83% bullish,of 6 ratings,N/A
AKRX,$44.2696,1439838909062,"155,607",78% bullish,of 9 ratings,$56
AKER,$3.81,1439838909087,"1,754",Not yet rated,NULL,N/A
ALRM,$16.785,1439838909117,"38,941",100% bearish,of 1 rating,$22
ADHD,$9.255,1439838909147,"255,643",50% bullish,of 4 ratings,$18
ALSK,$2.0608,1439838909168,"64,969",78% bullish,of 18 ratings,$2
ABDC,$12.98,1439838909217,"29,255",Not yet rated,NULL,$15
AMRI,$20.965,1439838909302,"87,515",75% bearish,of 4 ratings,$24
ALXN,$190.825,1439838909555,"265,321",88% bullish,of 8 ratings,$223
ALDX,$8.1,1439838909756,"7,200",100% bearish,of 1 rating,$14.50
ALDR,$38.27,1439838909790,"365,428",67% bearish,of 3 ratings,$62
ALGN,$60.76,1439838909854,"254,029",100% bearish,of 2 ratings,$73
ALKS,$68.115,1439838909883,"249,186",67% bullish,of 3 ratings,$75
ALXA,$1.13,1439838909908,"11,255",83% bullish,of 6 ratings,$2.125
ALCO,$44.73,1439838909937,"10,337",50% bullish,of 2 ratings,N/A
ALIM,$3.94,1439838910041,"27,650",80% bullish,of 5 ratings,$10
ALGT,$234.67,1439838910067,"59,531",100% bearish,of 1 rating,$235
ALLB,$23.88,1439838910198,"2,048",Not yet rated,NULL,N/A
ARLP,$24.813,1439838910290,"99,405",67% bearish,of 3 ratings,$32
AHGP,$36.12,1439838910321,"29,351",67% bullish,of 3 ratings,N/A
AFOP,$19.065,1439838910417,"36,340",75% bullish,of 8 ratings,$21
AIQ,$15.07,1439838910458,"4,105",67% bullish,of 3 ratings,N/A
AHPI,$1.45,1439838910483,700,50% bullish,of 2 ratings,N/A
AMOT,$18.04,1439838910509,"20,686",100% bearish,of 1 rating,N/A
ALQA,$4.675,1439838910748,"24,848",75% bullish,of 4 ratings,$8.50
ALLT,$5.1,1439838910782,"75,041",75% bullish,of 4 ratings,$6.25
AFAM,$49.6301,1439838910837,"38,591",50% bullish,of 2 ratings,$44
ALNY,$111.24,1439838910858,"182,762",67% bullish,of 3 ratings,$148.50
MDRX,$14.225,1439838910895,"932,534",60% bullish,of 5 ratings,$16
SMCP,NULL,1439838910917,0,Not yet rated,NULL,N/A
ATEC,$0.65,1439838910946,"26,292",100% bullish,of 1 rating,$2
AOSL,$7.29,1439838910994,"12,853",67% bullish,of 3 ratings,$9
ALTR,$49.29,1439838911237,"395,266",80% bearish,of 5 ratings,$54
ASPS,$30.26,1439838911265,"44,808",67% bullish,of 3 ratings,$46.50
AIMC,$26.57,1439838911291,"36,156",100% bearish,of 1 rating,$28.50
AMAG,$64.59,1439838911451,"254,984",100% bullish,of 2 ratings,$75
AMRN,$2.31,1439838911480,"440,628",85% bullish,of 39 ratings,$8
AYA,$23.03,1439838911582,"12,246",100% bearish,of 1 rating,$40
AMZN,$535.5,1439838911661,"967,459",81% bullish,of 261 ratings,$646
AMBC,$16.68,1439838911726,"95,500",100% bearish,of 1 rating,$16.50
AMRK,$10.5,1439838911757,"2,312",50% bullish,of 2 ratings,$14
AMBCW,$8.399,1439838911855,"2,112",100% bearish,of 1 rating,N/A
AMBA,$108.24,1439838911936,"658,860",83% bullish,of 12 ratings,$102.50
AMCX,$76.28,1439838911989,"245,596",67% bullish,of 3 ratings,$85.50
EPAX,$2.6901,1439838912016,"163,610",100% bearish,of 1 rating,N/A
DOX,$60.4325,1439838912148,"139,426",100% bullish,of 2 ratings,$60
AMED,$45.31,1439838912290,"66,340",100% bearish,of 1 rating,$42
AMDA,$0.4992,1439838912938,"956,447",90% bullish,of 10 ratings,$1
UHAL,$381.62,1439838913227,"10,027",100% bullish,of 2 ratings,$393.50
AGNCB,$24.0652,1439838913258,"10,614",Not yet rated,NULL,N/A
AGNCP,$25.27,1439838913284,"5,375",Not yet rated,NULL,N/A
ATAX,$5.34,1439838913316,"38,879",100% bullish,of 1 rating,$6.50
ASBI,$22.74,1439838913337,899,Not yet rated,NULL,N/A
AAL,$43.92,1439838913368,"3,660,273",93% bullish,of 87 ratings,$57
AMOV,$18.76,1439838913399,"11,238",100% bearish,of 1 rating,N/A
MTGEP,$24.2587,1439838913501,400,Not yet rated,NULL,N/A
AGNC,$19.88,1439838913586,"1,735,979",75% bullish,of 28 ratings,$22
MTGE,$15.9701,1439838913628,"223,049",75% bullish,of 4 ratings,$19.50
ACSF,$12.7499,1439838913653,"16,596",100% bearish,of 1 rating,$15
ACAS,$14.365,1439838913723,"840,192",60% bullish,of 5 ratings,$16.75
ANCI,$1.61,1439838913853,"2,450",100% bearish,of 1 rating,N/A
AMIC,$10.1,1439838913878,236,Not yet rated,NULL,N/A
AETI,$3.8401,1439838913950,"6,335",67% bearish,of 3 ratings,N/A
ANAT,$104.68,1439838914139,"7,246",100% bullish,of 1 rating,N/A
APEI,$22.28,1439838914168,"43,295",100% bearish,of 1 rating,$29
AMNB,$23.51,1439838914275,"3,382",Not yet rated,NULL,$25.50
ASEI,$39.59,1439838914307,"14,831",100% bearish,of 1 rating,$52.50
AMRB,$10.1,1439838914338,"36,412",Not yet rated,NULL,$11
AMSWA,$9.47,1439838914381,"4,448",100% bearish,of 2 ratings,$10.75
AMSC,$4.1101,1439838914408,"10,726",50% bullish,of 4 ratings,N/A
ARII,$40.59,1439838914438,"98,103",67% bearish,of 3 ratings,$45
AMWD,$66.01,1439838914579,"39,902",50% bullish,of 2 ratings,$58
CRMT,$46.05,1439838914605,"2,520",100% bearish,of 1 rating,$49
AMSF,$50.46,1439838914738,"24,702",Not yet rated,NULL,$57.50
ABCB,$28.665,1439838914799,"63,005",Not yet rated,NULL,$30.50
ASRVP,$27.52,1439838914996,100,Not yet rated,NULL,N/A
ASRV,$3.3,1439838915059,"21,337",100% bullish,of 2 ratings,N/A
ATLO,$23.9,1439838915094,"2,112",Not yet rated,NULL,N/A
FOLD,$16.46,1439838915126,"441,992",56% bullish,of 9 ratings,$21
AMKR,$4.52,1439838915186,"505,423",100% bearish,of 2 ratings,$5
AMGN,$169.69,1439838915229,"821,356",89% bullish,of 19 ratings,$185
AMPH,$14.5925,1439838915391,"97,411",50% bullish,of 2 ratings,$20
ASYS,$5.87,1439838915421,"29,705",67% bullish,of 3 ratings,$12
AFSI,$62.77,1439838915449,"563,141",60% bullish,of 5 ratings,$72
AMSG,$85.79,1439838915530,"107,261",100% bearish,of 1 rating,$85.50
AMSGP,NULL,1439838915586,0,Not yet rated,NULL,N/A
AMRS,$1.665,1439838915612,"36,995",70% bullish,of 10 ratings,N/A
ANAC,$137.94,1439838915687,"249,116",80% bullish,of 5 ratings,$180.50
ANAD,$0.3503,1439838916049,"580,228",100% bullish,of 2 ratings,$.50
ADI,$59.28,1439838916075,"516,055",67% bullish,of 3 ratings,$68
ALOG,$82.465,1439838916147,"41,150",100% bearish,of 2 ratings,$100.50
ANCB,$22.75,1439838916209,100,Not yet rated,NULL,$23
ANGI,$4.465,1439838916239,"205,438",64% bullish,of 11 ratings,$5.50
AMCF,$0.2601,1439838916260,"16,867",100% bullish,of 7 ratings,N/A
ABCW,$41.49,1439838916292,"5,286",67% bullish,of 3 ratings,N/A
ANGO,$14.94,1439838916344,"31,745",67% bullish,of 3 ratings,$19
ANIP,$56.61,1439838916503,"194,832",89% bullish,of 19 ratings,$66
ANIK,$36.24,1439838916597,"42,802",60% bullish,of 5 ratings,$51.25
ANSS,$96.49,1439838916683,"207,606",100% bearish,of 1 rating,$100
ATRS,$1.925,1439838916739,"433,123",92% bullish,of 12 ratings,$4.50
ANTH,$9.63,1439838916770,"258,761",80% bullish,of 10 ratings,$13
ABAC,$0.885,1439838916791,"22,547",100% bearish,of 1 rating,N/A
ATNY,$2.41,1439838916874,"2,989",50% bullish,of 2 ratings,$3.75
APOG,$54.37,1439838917060,"75,624",100% bullish,of 1 rating,$62
APIC,$7.87,1439838917126,"52,780",100% bearish,of 1 rating,$19
APOL,$11.92,1439838917158,"338,765",87% bearish,of 68 ratings,$14
APPF,$17.27,1439838917209,"52,424",50% bullish,of 2 ratings,$22
AINV,$6.6604,1439838917234,"2,760,097",50% bullish,of 4 ratings,$8
AAPL,$117.265,1439838917263,"18,134,417",86% bullish,of 2332 ratings,$150
ARCI,$1.28,1439838917395,"10,208",Not yet rated,NULL,N/A
APDN,$3.29,1439838917524,"43,039",Not yet rated,NULL,$9
APDNW,$1.3501,1439838917552,"6,000",Not yet rated,NULL,N/A
AMAT,$16.99,1439838917585,"6,056,882",82% bullish,of 11 ratings,$23.50
AGTC,$15.88,1439838917689,"12,790",50% bullish,of 2 ratings,$33
AMCC,$5.88,1439838917716,"414,335",80% bullish,of 5 ratings,$8
AAOI,$21.99,1439838917946,"1,430,974",50% bullish,of 4 ratings,$26
AQMS,$5.44,1439838917982,"20,700",Not yet rated,NULL,N/A
APRI,$1.2,1439838918048,"42,226",83% bullish,of 6 ratings,$4.86
AREX,$2.66,1439838918116,"117,454",100% bearish,of 1 rating,$3
AQXP,$19.88,1439838918182,"794,662",50% bullish,of 2 ratings,$2
APTO,$5.08,1439838918210,"2,002",Not yet rated,NULL,$17
AUMA,$9.75,1439838918236,"99,314",Not yet rated,NULL,N/A
AUMAU,NULL,1439838918342,0,Not yet rated,NULL,N/A
AUMAW,NULL,1439838918368,0,Not yet rated,NULL,N/A
ARDM,$7.4,1439838918438,530,100% bullish,of 1 rating,$26
PETX,$17.05,1439838918518,"124,327",100% bearish,of 2 ratings,$26
ARCW,$3.62,1439838918569,"4,776",100% bearish,of 2 ratings,$10.50
ABUS,$8.72,1439838918597,"232,110",86% bullish,of 14 ratings,$23
ABIO,$0.9078,1439838918672,"100,601",50% bullish,of 2 ratings,$3.75
RKDA,$5.09,1439838918791,"13,221",100% bearish,of 2 ratings,$10
ARCB,$32.69,1439838918926,"63,730",50% bullish,of 2 ratings,$39.50
ACGL,$73.73,1439838918958,"50,854",50% bullish,of 2 ratings,$72
ACAT,$30.01,1439838919024,"59,445",100% bearish,of 3 ratings,$33
ARNA,$3.39,1439838919052,"648,106",90% bullish,of 77 ratings,$5.50
ARCC,$16.07,1439838919110,"385,405",67% bearish,of 3 ratings,$17.875
ARDX,$18.8,1439838919214,"64,437",50% bullish,of 2 ratings,$22
AGIIL,$25.4,1439838919275,701,Not yet rated,NULL,N/A
AGII,$57.87,1439838919312,"125,523",Not yet rated,NULL,$58
ARGS,$4.3901,1439838919403,"11,836",50% bullish,of 2 ratings,$19.50
ARIS,$3.25,1439838919429,"1,527",Not yet rated,NULL,$4.50
ARIA,$7.54,1439838919456,"741,510",87% bullish,of 46 ratings,$9
ARKR,NULL,1439838919585,0,50% bullish,of 2 ratings,N/A
ARMH,$42.94,1439838919718,"1,670,987",54% bearish,of 13 ratings,$61
ARTX,$1.59,1439838919750,"56,823",88% bullish,of 16 ratings,$4.50
ARWA,NULL,1439838919850,0,Not yet rated,NULL,N/A
ARWAU,NULL,1439838919887,0,100% bullish,of 1 rating,N/A
ARWAR,NULL,1439838919914,0,Not yet rated,NULL,N/A
ARWAW,NULL,1439838919938,0,Not yet rated,NULL,N/A
ARRS,$27.945,1439838919982,"346,062",50% bullish,of 2 ratings,$38
ARQL,$1.71,1439838920010,"18,953",75% bullish,of 4 ratings,$5
ARRY,$5.8201,1439838920199,"259,451",100% bullish,of 7 ratings,$10
DWAT,$10.5,1439838920227,"11,606",100% bearish,of 1 rating,N/A
AROW,$27.36,1439838920285,"4,690",Not yet rated,NULL,N/A
ARWR,$5.74,1439838920311,"575,879",75% bullish,of 4 ratings,$10.50
ARTNA,$22.45,1439838920440,"5,226",100% bearish,of 1 rating,$29
ARTW,$4.4241,1439838920644,"1,202",75% bearish,of 4 ratings,N/A
ASBB,$23.45,1439838920681,"10,325",Not yet rated,NULL,N/A
ASND,$17.17,1439838920707,"49,296",100% bullish,of 1 rating,$30
ASTI,$0.1659,1439838920775,"2,169,953",83% bullish,of 6 ratings,$3
APWC,$2.09,1439838920800,20,100% bearish,of 1 rating,N/A
ASNA,$12.4,1439838920824,"445,015",50% bullish,of 2 ratings,$18
ASCMA,$28.91,1439838920881,"75,868",100% bearish,of 1 rating,$45
ASML,$93.04,1439838921014,"481,455",67% bullish,of 3 ratings,$127
ASMI,$39.2401,1439838921040,786,50% bullish,of 2 ratings,N/A
AZPN,$39.28,1439838921244,"662,430",50% bullish,of 2 ratings,$42
ASMB,$13.87,1439838921375,"31,724",67% bullish,of 3 ratings,N/A
ASTE,$38.24,1439838921428,"59,609",100% bearish,of 1 rating,$48
ALOT,$13.7,1439838921457,"1,558",100% bearish,of 1 rating,N/A
ATRO,$58.68,1439838921561,"109,473",100% bearish,of 2 ratings,$80
ASTC,$2.35,1439838921626,"1,629",100% bullish,of 5 ratings,N/A
ATAI,$3.19,1439838921653,"36,655",100% bearish,of 1 rating,N/A
ASUR,$5.935,1439838921709,"7,690",Not yet rated,NULL,$8
ASFI,$9.2,1439838921792,"7,900",100% bullish,of 1 rating,N/A
AFCB,NULL,1439838921885,0,Not yet rated,NULL,N/A
ATHX,$1.1807,1439838921917,"190,115",89% bullish,of 9 ratings,$5
ATRA,$49.97,1439838921943,"72,513",50% bullish,of 2 ratings,$68
ATHN,$141.97,1439838921964,"119,209",67% bearish,of 3 ratings,$153
AAPC,$10.19,1439838922301,44,Not yet rated,NULL,N/A
ATNI,$75.5,1439838922342,"42,568",100% bearish,of 1 rating,$69.50
ACFC,$6.6,1439838922368,"168,046",Not yet rated,NULL,$6.50
ATLC,$3.94,1439838922394,"1,900",67% bullish,of 3 ratings,N/A
AAME,$3.54,1439838922423,831,Not yet rated,NULL,N/A
AAWW,$44.84,1439838922452,"102,560",50% bullish,of 2 ratings,$65
ATML,$7.85,1439838922529,"1,297,298",78% bullish,of 9 ratings,$9.50
AFH,$17.25,1439838922582,"2,737",Not yet rated,NULL,$21.50
ATOS,$0.9526,1439838922803,"25,725",100% bullish,of 7 ratings,$7
ATRC,$27.51,1439838922835,"51,200",100% bullish,of 1 rating,$30
ATRM,$3,1439838922856,"1,032",50% bullish,of 2 ratings,N/A
ATRI,$401.165,1439838922885,718,Not yet rated,NULL,N/A
ATTU,$14.8,1439838922938,"13,810",100% bearish,of 1 rating,$20.50
AUBN,NULL,1439838923018,0,Not yet rated,NULL,N/A
LIFE,$16.15,1439838923046,"56,839",86% bullish,of 7 ratings,$43
AUPH,$3.54,1439838923177,"10,085",100% bearish,of 1 rating,$8
AUDC,$3.28,1439838923218,"48,083",80% bullish,of 5 ratings,$5
EARS,$5.01,1439838923270,"11,663",100% bearish,of 2 ratings,$12
ADAT,$0.111,1439838923322,"22,443",100% bullish,of 2 ratings,N/A
ABTL,$19.82,1439838923403,"55,760",100% bullish,of 4 ratings,$20.25
ADSK,$55.33,1439838923454,"296,532",83% bullish,of 6 ratings,$69.50
ADP,$84.565,1439838923584,"1,259,120",100% bearish,of 1 rating,$88
AAVL,$11.04,1439838923641,"1,048,005",100% bearish,of 1 rating,$20
AVNU,NULL,1439838923822,0,Not yet rated,NULL,$14
AVEO,$1.67,1439838923873,"19,429,376",75% bullish,of 8 ratings,$3
AVGO,$125.135,1439838923901,"815,705",88% bullish,of 8 ratings,$160
AVNW,$1.12,1439838923954,"22,711",50% bullish,of 2 ratings,$2.20
AVID,$9.1101,1439838924087,"91,618",100% bearish,of 1 rating,$20
CAR,$46.86,1439838924113,"2,183,018",80% bullish,of 5 ratings,$60
AWRE,$3.26,1439838924135,600,67% bullish,of 3 ratings,N/A
AVGR,$15.57,1439838924169,"20,983",100% bearish,of 1 rating,$20
AXPWW,$1.47,1439838924265,192,Not yet rated,NULL,N/A
AXPW,$1.33,1439838924295,"39,208",83% bullish,of 6 ratings,N/A
ACLS,$3.21,1439838924430,"252,278",67% bullish,of 6 ratings,$4.75
AXGN,$3.8501,1439838924509,"19,188",Not yet rated,NULL,$5
BCOM,$19.98,1439838924850,516,100% bearish,of 1 rating,N/A
AXTI,$2.2,1439838924871,"16,510",50% bullish,of 2 ratings,$2.75
BEAV,$50.775,1439838924924,"230,514",67% bearish,of 3 ratings,$59
BWINA,NULL,1439838924948,0,Not yet rated,NULL,N/A
BIDU,$167.29,1439838925004,"1,392,463",81% bullish,of 88 ratings,$215
RILY,$10,1439838925033,50,Not yet rated,NULL,N/A
BOSC,$2.3699,1439838925054,"7,476",50% bullish,of 2 ratings,N/A
BCPC,$61.22,1439838925204,"92,008",100% bearish,of 1 rating,$75
BANF,$64.33,1439838925338,"2,500",Not yet rated,NULL,$68
BLDP,$1.34,1439838925363,"81,758",91% bullish,of 22 ratings,$2.50
BWINB,$23.33,1439838925388,"14,365",Not yet rated,NULL,N/A
BANFP,$27.05,1439838925413,"2,900",Not yet rated,NULL,N/A
BOCH,$5.79,1439838925627,"2,028",Not yet rated,NULL,$6.50
BMRC,$49.04,1439838925655,"5,655",Not yet rated,NULL,$52
BKMU,$7.43,1439838925706,"10,832",Not yet rated,NULL,$8
BOTJ,$11.14,1439838925814,"1,756",Not yet rated,NULL,N/A
BKSC,NULL,1439838925866,0,Not yet rated,NULL,N/A
OZRK,$43.95,1439838925891,"102,645",67% bullish,of 3 ratings,$49.50
BFIN,$12.44,1439838925946,"5,420",Not yet rated,NULL,$13
BWFG,$18.22,1439838926158,692,100% bearish,of 1 rating,N/A
TAPR,$31.1124,1439838926245,"1,026",100% bearish,of 1 rating,N/A
BZUN,$7.74,1439838926278,"35,650",50% bullish,of 2 ratings,$13.85
BHACR,NULL,1439838926303,0,Not yet rated,NULL,N/A
BANR,$48.11,1439838926332,"20,793",100% bullish,of 3 ratings,$50
BHAC,NULL,1439838926374,0,Not yet rated,NULL,N/A
BHACW,NULL,1439838926462,0,Not yet rated,NULL,N/A
BHACU,NULL,1439838926486,0,Not yet rated,NULL,N/A
BBSI,$37.445,1439838926623,"32,451",67% bearish,of 3 ratings,$62.50
BYBK,$5.09,1439838926706,300,100% bearish,of 1 rating,N/A
BSET,$31.66,1439838926770,"39,889",100% bearish,of 1 rating,$35
BYLK,$12.9148,1439838926795,"5,674",Not yet rated,NULL,$14
BBCN,$15.65,1439838926858,"87,784",100% bearish,of 1 rating,$16
BV,$5.3497,1439838926883,"109,418",67% bullish,of 6 ratings,$9
BCBP,$11.7245,1439838927026,"4,253",Not yet rated,NULL,N/A
BDCV,$4.99,1439838927156,"16,571",100% bearish,of 1 rating,$10.19
BECN,$35.9742,1439838927249,"81,841",50% bullish,of 2 ratings,$40
BSF,$9.04,1439838927279,850,Not yet rated,NULL,N/A
BBGI,$4.85,1439838927308,157,100% bearish,of 1 rating,N/A
BEBE,$1.86,1439838927329,"30,730",75% bullish,of 4 ratings,$3.075
BBBY,$63.285,1439838927350,"523,429",71% bullish,of 7 ratings,$75
BELFA,$17.18,1439838927388,645,100% bearish,of 1 rating,N/A
BELFB,$20.07,1439838927590,"7,526",100% bearish,of 1 rating,N/A
BNCL,$13.025,1439838927722,"118,767",100% bullish,of 3 ratings,$12.50
BLPH,$4.5499,1439838927747,"21,780",100% bearish,of 1 rating,$12.50
BNFT,$40.49,1439838927773,"66,676",67% bullish,of 3 ratings,$46
BLCM,$19.02,1439838927805,"177,499",50% bullish,of 4 ratings,$40
BGMD,$0.8606,1439838927949,"217,468",100% bullish,of 10 ratings,N/A
BGCP,$9.645,1439838928018,"372,775",88% bullish,of 8 ratings,$14
BNTC,NULL,1439838928119,0,100% bullish,of 1 rating,N/A
BIOC,$1.82,1439838928251,"166,849",83% bullish,of 6 ratings,$3.70
ORPN,$5.77,1439838928280,"8,593",100% bullish,of 1 rating,$28.50
BIND,$4.5515,1439838928302,"23,958",67% bullish,of 3 ratings,$13.50
BASI,$1.65,1439838928342,750,Not yet rated,NULL,N/A
BGFV,$11.195,1439838928364,"67,778",57% bullish,of 7 ratings,$12
BCDA,NULL,1439838928448,0,Not yet rated,NULL,N/A
BIOD,$0.715,1439838928551,"237,331",80% bullish,of 5 ratings,$4
BCRX,$12.01,1439838928577,"210,218",63% bullish,of 8 ratings,$18
BDSI,$6.6499,1439838928885,"557,486",88% bullish,of 8 ratings,$17
BIIB,$316.79,1439838928945,"479,945",88% bullish,of 16 ratings,$400
BMRN,$138.97,1439838928976,"197,634",80% bullish,of 5 ratings,$160
BVXVW,NULL,1439838928997,0,100% bearish,of 1 rating,N/A
BIOL,$1.62,1439838929027,"26,912",Not yet rated,NULL,N/A
BLFS,$2.1801,1439838929075,"5,603",100% bearish,of 1 rating,$4.75
BLRX,$1.57,1439838929158,"189,022",100% bullish,of 12 ratings,$7
BVXV,$4.19,1439838929184,"27,131",Not yet rated,NULL,N/A
BRLI,$35.78,1439838929378,"98,315",83% bullish,of 6 ratings,$32
BBP,$34.4941,1439838929403,"29,786",Not yet rated,NULL,N/A
BPTH,$1.155,1439838929442,"20,785",100% bullish,of 2 ratings,$5
BIOS,$1.55,1439838929467,"1,346,087",71% bullish,of 7 ratings,$4
BBC,$33.48,1439838929544,"25,759",Not yet rated,NULL,N/A
BSTC,$51.285,1439838929610,"51,868",100% bearish,of 1 rating,$76
BSPM,$0.6715,1439838929795,"13,474",50% bullish,of 2 ratings,N/A
BEAT,$12.3799,1439838929870,"140,768",67% bearish,of 3 ratings,$15
BITI,$19.53,1439838929902,"24,332",100% bullish,of 1 rating,$28
TECH,$106.38,1439838929935,"70,353",100% bullish,of 1 rating,$117
BOTA,$2.3,1439838930002,"42,485",86% bullish,of 7 ratings,N/A
BBOX,$16.08,1439838930068,"22,328",100% bearish,of 1 rating,N/A
BJRI,$46.59,1439838930095,"92,409",50% bullish,of 2 ratings,$55
BDMS,NULL,1439838930118,0,100% bearish,of 1 rating,N/A
BDE,$7.63,1439838930259,"60,548",50% bullish,of 2 ratings,$9
BBRY,$7.605,1439838930363,"1,433,147",61% bullish,of 330 ratings,$9
HAWK,$44.1,1439838930433,"256,038",90% bullish,of 10 ratings,$49
BKCC,$9.5,1439838930499,"129,104",100% bullish,of 2 ratings,$10
BLKB,$63.5,1439838930646,"54,089",100% bearish,of 2 ratings,$66
ADRE,$31.3738,1439838930735,"9,787",Not yet rated,NULL,N/A
ADRA,NULL,1439838930759,0,Not yet rated,NULL,N/A
ADRD,$23.425,1439838930784,"2,814",100% bearish,of 1 rating,N/A
ADRU,$23.17,1439838930952,"2,805",100% bearish,of 1 rating,N/A
BCOR,$13.73,1439838930979,"72,863",57% bullish,of 7 ratings,$15
BLMN,$21.99,1439838931005,"385,371",83% bullish,of 6 ratings,$27.50
BUFF,$26.13,1439838931141,"355,696",83% bullish,of 12 ratings,N/A
BLBD,$12.92,1439838931175,"8,300",Not yet rated,NULL,N/A
BBLU,$0.8713,1439838931229,"42,202",100% bullish,of 2 ratings,$4.43
NILE,$34.75,1439838931285,"39,727",50% bullish,of 2 ratings,$34
BHBK,$14.43,1439838931339,"16,063",100% bullish,of 1 rating,$14.50
BKEPP,NULL,1439838931638,0,100% bearish,of 1 rating,N/A
BLUE,$132.92,1439838931663,"335,047",86% bullish,of 7 ratings,$217.50
BKEP,$6.9451,1439838931692,"15,826",100% bearish,of 1 rating,$8.50
BOBE,$46.47,1439838931802,"45,872",75% bullish,of 4 ratings,$57
BNCN,$22.16,1439838931855,"36,277",Not yet rated,NULL,$22
BPMC,$29.48,1439838931932,"189,373",50% bullish,of 2 ratings,$47.50
WIFI,$9.29,1439838932036,"166,225",50% bullish,of 2 ratings,$13.50
BOJA,$22.97,1439838932111,"146,170",100% bullish,of 1 rating,$30
BOFI,$131.6,1439838932244,"69,845",100% bullish,of 6 ratings,$137.50
BOKF,$66.5,1439838932277,"41,289",100% bearish,of 1 rating,$71
BONA,$12.19,1439838932299,"237,570",75% bullish,of 4 ratings,$8.50
BAMM,$3.21,1439838932376,"4,357",60% bullish,of 5 ratings,N/A
BNSO,$1.3808,1439838932407,"66,724",100% bearish,of 1 rating,N/A
BPFH,$12.54,1439838932510,"29,896",100% bearish,of 1 rating,$14
BPFHP,$25.36,1439838932594,"1,100",100% bearish,of 1 rating,N/A
BPFHW,$6.4,1439838932727,"1,278",100% bearish,of 1 rating,N/A
EPAY,$26.625,1439838932759,"35,664",100% bearish,of 2 ratings,$30
BDBD,$9.06,1439838932881,"294,992",60% bullish,of 5 ratings,$10
BBRG,$13.22,1439838932910,"50,469",67% bullish,of 3 ratings,$14.50
BBEP,$2.6,1439838932935,"1,190,326",69% bullish,of 13 ratings,$5.625
BBEPP,$14.12,1439838933120,"15,564",100% bearish,of 1 rating,N/A
BLIN,$1.4,1439838933207,"2,800",50% bullish,of 2 ratings,$2.80
BDGE,$28.06,1439838933250,"3,228",Not yet rated,NULL,$31.75
BRID,NULL,1439838933278,0,100% bearish,of 1 rating,N/A
BCLI,$2.85,1439838933305,"44,945",80% bullish,of 5 ratings,$12
BCOV,$5.462,1439838933385,"26,770",67% bullish,of 3 ratings,$10.20
BSFT,$34.04,1439838933518,"37,861",57% bullish,of 7 ratings,$40.50
BRCM,$51.515,1439838933544,"987,593",75% bullish,of 12 ratings,$56
BVSN,$6.05,1439838933689,"1,326",60% bearish,of 5 ratings,N/A
BYFC,$1.43,1439838933715,500,50% bullish,of 2 ratings,N/A
BRCD,$10.115,1439838933744,"828,105",92% bullish,of 13 ratings,$12.50
BWEN,$3.62,1439838933846,"10,029",100% bullish,of 3 ratings,$8
BRKL,$10.91,1439838933938,"75,665",100% bearish,of 1 rating,$10.75
BRKS,$11,1439838934011,"70,895",67% bullish,of 3 ratings,$15.25
BRKR,$20.31,1439838934040,"128,908",100% bearish,of 2 ratings,$22
BMTC,$30.11,1439838934077,"35,861",Not yet rated,NULL,$34
BLMT,$21.45,1439838934174,650,Not yet rated,NULL,N/A
BSQR,$7.4516,1439838934302,"203,519",67% bullish,of 3 ratings,N/A
BLDR,$14.46,1439838934406,"247,097",50% bullish,of 2 ratings,$22
BWLD,$197.92,1439838934445,"77,348",82% bullish,of 11 ratings,$205
BUR,$2.0401,1439838934475,"1,718",100% bearish,of 1 rating,$8
CA,$29.63,1439838934550,"490,039",50% bullish,of 4 ratings,$33
CFFI,$37.34,1439838934579,"4,950",100% bearish,of 1 rating,N/A
CHRW,$69.5,1439838934683,"403,682",Not yet rated,NULL,$72
CDNS,$21.785,1439838934814,"524,929",75% bullish,of 4 ratings,$22.50
CDZI,$7.32,1439838934950,"19,902",100% bearish,of 1 rating,N/A
PRSS,$4.755,1439838934992,"11,232",80% bullish,of 5 ratings,$4.50
CSTE,$48.3025,1439838935019,"471,105",100% bearish,of 1 rating,$65
CACQ,$7.5,1439838935041,"30,407",100% bearish,of 1 rating,$12.25
CCMP,$45.66,1439838935067,"19,852",50% bullish,of 2 ratings,$59
CZR,$7.46,1439838935101,"471,625",60% bearish,of 5 ratings,$10.50
CLBS,$1.38,1439838935298,"136,756",79% bullish,of 14 ratings,$4
CLMS,$11.92,1439838935383,"62,776",Not yet rated,NULL,$10.50
CHI,$11.1,1439838935463,"180,892",100% bearish,of 1 rating,N/A
CHY,$11.83,1439838935488,"195,242",Not yet rated,NULL,N/A
CCD,$21.01,1439838935533,"85,365",Not yet rated,NULL,N/A
CFGE,$11.0699,1439838935680,"2,000",Not yet rated,NULL,N/A
CSQ,$10.57,1439838935787,"241,297",Not yet rated,NULL,N/A
CVGW,$54.34,1439838935922,"40,705",50% bullish,of 2 ratings,$58.50
CAMP,$16.609,1439838935948,"105,015",86% bullish,of 7 ratings,$25
CFNB,NULL,1439838935969,0,100% bearish,of 1 rating,N/A
CHW,$8.115,1439838936009,"136,600",100% bearish,of 1 rating,N/A
CALD,$16.36,1439838936030,"122,621",100% bearish,of 1 rating,$20.50
CGO,$12.82,1439838936051,"21,532",100% bearish,of 1 rating,N/A
CALM,$52.23,1439838936247,"273,919",80% bullish,of 5 ratings,$65
CALA,$5.42,1439838936273,"120,830",100% bullish,of 3 ratings,$19.50
CLMT,$26.72,1439838936354,"208,617",75% bullish,of 8 ratings,$31
ABCD,$4.67,1439838936418,"51,593",83% bullish,of 6 ratings,N/A
CAMB,NULL,1439838936617,0,Not yet rated,NULL,N/A
CSIQ,$24.1012,1439838936655,"1,181,668",86% bullish,of 28 ratings,$45
CAMT,$2.898,1439838936676,"25,166",73% bullish,of 11 ratings,$4
CAMBU,NULL,1439838936706,0,100% bearish,of 1 rating,N/A
CAC,$40.69,1439838936750,"2,300",Not yet rated,NULL,N/A
CAMBW,NULL,1439838936779,0,Not yet rated,NULL,N/A
CBNJ,$10.98,1439838937025,"39,509",100% bullish,of 1 rating,N/A
CPLA,$49.645,1439838937085,"30,832",50% bullish,of 2 ratings,$65
CPHC,NULL,1439838937114,0,100% bearish,of 1 rating,N/A
CGIX,$11.2,1439838937215,"15,883",67% bullish,of 3 ratings,$14.375
CBF,$30.64,1439838937285,"12,937",Not yet rated,NULL,$32
CCBG,$15.22,1439838937348,"10,991",Not yet rated,NULL,$17.25
CSWC,$49.89,1439838937477,"29,392",Not yet rated,NULL,N/A
CPTA,$15.123,1439838937506,"67,828",Not yet rated,NULL,$18.50
CPLP,$7.29,1439838937527,"218,541",71% bullish,of 7 ratings,$11
CFFN,$12.2,1439838937562,"262,383",Not yet rated,NULL,$12.75
CAPN,$2.438,1439838937665,"391,492",100% bullish,of 1 rating,$10.85
CAPNW,$0.552,1439838937696,"8,500",Not yet rated,NULL,N/A
CPST,$0.396,1439838937768,"460,582",95% bullish,of 22 ratings,$1
CAPR,$4.1842,1439838937795,"5,804",Not yet rated,NULL,$12
CARA,$21.95,1439838937924,"180,610",50% bullish,of 4 ratings,$27.50
CARB,$11.58,1439838938079,"50,080",75% bullish,of 4 ratings,$12
CBYL,$6.475,1439838938185,"12,966",100% bearish,of 1 rating,$20
CRME,$9.79,1439838938255,"4,212",89% bullish,of 9 ratings,$11.25
CRDC,$0.38,1439838938322,"66,936",100% bullish,of 1 rating,$1.25
CFNL,$23.54,1439838938352,"46,386",Not yet rated,NULL,$24
CDNA,$6.2301,1439838938380,160,100% bearish,of 1 rating,$9
CSII,$24.06,1439838938431,"83,573",100% bearish,of 2 ratings,$42.125
CATM,$35.43,1439838938456,"92,625",100% bearish,of 1 rating,$44
CECO,$3.95,1439838938752,"176,066",67% bearish,of 3 ratings,$6
CKEC,$23.91,1439838938845,"42,822",50% bullish,of 2 ratings,$35.915
CART,$5.49,1439838938917,159,100% bearish,of 1 rating,N/A
CTRE,$11.44,1439838939105,"149,906",50% bullish,of 2 ratings,N/A
CARO,$15.61,1439838939207,"22,884",100% bearish,of 1 rating,$19
CRZO,$34.98,1439838939237,"268,334",67% bearish,of 3 ratings,$57
CRTN,NULL,1439838939272,0,100% bearish,of 1 rating,N/A
CLBH,NULL,1439838939294,0,Not yet rated,NULL,$16.50
TAST,$12.97,1439838939320,"141,143",Not yet rated,NULL,$14.25
CASM,$1.1,1439838939373,"9,612",100% bullish,of 1 rating,$3.50
CARV,$5.85,1439838939450,200,50% bullish,of 2 ratings,N/A
CACB,$5.53,1439838939550,"8,811",Not yet rated,NULL,$5.50
CASY,$107.57,1439838939651,"109,985",50% bullish,of 2 ratings,$99.50
CSCD,$14.01,1439838939680,"30,845",100% bullish,of 2 ratings,$17
CWST,$6.5,1439838939781,"75,555",50% bullish,of 2 ratings,$7
CASI,$1.46,1439838939811,"3,283",100% bullish,of 1 rating,$3.50
CASS,$51.82,1439838939912,"7,674",100% bearish,of 1 rating,N/A
CPRX,$4.3,1439838939937,"251,855",71% bullish,of 7 ratings,$7
CATB,$12.07,1439838940002,"16,925",100% bearish,of 1 rating,$28
CATY,$32.34,1439838940033,"136,889",100% bearish,of 1 rating,$33.50
CATYW,NULL,1439838940132,0,100% bearish,of 1 rating,N/A
CVCO,$73.13,1439838940198,"10,719",100% bearish,of 1 rating,N/A
CAVM,$73.9099,1439838940274,"256,031",67% bearish,of 3 ratings,$72
CNLM,NULL,1439838940329,0,Not yet rated,NULL,N/A
CBFV,NULL,1439838940357,0,Not yet rated,NULL,N/A
CNLMU,NULL,1439838940421,0,100% bullish,of 1 rating,N/A
CNLMR,NULL,1439838940456,0,Not yet rated,NULL,N/A
CNLMW,NULL,1439838940552,0,Not yet rated,NULL,N/A
CBOE,$64.13,1439838940690,"183,203",Not yet rated,NULL,$60
CDK,$51.56,1439838940721,"154,221",67% bearish,of 3 ratings,$50
CDW,$39.715,1439838940746,"582,331",75% bullish,of 4 ratings,$44
CELG,$131.08,1439838940772,"935,265",92% bullish,of 13 ratings,$155.50
CECE,$10.47,1439838940902,"76,461",50% bullish,of 2 ratings,$16
CELGZ,$2.07,1439838940997,"2,000",80% bullish,of 5 ratings,N/A
CPXX,$2.21,1439838941025,"62,216",100% bullish,of 2 ratings,$7
CLDN,$1.0421,1439838941102,"167,738",71% bullish,of 7 ratings,$3
CLRB,$3.07,1439838941171,400,100% bearish,of 1 rating,N/A
CLDX,$16.14,1439838941201,"780,200",89% bullish,of 9 ratings,$36
CLRBW,NULL,1439838941271,0,Not yet rated,NULL,N/A
CLLS,$33.27,1439838941331,"35,403",75% bullish,of 4 ratings,$51.50
CLSN,$2.185,1439838941473,"77,441",80% bullish,of 10 ratings,$7.50
CLTX,$0.6,1439838941504,"4,130",100% bullish,of 2 ratings,N/A
CBMG,$23,1439838941560,"29,676",50% bullish,of 2 ratings,N/A
CYAD,$55.11,1439838941665,200,100% bullish,of 1 rating,$87.50
CETX,$2.59,1439838941693,"16,014",Not yet rated,NULL,$5.60
CEMP,$37.76,1439838941719,"402,187",71% bullish,of 7 ratings,$48.50
CSFL,$14.31,1439838941981,"49,041",Not yet rated,NULL,$15
CFBK,NULL,1439838942118,0,Not yet rated,NULL,N/A
CETV,$2.235,1439838942170,"25,177",67% bullish,of 3 ratings,$2.80
CENTA,$12.28,1439838942221,"30,009",Not yet rated,NULL,N/A
CVCY,$11.15,1439838942305,911,Not yet rated,NULL,$12
CENT,$11.51,1439838942356,"35,029",Not yet rated,NULL,$10
CENX,$5.825,1439838942484,"904,027",67% bullish,of 6 ratings,$9
CNTY,$6.3592,1439838942534,"39,257",80% bullish,of 5 ratings,$7.75
CNBKA,$41.57,1439838942561,"1,542",100% bullish,of 1 rating,N/A
CPHD,$51.27,1439838942591,"294,939",50% bullish,of 2 ratings,$67
CRNT,$1.49,1439838942616,"354,855",50% bullish,of 2 ratings,$2
CERE,$1.59,1439838942773,"483,745",88% bullish,of 8 ratings,N/A
CERN,$64.56,1439838942914,"890,987",67% bullish,of 3 ratings,$79
CERU,$3.44,1439838942940,"116,712",75% bullish,of 4 ratings,$15
KOOL,$0.72,1439838943073,"13,115",100% bullish,of 5 ratings,$7
CERS,$4.86,1439838943099,"277,070",75% bullish,of 4 ratings,$7
CEVA,$19.1801,1439838943178,"43,640",100% bearish,of 1 rating,$25
GTLS,$25.04,1439838943228,"124,850",50% bullish,of 4 ratings,$40
HOTR,$1.51,1439838943255,"624,762",100% bullish,of 2 ratings,$5
CYOU,$20.37,1439838943281,"170,936",50% bullish,of 6 ratings,$24
HOTRW,NULL,1439838943416,0,Not yet rated,NULL,N/A
CTHR,$1.21,1439838943449,"4,615",50% bullish,of 2 ratings,$2.50
CHTR,$185.72,1439838943555,"396,537",100% bearish,of 2 ratings,$196
CHEKW,$1.21,1439838943791,"1,125",Not yet rated,NULL,N/A
CHKP,$82.195,1439838943828,"368,536",50% bullish,of 4 ratings,$92
CHFN,$12.55,1439838943856,"4,999",Not yet rated,NULL,$14
CHEK,$3.3,1439838943877,550,Not yet rated,NULL,$7.75
CEMI,$4.68,1439838943923,"3,300",50% bullish,of 2 ratings,$7.50
CCXI,$6.715,1439838944057,"20,077",67% bullish,of 3 ratings,$14
CHFC,$33.02,1439838944166,"14,082",100% bearish,of 1 rating,$36
CHMG,$26.5,1439838944198,150,Not yet rated,NULL,$30
CHKE,$27.8101,1439838944249,"6,219",100% bearish,of 1 rating,$32.50
CHEV,$14.352,1439838944280,"7,457",Not yet rated,NULL,N/A
CHMA,$27.99,1439838944306,"304,979",Not yet rated,NULL,$40
PLCE,$60.24,1439838944436,"85,501",100% bearish,of 1 rating,$71
CBNK,$16.62,1439838944462,100,100% bearish,of 1 rating,N/A
CMRX,$52.59,1439838944594,"74,013",50% bullish,of 2 ratings,$57
CADC,NULL,1439838944624,0,78% bullish,of 9 ratings,N/A
CALI,$0.93,1439838944728,"42,720",67% bullish,of 3 ratings,N/A
CBPO,$111.09,1439838944919,"108,057",75% bullish,of 8 ratings,$140.50
CBAK,$2.35,1439838944949,"15,498",67% bullish,of 9 ratings,N/A
CAAS,$7.05,1439838944970,"43,905",93% bullish,of 14 ratings,$11.50
CCCR,$0.65,1439838945005,"11,754",67% bearish,of 3 ratings,N/A
CCCL,$0.9899,1439838945026,"1,700",100% bullish,of 6 ratings,N/A
JRJC,$4.42,1439838945101,"18,431",82% bullish,of 11 ratings,N/A
HGSH,$1.74,1439838945209,"7,263",67% bullish,of 3 ratings,N/A
CHOP,$1.3,1439838945230,"1,249",50% bullish,of 2 ratings,N/A
CNIT,$1.82,1439838945362,"131,825",67% bullish,of 6 ratings,N/A
CJJD,$2.2699,1439838945389,"44,876",100% bullish,of 1 rating,N/A
CHLN,$1.38,1439838945410,928,67% bullish,of 3 ratings,N/A
HTHT,$24.01,1439838945614,"233,564",50% bullish,of 2 ratings,$28
CHNR,NULL,1439838945675,0,100% bearish,of 1 rating,N/A
CSUN,$1.54,1439838945773,"4,306",80% bullish,of 5 ratings,N/A
CREG,$0.7923,1439838945805,"36,388",100% bullish,of 3 ratings,N/A
CPGI,$6.98,1439838945835,24,Not yet rated,NULL,N/A
CNTF,$0.9399,1439838945906,"14,126",Not yet rated,NULL,N/A
CXDC,$6.205,1439838945940,"12,798",67% bullish,of 3 ratings,N/A
CNYD,$3.17,1439838945967,"4,114",67% bullish,of 3 ratings,N/A
CNET,$0.819,1439838946035,"91,063",50% bullish,of 2 ratings,N/A
CCIH,$10.18,1439838946112,"45,625",67% bullish,of 6 ratings,$12.65
IMOS,$16.53,1439838946297,"95,624",60% bullish,of 5 ratings,$21.50
CHSCM,$26.26,1439838946357,"18,727",Not yet rated,NULL,N/A
CHSCL,$27.19,1439838946384,"37,520",Not yet rated,NULL,N/A
CHSCO,$28.4868,1439838946520,"2,501",Not yet rated,NULL,N/A
CHSCN,$27.4699,1439838946574,"8,665",Not yet rated,NULL,N/A
CHDN,$137.29,1439838946703,"61,027",Not yet rated,NULL,$165
CHUY,$33.98,1439838946838,"89,570",50% bullish,of 2 ratings,$34
CDTX,$14.6,1439838946871,"17,915",Not yet rated,NULL,$22
CHSCP,$30.54,1439838946893,"1,866",Not yet rated,NULL,N/A
CIFC,$7.3,1439838946914,3,Not yet rated,NULL,N/A
CMCT,NULL,1439838946947,0,100% bearish,of 1 rating,N/A
CMPR,$70.42,1439838947081,"117,282",50% bullish,of 2 ratings,$72.50
CINF,$56.6,1439838947111,"127,203",50% bullish,of 4 ratings,$50.50
CIDM,$0.68,1439838947186,"323,309",50% bullish,of 2 ratings,$2.10
CTAS,$88.827,1439838947294,"97,003",100% bearish,of 1 rating,$91
CPHR,$6.76,1439838947358,"9,510",100% bearish,of 1 rating,$16
CSCO,$28.8889,1439838947487,"10,528,569",84% bullish,of 208 ratings,$32.50
CRUS,$29.45,1439838947644,"221,979",75% bullish,of 12 ratings,$44.50
CTRN,$22.73,1439838947672,"50,569",100% bearish,of 1 rating,$29.50
CZWI,NULL,1439838947700,0,Not yet rated,NULL,N/A
CIZN,$19.5925,1439838947721,500,Not yet rated,NULL,N/A
CZFC,NULL,1439838947754,0,Not yet rated,NULL,N/A
CZNC,$20.205,1439838947775,"2,551",Not yet rated,NULL,N/A
CHCO,$48.81,1439838947913,"11,552",Not yet rated,NULL,$46
CTXS,$77.65,1439838948017,"249,120",86% bullish,of 7 ratings,$80
CIVBP,NULL,1439838948120,0,Not yet rated,NULL,N/A
CIVB,$10.3,1439838948175,606,Not yet rated,NULL,$11
CLNE,$4.78,1439838948218,"642,963",80% bullish,of 15 ratings,$9
CDTI,$1.72,1439838948251,"149,672",75% bullish,of 4 ratings,$3.25
CLRO,$11.8,1439838948453,"3,439",50% bullish,of 2 ratings,$14.25
CLNT,$2,1439838948485,"42,739",75% bullish,of 8 ratings,N/A
CLFD,$18.49,1439838948523,"12,057",67% bullish,of 3 ratings,$18
CLIR,$5.3,1439838948585,"53,198",100% bullish,of 3 ratings,N/A
CLVS,$80.38,1439838948665,"153,450",60% bullish,of 5 ratings,$101.50
CMFN,$11.1025,1439838948733,"18,819",100% bearish,of 1 rating,$15.50
CBLI,$3.75,1439838948760,"29,832",60% bullish,of 5 ratings,N/A
CSBK,$14.04,1439838948793,"32,216",Not yet rated,NULL,N/A
CME,$98.31,1439838948924,"330,354",67% bullish,of 3 ratings,$102
CCNE,$17.745,1439838948950,"5,700",50% bullish,of 2 ratings,$21.50
CISG,$8.5975,1439838949190,"57,208",100% bullish,of 5 ratings,$10
CWAY,$11.5,1439838949221,500,Not yet rated,NULL,N/A
COKE,$165.72,1439838949248,"6,506",79% bullish,of 19 ratings,N/A
CNV,$4.7528,1439838949293,"17,385",50% bullish,of 2 ratings,$7.15
COBZ,$13.025,1439838949319,"45,158",100% bullish,of 1 rating,$14
CDRB,$13.24,1439838949393,"8,003",67% bullish,of 3 ratings,N/A
CVLY,NULL,1439838949526,0,Not yet rated,NULL,N/A
CCOI,$29.215,1439838949652,"192,139",50% bullish,of 4 ratings,$35
JVA,$4.7599,1439838949677,"2,225",83% bullish,of 6 ratings,$7
CTSH,$67.51,1439838949704,"1,132,317",90% bullish,of 10 ratings,$74.50
CDXS,$3.9,1439838949758,"84,244",64% bullish,of 11 ratings,$6
CGNT,$1.6001,1439838949836,"35,385",100% bullish,of 2 ratings,$2
CGNX,$37.05,1439838949861,"329,918",50% bullish,of 2 ratings,$47
COHR,$59.15,1439838950035,"46,893",50% bullish,of 2 ratings,$72
COHU,$9.37,1439838950061,"30,878",100% bearish,of 1 rating,$14.25
CHRS,$33.33,1439838950086,"91,465",67% bearish,of 3 ratings,$37
CLCT,$19.745,1439838950232,"5,368",100% bearish,of 1 rating,N/A
COLL,$16.3,1439838950262,"29,770",100% bearish,of 1 rating,$26
CLRX,$0.5007,1439838950284,"16,097",50% bullish,of 2 ratings,$1.85
CIGI,$47.21,1439838950414,"5,619",100% bearish,of 1 rating,$52
CLCD,$7.895,1439838950548,"22,351",100% bearish,of 1 rating,$20.50
CBAN,NULL,1439838950576,0,Not yet rated,NULL,N/A
COLB,$33.5,1439838950622,"88,384",Not yet rated,NULL,$36
COLM,$65.65,1439838950647,"47,026",100% bearish,of 1 rating,$71
CMCO,$21.88,1439838950724,"11,828",60% bullish,of 5 ratings,$28
CMCSA,$60.33,1439838950785,"4,888,094",66% bullish,of 35 ratings,$69.50
CMCSK,$60.64,1439838950828,"1,629,980",Not yet rated,NULL,$84
CBMX,$1.32,1439838950855,"14,478",83% bullish,of 6 ratings,$3.15
CUBN,$13.7701,1439838951038,"16,235",Not yet rated,NULL,N/A
CBSH,$47.79,1439838951063,"99,766",50% bullish,of 2 ratings,$46
CBSHP,$25.26,1439838951088,"4,804",100% bearish,of 1 rating,N/A
CVGI,$4.68,1439838951230,"132,553",50% bullish,of 2 ratings,$6
CSAL,$23.3,1439838951291,"345,619",75% bullish,of 4 ratings,$30
COMM,$31.82,1439838951526,"333,128",67% bearish,of 3 ratings,$35
JCS,$9.935,1439838951557,"1,153",67% bullish,of 3 ratings,N/A
CYHHZ,$0.0115,1439838951662,"114,000",100% bullish,of 1 rating,N/A
ESXB,$5.07,1439838951687,"25,213",Not yet rated,NULL,N/A
CTBI,$35.51,1439838951821,"9,305",Not yet rated,NULL,$36
CWBC,$6.731,1439838951889,"2,200",Not yet rated,NULL,N/A
COB,$10.83,1439838951963,"2,389",100% bullish,of 1 rating,$11.50
CVLT,$38.19,1439838952028,"300,441",75% bullish,of 4 ratings,$44.50
CIL,NULL,1439838952125,0,Not yet rated,NULL,N/A
CSA,NULL,1439838952164,0,Not yet rated,NULL,N/A
CIZ,$35.27,1439838952194,"3,492",100% bearish,of 1 rating,N/A
CDC,$36.89,1439838952223,"4,405",Not yet rated,NULL,N/A
CID,NULL,1439838952243,0,Not yet rated,NULL,N/A
CSF,$38.59,1439838952415,524,100% bearish,of 1 rating,N/A
CFO,$37.72,1439838952442,"9,081",100% bearish,of 1 rating,N/A
CFA,$37.7189,1439838952574,782,100% bearish,of 1 rating,N/A
CDL,NULL,1439838952598,0,Not yet rated,NULL,N/A
CSB,NULL,1439838952623,0,Not yet rated,NULL,N/A
CGEN,$5.67,1439838952752,"69,332",50% bullish,of 2 ratings,$11
CPSI,$46.63,1439838952792,"21,281",100% bearish,of 1 rating,$45.50
CTG,$6.67,1439838952856,"41,766",100% bearish,of 1 rating,$8.50
SCOR,$64.5,1439838952922,"118,076",100% bearish,of 1 rating,$66
CHCI,$0.55,1439838952989,"26,400",50% bullish,of 2 ratings,N/A
CNAT,$4.26,1439838953066,"57,439",83% bullish,of 6 ratings,$13
CMTL,$28.41,1439838953099,"23,047",100% bearish,of 2 ratings,$37
CNSI,$19.55,1439838953126,"37,220",100% bearish,of 2 ratings,$29
CNCE,$16.99,1439838953198,"104,986",75% bullish,of 4 ratings,$22
CXRX,$78.04,1439838953300,"3,555",Not yet rated,NULL,$90
CCUR,$5.11,1439838953384,"13,675",75% bullish,of 4 ratings,N/A
CDOR,$1.43,1439838953557,"9,124",100% bullish,of 1 rating,N/A
CDORO,$19,1439838953624,850,100% bearish,of 1 rating,N/A
CDORP,$7.25,1439838953657,600,100% bearish,of 1 rating,N/A
CNFR,$10.5,1439838953681,"18,332",Not yet rated,NULL,N/A
CFMS,$22.11,1439838953713,"150,806",Not yet rated,NULL,$27
CTWS,$35.14,1439838953738,"5,744",100% bearish,of 1 rating,$44
CNMD,$56.81,1439838953765,"21,222",Not yet rated,NULL,$59
CNOB,$20.45,1439838953967,"17,625",100% bullish,of 1 rating,$23.50
CWCO,$12.09,1439838954020,"42,511",67% bullish,of 3 ratings,$14.50
CNXR,$6.86,1439838954045,"16,780",100% bearish,of 1 rating,$12
CONN,$34.95,1439838954181,"166,127",67% bullish,of 3 ratings,$48.50
CNSL,$20.54,1439838954213,"42,685",100% bearish,of 1 rating,$23
CTCT,$24.71,1439838954277,"92,654",67% bullish,of 3 ratings,$37
CFRXZ,$0.58,1439838954471,"33,880",Not yet rated,NULL,N/A
CFRX,$5.274,1439838954500,"94,869",Not yet rated,NULL,$14
CFRXW,$1.9,1439838954526,"12,800",100% bearish,of 1 rating,N/A
CPSS,$5.74,1439838954554,"15,228",100% bullish,of 1 rating,$10
CTRV,$4.63,1439838954581,"10,709",Not yet rated,NULL,$6.40
CPRT,$36.6214,1439838954709,"72,574",67% bearish,of 3 ratings,$40
CTRL,$8.67,1439838954735,"63,913",50% bullish,of 2 ratings,$11
CORT,$5.42,1439838954786,"105,181",67% bullish,of 3 ratings,$12
BVA,$3.9,1439838954917,101,50% bullish,of 2 ratings,N/A
CRBP,$1.9323,1439838954945,"40,266",100% bullish,of 1 rating,$6.25
CORI,$11.75,1439838955080,"27,367",100% bearish,of 1 rating,$18
CORE,$64.195,1439838955148,"53,774",100% bearish,of 1 rating,$72
COSI,$1.2,1439838955207,"108,118",100% bullish,of 1 rating,N/A
CSGP,$195.2,1439838955242,"41,525",50% bullish,of 2 ratings,$235
CSOD,$38.48,1439838955267,"195,275",50% bullish,of 2 ratings,$42
CRVL,$33.69,1439838955432,"4,601",100% bearish,of 1 rating,N/A
ICBK,$18.22,1439838955490,"1,180",Not yet rated,NULL,$21
COST,$145.95,1439838955524,"305,214",83% bullish,of 24 ratings,$154.50
CPAH,$0.451,1439838955545,"2,485",50% bullish,of 2 ratings,N/A
CVTI,$25.835,1439838955622,"46,566",67% bearish,of 3 ratings,$39
COVS,$2.81,1439838955694,"118,688",67% bullish,of 3 ratings,N/A
COWN,$5.515,1439838955754,"700,837",75% bullish,of 4 ratings,$7
COWNL,$26.78,1439838955832,"1,400",Not yet rated,NULL,N/A
CPSH,$2.4,1439838955974,203,Not yet rated,NULL,N/A
CBRL,$151.78,1439838956044,"103,362",50% bullish,of 2 ratings,$155
CRAI,$23.465,1439838956103,"16,709",Not yet rated,NULL,$36
BREW,$8.17,1439838956234,"35,537",67% bullish,of 6 ratings,$15
SLVO,$10.5664,1439838956300,"2,614",100% bearish,of 1 rating,N/A
CRAY,$22.92,1439838956326,"108,388",83% bullish,of 6 ratings,$38.50
CACC,$206.53,1439838956347,"52,425",50% bullish,of 2 ratings,$158.50
GLDI,$10.97,1439838956380,"1,482",100% bearish,of 1 rating,N/A
CREE,$27.48,1439838956702,"523,477",65% bullish,of 17 ratings,$28.50
CRESY,$11.6532,1439838956761,"5,039",100% bearish,of 1 rating,$19
CRTO,$46.7,1439838956792,"126,121",67% bullish,of 6 ratings,$64
CCRN,$14.21,1439838956894,"139,843",100% bearish,of 1 rating,$14.25
CROX,$14.74,1439838956918,"402,609",63% bullish,of 8 ratings,$16.50
CRDS,$1.13,1439838956943,"8,039",50% bullish,of 4 ratings,$4.50
CRWN,$4.805,1439838957075,"40,520",75% bullish,of 4 ratings,N/A
CYRXW,$0.85,1439838957158,"46,271",Not yet rated,NULL,N/A
CYRX,$2.945,1439838957218,"60,269",Not yet rated,NULL,$9
CRWS,$8.13,1439838957248,"5,639",Not yet rated,NULL,$10
CSGS,$32.3,1439838957285,"42,466",Not yet rated,NULL,$40
CCLP,$14.89,1439838957355,"24,793",67% bearish,of 3 ratings,$21
CSPI,$6.181,1439838957389,"4,600",67% bullish,of 3 ratings,N/A
CTCM,$1.775,1439838957417,"146,140",80% bearish,of 5 ratings,$3.90
CTIC,$1.82,1439838957484,"273,222",84% bullish,of 76 ratings,$5.75
CTIB,NULL,1439838957560,0,100% bearish,of 1 rating,N/A
CUNB,$22.63,1439838957949,"2,700",Not yet rated,NULL,$24.50
CPIX,$6.05,1439838957990,"8,900",Not yet rated,NULL,N/A
CUI,$5.55,1439838958021,"55,163",50% bullish,of 2 ratings,$10
CMLS,$1.27,1439838958047,"433,655",50% bullish,of 4 ratings,$6
CVBF,$17.565,1439838958080,"65,855",Not yet rated,NULL,$18
CRIS,$2.88,1439838958106,"182,740",100% bullish,of 8 ratings,$6
CTRP,$72.5,1439838958127,"358,532",75% bullish,of 8 ratings,$92
CUTR,$15,1439838958161,"16,899",67% bearish,of 3 ratings,$18
CYBR,$59.51,1439838958335,"884,909",86% bullish,of 7 ratings,$66
CVV,$12.5001,1439838958367,"143,257",100% bullish,of 5 ratings,N/A
CYAN,$7.6129,1439838958393,"1,360",100% bearish,of 1 rating,N/A
CYBX,$59.46,1439838958466,"83,092",50% bullish,of 4 ratings,$70
CYBE,$5.65,1439838958539,"3,849",100% bearish,of 1 rating,N/A
CYCC,$0.61,1439838958666,"50,594",73% bullish,of 11 ratings,N/A
CYCCP,NULL,1439838958765,0,100% bearish,of 1 rating,N/A
CBAY,$2.83,1439838958796,"94,270",100% bullish,of 1 rating,$4
CYNO,$34.5,1439838958898,"65,878",67% bearish,of 3 ratings,$45.50
CY,$10.27,1439838958927,"1,799,055",80% bullish,of 10 ratings,$15.50
CYNA,$15.035,1439838958948,"5,823",100% bullish,of 1 rating,$33
CYRN,$1.6501,1439838958978,"216,888",67% bullish,of 3 ratings,$4
CYTK,$6.7145,1439838959168,"102,900",71% bullish,of 14 ratings,$13.50
CTSO,$7.689,1439838959193,"163,144",Not yet rated,NULL,$15.625
CONE,$34.505,1439838959265,"521,340",67% bearish,of 3 ratings,$35
CYTX,$0.3851,1439838959329,"482,617",83% bullish,of 12 ratings,$5.50
CYTR,$2.43,1439838959392,"333,802",67% bullish,of 6 ratings,$10
DAEG,$0.36,1439838959523,"32,900",100% bearish,of 1 rating,N/A
TVIZ,NULL,1439838959547,0,100% bearish,of 1 rating,N/A
TVIX,$5.5399,1439838959609,"2,383,982",81% bullish,of 16 ratings,N/A
DJCO,$210.9,1439838959745,"8,003",Not yet rated,NULL,N/A
XIV,$48.3338,1439838959794,"3,960,046",75% bearish,of 4 ratings,N/A
ZIV,$50.0201,1439838959819,"46,461",Not yet rated,NULL,N/A
DARA,$0.9001,1439838959875,"49,003",83% bullish,of 6 ratings,$1.50
DAKT,$12.22,1439838959900,"67,363",50% bullish,of 2 ratings,$14
DAIO,$2.69,1439838959961,"1,712",Not yet rated,NULL,N/A
DTLK,$6.07,1439838959986,"30,263",100% bearish,of 1 rating,$9
DWCH,$5.31,1439838960336,"20,143",75% bullish,of 4 ratings,$8.25
PLAY,$37.3,1439838960361,"61,472",100% bullish,of 5 ratings,$42
DRAM,$1.4899,1439838960386,"1,100",78% bullish,of 9 ratings,N/A
DTEA,$13.765,1439838960437,"125,839",100% bearish,of 2 ratings,$24
DBVT,$42.26,1439838960543,"40,919",100% bearish,of 1 rating,$53
DWSN,$5.17,1439838960568,"38,406",67% bullish,of 3 ratings,$6
DFRG,$15.37,1439838960615,"60,385",100% bearish,of 1 rating,$20
TRAK,$62.245,1439838960707,"57,262",50% bullish,of 2 ratings,$62.50
DCTH,$0.4918,1439838960764,"154,598",78% bullish,of 9 ratings,N/A
TACOW,$4.48,1439838960791,"24,509",100% bullish,of 1 rating,N/A
DHRM,$1.73,1439838960816,75,Not yet rated,NULL,N/A
DELT,$2.4999,1439838961134,535,Not yet rated,NULL,N/A
DENN,$12.51,1439838961216,"150,122",100% bullish,of 3 ratings,$15
TACO,$13.755,1439838961267,"279,141",100% bullish,of 3 ratings,$20
DGAS,$20.1601,1439838961376,"1,740",67% bearish,of 3 ratings,N/A
XRAY,$56.72,1439838961509,"163,852",100% bullish,of 1 rating,$58
DEPO,$31.49,1439838961534,"380,467",60% bullish,of 5 ratings,$32
DSCI,$6.64,1439838961582,"63,846",50% bullish,of 2 ratings,$16
DEST,$12.29,1439838961669,"32,942",50% bullish,of 2 ratings,N/A
DERM,$25.25,1439838961696,"79,930",100% bearish,of 1 rating,$23
DXLG,$4.8801,1439838961724,"3,283",100% bearish,of 1 rating,$8
DSWL,$1.767,1439838961880,347,100% bullish,of 1 rating,N/A
DXCM,$97.6,1439838961940,"326,077",57% bullish,of 7 ratings,$98
DXM,$0.3201,1439838961970,"106,746",50% bullish,of 2 ratings,N/A
DHXM,NULL,1439838962044,0,Not yet rated,NULL,N/A
DMND,$32.12,1439838962070,"40,628",75% bullish,of 12 ratings,$32
DELTW,$0.17,1439838962436,"12,000",Not yet rated,NULL,N/A
DGII,$10.07,1439838962462,"23,752",100% bearish,of 1 rating,$10
DRNA,$11.17,1439838962524,"37,836",67% bearish,of 3 ratings,$25
DHIL,$191.3238,1439838962550,840,Not yet rated,NULL,N/A
DRAD,$4.06,1439838962599,"10,447",100% bullish,of 1 rating,$5.25
DCIX,$1.89,1439838962624,"15,048",50% bullish,of 4 ratings,$3.50
DMRC,$37.5956,1439838962684,"22,044",100% bearish,of 1 rating,$44
FANG,$72.25,1439838962787,"344,136",50% bullish,of 2 ratings,$86
DGLY,$7.6874,1439838962921,"91,180",50% bullish,of 6 ratings,$20
APPS,$2.34,1439838962947,"45,125",100% bearish,of 1 rating,$10.25
DCOM,$17.36,1439838963002,"26,670",100% bearish,of 2 ratings,$16.50
DIOD,$20.4,1439838963154,"65,831",75% bearish,of 4 ratings,$24
DISCA,$29.18,1439838963191,"911,349",67% bullish,of 3 ratings,$34
DPRX,$14.22,1439838963257,"13,698",100% bullish,of 2 ratings,$27.75
DSCO,$0.4701,1439838963363,"257,575",83% bullish,of 6 ratings,$2.75
DISCB,NULL,1439838963396,0,100% bearish,of 1 rating,$35
DISCK,$27.71,1439838963422,"474,311",100% bearish,of 1 rating,$40
BAGR,$2.9242,1439838963448,"10,572",100% bearish,of 1 rating,$6
DISH,$66.89,1439838963495,"385,243",69% bullish,of 13 ratings,$73
DVCR,$11.81,1439838963582,"2,637",100% bullish,of 1 rating,N/A
DLTR,$78.355,1439838963748,"465,160",82% bullish,of 11 ratings,$88
DNBF,NULL,1439838963807,0,Not yet rated,NULL,$27.50
DLHC,$2.5148,1439838963879,"1,050",100% bearish,of 1 rating,N/A
DGICA,$14.74,1439838963904,"9,863",100% bearish,of 1 rating,$17
DGICB,$21.37,1439838963934,4,100% bearish,of 1 rating,N/A
DMLP,$14.66,1439838964238,"24,746",100% bearish,of 1 rating,N/A
DORM,$52.345,1439838964366,"68,258",100% bearish,of 1 rating,$56
DRWI,$0.3014,1439838964394,"70,500",60% bullish,of 5 ratings,$.45
DRWIW,NULL,1439838964415,0,Not yet rated,NULL,N/A
HILL,$5.445,1439838964443,"203,035",60% bearish,of 5 ratings,$8
DWA,$19.6,1439838964472,"148,741",63% bullish,of 8 ratings,$26
DRYS,$0.3672,1439838964494,"2,077,288",77% bullish,of 31 ratings,$.60
DSKX,$3.46,1439838964835,"1,071,011",100% bullish,of 1 rating,N/A
DSPG,$8.925,1439838964862,"14,323",100% bearish,of 1 rating,$13.50
CADTW,NULL,1439838964888,0,Not yet rated,NULL,N/A
CADTR,$0.195,1439838964925,300,Not yet rated,NULL,N/A
CADTU,NULL,1439838964952,0,Not yet rated,NULL,N/A
DTSI,$27.83,1439838965025,"41,283",100% bearish,of 2 ratings,$39.50
CADT,NULL,1439838965052,0,Not yet rated,NULL,N/A
DNKN,$52.57,1439838965127,"193,585",67% bullish,of 15 ratings,$56.50
DRRX,$2.245,1439838965477,"108,326",50% bullish,of 6 ratings,$3
BOOM,$10.09,1439838965512,"22,803",67% bullish,of 3 ratings,$12
DYAX,$23.16,1439838965536,"242,123",89% bullish,of 9 ratings,$30
DXPE,$30.14,1439838965569,"65,873",50% bullish,of 2 ratings,N/A
DYNT,$3.01,1439838965608,"3,250",75% bullish,of 4 ratings,N/A
DVAX,$29.92,1439838965636,"121,891",70% bullish,of 10 ratings,$40
DYSL,NULL,1439838965666,0,100% bullish,of 2 ratings,N/A
ETFC,$28.6,1439838965799,"718,770",57% bullish,of 14 ratings,$33
EBMT,NULL,1439838965871,0,Not yet rated,NULL,$13.50
EGRX,$71.49,1439838966005,"234,288",67% bullish,of 3 ratings,$97
EROC,$1.4866,1439838966044,"221,976",50% bullish,of 2 ratings,$3
EGBN,$45.01,1439838966069,"98,519",Not yet rated,NULL,$48
EGLE,$7.63,1439838966135,"12,010",60% bullish,of 5 ratings,N/A
EACQU,$10.05,1439838966502,900,Not yet rated,NULL,N/A
EBIX,$30.81,1439838966529,"38,075",69% bullish,of 13 ratings,$40
EBAY,$28.253,1439838966560,"3,502,905",81% bullish,of 117 ratings,$48
ELNK,$9.22,1439838966595,"501,651",80% bullish,of 5 ratings,$9.50
EML,$17.2001,1439838966622,"2,577",Not yet rated,NULL,N/A
EVBS,NULL,1439838966642,0,Not yet rated,NULL,$7
EWBC,$45.29,1439838966676,"595,356",100% bearish,of 1 rating,$50
ELON,$0.5572,1439838966704,"37,842",50% bullish,of 2 ratings,N/A
ECHO,$25.02,1439838967079,"98,657",67% bearish,of 3 ratings,$36
ECACU,$10.02,1439838967111,"1,100",Not yet rated,NULL,N/A
SATS,$46.75,1439838967140,"33,633",50% bullish,of 2 ratings,$60
ECTE,$1.564,1439838967172,"115,225",75% bullish,of 4 ratings,N/A
EEI,$11.1475,1439838967209,"1,284",67% bearish,of 3 ratings,N/A
EDAP,$3.6199,1439838967237,"20,653",60% bullish,of 5 ratings,$4.50
EDGW,$7.1,1439838967370,258,100% bearish,of 1 rating,N/A
ESES,$3.62,1439838967397,"6,627",100% bearish,of 1 rating,$7
EFUT,$4.5856,1439838967574,"3,270",Not yet rated,NULL,N/A
EHTH,$15.02,1439838967713,"69,778",50% bullish,of 4 ratings,$16.50
EGAN,$3.48,1439838967741,"84,441",50% bullish,of 2 ratings,$6.25
EDUC,$4.652,1439838967762,"1,800",100% bearish,of 1 rating,N/A
EGLT,$12.72,1439838967784,"45,906",50% bullish,of 2 ratings,$21
LOCO,$14.77,1439838967820,"1,196,493",69% bullish,of 13 ratings,$23
ESLT,$81.93,1439838968015,"5,126",100% bullish,of 2 ratings,N/A
EMITF,$1.29,1439838968052,"9,308",75% bullish,of 4 ratings,N/A
ELRC,$10.285,1439838968238,"6,090",100% bearish,of 1 rating,N/A
ERI,$9.77,1439838968283,"155,124",100% bearish,of 1 rating,$10
EA,$73.64,1439838968331,"1,080,748",77% bullish,of 35 ratings,$80
ESIO,$4.615,1439838968367,"63,742",50% bullish,of 2 ratings,$10
ELSE,$4.08,1439838968499,"5,348",60% bullish,of 5 ratings,N/A
ELEC,NULL,1439838968523,0,Not yet rated,NULL,N/A
EFII,$46.05,1439838968553,"49,064",80% bullish,of 5 ratings,$55
ELECU,NULL,1439838968579,0,Not yet rated,NULL,N/A
ELECW,NULL,1439838968654,0,Not yet rated,NULL,N/A
EBIO,$4.0032,1439838968799,"1,055,492",100% bearish,of 2 ratings,$8.35
ESBK,NULL,1439838969039,0,Not yet rated,NULL,N/A
LONG,$17.09,1439838969101,"87,290",67% bullish,of 3 ratings,$15.75
CAPX,NULL,1439838969127,0,Not yet rated,NULL,N/A
ELTK,$1.145,1439838969149,"6,995",67% bearish,of 3 ratings,N/A
RDEN,$10.35,1439838969177,"53,997",100% bearish,of 4 ratings,$15
EMCI,$24.33,1439838969362,"4,329",Not yet rated,NULL,N/A
EMCF,$23.9899,1439838969391,363,100% bearish,of 1 rating,N/A
EMKR,$7.398,1439838969491,"511,939",75% bullish,of 4 ratings,$8.50
EMMS,$1.21,1439838969521,"34,729",67% bullish,of 6 ratings,N/A
ENTA,$41.39,1439838969582,"59,592",50% bullish,of 2 ratings,$42
NYNY,$4.56,1439838969609,"15,780",50% bullish,of 2 ratings,N/A
ERS,$3.06,1439838969648,"9,616",Not yet rated,NULL,N/A
EMMSP,$3.38,1439838969682,400,100% bearish,of 1 rating,N/A
ECPG,$40.935,1439838969782,"59,802",100% bullish,of 2 ratings,$52
WIRE,$33.92,1439838969807,"31,265",100% bearish,of 1 rating,$41
ENDP,$86.07,1439838970012,"655,698",50% bullish,of 6 ratings,$104
ECYT,$5.4101,1439838970139,"117,908",83% bullish,of 6 ratings,$12
EFOI,$16.19,1439838970173,"765,924",50% bullish,of 2 ratings,$17
ELGX,$12.95,1439838970274,"388,594",75% bullish,of 4 ratings,$17
EIGI,$16.31,1439838970305,"277,855",67% bearish,of 3 ratings,$20
WATT,$7.07,1439838970333,"76,397",50% bullish,of 2 ratings,$13
EXXI,$1.7001,1439838970354,"460,221",86% bullish,of 7 ratings,$3.50
ERII,$2.9,1439838970405,"39,654",80% bullish,of 5 ratings,$2.50
ENG,$1.07,1439838970506,"14,342",100% bullish,of 3 ratings,N/A
ENOC,$8.89,1439838970535,"85,577",75% bullish,of 4 ratings,$18
ENFC,NULL,1439838970709,0,Not yet rated,NULL,N/A
ENTG,$14.7,1439838970735,"262,804",100% bearish,of 1 rating,$18
ENPH,$5.58,1439838970783,"188,135",75% bullish,of 4 ratings,$11
ESGR,$161.54,1439838970808,"20,915",100% bearish,of 1 rating,$185
ENTL,$22.72,1439838970983,"8,652",Not yet rated,NULL,$28
ETRM,$0.2711,1439838971070,"593,716",69% bearish,of 35 ratings,$1.625
EGT,$2.21,1439838971113,253,100% bullish,of 1 rating,N/A
EBTC,$20.98,1439838971140,306,Not yet rated,NULL,N/A
ENZN,$1.1238,1439838971216,"795,053",100% bullish,of 9 ratings,N/A
EFSC,$24.84,1439838971248,"12,343",Not yet rated,NULL,$27
ENZY,$8.8,1439838971277,"21,577",67% bullish,of 3 ratings,$9.50
ENVI,$1.81,1439838971308,"22,700",67% bullish,of 3 ratings,N/A
EPIQ,$14,1439838971407,"27,794",100% bearish,of 1 rating,$18
EPRS,$5.21,1439838971466,"35,458",82% bullish,of 11 ratings,$15
EPZM,$18.47,1439838971630,"86,280",60% bullish,of 5 ratings,$34
PLUS,$75.55,1439838971663,"43,106",50% bullish,of 2 ratings,$88
EQFN,$8.3601,1439838971762,"2,000",Not yet rated,NULL,N/A
EQIX,$282.965,1439838971788,"121,266",67% bullish,of 3 ratings,$312.50
ERIC,$10.4188,1439838971819,"717,256",63% bullish,of 8 ratings,$13.30
EAC,$3.38,1439838971919,"1,379",100% bearish,of 1 rating,$7.50
ESCA,$18.72,1439838972051,"3,466",100% bearish,of 1 rating,$22
ERIE,$86.89,1439838972085,"7,258",Not yet rated,NULL,$73
ESCRP,$1.6592,1439838972112,"5,485",100% bearish,of 1 rating,N/A
ESCR,$0.2299,1439838972142,"6,831",50% bullish,of 2 ratings,N/A
ESMC,$1.4,1439838972185,706,Not yet rated,NULL,N/A
ESPR,$76.37,1439838972212,"871,615",56% bearish,of 9 ratings,$130
EPIX,NULL,1439838972434,0,Not yet rated,NULL,N/A
ESSA,$12.8199,1439838972460,"3,199",100% bearish,of 1 rating,N/A
ESSX,$0.4815,1439838972828,"31,913",50% bullish,of 2 ratings,N/A
CLWT,$2.45,1439838972879,110,100% bearish,of 1 rating,N/A
ESND,$36.35,1439838972913,"38,564",100% bearish,of 1 rating,$40
ETSY,$17.54,1439838972942,"482,447",80% bullish,of 5 ratings,$16
EVOK,$4.626,1439838972967,"6,828",100% bearish,of 1 rating,$13.75
ESEA,$6.45,1439838972995,279,100% bullish,of 1 rating,$15
EVEP,$9.1232,1439838973024,"248,690",50% bullish,of 2 ratings,$15
EEFT,$68.895,1439838973045,"67,495",100% bearish,of 1 rating,$67.50
EVLV,$2.3,1439838973224,"36,031",60% bullish,of 5 ratings,$6.50
EXA,$10.62,1439838973324,"29,342",100% bearish,of 1 rating,$13
EVK,$3.74,1439838973358,"2,884",75% bearish,of 4 ratings,N/A
EXAS,$23.58,1439838973404,"218,068",78% bullish,of 9 ratings,$31
EXAC,$18.86,1439838973429,"30,073",100% bearish,of 1 rating,$22.50
EVOL,$6.38,1439838973454,"16,109",75% bullish,of 4 ratings,$10
EXEL,$5.965,1439838973671,"919,783",81% bullish,of 16 ratings,$6
EXFO,$2.89,1439838973811,"1,600",67% bearish,of 3 ratings,$3.95
EXLS,$37.49,1439838973842,"23,164",100% bullish,of 1 rating,$41
EXLP,$20.685,1439838973873,"64,967",100% bearish,of 1 rating,$27
EXPO,$44.205,1439838973899,"16,906",100% bearish,of 1 rating,$45.50
ESRX,$89.1,1439838973944,"796,215",67% bearish,of 6 ratings,$101
EXPD,$49.15,1439838974035,"324,860",80% bullish,of 5 ratings,$50.50
EXPE,$122.92,1439838974062,"274,368",64% bullish,of 11 ratings,$130
EYEG,$4.26,1439838974197,"66,916",Not yet rated,NULL,N/A
EXTR,$2.98,1439838974225,"326,762",80% bullish,of 5 ratings,$3
EYEGW,NULL,1439838974353,0,Not yet rated,NULL,N/A
EZCH,$21.72,1439838974383,"110,035",75% bullish,of 8 ratings,$19.50
FB,$93.87,1439838974487,"9,529,703",73% bullish,of 1063 ratings,$111
EZPW,$6.1425,1439838974514,"112,892",50% bullish,of 4 ratings,$7.50
FCS,$14.485,1439838974558,"238,719",67% bearish,of 3 ratings,$17
FFIV,$133.75,1439838974659,"212,421",71% bullish,of 7 ratings,$132
FRP,$18.07,1439838974684,"78,473",100% bearish,of 1 rating,$18
DAVE,$15.18,1439838974873,"35,233",100% bearish,of 1 rating,$15.50
FALC,$1.69,1439838974904,"31,343",63% bearish,of 8 ratings,N/A
FARM,$23.57,1439838974931,"7,060",100% bearish,of 1 rating,$35
FFKT,$27.18,1439838974956,"9,406",Not yet rated,NULL,$29
FWM,$2.39,1439838974989,"105,970",100% bearish,of 2 ratings,$3.20
FMNB,$8.06,1439838975080,"11,168",Not yet rated,NULL,N/A
FARO,$42.2,1439838975272,"42,271",50% bullish,of 2 ratings,$48
FATE,$7.74,1439838975329,"13,453",100% bearish,of 1 rating,$11
FAST,$40.31,1439838975355,"401,423",80% bullish,of 5 ratings,$46
FDML,$9.78,1439838975437,"57,282",50% bullish,of 4 ratings,$14
FBRC,$22.97,1439838975496,"4,204",100% bearish,of 1 rating,$29
FBSS,NULL,1439838975522,0,Not yet rated,NULL,N/A
FNHC,$24.09,1439838975651,"42,299",100% bearish,of 1 rating,$35
FHCO,$1.52,1439838975678,"17,581",50% bullish,of 4 ratings,N/A
FEIC,$81.67,1439838975699,"176,426",50% bullish,of 2 ratings,$95.50
FENX,$9.87,1439838975737,"37,249",100% bullish,of 1 rating,$14.25
FCSC,$6.59,1439838975836,"53,833",100% bearish,of 1 rating,$8.125
ONEQ,$199.7977,1439838975890,"40,581",100% bullish,of 1 rating,N/A
LION,$20.67,1439838976025,"109,850",100% bullish,of 1 rating,$20
FDUS,$15.1,1439838976052,"20,394",100% bullish,of 1 rating,$18
FGEN,$25.43,1439838976079,"345,328",100% bearish,of 1 rating,$39
FSC,$6.505,1439838976301,"304,645",75% bullish,of 4 ratings,$8
FSCFL,$25.07,1439838976329,"2,944",Not yet rated,NULL,N/A
FSAM,$8.94,1439838976360,"10,116",100% bearish,of 1 rating,$11
FITBI,$27.83,1439838976394,"9,145",Not yet rated,NULL,N/A
FRGI,$55.44,1439838976415,"98,420",50% bullish,of 2 ratings,$70
FSFR,$9.2,1439838976464,"84,678",100% bearish,of 1 rating,$11.50
FITB,$21.175,1439838976490,"1,387,077",54% bullish,of 13 ratings,$22
FISI,$24.62,1439838976625,"106,064",100% bullish,of 2 ratings,$24.50
FNSR,$17.72,1439838976705,"395,103",86% bullish,of 7 ratings,$25
FNGN,$36.47,1439838976731,"93,697",67% bullish,of 3 ratings,$47
FNJN,$1.7801,1439838976888,"18,933",100% bearish,of 1 rating,$5
FNTC,NULL,1439838976913,0,Not yet rated,NULL,N/A
FNTCU,NULL,1439838976992,0,Not yet rated,NULL,N/A
FNTCW,NULL,1439838977137,0,Not yet rated,NULL,N/A
FRBA,$5.992,1439838977168,"5,550",Not yet rated,NULL,$8
FEYE,$43.56,1439838977203,"1,383,016",87% bullish,of 15 ratings,$55.50
FCVA,$4.5701,1439838977229,225,Not yet rated,NULL,N/A
FBNC,$17.36,1439838977266,"7,900",100% bullish,of 1 rating,$20
FNLC,$18.78,1439838977301,"7,400",100% bullish,of 1 rating,N/A
FBIZ,$44.0799,1439838977401,"5,982",100% bearish,of 2 ratings,$52
BUSE,$6.46,1439838977426,"15,438",Not yet rated,NULL,$6.875
FCAP,$26.95,1439838977668,"4,722",Not yet rated,NULL,N/A
FCFS,$38.24,1439838977700,"36,761",100% bearish,of 2 ratings,$48
FCNCA,$253.7,1439838977738,"15,708",Not yet rated,NULL,N/A
FCLF,$9.2,1439838977799,"1,200",Not yet rated,NULL,N/A
FCBC,$18.27,1439838977826,"8,690",Not yet rated,NULL,$17
FCCO,$12.02,1439838977871,"1,332",Not yet rated,NULL,$13.25
FCFP,$7,1439838977975,"1,400",Not yet rated,NULL,N/A
FBNK,$16.31,1439838978068,"3,383",100% bearish,of 1 rating,$17.50
FDEF,$37.575,1439838978101,"12,691",Not yet rated,NULL,$38
FFBCW,NULL,1439838978208,0,100% bearish,of 1 rating,N/A
FFNM,$6.42,1439838978239,400,Not yet rated,NULL,N/A
THFF,$33.75,1439838978275,"6,756",Not yet rated,NULL,$35
FFIN,$32.95,1439838978300,"16,108",50% bullish,of 2 ratings,$31.75
FFBC,$19.24,1439838978325,"63,557",67% bearish,of 3 ratings,$20.25
FFNW,$12.53,1439838978499,"3,576",Not yet rated,NULL,$14
FFWM,$21.33,1439838978633,"30,017",Not yet rated,NULL,$24
INBK,$36.3416,1439838978677,"17,868",50% bullish,of 2 ratings,$37
FMBH,$21.86,1439838978769,"3,157",Not yet rated,NULL,N/A
FRME,$26.28,1439838978800,"169,868",Not yet rated,NULL,$26.50
FIBK,$28.19,1439838978822,"20,220",Not yet rated,NULL,$32
FMBI,$18.62,1439838978850,"83,039",Not yet rated,NULL,$20
FNBC,$36.71,1439838979011,"38,026",Not yet rated,NULL,$41
FNFG,$9.76,1439838979077,"563,818",80% bullish,of 5 ratings,$9
FSFG,$31.49,1439838979143,"4,568",Not yet rated,NULL,N/A
FSLR,$51.549,1439838979173,"575,599",74% bullish,of 39 ratings,$65
FSGI,$2.5,1439838979199,"1,700",Not yet rated,NULL,N/A
FNWB,$12.33,1439838979230,"2,200",Not yet rated,NULL,N/A
FBZ,NULL,1439838979333,0,Not yet rated,NULL,N/A
FSBK,$7.9,1439838979358,"6,189",100% bullish,of 1 rating,N/A
FCAN,$25.77,1439838979551,"1,965",Not yet rated,NULL,N/A
BICK,NULL,1439838979589,0,100% bullish,of 1 rating,N/A
FTCS,$38.7599,1439838979610,"15,302",Not yet rated,NULL,N/A
FCA,$23,1439838979645,"5,787",Not yet rated,NULL,N/A
FV,$24.9123,1439838979679,"914,655",Not yet rated,NULL,N/A
FEMB,NULL,1439838979704,0,Not yet rated,NULL,N/A
IFV,$18.8547,1439838979745,"368,467",100% bearish,of 1 rating,N/A
TDIV,$26.1299,1439838980234,"28,948",100% bearish,of 1 rating,N/A
FTSM,$59.9301,1439838980261,"12,314",100% bearish,of 1 rating,N/A
FEUZ,$32.5,1439838980316,100,Not yet rated,NULL,N/A
MDIV,$19.9,1439838980347,"105,239",Not yet rated,NULL,N/A
FGM,$37.5055,1439838980400,"3,205",Not yet rated,NULL,N/A
FTGC,$22.79,1439838980449,"201,718",Not yet rated,NULL,N/A
FHK,$35.99,1439838980498,"3,420",Not yet rated,NULL,N/A
FTHI,$20.57,1439838980527,"1,106",Not yet rated,NULL,N/A
HYLS,$49.791,1439838980639,"228,483",100% bearish,of 1 rating,N/A
FPXI,NULL,1439838980740,0,Not yet rated,NULL,N/A
SKYY,$30.638,1439838980768,"33,595",100% bullish,of 1 rating,N/A
YDIV,$17.206,1439838980799,"1,175",Not yet rated,NULL,N/A
CU,$13.2501,1439838980868,"1,391",100% bearish,of 1 rating,N/A
PLTM,$6.533,1439838980998,"1,300",100% bearish,of 1 rating,N/A
FJP,$50.492,1439838981058,"21,131",Not yet rated,NULL,N/A
FTLB,NULL,1439838981092,0,100% bearish,of 1 rating,N/A
LMBS,NULL,1439838981193,0,Not yet rated,NULL,N/A
QABA,$39.8453,1439838981218,"14,100",100% bearish,of 1 rating,N/A
CIBR,$19.7496,1439838981353,"66,597",Not yet rated,NULL,N/A
FMB,$51.2,1439838981377,204,Not yet rated,NULL,N/A
FONE,$36.47,1439838981425,160,Not yet rated,NULL,N/A
QCLN,$16.248,1439838981524,"7,566",Not yet rated,NULL,N/A
GRID,$34.6299,1439838981555,107,100% bearish,of 1 rating,N/A
RDVY,$22.5384,1439838981586,"10,796",Not yet rated,NULL,N/A
CARZ,$36.93,1439838981660,"2,532",100% bearish,of 1 rating,N/A
QTEC,$42.5167,1439838981828,"110,908",Not yet rated,NULL,N/A
QQEW,$44.41,1439838981854,"22,327",Not yet rated,NULL,N/A
QQXT,$42.9908,1439838981875,"3,638",Not yet rated,NULL,N/A
AIRR,$17.09,1439838982066,"19,932",100% bearish,of 1 rating,N/A
FKO,NULL,1439838982121,0,Not yet rated,NULL,N/A
QINC,$21.6399,1439838982150,"5,689",Not yet rated,NULL,N/A
FTSL,$48.9621,1439838982253,"37,762",100% bearish,of 1 rating,N/A
FSZ,$40.7029,1439838982311,"1,468",Not yet rated,NULL,N/A
FDIV,$47.39,1439838982336,"9,239",100% bearish,of 1 rating,N/A
TUSA,$26.4352,1439838982387,550,Not yet rated,NULL,N/A
FTW,$32.05,1439838982412,"2,486",Not yet rated,NULL,N/A
FUNC,$8.333,1439838982640,821,Not yet rated,NULL,N/A
FMER,$18.795,1439838982701,"469,713",50% bullish,of 2 ratings,$20
FKU,$44.04,1439838982731,"42,767",Not yet rated,NULL,N/A
SVVC,$10.6,1439838982763,"8,352",100% bullish,of 1 rating,$26
FISV,$90.07,1439838982789,"267,498",100% bearish,of 3 ratings,$90
FSV,$32.96,1439838982816,"4,204",Not yet rated,NULL,$33.60
FIVE,$37.6,1439838982872,"211,208",75% bearish,of 4 ratings,$44
FPRX,$19.185,1439838983008,"153,357",50% bullish,of 2 ratings,$35
FIVN,$4.449,1439838983138,"72,612",100% bullish,of 1 rating,$8.50
FLKS,$14.46,1439838983210,"13,708",50% bullish,of 2 ratings,$27
FLML,$21.99,1439838983278,"136,036",50% bullish,of 2 ratings,$30
FLXN,$24,1439838983306,"33,864",100% bearish,of 1 rating,$39.50
SKOR,$50.43,1439838983327,20,Not yet rated,NULL,N/A
MBSD,NULL,1439838983357,0,Not yet rated,NULL,N/A
FLEX,$11.225,1439838983385,"880,449",63% bullish,of 8 ratings,$12
FLXS,$41.47,1439838983571,"15,126",100% bearish,of 2 ratings,N/A
FES,$1.0099,1439838984054,920,50% bullish,of 2 ratings,$1
FFIC,$20.94,1439838984086,"14,473",Not yet rated,NULL,$21
FONR,$9.64,1439838984111,"1,238",100% bullish,of 1 rating,N/A
FOMX,$10.49,1439838984140,"66,597",50% bullish,of 2 ratings,$23.50
FLDM,$12.77,1439838984162,"155,863",67% bearish,of 3 ratings,$21.50
FOGO,$18.52,1439838984197,"82,579",50% bullish,of 2 ratings,$25.50
FLIR,$30.62,1439838984219,"95,926",100% bearish,of 1 rating,$38.50
FORM,$6.59,1439838984293,"106,037",67% bullish,of 3 ratings,$10.50
FORTY,$35,1439838984435,500,Not yet rated,NULL,N/A
FTNT,$47.72,1439838984512,"511,343",80% bullish,of 10 ratings,$52
FWRD,$48.64,1439838984569,"63,406",100% bearish,of 1 rating,$50
FBIO,$3.09,1439838984595,"51,326",83% bullish,of 6 ratings,N/A
FORD,$1.1,1439838984647,"505,518",50% bullish,of 2 ratings,N/A
FORR,$32.3,1439838984724,"13,931",Not yet rated,NULL,N/A
FWP,$25.54,1439838984779,"19,411",100% bearish,of 1 rating,$45
FOSL,$62.26,1439838984919,"391,956",50% bullish,of 4 ratings,$70
FMI,$20.09,1439838984950,"102,800",100% bearish,of 2 ratings,$27.50
FXCB,$17.53,1439838985018,712,Not yet rated,NULL,$19
FOXF,$15.76,1439838985114,"16,328",100% bearish,of 1 rating,$19
FRED,$14.49,1439838985194,"60,375",50% bullish,of 2 ratings,$16.50
FREE,$0.5171,1439838985249,"1,111,020",92% bullish,of 12 ratings,N/A
FRAN,$11.37,1439838985279,"353,864",50% bullish,of 4 ratings,$15
FELE,$30.17,1439838985305,"79,546",50% bullish,of 4 ratings,$33
FEIM,$10.96,1439838985445,910,100% bearish,of 1 rating,N/A
RAIL,$22.18,1439838985471,"43,102",100% bearish,of 1 rating,$24.50
FRPT,$14.75,1439838985543,"142,588",67% bearish,of 3 ratings,$23.50
FTR,$5.605,1439838985643,"8,587,827",78% bullish,of 27 ratings,$6.25
FTRPR,$109.25,1439838985728,"109,050",100% bearish,of 1 rating,N/A
FRPH,$31.545,1439838985753,706,100% bearish,of 1 rating,N/A
FTD,$30.59,1439838985781,"40,253",100% bearish,of 1 rating,$40
FSBW,$23.51,1439838985928,"3,972",Not yet rated,NULL,N/A
FSYS,$6.68,1439838985960,"16,275",67% bullish,of 3 ratings,$10
FTEK,$2.34,1439838986069,"23,175",75% bullish,of 4 ratings,N/A
FCEL,$0.8085,1439838986098,"354,001",88% bullish,of 40 ratings,$2.65
FULL,$3.2,1439838986125,"49,053",67% bearish,of 3 ratings,$4.25
FULLL,$25.587,1439838986267,400,Not yet rated,NULL,N/A
FLL,$1.62,1439838986331,"17,803",75% bullish,of 4 ratings,$2.825
FULT,$13.17,1439838986406,"139,215",100% bearish,of 1 rating,$13
FSNN,$2.635,1439838986437,"2,280",67% bullish,of 3 ratings,$6
FFHL,$0.88,1439838986546,30,50% bullish,of 4 ratings,N/A
FXEN,$1.01,1439838986571,"213,674",75% bullish,of 4 ratings,$1.10
FXENP,$16.5,1439838986605,350,100% bearish,of 1 rating,N/A
GK,$71.96,1439838986751,"27,387",Not yet rated,NULL,$78
WILC,$5.2149,1439838986811,"3,793",100% bullish,of 2 ratings,N/A
GAIA,$5.83,1439838986843,"38,250",50% bullish,of 2 ratings,$8.50
GALTU,NULL,1439838986942,0,100% bearish,of 1 rating,N/A
GLPG,$59.96,1439838986972,"6,305",100% bullish,of 1 rating,$75
GALT,$2.2,1439838987078,"134,813",80% bullish,of 5 ratings,N/A
GALTW,$0.7131,1439838987185,999,100% bullish,of 1 rating,N/A
GLMD,$8.97,1439838987212,"9,051",67% bullish,of 3 ratings,$20.50
GLPI,$33.49,1439838987270,"151,634",100% bearish,of 1 rating,$37.50
GALE,$1.44,1439838987348,"346,492",89% bullish,of 47 ratings,$4
GPIC,$10.27,1439838987375,864,100% bearish,of 1 rating,N/A
GRMN,$40.361,1439838987453,"237,111",50% bullish,of 6 ratings,$48
GGAC,$9.82,1439838987521,200,100% bearish,of 1 rating,N/A
GGACR,NULL,1439838987590,0,100% bullish,of 1 rating,N/A
GGACW,NULL,1439838987749,0,Not yet rated,NULL,N/A
GENC,$9.49,1439838987852,125,100% bearish,of 1 rating,N/A
GNCMA,$17.935,1439838987903,"36,846",100% bearish,of 1 rating,$12
GARS,$14.87,1439838987936,"9,765",Not yet rated,NULL,$16
GGACU,NULL,1439838988036,0,Not yet rated,NULL,N/A
GFN,$4.03,1439838988064,"29,389",100% bearish,of 2 ratings,$8
GFNSL,$25.82,1439838988093,"1,400",Not yet rated,NULL,N/A
GFNCP,$93.77,1439838988114,100,Not yet rated,NULL,N/A
GENE,$2.76,1439838988249,"96,515",100% bullish,of 12 ratings,N/A
GNMK,$9.55,1439838988394,"35,688",67% bullish,of 6 ratings,$14
GNCA,$13.08,1439838988452,"56,560",100% bearish,of 1 rating,$20
GHDX,$26.41,1439838988551,"110,076",50% bullish,of 2 ratings,$30
GNTX,$16.015,1439838988621,"720,945",Not yet rated,NULL,$20
GNVC,$2.3871,1439838988697,"3,407",90% bullish,of 10 ratings,$8.50
THRM,$48.54,1439838988827,"89,026",75% bearish,of 4 ratings,$55.50
GERN,$3.3999,1439838988957,"1,013,677",88% bullish,of 16 ratings,$5.25
GABC,$29.99,1439838988983,"6,555",Not yet rated,NULL,$31.50
GEOS,$16.02,1439838989008,"46,707",100% bearish,of 3 ratings,$25.50
GTWN,NULL,1439838989061,0,Not yet rated,NULL,N/A
ROCK,$18.65,1439838989191,"190,309",80% bullish,of 5 ratings,$24
GIGA,$1.4899,1439838989233,"14,044",100% bearish,of 1 rating,N/A
GIGM,$0.6531,1439838989285,"42,523",100% bullish,of 2 ratings,N/A
GEVO,$2.17,1439838989441,"142,039",75% bullish,of 12 ratings,N/A
GILT,$4.563,1439838989474,"5,494",50% bullish,of 2 ratings,N/A
GIII,$69.91,1439838989503,"50,445",67% bullish,of 3 ratings,$75
GBCI,$28.265,1439838989579,"25,339",50% bullish,of 2 ratings,$31
GILD,$116.45,1439838989608,"2,709,144",91% bullish,of 86 ratings,$129
GLADO,$25.59,1439838989682,"2,190",Not yet rated,NULL,N/A
GLAD,$8.36,1439838989766,"52,952",50% bullish,of 2 ratings,$8.75
GOOD,$15.98,1439838989871,"36,183",Not yet rated,NULL,$19
GOODN,$25.65,1439838989930,800,Not yet rated,NULL,N/A
GOODO,$25.223,1439838990007,550,Not yet rated,NULL,N/A
GOODP,$25.21,1439838990036,"1,163",Not yet rated,NULL,N/A
GAINN,$25.4582,1439838990104,"70,295",Not yet rated,NULL,N/A
GAIN,$7.9701,1439838990161,"101,434",100% bullish,of 2 ratings,$8.25
GAINO,$25.4801,1439838990186,915,Not yet rated,NULL,N/A
LAND,$9.62,1439838990374,"6,685",50% bullish,of 2 ratings,$13.75
GBT,$53.73,1439838990404,"311,353",Not yet rated,NULL,N/A
GLBZ,$11.85,1439838990457,"1,712",Not yet rated,NULL,N/A
GAINP,$26.1305,1439838990503,"1,467",Not yet rated,NULL,N/A
GDEF,$10.54,1439838990529,1,Not yet rated,NULL,N/A
GBLI,$27.2,1439838990597,"2,004",Not yet rated,NULL,N/A
ENT,$12.838,1439838990699,"76,521",100% bearish,of 1 rating,$18
GPACU,NULL,1439838990833,0,Not yet rated,NULL,N/A
GSOL,$8.48,1439838990898,"11,675",100% bearish,of 1 rating,N/A
QQQC,$21.4453,1439838990941,"7,702",100% bearish,of 1 rating,N/A
ACTX,NULL,1439838990968,0,100% bullish,of 1 rating,N/A
SOCL,$18.7101,1439838990993,"13,383",100% bullish,of 2 ratings,N/A
ALTY,NULL,1439838991017,0,Not yet rated,NULL,N/A
SRET,$13.8935,1439838991161,"3,225",Not yet rated,NULL,N/A
GAI,$5.51,1439838991257,812,50% bullish,of 2 ratings,N/A
YLCO,$12.3,1439838991364,915,Not yet rated,NULL,N/A
GBIM,$2.25,1439838991429,"82,966",50% bullish,of 2 ratings,N/A
GSM,$14.3,1439838991509,"104,599",50% bullish,of 2 ratings,$24.50
GLBS,$1.21,1439838991535,"3,218",67% bullish,of 3 ratings,N/A
GLRI,$1.18,1439838991566,"5,862",100% bearish,of 1 rating,$6
GLUU,$4.805,1439838991669,"909,621",92% bullish,of 26 ratings,$9
GOGO,$16.38,1439838991799,"211,305",80% bullish,of 5 ratings,$25
GLYC,$7.47,1439838991865,"8,576",50% bullish,of 2 ratings,$14
GLDC,NULL,1439838991896,0,50% bullish,of 2 ratings,N/A
GLNG,$38.91,1439838991917,"532,097",83% bullish,of 6 ratings,$58
GOGL,$3.57,1439838991995,"109,614",75% bullish,of 4 ratings,$5
GMLP,$20.8699,1439838992053,"47,011",50% bullish,of 4 ratings,$33
GDEN,$9.04,1439838992080,"1,184",50% bullish,of 2 ratings,N/A
GBDC,$16.61,1439838992211,"66,239",Not yet rated,NULL,$17.75
GTIM,$7.34,1439838992267,"39,998",Not yet rated,NULL,$11.50
GOOG,$659.09,1439838992367,"367,938",89% bullish,of 64 ratings,$795
GOOGL,$692.36,1439838992414,"421,201",88% bullish,of 1078 ratings,$747
GPRO,$58.4,1439838992439,"2,079,854",79% bullish,of 58 ratings,$72
GPIAU,NULL,1439838992583,0,Not yet rated,NULL,N/A
GPIA,NULL,1439838992618,0,Not yet rated,NULL,N/A
GMAN,$4.7,1439838992648,"48,552",60% bullish,of 5 ratings,$8
GPIAW,NULL,1439838992675,0,Not yet rated,NULL,N/A
LOPE,$39.52,1439838992756,"106,710",100% bearish,of 2 ratings,$50
GBSNU,$16.5,1439838992815,"12,450",Not yet rated,NULL,N/A
GRVY,$3.56,1439838992840,200,50% bullish,of 2 ratings,N/A
GBSN,$2.45,1439838992980,"39,892",100% bearish,of 1 rating,$8.25
GSBC,$42.5,1439838993148,"10,417",100% bullish,of 1 rating,$44
GLDD,$5.56,1439838993230,"49,407",100% bearish,of 4 ratings,$7.75
GNBC,$13.51,1439838993255,"5,714",100% bearish,of 1 rating,$17
GPP,$14.75,1439838993398,"8,601",Not yet rated,NULL,$20.50
GCBC,NULL,1439838993425,0,100% bullish,of 1 rating,N/A
GRBK,$14.63,1439838993446,"160,247",77% bullish,of 13 ratings,N/A
GPRE,$22.77,1439838993467,"260,711",67% bullish,of 6 ratings,$28.50
GLRE,$26.58,1439838993602,"60,223",100% bullish,of 1 rating,$41
GRPN,$4.38,1439838993634,"5,968,995",61% bullish,of 71 ratings,$6.75
GRIF,NULL,1439838993664,0,100% bearish,of 1 rating,N/A
OMAB,$43.19,1439838993762,"22,236",100% bullish,of 1 rating,$44
GGAL,$20.92,1439838993814,"83,431",80% bullish,of 5 ratings,$40
GRFS,$32,1439838993839,"199,978",50% bullish,of 2 ratings,$35
GSIG,$13.65,1439838993908,"6,545",100% bearish,of 2 ratings,N/A
GSIT,$5,1439838994037,"6,684",100% bearish,of 1 rating,N/A
GSVC,$9.47,1439838994066,"21,655",50% bullish,of 2 ratings,$14.50
GTXI,$0.99,1439838994142,"21,308",100% bullish,of 5 ratings,$.75
GUID,$9.13,1439838994307,"28,337",100% bearish,of 3 ratings,$10
GBNK,$16.32,1439838994336,"10,650",100% bearish,of 1 rating,$18
GFED,NULL,1439838994365,0,Not yet rated,NULL,$17
GULTU,$0.3751,1439838994390,"12,470",100% bearish,of 1 rating,N/A
GIFI,$12.19,1439838994416,"22,797",100% bearish,of 1 rating,$16
GPOR,$35.69,1439838994550,"1,093,324",75% bullish,of 4 ratings,$55.50
GURE,$1.829,1439838994581,"67,232",88% bullish,of 8 ratings,N/A
GWPH,$114.52,1439838994685,"85,797",78% bullish,of 9 ratings,$148.50
GWGH,NULL,1439838994791,0,100% bearish,of 1 rating,$15.05
GYRO,$2.87,1439838994844,"1,000",100% bearish,of 1 rating,N/A
HEES,$17.29,1439838994935,"103,377",67% bearish,of 3 ratings,$31
HLG,$9.01,1439838994991,753,100% bearish,of 1 rating,N/A
HALO,$19.69,1439838995066,"569,385",67% bullish,of 3 ratings,$22.50
HNRG,$7.66,1439838995095,"49,490",100% bearish,of 1 rating,$10
HBK,$13.5,1439838995116,600,50% bullish,of 2 ratings,N/A
HALL,$11.755,1439838995147,"31,259",Not yet rated,NULL,N/A
HMPR,$1.97,1439838995306,"5,500",100% bullish,of 1 rating,N/A
HAFC,$26.0248,1439838995393,"24,635",100% bullish,of 2 ratings,$28.50
HBHC,$29.125,1439838995419,"85,299",50% bullish,of 2 ratings,$30
HNH,$28.87,1439838995497,"1,583",100% bullish,of 1 rating,N/A
HBHCL,$24.5301,1439838995563,"21,920",Not yet rated,NULL,N/A
HNSN,$0.5234,1439838995612,"112,413",88% bullish,of 8 ratings,$.40
HQCL,$11.05,1439838995655,"2,810",67% bullish,of 3 ratings,N/A
HDNG,$10.24,1439838995861,"4,819",50% bullish,of 4 ratings,N/A
HRMN,NULL,1439838995888,0,Not yet rated,NULL,N/A
HLIT,$5.83,1439838995925,"213,507",100% bearish,of 1 rating,$6.50
HRMNU,NULL,1439838995957,0,Not yet rated,NULL,N/A
HRMNW,NULL,1439838995977,0,Not yet rated,NULL,N/A
HART,$0.65,1439838996061,"209,673",100% bearish,of 1 rating,N/A
TINY,$2.59,1439838996110,"19,304",50% bullish,of 2 ratings,$5.26
HCAP,$12.38,1439838996302,"6,774",50% bullish,of 2 ratings,$15
HBIO,$4.58,1439838996331,"42,517",Not yet rated,NULL,$10
HCAPL,$25.74,1439838996383,"1,400",Not yet rated,NULL,N/A
HA,$25.85,1439838996443,"509,287",67% bullish,of 9 ratings,$27
HAS,$80.42,1439838996482,"234,294",63% bullish,of 8 ratings,$84.50
HCOM,$23.63,1439838996577,"4,750",100% bearish,of 1 rating,$28
HWKN,$37.7,1439838996609,"7,312",Not yet rated,NULL,N/A
HWBK,NULL,1439838996737,0,100% bearish,of 1 rating,N/A
HAYN,$41.03,1439838996793,"32,252",100% bearish,of 1 rating,$59
HIIQ,$4.9799,1439838996838,"35,854",50% bullish,of 2 ratings,$7
HQY,$33.5,1439838996867,"134,938",67% bullish,of 3 ratings,$31
HDS,$34.72,1439838996893,"462,891",100% bearish,of 2 ratings,$39.50
HCSG,$34.73,1439838996934,"56,203",50% bullish,of 4 ratings,$35
HSTM,$25.72,1439838997069,"47,280",50% bullish,of 2 ratings,$33.75
HWAY,$12.49,1439838997214,"84,907",100% bearish,of 1 rating,$15
HTLF,$37.59,1439838997506,"11,878",100% bullish,of 1 rating,$39.50
HTLD,$21.27,1439838997557,"93,188",Not yet rated,NULL,$22.50
HELE,$91.3,1439838997662,"36,074",67% bearish,of 3 ratings,$100
HTBX,$5.67,1439838997688,"13,611",50% bullish,of 2 ratings,$15.50
HTWR,$89.09,1439838997713,"91,155",50% bullish,of 2 ratings,$103
HMNY,NULL,1439838997739,0,100% bearish,of 1 rating,N/A
HSII,$20.52,1439838997764,"32,404",100% bullish,of 3 ratings,$25
HMTV,$13.45,1439838997898,"1,341",100% bearish,of 1 rating,$16
HSIC,$145.47,1439838998030,"129,949",83% bullish,of 6 ratings,$146
HERO,$0.07,1439838998082,"1,189,073",81% bullish,of 16 ratings,$.75
HCACU,NULL,1439838998109,0,Not yet rated,NULL,N/A
HFWA,$18.47,1439838998183,"11,962",100% bullish,of 1 rating,$20
HTBK,$11.13,1439838998238,"13,100",Not yet rated,NULL,$12
HNNA,$23.31,1439838998263,550,Not yet rated,NULL,N/A
HEOP,$8.05,1439838998317,"9,925",Not yet rated,NULL,$8.50
HCCI,$12.9,1439838998486,"13,258",100% bearish,of 1 rating,$16.50
MLHR,$29.35,1439838998558,"110,916",100% bullish,of 1 rating,$33.50
HRTX,$31.78,1439838998702,"159,634",67% bullish,of 6 ratings,$41
HIBB,$41.125,1439838998776,"78,121",100% bearish,of 1 rating,$48.50
HSKA,$34.93,1439838998838,"29,476",100% bearish,of 1 rating,$38
HIMX,$6.845,1439838998907,"538,648",85% bullish,of 20 ratings,$8.50
HFFC,$16.48,1439838998937,602,Not yet rated,NULL,N/A
HPJ,$2.83,1439838998962,"15,406",75% bullish,of 4 ratings,$12.43
HIHO,$4.2401,1439838999070,"14,320",Not yet rated,NULL,N/A
HSGX,$6.8,1439838999173,"7,299",100% bearish,of 1 rating,$17
HIFS,$116.89,1439838999198,945,Not yet rated,NULL,N/A
HMNF,$11.5,1439838999225,20,Not yet rated,NULL,N/A
HMSY,$9.55,1439838999251,"648,294",67% bullish,of 3 ratings,$19.35
HOLX,$42.73,1439838999386,"1,054,721",67% bullish,of 3 ratings,$42
HOLI,$18.62,1439838999422,"348,442",50% bullish,of 4 ratings,$27
HBCP,NULL,1439838999453,0,Not yet rated,NULL,$29
HOMB,$41.2,1439838999645,"117,729",Not yet rated,NULL,$41
HFBL,NULL,1439838999671,0,Not yet rated,NULL,N/A
HMIN,$29.64,1439838999692,"29,509",100% bearish,of 2 ratings,$35
AWAY,$31.24,1439838999724,"267,139",67% bullish,of 3 ratings,$36
HMST,$22.145,1439838999857,"16,940",100% bullish,of 2 ratings,$27
HTBI,$18.65,1439838999886,"34,611",67% bullish,of 3 ratings,$18.625
HKTV,$5.2152,1439838999908,"1,968",100% bearish,of 1 rating,N/A
CETC,$0.9853,1439838999943,"73,807",86% bullish,of 7 ratings,N/A
HOFT,$25.62,1439839000048,"15,777",100% bearish,of 1 rating,N/A
HFBC,$11.64,1439839000113,"2,922",Not yet rated,NULL,N/A
HRZN,$11.29,1439839000255,"18,886",100% bearish,of 1 rating,$14.25
HZNP,$31.78,1439839000277,"1,017,013",85% bullish,of 20 ratings,$40
ZINC,$8.801,1439839000359,"170,498",100% bearish,of 1 rating,$17
HBNC,$24.83,1439839000405,"9,346",100% bullish,of 1 rating,$27
HMHC,$23.58,1439839000576,"139,655",Not yet rated,NULL,$27
HDP,$26.14,1439839000609,"170,767",67% bearish,of 3 ratings,$30.50
HOVNP,$5.1501,1439839000643,"1,202",100% bearish,of 1 rating,N/A
HBMD,$14.5099,1439839000673,700,100% bearish,of 1 rating,N/A
HWCC,$7.2058,1439839000708,"69,384",100% bearish,of 1 rating,$9
HTGM,$5.85,1439839000736,"15,127",100% bearish,of 1 rating,$19.50
HSNI,$63.59,1439839000761,"172,891",Not yet rated,NULL,$80
HUBG,$41.33,1439839000920,"39,610",100% bearish,of 1 rating,$43
HSON,$2.94,1439839001004,"35,024",100% bearish,of 1 rating,$5
HCBK,$10.38,1439839001065,"403,667",83% bullish,of 6 ratings,$8.61
HBAN,$11.84,1439839001090,"3,786,376",76% bullish,of 17 ratings,$12.50
HBANP,$1357,1439839001222,40,100% bearish,of 1 rating,N/A
HDSN,$3.1899,1439839001247,"10,712",100% bullish,of 1 rating,$6.25
HURN,$75.94,1439839001444,"62,043",50% bullish,of 2 ratings,$80
HURC,$30.97,1439839001474,"8,276",100% bearish,of 1 rating,N/A
HDRAR,NULL,1439839001498,0,Not yet rated,NULL,N/A
HBP,$3.15,1439839001532,"20,499",100% bullish,of 1 rating,N/A
HDRA,NULL,1439839001564,0,Not yet rated,NULL,N/A
HTCH,$1.7079,1439839001600,"22,243",100% bearish,of 1 rating,$3.50
HDRAU,NULL,1439839001670,0,Not yet rated,NULL,N/A
HDRAW,NULL,1439839001695,0,Not yet rated,NULL,N/A
HYGS,$7.72,1439839001870,"14,168",50% bullish,of 2 ratings,$13
IDSY,$4.01,1439839002014,"2,675",100% bearish,of 1 rating,$7
IACI,$74.7925,1439839002078,"168,869",75% bullish,of 4 ratings,$90
IBKC,$64.05,1439839002144,"53,516",100% bullish,of 1 rating,$70
IKGH,$1.77,1439839002171,"35,695",75% bullish,of 4 ratings,N/A
IEP,$73.7099,1439839002204,"75,738",75% bullish,of 4 ratings,$99
ICAD,$3.5,1439839002229,"11,606",50% bullish,of 2 ratings,$7.25
ICFI,$35.46,1439839002305,"17,616",50% bullish,of 2 ratings,$48.50
ICON,$13.58,1439839002472,"386,056",50% bullish,of 2 ratings,$18.50
INVE,$4.55,1439839002544,"117,210",75% bullish,of 4 ratings,$4
ICUI,$121.93,1439839002576,"43,966",Not yet rated,NULL,$122
ICLR,$80.24,1439839002609,"1,241,683",100% bearish,of 3 ratings,$82
IPWR,$7.89,1439839002698,"4,445",100% bullish,of 1 rating,$15
IDXX,$78.8,1439839002729,"182,452",100% bearish,of 1 rating,$77
IDRA,$2.73,1439839002804,"555,663",89% bullish,of 9 ratings,$6.50
DSKY,$12.5,1439839002829,"83,977",67% bullish,of 6 ratings,$11.50
IRG,$4.54,1439839003121,"4,239",100% bearish,of 1 rating,$4.50
IROQ,$16.6,1439839003170,"6,833",100% bullish,of 1 rating,N/A
IKAN,$2.735,1439839003197,"13,351",83% bullish,of 6 ratings,$5
IIVI,$17.81,1439839003257,"93,246",100% bearish,of 1 rating,$22
RXDX,$13.73,1439839003288,"94,827",100% bullish,of 1 rating,$20
KANG,$16.71,1439839003310,"64,600",50% bullish,of 2 ratings,$22.55
IKNX,$11.256,1439839003333,"2,170",100% bearish,of 1 rating,N/A
ILMN,$207.93,1439839003354,"610,876",80% bullish,of 5 ratings,$240
IMMR,$12.5201,1439839003562,"45,273",80% bullish,of 5 ratings,$15.50
ISNS,$4.08,1439839003608,"12,420",50% bullish,of 2 ratings,N/A
IMDZ,$16.59,1439839003739,"29,521",100% bearish,of 1 rating,$33
ICCC,$9.01,1439839003797,"7,981",100% bullish,of 1 rating,N/A
IMGN,$14.455,1439839003822,"452,568",75% bullish,of 4 ratings,$17.50
IMNP,$1.59,1439839003869,"78,068",50% bullish,of 2 ratings,$6
IMMU,$1.83,1439839003970,"169,558",86% bullish,of 7 ratings,$2
IMMY,$7.7,1439839004005,"12,050",100% bearish,of 1 rating,$11
IPXL,$46.57,1439839004054,"265,281",67% bullish,of 3 ratings,$46.50
INCR,$44.5,1439839004137,"382,071",50% bullish,of 2 ratings,$53
SAAS,$8.01,1439839004190,"232,657",50% bullish,of 2 ratings,$15
INCY,$114.82,1439839004219,"1,088,702",50% bullish,of 6 ratings,$125.50
INDB,$49.13,1439839004294,"32,064",Not yet rated,NULL,$44
IBCP,$14.75,1439839004354,"26,258",100% bullish,of 1 rating,$14.50
IBTX,$44.0475,1439839004400,"7,354",100% bullish,of 2 ratings,$47.25
IDSA,$3.743,1439839004427,"8,799",Not yet rated,NULL,N/A
INFN,$24.68,1439839004603,"752,246",71% bullish,of 7 ratings,$27.50
INFI,$9.51,1439839004738,"191,756",50% bullish,of 4 ratings,$18
IPCC,$78.73,1439839004797,"10,307",Not yet rated,NULL,$77
IMKTA,$55.72,1439839004865,"49,337",100% bearish,of 1 rating,N/A
III,$4.22,1439839004891,"72,893",57% bullish,of 7 ratings,$6
INNL,$13.01,1439839004923,"1,700",100% bearish,of 1 rating,$16.50
IFON,$1.36,1439839004970,"106,132",75% bullish,of 4 ratings,N/A
INWK,$7.8,1439839005027,"56,925",50% bullish,of 2 ratings,$10
IPHS,$51.5,1439839005130,"75,567",100% bearish,of 1 rating,$60
INOD,$2.5425,1439839005194,"1,465",100% bearish,of 1 rating,N/A
INGN,$50.05,1439839005339,"244,599",100% bearish,of 1 rating,$50.50
ITEK,$15.8,1439839005368,"1,214,942",67% bearish,of 3 ratings,$20
ISSC,$3,1439839005389,"3,900",67% bearish,of 3 ratings,N/A
IOSP,$46.54,1439839005418,"32,382",100% bearish,of 1 rating,N/A
INO,$7.78,1439839005554,"592,347",89% bullish,of 18 ratings,$20
NSIT,$26.77,1439839005615,"35,460",50% bullish,of 2 ratings,N/A
INOV,$21.19,1439839005643,"116,539",100% bearish,of 1 rating,$33
INSM,$26.99,1439839005699,"138,080",71% bullish,of 7 ratings,$32
ISIG,$2.69,1439839005749,700,100% bearish,of 1 rating,N/A
PODD,$30.45,1439839005803,"295,286",50% bullish,of 2 ratings,$35
IIIN,$17.997,1439839005882,"5,504",100% bearish,of 2 ratings,N/A
NTEC,$6.04,1439839005913,"9,805",Not yet rated,NULL,N/A
INSY,$35.625,1439839005943,"381,980",75% bullish,of 4 ratings,$48
IART,$62.73,1439839006050,"84,399",100% bearish,of 1 rating,$71.50
INTC,$29.05,1439839006290,"6,482,548",82% bullish,of 238 ratings,$36
IESC,$7.13,1439839006315,"6,400",100% bearish,of 1 rating,N/A
ISSI,$22.37,1439839006342,"138,518",67% bullish,of 3 ratings,$19.75
IDTI,$19.52,1439839006374,"518,371",60% bullish,of 5 ratings,$25
IPCI,$2.2399,1439839006527,"62,186",67% bullish,of 6 ratings,$7.75
IQNT,$17.83,1439839006552,"56,812",86% bullish,of 7 ratings,$20
IPAR,$28.65,1439839006583,"72,668",67% bullish,of 3 ratings,$38
ICLD,$1.99,1439839006687,"1,178,164",75% bullish,of 4 ratings,N/A
ININ,$40.45,1439839006718,"16,052",67% bearish,of 3 ratings,$57
IBKR,$42.715,1439839006745,"186,207",100% bullish,of 1 rating,N/A
ICPT,$213.68,1439839006779,"81,317",70% bullish,of 10 ratings,$363
ICLDW,$1.06,1439839006922,1,100% bearish,of 1 rating,N/A
IDCC,$50.26,1439839006953,"119,928",75% bullish,of 4 ratings,$63
TILE,$26.15,1439839006974,"461,314",67% bearish,of 3 ratings,$27
IMI,$2.07,1439839007058,"10,257",67% bullish,of 3 ratings,$2.22
INAP,$8.74,1439839007163,"36,742",75% bullish,of 4 ratings,$11
ISCA,$33.85,1439839007359,"34,051",100% bearish,of 1 rating,N/A
IGLD,$7.73,1439839007399,"3,300",50% bullish,of 2 ratings,N/A
PTNT,$3,1439839007429,"2,724",Not yet rated,NULL,N/A
IIJI,NULL,1439839007458,0,50% bullish,of 2 ratings,$11.50
IBOC,$27.85,1439839007488,"42,248",100% bearish,of 1 rating,N/A
INPH,$0.3363,1439839007513,"4,452",50% bullish,of 2 ratings,N/A
XENT,$28.69,1439839007562,"52,378",50% bullish,of 2 ratings,$36.50
INTX,$2.61,1439839007719,"25,873",67% bullish,of 3 ratings,N/A
ISIL,$11.0404,1439839007822,"169,747",50% bullish,of 6 ratings,$15
IVAC,$5.13,1439839007847,"5,534",Not yet rated,NULL,$6.625
INTL,$28.34,1439839007876,"28,824",67% bearish,of 3 ratings,N/A
IILG,$21.5,1439839008012,"21,289",100% bearish,of 1 rating,$30.50
ITCI,$31.11,1439839008039,"263,375",75% bearish,of 4 ratings,$40
INTLL,$25.6999,1439839008066,"3,600",Not yet rated,NULL,N/A
IIN,$6.36,1439839008266,"1,600",100% bearish,of 1 rating,$12
INTU,$105.65,1439839008298,"277,179",100% bullish,of 7 ratings,$107.50
ISRG,$532,1439839008329,"59,604",67% bullish,of 3 ratings,$600
SNAK,$8.75,1439839008359,"28,394",50% bullish,of 2 ratings,$14
INVT,$0.2999,1439839008437,"149,709",67% bullish,of 3 ratings,N/A
ISBC,$12.43,1439839008465,"724,711",100% bullish,of 1 rating,$13.25
ISTR,$15.8999,1439839008546,629,100% bearish,of 1 rating,$18.50
ITIC,$70.45,1439839008601,"4,248",100% bearish,of 2 ratings,N/A
IVTY,$12,1439839008805,"11,295",Not yet rated,NULL,$18
NVIV,$12.51,1439839008832,"122,074",50% bullish,of 4 ratings,$24.50
IPAS,$1.07,1439839008853,"12,844",67% bullish,of 3 ratings,N/A
DTUL,NULL,1439839008881,0,Not yet rated,NULL,N/A
DFVL,NULL,1439839009011,0,Not yet rated,NULL,N/A
IPGP,$91.8,1439839009073,"84,758",100% bearish,of 2 ratings,$109.50
IPCM,$79.34,1439839009101,"64,581",50% bullish,of 2 ratings,$80.125
IRMD,$26.25,1439839009238,"6,988",67% bearish,of 3 ratings,$25
IRIX,$7.1,1439839009295,"8,146",100% bearish,of 1 rating,N/A
IRDMB,$275.05,1439839009326,750,67% bearish,of 3 ratings,N/A
IRBT,$31.21,1439839009404,"72,825",67% bullish,of 6 ratings,$37
IRDM,$6.9767,1439839009432,"166,769",60% bullish,of 5 ratings,$11.50
IRWD,$11.63,1439839009573,"552,872",100% bearish,of 1 rating,$13
IRCP,NULL,1439839009624,0,100% bullish,of 2 ratings,N/A
COMT,$33.6101,1439839009675,"1,495",100% bearish,of 1 rating,N/A
GNMA,$50.0675,1439839009729,"3,286",Not yet rated,NULL,N/A
IFAS,$29.05,1439839009861,200,Not yet rated,NULL,N/A
IFEU,$39.86,1439839009920,"7,955",Not yet rated,NULL,N/A
FCHI,$50.4573,1439839009947,250,Not yet rated,NULL,N/A
IFGL,$30.1205,1439839010024,"82,929",Not yet rated,NULL,N/A
ACWX,$43.17,1439839010090,"314,451",100% bearish,of 1 rating,N/A
IFNA,NULL,1439839010155,0,Not yet rated,NULL,N/A
ACWI,$59.285,1439839010183,"2,219,815",Not yet rated,NULL,N/A
AAXJ,$56.42,1439839010322,"276,360",Not yet rated,NULL,N/A
AAIT,$30.622,1439839010366,200,100% bullish,of 1 rating,N/A
AXJS,NULL,1439839010392,0,Not yet rated,NULL,N/A
EEMA,$53.3301,1439839010423,"23,393",Not yet rated,NULL,N/A
EMDI,NULL,1439839010557,0,Not yet rated,NULL,N/A
EEME,$39.51,1439839010689,"4,020",100% bearish,of 1 rating,N/A
EMEY,$25.71,1439839010723,214,Not yet rated,NULL,N/A
EGRW,$49.7489,1439839010744,"3,904",Not yet rated,NULL,N/A
EEML,$28.885,1439839010815,556,Not yet rated,NULL,N/A
EUFN,$23.2399,1439839010876,"114,446",100% bearish,of 1 rating,N/A
IEUS,$47.335,1439839010912,"4,876",100% bearish,of 1 rating,N/A
EVAL,$37.153,1439839010979,641,Not yet rated,NULL,N/A
QAT,$22.05,1439839011056,"1,300",Not yet rated,NULL,N/A
UAE,$19.23,1439839011184,"1,050",Not yet rated,NULL,N/A
SOXX,$86.28,1439839011371,"121,835",50% bullish,of 2 ratings,N/A
EMIF,$30.33,1439839011400,"3,626",Not yet rated,NULL,N/A
IBB,$371.3,1439839011444,"495,687",63% bullish,of 8 ratings,N/A
WOOD,$51.39,1439839011469,"10,897",50% bullish,of 2 ratings,N/A
ICLN,$10.31,1439839011497,"32,905",50% bullish,of 2 ratings,N/A
INDY,$29.7199,1439839011625,"304,699",100% bullish,of 1 rating,N/A
ISHG,$78.64,1439839011710,"47,560",100% bearish,of 1 rating,N/A
ISIS,$51.53,1439839011781,"402,902",53% bullish,of 15 ratings,$67
IGOV,$90.315,1439839011845,"4,493",100% bearish,of 1 rating,N/A
ISLE,$19.14,1439839011877,"123,585",50% bullish,of 4 ratings,$16
ISRL,NULL,1439839011904,0,100% bearish,of 1 rating,N/A
ITRN,$25.84,1439839011975,"5,583",50% bullish,of 2 ratings,N/A
ITUS,$4.15,1439839012035,"1,731",Not yet rated,NULL,N/A
ITRI,$33.64,1439839012164,"51,240",Not yet rated,NULL,$37
XXIA,$15.68,1439839012264,"181,453",71% bullish,of 7 ratings,$14.625
IXYS,$11.08,1439839012338,"56,252",50% bullish,of 4 ratings,N/A
JJSF,$118.62,1439839012366,"14,267",100% bearish,of 1 rating,N/A
JBHT,$79.96,1439839012430,"179,471",50% bullish,of 4 ratings,$89.50
MAYS,NULL,1439839012562,0,Not yet rated,NULL,N/A
JASO,$8.3862,1439839012622,"844,010",82% bullish,of 17 ratings,$10
JACK,$87.84,1439839012659,"107,775",83% bullish,of 6 ratings,$105
JCOM,$73.619,1439839012749,"97,278",100% bullish,of 2 ratings,$77
JKHY,$71.39,1439839012774,"114,698",50% bullish,of 2 ratings,$72
JXSB,NULL,1439839012852,0,Not yet rated,NULL,N/A
JAGX,$2.7001,1439839012911,"1,300",Not yet rated,NULL,N/A
JAXB,$13.34,1439839012938,200,100% bullish,of 1 rating,N/A
JAKK,$9.7,1439839013069,"108,108",60% bearish,of 5 ratings,$10.50
JMBA,$14.115,1439839013165,"92,314",75% bullish,of 4 ratings,$18
JRVR,$27.185,1439839013270,"13,360",Not yet rated,NULL,$27
JASNW,$0.3985,1439839013305,"3,050",50% bullish,of 2 ratings,N/A
ERW,$51.83,1439839013405,20,Not yet rated,NULL,N/A
JASN,$5.28,1439839013426,"18,140",50% bullish,of 2 ratings,$9.50
JAZZ,$185.9,1439839013458,"68,842",80% bullish,of 15 ratings,$206.50
JD,$27.39,1439839013509,"3,952,497",75% bullish,of 16 ratings,$36
JBLU,$24.325,1439839013593,"2,723,261",94% bullish,of 16 ratings,$27
JCTCF,NULL,1439839013667,0,100% bullish,of 1 rating,N/A
DATE,$6.55,1439839013799,"69,290",75% bullish,of 4 ratings,$9
JST,$4.4101,1439839013834,"14,959",75% bullish,of 4 ratings,N/A
JTPY,$2.978,1439839013855,"1,317",100% bearish,of 1 rating,N/A
JIVE,$4.105,1439839013936,"123,978",75% bullish,of 4 ratings,$5
WYIGU,$10.05,1439839014080,200,Not yet rated,NULL,N/A
JOEZ,$0.2,1439839014134,"124,483",92% bullish,of 12 ratings,N/A
JBSS,$48.23,1439839014217,"25,777",67% bearish,of 3 ratings,N/A
JNP,$9.8834,1439839014266,"13,826",100% bullish,of 3 ratings,$15
JOUT,$25.3,1439839014348,"3,966",100% bearish,of 1 rating,$34
JUNO,$41.54,1439839014413,"762,447",73% bullish,of 11 ratings,$70
KTWO,$21.34,1439839014443,"26,694",100% bearish,of 1 rating,$28.50
KALU,$86.07,1439839014464,"42,843",67% bearish,of 3 ratings,$91
KBIO,$2.0199,1439839014600,"12,187",50% bullish,of 4 ratings,N/A
KNDI,$7.06,1439839014668,"147,144",86% bullish,of 22 ratings,N/A
KMDA,$3.92,1439839014736,"1,500",50% bullish,of 2 ratings,$8
KCLI,$47.84,1439839014821,"6,853",Not yet rated,NULL,N/A
KPTI,$14.57,1439839014852,"830,117",67% bearish,of 3 ratings,$41
KBSF,$4.15,1439839014878,"8,550",100% bullish,of 1 rating,N/A
KCAP,$4.91,1439839014951,"39,459",75% bullish,of 4 ratings,$6.75
