Symbol,Price,Date,Volume,Rating,RatingVoteCount,OneYearEstimate
TFSCR,NULL,1441217702244,0,Not yet rated,NULL,N/A
TFSC,NULL,1441217702274,0,100% bearish,of 1 rating,N/A
TFSCU,NULL,1441217702309,0,Not yet rated,NULL,N/A
PIH,NULL,1441217702330,0,100% bearish,of 1 rating,N/A
TFSCW,NULL,1441217702359,0,100% bearish,of 1 rating,N/A
FLWS,$8.49,1441217702384,"147,371",80% bullish,of 5 ratings,$15
FCCY,$11.74,1441217702409,150,100% bullish,of 1 rating,$13
FCTY,$7.7401,1441217702439,790,100% bullish,of 1 rating,$8.50
SRCE,$29.53,1441217702543,"6,008",100% bullish,of 3 ratings,$33
DSLV,$68.66,1441217702611,"15,540",100% bearish,of 1 rating,N/A
UGLD,$9.271,1441217702638,"100,643",100% bearish,of 1 rating,N/A
DGLD,$80.9601,1441217702663,"4,925",100% bullish,of 1 rating,N/A
VNET,$16.46,1441217702696,"269,866",60% bullish,of 5 ratings,$35
USLV,$12.63,1441217702825,"209,938",86% bullish,of 7 ratings,N/A
TWOU,$34.9,1441217702850,"59,635",50% bullish,of 2 ratings,$39
JOBS,$26.68,1441217702907,"61,570",50% bullish,of 4 ratings,$36
SIXD,$2.71,1441217703119,"24,077",Not yet rated,NULL,N/A
CAFD,$14.88,1441217703160,"90,540",Not yet rated,NULL,$24.50
EGHT,$7.68,1441217703223,"132,453",82% bullish,of 17 ratings,$11
ABAX,$47.05,1441217703256,"64,201",100% bearish,of 1 rating,$60
AVHI,$14.09,1441217703306,"10,390",100% bearish,of 1 rating,$19
ABGB,$5.25,1441217703335,"15,097",67% bullish,of 3 ratings,$5.50
ABY,$22.12,1441217703356,"291,004",100% bearish,of 2 ratings,$46
SHLM,$32.89,1441217703385,"54,162",100% bearish,of 1 rating,$47
ABEO,$4.83,1441217703513,"50,550",50% bullish,of 4 ratings,$15.50
AXAS,$1.734,1441217703539,"361,891",78% bullish,of 9 ratings,$3.50
ABMD,$94.33,1441217703673,"202,580",75% bullish,of 4 ratings,$100.50
ABEOW,$1.8,1441217703732,400,100% bullish,of 1 rating,N/A
AAON,$19.97,1441217703864,"43,606",100% bearish,of 1 rating,$24
ACHC,$72.35,1441217703890,"111,042",50% bullish,of 2 ratings,$92
XLRN,$29.14,1441217703968,"35,015",50% bullish,of 2 ratings,$57
ACST,$0.3421,1441217704046,"1,190",100% bullish,of 2 ratings,N/A
AXDX,$18.95,1441217704103,"41,133",100% bearish,of 1 rating,N/A
ACAD,$37.26,1441217704142,"318,824",80% bullish,of 20 ratings,$48
ANCX,$20.037,1441217704210,"9,490",Not yet rated,NULL,$20
ACTG,$9.12,1441217704290,"234,179",67% bullish,of 3 ratings,$18.50
ARAY,$6.55,1441217704318,"239,820",100% bearish,of 1 rating,$10.50
VXUP,$1.68,1441217704361,"18,472",100% bearish,of 1 rating,N/A
VXDN,$1.77,1441217704389,"15,995",100% bearish,of 1 rating,N/A
AKAO,$7.03,1441217704470,"30,601",75% bullish,of 4 ratings,$15
ACRX,$4.45,1441217704526,"241,173",67% bearish,of 6 ratings,$5.50
ACHN,$7.26,1441217704674,"1,247,199",90% bullish,of 21 ratings,$16
ACET,$21.74,1441217704734,"40,667",75% bullish,of 4 ratings,$30
ACIW,$21.1,1441217704763,"157,381",67% bearish,of 3 ratings,$24
ACNB,$20.35,1441217704864,463,Not yet rated,NULL,N/A
ACOR,$32.06,1441217704894,"252,357",67% bearish,of 3 ratings,$38.50
ACPW,$1.979,1441217704926,"19,892",100% bullish,of 4 ratings,$3.25
ACTS,$1.6,1441217704953,"7,448",100% bearish,of 1 rating,N/A
ATVI,$28.19,1441217705001,"5,317,969",67% bullish,of 84 ratings,$31.50
ACTA,$13.81,1441217705027,"37,372",67% bearish,of 3 ratings,$25
ACXM,$20.4499,1441217705221,"78,696",67% bullish,of 3 ratings,N/A
ACUR,$2.83,1441217705248,"1,748",100% bullish,of 5 ratings,$5
ADAP,$11.11,1441217705270,"22,481",67% bullish,of 3 ratings,$22
ADMS,$19.58,1441217705303,"20,624",100% bearish,of 2 ratings,$36
ADMP,$3.916,1441217705328,"8,089",50% bullish,of 2 ratings,$10
ADUS,$29.19,1441217705405,"16,561",100% bearish,of 1 rating,$31
ADEP,$6.9199,1441217705539,"23,578",50% bullish,of 2 ratings,$10.75
AEY,$2.3245,1441217705594,"3,920",100% bearish,of 2 ratings,N/A
ADMA,$8.99,1441217705621,"3,331",Not yet rated,NULL,$19
ADTN,$15.67,1441217705642,"73,298",67% bullish,of 3 ratings,$17.125
ADBE,$77.055,1441217705694,"779,354",65% bullish,of 17 ratings,$90
ADRO,$18.98,1441217705719,"104,999",80% bullish,of 5 ratings,$45.50
AEIS,$24.07,1441217705875,"45,928",50% bullish,of 2 ratings,$32.50
ADXSW,$9.01,1441217705901,"5,640",100% bullish,of 1 rating,N/A
AMD,$1.755,1441217705934,"2,599,864",83% bullish,of 103 ratings,$2
ADXS,$13.41,1441217705959,"346,250",64% bullish,of 14 ratings,$27
MULT,NULL,1441217706034,0,100% bearish,of 1 rating,N/A
AEGR,$17.76,1441217706114,"83,234",50% bullish,of 6 ratings,$26
YPRO,$22.9,1441217706162,2,100% bearish,of 1 rating,N/A
AEGN,$17.95,1441217706254,"28,378",100% bearish,of 2 ratings,$21
AEHR,$2.3,1441217706282,"2,786",50% bullish,of 2 ratings,N/A
AMTX,$2.81,1441217706309,"4,668",50% bullish,of 2 ratings,$26.11
AEPI,$55.55,1441217706348,"10,208",100% bearish,of 1 rating,N/A
AERI,$15.48,1441217706374,"355,877",75% bullish,of 4 ratings,$31.50
AEZS,$0.0871,1441217706440,"5,157,519",90% bullish,of 21 ratings,$1.50
AVAV,$21.027,1441217706510,"518,097",50% bullish,of 4 ratings,$31
AEMD,$7.34,1441217706583,"10,398",Not yet rated,NULL,$27.50
AFMD,$10.24,1441217706648,"88,633",50% bullish,of 4 ratings,$15
AFFX,$9.06,1441217706715,"133,863",80% bullish,of 5 ratings,$12.50
AGRX,$8.42,1441217706742,"15,681",100% bearish,of 1 rating,$17.50
AGYS,$9.83,1441217706872,"6,224",100% bearish,of 1 rating,N/A
AGEN,$7,1441217706931,"172,086",85% bullish,of 13 ratings,$14
AGIO,$85.92,1441217706956,"60,137",88% bullish,of 8 ratings,$114
AIMT,$21.86,1441217707088,"34,269",Not yet rated,NULL,$35.50
AGFSW,$1.98,1441217707118,200,100% bearish,of 2 ratings,N/A
AIRM,$36.04,1441217707139,"57,395",80% bearish,of 5 ratings,$53
AGFS,$9.68,1441217707175,"119,869",100% bearish,of 1 rating,N/A
AIRT,$22.38,1441217707196,976,100% bullish,of 1 rating,N/A
ATSG,$8.78,1441217707271,"73,778",67% bullish,of 3 ratings,$13
AMCN,$4.48,1441217707407,"43,261",83% bullish,of 6 ratings,N/A
AKBA,$7.54,1441217707434,"163,496",100% bearish,of 1 rating,$18
AKAM,$70.47,1441217707492,"514,492",63% bullish,of 8 ratings,$77.50
AIXG,$6.33,1441217707519,"4,200",67% bearish,of 3 ratings,$5.25
AKRX,$39.02,1441217707566,"191,463",78% bullish,of 9 ratings,$56
AKER,$2.6,1441217707774,"12,023",Not yet rated,NULL,N/A
ALSK,$2.21,1441217707802,"40,090",78% bullish,of 18 ratings,$2
ALDR,$40.565,1441217707845,"364,088",67% bearish,of 3 ratings,$62
AMRI,$19.92,1441217707870,"47,889",75% bearish,of 4 ratings,$24
ABDC,$12.9,1441217707895,"12,473",Not yet rated,NULL,$15
ALRM,$15.71,1441217708026,"93,118",100% bearish,of 1 rating,$22
ADHD,$7.885,1441217708052,"100,721",50% bullish,of 4 ratings,$18
ALXN,$172.94,1441217708137,"361,053",88% bullish,of 8 ratings,$223.50
ALXA,$1.2,1441217708181,"3,300",83% bullish,of 6 ratings,$2.125
ALCO,$41.4,1441217708242,"3,652",50% bullish,of 2 ratings,N/A
ALIM,$3.16,1441217708269,"30,994",80% bullish,of 5 ratings,$10
ALGN,$54.4799,1441217708293,"238,118",100% bearish,of 2 ratings,$73
ALDX,$7.24,1441217708321,"6,559",100% bearish,of 1 rating,$14.50
ALKS,$61.52,1441217708448,"416,077",67% bullish,of 3 ratings,$75
ALGT,$203.95,1441217708546,"72,798",100% bearish,of 2 ratings,$235
ALLB,$22.66,1441217708571,300,Not yet rated,NULL,N/A
AFOP,$18.74,1441217708621,"104,349",75% bullish,of 8 ratings,$21
AHPI,$1.49,1441217708720,300,50% bullish,of 2 ratings,N/A
AHGP,$35.22,1441217708747,"13,713",67% bullish,of 3 ratings,N/A
AIQ,$14.27,1441217708782,"2,607",67% bullish,of 3 ratings,N/A
AMOT,$17.87,1441217708879,"103,440",100% bearish,of 1 rating,N/A
ARLP,$24.63,1441217708913,"122,669",67% bearish,of 3 ratings,$32
ALQA,$4.65,1441217709012,"9,979",75% bullish,of 4 ratings,$8.50
ALNY,$99.85,1441217709039,"204,889",67% bullish,of 3 ratings,$151.50
AFAM,$44.85,1441217709067,"23,552",50% bullish,of 2 ratings,$44
MDRX,$13.18,1441217709116,"1,428,571",60% bullish,of 5 ratings,$16
ALLT,$5.09,1441217709143,"31,295",75% bullish,of 4 ratings,$6.25
SMCP,$22.84,1441217709291,211,Not yet rated,NULL,N/A
ATEC,$0.5802,1441217709370,"10,370",100% bullish,of 1 rating,$2
AOSL,$8.0301,1441217709396,"85,410",67% bullish,of 3 ratings,$9
ASPS,$25.69,1441217709427,"83,190",67% bullish,of 3 ratings,$46.50
ALTR,$48.86,1441217709452,"751,452",80% bearish,of 5 ratings,$54
AIMC,$23.43,1441217709529,"39,270",100% bearish,of 2 ratings,$28.50
AMAG,$63.943,1441217709685,"241,757",100% bullish,of 2 ratings,$75
AMZN,$507.12,1441217709712,"1,164,804",81% bullish,of 267 ratings,$646
AMRK,$10.5,1441217709736,800,50% bullish,of 2 ratings,$14
AMRN,$2.3201,1441217709773,"1,258,954",85% bullish,of 39 ratings,$8
AYA,$20.25,1441217709799,"15,532",100% bearish,of 1 rating,$40
AMBC,$16.77,1441217709826,"181,808",100% bearish,of 1 rating,$16.50
AMBCW,$8.6,1441217709862,"3,300",100% bearish,of 1 rating,N/A
AMBA,$77.69,1441217709964,"4,862,699",83% bullish,of 12 ratings,$102.50
EPAX,$2.68,1441217710006,"23,841",100% bearish,of 1 rating,N/A
DOX,$56.26,1441217710138,"273,025",67% bearish,of 3 ratings,$60
AMCX,$69.3,1441217710243,"293,585",67% bullish,of 3 ratings,$87.50
UHAL,$367.525,1441217710375,"5,727",100% bullish,of 2 ratings,$393.50
ASBI,$22.73,1441217710401,200,Not yet rated,NULL,N/A
AMDA,$0.4775,1441217710423,"327,205",90% bullish,of 10 ratings,$1
AMOV,$17.8899,1441217710462,"4,703",100% bearish,of 1 rating,N/A
ATAX,$5.314,1441217710484,"20,068",100% bullish,of 1 rating,$6.50
AMED,$40.53,1441217710555,"108,350",100% bearish,of 1 rating,$42
AAL,$41.1502,1441217710580,"6,957,590",93% bullish,of 88 ratings,$57
AGNC,$19.0799,1441217710612,"763,657",71% bullish,of 28 ratings,$22
AGNCP,$25.2999,1441217710764,"6,748",Not yet rated,NULL,N/A
AGNCB,$24.266,1441217710791,"1,300",Not yet rated,NULL,N/A
MTGEP,$24.3,1441217710816,"1,200",Not yet rated,NULL,N/A
MTGE,$15.225,1441217710840,"182,859",75% bullish,of 4 ratings,$19.50
ACAS,$13.515,1441217711092,"529,914",60% bullish,of 5 ratings,$16.75
ANCI,$1.54,1441217711128,300,100% bearish,of 1 rating,N/A
AMNB,$23.29,1441217711155,"2,108",Not yet rated,NULL,$25.50
APEI,$21.49,1441217711187,"13,750",100% bearish,of 1 rating,$25.50
ACSF,$12.31,1441217711218,"9,423",100% bearish,of 1 rating,$15
ANAT,$97.6553,1441217711247,"10,058",100% bullish,of 1 rating,N/A
AMIC,NULL,1441217711286,0,100% bearish,of 1 rating,N/A
AETI,$3.95,1441217711315,300,67% bearish,of 3 ratings,N/A
ARII,$40.55,1441217711419,"81,648",67% bearish,of 3 ratings,$45
AMRB,$10.14,1441217711514,"2,200",Not yet rated,NULL,$11
AMSWA,$8.89,1441217711539,"24,012",100% bearish,of 2 ratings,$10.75
AMSC,$4.96,1441217711610,"27,269",50% bullish,of 4 ratings,N/A
ASEI,$38.6921,1441217711681,"17,515",100% bearish,of 1 rating,$52.50
CRMT,$35.22,1441217711743,"22,616",100% bearish,of 1 rating,$39
AMWD,$64.895,1441217711811,"47,668",50% bullish,of 2 ratings,$70
AMSF,$46.22,1441217711844,"12,443",Not yet rated,NULL,$57.50
ASRVP,NULL,1441217711898,0,Not yet rated,NULL,N/A
ABCB,$26.28,1441217711950,"34,898",Not yet rated,NULL,$31
ASRV,$3.27,1441217711981,"5,074",100% bullish,of 2 ratings,N/A
FOLD,$14.705,1441217712011,"494,335",56% bullish,of 9 ratings,$21
ATLO,$23.64,1441217712050,"1,769",Not yet rated,NULL,N/A
AMGN,$149.1046,1441217712078,"1,143,881",89% bullish,of 19 ratings,$185
AMPH,$13.33,1441217712152,"43,907",50% bullish,of 2 ratings,$20
AMSG,$77.07,1441217712300,"135,299",100% bearish,of 1 rating,$85.50
AMKR,$5.1,1441217712355,"551,485",100% bearish,of 2 ratings,$5
AMSGP,$146.04,1441217712406,100,Not yet rated,NULL,N/A
ANAD,$0.3101,1441217712535,"88,304",100% bullish,of 2 ratings,$.50
ASYS,$5.37,1441217712570,"5,899",67% bullish,of 3 ratings,$12
AMRS,$1.68,1441217712596,"73,694",70% bullish,of 10 ratings,N/A
ADI,$54.04,1441217712621,"582,027",75% bullish,of 4 ratings,$69
ANAC,$130.6892,1441217712668,"135,502",80% bullish,of 5 ratings,$180.50
AFSI,$56.05,1441217712707,"145,336",60% bullish,of 5 ratings,$72
ANCB,$21.44,1441217712797,"1,400",Not yet rated,NULL,$23
ALOG,$80.49,1441217712826,"22,192",100% bearish,of 2 ratings,$100.50
ABCW,$40.6,1441217712847,"3,364",67% bullish,of 3 ratings,N/A
AMCF,NULL,1441217712877,0,NULL,NULL,NULL
ANGI,$5.085,1441217712902,"96,428",64% bullish,of 11 ratings,$5.50
ANIP,$50.15,1441217713047,"58,222",89% bullish,of 19 ratings,$66
ANGO,$14.63,1441217713142,"47,333",67% bullish,of 3 ratings,$19
ANIK,$35.31,1441217713231,"68,881",60% bullish,of 5 ratings,$51.25
ATRS,$1.845,1441217713262,"273,730",92% bullish,of 12 ratings,$4.50
ANSS,$87.83,1441217713287,"208,123",100% bearish,of 1 rating,$100
ABAC,$0.798,1441217713365,"2,001",100% bearish,of 1 rating,N/A
APIC,$6.51,1441217713478,"34,938",100% bearish,of 1 rating,$19
ANTH,$7.21,1441217713509,"334,370",80% bullish,of 10 ratings,$13
AINV,$6.38,1441217713535,"521,418",50% bullish,of 4 ratings,$8
APOL,$10.89,1441217713556,"335,715",87% bearish,of 68 ratings,$14
ATNY,$2.41,1441217713598,"1,900",50% bullish,of 2 ratings,$3.75
APPF,$15.6,1441217713620,"20,665",50% bullish,of 2 ratings,$22
APOG,$50.875,1441217713688,"70,044",50% bullish,of 2 ratings,$67
AAPL,$110.85,1441217713713,"20,946,438",86% bullish,of 2362 ratings,$150
APDN,$3.45,1441217713782,"25,023",Not yet rated,NULL,$9
ARCI,$1.26,1441217713864,"7,512",Not yet rated,NULL,N/A
AMCC,$5.665,1441217714076,"183,918",80% bullish,of 5 ratings,$8
APDNW,$1.46,1441217714102,700,Not yet rated,NULL,N/A
AREX,$2.315,1441217714128,"674,030",50% bullish,of 2 ratings,$3
AMAT,$15.595,1441217714156,"4,865,648",82% bullish,of 11 ratings,$23
AGTC,$16.1,1441217714177,"20,537",50% bullish,of 2 ratings,$33
APRI,$1.6599,1441217714211,"268,188",83% bullish,of 6 ratings,$4.86
AAOI,$20.1624,1441217714313,"83,535",50% bullish,of 4 ratings,$26
AQXP,$16.3343,1441217714382,"103,775",50% bullish,of 2 ratings,$2
APTO,$5.2827,1441217714416,"1,730",Not yet rated,NULL,$17
AQMS,$4.783,1441217714447,"2,002",Not yet rated,NULL,N/A
AUMA,NULL,1441217714476,0,Not yet rated,NULL,N/A
AUMAU,NULL,1441217714551,0,Not yet rated,NULL,N/A
AUMAW,NULL,1441217714613,0,Not yet rated,NULL,N/A
ARDM,NULL,1441217714639,0,100% bullish,of 1 rating,$26
PETX,$18.35,1441217714770,"146,489",100% bearish,of 2 ratings,$26
ABUS,$6.955,1441217714841,"383,882",86% bullish,of 14 ratings,$23
ARCW,$3.29,1441217714894,"29,357",100% bearish,of 2 ratings,$10.50
RKDA,$5.96,1441217714927,"2,634",100% bearish,of 2 ratings,$10
ABIO,$0.9198,1441217715004,"6,854",50% bullish,of 2 ratings,$3.75
ACAT,$25.5901,1441217715059,"43,594",100% bearish,of 3 ratings,$33
ARCB,$27.73,1441217715089,"66,883",67% bearish,of 3 ratings,$39.50
ACGL,$68.14,1441217715147,"85,628",50% bullish,of 2 ratings,$72
ARDX,$18.8,1441217715188,"38,446",50% bullish,of 2 ratings,$24.50
ARNA,$2.6679,1441217715282,"554,284",90% bullish,of 78 ratings,$5.50
AGII,$54.982,1441217715312,"14,036",Not yet rated,NULL,$59.50
AGIIL,$25.061,1441217715338,"6,116",Not yet rated,NULL,N/A
ARCC,$15.38,1441217715363,"589,287",67% bearish,of 3 ratings,$17.75
ARGS,$6.2001,1441217715499,"20,941",50% bullish,of 2 ratings,$19.50
ARIA,$7.39,1441217715652,"5,580,498",87% bullish,of 46 ratings,$9
ARKR,$25,1441217715674,"6,409",50% bullish,of 2 ratings,N/A
ARTX,$1.4308,1441217715703,"25,886",88% bullish,of 16 ratings,$4.50
ARMH,$42.17,1441217715728,"473,573",54% bearish,of 13 ratings,$60
ARWA,NULL,1441217715757,0,Not yet rated,NULL,N/A
ARIS,$3.7201,1441217715778,"3,294",Not yet rated,NULL,$4.50
ARWAW,$0.17,1441217715955,"7,500",Not yet rated,NULL,N/A
ARRY,$5.88,1441217715988,"525,859",100% bullish,of 7 ratings,$10
ARQL,$1.67,1441217716014,"33,697",75% bullish,of 4 ratings,$5
ARWAR,NULL,1441217716041,0,Not yet rated,NULL,N/A
ARRS,$25.79,1441217716087,"394,564",50% bullish,of 2 ratings,$38
AROW,$27.02,1441217716219,"2,216",Not yet rated,NULL,N/A
DWAT,$9.73,1441217716245,"1,200",100% bearish,of 1 rating,N/A
ARWR,$5.65,1441217716289,"594,124",75% bullish,of 4 ratings,$10.50
ARWAU,NULL,1441217716324,0,100% bullish,of 1 rating,N/A
ARTNA,$21.85,1441217716430,"3,484",100% bearish,of 1 rating,$29
ASNA,$12.191,1441217716536,"961,240",50% bullish,of 2 ratings,$18
ARTW,$4.1199,1441217716562,"1,557",75% bearish,of 4 ratings,N/A
ASND,$19.3,1441217716589,"9,946",50% bullish,of 2 ratings,$30
ASBB,$24.8,1441217716615,100,Not yet rated,NULL,N/A
ASCMA,$27.58,1441217716646,"17,900",100% bearish,of 1 rating,$45
ASTI,$0.2701,1441217716747,"10,532,581",83% bullish,of 6 ratings,$3
ASMI,NULL,1441217716796,0,NULL,NULL,NULL
APWC,$1.75,1441217716879,"1,068",100% bearish,of 1 rating,N/A
ASML,$89.89,1441217716914,"487,227",50% bullish,of 4 ratings,$127
ASMB,$14.315,1441217716966,"19,413",67% bullish,of 3 ratings,N/A
AZPN,$37.25,1441217717011,"119,144",50% bullish,of 2 ratings,$42
ASFI,$8.8699,1441217717036,979,100% bullish,of 1 rating,N/A
ASTE,$37.98,1441217717194,"46,392",100% bearish,of 1 rating,$49
ALOT,$13.8,1441217717226,300,100% bearish,of 1 rating,N/A
ASTC,$2.1,1441217717255,"7,200",100% bullish,of 5 ratings,N/A
ATRO,$49.94,1441217717276,"36,686",100% bearish,of 2 ratings,$80
ATAI,$2.47,1441217717335,"8,896",100% bearish,of 1 rating,N/A
ATHN,$130.33,1441217717407,"86,974",67% bearish,of 3 ratings,$153
ASUR,$5.49,1441217717440,"2,126",50% bullish,of 2 ratings,$8
AFCB,NULL,1441217717490,0,Not yet rated,NULL,N/A
ATRA,$42.005,1441217717550,"102,215",50% bullish,of 2 ratings,$68
AAPC,NULL,1441217717676,0,Not yet rated,NULL,N/A
AAME,$3.6,1441217717708,101,Not yet rated,NULL,N/A
ATHX,$1.1499,1441217717729,"44,916",89% bullish,of 9 ratings,$5
ACFC,$5.46,1441217717775,"13,273",100% bearish,of 1 rating,$6.50
ATLC,$3.9,1441217717805,"9,657",67% bullish,of 3 ratings,N/A
ATNI,$72.19,1441217717906,"26,518",100% bearish,of 1 rating,$69.50
AFH,$16.25,1441217718042,"31,257",Not yet rated,NULL,$21.50
AAWW,$38.52,1441217718076,"116,832",50% bullish,of 2 ratings,$65
ATOS,$0.8,1441217718178,"25,182",100% bullish,of 7 ratings,$7
ATML,$7.84,1441217718208,"2,104,375",78% bullish,of 9 ratings,$9.50
ATRC,$24.57,1441217718232,"30,559",100% bullish,of 1 rating,$30
ATRI,$380.27,1441217718263,400,Not yet rated,NULL,N/A
ATRM,$2.83,1441217718367,800,50% bullish,of 2 ratings,N/A
ATTU,$13.23,1441217718396,"6,624",100% bearish,of 1 rating,$20.50
LIFE,$13.84,1441217718497,"24,456",86% bullish,of 7 ratings,$43
AUDC,$3.28,1441217718562,"18,030",80% bullish,of 5 ratings,$5
AUPH,$3.4,1441217718594,"13,660",100% bearish,of 1 rating,$8
AUBN,$26.5,1441217718668,323,Not yet rated,NULL,N/A
EARS,$4.33,1441217718692,"16,980",100% bearish,of 2 ratings,$11
ABTL,$17.875,1441217718830,"35,485",100% bullish,of 4 ratings,$20.25
ADAT,$0.2626,1441217718860,"88,898",100% bullish,of 2 ratings,N/A
ADSK,$45.57,1441217718886,"3,008,525",67% bullish,of 6 ratings,$66
ADP,$76.29,1441217718927,"641,972",100% bearish,of 1 rating,$88
AVGO,$122.14,1441217718956,"1,125,134",88% bullish,of 8 ratings,$165
AVNU,$12.78,1441217719063,"86,704",Not yet rated,NULL,$14
AAVL,$10.54,1441217719126,"107,070",100% bearish,of 1 rating,$20
AVID,$8.3,1441217719213,"162,969",100% bearish,of 1 rating,$20
AVGR,$14.66,1441217719312,"5,346",100% bearish,of 1 rating,$20
AVEO,$1.34,1441217719343,"297,855",75% bullish,of 8 ratings,$3
CAR,$43.14,1441217719371,"571,967",80% bullish,of 5 ratings,$60
AVNW,$1.2,1441217719392,"20,350",50% bullish,of 2 ratings,N/A
AWRE,$3.23,1441217719413,"9,503",67% bullish,of 3 ratings,N/A
AXGN,$4.68,1441217719657,"60,594",Not yet rated,NULL,$5
AXPWW,NULL,1441217719684,0,Not yet rated,NULL,N/A
ACLS,$3.2,1441217719705,"132,517",67% bullish,of 6 ratings,$4.75
AXPW,$2.1199,1441217719731,"2,293,962",86% bullish,of 7 ratings,N/A
RILY,NULL,1441217719764,0,Not yet rated,NULL,N/A
AXTI,$2.13,1441217719833,"5,749",50% bullish,of 2 ratings,$2.75
BCOM,NULL,1441217719939,0,100% bearish,of 1 rating,N/A
BEAV,$48.67,1441217719988,"446,707",67% bearish,of 3 ratings,$59
BIDU,$146.39,1441217720029,"641,790",81% bullish,of 88 ratings,$210
BOSC,$2.11,1441217720055,"3,600",50% bullish,of 2 ratings,N/A
BCPC,$58.16,1441217720076,"40,531",100% bearish,of 1 rating,$75
BWINA,NULL,1441217720117,0,Not yet rated,NULL,N/A
BLDP,$1.31,1441217720271,"217,543",91% bullish,of 22 ratings,$2.50
BANF,$59.77,1441217720334,"12,134",Not yet rated,NULL,$68
BANFP,NULL,1441217720358,0,Not yet rated,NULL,N/A
BWINB,$22.52,1441217720406,"2,121",Not yet rated,NULL,N/A
BKMU,$7.015,1441217720438,"6,734",Not yet rated,NULL,$8
BOCH,$5.75,1441217720459,"6,147",Not yet rated,NULL,$6.50
BMRC,$47.91,1441217720539,"16,307",Not yet rated,NULL,$52
BKSC,$16.9,1441217720608,"3,126",Not yet rated,NULL,N/A
BFIN,$12.17,1441217720700,"15,957",Not yet rated,NULL,$13
OZRK,$40.0871,1441217720726,"209,875",67% bullish,of 3 ratings,$49.50
BOTJ,NULL,1441217720764,0,Not yet rated,NULL,N/A
BWFG,$18.03,1441217720942,"1,863",100% bearish,of 1 rating,N/A
BZUN,$4.9101,1441217720975,"42,494",50% bullish,of 2 ratings,$11.50
BHACR,NULL,1441217720996,0,Not yet rated,NULL,N/A
BANR,$43.36,1441217721029,"5,045",100% bullish,of 3 ratings,$50
BHACU,NULL,1441217721076,0,Not yet rated,NULL,N/A
TAPR,$33.5299,1441217721102,"1,331",100% bearish,of 1 rating,N/A
BHAC,NULL,1441217721134,0,Not yet rated,NULL,N/A
BHACW,NULL,1441217721229,0,Not yet rated,NULL,N/A
BSET,$28.78,1441217721316,"29,902",100% bearish,of 1 rating,$35
BBSI,$34.5,1441217721342,"7,160",67% bearish,of 3 ratings,$62.50
BYBK,$4.95,1441217721390,300,100% bearish,of 1 rating,N/A
BYLK,$12.84,1441217721415,"4,716",Not yet rated,NULL,$14
BV,$4.965,1441217721553,"444,304",67% bullish,of 6 ratings,$8.75
BBCN,$14.06,1441217721609,"73,092",100% bearish,of 1 rating,$16
BCBP,$11.65,1441217721639,727,Not yet rated,NULL,N/A
BDCV,$4.87,1441217721743,318,100% bearish,of 1 rating,$10.19
BECN,$35.755,1441217721775,"76,468",50% bullish,of 2 ratings,$40
BSF,$8.49,1441217721805,"2,907",Not yet rated,NULL,N/A
BEBE,$1.26,1441217721826,"179,793",75% bullish,of 4 ratings,$2.125
BBGI,$4.23,1441217721872,407,100% bearish,of 1 rating,N/A
BELFA,$15.291,1441217721958,"1,023",100% bearish,of 1 rating,N/A
BELFB,$18.09,1441217722021,"5,878",100% bearish,of 1 rating,N/A
BBBY,$61.65,1441217722128,"537,029",71% bullish,of 7 ratings,$75
BLCM,$16.46,1441217722201,"48,512",50% bullish,of 4 ratings,$40
BNFT,$35.9,1441217722273,"45,270",67% bullish,of 3 ratings,$46
BLPH,$4.03,1441217722298,"22,193",100% bearish,of 1 rating,$12.50
BNCL,$12.365,1441217722325,"178,209",100% bullish,of 3 ratings,$12.50
BNTC,$7.84,1441217722358,"1,740",100% bullish,of 1 rating,N/A
BGMD,$0.67,1441217722451,"72,184",100% bullish,of 10 ratings,N/A
BGCP,$8.795,1441217722476,"199,534",88% bullish,of 8 ratings,$14
BCDA,NULL,1441217722676,0,Not yet rated,NULL,N/A
BIND,$4.84,1441217722808,"135,245",75% bullish,of 4 ratings,$13.50
BIOC,$1.9485,1441217722833,"55,659",83% bullish,of 6 ratings,$3.85
BASI,$1.62,1441217722861,"6,400",Not yet rated,NULL,N/A
BCRX,$11.34,1441217722883,"158,074",63% bullish,of 8 ratings,$18
BGFV,$11.32,1441217722916,"38,735",57% bullish,of 7 ratings,$12
ORPN,$5.75,1441217722938,"2,840",100% bullish,of 1 rating,$28.50
BDSI,$6.225,1441217723015,"696,656",88% bullish,of 8 ratings,$17
BIOL,$1.56,1441217723152,"14,814",Not yet rated,NULL,N/A
BIOD,$0.7047,1441217723184,"62,978",80% bullish,of 5 ratings,$4
BIIB,$302,1441217723224,"554,077",88% bullish,of 16 ratings,$400
BLFS,$2.4007,1441217723249,"177,978",100% bearish,of 1 rating,$4.75
BMRN,$127.71,1441217723274,"129,699",80% bullish,of 5 ratings,$160
BLRX,$1.5414,1441217723299,"144,843",100% bullish,of 12 ratings,$5
BVXVW,$0.8102,1441217723482,"77,645",100% bearish,of 1 rating,N/A
BVXV,$4.232,1441217723579,"1,595,649",Not yet rated,NULL,N/A
BPTH,$1.16,1441217723606,"114,237",100% bullish,of 2 ratings,$5
BBC,$31.18,1441217723627,"5,072",Not yet rated,NULL,N/A
BIOS,$2.435,1441217723668,"262,613",71% bullish,of 7 ratings,$4
BRLI,NULL,1441217723687,0,NULL,NULL,NULL
BBP,$32.2599,1441217723764,"6,030",Not yet rated,NULL,N/A
BSTC,$50.16,1441217723797,"18,458",100% bearish,of 1 rating,$76
BSPM,$0.6401,1441217723826,"10,566",50% bullish,of 2 ratings,N/A
BOTA,$2.17,1441217723931,"3,020",88% bullish,of 8 ratings,N/A
TECH,$92.885,1441217724037,"47,617",100% bullish,of 1 rating,$117
BITI,$16.67,1441217724114,"9,897",100% bullish,of 1 rating,$28
BEAT,$15.8,1441217724148,"495,261",67% bearish,of 3 ratings,$15
BBOX,$15.01,1441217724186,"13,758",100% bearish,of 1 rating,N/A
BDMS,$12.89,1441217724242,350,100% bearish,of 1 rating,N/A
BJRI,$43.25,1441217724267,"56,933",50% bullish,of 2 ratings,$55
BKCC,$9.23,1441217724404,"108,583",50% bullish,of 2 ratings,$10
BLKB,$55.97,1441217724434,"20,251",100% bearish,of 2 ratings,$66
HAWK,$38.56,1441217724479,"98,195",91% bullish,of 11 ratings,$49
BBRY,$7.4002,1441217724505,"1,192,906",61% bullish,of 330 ratings,$9
ADRA,$26.41,1441217724526,"1,935",100% bearish,of 1 rating,N/A
BDE,$7.2307,1441217724564,"65,336",50% bullish,of 2 ratings,$9
ADRD,$21.6,1441217724657,"7,598",100% bearish,of 1 rating,N/A
ADRE,$29.08,1441217724748,"4,243",100% bearish,of 1 rating,N/A
ADRU,$21.2801,1441217724790,112,100% bearish,of 1 rating,N/A
BLMN,$20.57,1441217724841,"311,836",83% bullish,of 6 ratings,$27.50
BBLU,$0.88,1441217724943,"126,248",100% bullish,of 2 ratings,$4.43
BCOR,$13.29,1441217724969,"46,637",57% bullish,of 7 ratings,$15
BHBK,$13.94,1441217725101,"25,353",100% bullish,of 1 rating,$14.50
BLBD,$11.85,1441217725127,"12,300",Not yet rated,NULL,N/A
BUFF,$23.8,1441217725148,"176,194",83% bullish,of 12 ratings,$31.50
BLUE,$129.88,1441217725184,"119,903",71% bullish,of 7 ratings,$217.50
BKEP,$6.23,1441217725205,"19,142",100% bearish,of 1 rating,$8.50
BKEPP,$7.59,1441217725345,24,100% bearish,of 1 rating,N/A
NILE,$33.67,1441217725403,"78,529",50% bullish,of 2 ratings,$34
BPMC,$27.51,1441217725442,"17,954",50% bullish,of 2 ratings,$47.50
BNCN,$20.65,1441217725490,"26,345",Not yet rated,NULL,$24
BOBE,$47.93,1441217725515,"436,528",75% bullish,of 4 ratings,$57
BOKF,$61.33,1441217725698,"73,803",100% bearish,of 1 rating,$69
BONA,$11.38,1441217725728,"28,157",75% bullish,of 4 ratings,$8.50
BOJA,$20.735,1441217725785,"59,652",100% bullish,of 1 rating,$30
BOFI,$106.695,1441217725812,"243,995",100% bullish,of 6 ratings,$144
WIFI,$7.45,1441217725840,"72,814",50% bullish,of 2 ratings,$13.50
BAMM,$3.18,1441217725890,"2,075",60% bullish,of 5 ratings,N/A
BPFH,$11.58,1441217725973,"124,766",100% bearish,of 1 rating,$14
BNSO,$1.2788,1441217726041,100,100% bearish,of 1 rating,N/A
BPFHP,$24.9999,1441217726068,"9,035",100% bearish,of 1 rating,N/A
BPFHW,NULL,1441217726099,0,100% bearish,of 1 rating,N/A
EPAY,$26.34,1441217726126,"65,268",100% bearish,of 2 ratings,$30
BDBD,$8.26,1441217726204,"190,511",60% bullish,of 5 ratings,$10
BBRG,$12.47,1441217726357,"9,797",67% bullish,of 3 ratings,$14.50
BCLI,$3.08,1441217726390,"37,480",80% bullish,of 5 ratings,$12
BDGE,$26.135,1441217726491,"3,332",Not yet rated,NULL,$31.75
BBEP,$2.7097,1441217726527,"752,552",69% bullish,of 13 ratings,$5.625
BLIN,$1.3599,1441217726548,"5,778",100% bullish,of 2 ratings,$2.20
BBEPP,$14.0442,1441217726620,"12,463",100% bearish,of 1 rating,N/A
BCOV,$5.18,1441217726649,"26,979",67% bullish,of 3 ratings,$10.20
BRID,$8.4,1441217726719,"1,115",100% bearish,of 1 rating,N/A
BRCM,$50.125,1441217726756,"1,332,343",69% bullish,of 13 ratings,$56
BSFT,$31.39,1441217726847,"40,206",57% bullish,of 7 ratings,$40.50
BWEN,$3.1,1441217726872,"13,989",75% bullish,of 4 ratings,$8
BVSN,$6.0499,1441217727044,166,60% bearish,of 5 ratings,N/A
BRCD,$10.14,1441217727069,"993,160",92% bullish,of 13 ratings,$12
BRKR,$17.97,1441217727252,"237,114",100% bearish,of 2 ratings,$22
BRKL,$10.115,1441217727278,"219,010",100% bearish,of 1 rating,$10.75
BRKS,$10.21,1441217727301,"29,319",67% bullish,of 3 ratings,$15.25
BYFC,NULL,1441217727337,0,50% bullish,of 2 ratings,N/A
BSQR,$6.0606,1441217727367,"18,708",67% bullish,of 3 ratings,N/A
BLMT,$20.803,1441217727388,"1,054",Not yet rated,NULL,N/A
BWLD,$192.29,1441217727409,"94,409",82% bullish,of 11 ratings,$205
BMTC,$28.91,1441217727445,"12,132",Not yet rated,NULL,$34
CFFI,$35.59,1441217727601,200,100% bearish,of 1 rating,N/A
BLDR,$15.14,1441217727629,"439,227",67% bullish,of 3 ratings,$22
CHRW,$68.06,1441217727654,"583,057",Not yet rated,NULL,$72
BUR,NULL,1441217727700,0,100% bearish,of 1 rating,$8
CCMP,$42.32,1441217727956,"13,244",50% bullish,of 2 ratings,$59
CA,$26.99,1441217727993,"860,463",50% bullish,of 4 ratings,$33
CDZI,$7.61,1441217728015,"11,056",100% bearish,of 1 rating,N/A
CDNS,$19.69,1441217728036,"678,559",75% bullish,of 4 ratings,$22.50
CACQ,$7.21,1441217728076,"4,371",100% bearish,of 1 rating,$12.25
PRSS,$4.4,1441217728097,"8,100",80% bullish,of 5 ratings,$4.50
CZR,$9.02,1441217728132,"256,761",60% bearish,of 5 ratings,$10.50
CSTE,$38.4,1441217728153,"213,013",50% bullish,of 2 ratings,$65
CHI,$10.44,1441217728342,"129,845",100% bearish,of 1 rating,N/A
CHY,$11.22,1441217728374,"139,389",Not yet rated,NULL,N/A
CLBS,$1.6369,1441217728403,"113,660",79% bullish,of 14 ratings,$4
CLMS,$9.915,1441217728477,"26,951",Not yet rated,NULL,$10.50
CFGE,$10.33,1441217728532,"2,400",Not yet rated,NULL,N/A
CGO,$11.9377,1441217728610,"8,341",100% bearish,of 1 rating,N/A
CCD,$19.21,1441217728642,"51,055",Not yet rated,NULL,N/A
CHW,$7.41,1441217728670,"121,016",100% bearish,of 1 rating,N/A
CSQ,$9.791,1441217728695,"156,261",Not yet rated,NULL,N/A
CVGW,$57.906,1441217728747,"75,364",50% bullish,of 2 ratings,$62
CALA,$5.58,1441217728822,"146,900",67% bullish,of 3 ratings,$19.50
CFNB,$13.3,1441217728879,200,100% bearish,of 1 rating,N/A
CAMP,$15.99,1441217728904,"89,295",88% bullish,of 8 ratings,$25
CALD,$15.65,1441217728932,"135,397",100% bearish,of 1 rating,$21
CLMT,$25.3399,1441217729063,"159,944",75% bullish,of 8 ratings,$31
CALM,$51.19,1441217729168,"267,977",80% bullish,of 5 ratings,$63.50
CAMB,$10.05,1441217729193,400,Not yet rated,NULL,N/A
ABCD,$5.0101,1441217729218,"40,009",83% bullish,of 6 ratings,N/A
CAMBU,NULL,1441217729249,0,100% bearish,of 1 rating,N/A
CSIQ,$18.0601,1441217729346,"498,211",86% bullish,of 28 ratings,$42.50
CAMBW,$0.15,1441217729421,200,Not yet rated,NULL,N/A
CAMT,$2.59,1441217729518,"17,413",73% bullish,of 11 ratings,$4
CAC,$40.22,1441217729546,"2,282",Not yet rated,NULL,N/A
CPLA,$48.43,1441217729573,"27,744",67% bearish,of 3 ratings,$65
CPHC,$10.28,1441217729602,100,100% bearish,of 1 rating,N/A
CGIX,$9.735,1441217729623,"6,753",67% bullish,of 3 ratings,$14.375
CBNJ,$10.98,1441217729654,"21,962",100% bearish,of 1 rating,N/A
CBF,$29.85,1441217729786,"19,200",Not yet rated,NULL,$32
CPLP,$7.125,1441217729893,"90,971",71% bullish,of 7 ratings,$11
CSWC,$44.5,1441217729926,"14,128",Not yet rated,NULL,N/A
CFFN,$11.71,1441217730030,"323,741",Not yet rated,NULL,$12.75
CCBG,$14.97,1441217730058,"6,614",Not yet rated,NULL,$17.25
CPTA,$13.67,1441217730087,"13,498",100% bearish,of 1 rating,$18.50
CAPN,$2.2,1441217730191,"57,653",100% bullish,of 1 rating,$10.85
CAPNW,$0.6789,1441217730218,100,Not yet rated,NULL,N/A
CARA,$18.95,1441217730247,"63,960",50% bullish,of 4 ratings,$25
CAPR,$4.41,1441217730268,"10,725",Not yet rated,NULL,$12
CPST,$0.379,1441217730289,"249,442",95% bullish,of 22 ratings,$1.25
CARB,$11.07,1441217730423,"15,089",75% bullish,of 4 ratings,$12
CBYL,$4.74,1441217730512,"32,175",100% bearish,of 1 rating,$20
CFNL,$21.96,1441217730563,"25,889",Not yet rated,NULL,$24
CRME,$9.14,1441217730588,"6,810",89% bullish,of 9 ratings,$11.25
CRDC,$0.3,1441217730613,"111,397",100% bullish,of 1 rating,$1.25
CSII,$23.4,1441217730638,"64,159",100% bearish,of 2 ratings,$42.125
CKEC,$23.22,1441217730844,"33,512",50% bullish,of 2 ratings,$35.915
CTRE,$10.8069,1441217730903,"121,957",50% bullish,of 2 ratings,$13.50
CATM,$33.88,1441217730924,"111,442",100% bearish,of 1 rating,$44
CECO,$3.62,1441217730963,"70,915",67% bearish,of 3 ratings,$6
CDNA,NULL,1441217730984,0,100% bearish,of 1 rating,$9
CLBH,$12.7,1441217731017,623,Not yet rated,NULL,$16.50
CARO,$15.16,1441217731039,"2,045",100% bearish,of 1 rating,$19
CART,$5.39,1441217731076,"1,300",100% bearish,of 1 rating,N/A
CRZO,$33.97,1441217731177,"366,954",67% bearish,of 3 ratings,$54.50
TAST,$12.7099,1441217731231,"66,406",Not yet rated,NULL,$14.25
CARV,NULL,1441217731421,0,50% bullish,of 2 ratings,N/A
CRTN,$2.5,1441217731520,402,100% bearish,of 1 rating,N/A
CASM,$1.19,1441217731547,"3,582",100% bullish,of 1 rating,$3.50
CSCD,$15.01,1441217731581,"3,339",100% bullish,of 2 ratings,$17
CASS,$47.58,1441217731602,"2,397",100% bearish,of 1 rating,N/A
CWST,$6.21,1441217731681,"21,965",50% bullish,of 2 ratings,$7.25
CASY,$104.72,1441217731711,"112,738",50% bullish,of 2 ratings,$99.50
CACB,$5.3399,1441217731741,"23,390",Not yet rated,NULL,$5.50
CASI,$1.353,1441217731814,"2,100",100% bullish,of 1 rating,$3.50
CATB,$11.445,1441217731907,"12,378",100% bearish,of 1 rating,$28
CPRX,$3.7,1441217731933,"95,711",71% bullish,of 7 ratings,$7
CATYW,NULL,1441217731987,0,100% bearish,of 1 rating,N/A
CATY,$28.71,1441217732015,"158,045",100% bearish,of 1 rating,$33.50
CVCO,$72.54,1441217732092,"9,334",100% bearish,of 1 rating,N/A
CAVM,$66.19,1441217732267,"85,834",67% bearish,of 3 ratings,$72
CBFV,$20.5601,1441217732294,407,Not yet rated,NULL,$25
CNLMW,NULL,1441217732359,0,Not yet rated,NULL,N/A
CNLM,$9.92,1441217732385,100,Not yet rated,NULL,N/A
CNLMU,NULL,1441217732405,0,100% bullish,of 1 rating,N/A
CNLMR,NULL,1441217732534,0,Not yet rated,NULL,N/A
CBOE,$63.58,1441217732622,"261,637",Not yet rated,NULL,$60
CECE,$9.67,1441217732695,"37,223",50% bullish,of 2 ratings,$16
CDK,$48.19,1441217732731,"135,485",67% bearish,of 3 ratings,$50
CELG,$117.94,1441217732752,"1,813,602",92% bullish,of 13 ratings,$156
CDW,$38.395,1441217732786,"304,165",75% bullish,of 4 ratings,$44
CPXX,$2.195,1441217732825,"107,304",100% bullish,of 2 ratings,$7
CELGZ,$1.84,1441217732881,"14,810",80% bullish,of 5 ratings,N/A
CLDX,$14.51,1441217733044,"306,596",89% bullish,of 9 ratings,$36
CLDN,$1.144,1441217733076,"41,475",71% bullish,of 7 ratings,$3
CLRBW,$0.9201,1441217733106,"1,000",Not yet rated,NULL,N/A
CLRB,$3.09,1441217733176,600,100% bearish,of 1 rating,N/A
CLLS,$31.87,1441217733206,"29,334",75% bullish,of 4 ratings,$51.50
CLSN,$2.05,1441217733304,"8,470",80% bullish,of 10 ratings,$7.50
CLTX,$2.2051,1441217733336,"144,873",100% bullish,of 2 ratings,N/A
CBMG,$23.18,1441217733404,"39,353",50% bullish,of 2 ratings,N/A
CYAD,$48,1441217733431,"2,917",100% bullish,of 1 rating,$87.50
CEMP,$34.39,1441217733463,"174,848",71% bullish,of 7 ratings,$52
CETX,$2.373,1441217733561,"4,862",Not yet rated,NULL,$5.60
CETV,$2.06,1441217733591,"13,653",67% bullish,of 3 ratings,$2.80
CFBK,$1.37,1441217733657,400,Not yet rated,NULL,N/A
CSFL,$13.61,1441217733690,"30,440",Not yet rated,NULL,$15
CENTA,$13.21,1441217733763,"73,659",Not yet rated,NULL,N/A
CENT,$13.01,1441217733788,"65,269",Not yet rated,NULL,$10
CENX,$5.065,1441217733947,"990,227",67% bullish,of 6 ratings,$9
CNBKA,$41.33,1441217734003,101,50% bullish,of 2 ratings,N/A
CVCY,$11.75,1441217734047,900,Not yet rated,NULL,$12
CPHD,$47.695,1441217734090,"128,550",67% bearish,of 3 ratings,$66.50
CRNT,$1.4,1441217734134,"51,800",50% bullish,of 2 ratings,$2
CERE,$1.0637,1441217734162,"148,322",88% bullish,of 8 ratings,N/A
CERN,$60.71,1441217734220,"420,668",67% bullish,of 3 ratings,$79
CERU,$4.21,1441217734302,"17,425",75% bullish,of 4 ratings,$14
CERS,$4.9001,1441217734332,"171,801",75% bullish,of 4 ratings,$7
CEVA,$18.88,1441217734441,"10,375",100% bearish,of 1 rating,$25
KOOL,$0.68,1441217734477,"18,563",100% bullish,of 5 ratings,$7
CNTY,$5.95,1441217734499,"9,117",80% bullish,of 5 ratings,$7.75
CYOU,$19.55,1441217734577,"80,023",50% bullish,of 6 ratings,$24
HOTR,$1.38,1441217734606,"49,387",100% bullish,of 2 ratings,$5
HOTRW,$0.205,1441217734710,200,Not yet rated,NULL,N/A
CTHR,$1.33,1441217734839,471,50% bullish,of 2 ratings,$2.50
GTLS,$23.02,1441217734934,"235,506",50% bullish,of 4 ratings,$40
CHTR,$178.77,1441217734978,"261,171",100% bearish,of 2 ratings,$202
CHFN,$12.37,1441217735007,"10,975",Not yet rated,NULL,$14
CHKP,$78.26,1441217735038,"579,259",50% bullish,of 4 ratings,$92
CHEKW,$0.74,1441217735067,115,Not yet rated,NULL,N/A
CHEK,$2.21,1441217735106,"3,781",Not yet rated,NULL,$7.75
CEMI,$4.19,1441217735171,"10,447",50% bullish,of 2 ratings,$7.50
CCXI,$6.5,1441217735337,"10,755",67% bullish,of 3 ratings,$14
CHFC,$30.76,1441217735368,"13,284",100% bearish,of 1 rating,$36
CHKE,$25.58,1441217735394,"22,613",100% bearish,of 1 rating,$32.50
CHMG,$26.5,1441217735477,200,Not yet rated,NULL,$30
CBNK,NULL,1441217735537,0,100% bearish,of 1 rating,N/A
CHEV,$14.543,1441217735563,"3,698",Not yet rated,NULL,N/A
PLCE,$59.0734,1441217735611,"78,447",100% bearish,of 1 rating,$69
CHMA,$27.1,1441217735695,"79,760",Not yet rated,NULL,$40
CMRX,$49.9,1441217735728,"81,834",50% bullish,of 2 ratings,$57
CALI,$0.8461,1441217735754,"22,235",67% bullish,of 3 ratings,N/A
CBAK,$1.81,1441217735827,"45,684",67% bullish,of 9 ratings,N/A
CAAS,$6.12,1441217735953,"6,172",93% bullish,of 14 ratings,$11.50
CCCR,$0.7244,1441217736041,"1,545",67% bearish,of 3 ratings,N/A
CBPO,$94.35,1441217736069,"53,684",75% bullish,of 8 ratings,$140.50
CCCL,NULL,1441217736090,0,100% bullish,of 6 ratings,N/A
CHOP,$1.13,1441217736283,210,50% bullish,of 2 ratings,N/A
JRJC,$3.38,1441217736314,"90,719",82% bullish,of 11 ratings,N/A
CHLN,$1.9365,1441217736343,"2,680",67% bullish,of 3 ratings,N/A
HGSH,$1.73,1441217736364,"6,003",67% bullish,of 3 ratings,N/A
CJJD,$1.8201,1441217736416,"3,578",100% bullish,of 1 rating,N/A
CHNR,$1.6199,1441217736511,585,100% bearish,of 1 rating,N/A
CNIT,$1.15,1441217736541,"77,050",67% bullish,of 6 ratings,N/A
HTHT,$25.57,1441217736573,"51,533",50% bullish,of 2 ratings,$28.40
CPGI,NULL,1441217736677,0,Not yet rated,NULL,N/A
CREG,$0.66,1441217736725,"1,050",100% bullish,of 3 ratings,N/A
CSUN,$1.42,1441217736751,"4,326",80% bullish,of 5 ratings,N/A
CADC,$3.33,1441217736773,200,78% bullish,of 9 ratings,N/A
CNTF,$0.81,1441217736907,"20,122",Not yet rated,NULL,N/A
CXDC,$5.83,1441217737042,"13,317",67% bearish,of 3 ratings,N/A
CNET,$0.87,1441217737074,"5,942",50% bullish,of 2 ratings,N/A
IMOS,$18.72,1441217737107,"118,852",60% bullish,of 5 ratings,$21.50
CNYD,$3.31,1441217737134,310,67% bullish,of 3 ratings,N/A
CHSCL,$27.14,1441217737155,"16,612",Not yet rated,NULL,N/A
CHSCM,$26.3099,1441217737186,"10,445",Not yet rated,NULL,N/A
CCIH,$7.23,1441217737215,"26,973",67% bullish,of 6 ratings,$12.65
CHSCN,$26.96,1441217737396,"9,658",Not yet rated,NULL,N/A
CHSCP,$30.4713,1441217737450,"2,500",Not yet rated,NULL,N/A
CHDN,$133.41,1441217737475,"17,183",Not yet rated,NULL,$165
CHUY,$31.685,1441217737500,"83,924",50% bullish,of 2 ratings,$34
CHSCO,$28.38,1441217737555,"1,422",Not yet rated,NULL,N/A
CIFC,$7.1316,1441217737685,303,100% bearish,of 1 rating,N/A
CDTX,$14.17,1441217737783,"3,681",Not yet rated,NULL,$22
CTAS,$84.3799,1441217737836,"119,129",100% bearish,of 1 rating,$91
CIDM,$0.5477,1441217737863,"9,406",50% bullish,of 2 ratings,$2.10
CMCT,$15.5,1441217737894,225,100% bearish,of 1 rating,N/A
CMPR,$69.09,1441217737915,"94,674",50% bullish,of 2 ratings,$72.50
CINF,$51.84,1441217737947,"224,160",50% bullish,of 4 ratings,$50.50
CPHR,$5.1535,1441217738084,"9,239",100% bearish,of 1 rating,$17
CTRN,$26.28,1441217738129,"26,719",100% bearish,of 1 rating,$31.50
CZNC,$19.68,1441217738158,"1,306",Not yet rated,NULL,N/A
CSCO,$25.475,1441217738215,"9,027,418",83% bullish,of 210 ratings,$32
CRUS,$28.96,1441217738264,"246,880",75% bullish,of 12 ratings,$44.50
CZWI,$8.95,1441217738344,307,Not yet rated,NULL,N/A
CIZN,$19.62,1441217738435,100,Not yet rated,NULL,N/A
CZFC,NULL,1441217738505,0,Not yet rated,NULL,N/A
CIVB,$9.98,1441217738532,551,Not yet rated,NULL,$11
CHCO,$46.79,1441217738587,"8,992",Not yet rated,NULL,$46
CIVBP,NULL,1441217738620,0,Not yet rated,NULL,N/A
CDTI,$1.5051,1441217738723,"89,043",75% bullish,of 4 ratings,$3.20
CTXS,$66.39,1441217738755,"594,458",86% bullish,of 7 ratings,$80
CLFD,$16.9,1441217738822,"18,641",67% bullish,of 3 ratings,$18
CLNE,$5.12,1441217738851,"352,651",80% bullish,of 15 ratings,$9
CLNT,$1.5001,1441217738919,"12,526",75% bullish,of 8 ratings,N/A
CLRO,$11.32,1441217738951,"5,608",50% bullish,of 2 ratings,$14.25
CLIR,$4.87,1441217739055,"11,180",100% bullish,of 3 ratings,N/A
CMFN,$11.4946,1441217739184,"7,591",100% bearish,of 1 rating,$15.50
CSBK,$13.84,1441217739213,"13,611",Not yet rated,NULL,N/A
CME,$92.165,1441217739234,"416,973",67% bullish,of 3 ratings,$102
CLVS,$82.85,1441217739266,"164,869",60% bullish,of 5 ratings,$101.50
CBLI,$4.2601,1441217739296,"247,592",60% bullish,of 5 ratings,N/A
CISG,$7.94,1441217739398,"13,036",100% bullish,of 5 ratings,$10
CCNE,$17.05,1441217739532,"4,972",50% bullish,of 2 ratings,$21.50
CWAY,$11.09,1441217739558,"4,032",Not yet rated,NULL,N/A
CNV,$4.43,1441217739579,"3,210",50% bullish,of 2 ratings,$7.15
COBZ,$12.6,1441217739607,"25,371",100% bullish,of 1 rating,$14
CDRB,$9.2,1441217739799,"155,423",67% bullish,of 3 ratings,N/A
COKE,$157.62,1441217739830,"6,926",79% bullish,of 19 ratings,N/A
CVLY,NULL,1441217739927,0,Not yet rated,NULL,N/A
JVA,$4.73,1441217739958,"8,332",83% bullish,of 6 ratings,$7
CGNT,$1.54,1441217739986,"10,961",100% bullish,of 2 ratings,$2
CCOI,$27.29,1441217740017,"127,307",50% bullish,of 4 ratings,$35
CDXS,$3.61,1441217740042,"5,400",64% bullish,of 11 ratings,$6
CGNX,$34.62,1441217740070,"115,303",50% bullish,of 2 ratings,$47
CTSH,$62.06,1441217740206,"1,157,036",90% bullish,of 10 ratings,$75
COHR,$55.69,1441217740284,"37,200",50% bullish,of 2 ratings,$72
CHRS,$27.34,1441217740338,"14,272",67% bearish,of 3 ratings,$37
CLRX,$0.6225,1441217740391,"93,659",50% bullish,of 2 ratings,N/A
COLL,$14.24,1441217740471,"69,053",100% bearish,of 1 rating,$26
COHU,$9.46,1441217740497,"27,846",100% bearish,of 1 rating,$14.25
CLCT,$17.55,1441217740628,"15,515",100% bearish,of 1 rating,N/A
CBAN,$8.83,1441217740660,301,Not yet rated,NULL,N/A
CIGI,$45.17,1441217740692,"31,950",100% bearish,of 1 rating,$52
COLB,$29.115,1441217740719,"46,233",Not yet rated,NULL,$36
COLM,$60.15,1441217740756,"48,186",100% bearish,of 1 rating,$71
CLCD,$6.01,1441217740788,"38,660",100% bearish,of 1 rating,$20.50
CMCO,$18.93,1441217740890,"31,616",60% bullish,of 5 ratings,$28
CMCSK,$57.13,1441217741035,"1,268,162",Not yet rated,NULL,$84
CBMX,$1.1399,1441217741096,"7,764",83% bullish,of 6 ratings,$3.15
CBSH,$43.18,1441217741161,"139,142",50% bullish,of 2 ratings,$46
CMCSA,$55.93,1441217741191,"6,521,563",66% bullish,of 35 ratings,$69.50
CBSHP,$25.45,1441217741217,"1,200",100% bearish,of 1 rating,N/A
CUBN,$13.4,1441217741268,"2,068",Not yet rated,NULL,N/A
CVGI,$5.01,1441217741293,"31,421",50% bullish,of 2 ratings,$6
COMM,$32.09,1441217741371,"516,174",67% bearish,of 3 ratings,$35
CSAL,$20.45,1441217741519,"225,775",75% bullish,of 4 ratings,$30
CTBI,$34.485,1441217741626,"7,128",Not yet rated,NULL,$36
JCS,$9.12,1441217741653,"1,400",67% bullish,of 3 ratings,N/A
ESXB,$5.09,1441217741680,101,Not yet rated,NULL,N/A
CWBC,$6.85,1441217741701,"47,462",Not yet rated,NULL,N/A
CYHHZ,$0.0101,1441217741722,"16,241",100% bullish,of 1 rating,N/A
CVLT,$35.23,1441217741856,"90,747",75% bullish,of 4 ratings,$44.50
COB,$10.36,1441217741882,"3,167",100% bullish,of 1 rating,$11.75
CSA,NULL,1441217742022,0,Not yet rated,NULL,N/A
CIL,NULL,1441217742049,0,Not yet rated,NULL,N/A
CIZ,NULL,1441217742076,0,100% bearish,of 1 rating,N/A
CID,NULL,1441217742101,0,Not yet rated,NULL,N/A
CDC,$33.92,1441217742125,"8,436",Not yet rated,NULL,N/A
CSF,NULL,1441217742280,0,100% bearish,of 1 rating,N/A
CDL,$33.53,1441217742434,70,Not yet rated,NULL,N/A
CFO,$34.71,1441217742468,"2,167",100% bearish,of 1 rating,N/A
CSB,$32.25,1441217742499,"1,072",Not yet rated,NULL,N/A
CFA,NULL,1441217742555,0,100% bearish,of 1 rating,N/A
CTG,$6.69,1441217742591,"8,837",100% bearish,of 1 rating,$8.50
CPSI,$45.64,1441217742617,"35,057",100% bearish,of 1 rating,$45.50
CGEN,$4.963,1441217742642,"17,681",50% bullish,of 2 ratings,$11
SCOR,$44.345,1441217742690,"722,193",100% bearish,of 1 rating,$66
CHCI,$0.68,1441217742872,500,50% bullish,of 2 ratings,N/A
CMTL,$25.8,1441217742931,"24,866",100% bearish,of 2 ratings,$37
CXRX,$78.31,1441217743003,606,100% bearish,of 1 rating,$90
CNCE,$16.3001,1441217743034,"44,546",75% bullish,of 4 ratings,$22
CNSI,$18.01,1441217743103,"27,669",100% bearish,of 2 ratings,$29
CDOR,$1.28,1441217743129,"2,785",100% bullish,of 1 rating,N/A
CNAT,$3.9099,1441217743177,"62,348",83% bullish,of 6 ratings,$13
CCUR,$5.27,1441217743313,"15,051",75% bullish,of 4 ratings,N/A
CDORO,$19,1441217743352,160,100% bearish,of 1 rating,N/A
CFMS,$14.43,1441217743373,"209,028",100% bearish,of 1 rating,$26.50
CDORP,$6.491,1441217743394,100,100% bearish,of 1 rating,N/A
CNFR,$10.21,1441217743440,"1,254",Not yet rated,NULL,N/A
CTWS,$34.78,1441217743465,"9,859",100% bearish,of 1 rating,$44
CNMD,$50.65,1441217743543,"134,765",Not yet rated,NULL,$59
CNXR,$7,1441217743721,"33,324",100% bearish,of 1 rating,$12
CNOB,$18.98,1441217743810,"6,685",100% bullish,of 1 rating,$23.50
CPSS,$5.6,1441217743938,"14,708",100% bullish,of 1 rating,$10
CNSL,$19.48,1441217743963,"69,902",100% bearish,of 1 rating,$23
CONN,$27.59,1441217743988,"172,907",67% bullish,of 3 ratings,$48.50
CWCO,$10.33,1441217744026,"25,522",67% bullish,of 3 ratings,$14.50
CTCT,$24.04,1441217744124,"82,316",67% bullish,of 3 ratings,$37
CFRX,$4.75,1441217744152,"9,198",Not yet rated,NULL,$14
CFRXW,NULL,1441217744176,0,100% bearish,of 1 rating,N/A
CFRXZ,$0.39,1441217744311,"1,750",Not yet rated,NULL,N/A
CTRL,$8.23,1441217744383,"29,890",50% bullish,of 2 ratings,$11
CPRT,$34.74,1441217744452,"145,811",67% bearish,of 3 ratings,$40
CTRV,$3.78,1441217744473,"5,163",Not yet rated,NULL,$6.40
CORT,$5.01,1441217744508,"117,687",67% bullish,of 3 ratings,$12
CRBP,$1.859,1441217744533,"74,327",100% bullish,of 2 ratings,$6.25
BVA,NULL,1441217744561,0,50% bullish,of 2 ratings,N/A
CRVL,$31.06,1441217744909,"5,165",100% bearish,of 1 rating,N/A
CORI,$10.65,1441217744943,"26,893",100% bearish,of 1 rating,$18
CORE,$59.99,1441217744973,"38,482",100% bearish,of 1 rating,$72
COSI,$1.11,1441217745040,"23,951",100% bullish,of 1 rating,N/A
CSGP,$173.47,1441217745070,"52,771",50% bullish,of 2 ratings,$235
CPAH,$0.4305,1441217745099,400,50% bullish,of 2 ratings,N/A
CSOD,$35.92,1441217745136,"128,670",50% bullish,of 2 ratings,$42
COST,$139.8101,1441217745169,"537,448",79% bullish,of 24 ratings,$154.50
ICBK,$18.4,1441217745238,900,Not yet rated,NULL,$21
CVTI,$22.51,1441217745389,"49,893",67% bearish,of 3 ratings,$39
COWN,$5.0709,1441217745466,"238,719",75% bullish,of 4 ratings,$7
COVS,$2.53,1441217745497,"34,149",67% bullish,of 3 ratings,N/A
COWNL,$26.153,1441217745571,"1,700",Not yet rated,NULL,N/A
CPSH,$2.36,1441217745596,"3,900",Not yet rated,NULL,N/A
CBRL,$145.38,1441217745654,"64,027",50% bullish,of 2 ratings,$155
CRAI,$23.39,1441217745685,"21,210",100% bearish,of 1 rating,$36
BREW,$7.737,1441217745786,"6,563",67% bullish,of 6 ratings,$15
CACC,$200.49,1441217745971,"75,810",50% bullish,of 2 ratings,$158.50
CRAY,$20.62,1441217745999,"77,560",83% bullish,of 6 ratings,$38.50
CRESY,$9.95,1441217746028,"16,755",100% bearish,of 1 rating,$19
CREE,$26.35,1441217746057,"321,539",65% bullish,of 17 ratings,$29.50
SLVO,$10.2,1441217746159,"1,038",100% bearish,of 1 rating,N/A
GLDI,$11.03,1441217746186,"2,572",100% bearish,of 1 rating,N/A
CRTO,$37.955,1441217746212,"299,973",67% bullish,of 6 ratings,$64
CROX,$14.12,1441217746235,"249,314",63% bullish,of 8 ratings,$16.50
CRWS,$7.96,1441217746459,"4,900",Not yet rated,NULL,$10
CRDS,$0.99,1441217746508,"43,182",50% bullish,of 4 ratings,$4.50
CRWN,$4.9,1441217746535,"111,082",75% bullish,of 4 ratings,N/A
CCRN,$14.02,1441217746556,"60,793",100% bearish,of 1 rating,$14.25
CYRXW,$0.74,1441217746588,"6,600",Not yet rated,NULL,N/A
CSGS,$30.29,1441217746724,"61,451",Not yet rated,NULL,$40
CYRX,$2.95,1441217746752,113,Not yet rated,NULL,$9
CCLP,$14.06,1441217746785,"33,451",67% bearish,of 3 ratings,$20
CSPI,$5.8,1441217746882,899,67% bullish,of 3 ratings,N/A
CTIC,$1.57,1441217746908,"207,945",84% bullish,of 76 ratings,$5.75
CTCM,$1.67,1441217746937,"23,431",80% bearish,of 5 ratings,$3.90
CTIB,$3.7455,1441217746958,"1,000",100% bearish,of 1 rating,N/A
CPIX,$6.13,1441217747165,"2,693",Not yet rated,NULL,N/A
CUI,$5.43,1441217747239,"15,389",50% bullish,of 2 ratings,$10
CUNB,$21.73,1441217747278,"10,626",Not yet rated,NULL,$24.50
CRIS,$2.595,1441217747299,"63,688",100% bullish,of 8 ratings,$6
CMLS,$1.325,1441217747320,"149,919",50% bullish,of 4 ratings,$6
CTRP,$64.74,1441217747359,"494,109",75% bullish,of 8 ratings,$92.50
CUTR,$14.9,1441217747385,"21,528",67% bearish,of 3 ratings,$18
CVV,$11.55,1441217747529,"5,744",100% bullish,of 5 ratings,N/A
CVBF,$15.775,1441217747556,"93,671",Not yet rated,NULL,$18
CYBR,$50.39,1441217747693,"476,216",75% bullish,of 8 ratings,$68.50
CYAN,$6.5001,1441217747718,"1,650",100% bearish,of 1 rating,N/A
CYBX,$63.14,1441217747743,"105,778",50% bullish,of 4 ratings,$71.50
CBAY,$2.64,1441217747889,"14,438",100% bullish,of 1 rating,$4
CYBE,$6.775,1441217747921,"1,553",100% bearish,of 1 rating,N/A
CY,$10.16,1441217747942,"4,859,194",80% bullish,of 10 ratings,$15.50
CYCC,$0.54,1441217747975,"32,000",73% bullish,of 11 ratings,N/A
CYCCP,NULL,1441217747998,0,100% bearish,of 1 rating,N/A
CYNO,$31.94,1441217748032,"67,581",67% bearish,of 3 ratings,$45.50
CONE,$31.15,1441217748134,"83,387",67% bearish,of 3 ratings,$35.50
CYRN,$1.767,1441217748199,"1,300",67% bullish,of 3 ratings,$4
CYNA,$16.01,1441217748232,"14,549",50% bullish,of 2 ratings,$31.50
CYTK,$7.13,1441217748253,"121,628",71% bullish,of 14 ratings,$13.50
CYTX,$0.3531,1441217748331,"741,171",83% bullish,of 12 ratings,$5.50
CYTR,$2.37,1441217748464,"127,405",67% bullish,of 6 ratings,$10
TVIX,$16.2001,1441217748519,"8,243,966",81% bullish,of 16 ratings,N/A
DAEG,$0.3699,1441217748554,620,100% bearish,of 1 rating,N/A
XIV,$23.7763,1441217748625,"10,952,636",75% bearish,of 4 ratings,N/A
DJCO,$196,1441217748651,202,Not yet rated,NULL,N/A
CTSO,$7.4,1441217748681,"62,361",Not yet rated,NULL,$15.625
TVIZ,$23.35,1441217748786,"13,635",100% bearish,of 1 rating,N/A
DAKT,$8.575,1441217748814,"54,241",50% bullish,of 2 ratings,$12
ZIV,$35.7911,1441217748840,"72,105",Not yet rated,NULL,N/A
DARA,$0.8537,1441217748973,"8,735",83% bullish,of 6 ratings,$1.50
DTLK,$5.54,1441217749028,"21,932",100% bearish,of 1 rating,$9
DAIO,$2.65,1441217749058,"3,954",Not yet rated,NULL,N/A
PLAY,$35.34,1441217749159,"78,022",100% bullish,of 5 ratings,$42
DRAM,$1.35,1441217749185,"5,092",78% bullish,of 9 ratings,N/A
DWCH,$5.02,1441217749209,"7,086",75% bullish,of 4 ratings,$8.25
DWSN,$4.32,1441217749340,"5,853",67% bullish,of 3 ratings,N/A
TRAK,$62.81,1441217749467,"200,522",50% bullish,of 2 ratings,$62.50
DBVT,$37.99,1441217749502,"36,106",100% bearish,of 1 rating,$53
DTEA,$12.99,1441217749531,"16,583",100% bearish,of 2 ratings,$24
DFRG,$14.48,1441217749552,"72,887",100% bearish,of 1 rating,$20
TACO,$12.49,1441217749584,"98,193",75% bullish,of 4 ratings,$20
DHRM,$1.63,1441217749613,"1,990",Not yet rated,NULL,N/A
DCTH,$0.4299,1441217749716,"74,948",78% bullish,of 9 ratings,N/A
DGAS,$20.56,1441217749788,910,67% bearish,of 3 ratings,N/A
TACOW,$3.54,1441217749890,700,100% bullish,of 1 rating,N/A
DELT,$2.25,1441217749914,100,Not yet rated,NULL,N/A
DENN,$11.22,1441217749947,"161,375",100% bullish,of 3 ratings,$15
XRAY,$51.37,1441217750049,"163,738",100% bullish,of 1 rating,$58
DEPO,$26.76,1441217750074,"217,513",60% bullish,of 5 ratings,$29
DSCI,$5.87,1441217750100,"32,889",50% bullish,of 2 ratings,$16
DELTW,NULL,1441217750121,0,Not yet rated,NULL,N/A
DXLG,$6.26,1441217750263,"69,896",100% bearish,of 1 rating,$8
DEST,$10.85,1441217750302,"13,422",50% bullish,of 2 ratings,N/A
DERM,$25.89,1441217750394,"20,992",100% bearish,of 1 rating,$33.50
DXM,$0.2886,1441217750421,"209,711",50% bullish,of 2 ratings,N/A
DSWL,$1.5401,1441217750449,"9,104",100% bullish,of 1 rating,N/A
DXCM,$88.41,1441217750476,"176,530",57% bullish,of 7 ratings,$98
DHXM,$6.8,1441217750605,300,Not yet rated,NULL,N/A
DMND,$30.06,1441217750635,"61,512",75% bullish,of 12 ratings,$32
DHIL,$189.87,1441217750696,402,Not yet rated,NULL,N/A
FANG,$66.09,1441217750738,"339,535",50% bullish,of 2 ratings,$86
DCIX,$1.58,1441217750830,"27,947",50% bullish,of 4 ratings,$3.50
DMRC,$38.36,1441217750900,"14,585",100% bearish,of 1 rating,$44
DRNA,$11.23,1441217750931,"56,504",67% bearish,of 3 ratings,$25
DGII,$10.14,1441217751031,"4,842",100% bearish,of 1 rating,$11
DRAD,$3.78,1441217751082,"6,794",100% bullish,of 1 rating,$5.25
DCOM,$16.495,1441217751111,"16,955",100% bearish,of 2 ratings,$16
DGLY,$7.2826,1441217751214,"149,009",50% bullish,of 6 ratings,$20
DIOD,$19.4,1441217751278,"30,555",75% bearish,of 4 ratings,$24
APPS,$2.175,1441217751314,"295,689",100% bearish,of 1 rating,$10.25
DISCA,$26.37,1441217751343,"838,187",67% bullish,of 3 ratings,$34
DPRX,$14.64,1441217751376,"8,755",100% bullish,of 2 ratings,$27.75
DISCK,$25.29,1441217751442,"345,761",100% bearish,of 1 rating,$32
DISCB,NULL,1441217751470,0,100% bearish,of 1 rating,$35
DSCO,$0.4233,1441217751548,"136,560",83% bullish,of 6 ratings,$2.75
DISH,$59.08,1441217751652,"509,225",69% bullish,of 13 ratings,$73
BAGR,$2.72,1441217751702,"9,500",100% bearish,of 1 rating,$6
DVCR,$10.93,1441217751747,"1,727",100% bullish,of 1 rating,N/A
DLHC,$2.762,1441217751772,"2,671",100% bearish,of 1 rating,N/A
DNBF,$26.05,1441217751835,"1,128",Not yet rated,NULL,$27.50
DGICB,NULL,1441217752007,0,100% bearish,of 1 rating,N/A
DGICA,$14.18,1441217752040,"8,634",100% bearish,of 1 rating,$17
DLTR,$67.36,1441217752061,"4,664,218",82% bullish,of 11 ratings,$88
DORM,$50.32,1441217752109,"118,592",100% bearish,of 1 rating,$56
DRWIW,NULL,1441217752134,0,Not yet rated,NULL,N/A
DMLP,$14.76,1441217752196,"28,246",100% bearish,of 1 rating,N/A
DRWI,$0.2,1441217752229,"1,071,080",60% bullish,of 5 ratings,$.45
DWA,$19.91,1441217752328,"710,406",63% bullish,of 8 ratings,$26
HILL,$9.69,1441217752355,"526,890",60% bearish,of 5 ratings,$9.75
DSKX,$3.3456,1441217752499,"65,447",100% bullish,of 1 rating,N/A
DRYS,$0.4293,1441217752566,"897,960",77% bullish,of 31 ratings,$.60
CADT,$10.02,1441217752593,100,Not yet rated,NULL,N/A
DSPG,$8.71,1441217752625,"14,463",100% bearish,of 1 rating,$13.50
CADTR,NULL,1441217752720,0,Not yet rated,NULL,N/A
CADTW,NULL,1441217752818,0,Not yet rated,NULL,N/A
CADTU,NULL,1441217752847,0,Not yet rated,NULL,N/A
DTSI,$28.4,1441217752891,"107,348",100% bearish,of 2 ratings,$39.50
DXPE,$29.81,1441217753031,"75,367",50% bullish,of 2 ratings,N/A
DRRX,$2.06,1441217753133,"71,610",50% bullish,of 6 ratings,$3
BOOM,$10.63,1441217753159,"87,512",67% bullish,of 3 ratings,$12
DYSL,$1.5,1441217753185,"11,321",100% bullish,of 2 ratings,N/A
DYAX,$22.4572,1441217753206,"164,346",89% bullish,of 9 ratings,$30
DNKN,$48.88,1441217753234,"596,769",67% bullish,of 15 ratings,$56.50
DVAX,$28.4151,1441217753552,"91,460",70% bullish,of 10 ratings,$40
DYNT,$3,1441217753581,"3,727",75% bullish,of 4 ratings,N/A
ETFC,$25.15,1441217753607,"986,258",57% bullish,of 14 ratings,$32.50
EBMT,$11.69,1441217753634,"1,300",Not yet rated,NULL,$13.50
EGBN,$40.51,1441217753663,"69,445",Not yet rated,NULL,$48
EGLE,$6.87,1441217753684,"7,008",60% bullish,of 5 ratings,N/A
EGRX,$79.57,1441217753713,"72,449",67% bullish,of 3 ratings,$97
EWBC,$38.56,1441217753900,"268,118",100% bearish,of 1 rating,$50
ELNK,$8.32,1441217753981,"189,427",60% bullish,of 5 ratings,$9.50
EROC,$1.4824,1441217754007,"111,937",50% bullish,of 2 ratings,$3
EACQU,$10.15,1441217754035,"1,400",Not yet rated,NULL,N/A
EVBS,$6.52,1441217754063,"1,450",Not yet rated,NULL,$7
EBAY,$26.645,1441217754090,"3,662,168",81% bullish,of 117 ratings,$34
EML,$16.23,1441217754110,"2,789",Not yet rated,NULL,N/A
ECHO,$22.092,1441217754296,"57,712",67% bearish,of 3 ratings,$34.50
EBIX,$28.045,1441217754336,"83,145",69% bullish,of 13 ratings,$40
ELON,$0.59,1441217754363,"10,549",50% bullish,of 2 ratings,N/A
ECTE,$1.52,1441217754430,"3,095",75% bullish,of 4 ratings,N/A
EEI,$11.7599,1441217754483,"5,400",67% bearish,of 3 ratings,N/A
SATS,$43.41,1441217754509,"41,535",50% bullish,of 2 ratings,$60
ECACU,$10.1,1441217754538,200,Not yet rated,NULL,N/A
ESES,NULL,1441217754618,0,100% bearish,of 1 rating,$7
EFUT,$4.6611,1441217754755,"1,400",Not yet rated,NULL,N/A
EDGW,$7.16,1441217754781,"1,359",100% bearish,of 1 rating,N/A
EDAP,$3.62,1441217754808,"15,733",60% bullish,of 5 ratings,$4.50
EGAN,$3.66,1441217754860,"4,725",50% bullish,of 2 ratings,$6.25
EGLT,$12.59,1441217754989,"72,654",50% bullish,of 2 ratings,$21
EDUC,$6.25,1441217755018,"42,134",100% bearish,of 1 rating,N/A
EHTH,$14.9,1441217755086,"62,122",50% bullish,of 4 ratings,$16.50
ESLT,$78.4999,1441217755124,"4,109",67% bullish,of 3 ratings,N/A
ERI,$9.48,1441217755227,"64,301",100% bearish,of 1 rating,$10
ELRC,$10.48,1441217755254,"11,853",100% bearish,of 1 rating,N/A
EMITF,$1.21,1441217755283,772,75% bullish,of 4 ratings,N/A
LOCO,$12.6195,1441217755304,"167,545",69% bullish,of 13 ratings,$19.50
EFII,$43.2,1441217755452,"40,014",80% bullish,of 5 ratings,$55
EA,$64.42,1441217755481,"1,148,024",78% bullish,of 36 ratings,$80
ELSE,$3.9799,1441217755523,500,60% bullish,of 5 ratings,N/A
ESIO,$4.53,1441217755626,"19,603",50% bullish,of 2 ratings,$10
ELECW,NULL,1441217755693,0,Not yet rated,NULL,N/A
ELEC,NULL,1441217755720,0,Not yet rated,NULL,N/A
ELECU,$9.99,1441217755755,"5,700",Not yet rated,NULL,N/A
EBIO,$3.47,1441217755793,"116,739",100% bearish,of 2 ratings,$8.35
RDEN,$11.14,1441217755901,"33,615",100% bearish,of 4 ratings,$15
CAPX,$22.74,1441217755928,1,Not yet rated,NULL,N/A
EMKR,$6.81,1441217756112,"28,412",75% bullish,of 4 ratings,$8.50
EMCI,$22.56,1441217756143,"18,405",Not yet rated,NULL,N/A
ESBK,$19.85,1441217756169,639,Not yet rated,NULL,N/A
LONG,$16.91,1441217756190,"2,108",67% bullish,of 3 ratings,$15.75
ELTK,$1.34,1441217756223,"27,960",67% bearish,of 3 ratings,N/A
EMCF,NULL,1441217756244,0,100% bearish,of 1 rating,N/A
EMMS,$1.19,1441217756329,"6,125",83% bullish,of 6 ratings,N/A
EMMSP,NULL,1441217756466,0,100% bearish,of 1 rating,N/A
ENTA,$38.865,1441217756510,"55,798",50% bullish,of 2 ratings,$42
ERS,$3.24,1441217756535,"8,165",Not yet rated,NULL,N/A
ECPG,$38.27,1441217756608,"82,004",100% bullish,of 2 ratings,$52
NYNY,$4.22,1441217756632,"11,353",50% bullish,of 2 ratings,N/A
WIRE,$31.7,1441217756771,"35,668",100% bearish,of 1 rating,$37
ECYT,$5.24,1441217756877,"99,900",83% bullish,of 6 ratings,$12
ENDP,$73.92,1441217756904,"402,273",50% bullish,of 6 ratings,$101.50
ELGX,$12.5,1441217756925,"137,470",75% bullish,of 4 ratings,$17
EIGI,$14.789,1441217757059,"151,413",67% bearish,of 3 ratings,$22.50
WATT,$7.0502,1441217757087,"14,576",50% bullish,of 2 ratings,$13
ERII,$2.6,1441217757114,"8,750",80% bullish,of 5 ratings,$2.50
EXXI,$1.7499,1441217757143,"752,694",86% bullish,of 7 ratings,$3.50
EFOI,$24.857,1441217757247,"788,709",50% bullish,of 2 ratings,$24.50
ENOC,$8.94,1441217757273,"69,145",75% bullish,of 4 ratings,$18
ENG,$1.01,1441217757454,"28,479",100% bullish,of 3 ratings,N/A
ENFC,$17.8,1441217757492,200,Not yet rated,NULL,N/A
ESGR,$148.61,1441217757513,"18,228",100% bearish,of 1 rating,$185
ENTG,$13.42,1441217757589,"81,496",100% bearish,of 1 rating,$18
ETRM,$0.2948,1441217757614,"4,194,815",69% bearish,of 35 ratings,$1.625
ENPH,$4.38,1441217757641,"315,503",75% bullish,of 4 ratings,$11
ENTL,$21.095,1441217757666,"13,220",Not yet rated,NULL,$28
EGT,$1.9999,1441217757805,"4,001",100% bullish,of 1 rating,N/A
EBTC,$21.55,1441217757874,410,Not yet rated,NULL,N/A
EFSC,$23.77,1441217757911,"10,106",Not yet rated,NULL,$27
ENZN,$0.985,1441217757950,"157,105",100% bullish,of 9 ratings,N/A
ENVI,$1.88,1441217758006,"18,101",67% bullish,of 3 ratings,N/A
EPIQ,$12.65,1441217758032,"21,135",100% bearish,of 1 rating,$18
ENZY,$10.2101,1441217758165,"16,600",67% bullish,of 3 ratings,$9.50
EPRS,$5.02,1441217758186,"13,724",82% bullish,of 11 ratings,$15
EPZM,$20.33,1441217758266,"162,234",60% bullish,of 5 ratings,$34
EQIX,$268.2,1441217758351,"263,979",75% bullish,of 4 ratings,$312.50
EAC,$3.425,1441217758398,"4,667",100% bearish,of 1 rating,$8
ERIC,$9.61,1441217758429,"706,731",67% bullish,of 9 ratings,$12.20
PLUS,$73.06,1441217758462,"16,125",50% bullish,of 2 ratings,$88
EQFN,NULL,1441217758529,0,100% bearish,of 1 rating,N/A
ESCA,$18.07,1441217758567,"7,052",100% bearish,of 1 rating,$22
ESCR,$0.1501,1441217758630,"46,573",50% bullish,of 2 ratings,N/A
ERIE,$81.31,1441217758765,"7,983",Not yet rated,NULL,$73
ESMC,$1.4,1441217758790,640,Not yet rated,NULL,N/A
ESCRP,NULL,1441217758825,0,100% bearish,of 1 rating,N/A
EPIX,$5.95,1441217758991,100,Not yet rated,NULL,N/A
ESND,$33.1301,1441217759016,"74,397",100% bearish,of 2 ratings,$40
ESPR,$47.26,1441217759042,"463,276",70% bearish,of 10 ratings,$115
ESSA,$12.85,1441217759072,"4,765",100% bearish,of 1 rating,N/A
ETSY,$14.2192,1441217759105,"203,708",80% bullish,of 5 ratings,$16
ESSX,$0.4796,1441217759207,"6,009",50% bullish,of 2 ratings,N/A
CLWT,NULL,1441217759227,0,100% bullish,of 1 rating,N/A
EEFT,$63.74,1441217759261,"51,481",100% bearish,of 1 rating,$67.50
EVEP,$8.49,1441217759364,"64,438",50% bullish,of 2 ratings,$15
ESEA,$4.6342,1441217759396,"10,285",100% bullish,of 1 rating,$15
EVK,$3.95,1441217759471,200,75% bearish,of 4 ratings,N/A
EVLV,$2.63,1441217759500,"39,797",60% bullish,of 5 ratings,$4.625
EVOK,$3.32,1441217759600,"20,444",100% bearish,of 1 rating,$13.375
EXA,$10.46,1441217759738,"95,893",100% bearish,of 1 rating,$13
EVOL,$5.85,1441217759772,"7,448",75% bullish,of 4 ratings,$10
EXAS,$21.99,1441217759805,"402,528",78% bullish,of 9 ratings,$31
EXFO,$2.91,1441217759874,200,67% bearish,of 3 ratings,$3.95
EXPE,$112.09,1441217759899,"277,399",64% bullish,of 11 ratings,$130
EXAC,$19.06,1441217759929,"8,988",100% bearish,of 1 rating,$22.50
EXEL,$5.7764,1441217759959,"2,187,811",81% bullish,of 16 ratings,$6
EXPD,$49.59,1441217760069,"566,340",80% bullish,of 5 ratings,$52
EXLS,$36.71,1441217760112,"45,779",50% bullish,of 2 ratings,$41
ESRX,$82.92,1441217760176,"927,228",67% bearish,of 6 ratings,$101
EXLP,$19.23,1441217760255,"71,769",100% bearish,of 1 rating,$25
EXTR,$3.03,1441217760351,"200,744",80% bullish,of 5 ratings,$3
EXPO,$42.32,1441217760376,"31,645",100% bearish,of 1 rating,$45.50
EYEGW,$1.0001,1441217760412,700,Not yet rated,NULL,N/A
EYEG,$3.7068,1441217760508,"5,118",Not yet rated,NULL,N/A
EZPW,$6.135,1441217760817,"107,271",50% bullish,of 4 ratings,$7
FFIV,$119.45,1441217760843,"359,494",63% bullish,of 8 ratings,$132
EZCH,$22.51,1441217760897,"24,123",75% bullish,of 8 ratings,$19.50
FWM,$2.1799,1441217760925,"60,464",100% bearish,of 2 ratings,$3.20
FB,$89.247,1441217760946,"10,193,433",73% bullish,of 1074 ratings,$111
FCS,$13.27,1441217760982,"181,523",67% bearish,of 3 ratings,$17
FRP,$16.006,1441217761075,"21,782",100% bearish,of 1 rating,$18
DAVE,$14.41,1441217761246,"4,963",100% bearish,of 1 rating,$15.50
FALC,$1.75,1441217761272,"17,300",63% bearish,of 8 ratings,N/A
FFKT,$25.97,1441217761298,"4,016",Not yet rated,NULL,$29
FARM,$21.9,1441217761351,"16,844",100% bearish,of 1 rating,$35
FARO,$37.6,1441217761430,"24,908",50% bullish,of 2 ratings,$48
FMNB,$8.19,1441217761518,"1,300",Not yet rated,NULL,N/A
FATE,$6.26,1441217761561,"7,349",50% bullish,of 2 ratings,$11
FBRC,$21.85,1441217761653,"24,302",100% bearish,of 1 rating,$29
FAST,$38.26,1441217761679,"630,719",80% bullish,of 5 ratings,$45.50
FBSS,NULL,1441217761711,0,Not yet rated,NULL,N/A
FDML,$8.65,1441217761741,"80,040",50% bullish,of 4 ratings,$14
FNHC,$21.94,1441217761762,"15,070",100% bearish,of 1 rating,$35
FEIC,$74.33,1441217761846,"89,248",50% bullish,of 2 ratings,$95.50
FHCO,$1.3901,1441217761909,"8,084",50% bullish,of 4 ratings,N/A
FENX,$9.8,1441217762072,"39,970",100% bullish,of 1 rating,$14.25
FCSC,$5.55,1441217762116,"32,268",100% bearish,of 1 rating,$8.125
LION,$18.89,1441217762204,"18,539",100% bullish,of 1 rating,$20
ONEQ,$185.009,1441217762245,"14,170",100% bullish,of 1 rating,N/A
FRGI,$51.15,1441217762270,"41,048",50% bullish,of 2 ratings,$70
FGEN,$23.11,1441217762295,"78,350",100% bearish,of 1 rating,$39
FSC,$6.5601,1441217762323,"279,351",60% bullish,of 5 ratings,$8
FSCFL,$24.4,1441217762540,"1,862",Not yet rated,NULL,N/A
FSFR,$8.75,1441217762566,"93,493",100% bearish,of 1 rating,$11.50
FSAM,$7.96,1441217762588,"1,951",100% bearish,of 1 rating,$10.25
FITB,$19.2401,1441217762625,"1,543,951",54% bullish,of 13 ratings,$22
FNGN,$30.37,1441217762718,"138,810",67% bullish,of 3 ratings,$47
FITBI,$27.45,1441217762806,"11,256",Not yet rated,NULL,N/A
FISI,$24.72,1441217762848,"8,904",100% bullish,of 2 ratings,$24.50
FNSR,$15.05,1441217763020,"263,141",71% bullish,of 7 ratings,$24
FNTC,NULL,1441217763151,0,Not yet rated,NULL,N/A
FNJN,$1.75,1441217763176,"4,500",100% bearish,of 1 rating,$5
FNTCU,NULL,1441217763237,0,Not yet rated,NULL,N/A
FBNC,$16.69,1441217763345,"2,315",100% bullish,of 1 rating,$20
FNLC,$18.55,1441217763385,"3,444",100% bullish,of 1 rating,N/A
FNTCW,NULL,1441217763415,0,Not yet rated,NULL,N/A
FEYE,$37.13,1441217763441,"1,236,380",88% bullish,of 16 ratings,$55.50
FDUS,$14.917,1441217763471,"9,600",50% bullish,of 2 ratings,$18
FRBA,$6.1,1441217763500,"7,315",Not yet rated,NULL,$8
BUSE,$6.31,1441217763575,"38,525",Not yet rated,NULL,$6.875
FCVA,$4.79,1441217763660,200,Not yet rated,NULL,N/A
FBIZ,$22.55,1441217763712,"35,436",100% bearish,of 2 ratings,$26
FCAP,$26.9,1441217763809,39,Not yet rated,NULL,N/A
FCNCA,$228.9701,1441217763841,"1,708",Not yet rated,NULL,N/A
FCFS,$39.5,1441217763909,"27,974",100% bearish,of 3 ratings,$47
FCLF,$9.35,1441217764203,371,Not yet rated,NULL,N/A
FDEF,$36.59,1441217764291,"9,083",Not yet rated,NULL,$38
FCCO,$12.34,1441217764320,300,Not yet rated,NULL,$13.25
FCBC,$17.26,1441217764349,"2,827",Not yet rated,NULL,$18
FCFP,$6.905,1441217764370,500,Not yet rated,NULL,N/A
FBNK,$16.88,1441217764404,"5,420",100% bearish,of 1 rating,$17.50
FFNM,NULL,1441217764505,0,Not yet rated,NULL,N/A
FFBC,$18.09,1441217764546,"35,113",67% bearish,of 3 ratings,$20.25
FFBCW,NULL,1441217764638,0,100% bearish,of 1 rating,N/A
FFNW,$12.12,1441217765133,"6,369",Not yet rated,NULL,$14
THFF,$32.49,1441217765162,"1,297",Not yet rated,NULL,$35
FIBK,$26.25,1441217765189,"30,991",Not yet rated,NULL,$32
FFIN,$29.7275,1441217765217,"43,433",50% bullish,of 2 ratings,$31.75
INBK,$30.5,1441217765266,"6,883",50% bullish,of 2 ratings,$37
FRME,$25.89,1441217765321,"80,379",Not yet rated,NULL,$26.50
FFWM,$21.15,1441217765351,"3,846",Not yet rated,NULL,$24
FMBH,$22.35,1441217765371,382,Not yet rated,NULL,N/A
FMBI,$17.1,1441217765518,"115,319",Not yet rated,NULL,$20
FNBC,$33.72,1441217765551,"59,773",Not yet rated,NULL,$40
FSFG,NULL,1441217765623,0,Not yet rated,NULL,N/A
FNFG,$8.89,1441217765650,"653,013",80% bullish,of 5 ratings,$9
FNWB,$12.091,1441217765677,"1,560",Not yet rated,NULL,N/A
FSLR,$47.54,1441217765852,"551,495",72% bullish,of 39 ratings,$65
FSBK,$7.83,1441217765896,"6,700",100% bullish,of 1 rating,N/A
FSGI,$2.455,1441217765931,"3,600",Not yet rated,NULL,N/A
BICK,NULL,1441217765989,0,100% bullish,of 1 rating,N/A
FTCS,$35.887,1441217766036,"253,719",100% bearish,of 1 rating,N/A
FBZ,$9.44,1441217766061,200,Not yet rated,NULL,N/A
FCAN,$24.07,1441217766091,"26,624",Not yet rated,NULL,N/A
FCA,$18.866,1441217766198,107,Not yet rated,NULL,N/A
FEMB,NULL,1441217766229,0,Not yet rated,NULL,N/A
IFV,$17.44,1441217766334,"200,875",100% bearish,of 1 rating,N/A
FV,$22.98,1441217766360,"1,243,708",100% bearish,of 1 rating,N/A
FTSM,$59.96,1441217766389,"18,500",100% bearish,of 1 rating,N/A
FEUZ,$30.4415,1441217766495,102,Not yet rated,NULL,N/A
TDIV,$24.45,1441217766571,"61,896",100% bearish,of 1 rating,N/A
FGM,$35.23,1441217766703,"5,044",Not yet rated,NULL,N/A
FTGC,$22.22,1441217766730,"119,141",Not yet rated,NULL,N/A
FTHI,$19.21,1441217766755,851,Not yet rated,NULL,N/A
FHK,$32.33,1441217766789,"6,308",Not yet rated,NULL,N/A
MDIV,$18.9799,1441217766809,"134,581",Not yet rated,NULL,N/A
HYLS,$49.4942,1441217766886,"56,274",100% bearish,of 1 rating,N/A
YDIV,$16.16,1441217766941,"1,124",Not yet rated,NULL,N/A
FPXI,$26.4,1441217766988,200,Not yet rated,NULL,N/A
SKYY,$28.29,1441217767086,"25,869",100% bullish,of 1 rating,N/A
PLTM,$6.19,1441217767148,800,100% bearish,of 1 rating,N/A
FTLB,$18.91,1441217767282,1,100% bearish,of 1 rating,N/A
CU,$12.56,1441217767316,920,100% bearish,of 1 rating,N/A
FMB,$51.03,1441217767374,"4,836",Not yet rated,NULL,N/A
FJP,$45.37,1441217767410,"15,535",Not yet rated,NULL,N/A
LMBS,$50.3999,1441217767437,"1,477",Not yet rated,NULL,N/A
QABA,$36.64,1441217767468,"4,807",100% bearish,of 1 rating,N/A
CIBR,$17.4383,1441217767507,"20,028",Not yet rated,NULL,N/A
FONE,NULL,1441217767571,0,Not yet rated,NULL,N/A
GRID,$31.04,1441217767717,330,100% bearish,of 1 rating,N/A
RDVY,$20.65,1441217767763,"3,788",Not yet rated,NULL,N/A
QCLN,$14.8698,1441217767791,"9,761",Not yet rated,NULL,N/A
CARZ,$34.04,1441217767918,292,100% bearish,of 1 rating,N/A
QQXT,$39.68,1441217767945,"12,455",Not yet rated,NULL,N/A
QQEW,$41.105,1441217767970,"155,241",Not yet rated,NULL,N/A
QTEC,$39.302,1441217767991,"13,923",Not yet rated,NULL,N/A
FTSL,$48.82,1441217768235,"35,548",100% bearish,of 1 rating,N/A
AIRR,$16.175,1441217768302,"4,279",100% bearish,of 1 rating,N/A
QINC,NULL,1441217768328,0,Not yet rated,NULL,N/A
FKO,NULL,1441217768353,0,Not yet rated,NULL,N/A
FDIV,$46.95,1441217768383,"1,076",100% bearish,of 1 rating,N/A
FSZ,$38.4101,1441217768404,"4,517",Not yet rated,NULL,N/A
FTW,$31.445,1441217768425,158,Not yet rated,NULL,N/A
TUSA,$24.32,1441217768608,"3,337",Not yet rated,NULL,N/A
SVVC,$9.2,1441217768660,"7,220",50% bullish,of 2 ratings,$26
FMER,$17.2,1441217768692,"210,390",50% bullish,of 2 ratings,$20
FUNC,$8.12,1441217768713,400,Not yet rated,NULL,N/A
FKU,$41.3,1441217768794,"56,499",Not yet rated,NULL,N/A
FSV,$32.11,1441217768899,"20,879",Not yet rated,NULL,$33.60
FIVN,$3.9,1441217768983,"46,242",100% bullish,of 1 rating,$8.50
FIVE,$37.53,1441217769031,"487,374",75% bearish,of 4 ratings,$44
FLML,$22.9999,1441217769061,"75,180",50% bullish,of 2 ratings,$30
FISV,$84.52,1441217769129,"423,247",100% bearish,of 3 ratings,$90
FPRX,$18.99,1441217769371,"95,525",50% bullish,of 2 ratings,$35
FLKS,$11.49,1441217769397,"24,859",50% bullish,of 2 ratings,$27
FLXN,$25.15,1441217769423,"76,808",100% bearish,of 1 rating,$40
SKOR,NULL,1441217769474,0,Not yet rated,NULL,N/A
MBSD,$24.91,1441217769650,315,Not yet rated,NULL,N/A
FLXS,$30.91,1441217769703,"6,732",100% bearish,of 2 ratings,N/A
FLIR,$28.135,1441217769735,"368,109",100% bearish,of 2 ratings,$38.50
FLEX,$10.24,1441217769764,"555,636",63% bullish,of 8 ratings,$12
FOMX,$10.01,1441217769785,"34,614",50% bullish,of 2 ratings,$23.50
FFIC,$19.36,1441217769840,"41,985",Not yet rated,NULL,$20.50
FOGO,$19.31,1441217769918,"36,931",50% bullish,of 2 ratings,$25.50
FLDM,$11.41,1441217769945,"93,170",67% bearish,of 3 ratings,$15
FES,$0.8795,1441217770082,"32,529",50% bullish,of 2 ratings,$1
FORM,$6.44,1441217770114,"114,436",67% bullish,of 3 ratings,$10.50
FORTY,$30.17,1441217770216,200,100% bearish,of 1 rating,N/A
FONR,$9.82,1441217770242,"4,504",100% bullish,of 1 rating,N/A
FBIO,$2.61,1441217770303,"45,790",83% bullish,of 6 ratings,N/A
FTNT,$41.397,1441217770333,"330,034",80% bullish,of 10 ratings,$52
FORR,$31.4,1441217770437,"15,767",Not yet rated,NULL,N/A
FWRD,$43.63,1441217770471,"84,934",100% bearish,of 1 rating,$50
FORD,$1.711,1441217770543,"1,857,648",67% bullish,of 3 ratings,N/A
FOSL,$60.2,1441217770578,"204,306",60% bearish,of 5 ratings,$80
FMI,$22.965,1441217770599,"77,609",100% bearish,of 2 ratings,$27.50
FXCB,$17.17,1441217770675,"3,578",Not yet rated,NULL,$19
FWP,$27.415,1441217770745,"43,523",100% bearish,of 1 rating,$45
FOXF,$15.12,1441217770880,"7,915",100% bearish,of 1 rating,$19
FRAN,$11.31,1441217770908,"228,984",50% bullish,of 4 ratings,$15
FELE,$27.7,1441217770929,"86,198",50% bullish,of 4 ratings,$33
FREE,$0.3957,1441217771059,"3,421,465",92% bullish,of 12 ratings,N/A
FRED,$12.895,1441217771085,"46,165",50% bullish,of 2 ratings,$15.50
FTR,$5.265,1441217771232,"8,184,364",78% bullish,of 27 ratings,$6.25
FRPT,$12.14,1441217771277,"173,009",67% bearish,of 3 ratings,$23.50
RAIL,$20.95,1441217771337,"31,325",100% bearish,of 1 rating,$24.50
FRPH,$31.2,1441217771364,"1,902",100% bearish,of 1 rating,N/A
FEIM,$11.04,1441217771418,"2,000",100% bearish,of 1 rating,N/A
FTD,$29.6601,1441217771446,"15,403",100% bearish,of 1 rating,$40
FSBW,$23.09,1441217771495,"5,080",Not yet rated,NULL,N/A
FTRPR,$103.42,1441217771587,"4,100",100% bearish,of 1 rating,N/A
FSYS,$6.41,1441217771623,"163,206",67% bullish,of 3 ratings,$10
FCEL,$0.858,1441217771648,"528,832",88% bullish,of 41 ratings,$2.65
FULLL,NULL,1441217771875,0,Not yet rated,NULL,N/A
FULL,$3.08,1441217771908,"5,698",67% bearish,of 3 ratings,$4.25
FTEK,$2,1441217771949,"12,129",75% bullish,of 4 ratings,N/A
FLL,$1.43,1441217772007,"54,622",75% bullish,of 4 ratings,$3.50
FULT,$11.73,1441217772038,"181,171",100% bearish,of 1 rating,$13
FSNN,$2.1,1441217772067,"4,100",67% bullish,of 3 ratings,$6
FFHL,$0.9947,1441217772088,870,50% bullish,of 4 ratings,N/A
FXENP,NULL,1441217772114,0,100% bearish,of 1 rating,N/A
FXEN,$1.03,1441217772219,"119,899",75% bullish,of 4 ratings,$1.10
GK,$67.57,1441217772306,"36,412",Not yet rated,NULL,$78
GAIA,$6.09,1441217772443,"179,265",50% bullish,of 2 ratings,$8.50
WILC,$4.88,1441217772469,"2,110",100% bullish,of 2 ratings,N/A
GLPG,$57.31,1441217772494,"8,058",100% bullish,of 1 rating,$75
GALT,$2.13,1441217772547,"21,134",80% bullish,of 5 ratings,N/A
GALTU,$5.19,1441217772682,200,100% bearish,of 1 rating,N/A
GLMD,$8.45,1441217772707,"21,939",67% bullish,of 3 ratings,$20.50
GALE,$1.605,1441217772732,"407,039",89% bullish,of 47 ratings,$4
GALTW,$0.54,1441217772759,200,100% bullish,of 1 rating,N/A
GLPI,$30.765,1441217772789,"175,231",100% bearish,of 1 rating,$37.50
GPIC,$9.76,1441217772810,100,100% bearish,of 1 rating,N/A
GGAC,NULL,1441217772940,0,100% bearish,of 1 rating,N/A
GRMN,$37.17,1441217773018,"234,688",50% bullish,of 6 ratings,$46.50
GGACU,$10.24,1441217773068,100,Not yet rated,NULL,N/A
GGACR,$0.26,1441217773096,"25,300",100% bullish,of 1 rating,N/A
GGACW,$0.1436,1441217773122,"3,816",Not yet rated,NULL,N/A
GARS,$14.345,1441217773199,"16,736",Not yet rated,NULL,$16
GENC,NULL,1441217773302,0,100% bearish,of 1 rating,N/A
GFN,$3.87,1441217773344,"2,481",100% bearish,of 2 ratings,$8
GNCMA,$16.84,1441217773398,"53,886",100% bearish,of 1 rating,$12
GENE,$2.3599,1441217773428,"34,082",100% bullish,of 12 ratings,N/A
GFNCP,NULL,1441217773475,0,Not yet rated,NULL,N/A
GFNSL,$25.9999,1441217773531,"2,000",Not yet rated,NULL,N/A
GNMK,$9.65,1441217773700,"71,510",67% bullish,of 6 ratings,$14
GHDX,$26.07,1441217773772,"94,493",50% bullish,of 2 ratings,$30
GNTX,$15.48,1441217773798,"777,500",Not yet rated,NULL,$20
GNVC,$2.4401,1441217773819,"3,484",90% bullish,of 10 ratings,$8.50
GNCA,$11.1,1441217773853,"47,699",100% bearish,of 1 rating,$20
THRM,$44.87,1441217773962,"62,619",75% bearish,of 4 ratings,$55.50
GTWN,$18.97,1441217774010,500,Not yet rated,NULL,N/A
GEVO,$2.35,1441217774096,"143,719",75% bullish,of 12 ratings,$5
GEOS,$16.96,1441217774139,"39,951",100% bearish,of 3 ratings,$21
ROCK,$16.45,1441217774169,"63,972",80% bullish,of 5 ratings,$24
GABC,$28.5401,1441217774192,"6,058",Not yet rated,NULL,$31
GERN,$2.96,1441217774227,"671,021",88% bullish,of 16 ratings,$5.25
GIGM,$0.521,1441217774329,"3,379",100% bullish,of 2 ratings,N/A
GIII,$65.88,1441217774461,"482,924",67% bullish,of 3 ratings,$75
GIGA,$1.484,1441217774487,"30,458",100% bearish,of 1 rating,N/A
GBCI,$25.56,1441217774665,"143,123",50% bullish,of 2 ratings,$31
GILD,$102.9897,1441217774704,"3,127,564",91% bullish,of 87 ratings,$129
GLAD,$8.6728,1441217774753,"68,277",50% bullish,of 2 ratings,$8.75
GLADO,$25.5,1441217774842,827,Not yet rated,NULL,N/A
GILT,$4.1714,1441217774879,"1,536",50% bullish,of 2 ratings,N/A
GOODO,$25.4599,1441217774905,203,Not yet rated,NULL,N/A
GOODN,$25.609,1441217774926,100,Not yet rated,NULL,N/A
GOOD,$14.17,1441217774964,"28,090",Not yet rated,NULL,$19
GOODP,$25.1,1441217774995,712,Not yet rated,NULL,N/A
GAIN,$7.37,1441217775057,"48,136",100% bullish,of 2 ratings,$8.25
GAINN,$25.19,1441217775093,"18,896",Not yet rated,NULL,N/A
GAINO,$25.19,1441217775189,1,Not yet rated,NULL,N/A
GAINP,$25.6099,1441217775344,"6,344",Not yet rated,NULL,N/A
GLBZ,NULL,1441217775425,0,Not yet rated,NULL,N/A
GBT,$50.15,1441217775450,"51,201",100% bearish,of 1 rating,N/A
LAND,$9.13,1441217775478,"16,566",50% bullish,of 2 ratings,$13.75
ENT,$10.97,1441217775504,"21,596",100% bearish,of 1 rating,$18
GDEF,$10.65,1441217775525,400,Not yet rated,NULL,N/A
GBLI,$27.08,1441217775676,"6,774",Not yet rated,NULL,N/A
QQQC,$18.35,1441217775738,"6,300",100% bearish,of 1 rating,N/A
GPACU,NULL,1441217775780,0,Not yet rated,NULL,N/A
GSOL,$8.21,1441217775807,"13,119",100% bearish,of 1 rating,N/A
ACTX,$12.875,1441217775875,"2,400",100% bullish,of 1 rating,N/A
SOCL,$17.217,1441217775898,"33,628",100% bullish,of 2 ratings,N/A
ALTY,$14.04,1441217775926,660,Not yet rated,NULL,N/A
SRET,$12.95,1441217775956,"2,153",Not yet rated,NULL,N/A
YLCO,$11.66,1441217776057,600,Not yet rated,NULL,N/A
GAI,$6.15,1441217776153,"1,300",50% bullish,of 2 ratings,N/A
GLBS,$1.05,1441217776260,400,67% bullish,of 3 ratings,N/A
GSM,$13.62,1441217776296,"101,362",50% bullish,of 2 ratings,$22
GLUU,$4.265,1441217776343,"619,405",92% bullish,of 26 ratings,$9
GLRI,$1.06,1441217776369,"35,757",100% bearish,of 1 rating,$4.25
GBIM,$2.51,1441217776516,"5,230",50% bullish,of 2 ratings,N/A
GLNG,$38.714,1441217776550,"314,071",83% bullish,of 6 ratings,$55.50
GLYC,$6.97,1441217776579,"1,200",50% bullish,of 2 ratings,$14
GOGO,$16.22,1441217776606,"320,673",80% bullish,of 5 ratings,$25
GMLP,$19.96,1441217776655,"68,827",50% bullish,of 4 ratings,$29
GDEN,$8.96,1441217776680,"1,400",50% bullish,of 2 ratings,N/A
GLDC,$4.0987,1441217776813,200,50% bullish,of 2 ratings,N/A
GBDC,$17.02,1441217776866,"112,173",Not yet rated,NULL,$17.75
GTIM,$6.75,1441217776898,"8,346",Not yet rated,NULL,$11.50
GOGL,$2.99,1441217776998,"128,115",75% bullish,of 4 ratings,$5
GOOGL,$641.635,1441217777022,"414,539",88% bullish,of 1082 ratings,$749
GPIA,NULL,1441217777206,0,100% bearish,of 1 rating,N/A
GOOG,$609.1,1441217777240,"657,337",88% bullish,of 73 ratings,$787.50
GMAN,$3.69,1441217777266,"17,081",60% bullish,of 5 ratings,$8.50
GPIAU,$9.95,1441217777292,500,Not yet rated,NULL,N/A
GPRO,$40.5331,1441217777338,"9,593,739",78% bullish,of 58 ratings,$72
GPIAW,NULL,1441217777362,0,Not yet rated,NULL,N/A
LOPE,$36.52,1441217777429,"53,575",100% bearish,of 2 ratings,$50
GBSN,$0.2694,1441217777502,"2,777,242",50% bullish,of 2 ratings,$8.25
GRVY,NULL,1441217777562,0,50% bullish,of 2 ratings,N/A
GBSNU,NULL,1441217777589,0,NULL,NULL,NULL
GLDD,$5.48,1441217777694,"87,938",100% bearish,of 4 ratings,$7.75
GSBC,$40.45,1441217777743,"11,662",100% bullish,of 1 rating,$44
GNBC,$11.64,1441217777774,"3,396",100% bearish,of 1 rating,$16.50
GRBK,$11.72,1441217777833,"70,552",77% bullish,of 13 ratings,N/A
GPP,$14.49,1441217777903,"23,260",Not yet rated,NULL,$20.50
GRIF,NULL,1441217778007,0,100% bearish,of 1 rating,N/A
GPRE,$20.045,1441217778037,"175,285",67% bullish,of 6 ratings,$28.50
GLRE,$25.1,1441217778143,"99,992",50% bullish,of 2 ratings,$41
GCBC,$28.5,1441217778177,101,100% bullish,of 1 rating,N/A
GGAL,$18.74,1441217778199,"57,189",80% bullish,of 5 ratings,$40
GRPN,$4.3101,1441217778225,"1,496,625",61% bullish,of 71 ratings,$6.75
GRFS,$29.69,1441217778256,"169,716",50% bullish,of 2 ratings,$35
OMAB,$41.39,1441217778284,"12,353",100% bullish,of 1 rating,$44
GSIG,$12.71,1441217778426,"5,900",100% bearish,of 2 ratings,N/A
GSVC,$8.7799,1441217778483,"13,849",50% bullish,of 2 ratings,$15.75
GSIT,$4.59,1441217778582,"7,100",100% bearish,of 1 rating,N/A
GBNK,$15.7,1441217778627,"63,460",100% bearish,of 1 rating,$18
GTXI,$0.8789,1441217778652,"12,146",100% bullish,of 5 ratings,$.75
GIFI,$12.59,1441217778718,"28,529",100% bearish,of 1 rating,$16
GFED,$14.97,1441217778747,300,Not yet rated,NULL,$17
GULTU,$0.317,1441217778820,"13,318",100% bearish,of 1 rating,N/A
GUID,$6.85,1441217778849,"18,313",100% bearish,of 3 ratings,$10
GURE,$1.69,1441217778917,"23,448",88% bullish,of 8 ratings,N/A
GWPH,$104.58,1441217779093,"55,362",78% bullish,of 9 ratings,$148.50
GPOR,$33.95,1441217779121,"370,073",75% bullish,of 4 ratings,$54
GWGH,$8.12,1441217779256,100,100% bearish,of 1 rating,$15.05
HEES,$18.75,1441217779390,"182,233",67% bearish,of 3 ratings,$31
HLG,NULL,1441217779446,0,100% bearish,of 1 rating,N/A
HNRG,$7.55,1441217779519,"32,752",100% bearish,of 1 rating,$10
GYRO,$30.2,1441217779548,"3,500",100% bearish,of 1 rating,N/A
HBK,NULL,1441217779650,0,50% bullish,of 2 ratings,N/A
HALO,$17.44,1441217779713,"252,060",67% bullish,of 3 ratings,$22.50
HALL,$11.4,1441217779749,"4,085",Not yet rated,NULL,N/A
HBHC,$26.63,1441217779817,"99,054",50% bullish,of 2 ratings,$30
HAFC,$23.6,1441217779846,"26,746",100% bullish,of 2 ratings,$28.50
HBHCL,$24.319,1441217779875,"33,222",Not yet rated,NULL,N/A
HMPR,$1.85,1441217779903,"9,199",100% bullish,of 1 rating,N/A
HNH,$24.74,1441217779924,"15,367",100% bullish,of 1 rating,N/A
HNSN,$0.5463,1441217780059,"22,722",88% bullish,of 8 ratings,$.40
HQCL,$12.3,1441217780103,"5,577",67% bullish,of 3 ratings,$14
HDNG,$9.89,1441217780191,"3,847",50% bullish,of 4 ratings,N/A
HRMNW,$0.4375,1441217780381,100,Not yet rated,NULL,N/A
TINY,$2.4299,1441217780419,"9,538",50% bullish,of 2 ratings,$5.26
HRMN,NULL,1441217780451,0,Not yet rated,NULL,N/A
HRMNU,NULL,1441217780478,0,Not yet rated,NULL,N/A
HLIT,$5.665,1441217780507,"96,093",100% bearish,of 1 rating,$6.50
HBIO,$4.38,1441217780536,"34,465",100% bearish,of 1 rating,$10
HART,$1.19,1441217780557,"154,444",100% bearish,of 1 rating,N/A
HCAP,$11.9636,1441217780588,"2,157",50% bullish,of 2 ratings,$15
HA,$23.69,1441217780757,"235,693",67% bullish,of 9 ratings,$27
HCAPL,$25.45,1441217780859,300,Not yet rated,NULL,N/A
HAS,$74.4742,1441217780884,"814,240",63% bullish,of 8 ratings,$84.50
HWKN,$38.1599,1441217780958,"3,556",Not yet rated,NULL,N/A
HCOM,$21.91,1441217781043,"3,013",100% bearish,of 1 rating,$28
HWBK,$13.56,1441217781114,300,100% bearish,of 1 rating,N/A
HDS,$32.1199,1441217781146,"670,755",100% bearish,of 2 ratings,$39.50
HAYN,$37.88,1441217781167,"10,016",100% bearish,of 1 rating,$59
HIIQ,$4.76,1441217781202,"15,984",50% bullish,of 2 ratings,$7
HCSG,$32.76,1441217781246,"43,669",50% bullish,of 4 ratings,$35
HSTM,$24.115,1441217781301,"36,521",50% bullish,of 2 ratings,$33.75
HTLF,$35.74,1441217781444,"3,475",100% bullish,of 1 rating,$39.50
HQY,$29.58,1441217781471,"72,442",67% bullish,of 3 ratings,$35
HTWR,$65.625,1441217781503,"1,372,216",50% bullish,of 2 ratings,$103
HTLD,$20.01,1441217781534,"156,498",Not yet rated,NULL,$22.50
HWAY,$11.83,1441217781562,"76,974",100% bearish,of 1 rating,$15
HTBX,$4.1,1441217781632,"16,420",50% bullish,of 2 ratings,$15.50
HELE,$82.91,1441217781870,"58,564",67% bearish,of 3 ratings,$100
HMTV,$13.34,1441217781904,"2,739",100% bearish,of 1 rating,$16
HSII,$19.83,1441217781931,"12,984",100% bullish,of 3 ratings,$25
HMNY,NULL,1441217781957,0,100% bearish,of 1 rating,N/A
HCACU,$9.99,1441217781978,700,Not yet rated,NULL,N/A
HERO,NULL,1441217782012,0,NULL,NULL,NULL
HNNA,$24.56,1441217782033,"4,494",Not yet rated,NULL,N/A
HSIC,$134.16,1441217782053,"106,830",83% bullish,of 6 ratings,$146
HEOP,$7.74,1441217782225,"5,429",Not yet rated,NULL,$8.50
HCCI,$11.835,1441217782325,"14,055",100% bearish,of 1 rating,$16.50
HFWA,$17.4,1441217782373,"80,517",100% bullish,of 1 rating,$20
MLHR,$26.52,1441217782405,"159,635",50% bullish,of 2 ratings,$33.50
HTBK,$10.3,1441217782426,"15,758",Not yet rated,NULL,$12
HSKA,$33.98,1441217782454,"31,128",100% bearish,of 1 rating,$38
HRTX,$35.78,1441217782505,"309,509",57% bullish,of 7 ratings,$41
HFFC,$16,1441217782692,"5,200",Not yet rated,NULL,N/A
HIHO,$4.14,1441217782729,"6,680",Not yet rated,NULL,N/A
HPJ,$2.0882,1441217782760,"21,022",75% bullish,of 4 ratings,$12.43
HIBB,$38.17,1441217782792,"158,821",100% bearish,of 1 rating,$46.50
HIFS,$114.21,1441217782825,"4,267",Not yet rated,NULL,N/A
HIMX,$6.59,1441217782851,"763,083",86% bullish,of 21 ratings,$8.50
HSGX,$6.03,1441217782876,"1,104",100% bearish,of 1 rating,$17
HMNF,NULL,1441217782900,0,Not yet rated,NULL,N/A
HMSY,$9.855,1441217783086,"301,480",67% bullish,of 3 ratings,$19.35
HBCP,$24.8,1441217783225,107,Not yet rated,NULL,$29
HOMB,$36.94,1441217783252,"35,372",Not yet rated,NULL,$42
HOLX,$37.495,1441217783298,"1,492,220",50% bullish,of 4 ratings,$42
HOLI,$16.64,1441217783325,"100,974",50% bullish,of 4 ratings,$27
HFBL,$22,1441217783350,700,Not yet rated,NULL,N/A
AWAY,$27.75,1441217783484,"267,311",67% bullish,of 3 ratings,$36
HMIN,$25.5,1441217783514,"33,685",100% bearish,of 2 ratings,$35
HTBI,$17.985,1441217783539,"30,821",67% bullish,of 3 ratings,$18.625
HKTV,$4.28,1441217783583,"16,446",100% bearish,of 1 rating,N/A
HMST,$21.81,1441217783610,"72,899",100% bullish,of 2 ratings,$27
HBNC,$23.74,1441217783784,"2,701",100% bullish,of 1 rating,$27
HFBC,$11.45,1441217783840,"2,100",Not yet rated,NULL,N/A
HZNP,$29.94,1441217783978,"480,614",85% bullish,of 20 ratings,$40
HRZN,$10.42,1441217784021,"7,347",50% bullish,of 2 ratings,$14.25
HOFT,$23.29,1441217784051,"46,699",100% bearish,of 1 rating,N/A
ZINC,$7.14,1441217784084,"626,761",100% bearish,of 1 rating,$17
CETC,$0.7686,1441217784106,"27,845",86% bullish,of 7 ratings,N/A
HMHC,$22.01,1441217784185,"447,940",Not yet rated,NULL,$27
HDP,$23.34,1441217784251,"133,255",67% bearish,of 3 ratings,$30.50
HBMD,$13.832,1441217784319,249,100% bearish,of 1 rating,N/A
HOVNP,$4,1441217784383,"5,100",100% bearish,of 1 rating,N/A
HWCC,$7.56,1441217784411,"62,487",100% bearish,of 1 rating,$9
HSNI,$59.86,1441217784432,"39,491",Not yet rated,NULL,$80
HUBG,$37.47,1441217784563,"44,290",100% bearish,of 1 rating,$43
HTGM,$5.75,1441217784597,"1,203",100% bearish,of 1 rating,$19.50
HDSN,$3.12,1441217784701,"5,700",100% bullish,of 1 rating,$6.25
HSON,$2.7089,1441217784728,"13,243",100% bearish,of 1 rating,$5
HCBK,$8.97,1441217784749,"633,118",83% bullish,of 6 ratings,$8.61
HBANP,$1347,1441217784926,29,100% bearish,of 1 rating,N/A
HBAN,$10.5374,1441217784995,"2,216,724",76% bullish,of 17 ratings,$12.29
HURC,$29.27,1441217785026,"10,262",100% bearish,of 1 rating,N/A
HDRAR,NULL,1441217785059,0,Not yet rated,NULL,N/A
HBP,$3.14,1441217785083,"3,976",100% bullish,of 1 rating,N/A
HTCH,$1.43,1441217785111,"60,995",100% bearish,of 1 rating,$3.50
HURN,$72.26,1441217785142,"34,675",50% bullish,of 2 ratings,$80
HDRA,NULL,1441217785244,0,Not yet rated,NULL,N/A
HYGS,$8.76,1441217785326,"25,387",50% bullish,of 2 ratings,$13
HDRAU,$10.18,1441217785372,900,Not yet rated,NULL,N/A
HDRAW,NULL,1441217785419,0,Not yet rated,NULL,N/A
IDSY,$3.67,1441217785551,"74,850",100% bearish,of 1 rating,$7
IACI,$69.69,1441217785598,"355,817",80% bullish,of 5 ratings,$90
IKGH,$1.44,1441217785644,"3,700",75% bullish,of 4 ratings,N/A
IEP,$69,1441217785679,"28,232",75% bullish,of 4 ratings,$99
IBKC,$58.92,1441217785708,"29,306",100% bullish,of 1 rating,$70
ICAD,$3.7,1441217785772,"28,437",100% bullish,of 2 ratings,$7.25
ICFI,$34.24,1441217785810,"22,062",50% bullish,of 2 ratings,$48.50
ICON,$13.1101,1441217785975,"220,614",50% bullish,of 2 ratings,$28
IPWR,$7.34,1441217786064,"7,098",100% bullish,of 1 rating,$15
ICLR,$75.77,1441217786090,"148,675",100% bearish,of 3 ratings,$85
IDRA,$2.825,1441217786115,"230,789",89% bullish,of 9 ratings,$6.50
INVE,$4.42,1441217786139,"23,080",75% bullish,of 4 ratings,$4
ICUI,$111.26,1441217786166,"68,984",Not yet rated,NULL,$122
DSKY,$10.95,1441217786351,"30,059",67% bullish,of 6 ratings,$11.50
IDXX,$72.2365,1441217786380,"172,722",100% bearish,of 1 rating,$76
IRG,$4.91,1441217786433,"7,916",100% bearish,of 1 rating,$4.25
IIVI,$16.31,1441217786462,"84,657",100% bearish,of 1 rating,$22
IROQ,$16.83,1441217786516,100,100% bullish,of 1 rating,N/A
RXDX,$14.02,1441217786543,"52,779",100% bullish,of 1 rating,$20
KANG,$15.59,1441217786571,"236,991",50% bullish,of 2 ratings,$23.10
IKAN,$2.73,1441217786742,"15,479",83% bullish,of 6 ratings,$5
ILMN,$195.8147,1441217786811,"195,612",80% bullish,of 5 ratings,$245
ICCC,$6.6,1441217786911,"21,755",100% bullish,of 1 rating,N/A
IKNX,NULL,1441217786938,0,100% bearish,of 1 rating,N/A
ISNS,$4.13,1441217786964,"5,194",50% bullish,of 2 ratings,N/A
IMDZ,$15.94,1441217786994,"23,033",100% bearish,of 1 rating,$33
IMMR,$11.55,1441217787014,"107,760",80% bullish,of 5 ratings,$15.50
IMGN,$13.2899,1441217787094,"258,365",75% bullish,of 4 ratings,$17.50
IMNP,$1.22,1441217787184,"29,465",50% bullish,of 2 ratings,$6
IPXL,$40.66,1441217787284,"113,005",67% bullish,of 3 ratings,$46.50
INCY,$120.9458,1441217787314,"694,953",50% bullish,of 6 ratings,$125.50
INCR,$41.98,1441217787353,"157,224",50% bullish,of 2 ratings,$53
SAAS,$7.13,1441217787379,"240,957",50% bullish,of 2 ratings,$15
IMMY,$7.73,1441217787413,"1,203",100% bearish,of 1 rating,$11
IMMU,$2.13,1441217787443,"211,348",86% bullish,of 7 ratings,$2
INDB,$43.9,1441217787550,"13,208",Not yet rated,NULL,$44
IBCP,$13.97,1441217787620,"34,294",100% bullish,of 1 rating,$14.50
IBTX,$39.86,1441217787682,"6,956",100% bullish,of 2 ratings,$47.25
IDSA,NULL,1441217787752,0,Not yet rated,NULL,N/A
INFN,$21.82,1441217787812,"268,622",71% bullish,of 7 ratings,$28
IPHS,$46.4836,1441217788171,"23,889",100% bearish,of 1 rating,$60
INOD,$2.35,1441217788462,"1,337",100% bearish,of 1 rating,N/A
IFON,$1.3,1441217788534,"7,699",75% bullish,of 4 ratings,N/A
INWK,$6.98,1441217788640,"37,034",50% bullish,of 2 ratings,$10
III,$3.68,1441217788699,"59,925",57% bullish,of 7 ratings,$6
INNL,NULL,1441217788773,0,100% bearish,of 1 rating,$16.50
IOSP,$49.94,1441217788834,"134,115",100% bearish,of 1 rating,N/A
ISSC,$2.81,1441217789083,"16,300",67% bearish,of 3 ratings,N/A
INGN,$49.53,1441217789114,"47,228",100% bearish,of 1 rating,$50.50
ITEK,$13.4,1441217789140,"291,752",100% bearish,of 3 ratings,$20
IPCC,$75.6,1441217789220,"10,749",Not yet rated,NULL,$77.50
INOV,$21.54,1441217789279,"168,124",100% bearish,of 1 rating,$33
IMKTA,$49.51,1441217789300,"30,041",100% bearish,of 1 rating,N/A
NSIT,$24.53,1441217789480,"75,380",50% bullish,of 2 ratings,N/A
INO,$7.065,1441217789508,"333,303",89% bullish,of 18 ratings,$20
ISIG,$2.6778,1441217789542,"1,350",100% bearish,of 1 rating,N/A
IIIN,$17.59,1441217789566,"12,699",100% bearish,of 2 ratings,N/A
INFI,$9.015,1441217789596,"114,574",50% bullish,of 4 ratings,$16.50
PODD,$28.44,1441217789639,"73,208",67% bearish,of 3 ratings,$35
INSM,$24.28,1441217789664,"87,833",71% bullish,of 7 ratings,$31.50
INSY,$33.769,1441217789797,"181,567",75% bullish,of 4 ratings,$48
IART,$59.735,1441217789878,"114,145",100% bearish,of 2 ratings,$71.50
NTEC,$5.66,1441217789946,"4,620",100% bearish,of 1 rating,N/A
IDTI,$18.7419,1441217789970,"569,429",60% bullish,of 5 ratings,$25
IESC,$7.21,1441217790008,"1,605",100% bearish,of 1 rating,N/A
IQNT,$18.6,1441217790377,"76,005",86% bullish,of 7 ratings,$20
IPCI,$2.22,1441217790403,"17,058",67% bullish,of 6 ratings,$8
IBKR,$37.38,1441217790447,"400,979",100% bullish,of 1 rating,N/A
ISSI,$22,1441217790479,"41,003",67% bullish,of 3 ratings,$19.75
IPAR,$24.97,1441217790533,"14,097",67% bullish,of 3 ratings,$38
ICPT,$186.01,1441217790577,"71,641",70% bullish,of 10 ratings,$359.50
ININ,$34.53,1441217790606,"26,418",67% bearish,of 3 ratings,$57
INTC,$28.4,1441217790633,"12,444,648",82% bullish,of 238 ratings,$36
ICLD,$1.88,1441217790662,"80,874",75% bullish,of 4 ratings,N/A
ICLDW,$1.17,1441217790767,200,100% bearish,of 1 rating,N/A
TILE,$23.95,1441217790952,"185,363",100% bearish,of 3 ratings,$27
IMI,$2.01,1441217791028,"5,144",67% bullish,of 3 ratings,$2.22
IDCC,$48.33,1441217791061,"56,486",80% bullish,of 5 ratings,$63
INAP,$9.03,1441217791091,"204,364",75% bullish,of 4 ratings,$11
ISCA,$32.01,1441217791159,"18,772",100% bearish,of 1 rating,N/A
IBOC,$24.65,1441217791184,"24,821",100% bearish,of 1 rating,N/A
IGLD,$7.35,1441217791209,520,50% bullish,of 2 ratings,N/A
INPH,NULL,1441217791373,0,50% bullish,of 2 ratings,N/A
ISIL,$10.435,1441217791415,"298,267",50% bullish,of 6 ratings,$15
IIJI,$9.14,1441217791436,100,50% bullish,of 2 ratings,$11.50
PTNT,$3.02,1441217791469,200,Not yet rated,NULL,N/A
XENT,$25.72,1441217791489,"30,993",50% bullish,of 2 ratings,$36.50
INTX,$2.0501,1441217791548,"31,576",67% bullish,of 3 ratings,N/A
IVAC,$4.63,1441217791572,"11,884",100% bearish,of 1 rating,$6.625
IILG,$19.47,1441217791739,"15,593",100% bearish,of 1 rating,$29
INTL,$25.34,1441217791843,"48,225",67% bearish,of 3 ratings,N/A
ITCI,$27.01,1441217791916,"584,251",75% bearish,of 4 ratings,$40
IIN,NULL,1441217791979,0,100% bearish,of 1 rating,$12
INVT,$0.329,1441217792004,"119,400",67% bullish,of 3 ratings,N/A
INTU,$85.28,1441217792052,"659,634",86% bullish,of 7 ratings,$107.50
ISRG,$507.41,1441217792080,"73,152",67% bullish,of 3 ratings,$600
INTLL,$25.9642,1441217792180,"5,200",Not yet rated,NULL,N/A
ISBC,$11.4783,1441217792212,"1,249,811",100% bullish,of 1 rating,$13.25
ISTR,$15.6101,1441217792312,749,100% bearish,of 1 rating,$18.50
NVIV,$9.19,1441217792338,"55,031",50% bullish,of 4 ratings,$24.50
SNAK,$8.42,1441217792368,"24,105",50% bullish,of 2 ratings,$14
ITIC,$71.12,1441217792389,400,100% bearish,of 2 ratings,N/A
IVTY,$13.74,1441217792520,"6,200",Not yet rated,NULL,$18
IPAS,$1.05,1441217792545,"196,964",67% bullish,of 3 ratings,N/A
DTUL,NULL,1441217792606,0,Not yet rated,NULL,N/A
DFVL,NULL,1441217792683,0,Not yet rated,NULL,N/A
IPGP,$82.5,1441217792815,"133,684",67% bearish,of 3 ratings,$109.50
IRMD,$23.34,1441217792848,"9,006",67% bearish,of 3 ratings,$25
IPCM,$79.35,1441217792874,"148,843",50% bullish,of 2 ratings,$80.125
IRBT,$29.23,1441217792907,"78,441",67% bullish,of 6 ratings,$37
IRDM,$6.89,1441217792949,"723,939",60% bullish,of 5 ratings,$11.50
IRIX,$6.73,1441217793009,"1,924",100% bearish,of 1 rating,N/A
IRWD,$10.95,1441217793034,"214,147",100% bearish,of 1 rating,$13
IRDMB,$265,1441217793109,"10,350",67% bearish,of 3 ratings,N/A
IRCP,NULL,1441217793137,0,100% bullish,of 2 ratings,N/A
COMT,$33.0597,1441217793217,"4,841",100% bearish,of 1 rating,N/A
FCHI,NULL,1441217793267,0,NULL,NULL,NULL
GNMA,$50.0301,1441217793292,511,Not yet rated,NULL,N/A
IFEU,$37.79,1441217793466,"7,099",Not yet rated,NULL,N/A
IFGL,$27.89,1441217793509,"18,785",Not yet rated,NULL,N/A
IFAS,NULL,1441217793532,0,NULL,NULL,NULL
IFNA,NULL,1441217793551,0,NULL,NULL,NULL
AXJS,NULL,1441217793595,0,NULL,NULL,NULL
ACWX,$39.79,1441217793629,"428,566",100% bearish,of 1 rating,N/A
AAIT,NULL,1441217793723,0,NULL,NULL,NULL
ACWI,$54.763,1441217793754,"867,564",Not yet rated,NULL,N/A
AAXJ,$52.17,1441217793782,"447,092",Not yet rated,NULL,N/A
EMDI,NULL,1441217793801,0,NULL,NULL,NULL
EEMA,$49.2,1441217793857,"25,696",Not yet rated,NULL,N/A
EEME,NULL,1441217793991,0,NULL,NULL,NULL
EGRW,NULL,1441217794014,0,NULL,NULL,NULL
EMEY,NULL,1441217794039,0,NULL,NULL,NULL
EVAL,NULL,1441217794095,0,NULL,NULL,NULL
EUFN,$21.3894,1441217794231,"55,932",100% bearish,of 1 rating,N/A
EEML,$26.6707,1441217794259,250,Not yet rated,NULL,N/A
UAE,$17.98,1441217794389,"9,379",Not yet rated,NULL,N/A
QAT,$21.33,1441217794423,4,Not yet rated,NULL,N/A
IEUS,$44.68,1441217794455,"4,006",100% bearish,of 1 rating,N/A
IBB,$339.95,1441217794528,"336,211",63% bullish,of 8 ratings,N/A
SOXX,$81.25,1441217794557,"217,896",50% bullish,of 2 ratings,N/A
ICLN,$9.216,1441217794579,"17,991",50% bullish,of 2 ratings,N/A
EMIF,$27.8,1441217794616,"3,534",Not yet rated,NULL,N/A
WOOD,$47.06,1441217794712,"22,282",50% bullish,of 2 ratings,N/A
INDY,$26.7,1441217794741,"37,550",50% bullish,of 2 ratings,N/A
ISHG,$79.79,1441217794891,"12,334",100% bearish,of 1 rating,N/A
IGOV,$90.86,1441217794916,"48,218",100% bearish,of 1 rating,N/A
ISIS,$50.7,1441217795046,"492,271",53% bullish,of 15 ratings,$67
ITRN,$23.81,1441217795071,"1,507",50% bullish,of 2 ratings,N/A
ISRL,$126.18,1441217795117,2,100% bearish,of 1 rating,N/A
ISLE,$19.9399,1441217795203,"547,153",50% bullish,of 4 ratings,$16
ITRI,$29.13,1441217795230,"81,172",100% bearish,of 1 rating,$37
ITUS,$4.0799,1441217795261,"3,800",Not yet rated,NULL,N/A
IXYS,$11.05,1441217795362,"84,325",50% bullish,of 4 ratings,N/A
JJSF,$112.8,1441217795450,"16,436",100% bearish,of 1 rating,N/A
MAYS,$57,1441217795503,300,Not yet rated,NULL,N/A
JCOM,$66.66,1441217795586,"97,358",100% bullish,of 2 ratings,$77
JKHY,$66.14,1441217795795,"177,844",67% bearish,of 3 ratings,$72
JXSB,NULL,1441217795891,0,Not yet rated,NULL,N/A
JACK,$77.4179,1441217795926,"154,424",71% bullish,of 7 ratings,$105
JAXB,NULL,1441217795998,0,100% bullish,of 1 rating,N/A
JAGX,$3.3999,1441217796055,"5,004",Not yet rated,NULL,$10.50
JRVR,$27.0501,1441217796223,"18,574",Not yet rated,NULL,$32
JBHT,$72.65,1441217796255,"257,406",50% bullish,of 4 ratings,$89.50
JMBA,$14.23,1441217796361,"74,504",75% bullish,of 4 ratings,$18
XXIA,$15.19,1441217796382,"92,838",71% bullish,of 7 ratings,$14.625
JASNW,NULL,1441217796464,0,50% bullish,of 2 ratings,N/A
ERW,NULL,1441217796496,0,Not yet rated,NULL,N/A
JASN,$4.844,1441217796523,"7,553",50% bullish,of 2 ratings,$9.50
JAKK,$9.54,1441217796569,"134,128",60% bearish,of 5 ratings,$11
JASO,$7.84,1441217796600,"332,443",82% bullish,of 17 ratings,$10
JAZZ,$164.595,1441217796751,"67,471",80% bullish,of 15 ratings,$206.50
JBLU,$23.34,1441217796883,"3,184,949",94% bullish,of 18 ratings,$27
JD,$24.62,1441217796908,"2,622,429",75% bullish,of 16 ratings,$36
DATE,$6.19,1441217797044,"44,780",75% bullish,of 4 ratings,$9
JST,$3.78,1441217797125,"3,670",75% bullish,of 4 ratings,N/A
JCTCF,$9.65,1441217797150,100,100% bullish,of 1 rating,N/A
JTPY,NULL,1441217797190,0,100% bearish,of 1 rating,N/A
WYIGU,NULL,1441217797223,0,100% bearish,of 1 rating,N/A
JIVE,$4.6,1441217797279,"78,870",75% bullish,of 4 ratings,$5
JOEZ,$0.186,1441217797308,"137,238",92% bullish,of 12 ratings,N/A
JBSS,$49.49,1441217797437,"12,916",67% bearish,of 3 ratings,N/A
JUNO,$35.26,1441217797465,"375,387",73% bullish,of 11 ratings,$71.50
JOUT,$24.41,1441217797497,"8,016",100% bearish,of 1 rating,$34
KALU,$80.5975,1441217797602,"63,659",67% bearish,of 3 ratings,$91
JNP,$11.7399,1441217797629,"55,392",100% bullish,of 3 ratings,$15
KTWO,$20.88,1441217797654,"31,180",100% bearish,of 1 rating,$28.50
KNDI,$6.218,1441217797915,"123,449",86% bullish,of 22 ratings,N/A
KMDA,$3.45,1441217797946,"2,600",50% bullish,of 2 ratings,$8
KCAP,$4.66,1441217797973,"23,559",75% bullish,of 4 ratings,$6
KCLI,$46.3523,1441217798067,"9,051",Not yet rated,NULL,N/A
KBSF,NULL,1441217798100,0,100% bullish,of 1 rating,N/A
KPTI,$14.09,1441217798127,"127,378",67% bearish,of 3 ratings,$39
KRNY,$11.32,1441217798209,"144,533",100% bearish,of 1 rating,$12
KELYA,$14.34,1441217798262,"25,595",67% bullish,of 6 ratings,$20
KBIO,$2.08,1441217798397,"10,381",50% bullish,of 4 ratings,N/A
KFFB,$8.54,1441217798434,"1,040",100% bearish,of 1 rating,N/A
KELYB,NULL,1441217798525,0,50% bullish,of 2 ratings,N/A
