Symbol,Price,Date,Volume,Rating,RatingVoteCount,OneYearEstimate
FLWS,$8.485,1441217402330,"145,671",80% bullish,of 5 ratings,$15
TFSC,NULL,1441217402363,0,100% bearish,of 1 rating,N/A
FCTY,$7.7401,1441217402384,790,100% bullish,of 1 rating,$8.50
TFSCU,NULL,1441217402418,0,Not yet rated,NULL,N/A
TFSCW,NULL,1441217402439,0,100% bearish,of 1 rating,N/A
TFSCR,NULL,1441217402469,0,Not yet rated,NULL,N/A
FCCY,$11.74,1441217402494,150,100% bullish,of 1 rating,$13
PIH,NULL,1441217402532,0,100% bearish,of 1 rating,N/A
DGLD,$80.965,1441217402601,"4,175",100% bullish,of 1 rating,N/A
VNET,$16.44,1441217402629,"269,166",60% bullish,of 5 ratings,$35
TWOU,$34.79,1441217402652,"59,035",50% bullish,of 2 ratings,$39
USLV,$12.63,1441217402693,"209,938",86% bullish,of 7 ratings,N/A
SRCE,$29.53,1441217402714,"6,008",100% bullish,of 3 ratings,$33
UGLD,$9.271,1441217402791,"100,643",100% bearish,of 1 rating,N/A
DSLV,$68.66,1441217402825,"15,540",100% bearish,of 1 rating,N/A
JOBS,$26.66,1441217402934,"60,930",50% bullish,of 4 ratings,$36
CAFD,$14.87,1441217403125,"89,840",Not yet rated,NULL,$24.50
EGHT,$7.68,1441217403150,"131,453",82% bullish,of 17 ratings,$11
AVHI,$14.09,1441217403283,"10,390",100% bearish,of 1 rating,$19
SHLM,$32.81,1441217403344,"54,062",100% bearish,of 1 rating,$47
AAON,$19.97,1441217403366,"43,606",100% bearish,of 1 rating,$24
SIXD,$2.73,1441217403396,"21,977",Not yet rated,NULL,N/A
ABY,$22.11,1441217403421,"287,304",100% bearish,of 2 ratings,$46
ABAX,$46.97,1441217403455,"64,101",100% bearish,of 1 rating,$60
ABEO,$4.78,1441217403556,"50,350",50% bullish,of 4 ratings,$15.50
AXAS,$1.725,1441217403586,"349,762",78% bullish,of 9 ratings,$3.50
ABGB,$5.25,1441217403613,"15,097",67% bullish,of 3 ratings,$5.50
ABMD,$94.255,1441217403634,"201,280",75% bullish,of 4 ratings,$100.50
ABEOW,$1.8,1441217403684,400,100% bullish,of 1 rating,N/A
ACHC,$72.23,1441217403772,"110,239",50% bullish,of 2 ratings,$92
ACTG,$9.11,1441217403802,"232,679",67% bullish,of 3 ratings,$18.50
ACAD,$37.18,1441217403908,"315,624",80% bullish,of 20 ratings,$48
ACST,$0.3421,1441217404039,"1,190",100% bullish,of 2 ratings,N/A
VXDN,$1.77,1441217404098,"15,995",100% bearish,of 1 rating,N/A
XLRN,$28.91,1441217404128,"34,815",50% bullish,of 2 ratings,$57
AXDX,$18.95,1441217404172,"41,133",100% bearish,of 1 rating,N/A
ANCX,$20.05,1441217404232,"8,557",Not yet rated,NULL,$20
ARAY,$6.54,1441217404259,"237,320",100% bearish,of 1 rating,$10.50
ACRX,$4.44,1441217404303,"240,773",67% bearish,of 6 ratings,$5.50
VXUP,$1.68,1441217404391,"18,472",100% bearish,of 1 rating,N/A
AKAO,$7.03,1441217404429,"30,601",75% bullish,of 4 ratings,$15
ACET,$21.68,1441217404458,"40,367",75% bullish,of 4 ratings,$30
ACNB,$20.35,1441217404531,463,Not yet rated,NULL,N/A
ACHN,$7.205,1441217404561,"1,232,371",90% bullish,of 21 ratings,$16
ACIW,$21.11,1441217404594,"156,281",67% bearish,of 3 ratings,$24
ACOR,$32.02,1441217404691,"250,957",67% bearish,of 3 ratings,$38.50
ACTS,$1.6,1441217404717,"7,448",100% bearish,of 1 rating,N/A
ACPW,$1.979,1441217404787,"19,892",100% bullish,of 4 ratings,$3.25
ATVI,$28.215,1441217404849,"5,296,193",67% bullish,of 84 ratings,$31.50
ACTA,$13.81,1441217404920,"37,272",67% bearish,of 3 ratings,$25
ACUR,$2.83,1441217404986,"1,748",100% bullish,of 5 ratings,$5
ACXM,$20.42,1441217405022,"77,596",67% bullish,of 3 ratings,N/A
ADAP,$11.11,1441217405043,"22,481",67% bullish,of 3 ratings,$22
ADMP,$3.916,1441217405119,"8,089",50% bullish,of 2 ratings,$10
ADMS,$19.6,1441217405144,"20,224",100% bearish,of 2 ratings,$36
ADUS,$29.17,1441217405184,"16,361",100% bearish,of 1 rating,$31
ADEP,$6.87,1441217405277,"20,990",50% bullish,of 2 ratings,$10.75
AEY,$2.3245,1441217405304,"3,920",100% bearish,of 2 ratings,N/A
ADMA,$8.96,1441217405331,"3,231",Not yet rated,NULL,$19
ADBE,$77,1441217405463,"774,848",65% bullish,of 17 ratings,$90
ADTN,$15.68,1441217405492,"73,098",67% bullish,of 3 ratings,$17.125
ADRO,$18.95,1441217405542,"104,199",80% bullish,of 5 ratings,$45.50
AMD,$1.75,1441217405567,"2,594,156",83% bullish,of 103 ratings,$2
AEIS,$24.08,1441217405596,"45,728",50% bullish,of 2 ratings,$32.50
ADXS,$13.4405,1441217405624,"342,650",64% bullish,of 14 ratings,$27
MULT,NULL,1441217405707,0,100% bearish,of 1 rating,N/A
YPRO,$22.9,1441217405755,2,100% bearish,of 1 rating,N/A
AEGR,$17.71,1441217405850,"82,434",50% bullish,of 6 ratings,$26
AEHR,$2.3,1441217405893,"2,786",50% bullish,of 2 ratings,N/A
AEGN,$17.92,1441217405925,"28,178",100% bearish,of 2 ratings,$21
AMTX,$2.81,1441217405982,"4,668",50% bullish,of 2 ratings,$26.11
ADXSW,$9.01,1441217406011,"5,640",100% bullish,of 1 rating,N/A
AEPI,$55.55,1441217406040,"10,208",100% bearish,of 1 rating,N/A
AERI,$15.35,1441217406142,"355,077",75% bullish,of 4 ratings,$31.50
AVAV,$21.02,1441217406172,"515,615",50% bullish,of 4 ratings,$31
AEZS,$0.087,1441217406213,"5,087,119",90% bullish,of 21 ratings,$1.50
AEMD,$7.34,1441217406278,"10,398",Not yet rated,NULL,$27.50
AFFX,$9.02,1441217406344,"133,563",80% bullish,of 5 ratings,$12.50
AFMD,$10.17,1441217406412,"88,533",50% bullish,of 4 ratings,$15
AGEN,$6.97,1441217406438,"170,686",85% bullish,of 13 ratings,$14
AGRX,$8.42,1441217406473,"15,681",100% bearish,of 1 rating,$17.50
AGFSW,$1.98,1441217406606,200,100% bearish,of 2 ratings,N/A
AGYS,$9.83,1441217406634,"6,224",100% bearish,of 1 rating,N/A
AGIO,$86.4,1441217406660,"59,537",88% bullish,of 8 ratings,$114
AGFS,$9.68,1441217406695,"119,869",100% bearish,of 1 rating,N/A
AIMT,$21.91,1441217406763,"33,169",Not yet rated,NULL,$35.50
AIRM,$35.995,1441217406791,"57,295",80% bearish,of 5 ratings,$53
AIRT,$22.38,1441217406832,976,100% bullish,of 1 rating,N/A
ATSG,$8.79,1441217406929,"73,578",67% bullish,of 3 ratings,$13
AMCN,$4.48,1441217406958,"43,261",83% bullish,of 6 ratings,N/A
AKAM,$70.57,1441217407126,"511,817",63% bullish,of 8 ratings,$77.50
ALRM,$15.73,1441217407223,"88,018",100% bearish,of 1 rating,$22
AKRX,$38.96,1441217407254,"191,091",78% bullish,of 9 ratings,$56
ALSK,$2.21,1441217407285,"40,090",78% bullish,of 18 ratings,$2
AKBA,$7.55,1441217407322,"161,996",100% bearish,of 1 rating,$18
ALDR,$40.68,1441217407417,"361,088",67% bearish,of 3 ratings,$62
AMRI,$19.805,1441217407448,"47,489",75% bearish,of 4 ratings,$24
AIXG,$6.33,1441217407477,"4,200",67% bearish,of 3 ratings,$5.25
ABDC,$12.9,1441217407508,"12,473",Not yet rated,NULL,$15
ADHD,$7.9,1441217407548,"100,321",50% bullish,of 4 ratings,$18
AKER,$2.6,1441217407613,"12,023",Not yet rated,NULL,N/A
ALXA,$1.2,1441217407681,"3,300",83% bullish,of 6 ratings,$2.125
ALDX,$7.24,1441217407753,"6,459",100% bearish,of 1 rating,$14.50
ALXN,$172.635,1441217407816,"359,503",88% bullish,of 8 ratings,$223.50
ALCO,$41.4,1441217407976,"3,652",50% bullish,of 2 ratings,N/A
ALGN,$54.4,1441217408006,"236,416",100% bearish,of 2 ratings,$73
ALKS,$61.52,1441217408027,"405,573",67% bullish,of 3 ratings,$75
ALIM,$3.16,1441217408066,"30,994",80% bullish,of 5 ratings,$10
ALLB,$22.66,1441217408156,300,Not yet rated,NULL,N/A
AFOP,$18.67,1441217408185,"103,749",75% bullish,of 8 ratings,$21
ALGT,$203.9,1441217408234,"72,398",100% bearish,of 2 ratings,$235
AHGP,$35.22,1441217408290,"13,713",67% bullish,of 3 ratings,N/A
AIQ,$14.27,1441217408319,"2,607",67% bullish,of 3 ratings,N/A
AHPI,$1.49,1441217408350,300,50% bullish,of 2 ratings,N/A
ARLP,$24.65,1441217408456,"122,469",67% bearish,of 3 ratings,$32
ALQA,$4.65,1441217408490,"9,979",75% bullish,of 4 ratings,$8.50
AMOT,$17.87,1441217408590,"103,440",100% bearish,of 1 rating,N/A
ALLT,$5.08,1441217408619,"29,995",75% bullish,of 4 ratings,$6.25
MDRX,$13.19,1441217408645,"1,408,212",60% bullish,of 5 ratings,$16
AFAM,$44.86,1441217408723,"23,452",50% bullish,of 2 ratings,$44
ALNY,$99.03,1441217408812,"202,589",67% bullish,of 3 ratings,$151.50
AOSL,$8.04,1441217408852,"82,410",67% bullish,of 3 ratings,$9
ASPS,$25.71,1441217408884,"82,790",67% bullish,of 3 ratings,$46.50
SMCP,$22.84,1441217408912,211,Not yet rated,NULL,N/A
ATEC,$0.58,1441217408938,"10,170",100% bullish,of 1 rating,$2
ALTR,$48.86,1441217408988,"745,402",80% bearish,of 5 ratings,$54
AIMC,$23.4401,1441217409074,"38,670",100% bearish,of 2 ratings,$28.50
AMAG,$63.51,1441217409188,"240,857",100% bullish,of 2 ratings,$75
AMRN,$2.314,1441217409216,"1,246,454",85% bullish,of 39 ratings,$8
AMRK,$10.5,1441217409241,800,50% bullish,of 2 ratings,$14
AYA,$20.25,1441217409266,"15,532",100% bearish,of 1 rating,$40
AMBA,$77.2,1441217409439,"4,837,354",83% bullish,of 12 ratings,$102.50
AMBC,$16.76,1441217409463,"181,008",100% bearish,of 1 rating,$16.50
AMZN,$506.26,1441217409497,"1,154,398",81% bullish,of 267 ratings,$646
EPAX,$2.68,1441217409519,"23,841",100% bearish,of 1 rating,N/A
AMBCW,$8.6,1441217409594,"3,300",100% bearish,of 1 rating,N/A
DOX,$56.3,1441217409646,"271,025",67% bearish,of 3 ratings,$60
AMDA,$0.4685,1441217409677,"327,105",90% bullish,of 10 ratings,$1
AMCX,$69.07,1441217409698,"292,626",67% bullish,of 3 ratings,$87.50
AMED,$40.52,1441217409775,"108,050",100% bearish,of 1 rating,$42
ATAX,$5.314,1441217409917,"20,068",100% bullish,of 1 rating,$6.50
UHAL,$367.525,1441217409954,"5,727",100% bullish,of 2 ratings,$393.50
ASBI,$22.73,1441217409981,200,Not yet rated,NULL,N/A
AAL,$41.13,1441217410011,"6,815,363",93% bullish,of 88 ratings,$57
AMOV,$17.8899,1441217410045,"4,703",100% bearish,of 1 rating,N/A
AGNC,$19.06,1441217410110,"757,790",71% bullish,of 28 ratings,$22
AGNCB,$24.266,1441217410196,"1,300",Not yet rated,NULL,N/A
MTGE,$15.23,1441217410265,"181,959",75% bullish,of 4 ratings,$19.50
MTGEP,$24.3,1441217410327,"1,200",Not yet rated,NULL,N/A
AGNCP,$25.2999,1441217410356,"6,748",Not yet rated,NULL,N/A
ACSF,$12.31,1441217410385,"9,423",100% bearish,of 1 rating,$15
ANCI,$1.54,1441217410469,300,100% bearish,of 1 rating,N/A
ACAS,$13.5,1441217410530,"523,014",60% bullish,of 5 ratings,$16.75
AETI,$3.95,1441217410617,300,67% bearish,of 3 ratings,N/A
AMIC,NULL,1441217410660,0,100% bearish,of 1 rating,N/A
AMNB,$23.29,1441217410686,"2,108",Not yet rated,NULL,$25.50
ANAT,$97.6553,1441217410707,"10,058",100% bullish,of 1 rating,N/A
APEI,$21.42,1441217410741,"13,150",100% bearish,of 1 rating,$25.50
ARII,$40.44,1441217410848,"81,248",67% bearish,of 3 ratings,$45
AMSC,$4.93,1441217410982,"27,169",50% bullish,of 4 ratings,N/A
AMRB,$10.14,1441217411009,"2,200",Not yet rated,NULL,$11
ASEI,$38.648,1441217411041,"17,115",100% bearish,of 1 rating,$52.50
AMSWA,$8.89,1441217411066,"24,012",100% bearish,of 2 ratings,$10.75
AMWD,$64.915,1441217411143,"46,468",50% bullish,of 2 ratings,$70
ABCB,$26.31,1441217411208,"31,508",Not yet rated,NULL,$31
CRMT,$35.22,1441217411279,"22,616",100% bearish,of 1 rating,$39
AMSF,$46.22,1441217411307,"12,443",Not yet rated,NULL,$57.50
ASRVP,NULL,1441217411339,0,Not yet rated,NULL,N/A
AMGN,$148.924,1441217411382,"1,136,267",89% bullish,of 19 ratings,$185
FOLD,$14.69,1441217411439,"489,835",56% bullish,of 9 ratings,$21
ASRV,$3.21,1441217411479,"4,974",100% bullish,of 2 ratings,N/A
AMKR,$5.085,1441217411576,"546,885",100% bearish,of 2 ratings,$5
ATLO,$23.64,1441217411606,"1,769",Not yet rated,NULL,N/A
AMSG,$77.1,1441217411708,"132,899",100% bearish,of 1 rating,$85.50
AMPH,$13.31,1441217411733,"43,707",50% bullish,of 2 ratings,$20
AFSI,$56.06,1441217411884,"145,036",60% bullish,of 5 ratings,$72
AMSGP,$146.04,1441217411909,100,Not yet rated,NULL,N/A
AMRS,$1.68,1441217411957,"73,494",70% bullish,of 10 ratings,N/A
ASYS,$5.37,1441217411983,"5,899",67% bullish,of 3 ratings,$12
ANAD,$0.3102,1441217412054,"87,604",100% bullish,of 2 ratings,$.50
ADI,$54.02,1441217412080,"578,287",75% bullish,of 4 ratings,$69
ANAC,$130.37,1441217412101,"132,388",80% bullish,of 5 ratings,$180.50
ALOG,$80.85,1441217412134,"20,692",100% bearish,of 2 ratings,$100.50
AMCF,NULL,1441217412270,0,NULL,NULL,NULL
ANCB,$21.44,1441217412298,"1,400",Not yet rated,NULL,$23
ABCW,$40.6,1441217412370,"3,364",67% bullish,of 3 ratings,N/A
ANGI,$5.09,1441217412396,"96,028",64% bullish,of 11 ratings,$5.50
ANIP,$49.99,1441217412464,"57,922",89% bullish,of 19 ratings,$66
ANIK,$35.26,1441217412540,"52,681",60% bullish,of 5 ratings,$51.25
ATRS,$1.835,1441217412646,"273,330",92% bullish,of 12 ratings,$4.50
ANGO,$14.62,1441217412674,"41,333",67% bullish,of 3 ratings,$19
ANTH,$7.18,1441217412703,"333,970",80% bullish,of 10 ratings,$13
ATNY,$2.41,1441217412729,"1,800",50% bullish,of 2 ratings,$3.75
ANSS,$87.85,1441217412750,"205,525",100% bearish,of 1 rating,$100
ABAC,$0.798,1441217412790,"2,001",100% bearish,of 1 rating,N/A
APIC,$6.46,1441217412835,"34,738",100% bearish,of 1 rating,$19
APPF,$15.6,1441217412990,"20,665",50% bullish,of 2 ratings,$22
APOG,$50.78,1441217413018,"69,644",50% bullish,of 2 ratings,$67
AINV,$6.38,1441217413040,"504,629",50% bullish,of 4 ratings,$8
APOL,$10.89,1441217413175,"333,615",87% bearish,of 68 ratings,$14
AAPL,$110.84,1441217413206,"20,727,712",86% bullish,of 2362 ratings,$150
APDN,$3.45,1441217413283,"25,023",Not yet rated,NULL,$9
APDNW,$1.46,1441217413315,700,Not yet rated,NULL,N/A
AMAT,$15.58,1441217413342,"4,836,268",82% bullish,of 11 ratings,$23
AGTC,$15.95,1441217413363,"19,937",50% bullish,of 2 ratings,$33
ARCI,$1.26,1441217413398,"7,512",Not yet rated,NULL,N/A
AMCC,$5.665,1441217413491,"182,618",80% bullish,of 5 ratings,$8
AREX,$2.295,1441217413526,"673,330",50% bullish,of 2 ratings,$3
APRI,$1.6599,1441217413627,"268,188",83% bullish,of 6 ratings,$4.86
AAOI,$20.17,1441217413657,"82,745",50% bullish,of 4 ratings,$26
APTO,$5.2827,1441217413759,"1,730",Not yet rated,NULL,$17
AQMS,$4.783,1441217413784,"2,002",Not yet rated,NULL,N/A
AQXP,$16.3476,1441217413925,"103,675",50% bullish,of 2 ratings,$2
ARDM,NULL,1441217413956,0,100% bullish,of 1 rating,$26
AUMAU,NULL,1441217413986,0,Not yet rated,NULL,N/A
AUMAW,NULL,1441217414058,0,Not yet rated,NULL,N/A
AUMA,NULL,1441217414089,0,Not yet rated,NULL,N/A
PETX,$18.32,1441217414190,"144,689",100% bearish,of 2 ratings,$26
ABUS,$6.945,1441217414263,"381,582",86% bullish,of 14 ratings,$23
ABIO,$0.9199,1441217414294,"5,454",50% bullish,of 2 ratings,$3.75
ARCW,$3.35,1441217414316,"18,657",100% bearish,of 2 ratings,$10.50
RKDA,$5.96,1441217414371,"2,634",100% bearish,of 2 ratings,$10
ARCB,$27.7,1441217414397,"65,383",67% bearish,of 3 ratings,$39.50
ACGL,$68.02,1441217414629,"84,828",50% bullish,of 2 ratings,$72
ARCC,$15.3828,1441217414657,"562,572",67% bearish,of 3 ratings,$17.75
ARDX,$18.79,1441217414692,"38,246",50% bullish,of 2 ratings,$24.50
AGII,$54.99,1441217414788,"13,936",Not yet rated,NULL,$59.50
ARNA,$2.66,1441217414820,"550,986",90% bullish,of 78 ratings,$5.50
ACAT,$25.62,1441217414845,"43,494",100% bearish,of 3 ratings,$33
ARGS,$6.2,1441217414890,"20,691",50% bullish,of 2 ratings,$19.50
ARIA,$7.3799,1441217414982,"5,573,498",87% bullish,of 46 ratings,$9
ARKR,$25,1441217415112,"6,409",50% bullish,of 2 ratings,N/A
AGIIL,$25.061,1441217415138,"6,116",Not yet rated,NULL,N/A
ARTX,$1.42,1441217415271,"25,491",88% bullish,of 16 ratings,$4.50
ARWA,NULL,1441217415299,0,Not yet rated,NULL,N/A
ARIS,$3.7201,1441217415320,"3,294",Not yet rated,NULL,$4.50
ARWAR,NULL,1441217415349,0,Not yet rated,NULL,N/A
ARMH,$42.07,1441217415370,"470,498",54% bearish,of 13 ratings,$60
ARWAU,NULL,1441217415502,0,100% bullish,of 1 rating,N/A
ARQL,$1.67,1441217415570,"33,697",75% bullish,of 4 ratings,$5
DWAT,$9.73,1441217415633,"1,200",100% bearish,of 1 rating,N/A
AROW,$27.02,1441217415700,"2,216",Not yet rated,NULL,N/A
ARWAW,$0.17,1441217415727,"7,500",Not yet rated,NULL,N/A
ARRY,$5.87,1441217415753,"525,159",100% bullish,of 7 ratings,$10
ARRS,$25.785,1441217415778,"393,264",50% bullish,of 2 ratings,$38
ARWR,$5.64,1441217415803,"591,724",75% bullish,of 4 ratings,$10.50
ARTNA,$21.85,1441217415980,"3,484",100% bearish,of 1 rating,$29
ASNA,$12.18,1441217416056,"957,842",50% bullish,of 2 ratings,$18
ARTW,$4.1199,1441217416077,"1,557",75% bearish,of 4 ratings,N/A
ASBB,$24.8,1441217416134,100,Not yet rated,NULL,N/A
ASND,$19.3,1441217416160,"9,946",50% bullish,of 2 ratings,$30
ASCMA,$27.58,1441217416181,"17,900",100% bearish,of 1 rating,$45
ASTI,$0.26,1441217416222,"10,524,645",83% bullish,of 6 ratings,$3
ASMI,NULL,1441217416312,0,NULL,NULL,NULL
APWC,$1.75,1441217416337,"1,068",100% bearish,of 1 rating,N/A
AZPN,$37.17,1441217416569,"118,644",50% bullish,of 2 ratings,$42
ASMB,$14.18,1441217416595,"19,313",67% bullish,of 3 ratings,N/A
ASML,$89.76,1441217416621,"485,151",50% bullish,of 4 ratings,$127
ASFI,$8.8699,1441217416766,979,100% bullish,of 1 rating,N/A
ASTE,$37.92,1441217416803,"46,192",100% bearish,of 1 rating,$49
ALOT,$13.8,1441217416832,300,100% bearish,of 1 rating,N/A
ATRO,$49.92,1441217416859,"36,286",100% bearish,of 2 ratings,$80
ASTC,$2.1,1441217416881,"7,100",100% bullish,of 5 ratings,N/A
ASUR,$5.49,1441217416914,"2,126",50% bullish,of 2 ratings,$8
ATAI,$2.47,1441217416936,"8,896",100% bearish,of 1 rating,N/A
AFCB,NULL,1441217417171,0,Not yet rated,NULL,N/A
ATRA,$41.73,1441217417208,"100,615",50% bullish,of 2 ratings,$68
ATHN,$130.003,1441217417234,"86,674",67% bearish,of 3 ratings,$153
AAME,$3.6,1441217417274,101,Not yet rated,NULL,N/A
ATHX,$1.1499,1441217417299,"44,916",89% bullish,of 9 ratings,$5
AAPC,NULL,1441217417323,0,Not yet rated,NULL,N/A
ACFC,$5.46,1441217417562,"13,273",100% bearish,of 1 rating,$6.50
AAWW,$38.5,1441217417589,"115,932",50% bullish,of 2 ratings,$65
ATNI,$71.75,1441217417610,"26,418",100% bearish,of 1 rating,$69.50
ATOS,$0.8,1441217417645,"25,182",100% bullish,of 7 ratings,$7
AFH,$16.25,1441217417675,"30,857",Not yet rated,NULL,$21.50
ATML,$7.83,1441217417697,"2,086,981",78% bullish,of 9 ratings,$9.50
ATRC,$24.565,1441217417771,"30,459",100% bullish,of 1 rating,$30
ATLC,$3.9,1441217417866,"9,657",67% bullish,of 3 ratings,N/A
ATRM,$2.83,1441217417898,800,50% bullish,of 2 ratings,N/A
ATRI,$380.27,1441217417959,400,Not yet rated,NULL,N/A
ATTU,$13.23,1441217417996,"6,624",100% bearish,of 1 rating,$20.50
AUBN,$26.5,1441217418064,323,Not yet rated,NULL,N/A
LIFE,$13.84,1441217418164,"24,456",86% bullish,of 7 ratings,$43
AUPH,$3.42,1441217418205,"10,560",100% bearish,of 1 rating,$8
ABTL,$17.81,1441217418296,"35,285",100% bullish,of 4 ratings,$20.25
EARS,$4.33,1441217418353,"16,980",100% bearish,of 2 ratings,$11
ADSK,$45.53,1441217418380,"2,993,118",67% bullish,of 6 ratings,$66
AUDC,$3.28,1441217418416,"18,030",80% bullish,of 5 ratings,$5
ADAT,$0.2626,1441217418437,"88,898",100% bullish,of 2 ratings,N/A
ADP,$76.31,1441217418473,"637,108",100% bearish,of 1 rating,$88
AVGO,$121.81,1441217418513,"1,103,878",88% bullish,of 8 ratings,$165
AAVL,$10.52,1441217418583,"106,620",100% bearish,of 1 rating,$20
AVEO,$1.34,1441217418682,"297,355",75% bullish,of 8 ratings,$3
AVNU,$12.78,1441217418716,"86,704",Not yet rated,NULL,$14
AVID,$8.29,1441217418787,"162,669",100% bearish,of 1 rating,$20
AVNW,$1.19,1441217418872,"20,050",50% bullish,of 2 ratings,N/A
AVGR,$14.66,1441217418916,"5,346",100% bearish,of 1 rating,$20
CAR,$43,1441217418947,"558,537",80% bullish,of 5 ratings,$60
AXPW,$2.0801,1441217419006,"2,293,712",86% bullish,of 7 ratings,N/A
AWRE,$3.23,1441217419031,"9,503",67% bullish,of 3 ratings,N/A
ACLS,$3.19,1441217419059,"131,917",67% bullish,of 6 ratings,$4.75
AXPWW,NULL,1441217419112,0,Not yet rated,NULL,N/A
AXGN,$4.68,1441217419206,"60,594",Not yet rated,NULL,$5
BCOM,NULL,1441217419284,0,100% bearish,of 1 rating,N/A
AXTI,$2.13,1441217419364,"5,749",50% bullish,of 2 ratings,$2.75
BOSC,$2.11,1441217419389,"3,600",50% bullish,of 2 ratings,N/A
RILY,NULL,1441217419418,0,Not yet rated,NULL,N/A
BEAV,$48.64,1441217419520,"442,907",67% bearish,of 3 ratings,$59
BIDU,$146.176,1441217419578,"638,280",81% bullish,of 88 ratings,$210
BCPC,$57.98,1441217419654,"39,831",100% bearish,of 1 rating,$75
BWINA,NULL,1441217419728,0,Not yet rated,NULL,N/A
BWINB,$22.52,1441217419782,"2,121",Not yet rated,NULL,N/A
BANF,$59.77,1441217419819,"12,134",Not yet rated,NULL,$68
BANFP,NULL,1441217419863,0,Not yet rated,NULL,N/A
BLDP,$1.305,1441217419896,"217,243",91% bullish,of 22 ratings,$2.50
BOCH,$5.75,1441217419960,"6,147",Not yet rated,NULL,$6.50
BKMU,$7.015,1441217419991,"6,734",Not yet rated,NULL,$8
BMRC,$47.91,1441217420035,"16,307",Not yet rated,NULL,$52
BKSC,$16.9,1441217420095,"3,126",Not yet rated,NULL,N/A
OZRK,$40.02,1441217420242,"207,800",67% bullish,of 3 ratings,$49.50
BOTJ,NULL,1441217420272,0,Not yet rated,NULL,N/A
BFIN,$12.17,1441217420322,"15,957",Not yet rated,NULL,$13
BWFG,$18.03,1441217420370,"1,863",100% bearish,of 1 rating,N/A
BZUN,$4.92,1441217420534,"39,494",50% bullish,of 2 ratings,$11.50
BANR,$43.32,1441217420562,"4,845",100% bullish,of 3 ratings,$50
BHACR,NULL,1441217420634,0,Not yet rated,NULL,N/A
BHACU,NULL,1441217420658,0,Not yet rated,NULL,N/A
TAPR,$33.5299,1441217420685,"1,331",100% bearish,of 1 rating,N/A
BHACW,NULL,1441217420712,0,Not yet rated,NULL,N/A
BHAC,NULL,1441217420856,0,Not yet rated,NULL,N/A
BSET,$28.73,1441217420949,"29,702",100% bearish,of 1 rating,$35
BYLK,$12.84,1441217420987,"4,716",Not yet rated,NULL,$14
BBSI,$34.5,1441217421014,"7,160",67% bearish,of 3 ratings,$62.50
BYBK,$4.95,1441217421039,200,100% bearish,of 1 rating,N/A
BV,$4.96,1441217421193,"441,421",67% bullish,of 6 ratings,$8.75
BBCN,$14.06,1441217421221,"72,992",100% bearish,of 1 rating,$16
BCBP,$11.65,1441217421255,727,Not yet rated,NULL,N/A
BSF,$8.51,1441217421355,"2,807",Not yet rated,NULL,N/A
BDCV,$4.87,1441217421382,318,100% bearish,of 1 rating,$10.19
BBGI,$4.23,1441217421414,407,100% bearish,of 1 rating,N/A
BECN,$35.68,1441217421436,"75,568",50% bullish,of 2 ratings,$40
BEBE,$1.26,1441217421512,"179,593",75% bullish,of 4 ratings,$2.125
BELFA,$15.291,1441217421571,"1,023",100% bearish,of 1 rating,N/A
BBBY,$61.65,1441217421676,"534,059",71% bullish,of 7 ratings,$75
BELFB,$18.09,1441217421713,"5,878",100% bearish,of 1 rating,N/A
BLPH,$4.03,1441217421766,"22,193",100% bearish,of 1 rating,$12.50
BNCL,$12.335,1441217421871,"173,220",100% bullish,of 3 ratings,$12.50
BLCM,$16.43,1441217422000,"46,312",50% bullish,of 4 ratings,$40
BNFT,$35.86,1441217422030,"44,870",67% bullish,of 3 ratings,$46
BGFV,$11.31,1441217422064,"38,635",57% bullish,of 7 ratings,$12
BGCP,$8.78,1441217422136,"198,634",88% bullish,of 8 ratings,$14
BGMD,$0.6654,1441217422163,"70,484",100% bullish,of 10 ratings,N/A
ORPN,$5.63,1441217422192,"2,740",100% bullish,of 1 rating,$28.50
BNTC,$7.7499,1441217422221,"1,640",100% bullish,of 1 rating,N/A
BIND,$4.84,1441217422242,"135,145",75% bullish,of 4 ratings,$13.50
BCDA,NULL,1441217422426,0,Not yet rated,NULL,N/A
BASI,$1.62,1441217422453,"6,400",Not yet rated,NULL,N/A
BCRX,$11.35,1441217422474,"155,844",63% bullish,of 8 ratings,$18
BIOC,$1.9301,1441217422536,"50,459",83% bullish,of 6 ratings,$3.85
BIOD,$0.7047,1441217422610,"62,978",80% bullish,of 5 ratings,$4
BIIB,$301.74,1441217422636,"548,178",88% bullish,of 16 ratings,$400
BDSI,$6.225,1441217422664,"691,156",88% bullish,of 8 ratings,$17
BMRN,$127.32,1441217422805,"127,799",80% bullish,of 5 ratings,$160
BLFS,$2.4007,1441217422836,"177,978",100% bearish,of 1 rating,$4.75
BVXV,$4.22,1441217422867,"1,592,849",Not yet rated,NULL,N/A
BIOL,$1.56,1441217422890,"14,714",Not yet rated,NULL,N/A
BLRX,$1.5321,1441217422923,"144,543",100% bullish,of 12 ratings,$5
BVXVW,$0.8102,1441217422965,"77,645",100% bearish,of 1 rating,N/A
BRLI,NULL,1441217423021,0,NULL,NULL,NULL
BPTH,$1.17,1441217423061,"114,137",100% bullish,of 2 ratings,$5
BIOS,$2.44,1441217423188,"262,213",71% bullish,of 7 ratings,$4
BSTC,$50.16,1441217423287,"18,458",100% bearish,of 1 rating,$76
BBP,$32.2599,1441217423313,"6,030",Not yet rated,NULL,N/A
BBC,$31.18,1441217423342,"5,072",Not yet rated,NULL,N/A
BSPM,$0.6401,1441217423444,"10,566",50% bullish,of 2 ratings,N/A
TECH,$92.84,1441217423470,"47,517",100% bullish,of 1 rating,$117
BEAT,$15.79,1441217423517,"485,270",67% bearish,of 3 ratings,$15
BITI,$16.616,1441217423599,"9,597",100% bullish,of 1 rating,$28
BOTA,$2.17,1441217423631,"3,020",88% bullish,of 8 ratings,N/A
BBOX,$15.01,1441217423663,"13,758",100% bearish,of 1 rating,N/A
BDMS,$12.89,1441217423735,350,100% bearish,of 1 rating,N/A
BJRI,$43.25,1441217423769,"56,933",50% bullish,of 2 ratings,$55
BDE,$7.2407,1441217423795,"64,836",50% bullish,of 2 ratings,$9
BBRY,$7.39,1441217423820,"1,186,964",61% bullish,of 330 ratings,$9
BLKB,$55.97,1441217423852,"20,251",100% bearish,of 2 ratings,$66
HAWK,$38.48,1441217423954,"93,195",91% bullish,of 11 ratings,$49
ADRA,$26.41,1441217424109,"1,935",100% bearish,of 1 rating,N/A
ADRD,$21.56,1441217424180,"7,398",100% bearish,of 1 rating,N/A
BKCC,$9.23,1441217424207,"108,283",50% bullish,of 2 ratings,$10
BLMN,$20.53,1441217424236,"309,736",83% bullish,of 6 ratings,$27.50
ADRU,$21.2801,1441217424266,112,100% bearish,of 1 rating,N/A
ADRE,$29.08,1441217424287,"4,243",100% bearish,of 1 rating,N/A
BBLU,$0.88,1441217424367,"126,248",100% bullish,of 2 ratings,$4.43
BUFF,$23.8,1441217424416,"163,594",83% bullish,of 12 ratings,$31.50
BCOR,$13.29,1441217424447,"46,037",57% bullish,of 7 ratings,$15
BHBK,$13.94,1441217424547,"25,253",100% bullish,of 1 rating,$14.50
NILE,$33.48,1441217424579,"78,229",50% bullish,of 2 ratings,$34
BLUE,$129.35,1441217424612,"119,503",71% bullish,of 7 ratings,$217.50
BLBD,$11.85,1441217424708,"12,300",Not yet rated,NULL,N/A
BKEP,$6.23,1441217424736,"19,142",100% bearish,of 1 rating,$8.50
BKEPP,$7.59,1441217424897,24,100% bearish,of 1 rating,N/A
BNCN,$20.64,1441217424922,"25,945",Not yet rated,NULL,$24
BPMC,$27.51,1441217424952,"17,954",50% bullish,of 2 ratings,$47.50
WIFI,$7.45,1441217425057,"72,614",50% bullish,of 2 ratings,$13.50
BOJA,$20.59,1441217425099,"59,052",100% bullish,of 1 rating,$30
BOBE,$47.9,1441217425133,"435,328",75% bullish,of 4 ratings,$57
BOKF,$61.33,1441217425207,"72,522",100% bearish,of 1 rating,$69
BONA,$11.38,1441217425238,"28,157",75% bullish,of 4 ratings,$8.50
BNSO,$1.2788,1441217425258,100,100% bearish,of 1 rating,N/A
BOFI,$106.56,1441217425289,"241,995",100% bullish,of 6 ratings,$144
BPFHP,$24.9999,1441217425416,"9,035",100% bearish,of 1 rating,N/A
BPFH,$11.58,1441217425442,"124,266",100% bearish,of 1 rating,$14
BAMM,$3.18,1441217425463,"2,075",60% bullish,of 5 ratings,N/A
BPFHW,NULL,1441217425516,0,100% bearish,of 1 rating,N/A
BDBD,$8.26,1441217425650,"185,623",60% bullish,of 5 ratings,$10
BBRG,$12.47,1441217425810,"9,797",67% bullish,of 3 ratings,$14.50
BCLI,$3.1,1441217425839,"37,380",80% bullish,of 5 ratings,$12
BBEPP,$14.0442,1441217425860,"12,463",100% bearish,of 1 rating,N/A
BBEP,$2.71,1441217425901,"743,001",69% bullish,of 13 ratings,$5.625
BDGE,$26.37,1441217425927,"3,232",Not yet rated,NULL,$31.75
BRID,$8.4,1441217425997,"1,115",100% bearish,of 1 rating,N/A
EPAY,$26.31,1441217426029,"65,168",100% bearish,of 2 ratings,$30
BCOV,$5.18,1441217426050,"26,838",67% bullish,of 3 ratings,$10.20
BLIN,$1.3599,1441217426096,"5,778",100% bullish,of 2 ratings,$2.20
BSFT,$31.22,1441217426126,"39,806",57% bullish,of 7 ratings,$40.50
BRCM,$50.11,1441217426195,"1,309,803",69% bullish,of 13 ratings,$56
BYFC,NULL,1441217426265,0,50% bullish,of 2 ratings,N/A
BVSN,$6.0499,1441217426360,166,60% bearish,of 5 ratings,N/A
BRCD,$10.13,1441217426405,"985,661",92% bullish,of 13 ratings,$12
BWEN,$3.1,1441217426453,"13,889",75% bullish,of 4 ratings,$8
BRKL,$10.12,1441217426543,"217,210",100% bearish,of 1 rating,$10.75
BRKS,$10.2,1441217426583,"29,219",67% bullish,of 3 ratings,$15.25
BMTC,$28.91,1441217426639,"12,132",Not yet rated,NULL,$34
BRKR,$17.88,1441217426668,"236,414",100% bearish,of 2 ratings,$22
BLMT,$20.803,1441217426717,"1,054",Not yet rated,NULL,N/A
BWLD,$192.28,1441217426749,"93,509",82% bullish,of 11 ratings,$205
BSQR,$6.0606,1441217426779,"18,708",67% bullish,of 3 ratings,N/A
BUR,NULL,1441217426854,0,100% bearish,of 1 rating,$8
CFFI,$35.59,1441217426936,200,100% bearish,of 1 rating,N/A
BLDR,$15.115,1441217426961,"432,727",67% bullish,of 3 ratings,$22
CA,$26.96,1441217427003,"855,813",50% bullish,of 4 ratings,$33
CHRW,$68,1441217427089,"569,311",Not yet rated,NULL,$72
CDNS,$19.69,1441217427178,"670,313",75% bullish,of 4 ratings,$22.50
CCMP,$42.32,1441217427219,"13,244",50% bullish,of 2 ratings,$59
PRSS,$4.4,1441217427350,"8,100",80% bullish,of 5 ratings,$4.50
CZR,$8.99,1441217427377,"255,261",60% bearish,of 5 ratings,$10.50
CDZI,$7.61,1441217427399,"10,756",100% bearish,of 1 rating,N/A
CLBS,$1.625,1441217427420,"112,660",79% bullish,of 14 ratings,$4
CSTE,$38.48,1441217427459,"210,113",50% bullish,of 2 ratings,$65
CACQ,$7.21,1441217427480,"4,371",100% bearish,of 1 rating,$12.25
CHY,$11.25,1441217427613,"139,189",Not yet rated,NULL,N/A
CLMS,$9.92,1441217427650,"26,740",Not yet rated,NULL,$10.50
CHI,$10.43,1441217427676,"126,894",100% bearish,of 1 rating,N/A
CCD,$19.21,1441217427697,"50,255",Not yet rated,NULL,N/A
CFGE,$10.33,1441217427748,"2,400",Not yet rated,NULL,N/A
CSQ,$9.79,1441217427980,"154,861",Not yet rated,NULL,N/A
CHW,$7.41,1441217428010,"121,016",100% bearish,of 1 rating,N/A
CGO,$11.9377,1441217428031,"8,341",100% bearish,of 1 rating,N/A
CVGW,$57.47,1441217428072,"75,064",50% bullish,of 2 ratings,$62
CALA,$5.6,1441217428166,"146,600",67% bullish,of 3 ratings,$19.50
CFNB,$13.3,1441217428200,200,100% bearish,of 1 rating,N/A
CAMP,$15.98,1441217428222,"88,845",88% bullish,of 8 ratings,$25
CALD,$15.63,1441217428304,"132,497",100% bearish,of 1 rating,$21
CALM,$51.1,1441217428332,"260,127",80% bullish,of 5 ratings,$63.50
CLMT,$25.24,1441217428367,"159,087",75% bullish,of 8 ratings,$31
CAC,$40.22,1441217428467,"2,282",Not yet rated,NULL,N/A
CAMBW,$0.15,1441217428499,200,Not yet rated,NULL,N/A
CAMBU,NULL,1441217428524,0,100% bearish,of 1 rating,N/A
ABCD,$5,1441217428550,"34,487",83% bullish,of 6 ratings,N/A
CAMB,$10.05,1441217428571,400,Not yet rated,NULL,N/A
CAMT,$2.59,1441217428881,"17,413",73% bullish,of 11 ratings,$4
CSIQ,$18.06,1441217428910,"494,461",86% bullish,of 28 ratings,$42.50
CPHC,$10.28,1441217429014,100,100% bearish,of 1 rating,N/A
CGIX,$9.8299,1441217429040,"6,653",67% bullish,of 3 ratings,$14.375
CPLA,$48.43,1441217429077,"27,744",67% bearish,of 3 ratings,$65
CBF,$29.78,1441217429110,"19,100",Not yet rated,NULL,$32
CBNJ,$10.98,1441217429209,"21,962",100% bearish,of 1 rating,N/A
CSWC,$44.6,1441217429238,"13,928",Not yet rated,NULL,N/A
CPLP,$7.14,1441217429288,"90,871",71% bullish,of 7 ratings,$11
CCBG,$14.97,1441217429315,"6,614",Not yet rated,NULL,$17.25
CPTA,$13.7,1441217429349,"13,398",100% bearish,of 1 rating,$18.50
CAPR,$4.41,1441217429379,"10,725",Not yet rated,NULL,$12
CAPNW,$0.6789,1441217429449,100,Not yet rated,NULL,N/A
CAPN,$2.2,1441217429476,"57,653",100% bullish,of 1 rating,$10.85
CPST,$0.379,1441217429550,"246,742",95% bullish,of 22 ratings,$1.25
CFFN,$11.71,1441217429736,"318,641",Not yet rated,NULL,$12.75
CBYL,$4.74,1441217429839,"32,175",100% bearish,of 1 rating,$20
CARA,$18.92,1441217429864,"63,560",50% bullish,of 4 ratings,$25
CRDC,$0.3,1441217429901,"111,297",100% bullish,of 1 rating,$1.25
CFNL,$21.98,1441217429931,"25,789",Not yet rated,NULL,$24
CARB,$11.07,1441217429957,"15,089",75% bullish,of 4 ratings,$12
CRME,$9.19,1441217430029,"6,610",89% bullish,of 9 ratings,$11.25
CSII,$23.46,1441217430129,"64,059",100% bearish,of 2 ratings,$42.125
CATM,$33.85,1441217430188,"111,142",100% bearish,of 1 rating,$44
CDNA,NULL,1441217430213,0,100% bearish,of 1 rating,$9
CECO,$3.62,1441217430248,"70,715",67% bearish,of 3 ratings,$6
CTRE,$10.8,1441217430283,"120,957",50% bullish,of 2 ratings,$13.50
CKEC,$23.14,1441217430305,"33,412",50% bullish,of 2 ratings,$35.915
CLBH,$12.7,1441217430354,623,Not yet rated,NULL,$16.50
CARO,$15.25,1441217430382,"1,945",100% bearish,of 1 rating,$19
CART,$5.39,1441217430564,"1,300",100% bearish,of 1 rating,N/A
TAST,$12.7099,1441217430695,"66,106",Not yet rated,NULL,$14.25
CRZO,$34.06,1441217430723,"365,504",67% bearish,of 3 ratings,$54.50
CRTN,$2.5,1441217430756,402,100% bearish,of 1 rating,N/A
CSCD,$14.96,1441217430800,"3,239",100% bullish,of 2 ratings,$17
CARV,NULL,1441217430854,0,50% bullish,of 2 ratings,N/A
CACB,$5.3399,1441217430879,"23,290",Not yet rated,NULL,$5.50
CASM,$1.19,1441217430932,"3,582",100% bullish,of 1 rating,$3.50
CWST,$6.21,1441217431061,"21,665",50% bullish,of 2 ratings,$7.25
CASS,$47.58,1441217431124,"2,397",100% bearish,of 1 rating,N/A
CASY,$104.58,1441217431145,"111,338",50% bullish,of 2 ratings,$99.50
CPRX,$3.69,1441217431229,"94,611",71% bullish,of 7 ratings,$7
CASI,$1.353,1441217431261,"2,100",100% bullish,of 1 rating,$3.50
CATB,$11.25,1441217431290,"10,980",100% bearish,of 1 rating,$28
CATY,$28.68,1441217431393,"156,039",100% bearish,of 1 rating,$33.50
CVCO,$72.54,1441217431429,"9,334",100% bearish,of 1 rating,N/A
CATYW,NULL,1441217431454,0,100% bearish,of 1 rating,N/A
CBFV,$20.5601,1441217431617,407,Not yet rated,NULL,$25
CAVM,$66.16,1441217431675,"85,234",67% bearish,of 3 ratings,$72
CNLM,$9.92,1441217431702,100,Not yet rated,NULL,N/A
CNLMU,NULL,1441217431734,0,100% bullish,of 1 rating,N/A
CNLMW,NULL,1441217431757,0,Not yet rated,NULL,N/A
CNLMR,NULL,1441217431787,0,Not yet rated,NULL,N/A
CBOE,$63.475,1441217431836,"258,437",Not yet rated,NULL,$60
CECE,$9.65,1441217431965,"37,123",50% bullish,of 2 ratings,$16
CDK,$48.13,1441217432070,"134,733",67% bearish,of 3 ratings,$50
CDW,$38.35,1441217432142,"298,179",75% bullish,of 4 ratings,$44
CPXX,$2.195,1441217432173,"107,304",100% bullish,of 2 ratings,$7
CELG,$117.81,1441217432194,"1,793,266",92% bullish,of 13 ratings,$156
CELGZ,$1.84,1441217432275,"14,810",80% bullish,of 5 ratings,N/A
CLDN,$1.15,1441217432324,"39,475",71% bullish,of 7 ratings,$3
CLDX,$14.47,1441217432530,"301,596",89% bullish,of 9 ratings,$36
CLRB,$3.09,1441217432568,600,100% bearish,of 1 rating,N/A
CLRBW,$0.9201,1441217432589,"1,000",Not yet rated,NULL,N/A
CBMG,$23.2,1441217432620,"39,053",50% bullish,of 2 ratings,N/A
CLLS,$31.77,1441217432650,"29,234",75% bullish,of 4 ratings,$51.50
CLSN,$2.05,1441217432684,"8,470",80% bullish,of 10 ratings,$7.50
CLTX,$2.19,1441217432757,"143,373",100% bullish,of 2 ratings,N/A
CYAD,$48,1441217432815,"2,917",100% bullish,of 1 rating,$87.50
CEMP,$34.36,1441217432971,"171,443",71% bullish,of 7 ratings,$52
CETX,$2.3763,1441217433008,"4,462",Not yet rated,NULL,$5.60
CSFL,$13.61,1441217433104,"30,440",Not yet rated,NULL,$15
CFBK,$1.37,1441217433132,400,Not yet rated,NULL,N/A
CETV,$2.06,1441217433161,"13,553",67% bullish,of 3 ratings,$2.80
CENTA,$13.2,1441217433192,"72,159",Not yet rated,NULL,N/A
CENX,$5.05,1441217433261,"988,127",67% bullish,of 6 ratings,$9
CNBKA,$41.33,1441217433289,101,50% bullish,of 2 ratings,N/A
CVCY,$11.75,1441217433318,900,Not yet rated,NULL,$12
CENT,$12.97,1441217433346,"63,669",Not yet rated,NULL,$10
CPHD,$47.73,1441217433609,"127,250",67% bearish,of 3 ratings,$66.50
CRNT,$1.4,1441217433638,"51,800",50% bullish,of 2 ratings,$2
CNTY,$5.95,1441217433664,"9,117",80% bullish,of 5 ratings,$7.75
CERE,$1.065,1441217433690,"147,422",88% bullish,of 8 ratings,N/A
CERN,$60.67,1441217433739,"418,005",67% bullish,of 3 ratings,$79
CYOU,$19.5,1441217433908,"79,923",50% bullish,of 6 ratings,$24
KOOL,$0.68,1441217433935,"18,563",100% bullish,of 5 ratings,$7
HOTR,$1.38,1441217433961,"49,387",100% bullish,of 2 ratings,$5
CERU,$4.21,1441217433996,"17,425",75% bullish,of 4 ratings,$14
CERS,$4.9,1441217434089,"169,643",75% bullish,of 4 ratings,$7
CTHR,$1.33,1441217434122,471,50% bullish,of 2 ratings,$2.50
CEVA,$18.88,1441217434156,"10,375",100% bearish,of 1 rating,$25
HOTRW,$0.205,1441217434181,200,Not yet rated,NULL,N/A
GTLS,$22.995,1441217434258,"233,906",50% bullish,of 4 ratings,$40
CHFN,$12.37,1441217434287,"10,975",Not yet rated,NULL,$14
CHTR,$178.6375,1441217434388,"259,171",100% bearish,of 2 ratings,$202
CHEK,$2.21,1441217434521,"3,781",Not yet rated,NULL,$7.75
CHEKW,$0.74,1441217434626,115,Not yet rated,NULL,N/A
CHKP,$78.13,1441217434654,"571,966",50% bullish,of 4 ratings,$92
CHKE,$25.58,1441217434683,"22,613",100% bearish,of 1 rating,$32.50
CHFC,$30.7,1441217434709,"13,084",100% bearish,of 1 rating,$36
CCXI,$6.5,1441217434730,"10,755",67% bullish,of 3 ratings,$14
CHMG,$26.5,1441217434817,200,Not yet rated,NULL,$30
CEMI,$4.19,1441217434869,"10,447",50% bullish,of 2 ratings,$7.50
CBNK,NULL,1441217435002,0,100% bearish,of 1 rating,N/A
CHEV,$14.543,1441217435050,"3,698",Not yet rated,NULL,N/A
CHMA,$27.19,1441217435076,"79,360",Not yet rated,NULL,$40
PLCE,$59.12,1441217435102,"78,047",100% bearish,of 1 rating,$69
CMRX,$49.62,1441217435130,"80,834",50% bullish,of 2 ratings,$57
CBAK,$1.81,1441217435307,"45,684",67% bullish,of 9 ratings,N/A
CAAS,$6.12,1441217435338,"6,172",93% bullish,of 14 ratings,$11.50
CALI,$0.8461,1441217435373,"22,235",67% bullish,of 3 ratings,N/A
CADC,$3.33,1441217435469,200,78% bullish,of 9 ratings,N/A
CCCL,NULL,1441217435499,0,100% bullish,of 6 ratings,N/A
CBPO,$94.1,1441217435535,"53,584",75% bullish,of 8 ratings,$140.50
CCCR,$0.7244,1441217435556,"1,545",67% bearish,of 3 ratings,N/A
CHOP,$1.13,1441217435601,210,50% bullish,of 2 ratings,N/A
JRJC,$3.38,1441217435631,"90,719",82% bullish,of 11 ratings,N/A
CHLN,$1.9365,1441217435741,"2,560",67% bullish,of 3 ratings,N/A
CNIT,$1.1501,1441217435819,"57,590",67% bullish,of 6 ratings,N/A
HGSH,$1.73,1441217435878,"6,003",67% bullish,of 3 ratings,N/A
CJJD,$1.8201,1441217435922,"3,578",100% bullish,of 1 rating,N/A
CHNR,$1.6199,1441217435951,585,100% bearish,of 1 rating,N/A
HTHT,$25.57,1441217435978,"51,533",50% bullish,of 2 ratings,$28.40
CREG,$0.66,1441217436048,"1,050",100% bullish,of 3 ratings,N/A
CNTF,$0.81,1441217436119,"20,122",Not yet rated,NULL,N/A
CPGI,NULL,1441217436148,0,Not yet rated,NULL,N/A
CNYD,$3.31,1441217436251,310,67% bullish,of 3 ratings,N/A
CCIH,$7.23,1441217436282,"26,973",67% bullish,of 6 ratings,$12.65
CXDC,$5.83,1441217436316,"13,317",67% bearish,of 3 ratings,N/A
CSUN,$1.42,1441217436384,"4,326",80% bullish,of 5 ratings,N/A
CNET,$0.87,1441217436449,"5,942",50% bullish,of 2 ratings,N/A
CHSCL,$27.14,1441217436522,"16,612",Not yet rated,NULL,N/A
IMOS,$18.72,1441217436578,"118,652",60% bullish,of 5 ratings,$21.50
CHDN,$133.41,1441217436655,"17,083",Not yet rated,NULL,$165
CHSCM,$26.3099,1441217436683,"10,445",Not yet rated,NULL,N/A
CHSCN,$26.96,1441217436704,"9,658",Not yet rated,NULL,N/A
CHUY,$31.685,1441217436846,"83,724",50% bullish,of 2 ratings,$34
CHSCO,$28.38,1441217436906,"1,422",Not yet rated,NULL,N/A
CDTX,$14.17,1441217436977,"3,681",Not yet rated,NULL,$22
CHSCP,$30.4713,1441217437004,"2,500",Not yet rated,NULL,N/A
CMCT,$15.5,1441217437029,225,100% bearish,of 1 rating,N/A
CIFC,$7.1316,1441217437066,303,100% bearish,of 1 rating,N/A
CMPR,$69.11,1441217437195,"93,774",50% bullish,of 2 ratings,$72.50
CIDM,$0.5478,1441217437275,"9,306",50% bullish,of 2 ratings,$2.10
CTAS,$84.22,1441217437327,"117,989",100% bearish,of 1 rating,$91
CINF,$51.83,1441217437352,"223,394",50% bullish,of 4 ratings,$50.50
CPHR,$5.1535,1441217437384,"9,239",100% bearish,of 1 rating,$17
CSCO,$25.41,1441217437405,"8,869,173",83% bullish,of 210 ratings,$32
CZNC,$19.68,1441217437534,"1,306",Not yet rated,NULL,N/A
CTRN,$26.199,1441217437580,"26,260",100% bearish,of 1 rating,$31.50
CRUS,$28.96,1441217437606,"241,980",75% bullish,of 12 ratings,$44.50
CZWI,$8.95,1441217437627,307,Not yet rated,NULL,N/A
CZFC,NULL,1441217437759,0,Not yet rated,NULL,N/A
CIZN,$19.62,1441217437819,100,Not yet rated,NULL,N/A
CHCO,$46.72,1441217437913,"8,792",Not yet rated,NULL,$46
CIVBP,NULL,1441217437998,0,Not yet rated,NULL,N/A
CIVB,$9.98,1441217438023,551,Not yet rated,NULL,$11
CDTI,$1.51,1441217438091,"88,643",75% bullish,of 4 ratings,$3.20
CTXS,$66.36,1441217438180,"587,258",86% bullish,of 7 ratings,$80
CLNE,$5.07,1441217438225,"345,475",80% bullish,of 15 ratings,$9
CBLI,$4.28,1441217438352,"247,492",60% bullish,of 5 ratings,N/A
CLNT,$1.5001,1441217438418,"12,526",75% bullish,of 8 ratings,N/A
CLFD,$16.96,1441217438448,"17,791",67% bullish,of 3 ratings,$18
CLRO,$11.21,1441217438469,"5,308",50% bullish,of 2 ratings,$14.25
CLIR,$4.87,1441217438502,"11,180",100% bullish,of 3 ratings,N/A
CLVS,$82.86,1441217438635,"164,669",60% bullish,of 5 ratings,$101.50
CMFN,$11.4946,1441217438660,"7,591",100% bearish,of 1 rating,$15.50
CSBK,$13.84,1441217438690,"13,611",Not yet rated,NULL,N/A
CME,$92.23,1441217438791,"414,251",67% bullish,of 3 ratings,$102
CCNE,$17.05,1441217438822,"4,972",50% bullish,of 2 ratings,$21.50
COBZ,$12.63,1441217439043,"25,271",100% bullish,of 1 rating,$14
CISG,$7.94,1441217439091,"13,036",100% bullish,of 5 ratings,$10
CWAY,$11.09,1441217439121,"4,032",Not yet rated,NULL,N/A
COKE,$157.62,1441217439174,"6,926",79% bullish,of 19 ratings,N/A
CDXS,$3.61,1441217439203,"5,400",64% bullish,of 11 ratings,$6
CDRB,$9.17,1441217439231,"155,023",67% bullish,of 3 ratings,N/A
CNV,$4.43,1441217439303,"3,210",50% bullish,of 2 ratings,$7.15
CVLY,NULL,1441217439394,0,Not yet rated,NULL,N/A
CCOI,$27.36,1441217439470,"126,807",50% bullish,of 4 ratings,$35
JVA,$4.73,1441217439558,"8,332",83% bullish,of 6 ratings,$7
CTSH,$61.9602,1441217439583,"1,153,236",90% bullish,of 10 ratings,$75
CGNT,$1.54,1441217439613,"10,961",100% bullish,of 2 ratings,$2
CGNX,$34.65,1441217439635,"112,231",50% bullish,of 2 ratings,$47
COHR,$55.69,1441217439764,"37,200",50% bullish,of 2 ratings,$72
CHRS,$27.31,1441217439846,"14,172",67% bearish,of 3 ratings,$37
CLRX,$0.6225,1441217439974,"93,659",50% bullish,of 2 ratings,N/A
CLCT,$17.68,1441217440003,"15,415",100% bearish,of 1 rating,N/A
COLL,$14.26,1441217440028,"68,353",100% bearish,of 1 rating,$26
COHU,$9.455,1441217440056,"27,646",100% bearish,of 1 rating,$14.25
CIGI,$45.155,1441217440093,"31,550",100% bearish,of 1 rating,$52
CLCD,$5.96,1441217440187,"38,560",100% bearish,of 1 rating,$20.50
CBAN,$8.83,1441217440213,301,Not yet rated,NULL,N/A
COLB,$29.12,1441217440454,"46,133",Not yet rated,NULL,$36
CMCO,$18.93,1441217440480,"31,016",60% bullish,of 5 ratings,$28
CMCSA,$55.81,1441217440554,"6,369,186",66% bullish,of 35 ratings,$69.50
CBMX,$1.1399,1441217440584,"7,764",83% bullish,of 6 ratings,$3.15
CBSH,$43.19,1441217440610,"138,042",50% bullish,of 2 ratings,$46
COLM,$60.12,1441217440638,"47,986",100% bearish,of 1 rating,$71
CMCSK,$57.04,1441217440663,"1,261,603",Not yet rated,NULL,$84
CBSHP,$25.45,1441217440696,"1,200",100% bearish,of 1 rating,N/A
CVGI,$5.01,1441217440794,"31,421",50% bullish,of 2 ratings,$6
CUBN,$13.4,1441217440822,"2,068",Not yet rated,NULL,N/A
CSAL,$20.39,1441217440962,"224,078",75% bullish,of 4 ratings,$30
ESXB,$5.09,1441217440991,101,Not yet rated,NULL,N/A
JCS,$9.12,1441217441016,"1,400",67% bullish,of 3 ratings,N/A
CYHHZ,$0.0101,1441217441147,"16,241",100% bullish,of 1 rating,N/A
CTBI,$34.485,1441217441242,"7,128",Not yet rated,NULL,$36
COMM,$32.12,1441217441275,"513,318",67% bearish,of 3 ratings,$35
CWBC,$6.85,1441217441311,"47,462",Not yet rated,NULL,N/A
COB,$10.36,1441217441332,"3,167",100% bullish,of 1 rating,$11.75
CVLT,$35.21,1441217441365,"90,547",75% bullish,of 4 ratings,$44.50
CIL,NULL,1441217441408,0,Not yet rated,NULL,N/A
CIZ,NULL,1441217441463,0,100% bearish,of 1 rating,N/A
CID,NULL,1441217441538,0,Not yet rated,NULL,N/A
CSA,NULL,1441217441609,0,Not yet rated,NULL,N/A
CSF,NULL,1441217441697,0,100% bearish,of 1 rating,N/A
CDC,$33.94,1441217441776,"8,136",Not yet rated,NULL,N/A
CFO,$34.71,1441217441800,"2,167",100% bearish,of 1 rating,N/A
CFA,NULL,1441217441934,0,100% bearish,of 1 rating,N/A
CDL,$33.53,1441217441969,70,Not yet rated,NULL,N/A
CSB,$32.25,1441217441998,"1,072",Not yet rated,NULL,N/A
CPSI,$45.63,1441217442102,"34,957",100% bearish,of 1 rating,$45.50
CGEN,$4.93,1441217442131,"17,176",50% bullish,of 2 ratings,$11
CHCI,$0.68,1441217442333,500,50% bullish,of 2 ratings,N/A
SCOR,$44.18,1441217442396,"720,993",100% bearish,of 1 rating,$66
CTG,$6.69,1441217442417,"8,837",100% bearish,of 1 rating,$8.50
CNSI,$17.98,1441217442494,"26,369",100% bearish,of 2 ratings,$29
CMTL,$25.8,1441217442560,"24,866",100% bearish,of 2 ratings,$37
CNAT,$3.9,1441217442589,"62,148",83% bullish,of 6 ratings,$13
CNCE,$16.27,1441217442625,"44,346",75% bullish,of 4 ratings,$22
CCUR,$5.27,1441217442764,"15,051",75% bullish,of 4 ratings,N/A
CXRX,$78.31,1441217442791,606,100% bearish,of 1 rating,$90
CFMS,$14.405,1441217442835,"207,323",100% bearish,of 1 rating,$26.50
CDORO,$19,1441217442961,160,100% bearish,of 1 rating,N/A
CNMD,$50.62,1441217442986,"134,665",Not yet rated,NULL,$59
CDORP,$6.491,1441217443041,100,100% bearish,of 1 rating,N/A
CDOR,$1.28,1441217443068,"2,785",100% bullish,of 1 rating,N/A
CNFR,$10.21,1441217443089,"1,254",Not yet rated,NULL,N/A
CNOB,$19.02,1441217443172,"6,585",100% bullish,of 1 rating,$23.50
CTWS,$34.93,1441217443224,"9,585",100% bearish,of 1 rating,$44
CNXR,$7,1441217443303,"33,324",100% bearish,of 1 rating,$12
CNSL,$19.435,1441217443329,"69,502",100% bearish,of 1 rating,$23
CONN,$27.54,1441217443358,"172,607",67% bullish,of 3 ratings,$48.50
CWCO,$10.33,1441217443384,"25,522",67% bullish,of 3 ratings,$14.50
CTCT,$24.04,1441217443594,"82,116",67% bullish,of 3 ratings,$37
CPSS,$5.59,1441217443649,"12,408",100% bullish,of 1 rating,$10
CFRXW,NULL,1441217443679,0,100% bearish,of 1 rating,N/A
CFRXZ,$0.39,1441217443700,"1,750",Not yet rated,NULL,N/A
CFRX,$4.75,1441217443721,"9,198",Not yet rated,NULL,$14
CPRT,$34.705,1441217443762,"144,411",67% bearish,of 3 ratings,$40
CTRV,$3.78,1441217443858,"5,163",Not yet rated,NULL,$6.40
CTRL,$8.25,1441217443890,"29,290",50% bullish,of 2 ratings,$11
CRBP,$1.8599,1441217443955,"72,327",100% bullish,of 2 ratings,$6.25
BVA,NULL,1441217444018,0,50% bullish,of 2 ratings,N/A
CORE,$60.04,1441217444057,"38,382",100% bearish,of 1 rating,$72
CORI,$10.65,1441217444123,"26,893",100% bearish,of 1 rating,$18
CORT,$5.01,1441217444201,"116,087",67% bullish,of 3 ratings,$12
COSI,$1.11,1441217444328,"23,951",100% bullish,of 1 rating,N/A
CSGP,$173.47,1441217444356,"52,771",50% bullish,of 2 ratings,$235
COST,$139.76,1441217444383,"532,569",79% bullish,of 24 ratings,$154.50
CSOD,$35.98,1441217444411,"126,570",50% bullish,of 2 ratings,$42
CPAH,$0.4305,1441217444444,400,50% bullish,of 2 ratings,N/A
CRVL,$31.06,1441217444465,"5,165",100% bearish,of 1 rating,N/A
ICBK,$18.4,1441217444544,900,Not yet rated,NULL,$21
CVTI,$22.51,1441217444634,"49,893",67% bearish,of 3 ratings,$39
COVS,$2.52,1441217444764,"33,849",67% bullish,of 3 ratings,N/A
COWN,$5.075,1441217444791,"235,776",75% bullish,of 4 ratings,$7
COWNL,$26.153,1441217444812,"1,700",Not yet rated,NULL,N/A
CRAI,$23.39,1441217444959,"21,210",100% bearish,of 1 rating,$36
CPSH,$2.36,1441217444996,"3,900",Not yet rated,NULL,N/A
BREW,$7.71,1441217445018,"6,463",67% bullish,of 6 ratings,$15
CRAY,$20.58,1441217445054,"77,360",83% bullish,of 6 ratings,$38.50
CBRL,$145.29,1441217445087,"63,727",50% bullish,of 2 ratings,$155
CACC,$200.1,1441217445112,"75,710",50% bullish,of 2 ratings,$158.50
CREE,$26.319,1441217445143,"318,739",65% bullish,of 17 ratings,$29.50
GLDI,$11.03,1441217445172,"2,572",100% bearish,of 1 rating,N/A
CRESY,$9.99,1441217445331,"16,355",100% bearish,of 1 rating,$19
SLVO,$10.2,1441217445358,"1,038",100% bearish,of 1 rating,N/A
CRTO,$37.88,1441217445385,"292,073",67% bullish,of 6 ratings,$64
CROX,$14.13,1441217445525,"246,517",63% bullish,of 8 ratings,$16.50
CCRN,$14.04,1441217445638,"60,593",100% bearish,of 1 rating,$14.25
CRWS,$7.96,1441217445677,"4,900",Not yet rated,NULL,$10
CRDS,$0.99,1441217445739,"43,182",50% bullish,of 4 ratings,$4.50
CRWN,$4.9,1441217445764,"110,382",75% bullish,of 4 ratings,N/A
CCLP,$14.06,1441217445794,"33,451",67% bearish,of 3 ratings,$20
CYRXW,$0.74,1441217445815,"6,600",Not yet rated,NULL,N/A
CSGS,$30.27,1441217445847,"61,151",Not yet rated,NULL,$40
CYRX,$2.95,1441217445988,113,Not yet rated,NULL,$9
CSPI,$5.8,1441217446117,899,67% bullish,of 3 ratings,N/A
CTIB,$3.7455,1441217446150,"1,000",100% bearish,of 1 rating,N/A
CTIC,$1.5625,1441217446171,"207,345",84% bullish,of 76 ratings,$5.75
CTCM,$1.67,1441217446192,"23,431",80% bearish,of 5 ratings,$3.90
CUNB,$21.73,1441217446249,"10,626",Not yet rated,NULL,$24.50
CUI,$5.43,1441217446415,"15,389",50% bullish,of 2 ratings,$10
CRIS,$2.6,1441217446524,"63,188",100% bullish,of 8 ratings,$6
CPIX,$6.13,1441217446557,"2,693",Not yet rated,NULL,N/A
CUTR,$14.81,1441217446586,"21,328",67% bearish,of 3 ratings,$18
CVBF,$15.78,1441217446613,"92,171",Not yet rated,NULL,$18
CTRP,$64.73,1441217446635,"491,709",75% bullish,of 8 ratings,$92.50
CMLS,$1.32,1441217446677,"149,419",50% bullish,of 4 ratings,$6
CVV,$11.44,1441217446699,"5,144",100% bullish,of 5 ratings,N/A
CYAN,$6.5001,1441217446732,"1,650",100% bearish,of 1 rating,N/A
CYBR,$50.32,1441217446939,"471,816",75% bullish,of 8 ratings,$68.50
CYBX,$63.01,1441217447012,"103,578",50% bullish,of 4 ratings,$71.50
CYBE,$6.77,1441217447274,"1,253",100% bearish,of 1 rating,N/A
CYCCP,NULL,1441217447357,0,100% bearish,of 1 rating,N/A
CYCC,$0.54,1441217447413,"32,000",73% bullish,of 11 ratings,N/A
CONE,$31.14,1441217447440,"82,587",67% bearish,of 3 ratings,$35.50
CBAY,$2.64,1441217447465,"14,338",100% bullish,of 1 rating,$4
CYNA,$16.01,1441217447492,"14,549",50% bullish,of 2 ratings,$31.50
CY,$10.16,1441217447520,"4,848,194",80% bullish,of 10 ratings,$15.50
CYRN,$1.767,1441217447649,"1,300",67% bullish,of 3 ratings,$4
CTSO,$7.4,1441217447719,"62,361",Not yet rated,NULL,$15.625
CYTX,$0.355,1441217447744,"730,171",83% bullish,of 12 ratings,$5.50
CYNO,$32.06,1441217447776,"66,681",67% bearish,of 3 ratings,$45.50
CYTK,$7.07,1441217447803,"121,328",71% bullish,of 14 ratings,$13.50
CYTR,$2.36,1441217447877,"127,305",67% bullish,of 6 ratings,$10
TVIZ,$23.35,1441217448017,"13,635",100% bearish,of 1 rating,N/A
DAEG,$0.3699,1441217448090,620,100% bearish,of 1 rating,N/A
XIV,$23.6101,1441217448121,"10,641,257",75% bearish,of 4 ratings,N/A
TVIX,$16.49,1441217448144,"8,093,086",81% bullish,of 16 ratings,N/A
ZIV,$35.81,1441217448165,"71,105",Not yet rated,NULL,N/A
DJCO,$196,1441217448200,202,Not yet rated,NULL,N/A
DAKT,$8.58,1441217448228,"53,641",50% bullish,of 2 ratings,$12
DARA,$0.8537,1441217448365,"8,735",83% bullish,of 6 ratings,$1.50
DAIO,$2.65,1441217448396,"3,954",Not yet rated,NULL,N/A
DRAM,$1.35,1441217448425,"5,092",78% bullish,of 9 ratings,N/A
PLAY,$35.3,1441217448496,"77,222",100% bullish,of 5 ratings,$42
DTLK,$5.54,1441217448523,"21,532",100% bearish,of 1 rating,$9
DWCH,$5.02,1441217448581,"7,086",75% bullish,of 4 ratings,$8.25
DTEA,$12.94,1441217448689,"16,483",100% bearish,of 2 ratings,$24
DWSN,$4.32,1441217448721,"5,853",67% bullish,of 3 ratings,N/A
TRAK,$62.8,1441217448763,"196,422",50% bullish,of 2 ratings,$62.50
DBVT,$37.95,1441217448842,"36,006",100% bearish,of 1 rating,$53
DHRM,$1.64,1441217448872,990,Not yet rated,NULL,N/A
TACO,$12.43,1441217448977,"92,093",75% bullish,of 4 ratings,$20
TACOW,$3.54,1441217449039,700,100% bullish,of 1 rating,N/A
DCTH,$0.4299,1441217449065,"74,948",78% bullish,of 9 ratings,N/A
DGAS,$20.56,1441217449101,910,67% bearish,of 3 ratings,N/A
DFRG,$14.51,1441217449127,"72,487",100% bearish,of 1 rating,$20
DELTW,NULL,1441217449198,0,Not yet rated,NULL,N/A
DELT,$2.25,1441217449223,100,Not yet rated,NULL,N/A
DENN,$11.21,1441217449352,"159,875",100% bullish,of 3 ratings,$15
XRAY,$51.38,1441217449384,"163,488",100% bullish,of 1 rating,$58
DEPO,$26.7,1441217449410,"215,413",60% bullish,of 5 ratings,$29
DSCI,$5.84,1441217449483,"32,789",50% bullish,of 2 ratings,$16
DXLG,$6.27,1441217449626,"69,238",100% bearish,of 1 rating,$8
DSWL,$1.5401,1441217449656,"9,104",100% bullish,of 1 rating,N/A
DXM,$0.2885,1441217449693,"209,611",50% bullish,of 2 ratings,N/A
DEST,$10.85,1441217449715,"13,422",50% bullish,of 2 ratings,N/A
DERM,$25.92,1441217449753,"19,892",100% bearish,of 1 rating,$33.50
DMND,$30.07,1441217449787,"61,012",75% bullish,of 12 ratings,$32
DHXM,$6.8,1441217449848,300,Not yet rated,NULL,N/A
DXCM,$88.26,1441217449880,"175,430",57% bullish,of 7 ratings,$98
FANG,$65.71,1441217449915,"335,385",50% bullish,of 2 ratings,$86
DHIL,$189.87,1441217449980,402,Not yet rated,NULL,N/A
DCIX,$1.58,1441217450171,"27,947",50% bullish,of 4 ratings,$3.50
DRNA,$11.24,1441217450198,"56,104",67% bearish,of 3 ratings,$25
DMRC,$37.915,1441217450274,"14,185",100% bearish,of 1 rating,$44
DRAD,$3.78,1441217450346,"6,794",100% bullish,of 1 rating,$5.25
DGLY,$7.2826,1441217450375,"149,009",50% bullish,of 6 ratings,$20
APPS,$2.17,1441217450411,"292,849",100% bearish,of 1 rating,$10.25
DIOD,$19.33,1441217450442,"30,455",75% bearish,of 4 ratings,$24
DPRX,$14.64,1441217450471,"8,755",100% bullish,of 2 ratings,$27.75
DGII,$10.14,1441217450543,"4,842",100% bearish,of 1 rating,$11
DCOM,$16.525,1441217450606,"16,555",100% bearish,of 2 ratings,$16
DISCA,$26.37,1441217450642,"832,087",67% bullish,of 3 ratings,$34
DISCB,NULL,1441217450710,0,100% bearish,of 1 rating,$35
DISCK,$25.24,1441217450738,"344,278",100% bearish,of 1 rating,$32
DSCO,$0.4233,1441217450768,"136,460",83% bullish,of 6 ratings,$2.75
DISH,$59.06,1441217450871,"502,085",69% bullish,of 13 ratings,$73
DLHC,$2.762,1441217451006,"2,671",100% bearish,of 1 rating,N/A
BAGR,$2.72,1441217451038,"9,500",100% bearish,of 1 rating,$6
DNBF,$26.05,1441217451073,"1,128",Not yet rated,NULL,$27.50
DLTR,$67.38,1441217451145,"4,640,085",82% bullish,of 11 ratings,$88
DGICA,$14.18,1441217451176,"8,634",100% bearish,of 1 rating,$17
DGICB,NULL,1441217451197,0,100% bearish,of 1 rating,N/A
DVCR,$10.93,1441217451243,"1,727",100% bullish,of 1 rating,N/A
DMLP,$14.76,1441217451276,"28,246",100% bearish,of 1 rating,N/A
DORM,$50.28,1441217451376,"118,092",100% bearish,of 1 rating,$56
DRWI,$0.203,1441217451401,"1,040,185",60% bullish,of 5 ratings,$.45
DRWIW,NULL,1441217451445,0,Not yet rated,NULL,N/A
HILL,$9.68,1441217451470,"524,890",60% bearish,of 5 ratings,$9.75
DWA,$19.85,1441217451536,"708,506",63% bullish,of 8 ratings,$26
DRYS,$0.4251,1441217451679,"895,760",77% bullish,of 31 ratings,$.60
DSKX,$3.4,1441217451711,"64,322",100% bullish,of 1 rating,N/A
DSPG,$8.71,1441217452038,"14,463",100% bearish,of 1 rating,$13.50
CADTR,NULL,1441217452067,0,Not yet rated,NULL,N/A
CADTU,NULL,1441217452098,0,Not yet rated,NULL,N/A
CADTW,NULL,1441217452168,0,Not yet rated,NULL,N/A
DTSI,$28.37,1441217452196,"106,674",100% bearish,of 2 ratings,$39.50
DNKN,$48.88,1441217452226,"585,506",67% bullish,of 15 ratings,$56.50
CADT,$10.02,1441217452253,100,Not yet rated,NULL,N/A
DYAX,$22.43,1441217452393,"163,946",89% bullish,of 9 ratings,$30
DRRX,$2.06,1441217452421,"70,410",50% bullish,of 6 ratings,$3
DXPE,$29.81,1441217452447,"75,367",50% bullish,of 2 ratings,N/A
DYSL,$1.5,1441217452577,"11,321",100% bullish,of 2 ratings,N/A
DYNT,$3,1441217452612,"3,727",75% bullish,of 4 ratings,N/A
BOOM,$10.632,1441217452644,"87,412",67% bullish,of 3 ratings,$12
DVAX,$28.3304,1441217452671,"90,760",70% bullish,of 10 ratings,$40
ETFC,$25.13,1441217452697,"982,840",57% bullish,of 14 ratings,$32.50
EBMT,$11.69,1441217452746,"1,300",Not yet rated,NULL,$13.50
EGBN,$40.51,1441217452879,"69,445",Not yet rated,NULL,$48
EGRX,$79.95,1441217452911,"70,653",67% bullish,of 3 ratings,$97
EROC,$1.4824,1441217452941,"111,937",50% bullish,of 2 ratings,$3
EGLE,$6.87,1441217453042,"7,008",60% bullish,of 5 ratings,N/A
ELNK,$8.29,1441217453096,"187,727",60% bullish,of 5 ratings,$9.50
EWBC,$38.56,1441217453128,"265,718",100% bearish,of 1 rating,$50
EACQU,$10.15,1441217453177,"1,400",Not yet rated,NULL,N/A
EML,$16.23,1441217453310,"2,789",Not yet rated,NULL,N/A
EVBS,$6.52,1441217453336,"1,450",Not yet rated,NULL,$7
ELON,$0.59,1441217453471,"10,549",50% bullish,of 2 ratings,N/A
ECTE,$1.52,1441217453612,"3,095",75% bullish,of 4 ratings,N/A
EBAY,$26.575,1441217453641,"3,623,569",81% bullish,of 117 ratings,$34
EEI,$11.7599,1441217453662,"5,400",67% bearish,of 3 ratings,N/A
EBIX,$28.025,1441217453698,"81,145",69% bullish,of 13 ratings,$40
ECHO,$22.12,1441217453719,"56,612",67% bearish,of 3 ratings,$34.50
ECACU,$10.1,1441217453792,200,Not yet rated,NULL,N/A
EDAP,$3.62,1441217453850,"15,733",60% bullish,of 5 ratings,$4.50
SATS,$43.32,1441217453878,"41,435",50% bullish,of 2 ratings,$60
EDUC,$6.25,1441217454007,"42,134",100% bearish,of 1 rating,N/A
ESES,NULL,1441217454060,0,100% bearish,of 1 rating,$7
EDGW,$7.16,1441217454090,"1,359",100% bearish,of 1 rating,N/A
EFUT,$4.6611,1441217454161,"1,400",Not yet rated,NULL,N/A
EGAN,$3.66,1441217454193,"4,725",50% bullish,of 2 ratings,$6.25
EGLT,$12.52,1441217454293,"71,954",50% bullish,of 2 ratings,$21
EHTH,$14.9,1441217454318,"61,922",50% bullish,of 4 ratings,$16.50
ELRC,$10.48,1441217454519,"11,853",100% bearish,of 1 rating,N/A
ESLT,$78.4999,1441217454578,"4,109",67% bullish,of 3 ratings,N/A
ESIO,$4.52,1441217454599,"19,503",50% bullish,of 2 ratings,$10
EMITF,$1.21,1441217454631,772,75% bullish,of 4 ratings,N/A
LOCO,$12.635,1441217454652,"166,322",69% bullish,of 13 ratings,$19.50
ERI,$9.5,1441217454676,"39,001",100% bearish,of 1 rating,$10
EA,$64.4401,1441217454717,"1,109,995",78% bullish,of 36 ratings,$80
ELSE,$3.9799,1441217454812,500,60% bullish,of 5 ratings,N/A
EFII,$43.2,1441217454870,"39,914",80% bullish,of 5 ratings,$55
ELEC,NULL,1441217454958,0,Not yet rated,NULL,N/A
ELECW,NULL,1441217455025,0,Not yet rated,NULL,N/A
ELECU,$10,1441217455055,"5,300",Not yet rated,NULL,N/A
EBIO,$3.47,1441217455187,"116,639",100% bearish,of 2 ratings,$8.35
CAPX,$22.74,1441217455213,1,Not yet rated,NULL,N/A
RDEN,$11.17,1441217455234,"33,315",100% bearish,of 4 ratings,$15
LONG,$16.91,1441217455272,"2,108",67% bullish,of 3 ratings,$15.75
EMCI,$22.56,1441217455402,"18,405",Not yet rated,NULL,N/A
ESBK,$19.85,1441217455432,639,Not yet rated,NULL,N/A
ELTK,$1.34,1441217455458,"27,960",67% bearish,of 3 ratings,N/A
EMKR,$6.8,1441217455534,"28,312",75% bullish,of 4 ratings,$8.50
EMCF,NULL,1441217455590,0,100% bearish,of 1 rating,N/A
EMMS,$1.19,1441217455616,"6,125",83% bullish,of 6 ratings,N/A
EMMSP,NULL,1441217455645,0,100% bearish,of 1 rating,N/A
NYNY,$4.22,1441217455747,"11,353",50% bullish,of 2 ratings,N/A
ERS,$3.24,1441217455834,"8,165",Not yet rated,NULL,N/A
ECPG,$38.235,1441217455962,"80,904",100% bullish,of 2 ratings,$52
ECYT,$5.22,1441217455999,"99,200",83% bullish,of 6 ratings,$12
ENTA,$38.79,1441217456030,"54,798",50% bullish,of 2 ratings,$42
ELGX,$12.5,1441217456095,"137,170",75% bullish,of 4 ratings,$17
WIRE,$31.7,1441217456128,"35,668",100% bearish,of 1 rating,$37
ENDP,$73.845,1441217456155,"397,363",50% bullish,of 6 ratings,$101.50
EIGI,$14.779,1441217456227,"148,413",67% bearish,of 3 ratings,$22.50
ERII,$2.6,1441217456439,"8,750",80% bullish,of 5 ratings,$2.50
WATT,$7.0358,1441217456461,"14,076",50% bullish,of 2 ratings,$13
EXXI,$1.74,1441217456501,"752,394",86% bullish,of 7 ratings,$3.50
ENOC,$8.95,1441217456535,"69,045",75% bullish,of 4 ratings,$18
ENG,$1.01,1441217456560,"28,479",100% bullish,of 3 ratings,N/A
ENPH,$4.365,1441217456589,"314,903",75% bullish,of 4 ratings,$11
EFOI,$24.6915,1441217456618,"788,359",50% bullish,of 2 ratings,$24.50
ENFC,$17.8,1441217456779,200,Not yet rated,NULL,N/A
ENTL,$21.095,1441217456810,"13,220",Not yet rated,NULL,$28
ESGR,$148.53,1441217456838,"17,728",100% bearish,of 1 rating,$185
ENTG,$13.395,1441217456868,"80,996",100% bearish,of 1 rating,$18
ETRM,$0.293,1441217456911,"4,184,695",69% bearish,of 35 ratings,$1.625
EBTC,$21.55,1441217456966,410,Not yet rated,NULL,N/A
EGT,$1.9999,1441217457070,"4,001",100% bullish,of 1 rating,N/A
ENVI,$1.88,1441217457176,"18,101",67% bullish,of 3 ratings,N/A
ENZY,$10.2101,1441217457231,"16,600",67% bullish,of 3 ratings,$9.50
ENZN,$0.985,1441217457257,"157,005",100% bullish,of 9 ratings,N/A
EPIQ,$12.65,1441217457307,"21,135",100% bearish,of 1 rating,$18
EFSC,$23.94,1441217457337,"8,406",Not yet rated,NULL,$27
EPRS,$5.02,1441217457403,"13,724",82% bullish,of 11 ratings,$15
PLUS,$73,1441217457437,"15,425",50% bullish,of 2 ratings,$88
EPZM,$20.31,1441217457536,"160,294",60% bullish,of 5 ratings,$34
EQIX,$268.034,1441217457561,"260,979",75% bullish,of 4 ratings,$312.50
EQFN,NULL,1441217457588,0,100% bearish,of 1 rating,N/A
EAC,$3.425,1441217457796,"4,667",100% bearish,of 1 rating,$8
ERIE,$81.31,1441217457878,"7,983",Not yet rated,NULL,$73
ESCA,$18.07,1441217457932,"7,052",100% bearish,of 1 rating,$22
ERIC,$9.6076,1441217457957,"704,331",67% bullish,of 9 ratings,$12.20
ESCR,$0.1501,1441217457991,"46,573",50% bullish,of 2 ratings,N/A
ESPR,$47.03,1441217458092,"462,076",70% bearish,of 10 ratings,$115
ESCRP,NULL,1441217458121,0,100% bearish,of 1 rating,N/A
ESSA,$12.85,1441217458151,"4,765",100% bearish,of 1 rating,N/A
ESMC,$1.4,1441217458184,640,Not yet rated,NULL,N/A
ESND,$33.08,1441217458230,"73,897",100% bearish,of 2 ratings,$40
EPIX,$5.95,1441217458262,100,Not yet rated,NULL,N/A
ETSY,$14.21,1441217458289,"201,258",80% bullish,of 5 ratings,$16
CLWT,NULL,1441217458423,0,100% bullish,of 1 rating,N/A
EEFT,$63.745,1441217458448,"50,883",100% bearish,of 1 rating,$67.50
ESEA,$4.6342,1441217458474,"10,285",100% bullish,of 1 rating,$15
ESSX,$0.4796,1441217458499,"6,009",50% bullish,of 2 ratings,N/A
EVEP,$8.49,1441217458780,"64,438",50% bullish,of 2 ratings,$15
EVK,$3.95,1441217458812,200,75% bearish,of 4 ratings,N/A
EXA,$10.46,1441217458839,"95,893",100% bearish,of 1 rating,$13
EVLV,$2.62,1441217458864,"39,697",60% bullish,of 5 ratings,$4.625
EXAS,$21.9,1441217458914,"401,128",78% bullish,of 9 ratings,$31
EVOK,$3.32,1441217458993,"16,644",100% bearish,of 1 rating,$13.375
EVOL,$5.85,1441217459055,"7,448",75% bullish,of 4 ratings,$10
EXAC,$19.06,1441217459085,"8,988",100% bearish,of 1 rating,$22.50
EXEL,$5.78,1441217459112,"2,167,413",81% bullish,of 16 ratings,$6
EXLS,$36.6,1441217459193,"45,135",50% bullish,of 2 ratings,$41
EXFO,$2.91,1441217459242,200,67% bearish,of 3 ratings,$3.95
EXPE,$111.94,1441217459299,"275,269",64% bullish,of 11 ratings,$130
EXPD,$49.49,1441217459348,"551,808",80% bullish,of 5 ratings,$52
EXPO,$42.32,1441217459373,"31,645",100% bearish,of 1 rating,$45.50
EXLP,$19.23,1441217459505,"71,769",100% bearish,of 1 rating,$25
ESRX,$82.68,1441217459603,"916,202",67% bearish,of 6 ratings,$101
EXTR,$3.035,1441217459631,"198,944",80% bullish,of 5 ratings,$3
EYEG,$3.7068,1441217459657,"5,118",Not yet rated,NULL,N/A
EZCH,$22.53,1441217459690,"24,023",75% bullish,of 8 ratings,$19.50
EYEGW,$1.0001,1441217459718,700,Not yet rated,NULL,N/A
EZPW,$6.16,1441217459791,"106,271",50% bullish,of 4 ratings,$7
FFIV,$119.08,1441217459824,"354,101",63% bullish,of 8 ratings,$132
FCS,$13.27,1441217459922,"179,423",67% bearish,of 3 ratings,$17
FWM,$2.175,1441217460030,"58,264",100% bearish,of 2 ratings,$3.20
FB,$89.11,1441217460059,"10,065,487",73% bullish,of 1074 ratings,$111
FALC,$1.75,1441217460086,"17,300",63% bearish,of 8 ratings,N/A
DAVE,$14.41,1441217460163,"4,963",100% bearish,of 1 rating,$15.50
FRP,$16.03,1441217460223,"21,682",100% bearish,of 1 rating,$18
FARM,$21.9,1441217460297,"16,844",100% bearish,of 1 rating,$35
FFKT,$26.05,1441217460354,"3,916",Not yet rated,NULL,$29
FARO,$37.6,1441217460494,"24,908",50% bullish,of 2 ratings,$48
FAST,$38.23,1441217460549,"629,367",80% bullish,of 5 ratings,$45.50
FATE,$6.26,1441217460595,"7,349",50% bullish,of 2 ratings,$11
FMNB,$8.18,1441217460626,"1,200",Not yet rated,NULL,N/A
FBSS,NULL,1441217460652,0,Not yet rated,NULL,N/A
FDML,$8.64,1441217460698,"79,940",50% bullish,of 4 ratings,$14
FBRC,$21.85,1441217460730,"24,302",100% bearish,of 1 rating,$29
FNHC,$21.94,1441217460801,"15,070",100% bearish,of 1 rating,$35
FHCO,$1.3901,1441217460904,"8,084",50% bullish,of 4 ratings,N/A
FENX,$9.8,1441217460931,"39,970",100% bullish,of 1 rating,$14.25
FEIC,$74.46,1441217460967,"87,448",50% bullish,of 2 ratings,$95.50
FCSC,$5.55,1441217461061,"32,168",100% bearish,of 1 rating,$8.125
FGEN,$23.14,1441217461090,"77,550",100% bearish,of 1 rating,$39
ONEQ,$185.009,1441217461157,"14,170",100% bullish,of 1 rating,N/A
LION,$18.95,1441217461197,"18,239",100% bullish,of 1 rating,$20
FSC,$6.56,1441217461328,"277,251",60% bullish,of 5 ratings,$8
FRGI,$51.1,1441217461354,"40,848",50% bullish,of 2 ratings,$70
FDUS,$14.917,1441217461383,"9,600",50% bullish,of 2 ratings,$18
FSAM,$7.96,1441217461415,"1,951",100% bearish,of 1 rating,$10.25
FSCFL,$24.4,1441217461486,"1,862",Not yet rated,NULL,N/A
FSFR,$8.76,1441217461514,"90,993",100% bearish,of 1 rating,$11.50
FITBI,$27.45,1441217461542,"11,156",Not yet rated,NULL,N/A
FITB,$19.22,1441217461567,"1,530,185",54% bullish,of 13 ratings,$22
FNJN,$1.75,1441217461724,"4,500",100% bearish,of 1 rating,$5
FISI,$24.72,1441217461754,"8,904",100% bullish,of 2 ratings,$24.50
FNSR,$15.05,1441217461799,"261,441",71% bullish,of 7 ratings,$24
FNGN,$30.36,1441217461942,"137,810",67% bullish,of 3 ratings,$47
FNTC,NULL,1441217461972,0,Not yet rated,NULL,N/A
FNTCU,NULL,1441217462003,0,Not yet rated,NULL,N/A
FEYE,$37.09,1441217462049,"1,217,730",88% bullish,of 16 ratings,$55.50
FNTCW,NULL,1441217462078,0,Not yet rated,NULL,N/A
FBNC,$16.69,1441217462108,"2,315",100% bullish,of 1 rating,$20
FNLC,$18.55,1441217462133,"3,444",100% bullish,of 1 rating,N/A
FRBA,$6.1,1441217462177,"7,315",Not yet rated,NULL,$8
BUSE,$6.314,1441217462382,"38,225",Not yet rated,NULL,$6.875
FBIZ,$22.55,1441217462407,"35,436",100% bearish,of 2 ratings,$26
FCVA,$4.79,1441217462432,200,Not yet rated,NULL,N/A
FCAP,$26.9,1441217462460,39,Not yet rated,NULL,N/A
FCFS,$39.5,1441217462485,"27,874",100% bearish,of 3 ratings,$47
FCNCA,$228.9701,1441217462590,"1,708",Not yet rated,NULL,N/A
FCLF,$9.35,1441217462727,371,Not yet rated,NULL,N/A
FCBC,$17.26,1441217462764,"2,827",Not yet rated,NULL,$18
FCCO,$12.34,1441217462826,300,Not yet rated,NULL,$13.25
FCFP,$6.905,1441217462857,500,Not yet rated,NULL,N/A
FFNM,NULL,1441217462888,0,Not yet rated,NULL,N/A
FDEF,$36.59,1441217462913,"9,083",Not yet rated,NULL,$38
FBNK,$16.88,1441217462994,"5,420",100% bearish,of 1 rating,$17.50
FFBC,$18.09,1441217463026,"35,113",67% bearish,of 3 ratings,$20.25
FFBCW,NULL,1441217463187,0,100% bearish,of 1 rating,N/A
THFF,$32.49,1441217463253,"1,297",Not yet rated,NULL,$35
FFIN,$29.72,1441217463279,"43,233",50% bullish,of 2 ratings,$31.75
FFWM,$21.15,1441217463356,"3,846",Not yet rated,NULL,$24
FFNW,$12.12,1441217463443,"6,369",Not yet rated,NULL,$14
FRME,$25.93,1441217463483,"80,179",Not yet rated,NULL,$26.50
FIBK,$26.25,1441217463512,"29,391",Not yet rated,NULL,$32
FMBH,$22.35,1441217463533,382,Not yet rated,NULL,N/A
INBK,$30.22,1441217463555,"6,783",50% bullish,of 2 ratings,$37
FMBI,$17.1,1441217463906,"115,119",Not yet rated,NULL,$20
FNFG,$8.875,1441217464044,"651,714",80% bullish,of 5 ratings,$9
FNBC,$33.66,1441217464078,"58,473",Not yet rated,NULL,$40
FSFG,NULL,1441217464106,0,Not yet rated,NULL,N/A
FSGI,$2.455,1441217464143,"3,600",Not yet rated,NULL,N/A
FSLR,$47.5,1441217464173,"549,459",72% bullish,of 39 ratings,$65
FNWB,$12.091,1441217464199,"1,560",Not yet rated,NULL,N/A
BICK,NULL,1441217464375,0,100% bullish,of 1 rating,N/A
FBZ,$9.44,1441217464404,200,Not yet rated,NULL,N/A
FCAN,$23.86,1441217464458,101,Not yet rated,NULL,N/A
FSBK,$7.83,1441217464506,"6,700",100% bullish,of 1 rating,N/A
FTCS,$35.82,1441217464539,"253,614",100% bearish,of 1 rating,N/A
IFV,$17.43,1441217464587,"199,475",100% bearish,of 1 rating,N/A
FV,$22.9699,1441217464686,"1,211,567",100% bearish,of 1 rating,N/A
FEMB,NULL,1441217464713,0,Not yet rated,NULL,N/A
FCA,$18.866,1441217464750,107,Not yet rated,NULL,N/A
TDIV,$24.42,1441217464845,"61,796",100% bearish,of 1 rating,N/A
FTSM,$59.96,1441217464876,"18,500",100% bearish,of 1 rating,N/A
FEUZ,$30.4415,1441217464897,102,Not yet rated,NULL,N/A
FGM,$35.105,1441217464981,"4,226",Not yet rated,NULL,N/A
MDIV,$18.93,1441217465029,"132,320",Not yet rated,NULL,N/A
FTHI,$19.11,1441217465060,751,Not yet rated,NULL,N/A
FTGC,$22.22,1441217465159,"119,141",Not yet rated,NULL,N/A
HYLS,$49.54,1441217465189,"55,483",100% bearish,of 1 rating,N/A
FHK,$32.33,1441217465249,"6,308",Not yet rated,NULL,N/A
YDIV,$16.16,1441217465345,"1,124",Not yet rated,NULL,N/A
FPXI,$26.4,1441217465374,200,Not yet rated,NULL,N/A
SKYY,$28.31,1441217465401,"22,347",100% bullish,of 1 rating,N/A
FTLB,$18.91,1441217465537,1,100% bearish,of 1 rating,N/A
CU,$12.56,1441217465568,920,100% bearish,of 1 rating,N/A
FJP,$45.34,1441217465605,"14,835",Not yet rated,NULL,N/A
PLTM,$6.19,1441217465630,800,100% bearish,of 1 rating,N/A
LMBS,$50.37,1441217465669,"1,200",Not yet rated,NULL,N/A
FMB,$51.03,1441217465708,"4,836",Not yet rated,NULL,N/A
QABA,$36.64,1441217465814,"4,807",100% bearish,of 1 rating,N/A
CIBR,$17.4383,1441217465842,"20,028",Not yet rated,NULL,N/A
CARZ,$34.04,1441217466067,292,100% bearish,of 1 rating,N/A
QCLN,$14.8698,1441217466098,"9,761",Not yet rated,NULL,N/A
FONE,NULL,1441217466198,0,Not yet rated,NULL,N/A
GRID,$31.04,1441217466510,330,100% bearish,of 1 rating,N/A
QTEC,$39.302,1441217466810,"13,923",Not yet rated,NULL,N/A
RDVY,$20.65,1441217466839,"3,788",Not yet rated,NULL,N/A
AIRR,$16.175,1441217466883,"4,279",100% bearish,of 1 rating,N/A
FKO,NULL,1441217466915,0,Not yet rated,NULL,N/A
QQXT,$39.68,1441217466968,"12,455",Not yet rated,NULL,N/A
QQEW,$41.03,1441217466995,"152,948",Not yet rated,NULL,N/A
QINC,NULL,1441217467017,0,Not yet rated,NULL,N/A
FTSL,$48.82,1441217467047,"35,548",100% bearish,of 1 rating,N/A
FDIV,$46.95,1441217467244,"1,076",100% bearish,of 1 rating,N/A
FSZ,$38.46,1441217467273,"4,143",Not yet rated,NULL,N/A
TUSA,$24.32,1441217467299,"3,337",Not yet rated,NULL,N/A
FTW,$31.445,1441217467375,158,Not yet rated,NULL,N/A
FKU,$41.2692,1441217467434,"9,917",Not yet rated,NULL,N/A
FUNC,$8.12,1441217467505,400,Not yet rated,NULL,N/A
SVVC,$9.2,1441217467602,"7,220",50% bullish,of 2 ratings,$26
FMER,$17.18,1441217467632,"208,990",50% bullish,of 2 ratings,$20
FSV,$32.14,1441217467660,"20,679",Not yet rated,NULL,$33.60
FISV,$84.42,1441217467688,"421,047",100% bearish,of 3 ratings,$90
FIVE,$37.56,1441217467732,"483,074",75% bearish,of 4 ratings,$44
FIVN,$3.9,1441217467832,"41,042",100% bullish,of 1 rating,$8.50
FLML,$22.9994,1441217467868,"74,680",50% bullish,of 2 ratings,$30
FPRX,$18.84,1441217467964,"93,925",50% bullish,of 2 ratings,$35
FLKS,$11.49,1441217467994,"24,659",50% bullish,of 2 ratings,$27
FLXN,$25.15,1441217468095,"76,508",100% bearish,of 1 rating,$40
SKOR,NULL,1441217468167,0,Not yet rated,NULL,N/A
FLEX,$10.225,1441217468299,"553,836",63% bullish,of 8 ratings,$12
FLIR,$28.135,1441217468330,"366,809",100% bearish,of 2 ratings,$38.50
MBSD,$24.91,1441217468350,315,Not yet rated,NULL,N/A
FLXS,$31.06,1441217468384,"6,632",100% bearish,of 2 ratings,N/A
FLDM,$11.365,1441217468406,"92,570",67% bearish,of 3 ratings,$15
FOMX,$10.01,1441217468491,"34,514",50% bullish,of 2 ratings,$23.50
FFIC,$19.38,1441217468538,"40,985",Not yet rated,NULL,$20.50
FOGO,$19.31,1441217468596,"36,931",50% bullish,of 2 ratings,$25.50
FES,$0.8795,1441217468622,"32,529",50% bullish,of 2 ratings,$1
FONR,$9.82,1441217468705,"4,504",100% bullish,of 1 rating,N/A
FORM,$6.385,1441217468881,"112,636",67% bullish,of 3 ratings,$10.50
FORTY,$30.17,1441217468906,200,100% bearish,of 1 rating,N/A
FTNT,$41.34,1441217468983,"324,794",80% bullish,of 10 ratings,$52
FWRD,$43.65,1441217469068,"84,434",100% bearish,of 1 rating,$50
FBIO,$2.61,1441217469112,"45,790",83% bullish,of 6 ratings,N/A
FORR,$31.27,1441217469139,"14,880",Not yet rated,NULL,N/A
FWP,$27.41,1441217469214,"43,223",100% bearish,of 1 rating,$45
FORD,$1.7,1441217469363,"1,857,248",67% bullish,of 3 ratings,N/A
FMI,$22.9,1441217469394,"77,209",100% bearish,of 2 ratings,$27.50
FOXF,$15.1,1441217469449,"7,615",100% bearish,of 1 rating,$19
FELE,$27.705,1441217469479,"85,298",50% bullish,of 4 ratings,$33
FOSL,$60.07,1441217469509,"203,206",60% bearish,of 5 ratings,$80
FRAN,$11.3,1441217469584,"227,484",50% bullish,of 4 ratings,$15
FXCB,$17.17,1441217469654,"3,578",Not yet rated,NULL,$19
FREE,$0.3802,1441217469812,"3,337,685",92% bullish,of 12 ratings,N/A
FRED,$12.88,1441217469943,"44,965",50% bullish,of 2 ratings,$15.50
FEIM,$11.04,1441217469971,"2,000",100% bearish,of 1 rating,N/A
FRPT,$12.095,1441217470006,"172,309",67% bearish,of 3 ratings,$23.50
FTRPR,$103.42,1441217470027,"4,100",100% bearish,of 1 rating,N/A
RAIL,$20.95,1441217470056,"31,325",100% bearish,of 1 rating,$24.50
FSBW,$23.09,1441217470103,"5,080",Not yet rated,NULL,N/A
FRPH,$31.2,1441217470129,"1,902",100% bearish,of 1 rating,N/A
FTR,$5.26,1441217470260,"8,052,786",78% bullish,of 27 ratings,$6.25
FTD,$29.63,1441217470286,"14,718",100% bearish,of 1 rating,$40
FCEL,$0.8526,1441217470329,"528,307",88% bullish,of 41 ratings,$2.65
FSYS,$6.4482,1441217470360,"160,406",67% bullish,of 3 ratings,$10
FULL,$3.075,1441217470423,"5,398",67% bearish,of 3 ratings,$4.25
FTEK,$2,1441217470448,"12,129",75% bullish,of 4 ratings,N/A
FULLL,NULL,1441217470603,0,Not yet rated,NULL,N/A
FULT,$11.73,1441217470694,"180,332",100% bearish,of 1 rating,$13
FSNN,$2.1,1441217470734,"4,100",67% bullish,of 3 ratings,$6
FLL,$1.43,1441217470770,"54,622",75% bullish,of 4 ratings,$3.50
FXEN,$1.03,1441217470797,"119,899",75% bullish,of 4 ratings,$1.10
GK,$67.555,1441217470844,"36,312",Not yet rated,NULL,$78
FXENP,NULL,1441217470870,0,100% bearish,of 1 rating,N/A
FFHL,$0.9947,1441217470891,870,50% bullish,of 4 ratings,N/A
WILC,$4.88,1441217471058,"2,110",100% bullish,of 2 ratings,N/A
GAIA,$6.09,1441217471089,"179,265",50% bullish,of 2 ratings,$8.50
GLPG,$57.31,1441217471158,"8,058",100% bullish,of 1 rating,$75
GALTU,$5.19,1441217471186,200,100% bearish,of 1 rating,N/A
GALT,$2.1499,1441217471214,"20,834",80% bullish,of 5 ratings,N/A
GALTW,$0.54,1441217471239,200,100% bullish,of 1 rating,N/A
GLMD,$8.45,1441217471410,"21,939",67% bullish,of 3 ratings,$20.50
GALE,$1.605,1441217471454,"406,739",89% bullish,of 47 ratings,$4
GPIC,$9.76,1441217471479,100,100% bearish,of 1 rating,N/A
GLPI,$30.75,1441217471514,"174,831",100% bearish,of 1 rating,$37.50
GRMN,$37.15,1441217471540,"232,592",50% bullish,of 6 ratings,$46.50
GGAC,NULL,1441217471612,0,100% bearish,of 1 rating,N/A
GGACR,$0.26,1441217471639,"25,300",100% bullish,of 1 rating,N/A
GGACW,$0.1436,1441217471676,"3,816",Not yet rated,NULL,N/A
GGACU,$10.24,1441217471774,100,Not yet rated,NULL,N/A
GNCMA,$16.86,1441217471819,"53,786",100% bearish,of 1 rating,$12
GARS,$14.345,1441217471844,"16,736",Not yet rated,NULL,$16
GENC,NULL,1441217471908,0,100% bearish,of 1 rating,N/A
GFNCP,NULL,1441217471977,0,Not yet rated,NULL,N/A
GFN,$3.87,1441217472042,"2,481",100% bearish,of 2 ratings,$8
GENE,$2.37,1441217472115,"33,082",100% bullish,of 12 ratings,N/A
GNMK,$9.65,1441217472247,"71,510",67% bullish,of 6 ratings,$14
GNCA,$11.22,1441217472274,"45,099",100% bearish,of 1 rating,$20
GHDX,$26.07,1441217472295,"92,429",50% bullish,of 2 ratings,$30
GFNSL,$25.9999,1441217472332,"2,000",Not yet rated,NULL,N/A
GNTX,$15.475,1441217472362,"771,500",Not yet rated,NULL,$20
THRM,$44.75,1441217472441,"62,119",75% bearish,of 4 ratings,$55.50
GEOS,$16.97,1441217472478,"39,851",100% bearish,of 3 ratings,$21
GTWN,$18.97,1441217472511,500,Not yet rated,NULL,N/A
GABC,$28.65,1441217472573,"5,826",Not yet rated,NULL,$31
GNVC,$2.4401,1441217472603,"3,484",90% bullish,of 10 ratings,$8.50
GERN,$2.95,1441217472650,"654,576",88% bullish,of 16 ratings,$5.25
GEVO,$2.345,1441217472959,"142,984",75% bullish,of 12 ratings,$5
GIGA,$1.484,1441217472988,"30,458",100% bearish,of 1 rating,N/A
GILT,$4.1714,1441217473012,"1,536",50% bullish,of 2 ratings,N/A
ROCK,$16.45,1441217473049,"63,672",80% bullish,of 5 ratings,$24
GIII,$65.7206,1441217473070,"481,624",67% bullish,of 3 ratings,$75
GILD,$102.99,1441217473094,"3,079,733",91% bullish,of 87 ratings,$129
GIGM,$0.521,1441217473115,"3,379",100% bullish,of 2 ratings,N/A
GBCI,$25.56,1441217473154,"142,923",50% bullish,of 2 ratings,$31
GOODN,$25.609,1441217473361,100,Not yet rated,NULL,N/A
GLAD,$8.67,1441217473394,"67,977",50% bullish,of 2 ratings,$8.75
GLADO,$25.5,1441217473419,827,Not yet rated,NULL,N/A
GOOD,$14.19,1441217473445,"26,890",Not yet rated,NULL,$19
GAIN,$7.37,1441217473602,"48,036",100% bullish,of 2 ratings,$8.25
GOODP,$25.1,1441217473679,712,Not yet rated,NULL,N/A
GOODO,$25.4599,1441217473735,203,Not yet rated,NULL,N/A
LAND,$9.13,1441217473761,"16,566",50% bullish,of 2 ratings,$13.75
GAINO,$25.19,1441217473798,1,Not yet rated,NULL,N/A
GAINP,$25.6099,1441217473820,"6,344",Not yet rated,NULL,N/A
GAINN,$25.19,1441217473841,"18,896",Not yet rated,NULL,N/A
GLBZ,NULL,1441217473880,0,Not yet rated,NULL,N/A
GBT,$50.2,1441217473913,"47,893",100% bearish,of 1 rating,N/A
GDEF,$10.65,1441217474011,400,Not yet rated,NULL,N/A
ENT,$10.97,1441217474107,"21,596",100% bearish,of 1 rating,$18
GBLI,$27.08,1441217474132,"6,774",Not yet rated,NULL,N/A
GPACU,NULL,1441217474299,0,Not yet rated,NULL,N/A
GSOL,$8.21,1441217474327,"13,119",100% bearish,of 1 rating,N/A
SOCL,$17.217,1441217474359,"33,628",100% bullish,of 2 ratings,N/A
QQQC,$18.35,1441217474381,"6,300",100% bearish,of 1 rating,N/A
ACTX,$12.875,1441217474418,"2,400",100% bullish,of 1 rating,N/A
GSM,$13.58,1441217474458,"101,162",50% bullish,of 2 ratings,$22
ALTY,$14.04,1441217474514,660,Not yet rated,NULL,N/A
SRET,$12.95,1441217474543,"2,153",Not yet rated,NULL,N/A
GAI,$6.15,1441217474647,"1,300",50% bullish,of 2 ratings,N/A
YLCO,$11.66,1441217474707,600,Not yet rated,NULL,N/A
GBIM,$2.51,1441217474839,"5,230",50% bullish,of 2 ratings,N/A
GLBS,$1.05,1441217474867,400,67% bullish,of 3 ratings,N/A
GLRI,$1.06,1441217474939,"35,757",100% bearish,of 1 rating,$4.25
GLUU,$4.25,1441217475031,"617,605",92% bullish,of 26 ratings,$9
GLYC,$6.97,1441217475060,"1,200",50% bullish,of 2 ratings,$14
GOGO,$16.135,1441217475082,"314,273",80% bullish,of 5 ratings,$25
GLDC,$4.0987,1441217475222,200,50% bullish,of 2 ratings,N/A
GMLP,$19.87,1441217475253,"67,727",50% bullish,of 4 ratings,$29
GLNG,$38.63,1441217475286,"312,544",83% bullish,of 6 ratings,$55.50
GDEN,$8.96,1441217475357,"1,400",50% bullish,of 2 ratings,N/A
GOGL,$2.99,1441217475389,"127,815",75% bullish,of 4 ratings,$5
GTIM,$6.75,1441217475422,"8,346",Not yet rated,NULL,$11.50
GBDC,$17.02,1441217475492,"112,173",Not yet rated,NULL,$17.75
GOOGL,$640.77,1441217475524,"404,471",88% bullish,of 1082 ratings,$749
GOOG,$608.62,1441217475554,"651,008",88% bullish,of 73 ratings,$787.50
GPRO,$40.57,1441217475651,"9,551,507",78% bullish,of 58 ratings,$72
GMAN,$3.68,1441217475749,"16,981",60% bullish,of 5 ratings,$8.50
GPIAU,$9.95,1441217475779,500,Not yet rated,NULL,N/A
GPIA,NULL,1441217475834,0,100% bearish,of 1 rating,N/A
GPIAW,NULL,1441217475863,0,Not yet rated,NULL,N/A
LOPE,$36.52,1441217475891,"53,575",100% bearish,of 2 ratings,$50
GBSN,$0.2692,1441217475970,"2,769,067",50% bullish,of 2 ratings,$8.25
GRVY,NULL,1441217476027,0,50% bullish,of 2 ratings,N/A
GBSNU,NULL,1441217476077,0,NULL,NULL,NULL
GSBC,$40.45,1441217476208,"11,322",100% bullish,of 1 rating,$44
GNBC,$11.64,1441217476233,"3,396",100% bearish,of 1 rating,$16.50
GLDD,$5.46,1441217476261,"87,738",100% bearish,of 4 ratings,$7.75
GRBK,$11.72,1441217476393,"70,552",77% bullish,of 13 ratings,N/A
GPP,$14.49,1441217476422,"23,260",Not yet rated,NULL,$20.50
GPRE,$20.07,1441217476483,"174,485",67% bullish,of 6 ratings,$28.50
GCBC,$28.5,1441217476522,101,100% bullish,of 1 rating,N/A
GLRE,$25.1,1441217476551,"98,092",50% bullish,of 2 ratings,$41
GRIF,NULL,1441217476617,0,100% bearish,of 1 rating,N/A
GRFS,$29.71,1441217476689,"169,616",50% bullish,of 2 ratings,$35
GGAL,$18.7,1441217476753,"56,689",80% bullish,of 5 ratings,$40
OMAB,$41.39,1441217476778,"12,053",100% bullish,of 1 rating,$44
GRPN,$4.305,1441217476808,"1,494,825",61% bullish,of 71 ratings,$6.75
GSIG,$12.71,1441217476838,"5,900",100% bearish,of 2 ratings,N/A
GSIT,$4.59,1441217476942,"7,100",100% bearish,of 1 rating,N/A
GTXI,$0.8789,1441217477095,"12,146",100% bullish,of 5 ratings,$.75
GFED,$14.97,1441217477161,300,Not yet rated,NULL,$17
GBNK,$15.66,1441217477225,"63,360",100% bearish,of 1 rating,$18
GSVC,$8.7799,1441217477252,"13,849",50% bullish,of 2 ratings,$15.75
GUID,$6.85,1441217477273,"18,113",100% bearish,of 3 ratings,$10
GULTU,$0.317,1441217477305,"13,318",100% bearish,of 1 rating,N/A
GIFI,$12.59,1441217477333,"28,529",100% bearish,of 1 rating,$16
GURE,$1.69,1441217477355,"23,448",88% bullish,of 8 ratings,N/A
GPOR,$33.98,1441217477491,"368,573",75% bullish,of 4 ratings,$54
HEES,$18.76,1441217477576,"180,575",67% bearish,of 3 ratings,$31
GYRO,$30.39,1441217477646,"2,900",100% bearish,of 1 rating,N/A
GWPH,$104.52,1441217477673,"54,633",78% bullish,of 9 ratings,$148.50
HLG,NULL,1441217477698,0,100% bearish,of 1 rating,N/A
GWGH,$8.12,1441217477728,100,100% bearish,of 1 rating,$15.05
HNRG,$7.59,1441217477832,"30,352",100% bearish,of 1 rating,$10
HALL,$11.4,1441217477862,"4,085",Not yet rated,NULL,N/A
HALO,$17.4,1441217477969,"248,540",67% bullish,of 3 ratings,$22.50
HBHC,$26.6426,1441217478028,"97,554",50% bullish,of 2 ratings,$30
HMPR,$1.85,1441217478102,"8,999",100% bullish,of 1 rating,N/A
HNH,$24.74,1441217478136,"15,367",100% bullish,of 1 rating,N/A
HBK,NULL,1441217478168,0,50% bullish,of 2 ratings,N/A
HBHCL,$24.319,1441217478195,"33,222",Not yet rated,NULL,N/A
HNSN,$0.5464,1441217478256,"22,622",88% bullish,of 8 ratings,$.40
HAFC,$23.59,1441217478284,"26,646",100% bullish,of 2 ratings,$28.50
HQCL,$12.3,1441217478442,"5,577",67% bullish,of 3 ratings,$14
HDNG,$9.89,1441217478509,"3,847",50% bullish,of 4 ratings,N/A
HLIT,$5.64,1441217478538,"95,171",100% bearish,of 1 rating,$6.50
HRMNU,NULL,1441217478642,0,Not yet rated,NULL,N/A
HRMN,NULL,1441217478693,0,Not yet rated,NULL,N/A
TINY,$2.4299,1441217478781,"9,538",50% bullish,of 2 ratings,$5.26
HART,$1.19,1441217478826,"154,444",100% bearish,of 1 rating,N/A
HRMNW,$0.4375,1441217478851,100,Not yet rated,NULL,N/A
HBIO,$4.38,1441217478885,"34,465",100% bearish,of 1 rating,$10
HAS,$74.505,1441217478906,"805,541",63% bullish,of 8 ratings,$84.50
HCAPL,$25.45,1441217478982,300,Not yet rated,NULL,N/A
HCAP,$11.9636,1441217479042,"2,157",50% bullish,of 2 ratings,$15
HA,$23.7,1441217479071,"233,093",67% bullish,of 9 ratings,$27
HCOM,$21.91,1441217479174,"3,013",100% bearish,of 1 rating,$28
HWKN,$38.1599,1441217479229,"3,556",Not yet rated,NULL,N/A
HWBK,$13.56,1441217479280,300,100% bearish,of 1 rating,N/A
HIIQ,$4.76,1441217479362,"15,984",50% bullish,of 2 ratings,$7
HDS,$32.155,1441217479408,"661,390",100% bearish,of 2 ratings,$39.50
HCSG,$32.77,1441217479465,"42,005",50% bullish,of 4 ratings,$35
HSTM,$24.115,1441217479537,"36,521",50% bullish,of 2 ratings,$33.75
HAYN,$37.88,1441217479603,"10,016",100% bearish,of 1 rating,$59
HQY,$29.54,1441217479635,"71,942",67% bullish,of 3 ratings,$35
HWAY,$11.85,1441217479663,"76,374",100% bearish,of 1 rating,$15
HTLD,$20,1441217479688,"155,298",Not yet rated,NULL,$22.50
HTWR,$65.13,1441217479733,"1,353,916",50% bullish,of 2 ratings,$103
HTLF,$35.74,1441217479766,"3,475",100% bullish,of 1 rating,$39.50
HTBX,$4.1,1441217479866,"16,420",50% bullish,of 2 ratings,$15.50
HELE,$82.87,1441217479931,"57,662",67% bearish,of 3 ratings,$100
HMNY,NULL,1441217480060,0,100% bearish,of 1 rating,N/A
HSII,$19.83,1441217480120,"12,984",100% bullish,of 3 ratings,$25
HERO,NULL,1441217480150,0,NULL,NULL,NULL
HCACU,$9.99,1441217480194,700,Not yet rated,NULL,N/A
HNNA,$24.64,1441217480222,"4,394",Not yet rated,NULL,N/A
HSIC,$133.96,1441217480247,"106,030",83% bullish,of 6 ratings,$146
HMTV,$13.34,1441217480279,"2,739",100% bearish,of 1 rating,$16
HFWA,$17.4,1441217480376,"80,517",100% bullish,of 1 rating,$20
HTBK,$10.27,1441217480417,"15,658",Not yet rated,NULL,$12
HCCI,$11.835,1441217480481,"14,055",100% bearish,of 1 rating,$16.50
MLHR,$26.54,1441217480516,"156,885",50% bullish,of 2 ratings,$33.50
HEOP,$7.74,1441217480586,"5,429",Not yet rated,NULL,$8.50
HSKA,$33.98,1441217480659,"31,128",100% bearish,of 1 rating,$38
HRTX,$35.54,1441217480693,"303,809",57% bullish,of 7 ratings,$41
HFFC,$16,1441217480791,"5,200",Not yet rated,NULL,N/A
HIBB,$38.17,1441217480928,"158,021",100% bearish,of 1 rating,$46.50
HPJ,$2.0882,1441217481086,"21,022",75% bullish,of 4 ratings,$12.43
HIFS,$114.21,1441217481189,"4,267",Not yet rated,NULL,N/A
HIHO,$4.14,1441217481214,"6,680",Not yet rated,NULL,N/A
HMNF,NULL,1441217481240,0,Not yet rated,NULL,N/A
HSGX,$6.03,1441217481262,"1,104",100% bearish,of 1 rating,$17
HIMX,$6.58,1441217481298,"762,283",86% bullish,of 21 ratings,$8.50
HOMB,$36.97,1441217481397,"35,272",Not yet rated,NULL,$42
HMSY,$9.845,1441217481423,"298,680",67% bullish,of 3 ratings,$19.35
HOLI,$16.64,1441217481452,"100,974",50% bullish,of 4 ratings,$27
HOLX,$37.51,1441217481477,"1,464,730",50% bullish,of 4 ratings,$42
HBCP,$24.8,1441217481612,107,Not yet rated,NULL,$29
AWAY,$27.78,1441217481645,"266,711",67% bullish,of 3 ratings,$36
HMIN,$25.48,1441217481666,"33,185",100% bearish,of 2 ratings,$35
HFBL,$22,1441217481745,700,Not yet rated,NULL,N/A
HMST,$21.795,1441217481823,"72,699",100% bullish,of 2 ratings,$27
HTBI,$17.985,1441217481897,"30,821",67% bullish,of 3 ratings,$18.625
HKTV,$4.28,1441217482051,"16,446",100% bearish,of 1 rating,N/A
HFBC,$11.45,1441217482102,"2,100",Not yet rated,NULL,N/A
CETC,$0.7686,1441217482129,"27,845",86% bullish,of 7 ratings,N/A
HOFT,$23.28,1441217482157,"46,399",100% bearish,of 1 rating,N/A
HZNP,$29.91,1441217482199,"476,983",85% bullish,of 20 ratings,$40
HRZN,$10.42,1441217482288,"7,347",50% bullish,of 2 ratings,$14.25
ZINC,$7.16,1441217482318,"625,161",100% bearish,of 1 rating,$17
HMHC,$21.97,1441217482349,"446,140",Not yet rated,NULL,$27
HBNC,$23.74,1441217482390,"2,701",100% bullish,of 1 rating,$27
HDP,$23.35,1441217482453,"120,955",67% bearish,of 3 ratings,$30.50
HWCC,$7.62,1441217482519,"56,654",100% bearish,of 1 rating,$9
HOVNP,$4,1441217482597,"5,100",100% bearish,of 1 rating,N/A
HBMD,$14.4,1441217482659,40,100% bearish,of 1 rating,N/A
HTGM,$5.75,1441217482760,"1,203",100% bearish,of 1 rating,$19.50
HSNI,$59.8,1441217482785,"39,191",Not yet rated,NULL,$80
HSON,$2.7097,1441217482856,"13,143",100% bearish,of 1 rating,$5
HUBG,$37.35,1441217482882,"44,090",100% bearish,of 1 rating,$43
HCBK,$8.97,1441217482909,"624,818",83% bullish,of 6 ratings,$8.61
HDSN,$3.12,1441217483016,"5,700",100% bullish,of 1 rating,$6.25
HURN,$72.25,1441217483069,"34,575",50% bullish,of 2 ratings,$80
HURC,$29.27,1441217483101,"10,262",100% bearish,of 1 rating,N/A
HBANP,$1347,1441217483122,29,100% bearish,of 1 rating,N/A
HBAN,$10.53,1441217483161,"2,197,406",76% bullish,of 17 ratings,$12.29
HTCH,$1.41,1441217483197,"51,288",100% bearish,of 1 rating,$3.50
HBP,$3.14,1441217483252,"3,976",100% bullish,of 1 rating,N/A
HDRA,NULL,1441217483383,0,Not yet rated,NULL,N/A
HDRAR,NULL,1441217483450,0,Not yet rated,NULL,N/A
HDRAU,$10.18,1441217483547,900,Not yet rated,NULL,N/A
HDRAW,NULL,1441217483597,0,Not yet rated,NULL,N/A
HYGS,$8.76,1441217483633,"25,387",50% bullish,of 2 ratings,$13
IDSY,$3.67,1441217483661,"74,850",100% bearish,of 1 rating,$7
IBKC,$58.92,1441217483687,"29,306",100% bullish,of 1 rating,$70
IACI,$69.8,1441217483727,"354,592",80% bullish,of 5 ratings,$90
IKGH,$1.44,1441217483755,"3,700",75% bullish,of 4 ratings,N/A
ICAD,$3.71,1441217483887,"28,337",100% bullish,of 2 ratings,$7.25
ICLR,$75.7225,1441217483935,"147,875",100% bearish,of 3 ratings,$85
IEP,$69.29,1441217484068,"27,632",75% bullish,of 4 ratings,$99
ICFI,$34.23,1441217484120,"21,862",50% bullish,of 2 ratings,$48.50
ICUI,$111.11,1441217484149,"68,484",Not yet rated,NULL,$122
ICON,$13.14,1441217484180,"219,013",50% bullish,of 2 ratings,$28
IPWR,$7.34,1441217484246,"7,098",100% bullish,of 1 rating,$15
INVE,$4.42,1441217484272,"23,080",75% bullish,of 4 ratings,$4
IDRA,$2.83,1441217484343,"230,089",89% bullish,of 9 ratings,$6.50
IDXX,$72.16,1441217484373,"171,707",100% bearish,of 1 rating,$76
IROQ,$16.83,1441217484403,100,100% bullish,of 1 rating,N/A
IRG,$4.915,1441217484471,"7,816",100% bearish,of 1 rating,$4.25
DSKY,$10.95,1441217484541,"30,059",67% bullish,of 6 ratings,$11.50
KANG,$15.59,1441217484569,"236,791",50% bullish,of 2 ratings,$23.10
IIVI,$16.32,1441217484602,"84,257",100% bearish,of 1 rating,$22
RXDX,$14,1441217484647,"52,679",100% bullish,of 1 rating,$20
IKAN,$2.73,1441217484778,"15,479",83% bullish,of 6 ratings,$5
IKNX,NULL,1441217484835,0,100% bearish,of 1 rating,N/A
ILMN,$195.64,1441217484880,"194,427",80% bullish,of 5 ratings,$245
ISNS,$4.13,1441217484928,"5,194",50% bullish,of 2 ratings,N/A
ICCC,$6.6,1441217484974,"21,755",100% bullish,of 1 rating,N/A
IMNP,$1.22,1441217485016,"29,465",50% bullish,of 2 ratings,$6
IMMR,$11.51,1441217485068,"107,660",80% bullish,of 5 ratings,$15.50
IMGN,$13.2901,1441217485121,"256,681",75% bullish,of 4 ratings,$17.50
IMMU,$2.13,1441217485178,"210,348",86% bullish,of 7 ratings,$2
IMDZ,$15.94,1441217485206,"23,033",100% bearish,of 1 rating,$33
IPXL,$40.67,1441217485282,"112,705",67% bullish,of 3 ratings,$46.50
INCR,$42.005,1441217485310,"153,724",50% bullish,of 2 ratings,$53
IMMY,$7.73,1441217485338,"1,203",100% bearish,of 1 rating,$11
SAAS,$7.12,1441217485515,"239,657",50% bullish,of 2 ratings,$15
INCY,$120.561,1441217485554,"655,549",50% bullish,of 6 ratings,$125.50
IBCP,$13.95,1441217485615,"33,394",100% bullish,of 1 rating,$14.50
INFN,$21.81,1441217485702,"267,821",71% bullish,of 7 ratings,$28
INDB,$43.93,1441217485730,"12,508",Not yet rated,NULL,$44
IBTX,$39.9,1441217485759,"6,856",100% bullish,of 2 ratings,$47.25
IDSA,NULL,1441217485785,0,Not yet rated,NULL,N/A
INFI,$9.01,1441217485806,"113,475",50% bullish,of 4 ratings,$16.50
IFON,$1.3,1441217485992,"7,699",75% bullish,of 4 ratings,N/A
IPCC,$75.57,1441217486020,"10,549",Not yet rated,NULL,$77.50
III,$3.68,1441217486044,"59,825",57% bullish,of 7 ratings,$6
IMKTA,$49.51,1441217486074,"30,041",100% bearish,of 1 rating,N/A
INWK,$6.96,1441217486108,"36,634",50% bullish,of 2 ratings,$10
INNL,NULL,1441217486129,0,100% bearish,of 1 rating,$16.50
INOD,$2.35,1441217486218,"1,337",100% bearish,of 1 rating,N/A
IPHS,$46.52,1441217486348,"23,686",100% bearish,of 1 rating,$60
IOSP,$49.84,1441217486406,"132,975",100% bearish,of 1 rating,N/A
INGN,$49.43,1441217486479,"46,628",100% bearish,of 1 rating,$50.50
ISSC,$2.81,1441217486513,"16,300",67% bearish,of 3 ratings,N/A
ITEK,$13.735,1441217486612,"265,965",100% bearish,of 3 ratings,$20
NSIT,$24.5799,1441217486640,"74,280",50% bullish,of 2 ratings,N/A
INOV,$21.54,1441217486667,"166,524",100% bearish,of 1 rating,$33
INO,$7.08,1441217486688,"326,333",89% bullish,of 18 ratings,$20
ISIG,$2.6778,1441217486822,"1,350",100% bearish,of 1 rating,N/A
IIIN,$17.59,1441217486852,"12,699",100% bearish,of 2 ratings,N/A
INSM,$24.26,1441217486873,"87,433",71% bullish,of 7 ratings,$31.50
PODD,$28.49,1441217486904,"72,508",67% bearish,of 3 ratings,$35
NTEC,$5.66,1441217487032,"4,620",100% bearish,of 1 rating,N/A
IART,$59.74,1441217487090,"113,145",100% bearish,of 2 ratings,$71.50
IDTI,$18.755,1441217487167,"557,970",60% bullish,of 5 ratings,$25
INSY,$33.735,1441217487194,"179,417",75% bullish,of 4 ratings,$48
INTC,$28.46,1441217487252,"12,331,391",82% bullish,of 238 ratings,$36
ISSI,$21.99,1441217487278,"39,903",67% bullish,of 3 ratings,$19.75
IESC,$7.21,1441217487299,"1,605",100% bearish,of 1 rating,N/A
IPCI,$2.22,1441217487474,"17,058",67% bullish,of 6 ratings,$8
IPAR,$24.91,1441217487501,"13,997",67% bullish,of 3 ratings,$38
IQNT,$18.53,1441217487522,"75,605",86% bullish,of 7 ratings,$20
ININ,$34.545,1441217487657,"26,318",67% bearish,of 3 ratings,$57
ICPT,$186.77,1441217487687,"70,941",70% bullish,of 10 ratings,$359.50
ICLD,$1.8747,1441217487709,"75,774",75% bullish,of 4 ratings,N/A
IBKR,$37.3221,1441217487730,"400,279",100% bullish,of 1 rating,N/A
ICLDW,$1.17,1441217487766,200,100% bearish,of 1 rating,N/A
IDCC,$48.33,1441217487864,"56,486",80% bullish,of 5 ratings,$63
TILE,$23.95,1441217487969,"184,963",100% bearish,of 3 ratings,$27
INAP,$9.03,1441217488005,"203,264",75% bullish,of 4 ratings,$11
IMI,$2.01,1441217488036,"5,144",67% bullish,of 3 ratings,$2.22
IBOC,$24.65,1441217488099,"24,621",100% bearish,of 1 rating,N/A
IGLD,$7.35,1441217488124,520,50% bullish,of 2 ratings,N/A
ISCA,$32.01,1441217488149,"18,772",100% bearish,of 1 rating,N/A
IIJI,$9.14,1441217488334,100,50% bullish,of 2 ratings,$11.50
INPH,NULL,1441217488359,0,50% bullish,of 2 ratings,N/A
XENT,$25.72,1441217488407,"30,993",50% bullish,of 2 ratings,$36.50
PTNT,$3.02,1441217488438,200,Not yet rated,NULL,N/A
INTX,$2.06,1441217488507,"31,076",67% bullish,of 3 ratings,N/A
ISIL,$10.42,1441217488534,"295,616",50% bullish,of 6 ratings,$15
IILG,$19.47,1441217488570,"15,593",100% bearish,of 1 rating,$29
INTL,$25.34,1441217488664,"48,225",67% bearish,of 3 ratings,N/A
IVAC,$4.63,1441217488693,"11,884",100% bearish,of 1 rating,$6.625
IIN,NULL,1441217488795,0,100% bearish,of 1 rating,$12
ITCI,$26.785,1441217488825,"583,651",75% bearish,of 4 ratings,$40
INTLL,$25.9642,1441217488850,"5,200",Not yet rated,NULL,N/A
INTU,$85.28,1441217488876,"652,885",86% bullish,of 7 ratings,$107.50
SNAK,$8.42,1441217489003,"24,105",50% bullish,of 2 ratings,$14
ISRG,$507.05,1441217489040,"71,954",67% bullish,of 3 ratings,$600
INVT,$0.329,1441217489130,"119,400",67% bullish,of 3 ratings,N/A
ISBC,$11.48,1441217489161,"1,240,575",100% bullish,of 1 rating,$13.25
ISTR,$15.6101,1441217489182,749,100% bearish,of 1 rating,$18.50
NVIV,$9.15,1441217489257,"54,931",50% bullish,of 4 ratings,$24.50
ITIC,$71.12,1441217489364,400,100% bearish,of 2 ratings,N/A
IVTY,$13.74,1441217489419,"6,200",Not yet rated,NULL,$18
IPAS,$1.05,1441217489446,"196,964",67% bullish,of 3 ratings,N/A
DTUL,NULL,1441217489472,0,Not yet rated,NULL,N/A
DFVL,NULL,1441217489526,0,Not yet rated,NULL,N/A
IPGP,$82.39,1441217489600,"132,134",67% bearish,of 3 ratings,$109.50
IPCM,$79.3175,1441217489663,"145,090",50% bullish,of 2 ratings,$80.125
IRDM,$6.89,1441217489688,"722,989",60% bullish,of 5 ratings,$11.50
IRMD,$23.34,1441217489714,"9,006",67% bearish,of 3 ratings,$25
IRDMB,$265,1441217489845,"10,350",67% bearish,of 3 ratings,N/A
IRIX,$6.73,1441217489883,"1,924",100% bearish,of 1 rating,N/A
IRBT,$29.2,1441217489905,"78,241",67% bullish,of 6 ratings,$37
IRCP,NULL,1441217489942,0,100% bullish,of 2 ratings,N/A
IRWD,$10.94,1441217489976,"213,247",100% bearish,of 1 rating,$13
COMT,$33.0597,1441217490001,"4,841",100% bearish,of 1 rating,N/A
GNMA,$50.0301,1441217490032,511,Not yet rated,NULL,N/A
FCHI,NULL,1441217490075,0,NULL,NULL,NULL
IFAS,NULL,1441217490174,0,NULL,NULL,NULL
IFEU,$37.79,1441217490304,"7,099",Not yet rated,NULL,N/A
IFGL,$27.8401,1441217490351,"18,285",Not yet rated,NULL,N/A
IFNA,NULL,1441217490376,0,NULL,NULL,NULL
AXJS,NULL,1441217490399,0,NULL,NULL,NULL
ACWX,$39.79,1441217490420,"428,566",100% bearish,of 1 rating,N/A
ACWI,$54.76,1441217490454,"666,502",Not yet rated,NULL,N/A
AAIT,NULL,1441217490547,0,NULL,NULL,NULL
AAXJ,$52.21,1441217490586,"444,557",Not yet rated,NULL,N/A
EMDI,NULL,1441217490615,0,NULL,NULL,NULL
EEME,NULL,1441217490648,0,NULL,NULL,NULL
EMEY,NULL,1441217490684,0,NULL,NULL,NULL
EGRW,NULL,1441217490717,0,NULL,NULL,NULL
EEMA,$49.2,1441217490816,"25,696",Not yet rated,NULL,N/A
EEML,$26.6707,1441217490840,250,Not yet rated,NULL,N/A
EVAL,NULL,1441217490892,0,NULL,NULL,NULL
EUFN,$21.39,1441217490987,"54,642",100% bearish,of 1 rating,N/A
IEUS,$44.68,1441217491020,"4,006",100% bearish,of 1 rating,N/A
QAT,$21.33,1441217491086,4,Not yet rated,NULL,N/A
UAE,$17.98,1441217491170,"9,379",Not yet rated,NULL,N/A
IBB,$340.14,1441217491203,"332,292",63% bullish,of 8 ratings,N/A
SOXX,$81.27,1441217491235,"216,588",50% bullish,of 2 ratings,N/A
WOOD,$47.06,1441217491256,"22,282",50% bullish,of 2 ratings,N/A
EMIF,$27.8,1441217491298,"3,534",Not yet rated,NULL,N/A
ICLN,$9.2207,1441217491334,"16,771",50% bullish,of 2 ratings,N/A
ISHG,$79.76,1441217491469,"12,157",100% bearish,of 1 rating,N/A
ISIS,$50.84,1441217491554,"483,471",53% bullish,of 15 ratings,$67
IGOV,$90.86,1441217491580,"48,218",100% bearish,of 1 rating,N/A
INDY,$26.68,1441217491613,"36,650",50% bullish,of 2 ratings,N/A
ISLE,$19.98,1441217491709,"531,981",50% bullish,of 4 ratings,$16
ISRL,$126.18,1441217491740,2,100% bearish,of 1 rating,N/A
ITRI,$29.15,1441217491842,"80,972",100% bearish,of 1 rating,$37
ITRN,$23.81,1441217491896,"1,507",50% bullish,of 2 ratings,N/A
ITUS,$4.0799,1441217491923,"3,800",Not yet rated,NULL,N/A
IXYS,$11.07,1441217491944,"83,825",50% bullish,of 4 ratings,N/A
MAYS,$57,1441217491992,300,Not yet rated,NULL,N/A
XXIA,$15.15,1441217492076,"91,738",71% bullish,of 7 ratings,$14.625
JJSF,$112.39,1441217492104,"16,336",100% bearish,of 1 rating,N/A
JBHT,$72.58,1441217492125,"244,006",50% bullish,of 4 ratings,$89.50
JASO,$7.86,1441217492261,"330,943",82% bullish,of 17 ratings,$10
JCOM,$66.52,1441217492292,"97,158",100% bullish,of 2 ratings,$77
JKHY,$66.12,1441217492319,"176,244",67% bearish,of 3 ratings,$72
JACK,$77.35,1441217492393,"152,710",71% bullish,of 7 ratings,$105
JXSB,NULL,1441217492451,0,Not yet rated,NULL,N/A
JAXB,NULL,1441217492476,0,100% bullish,of 1 rating,N/A
JAGX,$3.3999,1441217492621,"5,004",Not yet rated,NULL,$10.50
ERW,NULL,1441217492653,0,Not yet rated,NULL,N/A
JAKK,$9.59,1441217492688,"130,728",60% bearish,of 5 ratings,$11
JRVR,$27.11,1441217492723,"18,078",Not yet rated,NULL,$32
JASN,$4.9,1441217492751,"5,397",50% bullish,of 2 ratings,$9.50
JMBA,$14.24,1441217492785,"74,404",75% bullish,of 4 ratings,$18
JASNW,NULL,1441217492806,0,50% bullish,of 2 ratings,N/A
JAZZ,$164.73,1441217492886,"66,571",80% bullish,of 15 ratings,$206.50
JD,$24.63,1441217492935,"2,601,629",75% bullish,of 16 ratings,$36
JTPY,NULL,1441217493071,0,100% bearish,of 1 rating,N/A
JCTCF,$9.65,1441217493103,100,100% bullish,of 1 rating,N/A
JST,$3.78,1441217493235,"3,670",75% bullish,of 4 ratings,N/A
DATE,$6.19,1441217493261,"44,780",75% bullish,of 4 ratings,$9
JIVE,$4.6,1441217493303,"78,670",75% bullish,of 4 ratings,$5
JBSS,$49.49,1441217493391,"12,916",67% bearish,of 3 ratings,N/A
JBLU,$23.32,1441217493418,"3,160,234",94% bullish,of 18 ratings,$27
JOEZ,$0.186,1441217493439,"137,238",92% bullish,of 12 ratings,N/A
WYIGU,NULL,1441217493460,0,100% bearish,of 1 rating,N/A
JNP,$11.77,1441217493596,"52,689",100% bullish,of 3 ratings,$15
KTWO,$20.88,1441217493631,"31,180",100% bearish,of 1 rating,$28.50
JUNO,$35.3799,1441217493654,"370,797",73% bullish,of 11 ratings,$71.50
JOUT,$24.41,1441217493680,"8,016",100% bearish,of 1 rating,$34
KBIO,$2.08,1441217493726,"10,381",50% bullish,of 4 ratings,N/A
KMDA,$3.45,1441217493870,"2,600",50% bullish,of 2 ratings,$8
KALU,$80.9,1441217493903,"62,759",67% bearish,of 3 ratings,$91
KNDI,$6.183,1441217494003,"121,649",86% bullish,of 22 ratings,N/A
KCLI,$46.37,1441217494031,"8,901",Not yet rated,NULL,N/A
KBSF,NULL,1441217494056,0,100% bullish,of 1 rating,N/A
KPTI,$14.08,1441217494087,"126,578",67% bearish,of 3 ratings,$39
KCAP,$4.6562,1441217494189,"23,359",75% bullish,of 4 ratings,$6
KMPH,$20.0345,1441217494237,"7,856",100% bearish,of 2 ratings,$22
KELYA,$14.34,1441217494269,"25,595",67% bullish,of 6 ratings,$20
KFFB,$8.54,1441217494333,"1,040",100% bearish,of 1 rating,N/A
KRNY,$11.32,1441217494363,"144,133",100% bearish,of 1 rating,$12
KELYB,NULL,1441217494384,0,50% bullish,of 2 ratings,N/A
KERX,$5.9,1441217494418,"264,706",82% bullish,of 11 ratings,$12
