Symbol,Price,Date,Volume,Rating,RatingVoteCount,OneYearEstimate
TFSCW,$0.21,1440782102737,"1,100",100% bearish,of 1 rating,N/A
FCCY,NULL,1440782102770,0,100% bullish,of 1 rating,$13
FCTY,NULL,1440782102792,0,100% bullish,of 1 rating,$8.50
PIH,$7.6801,1440782102813,"9,200",100% bearish,of 1 rating,N/A
TFSCR,NULL,1440782102851,0,Not yet rated,NULL,N/A
TFSC,NULL,1440782102872,0,100% bearish,of 1 rating,N/A
FLWS,$8.6,1440782102901,"291,953",80% bullish,of 5 ratings,$15
TFSCU,NULL,1440782102945,0,Not yet rated,NULL,N/A
UGLD,$9.308,1440782103105,"260,492",100% bearish,of 1 rating,N/A
DGLD,$80.99,1440782103130,"14,436",100% bullish,of 1 rating,N/A
SRCE,$29.25,1440782103174,"15,024",100% bullish,of 3 ratings,$33
VNET,$18.105,1440782103266,"308,409",60% bullish,of 5 ratings,$35
DSLV,$70.262,1440782103300,"5,831",100% bearish,of 1 rating,N/A
TWOU,$34.6,1440782103321,"83,756",50% bullish,of 2 ratings,$39
USLV,$12.39,1440782103356,"201,254",86% bullish,of 7 ratings,N/A
JOBS,$27.2,1440782103405,"23,404",50% bullish,of 4 ratings,$36
SIXD,$2.64,1440782103656,"75,237",Not yet rated,NULL,N/A
SHLM,$34.19,1440782103688,"16,258",100% bearish,of 1 rating,$47
CAFD,$15.08,1440782103742,"75,318",Not yet rated,NULL,$25
EGHT,$7.9612,1440782103790,"87,637",82% bullish,of 17 ratings,$11
AVHI,$13.95,1440782103837,"7,931",100% bearish,of 1 rating,$19
ABY,$22.6,1440782103969,"213,678",100% bearish,of 2 ratings,$46
ABAX,$47.2,1440782103994,"43,655",100% bearish,of 1 rating,$60
AAON,$20.6,1440782104020,"34,512",100% bearish,of 1 rating,$24
ABEO,$4.75,1440782104041,"19,954",50% bullish,of 4 ratings,$15.50
ABEOW,$1.8301,1440782104193,"1,961",100% bullish,of 1 rating,N/A
ACHC,$74.51,1440782104485,"164,671",50% bullish,of 2 ratings,$92
ACAD,$37.999,1440782104687,"196,734",80% bullish,of 20 ratings,$48
ABGB,$5.64,1440782104977,"24,141",67% bullish,of 3 ratings,$5.50
ACST,$0.3553,1440782105106,"1,256",100% bullish,of 2 ratings,N/A
XLRN,$29.265,1440782105204,"49,761",50% bullish,of 2 ratings,$57
AXAS,$1.99,1440782105263,"625,121",78% bullish,of 9 ratings,$3.50
ABMD,$98.13,1440782105335,"154,535",75% bullish,of 4 ratings,$100.50
ACTG,$9.47,1440782105365,"88,032",67% bullish,of 3 ratings,$18.50
ANCX,$20.04,1440782105467,"15,035",Not yet rated,NULL,$20
VXDN,$2,1440782105501,"19,885",100% bearish,of 1 rating,N/A
VXUP,$1.5896,1440782105547,"30,602",100% bearish,of 1 rating,N/A
ACRX,$4.34,1440782105576,"153,314",67% bearish,of 6 ratings,$5.50
AXDX,$18.755,1440782105606,"47,609",100% bearish,of 1 rating,N/A
ACET,$22.47,1440782105631,"36,732",75% bullish,of 4 ratings,$30
ARAY,$6.75,1440782105660,"320,284",100% bearish,of 1 rating,$10.50
ACHN,$7.78,1440782105834,"815,397",90% bullish,of 21 ratings,$16
ACIW,$21.31,1440782105910,"128,869",67% bearish,of 3 ratings,$24
AKAO,$6.8451,1440782105935,"14,918",75% bullish,of 4 ratings,$15
ACNB,$19.82,1440782106125,"2,870",Not yet rated,NULL,N/A
ACOR,$32.39,1440782106157,"303,839",67% bearish,of 3 ratings,$38.50
ATVI,$29.62,1440782106200,"20,779,612",68% bullish,of 84 ratings,$31.50
ACPW,$1.8,1440782106257,"26,670",100% bullish,of 4 ratings,$3.50
ACTS,$1.6199,1440782106283,"33,950",100% bearish,of 1 rating,N/A
ACTA,$14.22,1440782106331,"59,679",67% bearish,of 3 ratings,$25
ACUR,$3,1440782106361,"34,711",100% bullish,of 5 ratings,$1
ADMP,$3.76,1440782106460,"5,706",50% bullish,of 2 ratings,$10
ADMS,$20.6,1440782106545,"30,266",100% bearish,of 2 ratings,$36
ACXM,$20.99,1440782106591,"76,073",67% bullish,of 3 ratings,N/A
AEY,$2.36,1440782106648,"2,953",100% bearish,of 2 ratings,N/A
ADUS,$28.75,1440782106673,"12,541",100% bearish,of 1 rating,$31
ADAP,$11.455,1440782106723,"47,694",67% bullish,of 3 ratings,$22
ADEP,$6.86,1440782106858,"8,932",50% bullish,of 2 ratings,$10.75
ADTN,$15.84,1440782107019,"108,039",67% bullish,of 3 ratings,$17.125
ADBE,$79.02,1440782107047,"728,357",65% bullish,of 17 ratings,$90
AMD,$1.85,1440782107077,"3,625,365",83% bullish,of 103 ratings,$2
ADMA,$9.35,1440782107099,"10,648",Not yet rated,NULL,$19
ADRO,$20.2,1440782107136,"97,598",80% bullish,of 5 ratings,$45.50
AEIS,$24.5,1440782107182,"40,324",50% bullish,of 2 ratings,$32.50
ADXSW,$10.25,1440782107229,"1,450",100% bullish,of 1 rating,N/A
ADXS,$14.93,1440782107318,"285,199",64% bullish,of 14 ratings,$27
MULT,NULL,1440782107411,0,100% bearish,of 1 rating,N/A
AEGN,$18.39,1440782107544,"31,842",100% bearish,of 2 ratings,$21
YPRO,$22.91,1440782107568,1,100% bearish,of 1 rating,N/A
AEGR,$17.67,1440782107612,"115,156",50% bullish,of 6 ratings,$26
AEHR,$2.39,1440782107702,800,50% bullish,of 2 ratings,N/A
AMTX,$2.9601,1440782107728,"17,459",50% bullish,of 2 ratings,$26.11
AERI,$16.93,1440782107759,"212,122",75% bullish,of 4 ratings,$31.50
AEPI,$53.54,1440782107810,"5,731",100% bearish,of 1 rating,N/A
AVAV,$24.12,1440782107860,"32,034",50% bullish,of 4 ratings,$31
AEZS,$0.0867,1440782107885,"6,694,760",90% bullish,of 21 ratings,$1.50
AGEN,$7.245,1440782108065,"327,262",85% bullish,of 13 ratings,$14
AFMD,$10.19,1440782108098,"51,206",50% bullish,of 4 ratings,$15
AEMD,$7.24,1440782108120,"76,095",Not yet rated,NULL,$27.50
AFFX,$9.47,1440782108167,"84,990",80% bullish,of 5 ratings,$12.50
AGRX,$8.77,1440782108199,"12,306",100% bearish,of 1 rating,$17.50
AGYS,$10.03,1440782108299,"6,088",100% bearish,of 1 rating,N/A
AGIO,$90.19,1440782108436,"90,466",88% bullish,of 8 ratings,$114
AGFSW,$2.19,1440782108473,100,100% bearish,of 2 ratings,N/A
AIRM,$37.49,1440782108539,"75,569",80% bearish,of 5 ratings,$53
AGFS,$10.09,1440782108569,"78,091",100% bearish,of 1 rating,N/A
AIMT,$21.39,1440782108617,"117,763",Not yet rated,NULL,N/A
AIRT,$21.67,1440782108671,100,100% bullish,of 1 rating,N/A
AIXG,$6.43,1440782108749,"21,949",67% bearish,of 3 ratings,$5.25
ATSG,$8.98,1440782108782,"46,338",67% bullish,of 3 ratings,$13
AMCN,$4.545,1440782108882,"69,875",83% bullish,of 6 ratings,N/A
AKAM,$71.62,1440782108913,"616,104",63% bullish,of 8 ratings,$77
AKER,$2.6,1440782109018,"6,325",Not yet rated,NULL,N/A
AKRX,$41.32,1440782109050,"147,741",78% bullish,of 9 ratings,$56
AKBA,$6.8,1440782109151,"45,556",100% bearish,of 1 rating,$18
ALRM,$16.925,1440782109181,"94,371",100% bearish,of 1 rating,$22
AMRI,$20.46,1440782109285,"57,997",75% bearish,of 4 ratings,$24
ALSK,$2.1575,1440782109367,"61,438",78% bullish,of 18 ratings,$2
ADHD,$8.08,1440782109438,"88,769",50% bullish,of 4 ratings,$18
ALDR,$38.5,1440782109499,"86,498",67% bearish,of 3 ratings,$62
ABDC,$12.68,1440782109526,"11,484",Not yet rated,NULL,$15
ALXN,$177.305,1440782109709,"359,166",88% bullish,of 8 ratings,$223
ALCO,$42.22,1440782109737,"3,140",50% bullish,of 2 ratings,N/A
ALDX,$6.93,1440782109764,"15,416",100% bearish,of 1 rating,$14.50
ALGN,$57.16,1440782109811,"85,100",100% bearish,of 2 ratings,$73
ALXA,$1.1301,1440782109895,"6,853",83% bullish,of 6 ratings,$2.125
ALIM,$3.4797,1440782109924,"15,764",80% bullish,of 5 ratings,$10
ALKS,$61.71,1440782109948,"197,620",67% bullish,of 3 ratings,$75
ALLB,$22.8,1440782110086,429,Not yet rated,NULL,N/A
AFOP,$19.06,1440782110114,"50,371",75% bullish,of 8 ratings,$21
AIQ,$14.13,1440782110244,"3,025",67% bullish,of 3 ratings,N/A
AHGP,$36.64,1440782110270,"59,009",67% bullish,of 3 ratings,N/A
ALGT,$209.7,1440782110291,"46,833",100% bearish,of 2 ratings,$235
ARLP,$25.09,1440782110328,"125,150",67% bearish,of 3 ratings,$32
AHPI,$1.45,1440782110424,101,50% bullish,of 2 ratings,N/A
AMOT,$18.75,1440782110456,"36,916",100% bearish,of 1 rating,N/A
ALQA,$4.42,1440782110643,"13,164",75% bullish,of 4 ratings,$8.50
AFAM,$45.57,1440782110671,"15,487",50% bullish,of 2 ratings,$44
MDRX,$13.72,1440782110697,"327,503",60% bullish,of 5 ratings,$16
AOSL,$7.45,1440782110747,"25,737",67% bullish,of 3 ratings,$9
ALLT,$5.47,1440782110831,"102,201",75% bullish,of 4 ratings,$6.25
SMCP,NULL,1440782110961,0,Not yet rated,NULL,N/A
ALNY,$107.8899,1440782110998,"136,861",67% bullish,of 3 ratings,$148.50
ALTR,$48.6,1440782111114,"390,303",80% bearish,of 5 ratings,$54
ATEC,$0.5641,1440782111146,"8,900",100% bullish,of 1 rating,$2
ASPS,$26.04,1440782111169,"77,078",67% bullish,of 3 ratings,$46.50
AMRN,$2.19,1440782111190,"485,249",85% bullish,of 39 ratings,$8
AIMC,$24.81,1440782111224,"41,353",100% bearish,of 2 ratings,$28.50
AMAG,$65.43,1440782111352,"150,416",100% bullish,of 2 ratings,$77.50
AMRK,$10,1440782111419,450,50% bullish,of 2 ratings,$14
AYA,$20.65,1440782111452,"7,478",100% bearish,of 1 rating,$40
AMBCW,NULL,1440782111614,0,100% bearish,of 1 rating,N/A
AMZN,$515.91,1440782111682,"717,836",81% bullish,of 264 ratings,$646
AMBA,$96.12,1440782111710,"1,082,672",83% bullish,of 12 ratings,$102.50
AMBC,$15.95,1440782111740,"61,440",100% bearish,of 1 rating,$16.50
AMDA,$0.465,1440782111840,"374,835",90% bullish,of 10 ratings,$1
AMCX,$73.24,1440782111868,"154,675",67% bullish,of 3 ratings,$87.50
DOX,$57.67,1440782111898,"99,106",67% bearish,of 3 ratings,$60
EPAX,$2.69,1440782111946,"73,147",100% bearish,of 1 rating,N/A
AMED,$39.35,1440782112078,"87,050",100% bearish,of 1 rating,$42
ASBI,$22.78,1440782112103,573,Not yet rated,NULL,N/A
AMOV,$18.43,1440782112247,"2,056",100% bearish,of 1 rating,N/A
UHAL,$376.04,1440782112273,"13,670",100% bullish,of 2 ratings,$393.50
ATAX,$5.1663,1440782112298,"37,810",100% bullish,of 1 rating,$6.50
AGNC,$19.315,1440782112494,"810,484",71% bullish,of 28 ratings,$22
AGNCB,$24.2701,1440782112531,"5,300",Not yet rated,NULL,N/A
MTGE,$15.22,1440782112557,"411,317",75% bullish,of 4 ratings,$19.50
AAL,$38.49,1440782112593,"3,747,445",93% bullish,of 88 ratings,$57
MTGEP,$24.4082,1440782112619,103,Not yet rated,NULL,N/A
ACSF,$12.37,1440782112687,"7,767",100% bearish,of 1 rating,$15
AGNCP,$25.33,1440782112714,"2,528",Not yet rated,NULL,N/A
AMIC,NULL,1440782112979,0,Not yet rated,NULL,N/A
AETI,NULL,1440782113007,0,67% bearish,of 3 ratings,N/A
ANCI,$1.55,1440782113033,122,100% bearish,of 1 rating,N/A
ACAS,$13.865,1440782113166,"378,465",60% bullish,of 5 ratings,$16.75
ANAT,$100.44,1440782113194,"16,311",100% bullish,of 1 rating,N/A
APEI,$22.525,1440782113234,"13,620",100% bearish,of 1 rating,$25.50
AMNB,$23.37,1440782113364,"2,125",Not yet rated,NULL,$25.50
AMRB,$10.08,1440782113391,"1,107",Not yet rated,NULL,$11
ARII,$40.75,1440782113426,"66,427",67% bearish,of 3 ratings,$45
AMSWA,$8.95,1440782113525,"89,543",100% bearish,of 2 ratings,$10.75
ASEI,$38.72,1440782113555,"4,901",100% bearish,of 1 rating,$52.50
AMWD,$66.19,1440782113585,"21,748",50% bullish,of 2 ratings,$70
AMSC,$4.62,1440782113690,"49,907",50% bullish,of 4 ratings,N/A
CRMT,$36.1699,1440782113719,"7,468",100% bearish,of 1 rating,$39
AMSF,$46.58,1440782113756,"22,339",Not yet rated,NULL,$57.50
ABCB,$26.82,1440782113854,"39,988",Not yet rated,NULL,$31
ASRV,$3.202,1440782114013,"10,100",100% bullish,of 2 ratings,N/A
ASRVP,NULL,1440782114048,0,Not yet rated,NULL,N/A
AMGN,$155.18,1440782114118,"1,429,408",89% bullish,of 19 ratings,$185
ATLO,$23.87,1440782114147,"3,081",Not yet rated,NULL,N/A
FOLD,$14.861,1440782114168,"265,654",56% bullish,of 9 ratings,$21
AMSG,$80.23,1440782114198,"90,392",100% bearish,of 1 rating,$85.50
AMKR,$5.105,1440782114219,"596,678",100% bearish,of 2 ratings,$5
AMPH,$13.3125,1440782114360,"49,283",50% bullish,of 2 ratings,$20
AMRS,$1.74,1440782114624,"24,002",70% bullish,of 10 ratings,N/A
AMSGP,$153.95,1440782114688,"32,858",Not yet rated,NULL,N/A
ASYS,$5.39,1440782114716,"15,620",67% bullish,of 3 ratings,$12
AFSI,$58.5,1440782114737,"76,702",60% bullish,of 5 ratings,$72
ANAC,$133.84,1440782114874,"139,401",80% bullish,of 5 ratings,$180.50
ADI,$56.79,1440782115093,"886,260",67% bullish,of 3 ratings,$69
AMCF,$0.2366,1440782115154,"1,284",100% bullish,of 7 ratings,N/A
ALOG,$79.4,1440782115222,"24,203",100% bearish,of 2 ratings,$100.50
ANAD,$0.33,1440782115256,"45,193",100% bullish,of 2 ratings,$.50
ANGI,$5.21,1440782115305,"158,945",64% bullish,of 11 ratings,$5.50
ANIK,$35.89,1440782115475,"57,874",60% bullish,of 5 ratings,$51.25
ANIP,$51.69,1440782115500,"76,441",89% bullish,of 19 ratings,$66
ANGO,$14.65,1440782115582,"24,269",67% bullish,of 3 ratings,$19
ANSS,$89.55,1440782115717,"104,240",100% bearish,of 1 rating,$100
ANTH,$7.4086,1440782115757,"294,614",80% bullish,of 10 ratings,$13
ABCW,$41.17,1440782115786,"5,002",67% bullish,of 3 ratings,N/A
ATRS,$1.79,1440782115848,"124,922",92% bullish,of 12 ratings,$4.50
ATNY,$2.34,1440782115876,"1,099",50% bullish,of 2 ratings,$3.75
ABAC,$0.7456,1440782115899,"4,785",100% bearish,of 1 rating,N/A
ANCB,$22,1440782116033,"28,700",Not yet rated,NULL,$23
APOL,$11.57,1440782116208,"330,156",87% bearish,of 68 ratings,$14
APPF,$16.59,1440782116346,"10,737",50% bullish,of 2 ratings,$22
ARCI,NULL,1440782116379,0,Not yet rated,NULL,N/A
APOG,$51.1,1440782116405,"36,359",50% bullish,of 2 ratings,$67
AAPL,$112.73,1440782116432,"17,025,472",86% bullish,of 2351 ratings,$150
AINV,$6.64,1440782116463,"400,371",50% bullish,of 4 ratings,$8
APIC,$6.92,1440782116484,"59,215",100% bearish,of 1 rating,$19
APDN,$3.3,1440782116513,"31,215",Not yet rated,NULL,$9
APDNW,NULL,1440782116644,0,Not yet rated,NULL,N/A
AMAT,$16.02,1440782116714,"3,134,805",82% bullish,of 11 ratings,$23
AMCC,$5.785,1440782116794,"163,561",80% bullish,of 5 ratings,$8
AGTC,$16.29,1440782116819,"24,448",50% bullish,of 2 ratings,$33
AAOI,$21.38,1440782116852,"92,735",50% bullish,of 4 ratings,$26
AREX,$2.36,1440782117024,"549,912",100% bearish,of 1 rating,$3
APRI,$1.3758,1440782117058,"330,135",83% bullish,of 6 ratings,$4.86
AQMS,$5,1440782117160,"42,186",Not yet rated,NULL,N/A
AQXP,$17.4126,1440782117187,"103,747",50% bullish,of 2 ratings,$2
AUMA,$9.89,1440782117214,115,Not yet rated,NULL,N/A
APTO,$5.09,1440782117257,"12,639",Not yet rated,NULL,$17
AUMAW,NULL,1440782117284,0,Not yet rated,NULL,N/A
AUMAU,NULL,1440782117348,0,Not yet rated,NULL,N/A
ARDM,NULL,1440782117453,0,100% bullish,of 1 rating,$26
ABUS,$7.38,1440782117587,"106,267",86% bullish,of 14 ratings,$23
PETX,$17.555,1440782117615,"83,254",100% bearish,of 2 ratings,$26
ARCW,$3.59,1440782117725,"3,024",100% bearish,of 2 ratings,$10.50
RKDA,$6.38,1440782117792,"5,769",100% bearish,of 2 ratings,$10
ABIO,$0.8899,1440782117818,"30,722",50% bullish,of 2 ratings,$3.75
ARCB,$29.24,1440782117853,"52,991",67% bearish,of 3 ratings,$39.50
ARDX,$18.6,1440782117950,"34,599",50% bullish,of 2 ratings,$24.50
ACGL,$67.57,1440782117990,"54,449",50% bullish,of 2 ratings,$72
ACAT,$26.66,1440782118017,"44,777",100% bearish,of 3 ratings,$33
ARNA,$2.725,1440782118151,"1,249,862",90% bullish,of 78 ratings,$5.50
ARCC,$15.75,1440782118177,"743,708",67% bearish,of 3 ratings,$17.875
AGII,$54.65,1440782118198,"30,195",Not yet rated,NULL,$59.50
AGIIL,$25.24,1440782118228,"8,727",Not yet rated,NULL,N/A
ARGS,$6.15,1440782118369,"13,000",50% bullish,of 2 ratings,$19.50
ARIS,$3.83,1440782118399,"16,496",Not yet rated,NULL,$4.50
ARIA,$8.27,1440782118469,"3,555,813",87% bullish,of 46 ratings,$9
ARKR,$25.19,1440782118534,2,50% bullish,of 2 ratings,N/A
ARTX,$1.5061,1440782118562,"42,103",88% bullish,of 16 ratings,$4.50
ARWA,NULL,1440782118594,0,Not yet rated,NULL,N/A
ARMH,$42.77,1440782118691,"470,339",54% bearish,of 13 ratings,$60
ARWAR,NULL,1440782118736,0,Not yet rated,NULL,N/A
ARWAU,NULL,1440782118868,0,100% bullish,of 1 rating,N/A
ARWAW,NULL,1440782118897,0,Not yet rated,NULL,N/A
ARQL,$1.7372,1440782118927,"45,923",75% bullish,of 4 ratings,$5
ARRY,$5.92,1440782118948,"328,157",100% bullish,of 7 ratings,$10
ARRS,$26.79,1440782119002,"276,111",50% bullish,of 2 ratings,$38
AROW,$27.37,1440782119161,"7,199",Not yet rated,NULL,N/A
ARWR,$5.751,1440782119190,"248,041",75% bullish,of 4 ratings,$10.50
DWAT,$9.94,1440782119211,"1,850",100% bearish,of 1 rating,N/A
ARTNA,$22.0196,1440782119341,"3,450",100% bearish,of 1 rating,$29
ARTW,$4.2501,1440782119370,"1,365",75% bearish,of 4 ratings,N/A
ASBB,NULL,1440782119394,0,Not yet rated,NULL,N/A
ASTI,$0.1077,1440782119567,"861,017",83% bullish,of 6 ratings,$3
ASNA,$12.025,1440782119599,"804,794",50% bullish,of 2 ratings,$18
APWC,$1.71,1440782119625,729,100% bearish,of 1 rating,N/A
ASML,$92.29,1440782119671,"261,259",50% bullish,of 4 ratings,$127
ASND,$19.045,1440782119700,"28,602",100% bullish,of 1 rating,$30
ASCMA,$27.52,1440782119766,"25,024",100% bearish,of 1 rating,$45
AZPN,$37.81,1440782119803,"177,073",50% bullish,of 2 ratings,$42
ASMI,NULL,1440782119859,0,NULL,NULL,NULL
ASMB,$13.11,1440782119938,"18,298",67% bullish,of 3 ratings,N/A
ASFI,$8.9101,1440782120003,"3,400",100% bullish,of 1 rating,N/A
ALOT,NULL,1440782120096,0,100% bearish,of 1 rating,N/A
ATRO,$53.06,1440782120142,"27,880",100% bearish,of 2 ratings,$80
ASTE,$37.66,1440782120167,"16,166",100% bearish,of 1 rating,$48
ASUR,$5.96,1440782120321,900,50% bullish,of 2 ratings,$8
ATAI,$2.55,1440782120417,"3,877",100% bearish,of 1 rating,N/A
ASTC,$2.01,1440782120452,"9,150",100% bullish,of 5 ratings,N/A
ATHX,$1.13,1440782120552,"68,220",89% bullish,of 9 ratings,$5
AFCB,NULL,1440782120580,0,Not yet rated,NULL,N/A
ATRA,$39.21,1440782120608,"33,449",50% bullish,of 2 ratings,$68
ATHN,$136.47,1440782120632,"38,194",67% bearish,of 3 ratings,$153
AAPC,$10.1,1440782120685,16,Not yet rated,NULL,N/A
ACFC,$5.46,1440782120764,"14,267",100% bearish,of 1 rating,$6.50
ATNI,$71.18,1440782120791,"9,122",100% bearish,of 1 rating,$69.50
AAWW,$41.97,1440782120922,"178,351",50% bullish,of 2 ratings,$65
ATLC,$3.89,1440782120959,100,67% bullish,of 3 ratings,N/A
AAME,$3.6,1440782121054,900,Not yet rated,NULL,N/A
AFH,$16.3,1440782121086,"37,304",Not yet rated,NULL,$21.50
ATOS,$0.77,1440782121139,"110,670",100% bullish,of 7 ratings,$7
ATML,$8.15,1440782121187,"2,373,133",78% bullish,of 9 ratings,$9.50
ATRI,$393.2,1440782121358,825,Not yet rated,NULL,N/A
ATRC,$25.38,1440782121426,"39,570",100% bullish,of 1 rating,$30
LIFE,$14.596,1440782121457,"19,526",86% bullish,of 7 ratings,$43
ATTU,$13.44,1440782121630,"15,444",100% bearish,of 1 rating,$20.50
AUDC,$3.39,1440782121662,"26,924",80% bullish,of 5 ratings,$5
ATRM,$2.9,1440782121728,"2,465",50% bullish,of 2 ratings,N/A
AUPH,$3,1440782121754,"44,103",100% bearish,of 1 rating,$8
EARS,$4.82,1440782121780,"3,876",100% bearish,of 2 ratings,$11.50
AUBN,$27.24,1440782121805,300,Not yet rated,NULL,N/A
ADAT,$0.3,1440782121991,"186,199",100% bullish,of 2 ratings,N/A
ADSK,$47.34,1440782122026,"4,208,393",67% bullish,of 6 ratings,$69.50
ABTL,$17.93,1440782122117,"38,609",100% bullish,of 4 ratings,$20.25
ADP,$78.27,1440782122143,"818,904",100% bearish,of 1 rating,$88
AAVL,$10.75,1440782122218,"148,418",100% bearish,of 1 rating,$20
AVNU,$12.4,1440782122278,"1,206",Not yet rated,NULL,$14
AVGO,$126.53,1440782122304,"1,024,597",88% bullish,of 8 ratings,$165
AVEO,$1.365,1440782122435,"335,773",75% bullish,of 8 ratings,$3
AVNW,$1.13,1440782122464,"80,067",50% bullish,of 2 ratings,$2.20
AVID,$8.5219,1440782122621,"135,663",100% bearish,of 1 rating,$20
CAR,$43.85,1440782122658,"337,152",80% bullish,of 5 ratings,$60
ACLS,$3.2,1440782122686,"116,008",67% bullish,of 6 ratings,$4.75
AVGR,$15.01,1440782122719,"21,497",100% bearish,of 1 rating,$20
AWRE,$3.2,1440782122746,"6,168",67% bullish,of 3 ratings,N/A
AXPW,$1.07,1440782122821,"26,407",83% bullish,of 6 ratings,N/A
AXPWW,NULL,1440782122926,0,Not yet rated,NULL,N/A
AXTI,$2.21,1440782123083,"23,389",50% bullish,of 2 ratings,$2.75
AXGN,$4.487,1440782123108,"146,788",Not yet rated,NULL,$5
RILY,NULL,1440782123136,0,Not yet rated,NULL,N/A
BCOM,$18.86,1440782123161,40,100% bearish,of 1 rating,N/A
BEAV,$49.28,1440782123310,"218,256",67% bearish,of 3 ratings,$59
BOSC,$2.26,1440782123351,850,50% bullish,of 2 ratings,N/A
BCPC,$58.3,1440782123378,"36,858",100% bearish,of 1 rating,$75
BIDU,$151.94,1440782123450,"1,166,545",81% bullish,of 88 ratings,$210
BWINA,NULL,1440782123511,0,Not yet rated,NULL,N/A
BWINB,$22.85,1440782123543,"3,200",Not yet rated,NULL,N/A
BLDP,$1.2705,1440782123592,"209,406",91% bullish,of 22 ratings,$2.50
BANF,$59.52,1440782123641,"3,602",Not yet rated,NULL,$68
BANFP,NULL,1440782123777,0,Not yet rated,NULL,N/A
BKMU,$7.2,1440782123917,"37,656",Not yet rated,NULL,$8
BKSC,$16.4999,1440782123978,935,Not yet rated,NULL,N/A
BOCH,$5.79,1440782124013,"4,548",Not yet rated,NULL,$6.50
BMRC,$47.8,1440782124066,"1,304",Not yet rated,NULL,$52
BOTJ,NULL,1440782124091,0,Not yet rated,NULL,N/A
OZRK,$41.745,1440782124150,"152,997",67% bullish,of 3 ratings,$49.50
BFIN,$12.17,1440782124286,"9,804",Not yet rated,NULL,$13
BWFG,$18,1440782124312,"85,905",100% bearish,of 1 rating,N/A
TAPR,$31.67,1440782124371,"1,050",100% bearish,of 1 rating,N/A
BHAC,$9.81,1440782124445,400,Not yet rated,NULL,N/A
BANR,$43.75,1440782124474,"12,527",100% bullish,of 3 ratings,$50
BZUN,$5.32,1440782124495,"288,554",50% bullish,of 2 ratings,$11.50
BHACR,NULL,1440782124525,0,Not yet rated,NULL,N/A
BHACW,NULL,1440782124755,0,Not yet rated,NULL,N/A
BHACU,NULL,1440782124789,0,Not yet rated,NULL,N/A
BSET,$28.2803,1440782124854,"11,602",100% bearish,of 1 rating,$35
BYBK,$4.8601,1440782124882,"8,264",100% bearish,of 1 rating,N/A
BYLK,$13,1440782124907,"2,297",Not yet rated,NULL,$14
BBSI,$35.52,1440782124988,"23,892",67% bearish,of 3 ratings,$62.50
BV,$5.17,1440782125118,"162,835",67% bullish,of 6 ratings,$9
BCBP,NULL,1440782125168,0,Not yet rated,NULL,N/A
BDCV,$4.9699,1440782125298,"3,600",100% bearish,of 1 rating,$10.19
BBCN,$14.51,1440782125322,"65,865",100% bearish,of 1 rating,$16
BBGI,NULL,1440782125348,0,100% bullish,of 1 rating,N/A
BECN,$35.59,1440782125373,"143,651",50% bullish,of 2 ratings,$40
BSF,$8.64,1440782125398,"6,274",Not yet rated,NULL,N/A
BEBE,$1.385,1440782125717,"1,912,445",75% bullish,of 4 ratings,$3.075
BBBY,$62.77,1440782125783,"563,838",71% bullish,of 7 ratings,$75
BELFA,$14.87,1440782125962,12,100% bearish,of 1 rating,N/A
BELFB,$17.98,1440782126117,"8,434",100% bearish,of 1 rating,N/A
BNFT,$36.15,1440782126157,"37,954",67% bullish,of 3 ratings,$46
BNTC,$7.95,1440782126205,"28,320",100% bullish,of 1 rating,N/A
BNCL,$12.38,1440782126235,"63,244",100% bullish,of 3 ratings,$12.50
BLPH,$5.11,1440782126334,"2,023",100% bearish,of 1 rating,$12.50
BLCM,$17.21,1440782126362,"78,458",50% bullish,of 4 ratings,$40
BGCP,$8.7735,1440782126432,"261,955",88% bullish,of 8 ratings,$14
BGMD,$0.7334,1440782126461,"167,104",100% bullish,of 10 ratings,N/A
BGFV,$11.12,1440782126497,"35,540",57% bullish,of 7 ratings,$12
ORPN,$6.0199,1440782126592,"17,187",100% bullish,of 1 rating,$28.50
BIND,$4.49,1440782126620,"30,082",75% bullish,of 4 ratings,$13.50
BASI,$1.64,1440782126670,"3,014",Not yet rated,NULL,N/A
BCDA,NULL,1440782126850,0,Not yet rated,NULL,N/A
BIOC,$1.9399,1440782126914,"68,157",83% bullish,of 6 ratings,$3.85
BCRX,$11.3,1440782126976,"114,348",63% bullish,of 8 ratings,$18
BDSI,$6.895,1440782127069,"203,095",88% bullish,of 8 ratings,$17
BIOD,$0.673,1440782127101,"1,800",80% bullish,of 5 ratings,$4
BIOL,$1.447,1440782127128,"11,372",Not yet rated,NULL,N/A
BIIB,$302.06,1440782127150,"498,241",88% bullish,of 16 ratings,$400
BLFS,$2.12,1440782127210,"16,030",100% bearish,of 1 rating,$4.75
BLRX,$1.52,1440782127352,"85,270",100% bullish,of 12 ratings,$5
BPTH,$1.09,1440782127438,"9,485",100% bullish,of 2 ratings,$5
BVXV,$3.6325,1440782127468,"2,361",Not yet rated,NULL,N/A
BRLI,NULL,1440782127495,0,NULL,NULL,NULL
BVXVW,$0.7,1440782127597,300,100% bearish,of 1 rating,N/A
BIOS,$2.325,1440782127626,"241,406",71% bullish,of 7 ratings,$4
BMRN,$131.97,1440782127727,"167,102",80% bullish,of 5 ratings,$160
BBC,$31.66,1440782127751,"8,333",Not yet rated,NULL,N/A
BBP,$33.1001,1440782127912,"16,728",Not yet rated,NULL,N/A
BSPM,$0.66,1440782128056,"49,462",50% bullish,of 2 ratings,N/A
BSTC,$51.57,1440782128083,"17,444",100% bearish,of 1 rating,$76
BDMS,NULL,1440782128111,0,100% bearish,of 1 rating,N/A
BEAT,$14.554,1440782128135,"124,977",67% bearish,of 3 ratings,$15
BOTA,$2.095,1440782128169,"9,490",88% bullish,of 8 ratings,N/A
TECH,$95.81,1440782128191,"67,963",100% bullish,of 1 rating,$117
BITI,$17,1440782128274,"7,337",100% bullish,of 1 rating,$28
BJRI,$44.21,1440782128427,"55,778",50% bullish,of 2 ratings,$55
BBOX,$14.93,1440782128455,"30,554",100% bearish,of 1 rating,N/A
BDE,$7.46,1440782128482,"43,732",50% bullish,of 2 ratings,$9
BLKB,$57.7003,1440782128503,"69,469",100% bearish,of 2 ratings,$66
BBRY,$7.35,1440782128531,"2,377,595",61% bullish,of 330 ratings,$9
HAWK,$40.35,1440782128739,"130,144",91% bullish,of 11 ratings,$49
BKCC,$9.36,1440782128842,"201,325",50% bullish,of 2 ratings,$10
ADRA,NULL,1440782128872,0,100% bearish,of 1 rating,N/A
ADRD,$22.2175,1440782128893,"9,107",100% bearish,of 1 rating,N/A
BLMN,$20.3235,1440782128935,"349,470",83% bullish,of 6 ratings,$27.50
ADRU,NULL,1440782128961,0,100% bearish,of 1 rating,N/A
ADRE,$30.182,1440782128982,"8,053",100% bearish,of 1 rating,N/A
BCOR,$13.765,1440782129158,"74,981",57% bullish,of 7 ratings,$15
BLBD,$11.72,1440782129223,"4,011",Not yet rated,NULL,N/A
BBLU,$0.8,1440782129314,"79,746",100% bullish,of 2 ratings,$4.43
BUFF,$26.41,1440782129353,"89,694",83% bullish,of 12 ratings,$31.50
BHBK,$13.8601,1440782129381,"12,735",100% bullish,of 1 rating,$14.50
NILE,$33.965,1440782129406,"46,251",50% bullish,of 2 ratings,$34
BLUE,$135.9949,1440782129587,"117,871",71% bullish,of 7 ratings,$217.50
BKEPP,NULL,1440782129629,0,100% bearish,of 1 rating,N/A
BKEP,$6.43,1440782129684,"5,415",100% bearish,of 1 rating,$8.50
BOBE,$43.188,1440782129718,"32,405",75% bullish,of 4 ratings,$57
BOFI,$118.76,1440782129755,"107,391",100% bullish,of 6 ratings,$144
WIFI,$7.57,1440782129851,"55,273",50% bullish,of 2 ratings,$13.50
BPMC,$26.46,1440782129881,"52,710",50% bullish,of 2 ratings,$47.50
BOJA,$21.26,1440782129908,"29,761",100% bullish,of 1 rating,$30
BNCN,$20.42,1440782130113,"62,623",Not yet rated,NULL,$24
BOKF,$62.61,1440782130176,"40,637",100% bearish,of 1 rating,$69
BONA,$11.791,1440782130246,"27,849",75% bullish,of 4 ratings,$8.50
BNSO,$1.31,1440782130297,190,100% bearish,of 1 rating,N/A
BAMM,$3.07,1440782130379,"23,474",60% bullish,of 5 ratings,N/A
BPFHW,$5.5,1440782130432,"3,130",100% bearish,of 1 rating,N/A
BPFH,$11.82,1440782130462,"75,545",100% bearish,of 1 rating,$14
BPFHP,$25,1440782130561,"3,550",100% bearish,of 1 rating,N/A
EPAY,$26.62,1440782130655,"46,284",100% bearish,of 2 ratings,$30
BDBD,$8.29,1440782130686,"257,594",60% bullish,of 5 ratings,$10
BBEP,$2.92,1440782130711,"1,851,205",69% bullish,of 13 ratings,$5.625
BCLI,$2.96,1440782130788,"32,578",80% bullish,of 5 ratings,$12
BBRG,$12.775,1440782130855,"28,963",67% bullish,of 3 ratings,$14.50
BBEPP,$14.525,1440782130882,"34,778",100% bearish,of 1 rating,N/A
BDGE,$26.25,1440782131021,"9,427",Not yet rated,NULL,$31.75
BLIN,$1.4,1440782131121,"5,000",100% bullish,of 2 ratings,$2.20
BCOV,$5.33,1440782131169,"28,169",67% bullish,of 3 ratings,$10.20
BRID,NULL,1440782131194,0,100% bearish,of 1 rating,N/A
BRCM,$51.705,1440782131229,"869,561",75% bullish,of 12 ratings,$56
BSFT,$31.84,1440782131330,"46,196",57% bullish,of 7 ratings,$40.50
BWEN,$3.24,1440782131359,"28,198",100% bullish,of 3 ratings,$8
BVSN,$6.01,1440782131458,"12,339",60% bearish,of 5 ratings,N/A
BYFC,NULL,1440782131496,0,50% bullish,of 2 ratings,N/A
BRKL,$10.502,1440782131602,"83,977",100% bearish,of 1 rating,$10.75
BRKS,$10.43,1440782131630,"42,823",67% bullish,of 3 ratings,$15.25
BRCD,$10.71,1440782131655,"987,943",92% bullish,of 13 ratings,$11.50
BRKR,$18.45,1440782131809,"147,244",100% bearish,of 2 ratings,$22
BMTC,$29.2772,1440782131834,"29,706",Not yet rated,NULL,$34
BSQR,$6.27,1440782132036,"30,220",67% bullish,of 3 ratings,N/A
BLMT,$20.63,1440782132068,"6,512",Not yet rated,NULL,N/A
BWLD,$195.08,1440782132195,"55,042",82% bullish,of 11 ratings,$205
BLDR,$14.74,1440782132222,"182,610",67% bullish,of 3 ratings,$22
BUR,$1.71,1440782132243,"2,900",100% bearish,of 1 rating,$8
CFFI,$36.76,1440782132275,"5,462",100% bearish,of 1 rating,N/A
CHRW,$67.01,1440782132376,"326,825",Not yet rated,NULL,$72
CA,$27.2356,1440782132414,"820,401",50% bullish,of 4 ratings,$33
CDNS,$20.175,1440782132469,"730,363",75% bullish,of 4 ratings,$22.50
CCMP,$43.6,1440782132506,"21,837",50% bullish,of 2 ratings,$59
CDZI,$7.82,1440782132636,"8,200",100% bearish,of 1 rating,N/A
CZR,$9.129,1440782132664,"405,293",60% bearish,of 5 ratings,$10.50
CSTE,$40.946,1440782132696,"61,712",50% bullish,of 2 ratings,$65
CACQ,$7.34,1440782132721,"24,776",100% bearish,of 1 rating,$12.25
CLBS,$1.475,1440782132961,"89,245",79% bullish,of 14 ratings,$4
CLMS,$10.63,1440782133063,"28,308",Not yet rated,NULL,$10.50
CHI,$10.6,1440782133089,"66,069",100% bearish,of 1 rating,N/A
CHY,$11.42,1440782133166,"119,912",Not yet rated,NULL,N/A
CHW,$7.64,1440782133222,"228,327",100% bearish,of 1 rating,N/A
CCD,$19.185,1440782133255,"46,750",Not yet rated,NULL,N/A
CFGE,NULL,1440782133276,0,Not yet rated,NULL,N/A
PRSS,$4.61,1440782133297,"6,798",80% bullish,of 5 ratings,$4.50
CSQ,$9.9355,1440782133432,"138,936",Not yet rated,NULL,N/A
CGO,$12.19,1440782133460,"11,884",100% bearish,of 1 rating,N/A
CAMP,$16.41,1440782133510,"110,924",88% bullish,of 8 ratings,$25
CVGW,$58.5,1440782133654,"55,381",50% bullish,of 2 ratings,$58.50
CALA,$5.88,1440782133680,"243,707",100% bullish,of 3 ratings,$19.50
CFNB,NULL,1440782133704,0,100% bearish,of 1 rating,N/A
CAMB,$9.95,1440782133948,"2,000",Not yet rated,NULL,N/A
CALD,$15.815,1440782133973,"107,956",100% bearish,of 1 rating,$21
CALM,$50.06,1440782134002,"124,896",80% bullish,of 5 ratings,$65
CLMT,$26.37,1440782134050,"82,876",75% bullish,of 8 ratings,$31
CAMBW,NULL,1440782134135,0,Not yet rated,NULL,N/A
ABCD,$5.35,1440782134162,"105,107",83% bullish,of 6 ratings,N/A
CAMBU,NULL,1440782134214,0,100% bearish,of 1 rating,N/A
CSIQ,$19.221,1440782134294,"923,475",86% bullish,of 28 ratings,$42.50
CAC,$40.54,1440782134326,"2,325",Not yet rated,NULL,N/A
CAMT,$2.75,1440782134427,"9,995",73% bullish,of 11 ratings,$4
CGIX,$10.19,1440782134560,"15,184",67% bullish,of 3 ratings,$14.375
CPHC,NULL,1440782134590,0,100% bearish,of 1 rating,N/A
CBNJ,$11.137,1440782134611,"8,017",100% bullish,of 1 rating,N/A
CBF,$29.34,1440782134691,"78,735",Not yet rated,NULL,$32
CPLA,$49.56,1440782134821,"51,899",67% bearish,of 3 ratings,$65
CCBG,$14.9,1440782134905,"5,752",Not yet rated,NULL,$17.25
CPLP,$6.98,1440782134938,"147,570",71% bullish,of 7 ratings,$11
CSWC,$45.96,1440782134969,"4,008",Not yet rated,NULL,N/A
CFFN,$12.02,1440782135036,"180,278",Not yet rated,NULL,$12.75
CAPN,$2.2501,1440782135065,"172,647",100% bullish,of 1 rating,$10.85
CAPNW,NULL,1440782135094,0,Not yet rated,NULL,N/A
CPTA,$13.8,1440782135119,"19,038",100% bearish,of 1 rating,$18.50
CAPR,$4.2701,1440782135350,"1,810",Not yet rated,NULL,$12
CPST,$0.41,1440782135385,"813,499",95% bullish,of 22 ratings,$1.25
CARA,$18.96,1440782135454,"69,112",50% bullish,of 4 ratings,$25
CARB,$11.37,1440782135479,"47,768",75% bullish,of 4 ratings,$12
CFNL,$21.95,1440782135507,"26,509",Not yet rated,NULL,$24
CBYL,$5.24,1440782135536,"14,522",100% bearish,of 1 rating,$20
CRDC,$0.365,1440782135641,"56,987",100% bullish,of 1 rating,$1.25
CRME,$8.88,1440782135712,"2,250",89% bullish,of 9 ratings,$11.25
CTRE,$11.26,1440782135906,"133,125",50% bullish,of 2 ratings,$13.50
CDNA,$7.02,1440782135932,"6,509",100% bearish,of 1 rating,$9
CSII,$24.05,1440782135955,"36,296",100% bearish,of 2 ratings,$42.125
CECO,$3.8,1440782135983,"145,992",67% bearish,of 3 ratings,$6
CATM,$34.89,1440782136017,"43,973",100% bearish,of 1 rating,$44
CKEC,$23.77,1440782136124,"47,341",50% bullish,of 2 ratings,$35.915
CLBH,$12.73,1440782136225,302,Not yet rated,NULL,$16.50
CARO,$15.55,1440782136264,200,100% bearish,of 1 rating,$19
CART,$5.35,1440782136320,"1,000",100% bearish,of 1 rating,N/A
CRZO,$35.41,1440782136357,"701,639",67% bearish,of 3 ratings,$55
TAST,$12.7389,1440782136490,"201,982",Not yet rated,NULL,$14.25
CRTN,$2.52,1440782136515,"3,126",100% bearish,of 1 rating,N/A
CARV,$7.06,1440782136592,508,50% bullish,of 2 ratings,N/A
CACB,$5.35,1440782136726,"18,992",Not yet rated,NULL,$5.50
CASM,$1.17,1440782136752,"126,186",100% bullish,of 1 rating,$3.50
CWST,$6.18,1440782136791,"53,356",50% bullish,of 2 ratings,$7.25
CSCD,$14.99,1440782136893,"16,160",100% bullish,of 2 ratings,$17
CASY,$105.35,1440782136918,"66,784",50% bullish,of 2 ratings,$99.50
CASI,$1.49,1440782136979,"9,560",100% bullish,of 1 rating,$3.50
CATB,$12.3,1440782137151,"4,834",100% bearish,of 1 rating,$28
CPRX,$3.625,1440782137303,"125,533",71% bullish,of 7 ratings,$7
CVCO,$72.21,1440782137341,"9,843",100% bearish,of 1 rating,N/A
CATYW,NULL,1440782137405,0,100% bearish,of 1 rating,N/A
CASS,$48.339,1440782137435,"6,440",100% bearish,of 1 rating,N/A
CAVM,$68.63,1440782137467,"98,781",67% bearish,of 3 ratings,$72
CBFV,$21.475,1440782137507,"1,102",Not yet rated,NULL,$25
CATY,$29.6,1440782137532,"280,829",100% bearish,of 1 rating,$33.50
CNLM,NULL,1440782137686,0,Not yet rated,NULL,N/A
CNLMR,NULL,1440782137775,0,Not yet rated,NULL,N/A
CNLMW,NULL,1440782137812,0,Not yet rated,NULL,N/A
CNLMU,NULL,1440782137878,0,100% bullish,of 1 rating,N/A
CDK,$49.36,1440782137903,"162,859",67% bearish,of 3 ratings,$50
CECE,$9.74,1440782138060,"23,654",50% bullish,of 2 ratings,$16
CDW,$39.815,1440782138140,"302,253",75% bullish,of 4 ratings,$44
CLDN,$1.125,1440782138240,"354,454",71% bullish,of 7 ratings,$3
CELGZ,$1.84,1440782138313,15,80% bullish,of 5 ratings,N/A
CELG,$123.202,1440782138347,"1,323,904",92% bullish,of 13 ratings,$155.50
CPXX,$2.081,1440782138375,"37,749",100% bullish,of 2 ratings,$7
CLDX,$15.05,1440782138440,"408,594",89% bullish,of 9 ratings,$36
CBOE,$63.47,1440782138469,"74,935",Not yet rated,NULL,$60
CLRB,$3.17,1440782138502,"1,800",100% bearish,of 1 rating,N/A
CLRBW,NULL,1440782138682,0,Not yet rated,NULL,N/A
CLLS,$32.645,1440782138817,"29,748",75% bullish,of 4 ratings,$51.50
CBMG,$23.5,1440782138842,"21,838",50% bullish,of 2 ratings,N/A
CLTX,$2.3401,1440782138873,"76,303",100% bullish,of 2 ratings,N/A
CLSN,$2.049,1440782138898,"32,437",80% bullish,of 10 ratings,$7.50
CEMP,$35.59,1440782138977,"219,540",71% bullish,of 7 ratings,$52
CETX,$2.39,1440782139031,"2,100",Not yet rated,NULL,$5.60
CYAD,NULL,1440782139058,0,100% bullish,of 1 rating,$87.50
CSFL,$13.65,1440782139261,"36,481",Not yet rated,NULL,$15
CETV,$2.15,1440782139398,"37,913",67% bullish,of 3 ratings,$2.80
CFBK,NULL,1440782139426,0,Not yet rated,NULL,N/A
CENT,$12.13,1440782139456,"23,747",Not yet rated,NULL,$10
CENTA,$12.52,1440782139493,"74,764",Not yet rated,NULL,N/A
CVCY,$11.25,1440782139552,700,Not yet rated,NULL,$12
CNBKA,$41.07,1440782139625,800,50% bullish,of 2 ratings,N/A
CENX,$5.42,1440782139849,"1,004,390",67% bullish,of 6 ratings,$9
CRNT,$1.4101,1440782139877,"52,641",50% bullish,of 2 ratings,$2
CNTY,$5.75,1440782140026,"11,156",80% bullish,of 5 ratings,$7.75
CERN,$62.655,1440782140054,"512,891",67% bullish,of 3 ratings,$79
CERS,$4.865,1440782140121,"188,617",75% bullish,of 4 ratings,$7
CERU,$3.77,1440782140182,"28,567",75% bullish,of 4 ratings,$15
CERE,$1.175,1440782140272,"125,125",88% bullish,of 8 ratings,N/A
CEVA,$18.83,1440782140326,"31,176",100% bearish,of 1 rating,$25
CPHD,$50,1440782140351,"186,938",67% bearish,of 3 ratings,$66.50
KOOL,$0.6906,1440782140406,"29,540",100% bullish,of 5 ratings,$7
CYOU,$20.91,1440782140541,"60,671",50% bullish,of 6 ratings,$24
HOTR,$1.4448,1440782140571,"79,999",100% bullish,of 2 ratings,$5
HOTRW,NULL,1440782140712,0,Not yet rated,NULL,N/A
GTLS,$24.8896,1440782140790,"152,542",50% bullish,of 4 ratings,$40
CTHR,$1.26,1440782140821,"2,475",50% bullish,of 2 ratings,$2.50
CHTR,$180.09,1440782140850,"216,344",100% bearish,of 2 ratings,$196
CHFN,$12.51,1440782140895,"9,641",Not yet rated,NULL,$14
CHKP,$78.72,1440782140922,"348,028",50% bullish,of 4 ratings,$92
CHEK,$2.1999,1440782141208,"1,753",Not yet rated,NULL,$7.75
CEMI,$4.22,1440782141238,"6,500",50% bullish,of 2 ratings,$7.50
CHFC,$31.2,1440782141271,"41,716",100% bearish,of 1 rating,$36
CHEKW,NULL,1440782141303,0,Not yet rated,NULL,N/A
CCXI,$6.56,1440782141371,"27,771",67% bullish,of 3 ratings,$14
CHKE,$25.54,1440782141396,"7,316",100% bearish,of 1 rating,$32.50
CHMG,$26.08,1440782141423,100,Not yet rated,NULL,$30
CHEV,$14.58,1440782141587,"1,410",Not yet rated,NULL,N/A
CHMA,$26.2,1440782141721,"18,622",Not yet rated,NULL,$40
CBNK,$16.3,1440782141780,"6,737",100% bearish,of 1 rating,N/A
PLCE,$58.76,1440782141851,"51,116",100% bearish,of 1 rating,$69
CMRX,$49.95,1440782141880,"113,733",50% bullish,of 2 ratings,$57
CADC,NULL,1440782141905,0,78% bullish,of 9 ratings,N/A
CAAS,$6.5,1440782142017,"17,177",93% bullish,of 14 ratings,$11.50
CBAK,$2.0692,1440782142064,"36,177",67% bullish,of 9 ratings,N/A
CALI,$0.9589,1440782142125,"12,798",67% bullish,of 3 ratings,N/A
JRJC,$3.61,1440782142226,"62,055",82% bullish,of 11 ratings,N/A
CCCR,$0.79,1440782142318,"1,140",67% bearish,of 3 ratings,N/A
CCCL,$0.7877,1440782142352,"5,779",100% bullish,of 6 ratings,N/A
CBPO,$99.98,1440782142413,"83,330",75% bullish,of 8 ratings,$140.50
HGSH,$1.81,1440782142449,"2,829",67% bullish,of 3 ratings,N/A
CHLN,$1.86,1440782142480,"4,124",67% bullish,of 3 ratings,N/A
CHOP,$1.25,1440782142505,"1,200",50% bullish,of 2 ratings,N/A
CNIT,$1.4101,1440782142714,"50,789",67% bullish,of 6 ratings,N/A
CJJD,$1.87,1440782142749,"7,922",100% bullish,of 1 rating,N/A
HTHT,$25.63,1440782142845,"38,107",50% bullish,of 2 ratings,$28.40
CHNR,$1.67,1440782142870,900,100% bearish,of 1 rating,N/A
CPGI,NULL,1440782142941,0,Not yet rated,NULL,N/A
CREG,$0.695,1440782143004,"19,228",100% bullish,of 3 ratings,N/A
CXDC,$5.89,1440782143201,"30,800",67% bearish,of 3 ratings,N/A
CNTF,$0.8058,1440782143226,"82,938",Not yet rated,NULL,N/A
CSUN,$1.5,1440782143263,"7,993",80% bullish,of 5 ratings,N/A
CNYD,$3.4753,1440782143363,"13,452",67% bullish,of 3 ratings,N/A
CNET,$0.855,1440782143393,"28,190",50% bullish,of 2 ratings,N/A
IMOS,$18.538,1440782143421,"73,721",60% bullish,of 5 ratings,$21.50
CCIH,$7.235,1440782143442,"86,678",67% bullish,of 6 ratings,$12.65
CHSCM,$26.25,1440782143619,"4,768",Not yet rated,NULL,N/A
CHSCL,$27.14,1440782143686,"5,243",Not yet rated,NULL,N/A
CHSCN,$27.14,1440782143757,835,Not yet rated,NULL,N/A
CHSCO,$28.25,1440782143812,"2,675",Not yet rated,NULL,N/A
CHDN,$132.3,1440782143918,"45,097",Not yet rated,NULL,$165
CHSCP,$30.56,1440782143946,"3,100",Not yet rated,NULL,N/A
CHUY,$31.3,1440782143982,"68,826",50% bullish,of 2 ratings,$34
CDTX,$14.545,1440782144125,"10,169",Not yet rated,NULL,$22
CIFC,$7.1,1440782144205,"1,725",100% bearish,of 1 rating,N/A
CMCT,$15.3899,1440782144234,200,100% bearish,of 1 rating,N/A
CMPR,$72.44,1440782144263,"121,272",50% bullish,of 2 ratings,$72.50
CINF,$52.56,1440782144292,"121,689",50% bullish,of 4 ratings,$50.50
CIDM,$0.6,1440782144445,"62,076",50% bullish,of 2 ratings,$2.10
CTAS,$85.45,1440782144473,"101,960",100% bearish,of 1 rating,$91
CRUS,$30.285,1440782144499,"332,986",75% bullish,of 12 ratings,$44.50
CPHR,$5.18,1440782144524,"33,892",100% bearish,of 1 rating,$17
CSCO,$25.9964,1440782144726,"6,543,374",84% bullish,of 209 ratings,$32
CTRN,$26.775,1440782144810,"21,067",100% bearish,of 1 rating,$31.50
CZNC,$19.77,1440782144843,"3,288",Not yet rated,NULL,N/A
CZWI,NULL,1440782144908,0,Not yet rated,NULL,N/A
CTXS,$68.76,1440782144935,"430,314",86% bullish,of 7 ratings,$80
CIZN,$19.3,1440782144962,"1,800",Not yet rated,NULL,N/A
CZFC,NULL,1440782144993,0,Not yet rated,NULL,N/A
CHCO,$47.15,1440782145093,"10,918",Not yet rated,NULL,$46
CIVB,$10.25,1440782145223,"5,050",Not yet rated,NULL,$11
CDTI,$1.615,1440782145294,"40,715",75% bullish,of 4 ratings,$3.20
CIVBP,NULL,1440782145360,0,Not yet rated,NULL,N/A
CLNE,$5.132,1440782145490,"572,206",80% bullish,of 15 ratings,$9
CLFD,$17.07,1440782145522,"18,569",67% bullish,of 3 ratings,$18
CLIR,$4.66,1440782145592,"70,893",100% bullish,of 3 ratings,N/A
CLRO,$11.65,1440782145617,"1,487",50% bullish,of 2 ratings,$14.25
CBLI,$3.765,1440782145664,"17,477",60% bullish,of 5 ratings,N/A
CLVS,$77.75,1440782145691,"154,872",60% bullish,of 5 ratings,$101.50
CLNT,$1.38,1440782145712,"5,150",75% bullish,of 8 ratings,N/A
CSBK,$13.56,1440782145846,"23,316",Not yet rated,NULL,N/A
CMFN,$11.16,1440782146062,"19,812",100% bearish,of 1 rating,$15.50
CME,$94.41,1440782146110,"439,490",67% bullish,of 3 ratings,$102
CCNE,$16.94,1440782146140,"5,786",50% bullish,of 2 ratings,$21.50
CISG,$7.74,1440782146166,"47,937",100% bullish,of 5 ratings,$10
CNV,$4.48,1440782146240,"24,022",50% bullish,of 2 ratings,$7.15
COBZ,$12.895,1440782146374,"23,533",100% bullish,of 1 rating,$14
CWAY,$11.19,1440782146460,"2,002",Not yet rated,NULL,N/A
COKE,$152.08,1440782146530,"7,825",79% bullish,of 19 ratings,N/A
JVA,$4.7,1440782146564,"8,750",83% bullish,of 6 ratings,$7
CDRB,$13.49,1440782146585,"8,938",67% bullish,of 3 ratings,N/A
CDXS,$3.7245,1440782146623,"5,484",64% bullish,of 11 ratings,$6
CVLY,NULL,1440782146644,0,Not yet rated,NULL,N/A
CCOI,$27.27,1440782146721,"178,658",50% bullish,of 4 ratings,$35
CGNT,$1.52,1440782146807,"7,931",100% bullish,of 2 ratings,$2
CTSH,$63.87,1440782146971,"957,519",90% bullish,of 10 ratings,$75
CGNX,$35.62,1440782147078,"137,571",50% bullish,of 2 ratings,$47
CHRS,$28.805,1440782147182,"45,921",67% bearish,of 3 ratings,$37
COHU,$9.65,1440782147208,"44,170",100% bearish,of 1 rating,$14.25
COHR,$57.62,1440782147281,"29,029",50% bullish,of 2 ratings,$72
COLL,$14.82,1440782147341,"13,452",100% bearish,of 1 rating,$26
CLRX,$0.5203,1440782147368,"7,145",50% bullish,of 2 ratings,N/A
CBAN,$8.9,1440782147411,652,Not yet rated,NULL,N/A
CLCT,$18.1709,1440782147496,"21,720",100% bearish,of 1 rating,N/A
COLB,$30.1799,1440782147561,"46,860",Not yet rated,NULL,$36
CLCD,$6.785,1440782147597,"60,572",100% bearish,of 1 rating,$20.50
CIGI,$43.1,1440782147660,"24,453",100% bearish,of 1 rating,$52
COLM,$61.04,1440782147730,"23,426",100% bearish,of 1 rating,$71
CBMX,$1.14,1440782147873,"15,673",83% bullish,of 6 ratings,$3.15
CMCSA,$56.47,1440782147958,"3,025,720",66% bullish,of 35 ratings,$69.50
CMCO,$18.74,1440782148127,"45,680",60% bullish,of 5 ratings,$28
CBSHP,$25.5832,1440782148165,"1,534",100% bearish,of 1 rating,N/A
CMCSK,$57.285,1440782148192,"827,648",Not yet rated,NULL,$84
CBSH,$44.85,1440782148329,"75,662",50% bullish,of 2 ratings,$46
CVGI,$5.025,1440782148358,"19,090",50% bullish,of 2 ratings,$6
CSAL,$20.8,1440782148381,"165,000",75% bullish,of 4 ratings,$30
COMM,$31.81,1440782148402,"344,132",67% bearish,of 3 ratings,$35
CUBN,NULL,1440782148535,0,Not yet rated,NULL,N/A
CYHHZ,$0.01,1440782148568,"18,300",100% bullish,of 1 rating,N/A
JCS,$8.72,1440782148598,"6,717",67% bullish,of 3 ratings,N/A
CWBC,$6.79,1440782148727,565,Not yet rated,NULL,N/A
ESXB,$5.06,1440782148907,550,Not yet rated,NULL,N/A
CTBI,$34.91,1440782148935,"6,682",Not yet rated,NULL,$36
COB,$10.28,1440782148956,"9,043",100% bullish,of 1 rating,$11.75
CIZ,$33.45,1440782149087,600,100% bearish,of 1 rating,N/A
CVLT,$35.98,1440782149113,"260,817",75% bullish,of 4 ratings,$44.50
CID,NULL,1440782149137,0,Not yet rated,NULL,N/A
CIL,NULL,1440782149164,0,Not yet rated,NULL,N/A
CSA,NULL,1440782149336,0,Not yet rated,NULL,N/A
CFO,$35.656,1440782149364,"142,797",100% bearish,of 1 rating,N/A
CSF,$36.78,1440782149494,"1,797",100% bearish,of 1 rating,N/A
CFA,$35.7,1440782149520,900,100% bearish,of 1 rating,N/A
CDC,$34.8,1440782149541,"2,575",Not yet rated,NULL,N/A
CSB,$32.92,1440782149574,100,Not yet rated,NULL,N/A
CDL,NULL,1440782149594,0,Not yet rated,NULL,N/A
CGEN,$5.0999,1440782149832,"27,472",50% bullish,of 2 ratings,$11
SCOR,$53.073,1440782149925,"141,780",100% bearish,of 1 rating,$66
CPSI,$45.66,1440782149955,"41,165",100% bearish,of 1 rating,$45.50
CHCI,$0.7525,1440782149981,"3,200",50% bullish,of 2 ratings,N/A
CTG,$6.51,1440782150027,"33,349",100% bearish,of 1 rating,$8.50
CMTL,$25.2,1440782150053,"34,881",100% bearish,of 2 ratings,$37
CNAT,$4.03,1440782150123,"33,848",83% bullish,of 6 ratings,$13
CNSI,$18.9,1440782150257,"29,798",100% bearish,of 2 ratings,$29
CNCE,$15.94,1440782150300,"54,431",75% bullish,of 4 ratings,$22
CXRX,$74.745,1440782150325,"2,927",100% bearish,of 1 rating,$90
CCUR,$5.39,1440782150399,"61,361",75% bullish,of 4 ratings,N/A
CDORP,NULL,1440782150499,0,100% bearish,of 1 rating,N/A
CFMS,$19.65,1440782150524,"48,452",Not yet rated,NULL,$27
CDORO,$18.95,1440782150598,600,100% bearish,of 1 rating,N/A
CDOR,$1.357,1440782150681,"3,955",100% bullish,of 1 rating,N/A
CNFR,$10.375,1440782150767,"7,943",Not yet rated,NULL,N/A
CNMD,$53.1,1440782150837,"21,763",Not yet rated,NULL,$59
CTWS,$34.225,1440782150939,"11,763",100% bearish,of 1 rating,$44
CNOB,$19.22,1440782150966,"20,092",100% bullish,of 1 rating,$23.50
CNXR,$6.86,1440782151018,"60,000",100% bearish,of 1 rating,$12
CONN,$29.42,1440782151193,"196,375",67% bullish,of 3 ratings,$48.50
CPSS,$5.77,1440782151232,"9,889",100% bullish,of 1 rating,$10
CWCO,$10.8,1440782151281,"28,208",67% bullish,of 3 ratings,$14.50
CNSL,$19.7649,1440782151310,"68,498",100% bearish,of 1 rating,$23
CTCT,$24.82,1440782151337,"52,860",67% bullish,of 3 ratings,$37
CFRX,$5.11,1440782151359,"2,700",Not yet rated,NULL,$14
CFRXW,$1.87,1440782151492,600,100% bearish,of 1 rating,N/A
CFRXZ,NULL,1440782151547,0,Not yet rated,NULL,N/A
CTRL,$8.84,1440782151803,"75,537",50% bullish,of 2 ratings,$11
CPRT,$34.68,1440782151826,"75,359",67% bearish,of 3 ratings,$40
CRBP,$1.918,1440782151855,"96,278",100% bullish,of 2 ratings,$6.25
CORT,$5.01,1440782151903,"119,161",67% bullish,of 3 ratings,$12
CTRV,$3.61,1440782151990,"2,644",Not yet rated,NULL,$6.40
BVA,NULL,1440782152018,0,50% bullish,of 2 ratings,N/A
CORE,$59.71,1440782152047,"51,421",100% bearish,of 1 rating,$72
CORI,$10.17,1440782152146,"19,253",100% bearish,of 1 rating,$18
CSOD,$35.87,1440782152218,"86,717",50% bullish,of 2 ratings,$42
CRVL,$31.1,1440782152246,"10,232",100% bearish,of 1 rating,N/A
COSI,$1.19,1440782152268,"121,929",100% bullish,of 1 rating,N/A
COST,$139.522,1440782152416,"434,414",79% bullish,of 24 ratings,$154.50
CPAH,NULL,1440782152455,0,50% bullish,of 2 ratings,N/A
CVTI,$23.49,1440782152582,"34,464",67% bearish,of 3 ratings,$39
CSGP,$180.1,1440782152607,"22,868",50% bullish,of 2 ratings,$235
ICBK,$18.56,1440782152640,100,Not yet rated,NULL,$21
COVS,$2.735,1440782152685,"40,467",67% bullish,of 3 ratings,N/A
COWN,$5.215,1440782152875,"361,944",75% bullish,of 4 ratings,$7
COWNL,$26.65,1440782152902,900,Not yet rated,NULL,N/A
CPSH,$2.2,1440782152927,989,Not yet rated,NULL,N/A
CRAI,$22.01,1440782152960,"12,420",100% bearish,of 1 rating,$36
CRAY,$20.96,1440782153060,"115,934",83% bullish,of 6 ratings,$38.50
BREW,$7.92,1440782153087,"27,837",67% bullish,of 6 ratings,$15
CBRL,$144.45,1440782153115,"66,969",50% bullish,of 2 ratings,$155
SLVO,$10.0499,1440782153313,647,100% bearish,of 1 rating,N/A
CACC,$197.16,1440782153344,"14,852",50% bullish,of 2 ratings,$158.50
GLDI,$11.0201,1440782153369,"2,800",100% bearish,of 1 rating,N/A
CREE,$27.2603,1440782153443,"421,445",65% bullish,of 17 ratings,$29.50
CRESY,$10.3225,1440782153501,"9,223",100% bearish,of 1 rating,$19
CROX,$14.5249,1440782153631,"246,947",63% bullish,of 8 ratings,$16.50
CRTO,$42.665,1440782153659,"192,302",67% bullish,of 6 ratings,$64
CCRN,$13.845,1440782153727,"40,474",100% bearish,of 1 rating,$14.25
CRDS,$1.04,1440782153810,"18,376",75% bullish,of 4 ratings,$4.50
CYRX,$2.8489,1440782153843,"9,544",Not yet rated,NULL,$9
CRWN,$4.46,1440782153876,"16,010",75% bullish,of 4 ratings,N/A
CRWS,$8.1,1440782153944,"2,100",Not yet rated,NULL,$10
CYRXW,$0.83,1440782153971,200,Not yet rated,NULL,N/A
CSPI,$5.88,1440782154112,200,67% bullish,of 3 ratings,N/A
CSGS,$30.78,1440782154144,"56,951",Not yet rated,NULL,$40
CCLP,$15.27,1440782154165,"16,895",67% bearish,of 3 ratings,$20
CTCM,$1.81,1440782154318,"57,498",80% bearish,of 5 ratings,$3.90
CTIB,$3.6,1440782154348,"2,000",100% bearish,of 1 rating,N/A
CTIC,$1.585,1440782154369,"414,771",84% bullish,of 76 ratings,$5.75
CTRP,$69.63,1440782154500,"794,594",75% bullish,of 8 ratings,$93
CUNB,$21.33,1440782154558,"7,956",Not yet rated,NULL,$24.50
CUI,$5.14,1440782154588,"9,344",50% bullish,of 2 ratings,$10
CRIS,$2.57,1440782154691,"82,593",100% bullish,of 8 ratings,$6
CPIX,$6.18,1440782154720,"2,300",Not yet rated,NULL,N/A
CMLS,$1.455,1440782154823,"116,872",50% bullish,of 4 ratings,$6
CVBF,$16.06,1440782154851,"186,025",Not yet rated,NULL,$18
CUTR,$14.48,1440782154880,"17,468",67% bearish,of 3 ratings,$18
CVV,$10.9102,1440782154904,"2,809",100% bullish,of 5 ratings,N/A
CYAN,$7.74,1440782155046,505,100% bearish,of 1 rating,N/A
CYBR,$52.41,1440782155100,"479,734",75% bullish,of 8 ratings,$66
CYBE,$6.77,1440782155180,"12,765",100% bearish,of 1 rating,N/A
CYBX,$66.99,1440782155206,"86,734",50% bullish,of 4 ratings,$71.50
CYCC,$0.54,1440782155338,"49,071",73% bullish,of 11 ratings,N/A
CBAY,$2.65,1440782155368,"18,800",100% bullish,of 1 rating,$4
CYCCP,NULL,1440782155426,0,100% bearish,of 1 rating,N/A
CYNA,$15.91,1440782155499,"8,233",50% bullish,of 2 ratings,$31.50
CYNO,$31.77,1440782155529,"68,818",67% bearish,of 3 ratings,$45.50
CY,$10.12,1440782155551,"1,436,290",80% bullish,of 10 ratings,$15.50
CONE,$32.2425,1440782155586,"75,815",67% bearish,of 3 ratings,$35.50
CYRN,$1.71,1440782155631,"24,100",67% bullish,of 3 ratings,$4
CYTK,$7.06,1440782155835,"116,620",71% bullish,of 14 ratings,$13.50
CYTX,$0.3148,1440782155860,"1,906,882",83% bullish,of 12 ratings,$5.50
CTSO,$6.71,1440782155885,"7,690",Not yet rated,NULL,$15.625
CYTR,$2.38,1440782155910,"218,523",67% bullish,of 6 ratings,$10
TVIZ,$19.32,1440782156095,"1,183",100% bearish,of 1 rating,N/A
DAEG,$0.3685,1440782156129,"10,745",100% bearish,of 1 rating,N/A
TVIX,$13.79,1440782156196,"7,112,373",81% bullish,of 16 ratings,N/A
DJCO,$194.51,1440782156233,300,Not yet rated,NULL,N/A
ZIV,$39.83,1440782156258,"79,300",Not yet rated,NULL,N/A
XIV,$26.659,1440782156283,"9,321,847",75% bearish,of 4 ratings,N/A
DAIO,$2.65,1440782156326,"1,300",Not yet rated,NULL,N/A
DAKT,$8.76,1440782156355,"254,224",50% bullish,of 2 ratings,$12
DARA,$0.8791,1440782156492,"21,753",83% bullish,of 6 ratings,$1.50
DRAM,$1.296,1440782156654,"7,100",78% bullish,of 9 ratings,N/A
DWCH,$5.237,1440782156679,"10,771",75% bullish,of 4 ratings,$8.25
DTLK,$5.935,1440782156704,"49,190",100% bearish,of 1 rating,$9
DBVT,$41.3,1440782156955,"9,145",100% bearish,of 1 rating,$53
DWSN,$4.64,1440782156982,"5,380",67% bullish,of 3 ratings,N/A
PLAY,$34.57,1440782157018,"51,170",100% bullish,of 5 ratings,$42
DTEA,$12.53,1440782157047,"27,922",100% bearish,of 2 ratings,$24
DFRG,$14.4599,1440782157114,"31,241",100% bearish,of 1 rating,$20
TACO,$13.02,1440782157148,"23,585",75% bullish,of 4 ratings,$20
DHRM,$1.49,1440782157175,"6,227",Not yet rated,NULL,N/A
TRAK,$62.77,1440782157239,"293,779",50% bullish,of 2 ratings,$62.50
TACOW,$3.97,1440782157374,"8,032",100% bullish,of 1 rating,N/A
DCTH,$0.41,1440782157475,"79,993",78% bullish,of 9 ratings,N/A
DGAS,$20.17,1440782157546,"2,380",67% bearish,of 3 ratings,N/A
DELT,$2.45,1440782157606,400,Not yet rated,NULL,N/A
DENN,$11.45,1440782157743,"155,849",100% bullish,of 3 ratings,$15
DELTW,NULL,1440782157775,0,Not yet rated,NULL,N/A
DERM,$26.5,1440782157806,"24,012",100% bearish,of 1 rating,$33.50
XRAY,$53.12,1440782157872,"144,400",100% bullish,of 1 rating,$58
DEPO,$29.11,1440782157897,"146,150",60% bullish,of 5 ratings,$29
DSCI,$5.97,1440782157927,"13,904",50% bullish,of 2 ratings,$16
DEST,$11.29,1440782157979,"11,914",50% bullish,of 2 ratings,N/A
DSWL,$1.72,1440782158111,"3,000",100% bullish,of 1 rating,N/A
DXM,$0.2681,1440782158136,"116,312",50% bullish,of 2 ratings,N/A
DXLG,$5.45,1440782158162,"26,621",100% bearish,of 1 rating,$8
DXCM,$94.37,1440782158290,"388,816",57% bullish,of 7 ratings,$98
DHXM,NULL,1440782158375,0,Not yet rated,NULL,N/A
DCIX,$1.74,1440782158520,"39,810",50% bullish,of 4 ratings,$3.50
DMND,$29.55,1440782158553,"55,534",75% bullish,of 12 ratings,$32
FANG,$69.12,1440782158585,"451,717",50% bullish,of 2 ratings,$86.50
DGII,$10.2,1440782158648,"38,783",100% bearish,of 1 rating,$10
DRNA,$10.64,1440782158673,"38,631",67% bearish,of 3 ratings,$25
DHIL,$193.79,1440782158713,"1,637",Not yet rated,NULL,N/A
DMRC,$37.7,1440782158740,"82,671",100% bearish,of 1 rating,$44
DRAD,$3.85,1440782158807,"5,028",100% bullish,of 1 rating,$5.25
DCOM,$17.03,1440782158966,"50,013",100% bearish,of 2 ratings,$16.50
DGLY,$8.4501,1440782158992,"51,281",50% bullish,of 6 ratings,$20
APPS,$2.37,1440782159013,"53,843",100% bearish,of 1 rating,$10.25
DISCA,$27.07,1440782159166,"762,324",67% bullish,of 3 ratings,$34
DPRX,$13.4701,1440782159239,"5,966",100% bullish,of 2 ratings,$27.75
DIOD,$20.19,1440782159310,"25,300",75% bearish,of 4 ratings,$24
DISH,$59.2125,1440782159536,"277,918",69% bullish,of 13 ratings,$73
DISCK,$25.705,1440782159570,"688,991",100% bearish,of 1 rating,$32
DISCB,NULL,1440782159591,0,100% bearish,of 1 rating,$35
DSCO,$0.4004,1440782159636,"116,374",83% bullish,of 6 ratings,$2.75
DVCR,$10.795,1440782159663,"4,562",100% bullish,of 1 rating,N/A
BAGR,$2.84,1440782159742,"4,400",100% bearish,of 1 rating,$6
DLHC,$2.52,1440782159767,"1,550",100% bearish,of 1 rating,N/A
DNBF,NULL,1440782159955,0,Not yet rated,NULL,$27.50
DLTR,$76.8099,1440782159987,"338,320",82% bullish,of 11 ratings,$88
DGICA,$14.45,1440782160019,"4,207",100% bearish,of 1 rating,$17
DMLP,$14.82,1440782160093,"2,200",100% bearish,of 1 rating,N/A
DGICB,NULL,1440782160120,0,100% bearish,of 1 rating,N/A
DORM,$50.24,1440782160189,"110,583",100% bearish,of 1 rating,$56
HILL,$9.6721,1440782160295,"819,205",60% bearish,of 5 ratings,$9.75
DRWIW,NULL,1440782160342,0,Not yet rated,NULL,N/A
DRWI,$0.2078,1440782160367,"238,962",60% bullish,of 5 ratings,$.45
DWA,$20.41,1440782160499,"376,752",63% bullish,of 8 ratings,$26
DRYS,$0.4699,1440782160524,"2,434,978",77% bullish,of 31 ratings,$.60
DSKX,$3.28,1440782160554,"232,229",100% bullish,of 1 rating,N/A
DSPG,$8.59,1440782160656,"27,371",100% bearish,of 1 rating,$13.50
CADTR,NULL,1440782160784,0,Not yet rated,NULL,N/A
CADTU,NULL,1440782160840,0,Not yet rated,NULL,N/A
DNKN,$51.44,1440782160924,"329,597",67% bullish,of 15 ratings,$56.50
CADT,NULL,1440782160951,0,Not yet rated,NULL,N/A
CADTW,NULL,1440782160977,0,Not yet rated,NULL,N/A
DTSI,$26.84,1440782161022,"21,320",100% bearish,of 2 ratings,$39.50
DRRX,$2.06,1440782161205,"80,760",50% bullish,of 6 ratings,$3
DYAX,$23.49,1440782161270,"160,276",89% bullish,of 9 ratings,$30
DXPE,$27.93,1440782161299,"122,136",50% bullish,of 2 ratings,N/A
BOOM,$10.45,1440782161344,"89,630",67% bullish,of 3 ratings,$12
DYNT,$3.1,1440782161434,"2,317",75% bullish,of 4 ratings,N/A
DYSL,$1.485,1440782161474,"1,310",100% bullish,of 2 ratings,N/A
ETFC,$26.42,1440782161605,"562,059",57% bullish,of 14 ratings,$32.50
EGBN,$41.95,1440782161677,"21,475",Not yet rated,NULL,$48
EBMT,$11.5,1440782161751,700,Not yet rated,NULL,$13.50
EGLE,$6.56,1440782161780,"30,272",60% bullish,of 5 ratings,N/A
EGRX,$83.852,1440782161801,"105,089",67% bullish,of 3 ratings,$97
DVAX,$29.3345,1440782161834,"91,525",70% bullish,of 10 ratings,$40
EROC,$1.5935,1440782161938,"157,415",50% bullish,of 2 ratings,$3
ELNK,$8.42,1440782161998,"232,214",60% bullish,of 5 ratings,$9.50
EWBC,$40.46,1440782162071,"167,888",100% bearish,of 1 rating,$50
EACQU,NULL,1440782162102,0,Not yet rated,NULL,N/A
EML,$16.37,1440782162147,"3,900",Not yet rated,NULL,N/A
EVBS,$6.61,1440782162209,"9,686",Not yet rated,NULL,$7
EBAY,$27.04,1440782162312,"2,035,101",81% bullish,of 117 ratings,$34
EBIX,$28.05,1440782162405,"45,435",69% bullish,of 13 ratings,$40
ECHO,$23.055,1440782162488,"74,271",67% bearish,of 3 ratings,$35.50
ECTE,$1.4026,1440782162538,"2,500",75% bullish,of 4 ratings,N/A
ELON,$0.55,1440782162589,"12,860",50% bullish,of 2 ratings,N/A
SATS,$44.72,1440782162670,"14,524",50% bullish,of 2 ratings,$60
ECACU,$10.1,1440782162699,"3,301",Not yet rated,NULL,N/A
EEI,$11.2499,1440782162731,"2,400",67% bearish,of 3 ratings,N/A
EDAP,$3.53,1440782162899,"7,418",60% bullish,of 5 ratings,$4.50
EDGW,$7,1440782162956,"5,550",100% bearish,of 1 rating,N/A
EFUT,$4.56,1440782163056,400,Not yet rated,NULL,N/A
EDUC,$5.5,1440782163084,"12,637",100% bearish,of 1 rating,N/A
ESES,$3.41,1440782163116,332,100% bearish,of 1 rating,$7
EGAN,$3.61,1440782163217,"4,870",50% bullish,of 2 ratings,$6.25
EGLT,$10.6693,1440782163243,"10,645",50% bullish,of 2 ratings,$21
EHTH,$14.58,1440782163280,"110,337",50% bullish,of 4 ratings,$16.50
EMITF,$1.25,1440782163415,"3,472",75% bullish,of 4 ratings,N/A
ELRC,$10.43,1440782163476,"8,294",100% bearish,of 1 rating,N/A
ESLT,$76.9278,1440782163544,"2,163",67% bullish,of 3 ratings,N/A
ERI,$9.57,1440782163571,"45,908",100% bearish,of 1 rating,$10
LOCO,$13.3699,1440782163603,"840,947",69% bullish,of 13 ratings,$20
EA,$68.085,1440782163633,"802,039",77% bullish,of 35 ratings,$80
ESIO,$4.485,1440782163894,"24,224",50% bullish,of 2 ratings,$10
EFII,$44.07,1440782163926,"43,187",80% bullish,of 5 ratings,$55
ELEC,NULL,1440782163958,0,Not yet rated,NULL,N/A
ELSE,$3.9999,1440782163984,500,60% bullish,of 5 ratings,N/A
ELECU,NULL,1440782164060,0,Not yet rated,NULL,N/A
ELECW,NULL,1440782164091,0,Not yet rated,NULL,N/A
EBIO,$3.56,1440782164192,"126,082",100% bearish,of 2 ratings,$8.35
RDEN,$11,1440782164255,"33,741",100% bearish,of 4 ratings,$15
ESBK,NULL,1440782164396,0,Not yet rated,NULL,N/A
LONG,$17.03,1440782164462,"5,894",67% bullish,of 3 ratings,$15.75
ELTK,$1.35,1440782164493,"121,969",67% bearish,of 3 ratings,N/A
EMCI,$22.95,1440782164547,"11,052",Not yet rated,NULL,N/A
CAPX,$22.97,1440782164573,"1,600",Not yet rated,NULL,N/A
EMCF,$23.06,1440782164657,100,100% bearish,of 1 rating,N/A
EMMS,$1.15,1440782164722,"82,466",83% bullish,of 6 ratings,N/A
EMKR,$7.03,1440782164790,"29,549",75% bullish,of 4 ratings,$8.50
NYNY,$4.33,1440782164876,"19,445",50% bullish,of 2 ratings,N/A
EMMSP,NULL,1440782164901,0,100% bearish,of 1 rating,N/A
ENTA,$41.22,1440782164969,"55,342",50% bullish,of 2 ratings,$42
ERS,$2.87,1440782165033,"5,200",Not yet rated,NULL,N/A
ECPG,$39.63,1440782165105,"52,566",100% bullish,of 2 ratings,$52
ECYT,$5.195,1440782165234,"105,908",83% bullish,of 6 ratings,$12
WIRE,$31.88,1440782165262,"33,494",100% bearish,of 1 rating,$37
ENDP,$78.015,1440782165294,"343,088",50% bullish,of 6 ratings,$104
ELGX,$13.03,1440782165326,"95,253",75% bullish,of 4 ratings,$17
WATT,$7.1,1440782165399,"92,878",50% bullish,of 2 ratings,$13
EIGI,$15.46,1440782165430,"106,208",67% bearish,of 3 ratings,$22.50
ERII,$2.695,1440782165532,"31,848",80% bullish,of 5 ratings,$2.50
EFOI,$21.0712,1440782165557,"555,144",50% bullish,of 2 ratings,$20.50
EXXI,$1.81,1440782165700,"1,544,623",86% bullish,of 7 ratings,$3.50
ENOC,$9.07,1440782165740,"128,306",75% bullish,of 4 ratings,$18
ENG,$1.04,1440782165799,"2,260",100% bullish,of 3 ratings,N/A
ESGR,$145.64,1440782165902,"4,605",100% bearish,of 1 rating,$185
ENPH,$4.66,1440782165929,"269,147",75% bullish,of 4 ratings,$11
ENTG,$13.74,1440782166004,"281,871",100% bearish,of 1 rating,$18
ENFC,$17.84,1440782166094,100,Not yet rated,NULL,N/A
ENTL,$22.4,1440782166263,"5,868",Not yet rated,NULL,$28
ETRM,$0.275,1440782166288,"273,304",69% bearish,of 35 ratings,$1.625
EBTC,$21.77,1440782166317,"1,625",Not yet rated,NULL,N/A
ENZN,$1.0499,1440782166451,"103,670",100% bullish,of 9 ratings,N/A
ENVI,$1.8,1440782166480,"5,050",67% bullish,of 3 ratings,N/A
ENZY,$9.71,1440782166520,"16,265",67% bullish,of 3 ratings,$9.50
EGT,$1.9852,1440782166546,"8,452",100% bullish,of 1 rating,N/A
EFSC,$23.72,1440782166617,"16,799",Not yet rated,NULL,$27
EPIQ,$12.96,1440782166684,"50,217",100% bearish,of 1 rating,$18
EPRS,$5.28,1440782166775,"49,027",82% bullish,of 11 ratings,$15
EPZM,$18.7,1440782166914,"104,070",60% bullish,of 5 ratings,$34
PLUS,$75.86,1440782166939,"10,987",50% bullish,of 2 ratings,$88
EQIX,$269.5399,1440782167070,"125,039",75% bullish,of 4 ratings,$312.50
EQFN,NULL,1440782167100,0,100% bearish,of 1 rating,N/A
EAC,$3.3401,1440782167126,"2,715",100% bearish,of 1 rating,$8
ERIC,$9.9301,1440782167150,"646,697",67% bullish,of 9 ratings,$12.20
ERIE,$82.4,1440782167206,"6,615",Not yet rated,NULL,$73
ESCA,$17.68,1440782167350,"9,038",100% bearish,of 1 rating,$22
ESCR,$0.1099,1440782167442,"159,707",50% bullish,of 2 ratings,N/A
ESPR,$52.44,1440782167468,"366,453",70% bearish,of 10 ratings,$123
ESMC,$1.36,1440782167497,150,Not yet rated,NULL,N/A
ESCRP,$1.287,1440782167528,"1,015",100% bearish,of 1 rating,N/A
ESSA,$12.75,1440782167625,100,100% bearish,of 1 rating,N/A
EPIX,NULL,1440782167804,0,Not yet rated,NULL,N/A
CLWT,NULL,1440782167938,0,100% bullish,of 1 rating,N/A
ETSY,$15,1440782167995,"259,070",80% bullish,of 5 ratings,$16
ESND,$34.58,1440782168024,"41,408",100% bearish,of 2 ratings,$40
ESSX,$0.45,1440782168072,"73,637",50% bullish,of 2 ratings,N/A
EEFT,$65.77,1440782168129,"62,499",100% bearish,of 1 rating,$67.50
ESEA,$5.45,1440782168204,"1,709",100% bullish,of 1 rating,$15
EVEP,$8.28,1440782168338,"194,976",50% bullish,of 2 ratings,$15
EVK,$3.73,1440782168378,200,75% bearish,of 4 ratings,N/A
EVLV,$2.66,1440782168405,"109,754",60% bullish,of 5 ratings,$5.125
EXA,$11.3697,1440782168476,"8,644",100% bearish,of 1 rating,$13
EVOL,$6.21,1440782168505,"2,525",75% bullish,of 4 ratings,$10
EVOK,$3.8212,1440782168535,"28,890",100% bearish,of 1 rating,$13.375
EXAC,$18.79,1440782168636,"10,978",100% bearish,of 1 rating,$22.50
EXAS,$22.1,1440782168701,"244,492",78% bullish,of 9 ratings,$31
EXEL,$6.06,1440782168803,"1,765,903",81% bullish,of 16 ratings,$6
EXLS,$36.33,1440782168943,"38,792",50% bullish,of 2 ratings,$41
EXPD,$49.33,1440782168972,"471,628",80% bullish,of 5 ratings,$52
EXFO,$2.74,1440782169002,"2,909",67% bearish,of 3 ratings,$3.95
EXPE,$116.42,1440782169078,"183,041",64% bullish,of 11 ratings,$130
EXPO,$42.13,1440782169131,"28,928",100% bearish,of 1 rating,$45.50
EYEG,$3.6799,1440782169211,"4,320",Not yet rated,NULL,N/A
EXLP,$21.065,1440782169270,"94,713",100% bearish,of 1 rating,$25
EYEGW,NULL,1440782169370,0,Not yet rated,NULL,N/A
EXTR,$2.815,1440782169402,"255,725",80% bullish,of 5 ratings,$3
ESRX,$84.42,1440782169432,"758,929",67% bearish,of 6 ratings,$101
EZCH,$22.79,1440782169502,"67,218",75% bullish,of 8 ratings,$19.50
FFIV,$123.032,1440782169530,"168,934",63% bullish,of 8 ratings,$132
EZPW,$5.95,1440782169565,"67,124",50% bullish,of 4 ratings,$7.50
FB,$90.8301,1440782169763,"13,531,866",73% bullish,of 1069 ratings,$111
FCS,$13.75,1440782169789,"210,059",67% bearish,of 3 ratings,$17
FRP,$16.13,1440782169920,"57,483",100% bearish,of 1 rating,$18
FWM,$2.295,1440782169952,"50,141",100% bearish,of 2 ratings,$3.20
FARM,$22.35,1440782170083,"9,950",100% bearish,of 1 rating,$35
FALC,$1.7,1440782170109,"44,011",63% bearish,of 8 ratings,N/A
FMNB,$8.35,1440782170158,"3,077",Not yet rated,NULL,N/A
FFKT,$25.95,1440782170189,"6,039",Not yet rated,NULL,$29
DAVE,$15.277,1440782170210,"8,321",100% bearish,of 1 rating,$15.50
FAST,$38.8299,1440782170343,"422,982",80% bullish,of 5 ratings,$45.50
FARO,$37.81,1440782170365,"45,396",50% bullish,of 2 ratings,$48
FATE,$7.055,1440782170447,"12,145",50% bullish,of 2 ratings,$11
FBRC,$22.3001,1440782170507,"5,464",100% bearish,of 1 rating,$29
FBSS,NULL,1440782170590,0,Not yet rated,NULL,N/A
FNHC,$21.08,1440782170726,"52,664",100% bearish,of 1 rating,$35
FDML,$8.5,1440782170755,"79,226",50% bullish,of 4 ratings,$14
FEIC,$75.83,1440782170775,"63,168",50% bullish,of 2 ratings,$95.50
FHCO,$1.41,1440782170908,"17,677",50% bullish,of 4 ratings,N/A
FCSC,$5.695,1440782170940,"51,424",100% bearish,of 1 rating,$8.125
FENX,$9.96,1440782170961,"38,499",100% bullish,of 1 rating,$14.25
FGEN,$24.24,1440782171012,"48,205",100% bearish,of 1 rating,$39
ONEQ,$189.0801,1440782171041,"6,808",100% bullish,of 1 rating,N/A
LION,$19.15,1440782171142,"22,705",100% bullish,of 1 rating,$20
FDUS,$14.59,1440782171206,"11,989",50% bullish,of 2 ratings,$18
FRGI,$52.88,1440782171287,"58,217",50% bullish,of 2 ratings,$70
FSAM,$8.07,1440782171336,"2,185",100% bearish,of 1 rating,$10.25
FSC,$6.48,1440782171386,"314,354",60% bullish,of 5 ratings,$8
FSCFL,$24.5264,1440782171514,"4,747",Not yet rated,NULL,N/A
FITBI,$27.505,1440782171609,"20,236",Not yet rated,NULL,N/A
FITB,$19.97,1440782171755,"1,582,529",54% bullish,of 13 ratings,$22
FNGN,$33.28,1440782171784,"57,116",67% bullish,of 3 ratings,$47
FISI,$24.63,1440782171812,"7,275",100% bullish,of 2 ratings,$24.50
FSFR,$8.73,1440782171843,"49,163",100% bearish,of 1 rating,$11.50
FNSR,$15.76,1440782171864,"275,627",71% bullish,of 7 ratings,$24.50
FNJN,$1.9,1440782171946,"17,501",100% bearish,of 1 rating,$5
FNTCU,NULL,1440782172089,0,Not yet rated,NULL,N/A
FNTCW,NULL,1440782172184,0,Not yet rated,NULL,N/A
FNTC,NULL,1440782172209,0,Not yet rated,NULL,N/A
FEYE,$39.1,1440782172235,"1,222,192",87% bullish,of 15 ratings,$55.50
FBNC,$17.23,1440782172364,"5,250",100% bullish,of 1 rating,$20
BUSE,$6.38,1440782172467,"49,078",Not yet rated,NULL,$6.875
FBIZ,$43.99,1440782172596,"16,705",100% bearish,of 2 ratings,$52
FCVA,NULL,1440782172629,0,Not yet rated,NULL,N/A
FNLC,$18.89,1440782172650,"5,173",100% bullish,of 1 rating,N/A
FCLF,$9.04,1440782172682,204,Not yet rated,NULL,N/A
FRBA,$6.09,1440782172712,800,Not yet rated,NULL,$8
FCAP,$26.5,1440782172745,202,Not yet rated,NULL,N/A
FCFS,$39.805,1440782172846,"46,658",100% bearish,of 3 ratings,$48
FCNCA,$240.01,1440782172979,"7,284",Not yet rated,NULL,N/A
FCBC,$17.48,1440782173032,"7,743",Not yet rated,NULL,$18
FCCO,$11.53,1440782173058,700,Not yet rated,NULL,$13.25
FDEF,$37.55,1440782173303,"16,710",Not yet rated,NULL,$38
FFNM,$6.3566,1440782173335,981,Not yet rated,NULL,N/A
FFBC,$18.33,1440782173361,"42,743",67% bearish,of 3 ratings,$20.25
FCFP,$6.94,1440782173391,"1,500",Not yet rated,NULL,N/A
FBNK,$17.218,1440782173438,"15,248",100% bearish,of 1 rating,$17.50
FFBCW,NULL,1440782173473,0,100% bearish,of 1 rating,N/A
THFF,$32.91,1440782173571,"7,426",Not yet rated,NULL,$35
FFIN,$30.84,1440782173597,"43,072",50% bullish,of 2 ratings,$31.75
FFNW,$12,1440782173735,"4,056",Not yet rated,NULL,$14
INBK,$30.89,1440782173761,"7,128",50% bullish,of 2 ratings,$37
FFWM,$21.35,1440782173788,"2,216",Not yet rated,NULL,$24
FIBK,$26.34,1440782173938,"35,940",Not yet rated,NULL,$32
FMBH,NULL,1440782174092,0,Not yet rated,NULL,N/A
FRME,$26.01,1440782174122,"44,056",Not yet rated,NULL,$26.50
FMBI,$17.51,1440782174143,"85,088",Not yet rated,NULL,$20
FNBC,$34.93,1440782174180,"26,155",Not yet rated,NULL,$40
FSFG,NULL,1440782174201,0,Not yet rated,NULL,N/A
FNWB,$11.87,1440782174234,"6,133",Not yet rated,NULL,N/A
FNFG,$9.15,1440782174284,"453,934",80% bullish,of 5 ratings,$9
FSGI,$2.477,1440782174382,"3,650",Not yet rated,NULL,N/A
FSBK,$7.8,1440782174513,"4,430",100% bullish,of 1 rating,N/A
FSLR,$48.32,1440782174545,"611,584",72% bullish,of 39 ratings,$65
FBZ,NULL,1440782174570,0,Not yet rated,NULL,N/A
BICK,$19.69,1440782174646,952,100% bullish,of 1 rating,N/A
FCAN,$24.73,1440782174777,"2,260",Not yet rated,NULL,N/A
FTCS,$36.6219,1440782174809,"8,503",100% bearish,of 1 rating,N/A
FCA,$20.44,1440782174902,"2,200",Not yet rated,NULL,N/A
IFV,$17.853,1440782174931,"336,067",100% bearish,of 1 rating,N/A
FV,$23.618,1440782175032,"1,242,386",100% bearish,of 1 rating,N/A
FTSM,$59.8402,1440782175079,"5,068",100% bearish,of 1 rating,N/A
FEMB,NULL,1440782175110,0,Not yet rated,NULL,N/A
FEUZ,$31.16,1440782175137,560,Not yet rated,NULL,N/A
TDIV,$24.86,1440782175210,"47,001",100% bearish,of 1 rating,N/A
FGM,$35.6999,1440782175313,407,Not yet rated,NULL,N/A
MDIV,$19.245,1440782175346,"81,152",Not yet rated,NULL,N/A
FTGC,$22.4451,1440782175381,"57,521",Not yet rated,NULL,N/A
FTHI,$19.37,1440782175523,100,Not yet rated,NULL,N/A
FHK,$33.53,1440782175604,736,Not yet rated,NULL,N/A
HYLS,$49.4802,1440782175667,"26,468",100% bearish,of 1 rating,N/A
YDIV,$16.49,1440782175701,"2,298",Not yet rated,NULL,N/A
FPXI,$27.24,1440782175729,300,Not yet rated,NULL,N/A
SKYY,$29.137,1440782175755,"20,556",100% bullish,of 1 rating,N/A
CU,$13.17,1440782175797,"2,840",100% bearish,of 1 rating,N/A
PLTM,$6.44,1440782175826,"2,302",100% bearish,of 1 rating,N/A
FJP,$47.97,1440782175955,"53,219",Not yet rated,NULL,N/A
FTLB,$19.3188,1440782176088,"3,260",100% bearish,of 1 rating,N/A
LMBS,$49.96,1440782176118,"4,611",Not yet rated,NULL,N/A
FMB,$51.23,1440782176193,415,Not yet rated,NULL,N/A
QABA,$37.49,1440782176218,"5,305",100% bearish,of 1 rating,N/A
CIBR,$18.0517,1440782176362,"37,617",Not yet rated,NULL,N/A
QCLN,$15.31,1440782176401,"13,890",Not yet rated,NULL,N/A
FONE,$35.4068,1440782176430,900,Not yet rated,NULL,N/A
RDVY,$21.13,1440782176529,"2,749",Not yet rated,NULL,N/A
CARZ,$35.074,1440782176557,"1,527",100% bearish,of 1 rating,N/A
GRID,$33.01,1440782176625,400,100% bearish,of 1 rating,N/A
QQXT,$40.7525,1440782176685,"16,099",Not yet rated,NULL,N/A
QQEW,$42.0701,1440782176712,"31,541",Not yet rated,NULL,N/A
QTEC,$40.28,1440782176782,"14,862",Not yet rated,NULL,N/A
AIRR,$16.42,1440782176843,"1,652",100% bearish,of 1 rating,N/A
QINC,$20.2999,1440782177049,663,Not yet rated,NULL,N/A
FDIV,$46.09,1440782177143,1,100% bearish,of 1 rating,N/A
TUSA,$25.08,1440782177171,200,Not yet rated,NULL,N/A
FSZ,$39.09,1440782177206,"1,060",Not yet rated,NULL,N/A
FTSL,$48.7876,1440782177227,"89,275",100% bearish,of 1 rating,N/A
FKO,NULL,1440782177300,0,Not yet rated,NULL,N/A
FKU,$41.85,1440782177329,690,Not yet rated,NULL,N/A
FUNC,NULL,1440782177353,0,Not yet rated,NULL,N/A
FTW,$31.91,1440782177499,2,Not yet rated,NULL,N/A
FMER,$17.89,1440782177531,"322,826",50% bullish,of 2 ratings,$20
SVVC,$9.4183,1440782177552,"7,154",50% bullish,of 2 ratings,$26
FSV,$31.12,1440782177630,"4,733",Not yet rated,NULL,$33.60
FISV,$86.55,1440782177773,"255,268",100% bearish,of 3 ratings,$90
FIVE,$38.51,1440782177799,"343,055",75% bearish,of 4 ratings,$44
FIVN,$4.03,1440782177970,"37,207",100% bullish,of 1 rating,$8.50
FPRX,$18.98,1440782178000,"99,133",50% bullish,of 2 ratings,$35
FLKS,$11.94,1440782178100,"11,575",50% bullish,of 2 ratings,$27
SKOR,$50.23,1440782178143,400,Not yet rated,NULL,N/A
FLXS,$32.4,1440782178233,"4,643",100% bearish,of 2 ratings,N/A
FLML,$21.71,1440782178269,"48,689",50% bullish,of 2 ratings,$30
FLXN,$24.78,1440782178294,"13,898",100% bearish,of 1 rating,$40
MBSD,$24.95,1440782178337,"13,103",Not yet rated,NULL,N/A
FLEX,$10.66,1440782178363,"528,866",63% bullish,of 8 ratings,$12
FFIC,$19.75,1440782178500,"31,664",Not yet rated,NULL,$21
FLDM,$11.7,1440782178534,"126,468",67% bearish,of 3 ratings,$15
FLIR,$28.55,1440782178560,"369,141",100% bearish,of 1 rating,$38.50
FOMX,$10.195,1440782178691,"54,848",50% bullish,of 2 ratings,$23.50
FOGO,$19.2,1440782178769,"19,714",50% bullish,of 2 ratings,$25.50
FORM,$6.52,1440782178877,"88,937",67% bullish,of 3 ratings,$10.50
FONR,$9.75,1440782178911,"3,652",100% bullish,of 1 rating,N/A
FES,$0.97,1440782178939,"27,520",50% bullish,of 2 ratings,$1
FTNT,$42.71,1440782178981,"223,892",80% bullish,of 10 ratings,$52
FORTY,$30.21,1440782179009,600,100% bearish,of 1 rating,N/A
FORR,$31.96,1440782179077,"5,004",Not yet rated,NULL,N/A
FWRD,$45.04,1440782179104,"37,859",100% bearish,of 1 rating,$50
FBIO,$2.88,1440782179170,"50,297",83% bullish,of 6 ratings,N/A
FORD,$1.9385,1440782179315,"1,221,698",67% bullish,of 3 ratings,N/A
FWP,$26.75,1440782179348,"6,338",100% bearish,of 1 rating,$45
FMI,$24.11,1440782179496,"192,546",100% bearish,of 2 ratings,$27.50
FOSL,$61.715,1440782179551,"259,053",60% bearish,of 5 ratings,$80
FOXF,$15.26,1440782179639,"10,870",100% bearish,of 1 rating,$19
FXCB,$17.09,1440782179669,"29,633",Not yet rated,NULL,$19
FRAN,$11.33,1440782179702,"176,900",50% bullish,of 4 ratings,$15
FELE,$29.135,1440782179728,"101,185",50% bullish,of 4 ratings,$33
FREE,$0.366,1440782179802,"247,576",92% bullish,of 12 ratings,N/A
FRED,$13.11,1440782179824,"94,903",50% bullish,of 2 ratings,$16
RAIL,$20.57,1440782179904,"32,897",100% bearish,of 1 rating,$24.50
FTR,$5.095,1440782180040,"5,985,584",78% bullish,of 27 ratings,$6.25
FRPT,$13.06,1440782180065,"139,885",67% bearish,of 3 ratings,$23.50
FEIM,$11.28,1440782180144,507,100% bearish,of 1 rating,N/A
FTRPR,$100.65,1440782180233,"43,698",100% bearish,of 1 rating,N/A
FRPH,$31.2,1440782180290,"2,784",100% bearish,of 1 rating,N/A
FSBW,$22.77,1440782180336,717,Not yet rated,NULL,N/A
FTD,$29.66,1440782180362,"36,894",100% bearish,of 1 rating,$40
FSYS,$6.67,1440782180502,"18,655",67% bullish,of 3 ratings,$10
FTEK,$2.05,1440782180537,"21,235",75% bullish,of 4 ratings,N/A
FULL,$3.07,1440782180565,"14,670",67% bearish,of 3 ratings,$4.25
FCEL,$0.8042,1440782180632,"1,083,425",88% bullish,of 41 ratings,$2.65
FULLL,NULL,1440782180664,0,Not yet rated,NULL,N/A
FLL,$1.4997,1440782180769,"5,000",75% bullish,of 4 ratings,$3.50
FULT,$12.12,1440782180796,"232,475",100% bearish,of 1 rating,$13
FSNN,NULL,1440782180960,0,67% bullish,of 3 ratings,$6
FFHL,$1.05,1440782180992,"17,697",50% bullish,of 4 ratings,N/A
FXEN,$0.9103,1440782181126,"55,269",75% bullish,of 4 ratings,$1.10
WILC,$4.84,1440782181220,"1,029",100% bullish,of 2 ratings,N/A
FXENP,$15.7547,1440782181251,700,100% bearish,of 1 rating,N/A
GK,$67.91,1440782181325,"22,748",Not yet rated,NULL,$78
GAIA,$5.92,1440782181359,600,50% bullish,of 2 ratings,$8.50
GLPG,$60.5,1440782181388,"5,240",100% bullish,of 1 rating,$75
GALTU,NULL,1440782181469,0,100% bearish,of 1 rating,N/A
GALT,$1.97,1440782181499,"18,178",80% bullish,of 5 ratings,N/A
GALTW,NULL,1440782181528,0,100% bullish,of 1 rating,N/A
GALE,$1.47,1440782181701,"456,636",89% bullish,of 47 ratings,$4
GLPI,$31.49,1440782181726,"118,150",100% bearish,of 1 rating,$37.50
GLMD,$9,1440782181791,"3,650",67% bullish,of 3 ratings,$20.50
GRMN,$38.12,1440782181860,"242,825",50% bullish,of 6 ratings,$46.50
GPIC,$9.64,1440782181885,410,100% bearish,of 1 rating,N/A
GGAC,$9.9,1440782182094,"3,134",100% bearish,of 1 rating,N/A
GGACR,$0.29,1440782182129,"46,800",100% bullish,of 1 rating,N/A
GGACU,$10.29,1440782182155,"19,744",Not yet rated,NULL,N/A
GARS,$14.245,1440782182225,"10,363",Not yet rated,NULL,$16
GGACW,$0.19,1440782182250,700,Not yet rated,NULL,N/A
GENC,$9.152,1440782182328,"4,369",100% bearish,of 1 rating,N/A
GNCMA,$16.9,1440782182388,"42,622",100% bearish,of 1 rating,$12
GFN,$3.86,1440782182413,"13,389",100% bearish,of 2 ratings,$8
GFNCP,NULL,1440782182554,0,Not yet rated,NULL,N/A
GFNSL,$25.62,1440782182732,600,Not yet rated,NULL,N/A
GENE,$2.26,1440782182767,"145,085",100% bullish,of 12 ratings,N/A
GNMK,$9.9601,1440782182821,"81,568",67% bullish,of 6 ratings,$14
GHDX,$27.08,1440782182863,"107,183",50% bullish,of 2 ratings,$30
GNCA,$12.275,1440782182888,"39,917",100% bearish,of 1 rating,$20
THRM,$46.47,1440782182928,"187,064",75% bearish,of 4 ratings,$55.50
GNTX,$15.52,1440782183030,"441,300",Not yet rated,NULL,$20
GNVC,$2.52,1440782183121,"6,416",90% bullish,of 10 ratings,$8.50
GTWN,NULL,1440782183178,0,Not yet rated,NULL,N/A
GABC,$28.99,1440782183251,"8,730",Not yet rated,NULL,$31
GERN,$3.1206,1440782183311,"465,371",88% bullish,of 16 ratings,$5.25
GEOS,$16.65,1440782183341,"51,061",100% bearish,of 3 ratings,$21
GEVO,$2.37,1440782183445,"216,483",75% bullish,of 12 ratings,$5
ROCK,$16.26,1440782183482,"51,195",80% bullish,of 5 ratings,$24
GIGA,$1.45,1440782183581,"1,263",100% bearish,of 1 rating,N/A
GIII,$68.6,1440782183614,"59,380",67% bullish,of 3 ratings,$75
GIGM,$0.55,1440782183685,"30,504",100% bullish,of 2 ratings,N/A
GILD,$107.34,1440782183742,"2,624,226",91% bullish,of 87 ratings,$129
GILT,$4.3912,1440782183780,900,50% bullish,of 2 ratings,N/A
GBCI,$25.86,1440782183876,"57,326",50% bullish,of 2 ratings,$31
GLAD,$8.74,1440782183929,"122,904",50% bullish,of 2 ratings,$8.75
GLADO,$25.59,1440782183960,100,Not yet rated,NULL,N/A
GOOD,$14.5,1440782184027,"40,328",Not yet rated,NULL,$19
GOODN,$25.407,1440782184063,400,Not yet rated,NULL,N/A
GOODO,$25,1440782184125,15,Not yet rated,NULL,N/A
GOODP,NULL,1440782184150,0,Not yet rated,NULL,N/A
GAIN,$7.46,1440782184333,"60,470",100% bullish,of 2 ratings,$8.25
GAINN,$25.01,1440782184381,"52,389",Not yet rated,NULL,N/A
GAINO,$25.1728,1440782184422,490,Not yet rated,NULL,N/A
GAINP,$25.9,1440782184465,320,Not yet rated,NULL,N/A
GDEF,$10.53,1440782184596,400,Not yet rated,NULL,N/A
GBT,$41.88,1440782184647,"46,756",100% bearish,of 1 rating,N/A
LAND,$9.22,1440782184673,"29,022",50% bullish,of 2 ratings,$13.75
GLBZ,NULL,1440782184695,0,Not yet rated,NULL,N/A
ENT,$11.77,1440782184894,"22,648",100% bearish,of 1 rating,$18
GBLI,$26.9175,1440782184974,"6,206",Not yet rated,NULL,N/A
GPACU,NULL,1440782185005,0,Not yet rated,NULL,N/A
GSOL,$8.15,1440782185026,"12,395",100% bearish,of 1 rating,N/A
ACTX,NULL,1440782185060,0,100% bullish,of 1 rating,N/A
SOCL,$17.81,1440782185158,"15,356",100% bullish,of 2 ratings,N/A
QQQC,$19.6301,1440782185188,"1,861",100% bearish,of 1 rating,N/A
ALTY,$14.44,1440782185293,600,Not yet rated,NULL,N/A
SRET,$13.27,1440782185398,214,Not yet rated,NULL,N/A
GAI,$5.87,1440782185466,100,50% bullish,of 2 ratings,N/A
YLCO,$11.9181,1440782185555,"1,371",Not yet rated,NULL,N/A
GLBS,NULL,1440782185602,0,67% bullish,of 3 ratings,N/A
GSM,$13.53,1440782185636,"170,566",50% bullish,of 2 ratings,$22
GLRI,$1.05,1440782185665,"13,661",100% bearish,of 1 rating,$4.25
GLUU,$4.53,1440782185729,"460,246",92% bullish,of 26 ratings,$9
GBIM,$2.379,1440782185755,"13,819",50% bullish,of 2 ratings,N/A
GLYC,$7.03,1440782185883,"5,343",50% bullish,of 2 ratings,$14
GOGO,$15.98,1440782185955,"170,289",80% bullish,of 5 ratings,$25
GLNG,$38.68,1440782185983,"516,326",83% bullish,of 6 ratings,$58
GMLP,$18.47,1440782186058,"83,217",50% bullish,of 4 ratings,$32.50
GLDC,$4.0001,1440782186126,"4,600",50% bullish,of 2 ratings,N/A
GDEN,$8.94,1440782186150,"3,739",50% bullish,of 2 ratings,N/A
GOGL,$3.112,1440782186178,"125,033",75% bullish,of 4 ratings,$5
GOOG,$628.64,1440782186351,"494,589",89% bullish,of 70 ratings,$825
GTIM,$6.94,1440782186386,"18,741",Not yet rated,NULL,$11.50
GBDC,$16.7,1440782186407,"57,755",Not yet rated,NULL,$17.75
GPRO,$48.8998,1440782186485,"2,024,301",78% bullish,of 58 ratings,$72
GOOGL,$657.375,1440782186513,"447,289",88% bullish,of 1081 ratings,$749
GMAN,$3.8,1440782186542,"131,965",60% bullish,of 5 ratings,$8.50
GPIA,NULL,1440782186647,0,Not yet rated,NULL,N/A
GPIAW,NULL,1440782186718,0,Not yet rated,NULL,N/A
GPIAU,NULL,1440782186874,0,Not yet rated,NULL,N/A
GBSN,$0.373,1440782186899,"2,503,137",50% bullish,of 2 ratings,$8.25
GRVY,NULL,1440782186957,0,50% bullish,of 2 ratings,N/A
LOPE,$37.45,1440782186983,"38,596",100% bearish,of 2 ratings,$50
GLDD,$5.41,1440782187062,"43,300",100% bearish,of 4 ratings,$7.75
GBSNU,NULL,1440782187109,0,NULL,NULL,NULL
GSBC,$39.97,1440782187196,"8,494",100% bullish,of 1 rating,$44
GNBC,$11.79,1440782187224,"8,000",100% bearish,of 1 rating,$16.50
GRBK,$12.005,1440782187263,"50,265",77% bullish,of 13 ratings,N/A
GPP,$13.25,1440782187289,"26,445",Not yet rated,NULL,$20.50
GPRE,$20.45,1440782187487,"532,802",67% bullish,of 6 ratings,$28.50
GLRE,$25.64,1440782187518,"88,802",50% bullish,of 2 ratings,$41
GRIF,$30.62,1440782187615,54,100% bearish,of 1 rating,N/A
GCBC,NULL,1440782187643,0,100% bullish,of 1 rating,N/A
GRFS,$30.57,1440782187668,"89,607",50% bullish,of 2 ratings,$35
GRPN,$4.48,1440782187713,"2,592,193",61% bullish,of 71 ratings,$6.75
GGAL,$19.7,1440782187908,"67,854",80% bullish,of 5 ratings,$40
GSVC,$8.8,1440782188055,"35,159",50% bullish,of 2 ratings,$14.50
GSIG,$13.02,1440782188085,"12,241",100% bearish,of 2 ratings,N/A
OMAB,$41.35,1440782188115,"6,882",100% bullish,of 1 rating,$44
GTXI,$0.9,1440782188145,"12,070",100% bullish,of 5 ratings,$.75
GFED,$14.7278,1440782188170,185,Not yet rated,NULL,$17
GBNK,$15.83,1440782188219,"9,733",100% bearish,of 1 rating,$18
GSIT,$4.66,1440782188363,"1,502",100% bearish,of 1 rating,N/A
GULTU,$0.3,1440782188448,"809,831",100% bearish,of 1 rating,N/A
GUID,$7.292,1440782188473,"19,934",100% bearish,of 3 ratings,$10
GIFI,$12.29,1440782188659,"15,989",100% bearish,of 1 rating,$16
GWPH,$109.11,1440782188684,"29,717",78% bullish,of 9 ratings,$148.50
GURE,$1.7,1440782188709,"75,267",88% bullish,of 8 ratings,N/A
GWGH,NULL,1440782188754,0,100% bearish,of 1 rating,$15.05
HEES,$19.1,1440782188857,"177,694",67% bearish,of 3 ratings,$31
HLG,$9,1440782188937,"2,225",100% bearish,of 1 rating,N/A
HNRG,$7.765,1440782188971,"34,879",100% bearish,of 1 rating,$10
GYRO,NULL,1440782189014,0,100% bearish,of 1 rating,N/A
HALL,$11.48,1440782189071,"10,306",Not yet rated,NULL,N/A
HALO,$18.39,1440782189097,"369,395",67% bullish,of 3 ratings,$22.50
GPOR,$35.8,1440782189146,"640,574",75% bullish,of 4 ratings,$55
HBK,NULL,1440782189172,0,50% bullish,of 2 ratings,N/A
HMPR,$1.86,1440782189321,"13,905",100% bullish,of 1 rating,N/A
HBHC,$27.48,1440782189458,"129,113",50% bullish,of 2 ratings,$30
HBHCL,$24.3899,1440782189550,"12,240",Not yet rated,NULL,N/A
HNSN,$0.5074,1440782189577,"24,214",88% bullish,of 8 ratings,$.40
HNH,$25.44,1440782189604,"12,336",100% bullish,of 1 rating,N/A
HAFC,$24.25,1440782189635,"48,400",100% bullish,of 2 ratings,$28.50
HQCL,$12.81,1440782189706,"21,271",67% bullish,of 3 ratings,$14
HDNG,$10.1452,1440782189766,"5,423",50% bullish,of 4 ratings,N/A
HRMNW,NULL,1440782189920,0,Not yet rated,NULL,N/A
HRMNU,NULL,1440782189952,0,Not yet rated,NULL,N/A
HRMN,NULL,1440782189978,0,Not yet rated,NULL,N/A
HLIT,$5.82,1440782190019,"76,739",100% bearish,of 1 rating,$6.50
HART,$0.9999,1440782190126,"51,974",100% bearish,of 1 rating,N/A
HCAP,$12.137,1440782190157,"3,200",50% bullish,of 2 ratings,$15
HBIO,$4.32,1440782190195,"17,071",100% bearish,of 1 rating,$10
TINY,$2.4901,1440782190260,"8,300",50% bullish,of 2 ratings,$5.26
HCAPL,NULL,1440782190478,0,Not yet rated,NULL,N/A
HWBK,NULL,1440782190543,0,100% bearish,of 1 rating,N/A
HAS,$75.605,1440782190581,"234,996",63% bullish,of 8 ratings,$84.50
HDS,$33.3199,1440782190679,"494,535",100% bearish,of 2 ratings,$39.50
HWKN,$37.084,1440782190706,"12,088",Not yet rated,NULL,N/A
HAYN,$38.06,1440782190727,"17,955",100% bearish,of 1 rating,$59
HA,$22.72,1440782190761,"235,935",67% bullish,of 9 ratings,$27
HCOM,$22.12,1440782190783,"26,415",100% bearish,of 1 rating,$28
HCSG,$33.42,1440782191015,"46,802",50% bullish,of 4 ratings,$35
HIIQ,$5.01,1440782191040,"11,921",50% bullish,of 2 ratings,$7
HQY,$29.3,1440782191070,"50,116",67% bullish,of 3 ratings,$32
HSTM,$25.32,1440782191172,"28,602",50% bullish,of 2 ratings,$33.75
HTLD,$20.61,1440782191197,"103,403",Not yet rated,NULL,$22.50
HWAY,$11.92,1440782191221,"50,690",100% bearish,of 1 rating,$15
HTLF,$35.9,1440782191493,"9,089",100% bullish,of 1 rating,$39.50
HTWR,$85.43,1440782191525,"67,757",50% bullish,of 2 ratings,$103
HELE,$85.15,1440782191553,"27,650",67% bearish,of 3 ratings,$100
HTBX,$5.04,1440782191579,"2,008",50% bullish,of 2 ratings,$15.50
HMNY,NULL,1440782191609,0,100% bearish,of 1 rating,N/A
HMTV,$13.5925,1440782191640,"3,545",100% bearish,of 1 rating,$16
HSII,$19.64,1440782191706,"15,233",100% bullish,of 3 ratings,$25
HCACU,NULL,1440782191771,0,Not yet rated,NULL,N/A
HNNA,$24.9,1440782191897,"6,147",Not yet rated,NULL,N/A
HSIC,$138.13,1440782191999,"96,838",83% bullish,of 6 ratings,$146
HERO,NULL,1440782192128,0,NULL,NULL,NULL
HTBK,$10.64,1440782192177,"10,672",Not yet rated,NULL,$12
HEOP,$7.73,1440782192209,"7,724",Not yet rated,NULL,$8.50
HRTX,$35.66,1440782192230,"114,115",67% bullish,of 6 ratings,$41
MLHR,$27.02,1440782192308,"129,371",50% bullish,of 2 ratings,$33.50
HCCI,$11.2,1440782192360,"21,791",100% bearish,of 1 rating,$16.50
HFWA,$17.66,1440782192397,"52,983",100% bullish,of 1 rating,$20
HSKA,$33.34,1440782192448,"9,503",100% bearish,of 1 rating,$38
HFFC,$16,1440782192546,"4,730",Not yet rated,NULL,N/A
HIBB,$39.01,1440782192580,"88,736",100% bearish,of 1 rating,$46.50
HPJ,$2.1982,1440782192610,"11,043",75% bullish,of 4 ratings,$12.43
HIHO,$3.762,1440782192687,"1,538",Not yet rated,NULL,N/A
HIMX,$6.9,1440782192718,"671,733",86% bullish,of 21 ratings,$8.50
HIFS,$117.21,1440782192816,812,Not yet rated,NULL,N/A
HOLI,$17.97,1440782192996,"57,913",50% bullish,of 4 ratings,$27
HMNF,$11.68,1440782193025,"1,650",Not yet rated,NULL,N/A
HSGX,$6.15,1440782193046,"3,000",100% bearish,of 1 rating,$17
HMSY,$10.4,1440782193074,"367,614",67% bullish,of 3 ratings,$19.35
HOLX,$39.58,1440782193219,"522,093",67% bullish,of 3 ratings,$42
HBCP,$24.61,1440782193319,"1,300",Not yet rated,NULL,$29
HFBL,$21.58,1440782193345,500,Not yet rated,NULL,N/A
AWAY,$29.05,1440782193371,"141,764",67% bullish,of 3 ratings,$36
HOMB,$38.02,1440782193400,"103,062",Not yet rated,NULL,$42
HMIN,$27.01,1440782193425,"18,915",100% bearish,of 2 ratings,$35
HMST,$21.92,1440782193501,"45,003",100% bullish,of 2 ratings,$27
HTBI,$18.18,1440782193594,"11,965",67% bullish,of 3 ratings,$18.625
HKTV,$4.76,1440782193872,100,100% bearish,of 1 rating,N/A
CETC,$0.759,1440782193910,"147,086",86% bullish,of 7 ratings,N/A
HOFT,$23.56,1440782194087,"6,300",100% bearish,of 1 rating,N/A
ZINC,$7.86,1440782194244,"286,538",100% bearish,of 1 rating,$17
HRZN,$10.4694,1440782194276,"23,970",50% bullish,of 2 ratings,$14.25
HFBC,$11.27,1440782194379,"2,200",Not yet rated,NULL,N/A
HBNC,$23.31,1440782194411,"4,744",100% bullish,of 1 rating,$27
HZNP,$30.54,1440782194483,"686,547",85% bullish,of 20 ratings,$40
HDP,$24.127,1440782194510,"100,599",67% bearish,of 3 ratings,$30.50
HMHC,$22.7,1440782194573,"193,674",Not yet rated,NULL,$27
HWCC,$7.51,1440782194602,"57,861",100% bearish,of 1 rating,$9
HOVNP,NULL,1440782194655,0,100% bearish,of 1 rating,N/A
HBMD,$14.23,1440782194683,300,100% bearish,of 1 rating,N/A
HTGM,$5.615,1440782195024,624,100% bearish,of 1 rating,$19.50
HUBG,$37.365,1440782195050,"212,940",100% bearish,of 1 rating,$43
HCBK,$9.36,1440782195119,"421,826",83% bullish,of 6 ratings,$8.61
HSNI,$62.03,1440782195145,"61,792",Not yet rated,NULL,$80
HSON,$2.7337,1440782195216,"2,740",100% bearish,of 1 rating,$5
HDSN,$3.095,1440782195271,"10,300",100% bullish,of 1 rating,$6.25
HBAN,$10.91,1440782195299,"2,678,131",76% bullish,of 17 ratings,$12.29
HBANP,NULL,1440782195320,0,100% bearish,of 1 rating,N/A
HURC,$30.76,1440782195376,"4,029",100% bearish,of 1 rating,N/A
HTCH,$1.56,1440782195466,"74,021",100% bearish,of 1 rating,$3.50
HBP,NULL,1440782195505,0,100% bullish,of 1 rating,N/A
HURN,$73.55,1440782195531,"44,346",50% bullish,of 2 ratings,$80
HDRAR,NULL,1440782195665,0,Not yet rated,NULL,N/A
HDRAU,NULL,1440782195689,0,Not yet rated,NULL,N/A
HDRA,NULL,1440782195716,0,Not yet rated,NULL,N/A
HDRAW,NULL,1440782195737,0,Not yet rated,NULL,N/A
HYGS,$9.5299,1440782196030,"19,153",50% bullish,of 2 ratings,$13
IDSY,$3.833,1440782196069,"1,618",100% bearish,of 1 rating,$7
IKGH,$1.69,1440782196101,"3,472",75% bullish,of 4 ratings,N/A
ICAD,$4.041,1440782196132,"56,891",100% bullish,of 2 ratings,$7.25
IEP,$74.21,1440782196161,"34,771",75% bullish,of 4 ratings,$99
IACI,$71.02,1440782196188,"191,345",75% bullish,of 4 ratings,$90
ICFI,$34.31,1440782196217,"27,215",50% bullish,of 2 ratings,$48.50
IBKC,$60.435,1440782196243,"37,675",100% bullish,of 1 rating,$70
ICLR,$77.93,1440782196415,"114,775",100% bearish,of 3 ratings,$85
ICON,$13.4999,1440782196548,"170,244",50% bullish,of 2 ratings,$18.50
IPWR,$7.13,1440782196573,300,100% bullish,of 1 rating,$15
ICUI,$113.175,1440782196607,"11,876",Not yet rated,NULL,$122
IDRA,$2.945,1440782196702,"271,885",89% bullish,of 9 ratings,$6.50
INVE,$4.2795,1440782196727,"47,403",75% bullish,of 4 ratings,$4
IDXX,$73.34,1440782196769,"155,001",100% bearish,of 1 rating,$77
DSKY,$11.02,1440782196865,"68,059",67% bullish,of 6 ratings,$11.50
IIVI,$17.08,1440782196952,"44,343",100% bearish,of 1 rating,$22
IROQ,$16.7,1440782196997,200,100% bullish,of 1 rating,N/A
IRG,$4.75,1440782197024,"13,944",100% bearish,of 1 rating,$4.25
RXDX,$13.65,1440782197045,"55,863",100% bullish,of 1 rating,$20
KANG,$15.81,1440782197091,"109,855",50% bullish,of 2 ratings,$22.55
IKAN,$2.7334,1440782197190,"3,566",83% bullish,of 6 ratings,$5
ILMN,$200.96,1440782197219,"436,208",80% bullish,of 5 ratings,$245
IKNX,NULL,1440782197325,0,100% bearish,of 1 rating,N/A
IMMR,$11.95,1440782197625,"39,082",80% bullish,of 5 ratings,$15.50
ISNS,$3.92,1440782197656,"7,200",50% bullish,of 2 ratings,N/A
IMDZ,$16.39,1440782197683,"11,025",100% bearish,of 1 rating,$33
IMNP,$1.3,1440782197731,"26,847",50% bullish,of 2 ratings,$6
ICCC,$7.27,1440782197758,"9,606",100% bullish,of 1 rating,N/A
IMMU,$2.04,1440782197783,"213,423",86% bullish,of 7 ratings,$2
IMGN,$14.685,1440782197888,"386,689",75% bullish,of 4 ratings,$17.50
INCR,$41.84,1440782197917,"70,719",50% bullish,of 2 ratings,$53
IPXL,$42.92,1440782198020,"147,710",67% bullish,of 3 ratings,$46.50
SAAS,$7.71,1440782198055,"114,788",50% bullish,of 2 ratings,$15
INCY,$118.6001,1440782198092,"533,076",50% bullish,of 6 ratings,$125.50
IMMY,$7.65,1440782198122,425,100% bearish,of 1 rating,$11
INDB,$43.515,1440782198152,"82,113",Not yet rated,NULL,$44
IBCP,$14.07,1440782198173,"58,798",100% bullish,of 1 rating,$14.50
IBTX,$41.92,1440782198362,"7,525",100% bullish,of 2 ratings,$47.25
IDSA,$3.662,1440782198508,"1,600",Not yet rated,NULL,N/A
INFI,$9.23,1440782198533,"116,965",50% bullish,of 4 ratings,$18
INFN,$22.02,1440782198610,"575,751",71% bullish,of 7 ratings,$28
IPCC,$77.06,1440782198677,"8,973",Not yet rated,NULL,$77.50
IFON,$1.2379,1440782198705,"22,089",75% bullish,of 4 ratings,N/A
III,$3.95,1440782198727,"51,933",57% bullish,of 7 ratings,$6
INWK,$7.1399,1440782198858,"22,337",50% bullish,of 2 ratings,$10
INOD,$2.44,1440782198886,600,100% bearish,of 1 rating,N/A
INNL,$12.565,1440782198919,250,100% bearish,of 1 rating,$16.50
IMKTA,$50.23,1440782198954,"18,146",100% bearish,of 1 rating,N/A
IOSP,$47.81,1440782199014,"69,840",100% bearish,of 1 rating,N/A
IPHS,$48.15,1440782199149,"26,011",100% bearish,of 1 rating,$60
ISSC,$2.8344,1440782199175,"1,400",67% bearish,of 3 ratings,N/A
INGN,$50.07,1440782199225,"127,408",100% bearish,of 1 rating,$50.50
ITEK,$12.2401,1440782199376,"159,501",100% bearish,of 3 ratings,$20
INOV,$21.8364,1440782199465,"605,482",100% bearish,of 1 rating,$33
INSM,$25.12,1440782199554,"128,542",71% bullish,of 7 ratings,$31.50
ISIG,$2.74,1440782199591,"8,469",100% bearish,of 1 rating,N/A
INO,$7.63,1440782199682,"1,177,011",89% bullish,of 18 ratings,$20
IIIN,$17.15,1440782199710,"6,521",100% bearish,of 2 ratings,N/A
INSY,$33.6,1440782199744,"126,720",75% bullish,of 4 ratings,$48
NSIT,$25.95,1440782199765,"37,087",50% bullish,of 2 ratings,N/A
PODD,$29.83,1440782199841,"80,940",67% bearish,of 3 ratings,$35
NTEC,$5.53,1440782199941,"4,805",100% bearish,of 1 rating,N/A
IART,$61.28,1440782200015,"49,773",100% bearish,of 1 rating,$71.50
IDTI,$19.2,1440782200041,"580,263",60% bullish,of 5 ratings,$25
IESC,$7.08,1440782200086,700,100% bearish,of 1 rating,N/A
INTC,$28.4562,1440782200194,"11,971,008",82% bullish,of 238 ratings,$36
ISSI,$21.99,1440782200221,"68,226",67% bullish,of 3 ratings,$19.75
IPAR,$25.78,1440782200405,"22,592",67% bullish,of 3 ratings,$38
IBKR,$39.97,1440782200443,"151,248",100% bullish,of 1 rating,N/A
IQNT,$18.52,1440782200469,"71,104",86% bullish,of 7 ratings,$20
ICLD,$1.9099,1440782200539,"57,339",75% bullish,of 4 ratings,N/A
IPCI,$2.29,1440782200574,"38,907",67% bullish,of 6 ratings,$8
ININ,$35.875,1440782200596,"30,502",67% bearish,of 3 ratings,$57
ICLDW,NULL,1440782200625,0,100% bearish,of 1 rating,N/A
ICPT,$188.78,1440782200675,"56,297",70% bullish,of 10 ratings,$359.50
IDCC,$49.69,1440782200853,"88,493",80% bullish,of 5 ratings,$63
TILE,$24.11,1440782200878,"144,513",100% bearish,of 3 ratings,$27
IMI,$2.13,1440782200952,"5,695",67% bullish,of 3 ratings,$2.22
INAP,$8.0293,1440782201094,"93,396",75% bullish,of 4 ratings,$11
ISCA,$31.66,1440782201124,"56,348",100% bearish,of 1 rating,N/A
IIJI,$10,1440782201232,20,50% bullish,of 2 ratings,$11.50
INPH,$0.3051,1440782201266,"125,736",50% bullish,of 2 ratings,N/A
PTNT,$3.05,1440782201290,200,Not yet rated,NULL,N/A
IGLD,NULL,1440782201339,0,50% bullish,of 2 ratings,N/A
INTX,$2,1440782201469,"52,545",67% bullish,of 3 ratings,N/A
IBOC,$25.195,1440782201506,"48,545",100% bearish,of 1 rating,N/A
XENT,$25.4506,1440782201532,"53,364",50% bullish,of 2 ratings,$36.50
ISIL,$10.6802,1440782201557,"177,191",50% bullish,of 6 ratings,$15
IILG,$19.92,1440782201609,"36,096",100% bearish,of 1 rating,$29
IVAC,$4.87,1440782201692,"9,148",100% bearish,of 1 rating,$6.625
INTL,$25.74,1440782201762,"23,042",67% bearish,of 3 ratings,N/A
INTLL,$26.09,1440782201897,850,Not yet rated,NULL,N/A
ITCI,$26.82,1440782202043,"239,783",75% bearish,of 4 ratings,$40
INTU,$86.9099,1440782202069,"699,646",86% bullish,of 7 ratings,$107.50
IIN,$6.22,1440782202100,"1,100",100% bearish,of 1 rating,$12
SNAK,$8.41,1440782202200,"54,833",50% bullish,of 2 ratings,$14
ISBC,$11.786,1440782202230,"420,558",100% bullish,of 1 rating,$13.25
ISTR,$15.7299,1440782202259,515,100% bearish,of 1 rating,$18.50
ISRG,$512.15,1440782202280,"24,737",67% bullish,of 3 ratings,$600
INVT,$0.3179,1440782202309,"152,109",67% bullish,of 3 ratings,N/A
ITIC,$71.5,1440782202515,800,100% bearish,of 2 ratings,N/A
NVIV,$9.45,1440782202562,"66,947",50% bullish,of 4 ratings,$24.50
IPAS,$1.0801,1440782202697,"17,180",67% bullish,of 3 ratings,N/A
DTUL,NULL,1440782202723,0,Not yet rated,NULL,N/A
IVTY,$14.03,1440782202744,"5,006",Not yet rated,NULL,$18
DFVL,NULL,1440782202772,0,Not yet rated,NULL,N/A
IPGP,$86.0299,1440782202898,"123,055",100% bearish,of 2 ratings,$109.50
IPCM,$79.3,1440782202946,"57,669",50% bullish,of 2 ratings,$80.125
IRIX,$7.005,1440782202996,"4,700",100% bearish,of 1 rating,N/A
IRMD,$24.82,1440782203025,"8,370",67% bearish,of 3 ratings,$25
IRDM,$7.19,1440782203079,"167,967",60% bullish,of 5 ratings,$11.50
IRBT,$29.38,1440782203106,"79,712",67% bullish,of 6 ratings,$37
IRWD,$11.14,1440782203137,"493,053",100% bearish,of 1 rating,$13
IRDMB,$288,1440782203182,20,67% bearish,of 3 ratings,N/A
IRCP,NULL,1440782203337,0,100% bullish,of 2 ratings,N/A
FCHI,NULL,1440782203415,0,NULL,NULL,NULL
COMT,$33.7745,1440782203505,"7,947",100% bearish,of 1 rating,N/A
IFAS,NULL,1440782203536,0,NULL,NULL,NULL
GNMA,$50.2132,1440782203558,"1,198",Not yet rated,NULL,N/A
IFNA,NULL,1440782203585,0,NULL,NULL,NULL
IFEU,$38.0168,1440782203638,"1,582",Not yet rated,NULL,N/A
IFGL,$28.6399,1440782203716,"65,793",Not yet rated,NULL,N/A
ACWI,$56.26,1440782203749,"970,230",Not yet rated,NULL,N/A
AXJS,NULL,1440782203786,0,NULL,NULL,NULL
ACWX,$41.09,1440782203847,"218,674",100% bearish,of 1 rating,N/A
AAIT,NULL,1440782203876,0,NULL,NULL,NULL
AAXJ,$53.63,1440782203977,"561,266",Not yet rated,NULL,N/A
EMDI,NULL,1440782204001,0,NULL,NULL,NULL
EGRW,NULL,1440782204180,0,NULL,NULL,NULL
EEME,NULL,1440782204236,0,NULL,NULL,NULL
EEMA,$50.66,1440782204289,"18,451",Not yet rated,NULL,N/A
EVAL,NULL,1440782204314,0,NULL,NULL,NULL
EMEY,NULL,1440782204338,0,NULL,NULL,NULL
EUFN,$21.9076,1440782204467,"28,404",100% bearish,of 1 rating,N/A
EEML,NULL,1440782204496,0,Not yet rated,NULL,N/A
IEUS,$45.41,1440782204516,938,100% bearish,of 1 rating,N/A
IBB,$349.95,1440782204554,"373,286",63% bullish,of 8 ratings,N/A
UAE,$18.6001,1440782204648,"3,400",Not yet rated,NULL,N/A
QAT,$21.43,1440782204792,400,Not yet rated,NULL,N/A
EMIF,$28.72,1440782204817,"6,422",Not yet rated,NULL,N/A
SOXX,$83.27,1440782204842,"244,063",50% bullish,of 2 ratings,N/A
ICLN,$9.665,1440782205010,"8,851",50% bullish,of 2 ratings,N/A
WOOD,$48.0601,1440782205046,"14,951",50% bullish,of 2 ratings,N/A
INDY,$27.625,1440782205071,"90,229",50% bullish,of 2 ratings,N/A
ISHG,$79.3,1440782205203,"3,777",100% bearish,of 1 rating,N/A
IGOV,$91.03,1440782205232,"4,006",100% bearish,of 1 rating,N/A
ISRL,$132.25,1440782205254,373,100% bearish,of 1 rating,N/A
ISIS,$50.99,1440782205288,"343,364",53% bullish,of 15 ratings,$67
ISLE,$17.52,1440782205310,"54,617",50% bullish,of 4 ratings,$16
ITRI,$30.17,1440782205441,"57,396",Not yet rated,NULL,$37
ITRN,$24.1276,1440782205466,868,50% bullish,of 2 ratings,N/A
ITUS,$4.1299,1440782205493,"5,050",Not yet rated,NULL,N/A
XXIA,$15.29,1440782205631,"133,589",71% bullish,of 7 ratings,$14.625
JJSF,$114.63,1440782205812,"7,011",100% bearish,of 1 rating,N/A
MAYS,NULL,1440782205846,0,Not yet rated,NULL,N/A
IXYS,$11.13,1440782205872,"31,033",50% bullish,of 4 ratings,N/A
JKHY,$68.47,1440782205897,"85,101",50% bullish,of 2 ratings,$72
JCOM,$69.33,1440782205928,"59,028",100% bullish,of 2 ratings,$77
JBHT,$73.54,1440782205961,"183,916",50% bullish,of 4 ratings,$89.50
JACK,$81.4,1440782206029,"71,582",83% bullish,of 6 ratings,$105
JASO,$7.9,1440782206056,"428,730",82% bullish,of 17 ratings,$10
JXSB,NULL,1440782206242,0,Not yet rated,NULL,N/A
JAKK,$9.335,1440782206299,"193,530",60% bearish,of 5 ratings,$11
JAXB,NULL,1440782206399,0,100% bullish,of 1 rating,N/A
JAGX,$3.6,1440782206426,"6,514",Not yet rated,NULL,N/A
JMBA,$13.87,1440782206456,"51,215",75% bullish,of 4 ratings,$18
JRVR,$26.58,1440782206561,"18,935",Not yet rated,NULL,$32
ERW,NULL,1440782206590,0,Not yet rated,NULL,N/A
JASNW,NULL,1440782206615,0,50% bullish,of 2 ratings,N/A
JASN,$5,1440782206640,"16,089",50% bullish,of 2 ratings,$9.50
JTPY,$2.95,1440782206850,100,100% bearish,of 1 rating,N/A
JD,$26.595,1440782206879,"2,987,146",75% bullish,of 16 ratings,$36
JAZZ,$171.19,1440782206901,"51,175",80% bullish,of 15 ratings,$206.50
JBLU,$22.36,1440782206949,"1,268,880",94% bullish,of 18 ratings,$27
JCTCF,NULL,1440782207042,0,100% bullish,of 1 rating,N/A
JST,$4,1440782207075,"4,402",75% bullish,of 4 ratings,N/A
DATE,$6.11,1440782207178,"47,031",75% bullish,of 4 ratings,$9
WYIGU,$10.2,1440782207346,3,Not yet rated,NULL,N/A
JOEZ,$0.1731,1440782207371,"34,273",92% bullish,of 12 ratings,N/A
JBSS,$53.57,1440782207417,"32,939",67% bearish,of 3 ratings,N/A
JIVE,$4.495,1440782207443,"144,829",75% bullish,of 4 ratings,$5
JNP,$11.05,1440782207514,"20,125",100% bullish,of 3 ratings,$15
JOUT,$23.34,1440782207545,"2,725",100% bearish,of 1 rating,$34
JUNO,$38.11,1440782207566,"392,512",73% bullish,of 11 ratings,$71.50
KALU,$82.7,1440782207735,"33,768",67% bearish,of 3 ratings,$91
KBIO,$2.07,1440782207802,"14,196",50% bullish,of 4 ratings,N/A
KTWO,$21.485,1440782207827,"47,564",100% bearish,of 1 rating,$28.50
KNDI,$6.7799,1440782207852,"192,891",86% bullish,of 22 ratings,N/A
KMDA,$3.38,1440782208008,"2,800",50% bullish,of 2 ratings,$8
KPTI,$14.18,1440782208033,"93,231",67% bearish,of 3 ratings,$39
KCLI,$47.04,1440782208059,"17,558",Not yet rated,NULL,N/A
KBSF,NULL,1440782208210,0,100% bullish,of 1 rating,N/A
KCAP,$4.6674,1440782208243,"27,398",75% bullish,of 4 ratings,$6
KELYA,$14.11,1440782208264,"30,453",67% bullish,of 6 ratings,$20
KRNY,$11.255,1440782208298,"168,259",100% bearish,of 1 rating,$12
KELYB,NULL,1440782208394,0,50% bullish,of 2 ratings,N/A
KMPH,$19.49,1440782208433,"32,900",100% bearish,of 2 ratings,$22
KFFB,$8.6126,1440782208536,"1,208",100% bearish,of 1 rating,N/A
GMCR,$53.9672,1440782208595,"432,795",71% bullish,of 42 ratings,$64
KERX,$6.4901,1440782208703,"465,290",82% bullish,of 11 ratings,$12
