Symbol,Price,Date,Volume,Rating,RatingVoteCount,OneYearEstimate
TFSCR,$0.3723,1441740002423,"1,000",Not yet rated,NULL,N/A
TFSCW,$0.3,1441740002518,"4,500",100% bearish,of 1 rating,N/A
TFSCU,NULL,1441740002548,0,Not yet rated,NULL,N/A
PIH,$7.48,1441740002574,903,100% bearish,of 1 rating,N/A
FLWS,$8.47,1441740002617,"234,562",80% bullish,of 5 ratings,$15
FCTY,$7.9,1441740002642,512,100% bullish,of 1 rating,$8.50
TFSC,NULL,1441740002666,0,100% bearish,of 1 rating,N/A
FCCY,$11.58,1441740002701,"1,000",100% bullish,of 1 rating,$13
SRCE,$30.7,1441740002963,"10,952",100% bullish,of 3 ratings,$33
UGLD,$8.9801,1441740003064,"48,610",100% bearish,of 1 rating,N/A
TWOU,$35.79,1441740003119,"201,637",50% bullish,of 2 ratings,$39
DSLV,$66.53,1441740003152,"13,147",100% bearish,of 1 rating,N/A
DGLD,$82.99,1441740003258,"3,137",100% bullish,of 1 rating,N/A
VNET,$18.305,1441740003316,"310,950",60% bullish,of 5 ratings,$35
USLV,$12.9362,1441740003361,"167,289",86% bullish,of 7 ratings,N/A
JOBS,$26.72,1441740003578,"69,926",50% bullish,of 4 ratings,$36
AAON,$19.9,1441740003732,"38,600",100% bearish,of 1 rating,$24
EGHT,$7.94,1441740003764,"127,332",82% bullish,of 17 ratings,$11
SIXD,$3.1599,1441740003794,"74,186",Not yet rated,NULL,N/A
CAFD,$14.245,1441740003867,"87,138",Not yet rated,NULL,$24.50
SHLM,$32.3,1441740003899,"83,543",100% bearish,of 1 rating,$47
ABAX,$48.7,1441740003999,"34,939",100% bearish,of 1 rating,$60
ABY,$19.905,1441740004058,"1,817,417",100% bearish,of 2 ratings,$46
ABGB,$5.7675,1441740004214,"74,885",67% bullish,of 3 ratings,$5.50
ABEO,$4.715,1441740004303,"28,556",50% bullish,of 4 ratings,$15.50
ABEOW,$1.7101,1441740004407,100,100% bullish,of 1 rating,N/A
ABMD,$96.1002,1441740004437,"239,604",75% bullish,of 4 ratings,$100.50
AVHI,$13.6,1441740004463,"10,938",100% bearish,of 1 rating,$19
AXAS,$1.64,1441740004540,"711,694",78% bullish,of 9 ratings,$3.50
ACAD,$41.44,1441740004697,"446,150",80% bullish,of 20 ratings,$48
ACTG,$9.1,1441740004729,"170,466",67% bullish,of 3 ratings,$18.50
ACHC,$74.11,1441740004757,"182,653",50% bullish,of 2 ratings,$92
AXDX,$17.47,1441740004825,"111,607",100% bearish,of 1 rating,N/A
ACST,$0.3123,1441740004922,"21,438",100% bullish,of 2 ratings,N/A
XLRN,$30.78,1441740005066,"85,539",50% bullish,of 2 ratings,$57
VXDN,$1.9301,1441740005099,"8,272",100% bearish,of 1 rating,N/A
ARAY,$6.55,1441740005260,"212,455",100% bearish,of 1 rating,$10.50
VXUP,$1.5418,1441740005319,"26,275",100% bearish,of 1 rating,N/A
ACRX,$4.075,1441740005448,"469,490",67% bearish,of 6 ratings,$7
ANCX,$20.325,1441740005539,"13,681",Not yet rated,NULL,$20
ACET,$22.91,1441740005578,"60,139",75% bullish,of 4 ratings,$30
AKAO,$7.0049,1441740005668,"37,134",75% bullish,of 4 ratings,$15
ACIW,$21.66,1441740005763,"96,326",67% bearish,of 3 ratings,$24
ACNB,$20.01,1441740005838,"1,670",Not yet rated,NULL,N/A
ACHN,$8.025,1441740005968,"3,009,981",90% bullish,of 21 ratings,$16
ACPW,$1.9201,1441740006026,"24,783",100% bullish,of 4 ratings,$3.25
ACOR,$33.16,1441740006055,"94,251",67% bearish,of 3 ratings,$38.50
ACTS,$1.59,1441740006187,"13,200",100% bearish,of 1 rating,N/A
ATVI,$28.75,1441740006208,"3,463,998",67% bullish,of 84 ratings,$31.50
ACTA,$14.05,1441740006292,"34,504",67% bearish,of 3 ratings,$25
ACXM,$20.85,1441740006423,"71,078",67% bullish,of 3 ratings,N/A
ACUR,$2.9725,1441740006448,"9,010",100% bullish,of 5 ratings,$5
ADMP,$3.9245,1441740006701,"14,288",50% bullish,of 2 ratings,$10
ADEP,$7.8,1441740006831,"46,399",50% bullish,of 2 ratings,$10.75
ADUS,$29.63,1441740006857,"30,547",100% bearish,of 1 rating,$31
ADAP,$11.235,1441740006990,"18,321",67% bullish,of 3 ratings,$22
ADMA,$9.05,1441740007047,"8,099",Not yet rated,NULL,$19
AEY,$2.39,1441740007259,550,100% bearish,of 2 ratings,N/A
ADBE,$79.68,1441740007353,"917,061",61% bullish,of 18 ratings,$90
ADRO,$18.8,1441740007389,"156,215",80% bullish,of 5 ratings,$45.50
AEIS,$24.77,1441740007415,"131,479",50% bullish,of 2 ratings,$32.50
ADMS,$19.69,1441740007610,"43,038",100% bearish,of 2 ratings,$36
ADXSW,$10.15,1441740007767,650,100% bullish,of 1 rating,N/A
AMD,$1.875,1441740007828,"3,145,548",83% bullish,of 103 ratings,$2
AEGR,$18,1441740008002,"95,250",50% bullish,of 6 ratings,$26
YPRO,$23.0213,1441740008030,"4,637",100% bearish,of 1 rating,N/A
ADXS,$13.9816,1441740008091,"313,315",64% bullish,of 14 ratings,$27
ADTN,$15.47,1441740008161,"128,512",67% bullish,of 3 ratings,$17.125
AEGN,$18.18,1441740008342,"80,092",100% bearish,of 2 ratings,$21
AMTX,$3.02,1441740008371,"8,468",50% bullish,of 2 ratings,N/A
AEPI,$61.595,1441740008474,"24,744",100% bearish,of 1 rating,N/A
AVAV,$20.61,1441740008690,"99,391",50% bullish,of 4 ratings,$28
AEMD,$7.335,1441740008787,"78,913",Not yet rated,NULL,$27.50
MULT,NULL,1441740008814,0,100% bearish,of 1 rating,N/A
AEHR,$2.29,1441740008841,112,50% bullish,of 2 ratings,N/A
AERI,$16.44,1441740008866,"287,392",75% bullish,of 4 ratings,$31.50
AFMD,$10.093,1441740009027,"88,759",50% bullish,of 4 ratings,$15
AGEN,$7.04,1441740009086,"189,252",85% bullish,of 13 ratings,$14
AFFX,$9.49,1441740009111,"302,091",80% bullish,of 5 ratings,$12.50
AGYS,$9.61,1441740009388,"5,390",100% bearish,of 1 rating,N/A
AEZS,$0.0782,1441740009419,"9,308,472",90% bullish,of 21 ratings,$1.50
AGIO,$89.115,1441740009520,"134,034",88% bullish,of 8 ratings,$114
AGRX,$8.75,1441740009565,"64,364",100% bearish,of 1 rating,$17.50
AGFS,$10.12,1441740009695,"85,999",100% bearish,of 1 rating,N/A
AIRM,$36.59,1441740009724,"70,504",80% bearish,of 5 ratings,$53
AGFSW,$2.11,1441740009749,"10,400",100% bearish,of 2 ratings,N/A
AIXG,$6.92,1441740009830,"29,352",67% bearish,of 3 ratings,$5.25
ATSG,$8.86,1441740010008,"56,526",67% bullish,of 3 ratings,$13
AIRT,$22.706,1441740010096,"3,035",100% bullish,of 1 rating,N/A
AKAM,$74.04,1441740010136,"424,491",63% bullish,of 8 ratings,$77.50
AMCN,$4.6408,1441740010230,"210,684",83% bullish,of 6 ratings,N/A
AIMT,$22.68,1441740010264,"146,669",Not yet rated,NULL,$35.50
AKER,$2.82,1441740010288,"3,620",Not yet rated,NULL,N/A
AKBA,$7.67,1441740010369,"181,622",100% bearish,of 1 rating,$18
ALSK,$2.27,1441740010699,"83,377",78% bullish,of 18 ratings,$2
AKRX,$39.63,1441740010756,"240,540",78% bullish,of 9 ratings,$56
ABDC,$12.89,1441740010784,"21,802",Not yet rated,NULL,$15
ADHD,$7.765,1441740010805,"95,366",50% bullish,of 4 ratings,$18
ALRM,$16.16,1441740010842,"75,768",100% bearish,of 1 rating,$22
ALDX,$7.24,1441740010871,"10,977",100% bearish,of 1 rating,$14.50
AMRI,$20.79,1441740010935,"111,850",75% bearish,of 4 ratings,$24
ALDR,$42.04,1441740010970,"182,845",67% bearish,of 3 ratings,$62
ALXN,$176.17,1441740011134,"456,262",88% bullish,of 8 ratings,$223.50
ALXA,$1.35,1441740011161,"49,688",83% bullish,of 6 ratings,$2.125
ALCO,$42.06,1441740011294,"11,084",50% bullish,of 2 ratings,N/A
ALGN,$55.28,1441740011471,"161,332",100% bearish,of 2 ratings,$73
ALKS,$67.9121,1441740011496,"336,269",67% bullish,of 3 ratings,$75
ALIM,$2.955,1441740011546,"43,179",80% bullish,of 5 ratings,$10
ALLB,$23.3,1441740011571,300,Not yet rated,NULL,N/A
AIQ,$14.83,1441740011729,"7,357",67% bullish,of 3 ratings,N/A
AHGP,$35.49,1441740011760,"24,389",67% bullish,of 3 ratings,N/A
ALGT,$210.53,1441740011789,"45,638",100% bearish,of 2 ratings,$235
AFOP,$18.97,1441740011894,"75,955",75% bullish,of 8 ratings,$21
ARLP,$25.115,1441740012034,"70,770",67% bearish,of 3 ratings,$32
AHPI,NULL,1441740012086,0,50% bullish,of 2 ratings,N/A
AMOT,$18.06,1441740012111,"93,235",100% bearish,of 1 rating,N/A
ALQA,$4.5,1441740012243,"8,282",75% bullish,of 4 ratings,$8.50
ALLT,$5.19,1441740012268,"27,871",75% bullish,of 4 ratings,$6.25
AFAM,$45.59,1441740012472,"37,008",50% bullish,of 2 ratings,$44
ATEC,$0.5218,1441740012692,"122,668",100% bullish,of 1 rating,$2
AOSL,$8.29,1441740012719,"15,501",67% bullish,of 3 ratings,$9
ALTR,$50.3131,1441740012770,"3,014,244",67% bearish,of 6 ratings,$54
ALNY,$103.69,1441740012796,"275,723",67% bullish,of 3 ratings,$151.50
SMCP,$23.39,1441740012816,775,Not yet rated,NULL,N/A
AMAG,$61.2742,1441740012855,"221,869",100% bullish,of 2 ratings,$75
MDRX,$13.29,1441740013093,"880,708",60% bullish,of 5 ratings,$16
AIMC,$23.9,1441740013120,"54,450",100% bearish,of 2 ratings,$28.50
AMRN,$2.375,1441740013335,"722,253",85% bullish,of 40 ratings,$8
AMRK,$10.86,1441740013360,"45,154",50% bullish,of 2 ratings,$14
ASPS,$26.35,1441740013419,"103,690",67% bullish,of 3 ratings,$46.50
AYA,$20.77,1441740013503,"11,031",100% bearish,of 1 rating,$40
AMBC,$16.372,1441740013660,"101,371",100% bearish,of 1 rating,$16.50
AMBA,$72.6788,1441740013707,"1,522,859",71% bullish,of 14 ratings,$102.50
AMBCW,NULL,1441740013734,0,100% bearish,of 1 rating,N/A
AMZN,$515.68,1441740013954,"1,581,589",81% bullish,of 269 ratings,$646
EPAX,$2.7,1441740014017,"59,441",100% bearish,of 1 rating,N/A
UHAL,$373.465,1441740014082,"15,116",100% bullish,of 2 ratings,$393.50
AMED,$41.28,1441740014107,"91,791",100% bearish,of 1 rating,$42
AMCX,$74.02,1441740014128,"295,965",67% bullish,of 3 ratings,$87.50
DOX,$57.42,1441740014162,"362,354",67% bearish,of 3 ratings,$60
AMDA,$0.425,1441740014357,"3,201,954",90% bullish,of 10 ratings,$1
ATAX,$5.305,1441740014403,"52,382",100% bullish,of 1 rating,$6.50
ASBI,$22.983,1441740014489,"11,867",Not yet rated,NULL,N/A
AMOV,$17.89,1441740014592,"1,190",100% bearish,of 1 rating,N/A
AAL,$41.1004,1441740014865,"3,897,972",93% bullish,of 88 ratings,$57
MTGEP,$24.3899,1441740014901,"1,175",Not yet rated,NULL,N/A
AGNC,$19.07,1441740014926,"1,190,609",71% bullish,of 28 ratings,$22
AGNCB,$24.2954,1441740014954,"6,954",Not yet rated,NULL,N/A
ACSF,$12.22,1441740015005,"8,294",100% bearish,of 1 rating,$15
AGNCP,$25.4,1441740015031,"3,350",Not yet rated,NULL,N/A
ACAS,$13.895,1441740015104,"664,238",60% bullish,of 5 ratings,$16.75
MTGE,$15.225,1441740015202,"205,379",75% bullish,of 4 ratings,$19.50
AETI,$3.11,1441740015229,"5,089",67% bearish,of 3 ratings,N/A
ANCI,$1.41,1441740015434,700,100% bearish,of 1 rating,N/A
AMIC,$10.01,1441740015570,200,100% bearish,of 1 rating,N/A
AMRB,$10.11,1441740015699,"2,799",Not yet rated,NULL,$11
ANAT,$98.45,1441740015789,"36,117",100% bullish,of 1 rating,N/A
ARII,$40.59,1441740015828,"82,426",67% bearish,of 3 ratings,$45
APEI,$22.33,1441740015857,"19,563",100% bearish,of 1 rating,$25.50
AMNB,$23.53,1441740015882,"13,216",Not yet rated,NULL,$25.50
ASEI,$38.97,1441740015922,"14,892",100% bearish,of 1 rating,$52.50
AMSWA,$9.0201,1441740016011,"11,784",100% bearish,of 2 ratings,$10.75
AMSC,$5.2072,1441740016144,"46,985",50% bullish,of 4 ratings,N/A
ABCB,$27.68,1441740016173,"40,366",Not yet rated,NULL,$31
CRMT,$35.7,1441740016203,"7,802",100% bearish,of 1 rating,$38
AMSF,$47.45,1441740016372,"10,085",Not yet rated,NULL,$57.50
AMWD,$68.77,1441740016397,"64,781",50% bullish,of 2 ratings,$70
ASRV,$3.22,1441740016422,"3,600",100% bullish,of 2 ratings,N/A
ASRVP,NULL,1441740016583,0,Not yet rated,NULL,N/A
FOLD,$17.18,1441740016680,"952,888",56% bullish,of 9 ratings,$21
AMPH,$14.42,1441740016773,"115,559",50% bullish,of 2 ratings,$20
AMGN,$153.65,1441740016840,"1,864,036",89% bullish,of 19 ratings,$185
ATLO,$23.1,1441740016865,"4,986",Not yet rated,NULL,N/A
AMKR,$5.5,1441740016901,"594,630",100% bearish,of 2 ratings,$5
ASYS,$5.305,1441740016926,"17,028",67% bullish,of 3 ratings,$12
AMSGP,$152.74,1441740017080,146,Not yet rated,NULL,N/A
AMSG,$80.98,1441740017106,"158,172",100% bearish,of 1 rating,$85.50
AFSI,$59.074,1441740017181,"197,870",60% bullish,of 5 ratings,$72
AMRS,$1.79,1441740017275,"124,901",70% bullish,of 10 ratings,N/A
ANAD,$0.285,1441740017331,"388,788",100% bullish,of 2 ratings,$.50
ANAC,$135.01,1441740017488,"134,036",80% bullish,of 5 ratings,$180.50
ANCB,$21.6,1441740017660,"5,169",Not yet rated,NULL,$23
ALOG,$82.63,1441740017764,"36,292",100% bearish,of 2 ratings,$100.50
AMCF,NULL,1441740017792,0,NULL,NULL,NULL
ANIP,$53.51,1441740017818,"62,133",89% bullish,of 19 ratings,$66
ANGI,$5.2,1441740017896,"192,752",64% bullish,of 11 ratings,$5.50
ANGO,$14.53,1441740018110,"23,962",67% bullish,of 3 ratings,$19
ANSS,$92.4501,1441740018160,"123,969",100% bearish,of 1 rating,$100
ATRS,$1.8479,1441740018289,"119,067",92% bullish,of 12 ratings,$4.50
ANIK,$36.45,1441740018314,"35,980",60% bullish,of 5 ratings,$51.25
ADI,$57.5,1441740018372,"1,428,569",75% bullish,of 4 ratings,$69
ANTH,$7.52,1441740018399,"277,163",80% bullish,of 10 ratings,$13
ABAC,$0.7805,1441740018531,"1,040",100% bearish,of 1 rating,N/A
ABCW,$42,1441740018559,"17,955",67% bullish,of 3 ratings,N/A
APIC,$8.01,1441740018747,"93,014",100% bearish,of 1 rating,$19
ATNY,$2.4201,1441740018837,"10,705",50% bullish,of 2 ratings,$3.75
APOG,$54.52,1441740018940,"52,101",50% bullish,of 2 ratings,$67
APPF,$17.135,1441740018987,"34,266",50% bullish,of 2 ratings,$22
AINV,$6.51,1441740019012,"473,955",50% bullish,of 4 ratings,$8
APOL,$11.465,1441740019037,"506,211",87% bearish,of 68 ratings,$14
AAPL,$111.18,1441740019251,"22,228,643",86% bullish,of 2368 ratings,$150
APDN,$3.55,1441740019318,"37,577",Not yet rated,NULL,$9
APDNW,$1.51,1441740019394,"2,235",Not yet rated,NULL,N/A
AMAT,$15.73,1441740019426,"5,777,899",82% bullish,of 11 ratings,$23
ARCI,$1.1501,1441740019447,"4,518",Not yet rated,NULL,N/A
AGTC,$16.95,1441740019479,"20,814",50% bullish,of 2 ratings,$33
AMCC,$5.93,1441740019523,"170,521",80% bullish,of 5 ratings,$8
AAOI,$21.99,1441740019608,"152,057",50% bullish,of 4 ratings,$26
AREX,$2.59,1441740019827,"440,760",50% bullish,of 2 ratings,$3
APRI,$1.73,1441740019875,"168,865",83% bullish,of 6 ratings,$4.86
APTO,$5.24,1441740019971,"5,204",Not yet rated,NULL,$17
AQMS,$5.04,1441740020047,"10,737",Not yet rated,NULL,N/A
AQXP,$15.88,1441740020127,"136,633",67% bearish,of 3 ratings,$2
AUMA,NULL,1441740020153,0,Not yet rated,NULL,N/A
AUMAU,NULL,1441740020186,0,Not yet rated,NULL,N/A
AUMAW,NULL,1441740020355,0,Not yet rated,NULL,N/A
ABUS,$7.02,1441740020596,"114,086",86% bullish,of 14 ratings,$21.50
ARDM,$7.3,1441740020650,500,100% bullish,of 1 rating,$26
PETX,$17.79,1441740020680,"84,990",100% bearish,of 2 ratings,$26
ABIO,$6.682,1441740020725,"112,269",50% bullish,of 2 ratings,$26.242
RKDA,$5.465,1441740020785,"19,502",100% bearish,of 2 ratings,$10
ACGL,$69.49,1441740020870,"154,878",50% bullish,of 2 ratings,$72
ARCW,$3.26,1441740020897,"20,354",100% bearish,of 2 ratings,$10.50
ARCB,$29.45,1441740021149,"44,003",67% bearish,of 3 ratings,$39.50
ARNA,$2.753,1441740021280,"410,169",90% bullish,of 78 ratings,$5.50
ACAT,$24.93,1441740021333,"149,210",100% bearish,of 3 ratings,$33
ARCC,$15.59,1441740021369,"710,256",67% bearish,of 3 ratings,$17.75
ARDX,$20.33,1441740021390,"148,954",50% bullish,of 2 ratings,$24.50
ARGS,$6.23,1441740021412,"9,681",50% bullish,of 2 ratings,$19.50
AGII,$55.04,1441740021466,"29,113",Not yet rated,NULL,$59.50
AGIIL,$25.34,1441740021493,"5,558",Not yet rated,NULL,N/A
ARIS,$3.77,1441740021734,"14,429",Not yet rated,NULL,$4.50
ARMH,$44.24,1441740021766,"854,408",54% bearish,of 13 ratings,$60
ARIA,$7.92,1441740021794,"2,053,515",87% bullish,of 46 ratings,$9
ARTX,$1.37,1441740021821,"74,823",88% bullish,of 16 ratings,$4.50
ARKR,$25,1441740021903,"5,080",50% bullish,of 2 ratings,N/A
ARWA,NULL,1441740021957,0,Not yet rated,NULL,N/A
ARWAW,NULL,1441740022159,0,Not yet rated,NULL,N/A
ARWAU,NULL,1441740022185,0,100% bullish,of 1 rating,N/A
ARWAR,NULL,1441740022206,0,Not yet rated,NULL,N/A
ARRY,$5.8,1441740022238,"509,606",100% bullish,of 7 ratings,$10
ARQL,$1.69,1441740022370,"88,159",75% bullish,of 4 ratings,$5
ARRS,$26.73,1441740022446,"308,559",50% bullish,of 2 ratings,$38
DWAT,$9.775,1441740022472,"8,705",100% bearish,of 1 rating,N/A
AROW,$27.24,1441740022547,"3,260",Not yet rated,NULL,N/A
ARWR,$5.47,1441740022694,"515,961",75% bullish,of 4 ratings,$10.50
ARTW,$3.99,1441740022876,590,75% bearish,of 4 ratings,N/A
ASND,$19.83,1441740022927,"11,350",50% bullish,of 2 ratings,$30
ASBB,$25.23,1441740023027,6,Not yet rated,NULL,N/A
ASCMA,$28.63,1441740023053,"46,913",100% bearish,of 1 rating,$45
ASNA,$12.25,1441740023082,"1,308,434",50% bullish,of 2 ratings,$17.50
ASTI,$0.249,1441740023212,"2,684,375",83% bullish,of 6 ratings,$3
APWC,$1.75,1441740023310,204,100% bearish,of 1 rating,N/A
ASMI,NULL,1441740023368,0,NULL,NULL,NULL
ARTNA,$21.71,1441740023418,"6,987",100% bearish,of 1 rating,$29
AZPN,$39.72,1441740023473,"216,850",50% bullish,of 2 ratings,$42
ASML,$93.62,1441740023523,"323,523",50% bullish,of 4 ratings,$127
ASMB,$13.7614,1441740023548,"21,446",67% bullish,of 3 ratings,N/A
ASFI,$8.7199,1441740023714,"3,700",100% bullish,of 1 rating,N/A
ALOT,$13.95,1441740023859,522,100% bearish,of 1 rating,N/A
ASTE,$37.965,1441740023885,"81,691",100% bearish,of 1 rating,$49
ATRO,$50.49,1441740023910,"67,764",100% bearish,of 2 ratings,$80
ASTC,$2.17,1441740024053,"17,437",100% bullish,of 5 ratings,N/A
ATAI,$2.315,1441740024126,"14,542",100% bearish,of 1 rating,N/A
ATRA,$43.68,1441740024151,"93,335",50% bullish,of 2 ratings,$68
ASUR,$5.665,1441740024230,"1,181",50% bullish,of 2 ratings,$8
AAPC,$10.201,1441740024360,300,Not yet rated,NULL,N/A
ATHN,$136.04,1441740024388,"138,292",67% bearish,of 3 ratings,$153
AFCB,NULL,1441740024409,0,Not yet rated,NULL,N/A
ATHX,$1.17,1441740024433,"78,460",89% bullish,of 9 ratings,$5
ACFC,$5.593,1441740024630,"9,018",100% bearish,of 1 rating,$6.50
AAWW,$38.77,1441740024904,"92,248",50% bullish,of 2 ratings,$65
ATOS,$0.88,1441740025047,"86,924",100% bullish,of 7 ratings,$7
ATML,$8.06,1441740025072,"2,108,833",78% bullish,of 9 ratings,$9.50
AFH,$16.275,1441740025204,"41,830",Not yet rated,NULL,$21.50
ATRC,$24.445,1441740025229,"55,111",100% bullish,of 1 rating,$30
ATNI,$73.9,1441740025441,"21,474",100% bearish,of 1 rating,$69.50
ATRI,$378.88,1441740025487,"2,636",Not yet rated,NULL,N/A
ATTU,$13.24,1441740025516,"7,032",100% bearish,of 1 rating,$20.50
ATRM,$2.98,1441740025541,213,50% bullish,of 2 ratings,N/A
ATLC,$3.87,1441740025724,"4,110",67% bullish,of 3 ratings,N/A
LIFE,$15.63,1441740025790,"26,739",86% bullish,of 7 ratings,$43
AUBN,$26.86,1441740025817,502,Not yet rated,NULL,N/A
AUPH,$3.48,1441740025962,"9,481",100% bearish,of 1 rating,$8
AUDC,$3.278,1441740025991,"22,450",80% bullish,of 5 ratings,$5
AAME,$3.5,1441740026092,"1,502",Not yet rated,NULL,N/A
ADAT,$0.3301,1441740026320,"219,876",100% bullish,of 2 ratings,N/A
ABTL,$19.07,1441740026387,"49,309",100% bullish,of 4 ratings,$20.25
ADSK,$46.5,1441740026420,"1,458,060",67% bullish,of 6 ratings,$66
AAVL,$10.4932,1441740026487,"137,837",100% bearish,of 1 rating,$20
AVGO,$128.425,1441740026514,"1,381,676",88% bullish,of 8 ratings,$165
ADP,$78.01,1441740026539,"661,743",100% bearish,of 1 rating,$88
EARS,$4.46,1441740026566,"6,210",100% bearish,of 2 ratings,$8.49
AVEO,$1.37,1441740026693,"271,665",75% bullish,of 8 ratings,$3
AVNU,$13,1441740026825,"6,200",Not yet rated,NULL,$14
AVNW,$1.215,1441740026874,"24,765",50% bullish,of 2 ratings,N/A
AVID,$8.61,1441740026958,"127,003",100% bearish,of 1 rating,$20
AVGR,$15.44,1441740026984,"10,335",100% bearish,of 1 rating,$20
CAR,$43.88,1441740027010,"508,227",67% bullish,of 6 ratings,$60
AWRE,$3.23,1441740027219,"6,954",67% bullish,of 3 ratings,N/A
AXGN,$4.82,1441740027370,"55,238",Not yet rated,NULL,$5
AXPW,$1.9,1441740027407,"396,335",86% bullish,of 7 ratings,N/A
AXPWW,$0.95,1441740027439,30,Not yet rated,NULL,N/A
ACLS,$3.49,1441740027466,"1,023,592",67% bullish,of 6 ratings,$4.75
RILY,NULL,1441740027507,0,Not yet rated,NULL,N/A
AXTI,$2.14,1441740027538,"9,912",50% bullish,of 2 ratings,$2.75
BCOM,$19.52,1441740027558,109,100% bearish,of 1 rating,N/A
BOSC,$2.3128,1441740027725,"30,154",50% bullish,of 2 ratings,N/A
BIDU,$147.72,1441740027879,"2,049,082",81% bullish,of 88 ratings,$210
BEAV,$49.88,1441740027907,"174,389",67% bearish,of 3 ratings,$59
BCPC,$57.66,1441740028011,"36,711",100% bearish,of 1 rating,$75
BWINB,$22.45,1441740028163,"7,295",Not yet rated,NULL,N/A
BANFP,$26.859,1441740028193,110,Not yet rated,NULL,N/A
BOCH,$5.8,1441740028298,"12,791",Not yet rated,NULL,$6.50
BKMU,$7.15,1441740028330,"33,976",Not yet rated,NULL,$8
BLDP,$1.355,1441740028351,"133,626",91% bullish,of 22 ratings,$2.50
BANF,$60.7999,1441740028383,"6,670",Not yet rated,NULL,$68
BWINA,$22.98,1441740028482,187,Not yet rated,NULL,N/A
BMRC,$48.84,1441740028612,"1,299",Not yet rated,NULL,$52
BKSC,$16.35,1441740028655,"6,698",Not yet rated,NULL,N/A
BOTJ,$10.94,1441740028681,"1,666",Not yet rated,NULL,N/A
OZRK,$42.22,1441740028815,"159,570",67% bullish,of 3 ratings,$49.50
BFIN,$12.155,1441740028842,"10,918",Not yet rated,NULL,$13
BWFG,$18.13,1441740029155,"6,745",100% bearish,of 1 rating,N/A
BANR,$44.84,1441740029230,"22,071",100% bullish,of 3 ratings,$50
BHACR,NULL,1441740029303,0,Not yet rated,NULL,N/A
TAPR,$33.44,1441740029367,265,100% bearish,of 1 rating,N/A
BZUN,$5.33,1441740029438,"59,556",50% bullish,of 2 ratings,$11.50
BHAC,NULL,1441740029503,0,Not yet rated,NULL,N/A
BSET,$30.42,1441740029582,"20,643",100% bearish,of 1 rating,$35
BHACW,NULL,1441740029609,0,Not yet rated,NULL,N/A
BBSI,$34.71,1441740029630,"25,370",67% bearish,of 3 ratings,$62.50
BYBK,$5.09,1441740029770,"11,900",100% bearish,of 1 rating,N/A
BYLK,$12.8,1441740029800,"9,603",Not yet rated,NULL,$14
BBCN,$14.6192,1441740029985,"82,240",100% bearish,of 1 rating,$16
BHACU,NULL,1441740030012,0,Not yet rated,NULL,N/A
BV,$5.135,1441740030039,"233,762",67% bullish,of 6 ratings,$8.75
BCBP,$11.5699,1441740030184,500,Not yet rated,NULL,N/A
BDCV,$4.83,1441740030255,"4,742",100% bearish,of 1 rating,$10.19
BBGI,$4.2,1441740030283,"2,491",100% bearish,of 1 rating,N/A
BSF,$8.79,1441740030310,"9,830",Not yet rated,NULL,N/A
BECN,$36.4,1441740030445,"155,182",50% bullish,of 2 ratings,$40
BEBE,$1.18,1441740030471,"212,162",75% bullish,of 4 ratings,$2.125
BBBY,$63.31,1441740030603,"688,717",71% bullish,of 7 ratings,$75
BELFA,$15.29,1441740030663,"1,075",100% bearish,of 1 rating,N/A
BLCM,$16.935,1441740030689,"131,778",50% bullish,of 4 ratings,$40
BLPH,$4.12,1441740030717,"16,805",100% bearish,of 1 rating,$12.50
BELFB,$18.42,1441740030844,"16,996",100% bearish,of 1 rating,N/A
BNCL,$12.92,1441740030871,"193,555",100% bullish,of 3 ratings,$12.50
BNFT,$36.24,1441740030938,"32,538",67% bullish,of 3 ratings,$46
BNTC,$6.96,1441740031133,"3,811",100% bullish,of 1 rating,N/A
BGCP,$8.985,1441740031159,"488,804",88% bullish,of 8 ratings,$14
BGFV,$11.62,1441740031223,"77,719",57% bullish,of 7 ratings,$12
BGMD,$0.6,1441740031287,"280,231",100% bullish,of 10 ratings,N/A
BIND,$4.99,1441740031321,"56,149",75% bullish,of 4 ratings,$13.50
BASI,$1.62,1441740031420,105,Not yet rated,NULL,N/A
ORPN,$5.5993,1441740031447,"5,810",100% bullish,of 1 rating,$28.50
BCDA,NULL,1441740031592,0,Not yet rated,NULL,N/A
BIOC,$2.15,1441740031666,"308,661",83% bullish,of 6 ratings,$3.85
BCRX,$12.01,1441740031693,"147,759",63% bullish,of 8 ratings,$18
BDSI,$6.63,1441740031736,"439,664",88% bullish,of 8 ratings,$17
BIOD,$0.7174,1441740031830,"36,784",80% bullish,of 5 ratings,$4
BIIB,$306.93,1441740031898,"632,422",88% bullish,of 16 ratings,$400
BIOL,$1.55,1441740031931,"11,279",Not yet rated,NULL,N/A
BLFS,$2.4,1441740032032,"54,133",50% bullish,of 2 ratings,$4.75
BLRX,$1.7312,1441740032243,"134,521",100% bullish,of 12 ratings,$5
BMRN,$131.91,1441740032268,"301,805",80% bullish,of 5 ratings,$160
BVXVW,$0.82,1441740032289,"3,400",100% bearish,of 1 rating,N/A
BVXV,$4.02,1441740032322,"106,294",Not yet rated,NULL,N/A
BPTH,$1.19,1441740032348,"40,028",100% bullish,of 2 ratings,$5
BRLI,NULL,1441740032478,0,NULL,NULL,NULL
BIOS,$2.48,1441740032550,"289,480",71% bullish,of 7 ratings,$4
BBC,$32.6023,1441740032693,"12,391",Not yet rated,NULL,N/A
BSTC,$51.055,1441740032751,"38,835",100% bearish,of 1 rating,$76
BBP,$32.96,1441740032823,"4,697",Not yet rated,NULL,N/A
BOTA,$2.1501,1441740032907,"21,577",88% bullish,of 8 ratings,N/A
BITI,$17.21,1441740032967,"12,990",100% bullish,of 1 rating,$28
BEAT,$16.14,1441740032993,"402,768",67% bearish,of 3 ratings,$15
BSPM,$0.6699,1441740033124,"2,170",50% bullish,of 2 ratings,N/A
BDMS,$13.1,1441740033150,100,100% bearish,of 1 rating,N/A
TECH,$94.51,1441740033219,"132,146",100% bullish,of 1 rating,$117
BBOX,$14.59,1441740033378,"33,304",100% bearish,of 1 rating,N/A
BJRI,$45.69,1441740033406,"120,976",50% bullish,of 2 ratings,$55
BDE,$7.4,1441740033427,"31,755",50% bullish,of 2 ratings,$9
BLKB,$58.71,1441740033479,"45,092",100% bearish,of 2 ratings,$66
BBRY,$7.341,1441740033564,"1,860,939",61% bullish,of 331 ratings,$9
HAWK,$40.67,1441740033588,"201,898",91% bullish,of 11 ratings,$49
ADRD,$21.8033,1441740033783,"3,337",100% bearish,of 1 rating,N/A
BKCC,$9.485,1441740033867,"153,576",50% bullish,of 2 ratings,$10
ADRA,$26.76,1441740033927,"1,221",100% bearish,of 1 rating,N/A
BLMN,$20.86,1441740034010,"295,238",83% bullish,of 6 ratings,$27.50
ADRU,$21.55,1441740034037,"1,808",100% bearish,of 1 rating,N/A
BCOR,$13.32,1441740034063,"101,429",57% bullish,of 7 ratings,$15
ADRE,$29.22,1441740034083,"4,391",100% bearish,of 1 rating,N/A
BUFF,$23.36,1441740034220,"775,420",77% bullish,of 13 ratings,$31.50
BBLU,$0.89,1441740034350,"48,619",100% bullish,of 2 ratings,$4.43
BHBK,$14.09,1441740034458,"10,327",100% bullish,of 1 rating,$14.50
BLBD,$11.525,1441740034485,"12,438",Not yet rated,NULL,N/A
NILE,$33.65,1441740034507,"12,768",50% bullish,of 2 ratings,$34
BLUE,$136.34,1441740034561,"455,275",71% bullish,of 7 ratings,$217.50
BKEP,$6.4606,1441740034752,"13,685",100% bearish,of 1 rating,$8.50
BOFI,$117.362,1441740034893,"146,483",100% bullish,of 6 ratings,$144
BKEPP,$7.95,1441740034948,"2,120",100% bearish,of 1 rating,N/A
BPMC,$29.5,1441740034976,"25,331",50% bullish,of 2 ratings,$47.50
BNCN,$21.68,1441740034996,"16,590",Not yet rated,NULL,$24
WIFI,$7.825,1441740035140,"84,154",50% bullish,of 2 ratings,$13.50
BOJA,$21.0684,1441740035171,"40,602",100% bullish,of 1 rating,$30
BOBE,$46.49,1441740035196,"171,268",75% bullish,of 4 ratings,$57
BONA,$11.29,1441740035275,"97,206",75% bullish,of 4 ratings,$8.50
BOKF,$63.9,1441740035360,"52,160",100% bearish,of 1 rating,$69
BAMM,$3.21,1441740035442,"2,696",60% bullish,of 5 ratings,N/A
BNSO,$1.269,1441740035488,"1,563",100% bearish,of 1 rating,N/A
BPFH,$12.01,1441740035533,"201,959",100% bearish,of 1 rating,$14
BPFHW,NULL,1441740035774,0,100% bearish,of 1 rating,N/A
BDBD,$8.35,1441740035827,"196,144",60% bullish,of 5 ratings,$10
EPAY,$26.615,1441740035858,"56,197",100% bearish,of 2 ratings,$30
BPFHP,$25.35,1441740035918,"3,900",100% bearish,of 1 rating,N/A
BCLI,$3.19,1441740035946,"44,661",80% bullish,of 5 ratings,$12
BBRG,$12.495,1441740035972,"27,904",67% bullish,of 3 ratings,$14.50
BBEP,$2.78,1441740035999,"974,012",69% bullish,of 13 ratings,$5.625
BBEPP,$14.8001,1441740036279,"19,757",50% bullish,of 2 ratings,N/A
BDGE,$26.98,1441740036415,"11,394",Not yet rated,NULL,$31.75
BLIN,$1.61,1441740036441,"43,937",50% bullish,of 2 ratings,$2.20
BRCM,$52.4,1441740036466,"799,080",69% bullish,of 13 ratings,$56
BVSN,$6.02,1441740036516,"1,715",60% bearish,of 5 ratings,N/A
BCOV,$5.185,1441740036537,"21,113",67% bullish,of 3 ratings,$10.20
BRID,$8.44,1441740036564,200,100% bearish,of 1 rating,N/A
BSFT,$32.91,1441740036734,"72,381",57% bullish,of 7 ratings,$40.50
BWEN,$3.24,1441740036889,"21,350",75% bullish,of 4 ratings,$8
BRKL,$10.545,1441740036914,"79,052",100% bearish,of 1 rating,$12
BRKS,$10.45,1441740036973,"33,253",67% bullish,of 3 ratings,$15.25
BRKR,$18.05,1441740037084,"134,921",100% bearish,of 2 ratings,$22
BRCD,$10.365,1441740037123,"1,157,702",92% bullish,of 13 ratings,$12
BMTC,$29.93,1441740037149,"99,830",Not yet rated,NULL,$34
BYFC,$1.43,1441740037170,200,50% bullish,of 2 ratings,N/A
BLMT,$21.35,1441740037357,"6,000",Not yet rated,NULL,N/A
BLDR,$15.74,1441740037459,"645,808",67% bullish,of 3 ratings,$22
BSQR,$6.21,1441740037483,"33,806",67% bullish,of 3 ratings,N/A
BWLD,$200.98,1441740037509,"129,757",82% bullish,of 11 ratings,$205
BUR,$1.8428,1441740037547,"7,451",100% bearish,of 1 rating,$8
CFFI,$35.7,1441740037681,100,100% bearish,of 1 rating,N/A
CA,$27.99,1441740037840,"1,261,642",50% bullish,of 4 ratings,$33
CACQ,$7.3,1441740037975,"116,462",100% bearish,of 1 rating,$12.25
CHRW,$68.87,1441740038000,"374,985",Not yet rated,NULL,$72
CDNS,$20.86,1441740038026,"725,413",75% bullish,of 4 ratings,$22.50
CCMP,$42.88,1441740038047,"37,037",50% bullish,of 2 ratings,$59
CDZI,$7.88,1441740038081,"21,541",100% bearish,of 1 rating,N/A
CZR,$9.63,1441740038176,"480,272",60% bearish,of 5 ratings,$10.50
CSTE,$40.11,1441740038244,"180,095",50% bullish,of 2 ratings,$65
CLBS,$1.82,1441740038379,"75,532",79% bullish,of 14 ratings,$4
PRSS,$4.27,1441740038405,"37,302",80% bullish,of 5 ratings,$4.50
CHY,$10.99,1441740038449,"255,739",Not yet rated,NULL,N/A
CHI,$10.3,1441740038534,"185,893",100% bearish,of 1 rating,N/A
CLMS,$9.97,1441740038594,"34,176",Not yet rated,NULL,$10.50
CCD,$19.39,1441740038692,"77,086",Not yet rated,NULL,N/A
CFGE,$10.52,1441740038833,12,Not yet rated,NULL,N/A
CHW,$7.44,1441740039015,"206,301",100% bearish,of 1 rating,N/A
CGO,$12.05,1441740039047,"11,345",100% bearish,of 1 rating,N/A
CAMP,$16.24,1441740039079,"132,288",88% bullish,of 8 ratings,$25
CSQ,$9.71,1441740039099,"267,116",Not yet rated,NULL,N/A
CFNB,NULL,1441740039177,0,100% bearish,of 1 rating,N/A
CVGW,$49.69,1441740039230,"62,738",50% bullish,of 2 ratings,$58
CALA,$6.44,1441740039277,"255,076",67% bullish,of 3 ratings,$19.50
CALD,$16.92,1441740039408,"293,310",100% bearish,of 1 rating,$21
CLMT,$25.64,1441740039492,"97,944",75% bullish,of 8 ratings,$31
CAMB,$10.1,1441740039591,"18,450",Not yet rated,NULL,N/A
ABCD,$5.1,1441740039645,"60,422",83% bullish,of 6 ratings,N/A
CALM,$55.47,1441740039671,"266,036",80% bullish,of 5 ratings,$63.50
CAMBW,$0.26,1441740039962,"178,845",Not yet rated,NULL,N/A
CAC,$40.4,1441740040011,"2,101",Not yet rated,NULL,N/A
CAMT,$2.73,1441740040190,"25,265",73% bullish,of 11 ratings,$4
CSIQ,$18.73,1441740040215,"747,818",86% bullish,of 28 ratings,$42.50
CGIX,$10.19,1441740040244,"20,940",67% bullish,of 3 ratings,$14.375
CBNJ,$11.28,1441740040275,"69,680",100% bearish,of 1 rating,N/A
CAMBU,NULL,1441740040379,0,100% bearish,of 1 rating,N/A
CPHC,$10.47,1441740040429,110,100% bearish,of 1 rating,N/A
CPLA,$49.8,1441740040487,"42,308",67% bearish,of 3 ratings,$65
CBF,$31.16,1441740040622,"30,734",Not yet rated,NULL,$32
CSWC,$45,1441740040781,"11,285",Not yet rated,NULL,N/A
CCBG,$15.15,1441740040810,"4,869",Not yet rated,NULL,$17.25
CFFN,$11.93,1441740040946,"163,481",Not yet rated,NULL,$12.75
CAPR,$4.28,1441740040970,"8,975",Not yet rated,NULL,$12
CPLP,$6.92,1441740040997,"121,206",71% bullish,of 7 ratings,$11
CPTA,$14.32,1441740041018,"40,564",100% bearish,of 1 rating,$18.25
CAPN,$2.47,1441740041143,"4,145,562",100% bullish,of 1 rating,$10.85
CAPNW,$0.8,1441740041300,"16,621",Not yet rated,NULL,N/A
CARA,$19.28,1441740041327,"96,993",50% bullish,of 4 ratings,$25
CPST,$0.3921,1441740041504,"282,373",95% bullish,of 22 ratings,$1.25
CBYL,$5.47,1441740041570,"9,534",100% bearish,of 1 rating,$20
CARB,$11.1,1441740041595,"19,032",75% bullish,of 4 ratings,$12
CRDC,$0.3349,1441740041788,"86,189",100% bullish,of 1 rating,$1.25
CFNL,$22.5,1441740041817,"31,095",Not yet rated,NULL,$24
CSII,$23.12,1441740041845,"147,887",100% bearish,of 2 ratings,$42.125
CRME,$9.5,1441740041918,"3,300",89% bullish,of 9 ratings,$11.25
CATM,$33.96,1441740041942,"74,022",100% bearish,of 1 rating,$44
CDNA,$7.08,1441740042010,"4,639",100% bearish,of 1 rating,$9
CTRE,$10.96,1441740042087,"87,941",50% bullish,of 2 ratings,$13.50
CECO,$3.95,1441740042165,"286,071",67% bearish,of 3 ratings,$6
CLBH,$12.5726,1441740042233,"4,993",Not yet rated,NULL,$16.50
CKEC,$22.785,1441740042300,"96,591",50% bullish,of 2 ratings,$35.915
CARO,$15.25,1441740042340,"1,620",100% bearish,of 1 rating,$19
CRZO,$36.75,1441740042446,"676,025",67% bearish,of 3 ratings,$54.50
CART,$5.3501,1441740042579,570,100% bearish,of 1 rating,N/A
TAST,$12.93,1441740042711,"110,276",Not yet rated,NULL,$14.25
CASM,$1.16,1441740042740,"8,337",100% bullish,of 1 rating,$3.50
CRTN,NULL,1441740042765,0,100% bearish,of 1 rating,N/A
CARV,$6.75,1441740042844,"9,416",50% bullish,of 2 ratings,N/A
CSCD,$15.83,1441740042980,"22,204",100% bullish,of 2 ratings,$17
CASY,$108.33,1441740043001,"112,934",50% bullish,of 2 ratings,$99.50
CACB,$5.37,1441740043083,"22,847",Not yet rated,NULL,$5.50
CWST,$6.65,1441740043215,"121,473",50% bullish,of 2 ratings,$7.25
CASS,$48.96,1441740043243,"6,437",100% bearish,of 1 rating,N/A
CATB,$11.04,1441740043264,"23,893",100% bearish,of 1 rating,$28
CASI,$1.215,1441740043297,"29,540",100% bullish,of 1 rating,$3.50
CPRX,$3.94,1441740043396,"169,553",71% bullish,of 7 ratings,$7
CATY,$29.7,1441740043444,"240,135",100% bearish,of 1 rating,$33.50
CVCO,$71.38,1441740043662,"8,717",100% bearish,of 1 rating,N/A
CAVM,$72.08,1441740043686,"217,314",67% bearish,of 3 ratings,$72
CBFV,$20.47,1441740043733,"2,539",Not yet rated,NULL,$25
CATYW,NULL,1441740043761,0,100% bearish,of 1 rating,N/A
CNLMR,NULL,1441740043826,0,Not yet rated,NULL,N/A
CNLM,$9.99,1441740043896,"6,700",Not yet rated,NULL,N/A
CNLMU,NULL,1441740043922,0,100% bullish,of 1 rating,N/A
CBOE,$64.52,1441740044066,"166,072",Not yet rated,NULL,$63
CNLMW,$0.3,1441740044112,"1,000",Not yet rated,NULL,N/A
CDK,$49.63,1441740044283,"106,118",67% bearish,of 3 ratings,$50
CELG,$122.1,1441740044419,"1,848,688",92% bullish,of 13 ratings,$156
CLDN,$1.2599,1441740044547,"166,111",63% bullish,of 8 ratings,$3
CECE,$8.77,1441740044574,"151,667",50% bullish,of 2 ratings,$16
CELGZ,$1.71,1441740044606,"3,851",80% bullish,of 5 ratings,N/A
CDW,$40.26,1441740044634,"593,651",75% bullish,of 4 ratings,$44
CPXX,$2.49,1441740044701,"259,548",100% bullish,of 2 ratings,$7
CLRB,$3.09,1441740044728,"2,140",100% bearish,of 1 rating,N/A
CLDX,$14.63,1441740044803,"269,036",89% bullish,of 9 ratings,$36
CLRBW,NULL,1441740044966,0,Not yet rated,NULL,N/A
CLSN,$2.17,1441740045136,"111,935",80% bullish,of 10 ratings,$7.50
CYAD,$44.55,1441740045172,"1,527",100% bullish,of 1 rating,$87.50
CBMG,$23.53,1441740045197,"33,257",50% bullish,of 2 ratings,N/A
CLLS,$32.13,1441740045266,"38,148",75% bullish,of 4 ratings,$51.50
CLTX,$1.95,1441740045292,"58,186",100% bullish,of 2 ratings,N/A
CEMP,$35.81,1441740045322,"462,464",71% bullish,of 7 ratings,$52
CETX,$2.55,1441740045420,"8,168",Not yet rated,NULL,$5.60
CFBK,$1.3401,1441740045658,"2,825",Not yet rated,NULL,N/A
CENT,$14.56,1441740045718,"262,676",Not yet rated,NULL,$10
CETV,$2.105,1441740045744,"14,282",67% bullish,of 3 ratings,$2.80
CSFL,$14.16,1441740045765,"40,706",Not yet rated,NULL,$15
CENTA,$15.03,1441740045799,"157,430",Not yet rated,NULL,N/A
CENX,$5.44,1441740045929,"662,945",67% bullish,of 6 ratings,$9
CVCY,$11.75,1441740045956,400,Not yet rated,NULL,$12
CPHD,$51.17,1441740046215,"275,910",67% bearish,of 3 ratings,$66
CNTY,$5.95,1441740046242,"65,903",80% bullish,of 5 ratings,$7.75
CNBKA,$39.826,1441740046322,"1,100",50% bullish,of 2 ratings,N/A
CERN,$62.61,1441740046397,"703,523",67% bullish,of 3 ratings,$79
CRNT,$1.38,1441740046455,"153,958",50% bullish,of 2 ratings,$2
CERE,$1.12,1441740046482,"118,529",88% bullish,of 8 ratings,N/A
CERS,$5.23,1441740046543,"328,018",75% bullish,of 4 ratings,$7
CEVA,$19.4,1441740046654,"16,745",100% bearish,of 1 rating,$25
KOOL,$0.62,1441740046756,"10,646",100% bullish,of 5 ratings,$7
CERU,$4.4135,1441740046782,"18,476",75% bullish,of 4 ratings,$14
HOTR,$1.39,1441740046948,"137,689",100% bullish,of 2 ratings,$5
CYOU,$18.77,1441740046974,"82,079",50% bullish,of 6 ratings,$24
CTHR,$1.2448,1441740046999,"3,662",50% bullish,of 2 ratings,$2.50
CHTR,$186.09,1441740047261,"368,166",67% bearish,of 3 ratings,$202
CHKP,$78.09,1441740047392,"437,636",50% bullish,of 4 ratings,$92
GTLS,$23.09,1441740047422,"95,413",50% bullish,of 4 ratings,$40
CHFN,$12.18,1441740047448,"6,281",Not yet rated,NULL,$14
CHEK,$2.7999,1441740047519,"6,328",Not yet rated,NULL,$7.75
CHFC,$30.85,1441740047619,"102,101",100% bearish,of 1 rating,$36
CEMI,$4.21,1441740047647,"1,465",50% bullish,of 2 ratings,$7.50
CHEKW,NULL,1441740047785,0,Not yet rated,NULL,N/A
CHMG,$26.417,1441740047871,776,Not yet rated,NULL,$30
CCXI,$6.35,1441740048016,"40,929",67% bullish,of 3 ratings,$14
CHKE,$25.35,1441740048147,"5,151",100% bearish,of 1 rating,$32.50
CHEV,$14.5,1441740048177,"12,211",Not yet rated,NULL,N/A
CBNK,$16.35,1441740048277,"3,200",100% bearish,of 1 rating,N/A
CHMA,$28.6,1441740048302,"71,867",Not yet rated,NULL,$40
PLCE,$59.22,1441740048327,"111,503",100% bearish,of 1 rating,$69
CMRX,$51.74,1441740048560,"86,634",50% bullish,of 2 ratings,$57
HOTRW,$0.15,1441740048589,"9,000",Not yet rated,NULL,N/A
CADC,NULL,1441740048614,0,78% bullish,of 9 ratings,N/A
CALI,$0.82,1441740048691,6,67% bullish,of 3 ratings,N/A
CCCL,$0.8837,1441740048824,"16,253",100% bullish,of 6 ratings,N/A
CBAK,$2.11,1441740048853,"34,644",67% bullish,of 9 ratings,N/A
CAAS,$5.98,1441740048874,"12,138",93% bullish,of 14 ratings,$11.50
CBPO,$98.35,1441740048958,"68,401",75% bullish,of 8 ratings,$140.50
CCCR,$0.69,1441740049059,500,67% bearish,of 3 ratings,N/A
CHLN,$1.8101,1441740049253,"8,307",67% bullish,of 3 ratings,N/A
CHOP,$1.1559,1441740049277,"2,123",50% bullish,of 2 ratings,N/A
HGSH,$1.94,1441740049302,"7,230",67% bullish,of 3 ratings,N/A
HTHT,$25.76,1441740049478,"42,479",50% bullish,of 2 ratings,$28.40
CNIT,$1.23,1441740049503,"181,736",67% bullish,of 6 ratings,N/A
CJJD,$1.86,1441740049554,"4,560",100% bullish,of 1 rating,N/A
CREG,$0.6364,1441740049734,"7,850",100% bullish,of 3 ratings,N/A
CPGI,NULL,1441740049760,0,Not yet rated,NULL,N/A
CHNR,$1.51,1441740049781,"2,403",100% bearish,of 1 rating,N/A
CSUN,$1.37,1441740049811,"13,361",80% bullish,of 5 ratings,N/A
CNTF,$0.8,1441740049946,"15,189",Not yet rated,NULL,N/A
CXDC,$6.19,1441740049982,"21,990",67% bearish,of 3 ratings,N/A
JRJC,$3.57,1441740050008,"40,550",82% bullish,of 11 ratings,N/A
CNYD,$3.12,1441740050140,"7,100",67% bullish,of 3 ratings,N/A
CCIH,$7.86,1441740050168,"85,161",67% bullish,of 6 ratings,$12.65
CNET,$0.8425,1441740050200,"4,548",50% bullish,of 2 ratings,N/A
IMOS,$19.43,1441740050296,"184,248",60% bullish,of 5 ratings,$21.50
CHSCL,$27.26,1441740050343,"22,472",Not yet rated,NULL,N/A
CHSCN,$26.99,1441740050522,"4,358",Not yet rated,NULL,N/A
CHSCO,$28.5,1441740050574,"5,475",Not yet rated,NULL,N/A
CHSCP,$30.29,1441740050682,"16,731",Not yet rated,NULL,N/A
CHDN,$137.94,1441740050713,"25,517",Not yet rated,NULL,$165
CDTX,$15,1441740050811,"13,625",Not yet rated,NULL,$22
CIFC,$7.41,1441740050941,"4,330",100% bearish,of 1 rating,N/A
CHUY,$31.56,1441740050970,"51,920",50% bullish,of 2 ratings,$34
CMCT,$18.45,1441740051000,"19,140",100% bearish,of 1 rating,N/A
CMPR,$72.94,1441740051074,"96,038",50% bullish,of 2 ratings,$72.50
CINF,$53.11,1441740051159,"249,917",50% bullish,of 4 ratings,$50.50
CHSCM,$26.281,1441740051218,"19,568",Not yet rated,NULL,N/A
CIDM,$0.57,1441740051245,"29,577",50% bullish,of 2 ratings,$2.10
CTAS,$85.99,1441740051301,"187,134",100% bearish,of 1 rating,$91
CPHR,$5.05,1441740051485,"2,700",100% bearish,of 1 rating,$17
CSCO,$26.215,1441740051580,"7,807,900",83% bullish,of 210 ratings,$32
CRUS,$30.75,1441740051642,"357,476",75% bullish,of 12 ratings,$44.50
CZFC,$12.75,1441740051722,"5,200",Not yet rated,NULL,N/A
CTRN,$25.41,1441740051754,"35,174",100% bearish,of 1 rating,$31.50
CZNC,$19.51,1441740051779,"3,085",Not yet rated,NULL,N/A
CZWI,$8.9,1441740051854,"5,338",Not yet rated,NULL,N/A
CIZN,$19.5999,1441740052082,100,Not yet rated,NULL,N/A
CTXS,$69.36,1441740052115,"648,935",86% bullish,of 7 ratings,$80
CDTI,$1.62,1441740052185,"23,516",75% bullish,of 4 ratings,$3.20
CIVBP,$32.2,1441740052212,125,Not yet rated,NULL,N/A
CIVB,$10.04,1441740052346,519,Not yet rated,NULL,$11
CLNE,$4.98,1441740052394,"450,617",80% bullish,of 15 ratings,$9
CHCO,$47.68,1441740052505,"18,180",Not yet rated,NULL,$46
CLNT,$1.535,1441740052573,397,75% bullish,of 8 ratings,N/A
CLFD,$17.09,1441740052744,"16,772",67% bullish,of 3 ratings,$18
CBLI,$4.3299,1441740052771,"23,841",60% bullish,of 5 ratings,N/A
CLIR,$5.13,1441740052797,"51,774",100% bullish,of 3 ratings,N/A
CLRO,$11.46,1441740052825,"3,660",50% bullish,of 2 ratings,$14.25
CLVS,$84.01,1441740052929,"235,539",60% bullish,of 5 ratings,$101.50
CSBK,$13.88,1441740053010,"35,808",Not yet rated,NULL,N/A
CMFN,$11.25,1441740053060,"10,080",100% bearish,of 1 rating,$15.50
CME,$94.46,1441740053115,"412,777",67% bullish,of 3 ratings,$102
CWAY,$11.19,1441740053247,"3,500",Not yet rated,NULL,N/A
CCNE,$17.19,1441740053415,"2,169",50% bullish,of 2 ratings,$21.50
CNV,$4.29,1441740053440,"39,776",50% bullish,of 2 ratings,$7.15
COBZ,$12.98,1441740053465,"22,333",100% bullish,of 1 rating,$14
CDRB,$9.76,1441740053642,"14,938",67% bullish,of 3 ratings,N/A
COKE,$165.31,1441740053702,"14,773",79% bullish,of 19 ratings,N/A
CVLY,NULL,1441740053777,0,Not yet rated,NULL,N/A
CISG,$7.91,1441740053873,"41,057",100% bullish,of 5 ratings,$10
CCOI,$27.39,1441740053903,"203,239",50% bullish,of 4 ratings,$35
CDXS,$3.58,1441740053925,"10,286",64% bullish,of 11 ratings,$6
JVA,$4.84,1441740053957,"12,821",83% bullish,of 6 ratings,$7
CGNT,$1.57,1441740054060,"10,039",100% bullish,of 2 ratings,$2
CTSH,$62.98,1441740054195,"1,366,181",90% bullish,of 10 ratings,$75
CHRS,$25.7,1441740054324,"128,785",67% bearish,of 3 ratings,$37
CGNX,$36.14,1441740054388,"242,598",50% bullish,of 2 ratings,$47
COHU,$9.59,1441740054458,"57,992",100% bearish,of 1 rating,$14.25
COHR,$56.16,1441740054483,"20,549",50% bullish,of 2 ratings,$72
CLCT,$17.59,1441740054616,"16,313",100% bearish,of 1 rating,N/A
CIGI,$42.46,1441740054675,"15,793",100% bearish,of 1 rating,$52
CLRX,$0.719,1441740054762,"28,105",50% bullish,of 2 ratings,N/A
COLB,$30.34,1441740054859,"41,835",Not yet rated,NULL,$36
CLCD,$6.4,1441740054884,"13,271",100% bearish,of 1 rating,$20.50
CBAN,$8.75,1441740055018,"1,200",Not yet rated,NULL,N/A
COLL,$14.64,1441740055047,"70,847",100% bearish,of 1 rating,$26
CBMX,$1.1001,1441740055074,"17,502",83% bullish,of 6 ratings,$3.15
CMCO,$19.0399,1441740055105,"28,582",60% bullish,of 5 ratings,$28
COLM,$62.93,1441740055127,"52,795",100% bearish,of 1 rating,$71
CMCSA,$56.82,1441740055208,"3,958,637",66% bullish,of 35 ratings,$69.50
CBSHP,$25.51,1441740055575,"16,312",100% bearish,of 1 rating,N/A
CMCSK,$57.74,1441740055627,"1,254,169",Not yet rated,NULL,$84
COMM,$33.35,1441740055707,"508,487",67% bearish,of 3 ratings,$35
CUBN,$13.8,1441740055731,"4,200",Not yet rated,NULL,N/A
CBSH,$44.64,1441740055756,"150,581",50% bullish,of 2 ratings,$46
JCS,$8.72,1441740055951,200,67% bullish,of 3 ratings,N/A
CYHHZ,$0.0111,1441740056016,"19,144",100% bullish,of 1 rating,N/A
CVGI,$4.96,1441740056048,"93,135",50% bullish,of 2 ratings,$6
ESXB,$5.06,1441740056069,"2,910",Not yet rated,NULL,N/A
CSAL,$20.25,1441740056090,"253,103",75% bullish,of 4 ratings,$30
CTBI,$35.25,1441740056223,"6,227",Not yet rated,NULL,$36
COB,$10.66,1441740056249,"3,458",100% bullish,of 1 rating,$11.75
CIZ,$32.8799,1441740056427,220,100% bearish,of 1 rating,N/A
CVLT,$35.99,1441740056503,"72,321",75% bullish,of 4 ratings,$44.50
CWBC,NULL,1441740056581,0,Not yet rated,NULL,N/A
CIL,NULL,1441740056713,0,Not yet rated,NULL,N/A
CSA,NULL,1441740056740,0,Not yet rated,NULL,N/A
CID,NULL,1441740056760,0,Not yet rated,NULL,N/A
CSF,NULL,1441740056812,0,100% bearish,of 1 rating,N/A
CFO,$35.44,1441740056839,"3,918",100% bearish,of 1 rating,N/A
CDC,$34.37,1441740056971,932,Not yet rated,NULL,N/A
CFA,NULL,1441740057035,0,100% bearish,of 1 rating,N/A
CDL,$33.48,1441740057182,"5,210",Not yet rated,NULL,N/A
CPSI,$45.18,1441740057216,"30,821",100% bearish,of 1 rating,$45.50
CGEN,$5.1,1441740057315,"135,756",50% bullish,of 2 ratings,$11
CSB,NULL,1441740057342,0,Not yet rated,NULL,N/A
CTG,$6.6645,1441740057389,"12,855",100% bearish,of 1 rating,$8.50
SCOR,$48,1441740057474,"172,844",100% bearish,of 1 rating,$66
CHCI,$0.6301,1441740057580,"23,535",50% bullish,of 2 ratings,N/A
CMTL,$26.22,1441740057707,"18,758",100% bearish,of 2 ratings,$37
CNCE,$16.62,1441740057803,"148,791",75% bullish,of 4 ratings,$22
CNAT,$3.98,1441740057851,"51,355",83% bullish,of 6 ratings,$13
CXRX,$77.1056,1441740057905,"23,537",100% bearish,of 1 rating,$90
CNSI,$18.71,1441740057982,"67,182",100% bearish,of 2 ratings,$29
CCUR,$5.28,1441740058014,"7,891",75% bullish,of 4 ratings,N/A
CDORP,$6.3,1441740058119,"1,800",100% bearish,of 1 rating,N/A
CDOR,$1.25,1441740058146,"3,820",100% bullish,of 1 rating,N/A
CFMS,$14.56,1441740058276,"196,744",100% bearish,of 1 rating,$26.50
CDORO,NULL,1441740058300,0,100% bearish,of 1 rating,N/A
CNFR,$10,1441740058480,"9,252",Not yet rated,NULL,N/A
CTWS,$34.41,1441740058513,"9,244",100% bearish,of 1 rating,$44
CNMD,$51.9,1441740058622,"23,671",Not yet rated,NULL,$59
CNSL,$19.89,1441740058654,"60,645",100% bearish,of 1 rating,$23
CNOB,$19.03,1441740058755,"12,151",100% bullish,of 1 rating,$23.50
CWCO,$10.63,1441740058784,"32,900",67% bullish,of 3 ratings,$14.50
CNXR,$6.95,1441740058809,"63,140",100% bearish,of 1 rating,$12
CTCT,$25.12,1441740059061,"73,002",67% bullish,of 3 ratings,$37
CONN,$29.8,1441740059086,"394,757",67% bullish,of 3 ratings,$48.50
CPSS,$5.485,1441740059112,"15,014",100% bullish,of 1 rating,$10
CFRXW,NULL,1441740059132,0,100% bearish,of 1 rating,N/A
CFRX,$5.015,1441740059275,"20,045",Not yet rated,NULL,$14
CFRXZ,NULL,1441740059387,0,Not yet rated,NULL,N/A
CTRV,$3.4887,1441740059417,"3,833",Not yet rated,NULL,$6.40
CTRL,$8.68,1441740059490,"71,941",50% bullish,of 2 ratings,$11
CORT,$4.99,1441740059596,"147,443",67% bullish,of 3 ratings,$12
CRBP,$1.82,1441740059628,"52,521",100% bullish,of 2 ratings,$6.25
CPRT,$35.305,1441740059676,"135,727",67% bearish,of 3 ratings,$40
BVA,$3.8399,1441740059811,"2,717",50% bullish,of 2 ratings,N/A
CORI,$10.98,1441740059877,"23,022",100% bearish,of 1 rating,$18
CSOD,$37.8,1441740059953,"140,698",50% bullish,of 2 ratings,$42
CORE,$59.82,1441740059982,"22,781",100% bearish,of 1 rating,$72
COSI,$1.13,1441740060084,"1,137,493",100% bullish,of 1 rating,N/A
CSGP,$179.92,1441740060170,"60,092",50% bullish,of 2 ratings,$235
CRVL,$32.03,1441740060263,"12,697",100% bearish,of 1 rating,N/A
ICBK,$19,1441740060400,"2,483",Not yet rated,NULL,$21
COST,$140.8899,1441740060433,"527,176",79% bullish,of 24 ratings,$154.50
CPAH,$0.4001,1441740060458,"4,300",50% bullish,of 2 ratings,N/A
CVTI,$22.77,1441740060531,"74,301",67% bearish,of 3 ratings,$39
COWNL,NULL,1441740060712,0,Not yet rated,NULL,N/A
COWN,$5.08,1441740060807,"452,301",75% bullish,of 4 ratings,$7
COVS,$2.485,1441740060851,"91,414",67% bullish,of 3 ratings,N/A
CRAI,$23.39,1441740060993,"15,213",100% bearish,of 1 rating,$36
BREW,$8.09,1441740061024,"7,357",67% bullish,of 6 ratings,$15
CRAY,$21.48,1441740061054,"130,293",83% bullish,of 6 ratings,$38.50
CBRL,$149.45,1441740061129,"70,798",50% bullish,of 2 ratings,$155
CPSH,$2.4,1441740061156,"13,300",Not yet rated,NULL,N/A
CACC,$201.91,1441740061377,"41,514",50% bullish,of 2 ratings,$158.50
CREE,$27.005,1441740061603,"484,232",65% bullish,of 17 ratings,$29.50
SLVO,$10.1778,1441740061634,"8,503",100% bearish,of 1 rating,N/A
GLDI,$11.0105,1441740061662,"14,012",100% bearish,of 1 rating,N/A
CRTO,$35.6,1441740061683,"804,311",67% bullish,of 6 ratings,$64
CRESY,$10.18,1441740061711,"14,768",100% bearish,of 1 rating,$19
CROX,$13.96,1441740061736,"323,214",63% bullish,of 8 ratings,$16.50
CCRN,$14.45,1441740062030,"110,605",100% bearish,of 1 rating,$14.25
CRWS,$8.1599,1441740062056,"15,909",Not yet rated,NULL,$10
CRDS,$1.21,1441740062086,"44,007",50% bullish,of 4 ratings,$3.375
CYRX,$3,1441740062130,"43,424",Not yet rated,NULL,$9
CCLP,$13.7,1441740062185,"40,444",67% bearish,of 3 ratings,$20
CRWN,$5.25,1441740062216,"102,796",75% bullish,of 4 ratings,N/A
CYRXW,$0.9101,1441740062243,"8,052",Not yet rated,NULL,N/A
CSGS,$29.96,1441740062270,"44,339",Not yet rated,NULL,$40
CSPI,$5.7879,1441740062438,500,67% bullish,of 3 ratings,N/A
CTCM,$1.715,1441740062691,"111,589",80% bearish,of 5 ratings,$3.90
CTIB,$3.7201,1441740062716,200,100% bearish,of 1 rating,N/A
CTRP,$63.6,1441740062773,"1,130,182",75% bullish,of 8 ratings,$92.50
CUI,$5.33,1441740062916,"9,050",50% bullish,of 2 ratings,$10
CUNB,$22.1,1441740062941,"21,190",Not yet rated,NULL,$24.50
CMLS,$1.3,1441740062969,"123,539",50% bullish,of 4 ratings,$6
CRIS,$2.58,1441740062994,"87,453",100% bullish,of 8 ratings,$6
CTIC,$1.565,1441740063133,"322,354",84% bullish,of 76 ratings,$5.75
CUTR,$15.12,1441740063158,"14,631",67% bearish,of 3 ratings,$18
CPIX,$6,1441740063183,"6,086",Not yet rated,NULL,N/A
CVBF,$16.58,1441740063406,"228,173",Not yet rated,NULL,$18
CYBX,$67.25,1441740063431,"238,462",50% bullish,of 4 ratings,$71.50
CYBR,$47.9,1441740063456,"747,270",75% bullish,of 8 ratings,$68.50
CVV,$11.51,1441740063590,"17,121",100% bullish,of 5 ratings,N/A
CYAN,$6.1444,1441740063616,"3,217",100% bearish,of 1 rating,N/A
CYBE,$6.78,1441740063770,"3,287",100% bearish,of 1 rating,N/A
CYCC,$0.59,1441740063901,"79,632",73% bullish,of 11 ratings,N/A
CYCCP,$5.5,1441740063931,564,100% bearish,of 1 rating,N/A
CBAY,$2.97,1441740063952,"573,614",100% bullish,of 2 ratings,$4
CYNA,$16.06,1441740064034,"4,804",50% bullish,of 2 ratings,$31.50
CY,$10.35,1441740064107,"1,406,154",80% bullish,of 10 ratings,$15.50
CONE,$32.5,1441740064288,"163,808",67% bearish,of 3 ratings,$35.50
CYRN,$1.79,1441740064339,"9,381",67% bullish,of 3 ratings,$4
CYNO,$34.06,1441740064365,"102,051",67% bearish,of 3 ratings,$45.50
CYTX,$0.3919,1441740064428,"2,023,041",83% bullish,of 12 ratings,$5.50
CYTK,$7.33,1441740064452,"225,843",71% bullish,of 14 ratings,$13.50
CTSO,$7.36,1441740064723,"25,812",Not yet rated,NULL,$15.625
DAEG,$0.35,1441740064748,"5,300",100% bearish,of 1 rating,N/A
ZIV,$36.165,1441740064877,"63,011",Not yet rated,NULL,N/A
XIV,$24.3201,1441740064904,"11,724,988",75% bearish,of 4 ratings,N/A
TVIZ,$22.93,1441740064970,"1,107",100% bearish,of 1 rating,N/A
TVIX,$14.5901,1441740065000,"7,568,915",81% bullish,of 16 ratings,N/A
DJCO,$197.51,1441740065101,"1,300",Not yet rated,NULL,N/A
CYTR,$2.6,1441740065132,"413,815",67% bullish,of 6 ratings,$10
DAKT,$8.54,1441740065205,"81,155",50% bullish,of 2 ratings,$12
DARA,$0.8479,1441740065349,"9,280",83% bullish,of 6 ratings,$1.50
DAIO,$2.53,1441740065395,"6,405",Not yet rated,NULL,N/A
DTLK,$5.6617,1441740065607,"60,994",100% bearish,of 1 rating,$9
DWCH,$4.84,1441740065671,"26,562",75% bullish,of 4 ratings,$8.25
DWSN,$4.38,1441740065741,"5,466",67% bullish,of 3 ratings,N/A
DTEA,$13.48,1441740065772,"111,034",100% bearish,of 2 ratings,$24
PLAY,$37.79,1441740065803,"328,522",83% bullish,of 6 ratings,$42
TRAK,$62.82,1441740066028,"174,275",50% bullish,of 2 ratings,$62.50
DRAM,$1.3,1441740066072,"16,916",78% bullish,of 9 ratings,N/A
DHRM,$1.6,1441740066097,"2,300",Not yet rated,NULL,N/A
DBVT,$37.6,1441740066159,"41,916",100% bearish,of 1 rating,$53
TACO,$14.5,1441740066235,"431,874",75% bullish,of 4 ratings,$20
TACOW,$5.1,1441740066334,"42,225",100% bullish,of 1 rating,N/A
DCTH,$0.515,1441740066403,"618,540",78% bullish,of 9 ratings,N/A
DGAS,$20.33,1441740066628,"2,485",67% bearish,of 3 ratings,N/A
DELT,$2.4,1441740066758,"4,690",Not yet rated,NULL,N/A
DSCI,$6.28,1441740066845,"28,345",50% bullish,of 2 ratings,$16
DENN,$11.455,1441740066871,"101,767",100% bullish,of 3 ratings,$15
DEPO,$27.47,1441740066899,"656,012",60% bullish,of 5 ratings,$29
XRAY,$52.315,1441740066954,"182,078",100% bullish,of 1 rating,$58
DFRG,$13.79,1441740067034,"198,195",100% bearish,of 1 rating,$20
DELTW,$0.17,1441740067058,"2,200",Not yet rated,NULL,N/A
DERM,$26.83,1441740067083,"35,159",100% bearish,of 1 rating,$33.50
DXLG,$6.4928,1441740067324,"55,852",100% bearish,of 1 rating,$8
DEST,$10.3328,1441740067352,"33,864",50% bullish,of 2 ratings,N/A
DXM,$0.43,1441740067503,"1,392,973",50% bullish,of 2 ratings,N/A
DXCM,$90.99,1441740067670,"204,454",57% bullish,of 7 ratings,$98
DSWL,$1.52,1441740067855,"6,773",100% bullish,of 1 rating,N/A
DMND,$30.94,1441740067966,"46,354",75% bullish,of 12 ratings,$32
DRNA,$11.2,1441740067993,"68,069",67% bearish,of 3 ratings,$25
DHXM,$6.37,1441740068019,"3,200",100% bearish,of 1 rating,N/A
DCIX,$1.57,1441740068039,"35,916",50% bullish,of 4 ratings,$3.50
FANG,$66.96,1441740068070,"325,532",50% bullish,of 2 ratings,$86
DHIL,$192.7,1441740068236,"1,553",100% bearish,of 1 rating,N/A
DGII,$10.36,1441740068464,"37,284",100% bearish,of 1 rating,$11
APPS,$2.09,1441740068515,"106,742",100% bearish,of 1 rating,$10.25
DRAD,$3.8918,1441740068543,"9,283",100% bullish,of 1 rating,$5.25
DGLY,$7.21,1441740068595,"56,544",50% bullish,of 6 ratings,$20
DCOM,$16.81,1441740068678,"32,661",100% bearish,of 2 ratings,$16
DMRC,$38.8,1441740068725,"37,205",100% bearish,of 1 rating,$44
DIOD,$23.025,1441740068949,"150,110",75% bearish,of 4 ratings,$28
DISCA,$27.14,1441740068977,"1,310,164",67% bullish,of 3 ratings,$34
DPRX,$14.35,1441740069013,"13,359",100% bullish,of 2 ratings,$27.75
DISCK,$25.64,1441740069111,"715,813",100% bearish,of 1 rating,$32
DISH,$60.35,1441740069136,"338,644",69% bullish,of 13 ratings,$73
DSCO,$0.4251,1441740069165,"61,827",83% bullish,of 6 ratings,$2.75
DISCB,$27.35,1441740069297,200,100% bearish,of 1 rating,$35
BAGR,$2.7586,1441740069460,"10,050",100% bearish,of 1 rating,$6
DNBF,$26.22,1441740069543,700,Not yet rated,NULL,$27.50
DLTR,$68.495,1441740069639,"1,693,927",82% bullish,of 11 ratings,$85
DLHC,NULL,1441740069670,0,100% bearish,of 1 rating,N/A
DGICA,$13.76,1441740069771,"26,530",100% bearish,of 1 rating,$17
DGICB,NULL,1441740069939,0,100% bearish,of 1 rating,N/A
DMLP,$15.215,1441740069964,"24,605",100% bearish,of 1 rating,N/A
DVCR,$10.69,1441740070033,"3,194",100% bullish,of 1 rating,N/A
DORM,$50.34,1441740070126,"60,859",100% bearish,of 1 rating,$56
DRWIW,$0.0399,1441740070170,"16,500",Not yet rated,NULL,N/A
DRWI,$0.18,1441740070315,"479,113",60% bullish,of 5 ratings,$.45
DRYS,$0.4519,1441740070343,"1,301,585",77% bullish,of 31 ratings,$.60
HILL,$9.69,1441740070444,"604,408",60% bearish,of 5 ratings,$9.75
DSKX,$3.366,1441740070672,"48,320",100% bullish,of 1 rating,N/A
DSPG,$9.005,1441740070715,"8,732",100% bearish,of 1 rating,$13.50
CADT,$10,1441740070739,100,Not yet rated,NULL,N/A
CADTR,NULL,1441740070763,0,Not yet rated,NULL,N/A
CADTW,NULL,1441740070995,0,Not yet rated,NULL,N/A
DNKN,$49.32,1441740071068,"254,151",67% bullish,of 15 ratings,$56.50
CADTU,$10.26,1441740071093,201,Not yet rated,NULL,N/A
DRRX,$2.19,1441740071123,"67,365",50% bullish,of 6 ratings,$3
DYAX,$22.67,1441740071307,"218,650",89% bullish,of 9 ratings,$30
DTSI,$27,1441740071335,"47,485",100% bearish,of 2 ratings,$39.50
DXPE,$30.39,1441740071374,"55,780",50% bullish,of 2 ratings,N/A
DWA,$21.1,1441740071464,"168,497",63% bullish,of 8 ratings,$26
BOOM,$9.96,1441740071570,"64,235",67% bullish,of 3 ratings,$12
DYNT,$3.12,1441740071714,300,75% bullish,of 4 ratings,N/A
DYSL,$1.54,1441740071742,"12,963",100% bullish,of 2 ratings,N/A
EGBN,$42.18,1441740071868,"43,397",Not yet rated,NULL,$48
DVAX,$29.755,1441740071893,"84,319",70% bullish,of 10 ratings,$40
ETFC,$27.24,1441740071966,"2,566,752",57% bullish,of 14 ratings,$32.50
EBMT,$11.48,1441740071991,"4,613",Not yet rated,NULL,$13.50
EROC,$1.49,1441740072138,"58,841",50% bullish,of 2 ratings,$3
EGRX,$83.574,1441740072167,"155,424",67% bullish,of 3 ratings,$97
EGLE,$6.69,1441740072192,"8,180",60% bullish,of 5 ratings,N/A
ELNK,$8.62,1441740072341,"147,655",60% bullish,of 5 ratings,$9.50
EACQU,$10.18,1441740072370,"14,076",Not yet rated,NULL,N/A
EWBC,$39.75,1441740072391,"311,237",100% bearish,of 1 rating,$50
EVBS,$6.75,1441740072625,"17,471",Not yet rated,NULL,$7
EML,$16.06,1441740072728,"1,020",Not yet rated,NULL,N/A
EBIX,$28.41,1441740072753,"69,394",69% bullish,of 13 ratings,$40
ELON,$0.58,1441740072801,"55,983",50% bullish,of 2 ratings,N/A
EBAY,$26.34,1441740072927,"6,222,698",81% bullish,of 117 ratings,$33
ECHO,$23.52,1441740072961,"160,188",67% bearish,of 3 ratings,$34.50
ECTE,$1.46,1441740072982,"1,200",75% bullish,of 4 ratings,N/A
EEI,$11.91,1441740073058,"2,254",67% bearish,of 3 ratings,N/A
SATS,$43.91,1441740073233,"26,388",50% bullish,of 2 ratings,$60
EDAP,$3.59,1441740073292,"18,796",60% bullish,of 5 ratings,$4.50
ECACU,$10.1,1441740073380,"90,590",Not yet rated,NULL,N/A
EDGW,$7.16,1441740073446,"1,075",100% bearish,of 1 rating,N/A
ESES,$3.44,1441740073548,"3,111",100% bearish,of 1 rating,$7
EDUC,$7.05,1441740073580,"26,825",100% bearish,of 1 rating,N/A
EFUT,$4.57,1441740073607,"1,559",Not yet rated,NULL,N/A
EGAN,$3.955,1441740073646,"15,693",50% bullish,of 2 ratings,$6.25
EHTH,$14.39,1441740073813,"57,657",50% bullish,of 4 ratings,$17
EGLT,$13.49,1441740073852,"41,140",50% bullish,of 2 ratings,$21
LOCO,$12.5,1441740073879,"275,123",69% bullish,of 13 ratings,$19.50
EMITF,$1.27,1441740073904,"63,902",75% bullish,of 4 ratings,N/A
ELRC,$10.51,1441740074062,"14,702",100% bearish,of 1 rating,N/A
ESLT,$79.05,1441740074221,"4,070",67% bullish,of 3 ratings,N/A
ERI,$9.38,1441740074250,"44,552",100% bearish,of 1 rating,$10
ESIO,$4.64,1441740074271,"32,403",50% bullish,of 2 ratings,$10
EFII,$44.11,1441740074403,"56,044",80% bullish,of 5 ratings,$55
ELEC,NULL,1441740074572,0,Not yet rated,NULL,N/A
ELSE,$3.901,1441740074601,950,60% bullish,of 5 ratings,N/A
ELECW,NULL,1441740074705,0,Not yet rated,NULL,N/A
ELECU,$10.05,1441740074745,"4,200",Not yet rated,NULL,N/A
EA,$68.15,1441740074782,"1,355,425",78% bullish,of 36 ratings,$80
EBIO,$3.345,1441740074815,"91,019",100% bearish,of 2 ratings,$8.35
RDEN,$11.36,1441740074836,"30,858",100% bearish,of 4 ratings,$15
CAPX,NULL,1441740074911,0,Not yet rated,NULL,N/A
ESBK,$19.63,1441740075075,795,Not yet rated,NULL,N/A
LONG,$16.835,1441740075280,"4,800",67% bullish,of 3 ratings,$15.75
ELTK,$1.2806,1441740075306,"17,367",67% bearish,of 3 ratings,N/A
EMCI,$22.47,1441740075327,"8,688",Not yet rated,NULL,N/A
EMMS,$1.2938,1441740075546,"17,117",67% bullish,of 6 ratings,N/A
EMKR,$6.92,1441740075577,"63,557",75% bullish,of 4 ratings,$8.50
EMCF,$22.9,1441740075621,200,100% bearish,of 1 rating,N/A
EMMSP,NULL,1441740075652,0,100% bearish,of 1 rating,N/A
ENTA,$39.99,1441740075757,"97,003",50% bullish,of 2 ratings,$42
ECPG,$37.83,1441740075784,"85,711",100% bullish,of 2 ratings,$52
ERS,$3.52,1441740075814,300,Not yet rated,NULL,N/A
NYNY,$4.755,1441740075840,"40,596",50% bullish,of 2 ratings,N/A
ENDP,$76.07,1441740076070,"537,389",50% bullish,of 6 ratings,$101.50
ECYT,$5.285,1441740076118,"169,259",83% bullish,of 6 ratings,$12
WIRE,$33.56,1441740076251,"48,215",100% bearish,of 1 rating,$37
ELGX,$13.26,1441740076290,"235,622",75% bullish,of 4 ratings,$17
EXXI,$1.695,1441740076491,"683,430",86% bullish,of 7 ratings,$3.50
WATT,$6.83,1441740076521,"26,531",50% bullish,of 2 ratings,$13
EIGI,$14.87,1441740076542,"121,652",67% bearish,of 3 ratings,$22.50
EFOI,$27.67,1441740076575,"1,127,697",67% bullish,of 3 ratings,$24.50
ERII,$2.6,1441740076597,"20,789",80% bullish,of 5 ratings,$2.50
ENG,$1.02,1441740076652,"2,445",100% bullish,of 3 ratings,N/A
ENPH,$4.599,1441740076731,"310,336",75% bullish,of 4 ratings,$10
ENFC,$17.58,1441740076952,100,Not yet rated,NULL,N/A
ENTG,$13.745,1441740077017,"244,456",100% bearish,of 1 rating,$18
ESGR,$149.85,1441740077041,"18,600",100% bearish,of 1 rating,$185
ENTL,$22.64,1441740077066,"17,295",Not yet rated,NULL,$28
ENOC,$9.145,1441740077248,"122,444",75% bullish,of 4 ratings,$18
EGT,$1.89,1441740077385,"13,421",100% bullish,of 1 rating,N/A
ETRM,$0.272,1441740077420,"1,034,299",69% bearish,of 35 ratings,$1.625
EBTC,$21.94,1441740077446,"1,640",Not yet rated,NULL,N/A
ENZY,$10.53,1441740077470,"170,119",67% bullish,of 3 ratings,$9.50
EFSC,$23.89,1441740077515,"10,717",Not yet rated,NULL,$27
ENZN,$1.01,1441740077643,"85,641",100% bullish,of 9 ratings,N/A
ENVI,$1.91,1441740077735,"113,783",67% bullish,of 3 ratings,N/A
EPIQ,$12.41,1441740077870,"17,482",100% bearish,of 1 rating,$18
EPRS,$5.505,1441740077894,"20,173",82% bullish,of 11 ratings,$15
PLUS,$75.57,1441740078133,"16,071",50% bullish,of 2 ratings,$88
ERIC,$9.785,1441740078307,"928,000",67% bullish,of 9 ratings,$12.20
EQFN,$8.35,1441740078361,"1,938",100% bearish,of 1 rating,N/A
EAC,$3.45,1441740078389,"6,896",100% bearish,of 1 rating,$8
EPZM,$19.93,1441740078436,"88,941",60% bullish,of 5 ratings,$34
ERIE,$81,1441740078519,"10,988",Not yet rated,NULL,$73
EQIX,$277.9925,1441740078688,"219,782",75% bullish,of 4 ratings,$312.50
ESCRP,$1.38,1441740078732,"59,216",100% bearish,of 1 rating,N/A
ESCA,$18.12,1441740078822,"3,704",100% bearish,of 1 rating,$22
ESMC,$1.282,1441740078896,"1,200",Not yet rated,NULL,N/A
EPIX,$6.07,1441740078930,"1,250",Not yet rated,NULL,N/A
ESCR,$0.3647,1441740078958,"554,916",50% bullish,of 2 ratings,N/A
ESPR,$46.45,1441740079033,"178,902",70% bearish,of 10 ratings,$115
ESSA,$12.89,1441740079058,"1,800",100% bearish,of 1 rating,N/A
ESND,$33.94,1441740079325,"43,068",100% bearish,of 2 ratings,$40
ETSY,$14.27,1441740079353,"110,734",80% bullish,of 5 ratings,$16
ESSX,$0.455,1441740079373,"23,659",50% bullish,of 2 ratings,N/A
EEFT,$68.23,1441740079502,"63,499",100% bearish,of 1 rating,$67.50
CLWT,NULL,1441740079526,0,100% bearish,of 1 rating,N/A
ESEA,$4.5083,1441740079551,999,100% bullish,of 1 rating,$15
EVEP,$8.07,1441740079596,"124,099",50% bullish,of 2 ratings,$14
EVK,NULL,1441740079742,0,75% bearish,of 4 ratings,N/A
EVOK,$3.51,1441740079769,"8,626",100% bearish,of 1 rating,$13.375
EXA,$10.49,1441740079996,"20,562",100% bearish,of 1 rating,$13
EVLV,$2.54,1441740080140,"68,364",60% bullish,of 5 ratings,$4.625
EVOL,$5.42,1441740080168,"19,232",75% bullish,of 4 ratings,$10
EXAC,$19.08,1441740080194,"9,545",100% bearish,of 1 rating,$22.50
EXAS,$20.885,1441740080220,"524,753",78% bullish,of 9 ratings,$31
EXEL,$5.9,1441740080246,"2,448,681",81% bullish,of 16 ratings,$6
EXFO,$2.9301,1441740080271,"2,975",67% bearish,of 3 ratings,$3.95
EXLS,$37.5,1441740080512,"40,505",50% bullish,of 2 ratings,$41
EXPE,$114.08,1441740080571,"353,289",64% bullish,of 11 ratings,$130
EXPO,$43.565,1441740080641,"47,505",100% bearish,of 1 rating,$45.50
EXLP,$18.1301,1441740080703,"50,831",100% bearish,of 1 rating,$25
EXTR,$3.175,1441740080769,"382,256",80% bullish,of 5 ratings,$3
EXPD,$48.64,1441740080846,"1,101,361",80% bullish,of 5 ratings,$52
ESRX,$84.18,1441740080871,"1,585,230",67% bearish,of 6 ratings,$101
EYEG,$4.25,1441740080911,"45,313",Not yet rated,NULL,N/A
EYEGW,$1,1441740081088,"2,850",Not yet rated,NULL,N/A
FB,$89.39,1441740081486,"11,745,281",74% bullish,of 1078 ratings,$111
FWM,$2.26,1441740081517,"93,970",100% bearish,of 2 ratings,$3.20
FFIV,$121.23,1441740081544,"176,758",63% bullish,of 8 ratings,$132
EZCH,$23.37,1441740081568,"82,812",75% bullish,of 8 ratings,$19
FCS,$13.935,1441740081603,"751,696",67% bearish,of 3 ratings,$17
FRP,$15.565,1441740081628,"45,536",100% bearish,of 1 rating,$18
FALC,$1.75,1441740081656,"24,311",63% bearish,of 8 ratings,N/A
EZPW,$6.09,1441740081697,"71,135",50% bullish,of 4 ratings,$7
FFKT,$25.75,1441740081980,"2,377",Not yet rated,NULL,$29
DAVE,$15.06,1441740082043,"9,329",100% bearish,of 1 rating,$15.50
FMNB,$8.4,1441740082068,"14,523",Not yet rated,NULL,N/A
FARM,$21.8399,1441740082142,"13,098",100% bearish,of 1 rating,$35
FAST,$38.7201,1441740082213,"1,052,822",80% bullish,of 5 ratings,$43
FBSS,NULL,1441740082421,0,Not yet rated,NULL,N/A
FARO,$37.57,1441740082524,"37,212",50% bullish,of 2 ratings,$48
FATE,$6.292,1441740082564,"13,173",50% bullish,of 2 ratings,$11
FEIC,$76.03,1441740082593,"94,016",50% bullish,of 2 ratings,$95.50
FNHC,$21.9,1441740082614,"18,114",100% bearish,of 1 rating,$35
FBRC,$22.64,1441740082643,"6,211",100% bearish,of 1 rating,$29
FDML,$8.29,1441740082664,"122,739",50% bullish,of 4 ratings,$14
FHCO,$1.39,1441740082857,"12,832",50% bullish,of 4 ratings,N/A
FENX,$9.61,1441740082922,"54,927",100% bullish,of 1 rating,$14.25
FCSC,$5.955,1441740083108,"64,187",100% bearish,of 1 rating,$8.125
FDUS,$14.49,1441740083294,"15,095",50% bullish,of 2 ratings,$18
FGEN,$25.93,1441740083321,"396,285",100% bearish,of 1 rating,$39
ONEQ,$188.5501,1441740083449,"11,411",100% bullish,of 1 rating,N/A
FSCFL,$24.6778,1441740083478,"2,338",Not yet rated,NULL,N/A
LION,$20.08,1441740083500,"28,092",100% bullish,of 1 rating,$20
FSC,$6.53,1441740083521,"469,431",60% bullish,of 5 ratings,$8
FRGI,$52.49,1441740083542,"20,926",50% bullish,of 2 ratings,$70
FSAM,$7.68,1441740083717,"23,577",100% bearish,of 1 rating,$10.25
FITB,$19.71,1441740083764,"1,364,530",54% bullish,of 13 ratings,$22
FNGN,$29.88,1441740083870,"128,987",67% bullish,of 3 ratings,$47
FISI,$24.64,1441740084000,"5,878",100% bullish,of 2 ratings,$24.50
FITBI,$27.5,1441740084027,"64,691",Not yet rated,NULL,N/A
FSFR,$8.82,1441740084051,"42,539",100% bearish,of 1 rating,$11.50
FNSR,$15.31,1441740084076,"292,604",71% bullish,of 7 ratings,$24
FNTC,NULL,1441740084309,0,Not yet rated,NULL,N/A
FNJN,$1.696,1441740084341,"4,262",100% bearish,of 1 rating,$5
FNTCU,NULL,1441740084366,0,Not yet rated,NULL,N/A
FEYE,$38.26,1441740084445,"1,688,170",88% bullish,of 16 ratings,$55.50
FNTCW,NULL,1441740084494,0,Not yet rated,NULL,N/A
FRBA,$6.14,1441740084522,"2,300",Not yet rated,NULL,$8
BUSE,$19.23,1441740084729,"28,478",Not yet rated,NULL,$6.875
FBNC,$17.065,1441740084755,"7,901",100% bullish,of 1 rating,$20
FNLC,$18.85,1441740084777,"2,090",100% bullish,of 1 rating,N/A
FBIZ,$23,1441740084999,"16,527",100% bearish,of 2 ratings,$26
FCVA,$4.63,1441740085024,200,Not yet rated,NULL,N/A
FCAP,$26.1,1441740085160,680,Not yet rated,NULL,N/A
FCNCA,$230.5,1441740085214,"1,927",Not yet rated,NULL,N/A
FCLF,$9.19,1441740085349,200,Not yet rated,NULL,N/A
FCFP,$6.88,1441740085383,600,Not yet rated,NULL,N/A
FCCO,$12.27,1441740085408,696,Not yet rated,NULL,$13.25
FCBC,$17.47,1441740085438,"5,611",Not yet rated,NULL,$18
FCFS,$39.37,1441740085458,"14,797",100% bearish,of 3 ratings,$47
FBNK,$16.91,1441740085596,"31,323",100% bearish,of 1 rating,$17.50
FFBC,$18.61,1441740085768,"43,144",67% bearish,of 3 ratings,$20.25
FFNM,$6.2701,1441740085794,"2,000",Not yet rated,NULL,N/A
FDEF,$37.36,1441740085851,"7,416",Not yet rated,NULL,$38
FFBCW,NULL,1441740086003,0,100% bearish,of 1 rating,N/A
FFIN,$30.61,1441740086102,"44,830",50% bullish,of 2 ratings,$31.75
THFF,$32.55,1441740086128,"13,729",Not yet rated,NULL,$35
FFNW,$12.107,1441740086346,"9,500",Not yet rated,NULL,$14
FRME,$26.27,1441740086401,"39,608",Not yet rated,NULL,$26.50
FMBH,$22.24,1441740086426,100,Not yet rated,NULL,N/A
INBK,$29.34,1441740086450,"12,019",50% bullish,of 2 ratings,$37
FIBK,$26.7,1441740086483,"37,776",Not yet rated,NULL,$32
FMBI,$17.74,1441740086705,"60,794",Not yet rated,NULL,$20
FNBC,$34.64,1441740086732,"34,004",Not yet rated,NULL,$40
FFWM,$21.96,1441740086753,"38,975",Not yet rated,NULL,$24
FNFG,$9.25,1441740086995,"539,985",80% bullish,of 5 ratings,$9
FNWB,$12.155,1441740087064,"4,748",Not yet rated,NULL,N/A
FSFG,$30.48,1441740087088,787,Not yet rated,NULL,N/A
FSLR,$48.86,1441740087126,"551,241",72% bullish,of 39 ratings,$65
FSBK,$7.8,1441740087340,800,100% bullish,of 1 rating,N/A
BICK,$19.2799,1441740087377,420,100% bullish,of 1 rating,N/A
FBZ,$9.493,1441740087506,400,Not yet rated,NULL,N/A
FTCS,$36.32,1441740087545,"8,090",100% bearish,of 1 rating,N/A
FV,$23.4299,1441740087614,"910,951",100% bearish,of 1 rating,N/A
FCA,$19.77,1441740087673,415,Not yet rated,NULL,N/A
FCAN,$24.61,1441740087699,351,Not yet rated,NULL,N/A
IFV,$17.72,1441740087875,"212,215",100% bearish,of 1 rating,N/A
FSGI,$2.45,1441740087899,"6,670",Not yet rated,NULL,N/A
FEUZ,$30.92,1441740087960,600,Not yet rated,NULL,N/A
FEMB,$41.09,1441740087985,"3,600",Not yet rated,NULL,N/A
FTSM,$59.955,1441740088118,"31,716",100% bearish,of 1 rating,N/A
TDIV,$24.93,1441740088165,"40,428",100% bearish,of 1 rating,N/A
MDIV,$19.0123,1441740088325,"91,855",Not yet rated,NULL,N/A
FTHI,$19.47,1441740088405,479,Not yet rated,NULL,N/A
HYLS,$49.7431,1441740088458,"22,831",100% bearish,of 1 rating,N/A
FTGC,$22.45,1441740088480,"27,977",Not yet rated,NULL,N/A
FPXI,$26.86,1441740088550,200,Not yet rated,NULL,N/A
FHK,$33.73,1441740088635,"1,800",Not yet rated,NULL,N/A
FGM,$36.06,1441740088678,"88,695",Not yet rated,NULL,N/A
YDIV,$16.3299,1441740088848,699,Not yet rated,NULL,N/A
SKYY,$28.705,1441740088935,"29,582",100% bullish,of 1 rating,N/A
CU,$13,1441740088981,"5,528",100% bearish,of 1 rating,N/A
FTLB,$19.3899,1441740089113,362,100% bearish,of 1 rating,N/A
PLTM,$6.18,1441740089139,220,100% bearish,of 1 rating,N/A
FJP,$45.18,1441740089159,"56,508",Not yet rated,NULL,N/A
FMB,$51.22,1441740089345,"8,265",Not yet rated,NULL,N/A
LMBS,NULL,1441740089384,0,Not yet rated,NULL,N/A
QABA,$37.847,1441740089445,"27,350",100% bearish,of 1 rating,N/A
FONE,$35.42,1441740089486,237,Not yet rated,NULL,N/A
CIBR,$17.648,1441740089537,"25,515",Not yet rated,NULL,N/A
QCLN,$15.405,1441740089610,"11,610",Not yet rated,NULL,N/A
CARZ,$34.9,1441740089636,"3,475",100% bearish,of 1 rating,N/A
GRID,$31.11,1441740089660,35,100% bearish,of 1 rating,N/A
RDVY,$21.0404,1441740089972,"2,690",Not yet rated,NULL,N/A
QQXT,$40.4385,1441740090025,"11,420",Not yet rated,NULL,N/A
QTEC,$40.4105,1441740090051,"6,364",Not yet rated,NULL,N/A
QQEW,$41.94,1441740090099,"23,349",Not yet rated,NULL,N/A
QINC,$20,1441740090195,200,Not yet rated,NULL,N/A
AIRR,$16.56,1441740090223,"1,420",100% bearish,of 1 rating,N/A
FKO,NULL,1441740090280,0,Not yet rated,NULL,N/A
FTSL,$48.87,1441740090330,"17,550",100% bearish,of 1 rating,N/A
FDIV,$47.4,1441740090464,300,100% bearish,of 1 rating,N/A
FSZ,$38.53,1441740090593,"17,318",Not yet rated,NULL,N/A
TUSA,$24.81,1441740090617,748,Not yet rated,NULL,N/A
FKU,$41.75,1441740090643,"5,914",Not yet rated,NULL,N/A
FTW,$31.2121,1441740090667,167,Not yet rated,NULL,N/A
FMER,$17.66,1441740090842,"219,016",50% bullish,of 2 ratings,$20
FUNC,$8.07,1441740090868,"2,400",Not yet rated,NULL,N/A
SVVC,$9.39,1441740090906,"6,750",50% bullish,of 2 ratings,$26
FISV,$86.27,1441740091109,"434,711",100% bearish,of 3 ratings,$90
FIVE,$34.26,1441740091143,"668,466",75% bearish,of 4 ratings,$43.50
FPRX,$20.39,1441740091175,"75,776",50% bullish,of 2 ratings,$35
FSV,$32.2,1441740091207,"6,700",Not yet rated,NULL,$33.60
FIVN,$3.735,1441740091336,"57,505",100% bullish,of 1 rating,$8.50
FLML,$22.77,1441740091477,"118,448",50% bullish,of 2 ratings,$30
FLKS,$12.26,1441740091563,"34,135",50% bullish,of 2 ratings,$27
FLXN,$28.605,1441740091649,"69,601",100% bearish,of 1 rating,$40
MBSD,$24.93,1441740091675,"2,400",Not yet rated,NULL,N/A
FLXS,$30.39,1441740091756,"6,020",100% bearish,of 2 ratings,N/A
FLIR,$28.85,1441740091804,"313,178",100% bearish,of 2 ratings,$38.50
SKOR,$50.44,1441740091886,"4,700",Not yet rated,NULL,N/A
FLEX,$10.555,1441740092022,"943,761",63% bullish,of 8 ratings,$12
FLDM,$11.265,1441740092163,"180,674",67% bearish,of 3 ratings,$15
FFIC,$19.68,1441740092197,"15,349",Not yet rated,NULL,$20.50
FOGO,$19,1441740092223,"30,968",50% bullish,of 2 ratings,$25.50
FOMX,$9.94,1441740092295,"30,628",50% bullish,of 2 ratings,$23.50
FONR,$10.73,1441740092325,"27,330",100% bullish,of 1 rating,N/A
FES,$0.8601,1441740092429,"38,050",50% bullish,of 2 ratings,$1
FORTY,NULL,1441740092562,0,100% bearish,of 1 rating,N/A
FORM,$6.8,1441740092652,"80,191",67% bullish,of 3 ratings,$10.50
FORR,$31.17,1441740092681,"16,299",Not yet rated,NULL,N/A
FBIO,$2.56,1441740092762,"40,738",83% bullish,of 6 ratings,N/A
FTNT,$43.15,1441740092788,"505,849",80% bullish,of 10 ratings,$52
FWRD,$44.6,1441740092977,"48,352",100% bearish,of 1 rating,$50
FWP,$26.76,1441740093008,"33,147",100% bearish,of 1 rating,$45
FMI,$23.355,1441740093105,"52,205",100% bearish,of 2 ratings,$27.50
FOSL,$61.08,1441740093209,"261,445",60% bearish,of 5 ratings,$80
FORD,$1.66,1441740093239,"899,437",67% bullish,of 3 ratings,N/A
FOXF,$15.25,1441740093267,"11,897",100% bearish,of 1 rating,$19
FXCB,$17.11,1441740093320,835,Not yet rated,NULL,$19
FRAN,$12.47,1441740093371,"750,297",50% bullish,of 4 ratings,$15
RAIL,$20.25,1441740093619,"47,647",100% bearish,of 1 rating,$24.50
FRED,$12.79,1441740093653,"62,983",50% bullish,of 2 ratings,$15.50
FELE,$27.8,1441740093682,"97,847",50% bullish,of 4 ratings,$33
FEIM,$11.25,1441740093721,"2,600",100% bearish,of 1 rating,N/A
FREE,$0.3379,1441740093749,"451,585",92% bullish,of 12 ratings,N/A
FRPT,$12.59,1441740093780,"119,614",67% bearish,of 3 ratings,$23.50
FTR,$5.42,1441740093877,"6,797,589",78% bullish,of 27 ratings,$6.25
FTRPR,$105.9667,1441740093901,"195,920",100% bearish,of 1 rating,N/A
FRPH,$30.5,1441740094131,"5,952",100% bearish,of 1 rating,N/A
FSBW,$23.097,1441740094214,740,Not yet rated,NULL,N/A
FCEL,$0.9012,1441740094299,"936,373",88% bullish,of 41 ratings,$2.65
FTD,$28.95,1441740094324,"15,327",100% bearish,of 1 rating,$40
FULL,$3.1072,1441740094458,"21,306",67% bearish,of 3 ratings,$4.25
FTEK,$2.02,1441740094488,"12,513",75% bullish,of 4 ratings,N/A
FSYS,$6.31,1441740094509,"88,923",67% bullish,of 3 ratings,$8.50
FULLL,$25.2999,1441740094561,900,Not yet rated,NULL,N/A
FLL,$1.3942,1441740094641,"10,554",75% bullish,of 4 ratings,$3.50
FULT,$12,1441740094709,"212,008",100% bearish,of 1 rating,$13
FSNN,$2.26,1441740094737,"10,700",67% bullish,of 3 ratings,$6
FFHL,NULL,1441740094769,0,50% bullish,of 4 ratings,N/A
FXEN,$0.9833,1441740094838,"16,305",75% bullish,of 4 ratings,$1.10
FXENP,$15.13,1441740094935,700,100% bearish,of 1 rating,N/A
WILC,$4.77,1441740095139,500,100% bullish,of 2 ratings,N/A
GK,$67.96,1441740095234,"20,848",Not yet rated,NULL,$78
GAIA,$5.97,1441740095282,"13,811",50% bullish,of 2 ratings,$8.50
GLPG,$59,1441740095414,"27,439",100% bullish,of 1 rating,$75
GALT,$2.21,1441740095439,"114,586",80% bullish,of 5 ratings,N/A
GALE,$1.58,1441740095468,"290,944",89% bullish,of 47 ratings,$4
GALTW,$0.65,1441740095573,300,100% bullish,of 1 rating,N/A
GALTU,NULL,1441740095600,0,100% bearish,of 1 rating,N/A
GLMD,$8.15,1441740095679,"7,834",67% bullish,of 3 ratings,$20.50
GLPI,$30.6801,1441740095763,"136,219",100% bearish,of 1 rating,$37.50
GGACR,$0.23,1441740095867,"15,600",100% bullish,of 1 rating,N/A
GPIC,$9.77,1441740095926,"2,500",100% bearish,of 1 rating,N/A
GGAC,$9.92,1441740096001,81,100% bearish,of 1 rating,N/A
GRMN,$37.64,1441740096030,"348,426",50% bullish,of 6 ratings,$46.50
GGACU,NULL,1441740096128,0,Not yet rated,NULL,N/A
GGACW,$0.147,1441740096220,"20,070",Not yet rated,NULL,N/A
GENC,$9.04,1441740096446,600,100% bearish,of 1 rating,N/A
GARS,$14.55,1441740096477,"22,958",Not yet rated,NULL,$16
GNCMA,$17.2615,1441740096498,"61,581",100% bearish,of 1 rating,$12
GFNCP,$88.5,1441740096529,70,Not yet rated,NULL,N/A
GFN,$3.8,1441740096555,"12,175",100% bearish,of 2 ratings,$8
GFNSL,$25.677,1441740096635,"1,545",Not yet rated,NULL,N/A
GENE,$2.37,1441740096687,"49,210",100% bullish,of 12 ratings,N/A
GNCA,$11.1125,1441740096830,"29,386",100% bearish,of 1 rating,$20
GNMK,$9.93,1441740096902,"17,466",67% bullish,of 6 ratings,$14
GNTX,$15.945,1441740096985,"1,220,794",Not yet rated,NULL,$20
GHDX,$25.22,1441740097042,"34,159",50% bullish,of 2 ratings,$30
THRM,$45.44,1441740097071,"152,297",75% bearish,of 4 ratings,$55.50
GNVC,$2.61,1441740097127,"20,904",90% bullish,of 10 ratings,$8.50
GTWN,NULL,1441740097202,0,Not yet rated,NULL,N/A
GEOS,$16.5301,1441740097363,"49,323",100% bearish,of 3 ratings,$21
GABC,$28.75,1441740097391,"2,949",Not yet rated,NULL,$31.50
GERN,$3.31,1441740097417,"1,038,048",88% bullish,of 17 ratings,$5.25
GIGM,$0.5204,1441740097490,"37,670",100% bullish,of 2 ratings,N/A
GEVO,$2.31,1441740097558,"345,803",75% bullish,of 12 ratings,$5
ROCK,$16.675,1441740097586,"42,060",80% bullish,of 5 ratings,$24
GIGA,$1.32,1441740097634,"112,460",100% bearish,of 1 rating,N/A
GIII,$68.83,1441740097884,"139,984",67% bullish,of 3 ratings,$79
GILT,$4.1301,1441740097975,"5,980",50% bullish,of 2 ratings,N/A
GBCI,$26.415,1441740098000,"37,794",50% bullish,of 2 ratings,$31
GLAD,$8.935,1441740098049,"125,863",50% bullish,of 2 ratings,$8.75
GLADO,$25.55,1441740098136,"3,300",Not yet rated,NULL,N/A
GOODN,$25.55,1441740098180,204,Not yet rated,NULL,N/A
GILD,$104.19,1441740098238,"3,613,739",91% bullish,of 89 ratings,$129
GOOD,$14.005,1441740098264,"46,132",Not yet rated,NULL,$19
GOODO,$25.14,1441740098392,200,Not yet rated,NULL,N/A
GOODP,$25.2,1441740098557,400,Not yet rated,NULL,N/A
GAINN,$25.24,1441740098605,"34,751",Not yet rated,NULL,N/A
GAINO,NULL,1441740098739,0,Not yet rated,NULL,N/A
LAND,$9.24,1441740098765,"24,991",50% bullish,of 2 ratings,$13.75
GLBZ,$11.9,1441740098785,407,Not yet rated,NULL,N/A
GAINP,$25.6,1441740098818,"2,300",Not yet rated,NULL,N/A
GAIN,$7.48,1441740098839,"55,875",100% bullish,of 2 ratings,$8.25
GDEF,$10.65,1441740099075,400,Not yet rated,NULL,N/A
GBT,$51.3,1441740099105,"148,227",100% bearish,of 1 rating,N/A
GBLI,$27.505,1441740099202,"3,232",Not yet rated,NULL,N/A
GSOL,$8.43,1441740099254,"5,270",100% bearish,of 1 rating,N/A
ENT,$11.24,1441740099285,"55,239",100% bearish,of 1 rating,$18
GPACU,NULL,1441740099310,0,Not yet rated,NULL,N/A
ACTX,NULL,1441740099386,0,100% bullish,of 1 rating,N/A
QQQC,$18.65,1441740099534,505,100% bearish,of 1 rating,N/A
SOCL,$17.39,1441740099617,"15,104",100% bullish,of 2 ratings,N/A
SRET,$12.96,1441740099689,11,Not yet rated,NULL,N/A
YLCO,$11.6199,1441740099792,"1,700",Not yet rated,NULL,N/A
GSM,$14.33,1441740099824,"203,151",50% bullish,of 2 ratings,$22
ALTY,$14.2953,1441740099845,101,Not yet rated,NULL,N/A
GBIM,$2.67,1441740099875,"2,744",50% bullish,of 2 ratings,N/A
GAI,$6.16,1441740099944,500,50% bullish,of 2 ratings,N/A
GLBS,$1.2945,1441740100188,"10,538",67% bullish,of 3 ratings,N/A
GLUU,$4.63,1441740100218,"819,594",92% bullish,of 26 ratings,$9
GLYC,$6.89,1441740100290,"27,662",50% bullish,of 2 ratings,$14
GOGO,$15.91,1441740100315,"169,297",80% bullish,of 5 ratings,$25
GLNG,$38.56,1441740100343,"420,037",83% bullish,of 6 ratings,$55.50
GLRI,$1,1441740100398,"23,612",100% bearish,of 1 rating,$4.25
GMLP,$20.4403,1441740100478,"85,454",50% bullish,of 4 ratings,$29
GLDC,$3.97,1441740100539,"1,067",50% bullish,of 2 ratings,N/A
GOGL,$2.91,1441740100752,"83,094",75% bullish,of 4 ratings,$5
GDEN,$9.07,1441740100899,"1,800",50% bullish,of 2 ratings,N/A
GPRO,$37.2499,1441740100931,"5,784,407",78% bullish,of 60 ratings,$71
GBDC,$17.0917,1441740100956,"141,612",Not yet rated,NULL,$17.75
GTIM,$6.92,1441740100985,"23,027",Not yet rated,NULL,$11.50
GOOG,$614.24,1441740101029,"623,371",87% bullish,of 75 ratings,$787.50
GOOGL,$642.8901,1441740101059,"673,625",88% bullish,of 1083 ratings,$749
GMAN,$3.71,1441740101261,"15,122",60% bullish,of 5 ratings,$8.50
GPIA,NULL,1441740101342,0,100% bearish,of 1 rating,N/A
GPIAW,NULL,1441740101473,0,Not yet rated,NULL,N/A
LOPE,$37.62,1441740101523,"44,669",100% bearish,of 2 ratings,$50
GPIAU,$9.96,1441740101549,700,Not yet rated,NULL,N/A
GBSN,$0.1591,1441740101574,"4,886,052",50% bullish,of 2 ratings,$8.25
GRVY,$3.7432,1441740101604,"1,361",50% bullish,of 2 ratings,N/A
GBSNU,NULL,1441740101674,0,NULL,NULL,NULL
GSBC,$41.18,1441740101920,"10,418",100% bullish,of 1 rating,$44
GLDD,$5.415,1441740101950,"47,833",100% bearish,of 4 ratings,$7.75
GPRE,$20.36,1441740102056,"291,182",67% bullish,of 6 ratings,$28.50
GPP,$13.81,1441740102081,"51,565",Not yet rated,NULL,$20.50
GRBK,$11.93,1441740102106,"62,285",77% bullish,of 13 ratings,N/A
GNBC,$11.99,1441740102249,"18,850",100% bearish,of 1 rating,$16.50
GCBC,$29,1441740102301,27,100% bullish,of 1 rating,N/A
GRFS,$31.79,1441740102385,"231,762",50% bullish,of 2 ratings,$35
GRIF,$30.51,1441740102573,"10,134",100% bearish,of 1 rating,N/A
GRPN,$4.23,1441740102640,"3,146,099",61% bullish,of 71 ratings,$6.75
OMAB,$41.14,1441740102666,"21,824",100% bullish,of 1 rating,$44
GGAL,$20.23,1441740102690,"143,565",80% bullish,of 5 ratings,$40
GSIT,$4.57,1441740102874,"14,909",100% bearish,of 1 rating,N/A
GSIG,$12.78,1441740102933,"19,641",100% bearish,of 2 ratings,N/A
GSVC,$8.971,1441740103036,"15,976",50% bullish,of 2 ratings,$15.75
GTXI,$0.8879,1441740103067,"3,292",100% bullish,of 5 ratings,$.75
GFED,$14.35,1441740103254,"2,632",Not yet rated,NULL,$17
GBNK,$15.51,1441740103279,"9,421",100% bearish,of 1 rating,$18
GULTU,$0.34,1441740103347,"140,044",100% bearish,of 1 rating,N/A
GUID,$6.75,1441740103422,"22,002",100% bearish,of 3 ratings,$10
GIFI,$12.18,1441740103578,"34,500",100% bearish,of 1 rating,$16
GPOR,$33.01,1441740103635,"883,145",75% bullish,of 4 ratings,$54
GURE,$1.6,1441740103666,"33,502",88% bullish,of 8 ratings,N/A
GWPH,$105.02,1441740103718,"45,819",78% bullish,of 9 ratings,$148.50
GLRE,$24.78,1441740103767,"45,019",50% bullish,of 2 ratings,$34
GYRO,$32.5001,1441740104019,"9,547",100% bearish,of 1 rating,N/A
HEES,$19.88,1441740104044,"271,335",67% bearish,of 3 ratings,$31
GWGH,$7.98,1441740104081,"1,364",100% bearish,of 1 rating,$15.05
HLG,$9,1441740104211,500,100% bearish,of 1 rating,N/A
HALL,$11.45,1441740104356,"27,001",Not yet rated,NULL,N/A
HNRG,$7.16,1441740104430,"48,405",100% bearish,of 1 rating,$10
HBK,NULL,1441740104458,0,50% bullish,of 2 ratings,N/A
HMPR,$1.9,1441740104491,"197,954",100% bullish,of 1 rating,N/A
HBHC,$27.8,1441740104558,"157,742",50% bullish,of 2 ratings,$30
HBHCL,$24.2899,1441740104595,"60,788",Not yet rated,NULL,N/A
HNH,$24.76,1441740104726,"5,678",100% bullish,of 1 rating,N/A
HAFC,$24.5,1441740104753,"118,548",100% bullish,of 2 ratings,$28.50
HNSN,$0.57,1441740105015,"89,636",88% bullish,of 8 ratings,$.40
HDNG,$10.59,1441740105057,"14,798",50% bullish,of 4 ratings,N/A
HLIT,$5.67,1441740105160,"113,492",100% bearish,of 1 rating,$6.50
HRMNU,NULL,1441740105202,0,Not yet rated,NULL,N/A
HQCL,$12.38,1441740105285,"2,583",67% bullish,of 3 ratings,$14
HRMNW,NULL,1441740105309,0,Not yet rated,NULL,N/A
HRMN,NULL,1441740105386,0,Not yet rated,NULL,N/A
TINY,$2.47,1441740105623,"11,308",50% bullish,of 2 ratings,$5.26
HCAP,$12,1441740105670,"3,974",50% bullish,of 2 ratings,$15
HART,$1.3499,1441740105700,"106,920",100% bearish,of 1 rating,N/A
HCAPL,$25.41,1441740105725,772,Not yet rated,NULL,N/A
HBIO,$4.46,1441740105761,"41,426",100% bearish,of 1 rating,$10
HAS,$76.24,1441740105799,"373,316",63% bullish,of 8 ratings,$84.50
HAYN,$37.46,1441740106143,"13,872",100% bearish,of 1 rating,$59
HA,$24.54,1441740106187,"279,841",67% bullish,of 9 ratings,$27
HCOM,$21.5,1441740106214,"3,483",100% bearish,of 1 rating,$28
HWBK,$13.51,1441740106244,"3,235",100% bearish,of 1 rating,N/A
HWKN,$38.162,1441740106271,"10,117",Not yet rated,NULL,N/A
HDS,$33.02,1441740106345,"1,448,262",100% bearish,of 2 ratings,$39.50
HIIQ,$4.81,1441740106564,"3,188",50% bullish,of 2 ratings,$7
HCSG,$33.36,1441740106691,"92,541",50% bullish,of 4 ratings,$35
HSTM,$24.55,1441740106743,"31,856",50% bullish,of 2 ratings,$33.75
HWAY,$11.64,1441740106770,"171,861",100% bearish,of 1 rating,$15
HTLD,$20.6,1441740106798,"117,964",Not yet rated,NULL,$22.50
HQY,$30.64,1441740106819,"125,753",67% bullish,of 3 ratings,$35
HALO,$17.31,1441740106849,"155,816",67% bullish,of 3 ratings,$22.50
HTLF,$36.6,1441740107038,"13,887",100% bullish,of 1 rating,$39.50
HTWR,$67.64,1441740107102,"182,994",50% bullish,of 2 ratings,$97.50
HTBX,$3.9525,1441740107172,"21,398",50% bullish,of 2 ratings,$15.50
HSII,$20.465,1441740107197,"10,143",100% bullish,of 3 ratings,$25
HELE,$86.19,1441740107378,"56,666",67% bearish,of 3 ratings,$100
HMNY,$2.1475,1441740107422,"8,687",100% bearish,of 1 rating,N/A
HCACU,$10.01,1441740107829,"107,808",Not yet rated,NULL,N/A
HNNA,$24.4201,1441740107854,"15,339",100% bearish,of 1 rating,N/A
HSIC,$136.29,1441740107921,"101,825",83% bullish,of 6 ratings,$146
HMTV,$13.21,1441740107951,"3,059",100% bearish,of 1 rating,$16
HFWA,$18.05,1441740107983,"10,776",100% bullish,of 1 rating,$20
HEOP,$7.83,1441740108009,"10,286",Not yet rated,NULL,$8.50
HTBK,$10.93,1441740108104,"42,177",Not yet rated,NULL,$12
MLHR,$27.6,1441740108327,"58,495",50% bullish,of 2 ratings,$33.50
HCCI,$12.08,1441740108355,"50,102",100% bearish,of 1 rating,$16.50
HRTX,$41.3299,1441740108485,"969,640",57% bullish,of 7 ratings,$41
HSKA,$33.3,1441740108527,"18,909",100% bearish,of 1 rating,$38
HFFC,$16.02,1441740108627,"4,314",Not yet rated,NULL,N/A
HERO,NULL,1441740108659,0,NULL,NULL,NULL
HPJ,$2.3,1441740108798,"32,119",75% bullish,of 4 ratings,$12.43
HIBB,$39.79,1441740108831,"109,999",100% bearish,of 1 rating,$46.50
HIHO,$5.18,1441740108888,"83,151",Not yet rated,NULL,N/A
HIMX,$7.455,1441740108956,"783,020",86% bullish,of 21 ratings,$8.25
HSGX,$6.18,1441740109051,"3,887",100% bearish,of 1 rating,$17
HMSY,$10.135,1441740109086,"277,363",67% bullish,of 3 ratings,$19.35
HMNF,$11.42,1441740109112,418,Not yet rated,NULL,N/A
HOLI,$16.64,1441740109259,"188,709",50% bullish,of 4 ratings,$27
HFBL,$22.15,1441740109528,"7,400",Not yet rated,NULL,N/A
HBCP,$24.5,1441740109559,"2,566",Not yet rated,NULL,$29
HOMB,$38.46,1441740109585,"49,168",Not yet rated,NULL,$42
HIFS,$112.7,1441740109614,"3,862",Not yet rated,NULL,N/A
HMIN,$25.16,1441740109657,"39,131",100% bearish,of 2 ratings,$35
AWAY,$28.54,1441740109684,"239,622",75% bullish,of 4 ratings,$36
HKTV,$4.1799,1441740109817,"53,727",100% bearish,of 1 rating,N/A
HTBI,$18.13,1441740109965,"41,380",67% bullish,of 3 ratings,$18.625
CETC,$0.77,1441740110059,"31,006",86% bullish,of 7 ratings,N/A
HMST,$22.4,1441740110084,"24,343",100% bullish,of 2 ratings,$27
HOFT,$25.21,1441740110151,"29,014",100% bearish,of 1 rating,N/A
HFBC,$10.92,1441740110344,"18,292",Not yet rated,NULL,N/A
HZNP,$29.4,1441740110415,"783,775",85% bullish,of 20 ratings,$40
HOLX,$39.51,1441740110444,"1,337,201",50% bullish,of 4 ratings,$42
HBNC,$23.77,1441740110472,"14,613",100% bullish,of 1 rating,$27
HDP,$24.355,1441740110547,"237,929",67% bearish,of 3 ratings,$30.50
ZINC,$7.53,1441740110606,"228,455",100% bearish,of 1 rating,$17
HRZN,$10.35,1441740110632,"12,199",50% bullish,of 2 ratings,$14.25
HMHC,$22.94,1441740110768,"168,056",Not yet rated,NULL,$27
HWCC,$7.67,1441740110822,"26,590",100% bearish,of 1 rating,$9
HBMD,$13.77,1441740110980,"6,151",100% bearish,of 1 rating,N/A
HSNI,$59.72,1441740111005,"60,464",Not yet rated,NULL,$80
HTGM,$6.16,1441740111137,"6,454",100% bearish,of 1 rating,$19.50
HCBK,$9.52,1441740111192,"739,364",83% bullish,of 6 ratings,$8.61
HOVNP,$4.3881,1441740111289,"3,200",100% bearish,of 1 rating,N/A
HUBG,$38.5,1441740111317,"97,868",100% bearish,of 1 rating,$43
HBANP,$1335,1441740111447,10,100% bearish,of 1 rating,N/A
HDSN,$3.07,1441740111521,"12,067",100% bullish,of 1 rating,$6.25
HBAN,$10.78,1441740111546,"2,412,995",76% bullish,of 17 ratings,$12.29
HSON,$2.76,1441740111623,"65,444",100% bearish,of 1 rating,$5
HURC,$29.8,1441740111714,"2,300",100% bearish,of 1 rating,N/A
HBP,$3.06,1441740111739,200,100% bullish,of 1 rating,N/A
HTCH,$1.5,1441740111878,"45,806",100% bearish,of 1 rating,$3.50
HURN,$73.9,1441740111906,"43,030",50% bullish,of 2 ratings,$80
HDRA,NULL,1441740112009,0,Not yet rated,NULL,N/A
HDRAR,NULL,1441740112092,0,Not yet rated,NULL,N/A
HDRAU,NULL,1441740112153,0,Not yet rated,NULL,N/A
HYGS,$8.5,1441740112182,"11,725",50% bullish,of 2 ratings,$13
IDSY,$3.81,1441740112283,"10,618",100% bearish,of 1 rating,$7
HDRAW,NULL,1441740112333,0,Not yet rated,NULL,N/A
IACI,$69.625,1441740112418,"318,753",80% bullish,of 5 ratings,$90
ICAD,$4.039,1441740112508,"18,989",50% bullish,of 2 ratings,$7.25
IKGH,$1.5496,1441740112551,"38,773",75% bullish,of 4 ratings,N/A
IBKC,$61.15,1441740112581,"39,420",100% bullish,of 1 rating,$70
ICFI,$33.63,1441740112651,"14,158",50% bullish,of 2 ratings,$48.50
IEP,$69.06,1441740112680,"72,945",75% bullish,of 4 ratings,$99
ICON,$13.29,1441740112780,"355,978",50% bullish,of 2 ratings,$18.50
ICLR,$78.36,1441740112840,"183,176",100% bearish,of 3 ratings,$85
IPWR,$7.69,1441740112994,"4,505",100% bullish,of 1 rating,$15
INVE,$4.38,1441740113066,"14,170",75% bullish,of 4 ratings,$4
ICUI,$111.202,1441740113093,"60,817",Not yet rated,NULL,$122
IDRA,$2.95,1441740113119,"293,163",89% bullish,of 9 ratings,$6.50
DSKY,$10.76,1441740113259,"80,602",67% bullish,of 6 ratings,$11.50
IROQ,$16.725,1441740113285,200,100% bullish,of 1 rating,N/A
IDXX,$74.68,1441740113306,"178,238",100% bearish,of 1 rating,$76
IRG,$5.21,1441740113450,"10,125",100% bearish,of 1 rating,$4.25
RXDX,$16.355,1441740113474,"107,646",100% bullish,of 1 rating,$20
IKNX,NULL,1441740113681,0,100% bearish,of 1 rating,N/A
KANG,$15.29,1441740113762,"167,302",50% bullish,of 2 ratings,$23.10
ILMN,$197.25,1441740113896,"346,489",80% bullish,of 5 ratings,$245
IIVI,$16.955,1441740113925,"57,942",100% bearish,of 1 rating,$22
ISNS,$4.2126,1441740113952,"14,643",50% bullish,of 2 ratings,N/A
IMMR,$12.73,1441740113973,"94,375",80% bullish,of 5 ratings,$15.50
IKAN,$2.74,1441740114025,"26,362",83% bullish,of 6 ratings,$5
ICCC,$7.091,1441740114163,"5,863",100% bullish,of 1 rating,N/A
IMNP,$1.37,1441740114188,"133,671",50% bullish,of 2 ratings,$6
IMDZ,$15.38,1441740114267,"71,756",100% bearish,of 1 rating,$33
IMGN,$13.28,1441740114344,"477,407",75% bullish,of 4 ratings,$17.50
IPXL,$45.05,1441740114498,"1,184,469",67% bullish,of 3 ratings,$46.50
IMMU,$2.323,1441740114543,"2,088,541",86% bullish,of 7 ratings,$2
IMMY,$7.69,1441740114628,"2,801",100% bearish,of 1 rating,$11
SAAS,$7.27,1441740114655,"226,023",50% bullish,of 2 ratings,$15
INCR,$43.11,1441740114680,"151,451",50% bullish,of 2 ratings,$53
INDB,$45.04,1441740114717,"16,644",Not yet rated,NULL,$44
IBCP,$14.25,1441740114854,"23,451",100% bullish,of 1 rating,$14.50
INCY,$119.66,1441740114912,"238,657",50% bullish,of 6 ratings,$125.50
INFN,$20.5,1441740115021,"2,214,481",71% bullish,of 7 ratings,$28
IDSA,NULL,1441740115052,0,Not yet rated,NULL,N/A
INFI,$8.68,1441740115216,"112,734",50% bullish,of 4 ratings,$16.50
IBTX,$41.595,1441740115311,"6,896",100% bullish,of 2 ratings,$47.25
III,$3.75,1441740115359,"18,376",57% bullish,of 7 ratings,$6
IMKTA,$49.32,1441740115502,"43,728",100% bearish,of 1 rating,N/A
IFON,$1.26,1441740115548,"10,681",75% bullish,of 4 ratings,N/A
INWK,$7.17,1441740115635,"31,719",50% bullish,of 2 ratings,$10
INOD,$2.31,1441740115872,"24,700",100% bearish,of 1 rating,N/A
IOSP,$49.54,1441740115926,"67,860",100% bearish,of 1 rating,N/A
INNL,$13,1441740115958,"43,834",100% bearish,of 1 rating,$16.50
IPHS,$45.69,1441740116031,"28,185",100% bearish,of 1 rating,$60
ISSC,$2.64,1441740116055,"12,091",67% bearish,of 3 ratings,N/A
ITEK,$13.05,1441740116085,"153,541",100% bearish,of 3 ratings,$20
INGN,$51.9835,1441740116213,"146,724",100% bearish,of 1 rating,$50.50
IPCC,$75.87,1441740116262,"8,106",Not yet rated,NULL,$77.50
INOV,$21.51,1441740116390,"153,018",100% bearish,of 1 rating,$33
NSIT,$25.07,1441740116490,"43,805",50% bullish,of 2 ratings,N/A
ISIG,$2.64,1441740116530,"1,917",100% bearish,of 1 rating,N/A
INO,$7.06,1441740116568,"323,783",89% bullish,of 18 ratings,$20
INSM,$24.72,1441740116746,"137,441",71% bullish,of 7 ratings,$31.50
NTEC,$5.65,1441740116833,"3,848",100% bearish,of 1 rating,N/A
IIIN,$17.775,1441740116881,"15,763",100% bearish,of 2 ratings,N/A
INSY,$34.47,1441740116909,"401,911",75% bullish,of 4 ratings,$48
IART,$63.2599,1441740116941,"63,866",100% bearish,of 2 ratings,$71.50
PODD,$29.03,1441740116962,"69,462",67% bearish,of 3 ratings,$35
IDTI,$19.69,1441740117048,"912,802",60% bullish,of 5 ratings,$25
IESC,$7.11,1441740117092,"3,621",100% bearish,of 1 rating,N/A
ISSI,$21.945,1441740117228,"69,227",67% bullish,of 3 ratings,$19.75
INTC,$29.4251,1441740117300,"11,264,737",82% bullish,of 238 ratings,$36
IPCI,$2.24,1441740117326,"12,667",67% bullish,of 6 ratings,$8
IQNT,$19.18,1441740117458,"166,325",86% bullish,of 7 ratings,$20
IPAR,$24.98,1441740117519,"38,833",67% bullish,of 3 ratings,$38
ICPT,$192.93,1441740117710,"132,749",70% bullish,of 10 ratings,$359.50
IBKR,$38.475,1441740117737,"179,019",100% bullish,of 1 rating,N/A
ICLD,$2.02,1441740117766,"214,287",75% bullish,of 4 ratings,N/A
INAP,$9.26,1441740117896,"63,166",75% bullish,of 4 ratings,$11
ININ,$35.96,1441740117923,"30,087",67% bearish,of 3 ratings,$57
IMI,$2,1441740117984,"10,813",67% bullish,of 3 ratings,$2.22
ICLDW,NULL,1441740118014,0,100% bearish,of 1 rating,N/A
IDCC,$48.74,1441740118110,"72,985",80% bullish,of 5 ratings,$63
TILE,$24.35,1441740118238,"132,108",100% bearish,of 3 ratings,$27
IBOC,$25.44,1441740118373,"48,839",100% bearish,of 1 rating,N/A
PTNT,$2.97,1441740118478,800,Not yet rated,NULL,N/A
ISCA,$32.62,1441740118616,"16,838",100% bearish,of 1 rating,N/A
IIJI,$8.6999,1441740118636,120,50% bullish,of 2 ratings,$12.50
IGLD,$7.38,1441740118671,"1,075",50% bullish,of 2 ratings,N/A
XENT,$25.49,1441740118767,"112,623",50% bullish,of 2 ratings,$36.50
INPH,$0.31,1441740118794,"6,145",50% bullish,of 2 ratings,N/A
INTX,$1.96,1441740118822,"2,890",67% bullish,of 3 ratings,N/A
ISIL,$10.82,1441740118955,"369,114",50% bullish,of 6 ratings,$15
IILG,$19.555,1441740118989,"27,827",100% bearish,of 1 rating,$29
INTL,$25.61,1441740119093,"11,510",67% bearish,of 3 ratings,N/A
IVAC,$4.92,1441740119202,"10,247",100% bearish,of 1 rating,$6.625
INTLL,$25.71,1441740119228,500,Not yet rated,NULL,N/A
ITCI,$27.59,1441740119258,"118,784",75% bearish,of 4 ratings,$40
IIN,$6.75,1441740119450,"2,100",100% bearish,of 1 rating,$12
ISRG,$519.13,1441740119602,"40,504",67% bullish,of 3 ratings,$600
ISTR,$15.92,1441740119678,"2,602",100% bearish,of 1 rating,$18.50
SNAK,$8.33,1441740119702,"27,955",50% bullish,of 2 ratings,$14
ITIC,$70.95,1441740119733,100,100% bearish,of 2 ratings,N/A
INTU,$87.32,1441740119766,"748,048",86% bullish,of 7 ratings,$107.50
ISBC,$11.96,1441740119787,"634,389",100% bullish,of 1 rating,$13.25
INVT,$0.3307,1441740119808,"44,621",67% bullish,of 3 ratings,N/A
IVTY,$14.175,1441740119866,"11,660",Not yet rated,NULL,$18
NVIV,$10.98,1441740120073,"262,362",50% bullish,of 4 ratings,$24.50
DTUL,NULL,1441740120111,0,Not yet rated,NULL,N/A
IPAS,$1.08,1441740120207,"4,454",67% bullish,of 3 ratings,N/A
IPCM,$79.2,1441740120433,"99,196",50% bullish,of 2 ratings,$80.125
IRIX,$6.85,1441740120531,"1,953",100% bearish,of 1 rating,N/A
IPGP,$83.4,1441740120586,"161,402",67% bearish,of 3 ratings,$109.50
IRBT,$30.4,1441740120611,"91,689",67% bullish,of 6 ratings,$37
IRMD,$24.81,1441740120670,"9,543",67% bearish,of 3 ratings,$25
IRWD,$11.27,1441740120695,"485,013",100% bearish,of 1 rating,$13
IRDM,$6.84,1441740120745,"208,758",60% bullish,of 5 ratings,$11.50
DFVL,NULL,1441740120770,0,Not yet rated,NULL,N/A
COMT,$33.4215,1441740120900,"3,127",100% bearish,of 1 rating,N/A
IRCP,NULL,1441740121037,0,100% bullish,of 2 ratings,N/A
GNMA,$50.02,1441740121064,"4,150",Not yet rated,NULL,N/A
FCHI,NULL,1441740121086,0,NULL,NULL,NULL
IFAS,NULL,1441740121138,0,NULL,NULL,NULL
IRDMB,$281.5,1441740121268,150,67% bearish,of 3 ratings,N/A
IFGL,$28.105,1441740121347,"65,004",Not yet rated,NULL,N/A
IFEU,$37.82,1441740121374,400,Not yet rated,NULL,N/A
AXJS,NULL,1441740121401,0,NULL,NULL,NULL
IFNA,NULL,1441740121505,0,NULL,NULL,NULL
ACWI,$55.31,1441740121558,"1,492,878",Not yet rated,NULL,N/A
ACWX,$40.15,1441740121584,"613,801",100% bearish,of 1 rating,N/A
AAXJ,$52.775,1441740121640,"526,748",Not yet rated,NULL,N/A
AAIT,NULL,1441740121775,0,NULL,NULL,NULL
EEME,NULL,1441740121908,0,NULL,NULL,NULL
EMDI,NULL,1441740121930,0,NULL,NULL,NULL
EMEY,NULL,1441740121952,0,NULL,NULL,NULL
EEMA,$49.66,1441740121976,"18,963",Not yet rated,NULL,N/A
EEML,NULL,1441740122162,0,Not yet rated,NULL,N/A
EGRW,NULL,1441740122284,0,NULL,NULL,NULL
EUFN,$21.5804,1441740122325,"93,201",100% bearish,of 1 rating,N/A
EVAL,NULL,1441740122409,0,NULL,NULL,NULL
QAT,$21.16,1441740122439,"1,500",Not yet rated,NULL,N/A
UAE,$17.799,1441740122511,"1,600",Not yet rated,NULL,N/A
IEUS,$45.42,1441740122535,"1,515",100% bearish,of 1 rating,N/A
SOXX,$84.41,1441740122702,"279,851",50% bullish,of 2 ratings,N/A
IBB,$349.515,1441740122737,"680,157",67% bullish,of 9 ratings,N/A
ICLN,$9.366,1441740122930,"15,998",50% bullish,of 2 ratings,N/A
EMIF,$28.06,1441740123001,"2,945",Not yet rated,NULL,N/A
WOOD,$47.894,1441740123153,"4,044",50% bullish,of 2 ratings,N/A
ISHG,$79.72,1441740123185,559,100% bearish,of 1 rating,N/A
INDY,$26.56,1441740123212,"687,105",50% bullish,of 2 ratings,N/A
IGOV,$91.245,1441740123281,"18,387",100% bearish,of 1 rating,N/A
ISIS,$54.0258,1441740123455,"444,333",53% bullish,of 15 ratings,$67
ISLE,$19.795,1441740123488,"254,399",50% bullish,of 4 ratings,$17
ISRL,$124,1441740123514,303,100% bearish,of 1 rating,N/A
ITRI,$28.93,1441740123592,"58,137",100% bearish,of 1 rating,$37
ITRN,$23.62,1441740123645,857,50% bullish,of 2 ratings,N/A
ITUS,$4.15,1441740123738,"14,524",Not yet rated,NULL,N/A
IXYS,$11.51,1441740124065,"40,267",50% bullish,of 4 ratings,N/A
MAYS,$56.9,1441740124126,221,Not yet rated,NULL,N/A
XXIA,$15.11,1441740124174,"309,473",71% bullish,of 7 ratings,$14.625
JBHT,$76.52,1441740124201,"297,036",50% bullish,of 4 ratings,$89.50
JJSF,$115.99,1441740124332,"23,179",100% bearish,of 1 rating,N/A
JKHY,$68.1,1441740124359,"96,398",67% bearish,of 3 ratings,$72
JCOM,$68.185,1441740124383,"63,290",100% bullish,of 2 ratings,$77
JASO,$7.935,1441740124520,"447,981",82% bullish,of 17 ratings,$10
JAXB,$13.15,1441740124840,222,100% bullish,of 1 rating,N/A
JXSB,NULL,1441740124869,0,Not yet rated,NULL,N/A
JACK,$79.56,1441740124895,"147,679",71% bullish,of 7 ratings,$105
JAGX,$3.31,1441740124920,"9,100",Not yet rated,NULL,$10.50
JAKK,$9.76,1441740124950,"306,447",60% bearish,of 5 ratings,$11
JRVR,$27.99,1441740125049,"18,345",Not yet rated,NULL,$32
ERW,NULL,1441740125075,0,Not yet rated,NULL,N/A
JMBA,$14.13,1441740125099,"73,161",75% bullish,of 4 ratings,$18
JD,$23.95,1441740125403,"12,689,597",75% bullish,of 16 ratings,$36
JASN,$4.85,1441740125437,"6,054",50% bullish,of 2 ratings,$9.50
JAZZ,$166.67,1441740125464,"120,953",80% bullish,of 15 ratings,$206.50
JASNW,NULL,1441740125546,0,50% bullish,of 2 ratings,N/A
JTPY,$2.9699,1441740125598,"11,800",100% bearish,of 1 rating,N/A
JCTCF,NULL,1441740125626,0,100% bullish,of 1 rating,N/A
DATE,$5.85,1441740125655,"49,177",75% bullish,of 4 ratings,$9
JBLU,$24.85,1441740125728,"3,944,796",94% bullish,of 18 ratings,$27
JST,$3.68,1441740126037,"5,500",75% bullish,of 4 ratings,N/A
JIVE,$4.645,1441740126071,"1,630,958",75% bullish,of 4 ratings,$5
JNP,$13.59,1441740126144,"85,397",100% bullish,of 3 ratings,$15
JBSS,$51.65,1441740126179,"24,435",67% bearish,of 3 ratings,N/A
JOEZ,$0.177,1441740126201,"291,242",92% bullish,of 12 ratings,N/A
JUNO,$38.85,1441740126246,"664,739",73% bullish,of 11 ratings,$67
WYIGU,$9.95,1441740126273,"2,100",100% bearish,of 1 rating,N/A
JOUT,$24.45,1441740126330,"15,526",100% bearish,of 1 rating,$34
KTWO,$20.98,1441740126582,"35,149",100% bearish,of 1 rating,$28.50
KBIO,$3.485,1441740126610,"880,170",50% bullish,of 4 ratings,N/A
KNDI,$6.34,1441740126751,"140,548",86% bullish,of 22 ratings,N/A
KMDA,$3.52,1441740126801,"2,540",50% bullish,of 2 ratings,$8
KPTI,$14.4293,1441740126830,"49,357",67% bearish,of 3 ratings,$35.50
KCLI,$46.46,1441740126878,"4,756",Not yet rated,NULL,N/A
