Symbol,Price,Date,Volume,Rating,RatingVoteCount,OneYearEstimate
FCTY,NULL,1440695402637,0,100% bullish,of 1 rating,$8.50
FLWS,$8.36,1440695402664,"672,105",80% bullish,of 5 ratings,$15
FCCY,$11.72,1440695402686,310,100% bullish,of 1 rating,$13
TWOU,$34.91,1440695403018,"85,242",50% bullish,of 2 ratings,$39
SRCE,$29.58,1440695403056,"13,194",100% bullish,of 3 ratings,$33
VNET,$18.28,1440695403110,"596,643",60% bullish,of 5 ratings,$29.50
DGLD,$83.45,1440695403450,"20,409",100% bullish,of 1 rating,N/A
DSLV,$70.79,1440695403476,"13,929",100% bearish,of 1 rating,N/A
UGLD,$9.0499,1440695403502,"886,542",100% bearish,of 1 rating,N/A
JOBS,$26.54,1440695403801,"282,416",50% bullish,of 4 ratings,$36
USLV,$12.22,1440695403828,"259,179",86% bullish,of 7 ratings,N/A
CAFD,$14.74,1440695404363,"118,870",Not yet rated,NULL,$25
SIXD,$2.91,1440695404388,"145,668",Not yet rated,NULL,N/A
EGHT,$7.84,1440695404434,"164,870",82% bullish,of 17 ratings,$11
AVHI,$14.1,1440695404816,"63,304",100% bearish,of 1 rating,$19
SHLM,$34.3,1440695404866,"33,477",100% bearish,of 1 rating,$47
AAON,$20.56,1440695404914,"28,983",100% bearish,of 1 rating,$24
ABY,$21.765,1440695405263,"187,231",100% bearish,of 2 ratings,$46
ABGB,$5.85,1440695405288,"191,394",67% bullish,of 3 ratings,$5.50
ABAX,$47.38,1440695405313,"51,943",100% bearish,of 1 rating,$60
ABEO,$4.72,1440695405746,"37,665",50% bullish,of 4 ratings,$15.50
ABEOW,$1.655,1440695405923,"1,761",100% bullish,of 1 rating,N/A
AXAS,$1.82,1440695406337,"519,423",78% bullish,of 9 ratings,$3.50
ACTG,$9.22,1440695406494,"76,833",67% bullish,of 3 ratings,$18.50
ABMD,$98.33,1440695406558,"193,431",75% bullish,of 4 ratings,$100.50
ACHC,$73.9288,1440695406764,"294,330",50% bullish,of 2 ratings,$92
ACAD,$37.95,1440695406895,"441,590",80% bullish,of 20 ratings,$48
ACST,$0.3351,1440695407027,"36,540",100% bullish,of 2 ratings,N/A
XLRN,$28.4,1440695407163,"60,308",50% bullish,of 2 ratings,$57
AXDX,$18.245,1440695407267,"70,014",100% bearish,of 1 rating,N/A
ARAY,$6.5,1440695407553,"356,533",100% bearish,of 1 rating,$10.50
TFSC,NULL,1440695407587,0,100% bearish,of 1 rating,N/A
VXDN,$2.05,1440695407608,"46,380",100% bearish,of 1 rating,N/A
ANCX,$19.85,1440695407629,"9,404",Not yet rated,NULL,$20
TFSCW,NULL,1440695407668,0,100% bearish,of 1 rating,N/A
TFSCU,NULL,1440695407694,0,Not yet rated,NULL,N/A
TFSCR,NULL,1440695407759,0,Not yet rated,NULL,N/A
PIH,$7.54,1440695407784,"7,600",100% bearish,of 1 rating,N/A
ACRX,$4.29,1440695407972,"118,970",67% bearish,of 6 ratings,$5.50
ACHN,$7.58,1440695408029,"665,384",90% bullish,of 21 ratings,$16
AKAO,$6.78,1440695408055,"22,497",75% bullish,of 4 ratings,$15
ACET,$22.52,1440695408076,"62,319",75% bullish,of 4 ratings,$30
VXUP,$1.42,1440695408108,"36,545",100% bearish,of 1 rating,N/A
ACIW,$20.9,1440695408204,"204,628",67% bearish,of 3 ratings,$24
ACNB,$20.324,1440695408472,626,Not yet rated,NULL,N/A
ACPW,$1.8299,1440695408504,"11,128",100% bullish,of 4 ratings,$3.50
ACOR,$30.96,1440695408525,"278,207",67% bearish,of 3 ratings,$38.50
ATVI,$28.21,1440695408546,"2,164,869",68% bullish,of 84 ratings,$31.50
ACTS,$1.66,1440695408579,"44,641",100% bearish,of 1 rating,N/A
ACTA,$13.03,1440695408604,"53,782",67% bearish,of 3 ratings,$25
ACXM,$20.89,1440695408733,"114,945",67% bullish,of 3 ratings,N/A
ACUR,$0.5501,1440695408761,"47,140",100% bullish,of 5 ratings,$1
ADAP,$11.63,1440695408890,"20,400",67% bullish,of 3 ratings,$22
ADMS,$20.16,1440695408923,"31,050",100% bearish,of 2 ratings,$36
ADUS,$29.038,1440695408993,"18,076",100% bearish,of 1 rating,$31
AEY,$2.37,1440695409017,"4,449",100% bearish,of 2 ratings,N/A
ADMP,$3.763,1440695409092,"8,284",50% bullish,of 2 ratings,$10
ADEP,$6.6801,1440695409148,"11,287",50% bullish,of 2 ratings,$10.75
ADBE,$78.9525,1440695409282,"1,280,624",65% bullish,of 17 ratings,$90
AMD,$1.8,1440695409427,"3,448,173",83% bullish,of 103 ratings,$2
ADTN,$15.72,1440695409458,"96,904",67% bullish,of 3 ratings,$17.125
ADMA,$9.22,1440695409486,"1,610",Not yet rated,NULL,$19
AEIS,$24.75,1440695409511,"41,257",50% bullish,of 2 ratings,$32.50
ADRO,$21.98,1440695409562,"109,337",80% bullish,of 5 ratings,$45.50
MULT,NULL,1440695409700,0,100% bearish,of 1 rating,N/A
ADXS,$15.05,1440695409729,"447,852",64% bullish,of 14 ratings,$27
ADXSW,$10.4,1440695409750,"6,150",100% bullish,of 1 rating,N/A
YPRO,NULL,1440695409807,0,100% bearish,of 1 rating,N/A
AEHR,$2.2501,1440695409949,"1,950",50% bullish,of 2 ratings,N/A
AEGR,$17.75,1440695409981,"207,268",50% bullish,of 6 ratings,$26
AEGN,$18.36,1440695410087,"42,940",100% bearish,of 2 ratings,$21
AERI,$16.35,1440695410115,"273,771",75% bullish,of 4 ratings,$31.50
AMTX,$2.7299,1440695410142,"16,651",50% bullish,of 2 ratings,$26.11
AEPI,$54.44,1440695410306,"6,088",100% bearish,of 1 rating,N/A
AVAV,$23.86,1440695410337,"20,216",50% bullish,of 4 ratings,$31
AEZS,$0.0851,1440695410363,"5,228,611",90% bullish,of 21 ratings,$1.50
AEMD,$7,1440695410446,"53,016",Not yet rated,NULL,$27.50
AGEN,$6.89,1440695410551,"333,057",85% bullish,of 13 ratings,$14
AFFX,$9.64,1440695410576,"188,090",80% bullish,of 5 ratings,$12
AGRX,$8.25,1440695410603,"4,764",100% bearish,of 1 rating,$17.50
AFMD,$10.31,1440695410630,"62,693",50% bullish,of 4 ratings,$15
AGIO,$89.946,1440695410759,"176,686",88% bullish,of 8 ratings,$114
AGYS,$9.62,1440695410787,"6,192",100% bearish,of 1 rating,N/A
AGFS,$10.195,1440695410989,"19,434",100% bearish,of 1 rating,N/A
AIRM,$37.1,1440695411026,"77,362",80% bearish,of 5 ratings,$53
AIMT,$21.89,1440695411062,"22,003",Not yet rated,NULL,N/A
ATSG,$8.91,1440695411120,"47,427",67% bullish,of 3 ratings,$13
AIRT,$21.49,1440695411154,200,100% bullish,of 1 rating,N/A
AMCN,$4.57,1440695411179,"323,316",83% bullish,of 6 ratings,N/A
AGFSW,$2,1440695411204,"15,700",100% bearish,of 2 ratings,N/A
AKBA,$6.41,1440695411376,"64,095",100% bearish,of 1 rating,$18
AKAM,$70.73,1440695411429,"510,148",63% bullish,of 8 ratings,$77
AKER,$2.69,1440695411600,"3,142",Not yet rated,NULL,N/A
AIXG,$6.06,1440695411628,"16,096",67% bearish,of 3 ratings,$5.25
AKRX,$41.53,1440695411653,"337,951",78% bullish,of 9 ratings,$56
ALRM,$16.92,1440695411683,"41,073",100% bearish,of 1 rating,$22
ALSK,$2.02,1440695411783,"134,837",78% bullish,of 18 ratings,$2
AMRI,$19.88,1440695411808,"48,488",75% bearish,of 4 ratings,$24
ABDC,$12.1,1440695411972,"13,205",Not yet rated,NULL,$15
ALDX,$7,1440695412007,"5,860",100% bearish,of 1 rating,$14.50
ALDR,$38.77,1440695412146,"103,868",67% bearish,of 3 ratings,$62
ADHD,$7.6,1440695412178,"109,299",50% bullish,of 4 ratings,$18
ALXA,$1.13,1440695412210,"13,776",83% bullish,of 6 ratings,$2.125
ALXN,$178.09,1440695412281,"448,366",88% bullish,of 8 ratings,$223
ALIM,$3.36,1440695412560,"30,976",80% bullish,of 5 ratings,$10
ALKS,$60.81,1440695412631,"169,655",67% bullish,of 3 ratings,$75
ALGT,$209.34,1440695412786,"83,924",100% bearish,of 2 ratings,$235
ALGN,$57.05,1440695412949,"114,322",100% bearish,of 2 ratings,$73
ALLB,$22.79,1440695413027,100,Not yet rated,NULL,N/A
ALCO,$42.14,1440695413053,934,50% bullish,of 2 ratings,N/A
AHGP,$36.48,1440695413083,"101,626",67% bullish,of 3 ratings,N/A
AFOP,$18.94,1440695413183,"74,165",75% bullish,of 8 ratings,$21
AIQ,$13.525,1440695413210,"2,800",67% bullish,of 3 ratings,N/A
ARLP,$24.99,1440695413261,"149,954",67% bearish,of 3 ratings,$32
ALQA,$4.35,1440695413339,"2,650",75% bullish,of 4 ratings,$8.50
AMOT,$18.89,1440695413367,"44,394",100% bearish,of 1 rating,N/A
MDRX,$13.7,1440695413500,"456,700",60% bullish,of 5 ratings,$16
AHPI,NULL,1440695413535,0,50% bullish,of 2 ratings,N/A
ALLT,$5.01,1440695413590,"34,463",75% bullish,of 4 ratings,$6.25
ALNY,$106.14,1440695413663,"170,705",67% bullish,of 3 ratings,$148.50
AOSL,$7.24,1440695413826,"26,100",67% bullish,of 3 ratings,$9
AFAM,$45.66,1440695413904,"27,232",50% bullish,of 2 ratings,$44
SMCP,NULL,1440695413933,0,Not yet rated,NULL,N/A
ATEC,$0.57,1440695414010,"38,880",100% bullish,of 1 rating,$2
ASPS,$26.13,1440695414035,"95,392",67% bullish,of 3 ratings,$46.50
ALTR,$48.71,1440695414063,"948,189",80% bearish,of 5 ratings,$54
AIMC,$24.74,1440695414088,"16,512",100% bearish,of 2 ratings,$28.50
AMRN,$2.07,1440695414192,"625,339",85% bullish,of 39 ratings,$8
AMRK,NULL,1440695414327,0,50% bullish,of 2 ratings,$14
AMAG,$66.65,1440695414358,"161,586",100% bullish,of 2 ratings,$77.50
AYA,$21.13,1440695414392,"23,037",100% bearish,of 1 rating,$40
AMZN,$517.7266,1440695414461,"1,755,721",81% bullish,of 264 ratings,$646
AMBC,$16.06,1440695414525,"103,824",100% bearish,of 1 rating,$16.50
AMBCW,$7.5,1440695414592,"5,380",100% bearish,of 1 rating,N/A
AMBA,$93.3392,1440695414683,"1,227,888",83% bullish,of 12 ratings,$102.50
AMDA,$0.49,1440695414842,"540,042",90% bullish,of 10 ratings,$1
AMCX,$72.71,1440695414871,"311,777",67% bullish,of 3 ratings,$87.50
EPAX,$2.7,1440695414893,"8,392",100% bearish,of 1 rating,N/A
DOX,$58.13,1440695414922,"167,383",67% bearish,of 3 ratings,$60
UHAL,$378.4,1440695415056,"5,899",100% bullish,of 2 ratings,$393.50
ASBI,$22.5,1440695415084,"3,400",Not yet rated,NULL,N/A
ATAX,$5.1799,1440695415105,"32,274",100% bullish,of 1 rating,$6.50
AMED,$39.24,1440695415142,"78,181",100% bearish,of 1 rating,$42
AMOV,$18.05,1440695415233,"1,553",100% bearish,of 1 rating,N/A
AGNCB,$24.3299,1440695415335,"13,140",Not yet rated,NULL,N/A
AGNC,$19.6164,1440695415374,"1,177,557",71% bullish,of 28 ratings,$22
AAL,$38.86,1440695415410,"4,576,382",93% bullish,of 88 ratings,$57
AGNCP,$25.25,1440695415588,"3,700",Not yet rated,NULL,N/A
MTGE,$15.66,1440695415773,"146,113",75% bullish,of 4 ratings,$19.50
ANCI,$1.52,1440695415800,350,100% bearish,of 1 rating,N/A
MTGEP,$24.5,1440695415822,631,Not yet rated,NULL,N/A
AMIC,$9.62,1440695415860,200,Not yet rated,NULL,N/A
ACAS,$13.725,1440695415886,"955,090",60% bullish,of 5 ratings,$16.75
AETI,$3.82,1440695415954,"6,269",67% bearish,of 3 ratings,N/A
ACSF,$12.101,1440695415980,"32,344",100% bearish,of 1 rating,$15
AMNB,$23,1440695416037,"4,374",Not yet rated,NULL,$25.50
ANAT,$100.76,1440695416218,"5,553",100% bullish,of 1 rating,N/A
ARII,$39.445,1440695416247,"222,593",67% bearish,of 3 ratings,$45
APEI,$22.02,1440695416268,"32,547",100% bearish,of 1 rating,$25.50
AMRB,$9.8101,1440695416311,"1,379",Not yet rated,NULL,$11
ASEI,$37.61,1440695416493,"16,126",100% bearish,of 1 rating,$52.50
AMSWA,$8.64,1440695416525,"9,734",100% bearish,of 2 ratings,$10.75
AMSC,$4.42,1440695416546,"154,510",50% bullish,of 4 ratings,N/A
CRMT,$36.37,1440695416627,"14,366",100% bearish,of 1 rating,$39
ABCB,$26.85,1440695416683,"22,676",Not yet rated,NULL,$31
AMWD,$66.83,1440695416727,"36,625",50% bullish,of 2 ratings,$70
AMSF,$46.86,1440695416782,"24,499",Not yet rated,NULL,$57.50
ASRV,$3.29,1440695416810,300,100% bullish,of 2 ratings,N/A
ASRVP,NULL,1440695416951,0,Not yet rated,NULL,N/A
AMGN,$156.13,1440695417003,"1,252,157",89% bullish,of 19 ratings,$185
FOLD,$14.88,1440695417083,"410,831",56% bullish,of 9 ratings,$21
ATLO,$23.88,1440695417212,"2,596",Not yet rated,NULL,N/A
AMSG,$80.81,1440695417237,"102,483",100% bearish,of 1 rating,$85.50
AMKR,$5.075,1440695417264,"554,951",100% bearish,of 2 ratings,$5
AMPH,$13.71,1440695417309,"65,673",50% bullish,of 2 ratings,$20
AFSI,$59.35,1440695417590,"145,758",60% bullish,of 5 ratings,$72
ASYS,$5.39,1440695417619,"31,983",67% bullish,of 3 ratings,$12
AMRS,$1.7,1440695417666,"25,931",70% bullish,of 10 ratings,N/A
AMSGP,$141.83,1440695417699,12,Not yet rated,NULL,N/A
ANAD,$0.3302,1440695417725,"196,576",100% bullish,of 2 ratings,$.50
ADI,$56.22,1440695417751,"1,126,111",67% bullish,of 3 ratings,$69
ALOG,$78.99,1440695417801,"26,787",100% bearish,of 2 ratings,$100.50
ANAC,$133.22,1440695417828,"163,888",80% bullish,of 5 ratings,$180.50
ANCB,$23,1440695418054,800,Not yet rated,NULL,$23
ABCW,$40.09,1440695418161,"4,846",67% bullish,of 3 ratings,N/A
AMCF,$0.25,1440695418224,700,100% bullish,of 7 ratings,N/A
ANGI,$4.98,1440695418355,"143,696",64% bullish,of 11 ratings,$5.50
ANGO,$14.73,1440695418425,"71,313",67% bullish,of 3 ratings,$19
ATRS,$1.725,1440695418570,"170,448",92% bullish,of 12 ratings,$4.50
ANIP,$49.71,1440695418600,"70,387",89% bullish,of 19 ratings,$66
ANIK,$35.38,1440695418634,"45,096",60% bullish,of 5 ratings,$51.25
ABAC,$0.748,1440695418662,"7,027",100% bearish,of 1 rating,N/A
ANTH,$7.43,1440695418705,"297,969",80% bullish,of 10 ratings,$13
ANSS,$89.87,1440695418737,"113,367",100% bearish,of 1 rating,$100
ATNY,$2.34,1440695418758,"1,300",50% bullish,of 2 ratings,$3.75
APIC,$6.86,1440695418889,"71,376",100% bearish,of 1 rating,$19
AINV,$6.59,1440695418989,"386,494",50% bullish,of 4 ratings,$8
APOL,$11.24,1440695419090,"394,565",87% bearish,of 68 ratings,$14
APOG,$50.02,1440695419117,"43,436",50% bullish,of 2 ratings,$67
APPF,$17.2,1440695419255,"32,770",50% bullish,of 2 ratings,$22
AAPL,$113,1440695419314,"26,769,859",86% bullish,of 2350 ratings,$150
APDN,$3.3401,1440695419440,"21,242",Not yet rated,NULL,$9
ARCI,NULL,1440695419465,0,Not yet rated,NULL,N/A
AMAT,$15.96,1440695419525,"5,693,697",82% bullish,of 11 ratings,$23
APDNW,$1.2,1440695419550,"2,200",Not yet rated,NULL,N/A
AMCC,$5.7,1440695419595,"161,891",80% bullish,of 5 ratings,$8
AGTC,$15.57,1440695419685,"49,178",50% bullish,of 2 ratings,$33
AREX,$2.11,1440695419711,"467,017",100% bearish,of 1 rating,$3
APRI,$1.2267,1440695419745,"6,728",83% bullish,of 6 ratings,$4.86
AAOI,$20.27,1440695419842,"133,266",50% bullish,of 4 ratings,$26
APTO,$5.11,1440695419915,"3,401",Not yet rated,NULL,$17
AQMS,$4.98,1440695419986,"6,050",Not yet rated,NULL,N/A
AQXP,$17.8,1440695420071,"252,694",50% bullish,of 2 ratings,$2
AUMA,NULL,1440695420202,0,Not yet rated,NULL,N/A
AUMAU,$9.95,1440695420233,"4,100",Not yet rated,NULL,N/A
AUMAW,NULL,1440695420258,0,Not yet rated,NULL,N/A
ARDM,NULL,1440695420406,0,100% bullish,of 1 rating,$26
ABIO,$0.88,1440695420435,"57,945",50% bullish,of 2 ratings,$3.75
PETX,$17.555,1440695420474,"76,222",100% bearish,of 2 ratings,$26
ARCW,$3.68,1440695420538,"7,835",100% bearish,of 2 ratings,$10.50
ABUS,$7.29,1440695420720,"194,552",86% bullish,of 14 ratings,$23
ACGL,$68.3,1440695420747,"122,450",50% bullish,of 2 ratings,$72
RKDA,$6.18,1440695420768,"11,564",100% bearish,of 2 ratings,$10
ARCB,$29.01,1440695420790,"57,457",67% bearish,of 3 ratings,$39.50
ACAT,$25.9,1440695420823,"55,204",100% bearish,of 3 ratings,$33
ARNA,$2.635,1440695420981,"1,244,356",90% bullish,of 77 ratings,$5.50
ARDX,$17.74,1440695421002,"58,207",50% bullish,of 2 ratings,$24.50
ARCC,$15.35,1440695421084,"634,854",67% bearish,of 3 ratings,$17.875
AGIIL,$25.65,1440695421139,"1,487",Not yet rated,NULL,N/A
ARIS,$4.1299,1440695421164,"41,279",Not yet rated,NULL,$4.50
ARGS,$6.24,1440695421233,"20,686",50% bullish,of 2 ratings,$19.50
AGII,$55.47,1440695421312,"47,462",Not yet rated,NULL,$59.50
ARKR,$24.9,1440695421418,2,50% bullish,of 2 ratings,N/A
ARIA,$6.91,1440695421448,"1,035,042",87% bullish,of 46 ratings,$9
ARTX,$1.48,1440695421476,"35,508",88% bullish,of 16 ratings,$4.50
ARWA,NULL,1440695421547,0,Not yet rated,NULL,N/A
ARMH,$42.915,1440695421576,"1,397,180",54% bearish,of 13 ratings,$61
ARWAW,$0.125,1440695421710,"4,805",Not yet rated,NULL,N/A
ARWAU,NULL,1440695421811,0,100% bullish,of 1 rating,N/A
ARWAR,NULL,1440695421882,0,Not yet rated,NULL,N/A
ARQL,$1.7286,1440695421909,"76,917",75% bullish,of 4 ratings,$5
ARRY,$5.88,1440695421950,"504,571",100% bullish,of 7 ratings,$10
ARRS,$26.33,1440695421975,"230,614",50% bullish,of 2 ratings,$38
ARWR,$5.71,1440695422138,"302,472",75% bullish,of 4 ratings,$10.50
AROW,$27.25,1440695422167,"4,616",Not yet rated,NULL,N/A
DWAT,$9.9,1440695422193,"2,800",100% bearish,of 1 rating,N/A
ASBB,$24.28,1440695422333,100,Not yet rated,NULL,N/A
ARTNA,$22,1440695422361,"12,143",100% bearish,of 1 rating,$29
ASND,$20.98,1440695422434,"35,478",100% bullish,of 1 rating,$30
ASNA,$11.66,1440695422502,"661,664",50% bullish,of 2 ratings,$18
ARTW,$4.33,1440695422571,593,75% bearish,of 4 ratings,N/A
ASCMA,$26.98,1440695422629,"41,736",100% bearish,of 1 rating,$45
ASTI,$0.1122,1440695422679,"1,204,613",83% bullish,of 6 ratings,$3
ASMI,NULL,1440695422730,0,NULL,NULL,NULL
APWC,$1.6,1440695422770,"6,462",100% bearish,of 1 rating,N/A
ASML,$91.4,1440695422928,"569,735",50% bullish,of 4 ratings,$127
AZPN,$37.92,1440695422958,"170,145",50% bullish,of 2 ratings,$42
ASMB,$13.01,1440695422989,"24,327",67% bullish,of 3 ratings,N/A
ASTE,$37.39,1440695423094,"39,995",100% bearish,of 1 rating,$48
ASFI,$8.88,1440695423125,"2,234",100% bullish,of 1 rating,N/A
ALOT,NULL,1440695423150,0,100% bearish,of 1 rating,N/A
ATRO,$53.51,1440695423227,"66,627",100% bearish,of 2 ratings,$80
ASTC,$1.9599,1440695423293,"7,540",100% bullish,of 5 ratings,N/A
ATRA,$38.04,1440695423519,"53,865",50% bullish,of 2 ratings,$68
ATAI,$2.45,1440695423546,"1,159",100% bearish,of 1 rating,N/A
ASUR,$6,1440695423578,"12,050",50% bullish,of 2 ratings,$8
ATHN,$134.7675,1440695423622,"95,070",67% bearish,of 3 ratings,$153
AFCB,$27.3,1440695423682,200,Not yet rated,NULL,N/A
AAPC,$10.1,1440695423763,16,Not yet rated,NULL,N/A
ATHX,$1.14,1440695423819,"49,425",89% bullish,of 9 ratings,$5
AAME,$3.54,1440695423919,200,Not yet rated,NULL,N/A
ACFC,$5.43,1440695423948,"40,786",100% bearish,of 1 rating,$6.50
ATLC,$3.86,1440695424014,2,67% bullish,of 3 ratings,N/A
ATNI,$71.395,1440695424048,"29,658",100% bearish,of 1 rating,$69.50
AFH,$16.4,1440695424088,"33,191",Not yet rated,NULL,$21.50
AAWW,$41.01,1440695424178,"107,829",50% bullish,of 2 ratings,$65
ATOS,$0.7321,1440695424366,"67,722",100% bullish,of 7 ratings,$7
ATRC,$25.49,1440695424417,"51,746",100% bullish,of 1 rating,$30
ATRI,$377.65,1440695424499,"2,026",Not yet rated,NULL,N/A
ATRM,$2.8,1440695424526,"1,655",50% bullish,of 2 ratings,N/A
ATML,$7.92,1440695424547,"1,306,593",78% bullish,of 9 ratings,$9.50
ATTU,$13.37,1440695424676,"16,821",100% bearish,of 1 rating,$20.50
LIFE,$15.34,1440695424702,"13,247",86% bullish,of 7 ratings,$43
AUDC,$3.245,1440695424738,"39,191",80% bullish,of 5 ratings,$5
AUPH,$3,1440695424777,"7,750",100% bearish,of 1 rating,$8
EARS,$4.86,1440695424905,"2,850",100% bearish,of 2 ratings,$11.50
ADAT,$0.3649,1440695424930,"294,401",100% bullish,of 2 ratings,N/A
AUBN,$26.96,1440695424994,550,Not yet rated,NULL,N/A
ABTL,$18.48,1440695425018,"87,528",100% bullish,of 4 ratings,$20.25
ADP,$78.62,1440695425163,"598,680",100% bearish,of 1 rating,$88
ADSK,$50.46,1440695425188,"1,888,702",67% bullish,of 6 ratings,$69.50
AVGO,$126.68,1440695425317,"3,212,500",88% bullish,of 8 ratings,$165
AAVL,$10.63,1440695425349,"166,968",100% bearish,of 1 rating,$20
AVID,$8.1,1440695425450,"209,361",100% bearish,of 1 rating,$20
AVNU,$12.38,1440695425475,"6,326",Not yet rated,NULL,$14
AVEO,$1.38,1440695425503,"440,648",75% bullish,of 8 ratings,$3
AVNW,$1.17,1440695425532,"47,569",50% bullish,of 2 ratings,$2.20
AVGR,$14.25,1440695425635,"11,068",100% bearish,of 1 rating,$20
AWRE,$3.15,1440695425661,"7,132",67% bullish,of 3 ratings,N/A
CAR,$43.46,1440695425711,"718,395",80% bullish,of 5 ratings,$60
ACLS,$3.17,1440695425857,"152,877",67% bullish,of 6 ratings,$4.75
AXPW,$1.0501,1440695425957,"42,331",83% bullish,of 6 ratings,N/A
AXPWW,NULL,1440695425982,0,Not yet rated,NULL,N/A
AXGN,$4.04,1440695426010,"35,955",Not yet rated,NULL,$5
AXTI,$2.19,1440695426039,"7,356",50% bullish,of 2 ratings,$2.75
BCOM,$19.003,1440695426142,984,100% bearish,of 1 rating,N/A
RILY,$9.78,1440695426298,200,Not yet rated,NULL,N/A
BEAV,$49.32,1440695426326,"342,486",67% bearish,of 3 ratings,$59
BIDU,$151.915,1440695426457,"1,968,147",81% bullish,of 88 ratings,$210
BWINA,NULL,1440695426488,0,Not yet rated,NULL,N/A
BOSC,$2.1101,1440695426529,"4,301",50% bullish,of 2 ratings,N/A
BWINB,$22.82,1440695426555,"3,362",Not yet rated,NULL,N/A
BCPC,$57.875,1440695426584,"34,379",100% bearish,of 1 rating,$75
BLDP,$1.22,1440695426710,"280,844",91% bullish,of 22 ratings,$2.50
BANF,$59.19,1440695426809,"2,710",Not yet rated,NULL,$68
BANFP,NULL,1440695426855,0,Not yet rated,NULL,N/A
BKMU,$6.97,1440695426881,"42,006",Not yet rated,NULL,$8
BKSC,$16,1440695427023,"3,756",Not yet rated,NULL,N/A
BOCH,$5.8,1440695427085,"8,961",Not yet rated,NULL,$6.50
BOTJ,$11.0785,1440695427159,717,Not yet rated,NULL,N/A
OZRK,$42.05,1440695427187,"181,948",67% bullish,of 3 ratings,$49.50
BMRC,$47.8,1440695427213,"6,492",Not yet rated,NULL,$52
BWFG,NULL,1440695427281,0,100% bearish,of 1 rating,N/A
BFIN,$11.99,1440695427345,"9,331",Not yet rated,NULL,$13
BANR,$44.16,1440695427451,"14,902",100% bullish,of 3 ratings,$50
BZUN,$5.12,1440695427592,"246,717",50% bullish,of 2 ratings,$11.50
BHAC,$9.81,1440695427657,"1,100",Not yet rated,NULL,N/A
TAPR,$32.98,1440695427687,535,100% bearish,of 1 rating,N/A
BHACW,NULL,1440695427707,0,Not yet rated,NULL,N/A
BHACU,NULL,1440695427740,0,Not yet rated,NULL,N/A
BHACR,NULL,1440695427760,0,Not yet rated,NULL,N/A
BBSI,$34.43,1440695427837,"40,112",67% bearish,of 3 ratings,$62.50
BSET,$29.1,1440695427904,"13,924",100% bearish,of 1 rating,$35
BYLK,$12.71,1440695428048,500,Not yet rated,NULL,$14
BV,$5.105,1440695428093,"133,780",67% bullish,of 6 ratings,$9
BBCN,$14.54,1440695428120,"72,747",100% bearish,of 1 rating,$16
BCBP,$11.43,1440695428144,200,Not yet rated,NULL,N/A
BYBK,$4.88,1440695428192,100,100% bearish,of 1 rating,N/A
BSF,$8.72,1440695428550,"1,963",Not yet rated,NULL,N/A
BBGI,$4.1616,1440695428579,300,100% bullish,of 1 rating,N/A
BELFA,NULL,1440695428609,0,100% bearish,of 1 rating,N/A
BEBE,$1.835,1440695428639,"67,865",75% bullish,of 4 ratings,$3.075
BBBY,$62.2475,1440695428669,"882,555",71% bullish,of 7 ratings,$75
BDCV,$4.77,1440695428690,"9,283",100% bearish,of 1 rating,$10.19
BELFB,$17.76,1440695428729,"4,799",100% bearish,of 1 rating,N/A
BECN,$35.41,1440695428750,"146,898",50% bullish,of 2 ratings,$40
BLPH,$5.0613,1440695429007,"11,182",100% bearish,of 1 rating,$12.50
BLCM,$17.46,1440695429084,"67,506",50% bullish,of 4 ratings,$40
BNCL,$12.52,1440695429113,"97,104",100% bullish,of 3 ratings,$12.50
BGMD,$0.79,1440695429215,"110,748",100% bullish,of 10 ratings,N/A
BNFT,$34.87,1440695429344,"37,594",67% bullish,of 3 ratings,$46
BNTC,$8,1440695429369,"25,793",100% bullish,of 1 rating,N/A
BGCP,$8.775,1440695429395,"394,235",88% bullish,of 8 ratings,$14
BGFV,$11,1440695429426,"59,034",57% bullish,of 7 ratings,$12
BIND,$4.4,1440695429452,"34,397",75% bullish,of 4 ratings,$13.50
ORPN,$5.4,1440695429529,"21,850",100% bullish,of 1 rating,$28.50
BASI,$1.6069,1440695429586,200,Not yet rated,NULL,N/A
BCDA,NULL,1440695429654,0,Not yet rated,NULL,N/A
BCRX,$11.19,1440695429756,"97,087",63% bullish,of 8 ratings,$18
BIOD,$0.68,1440695429782,"45,880",80% bullish,of 5 ratings,$4
BIOC,$1.89,1440695429806,"260,112",83% bullish,of 6 ratings,$3.85
BDSI,$6.605,1440695430055,"377,629",88% bullish,of 8 ratings,$17
BIIB,$305.955,1440695430107,"617,215",88% bullish,of 16 ratings,$400
BRLI,NULL,1440695430181,0,NULL,NULL,NULL
BLFS,$2.02,1440695430211,"14,385",100% bearish,of 1 rating,$4.75
BLRX,$1.33,1440695430257,"42,790",100% bullish,of 12 ratings,$5
BVXV,$3.5924,1440695430288,250,Not yet rated,NULL,N/A
BMRN,$130.95,1440695430315,"280,567",80% bullish,of 5 ratings,$160
BIOL,$1.3932,1440695430383,"12,461",Not yet rated,NULL,N/A
BPTH,$1.04,1440695430547,"29,252",100% bullish,of 2 ratings,$5
BVXVW,NULL,1440695430574,0,100% bearish,of 1 rating,N/A
BBC,$31.0652,1440695430600,"4,662",Not yet rated,NULL,N/A
BIOS,$2.3299,1440695430621,"447,382",71% bullish,of 7 ratings,$4
BSTC,$50.86,1440695430857,"44,106",100% bearish,of 1 rating,$76
BBP,$32.64,1440695430907,"12,752",Not yet rated,NULL,N/A
BEAT,$14.99,1440695430937,"505,912",67% bearish,of 3 ratings,$15
BSPM,$0.6501,1440695430959,"5,485",50% bullish,of 2 ratings,N/A
BOTA,$2.045,1440695430999,"15,882",88% bullish,of 8 ratings,N/A
BITI,$17,1440695431035,"9,368",100% bullish,of 1 rating,$28
TECH,$96.62,1440695431095,"90,191",100% bullish,of 1 rating,$117
BDMS,$12.6501,1440695431125,775,100% bearish,of 1 rating,N/A
BBOX,$15.36,1440695431353,"41,465",100% bearish,of 1 rating,N/A
BJRI,$44.43,1440695431410,"64,919",50% bullish,of 2 ratings,$55
BLKB,$57.93,1440695431458,"49,520",100% bearish,of 2 ratings,$66
BDE,$7.3,1440695431484,"74,524",50% bullish,of 2 ratings,$9
BBRY,$7.215,1440695431544,"2,554,856",61% bullish,of 330 ratings,$9
HAWK,$40.2,1440695431613,"228,315",91% bullish,of 11 ratings,$49
BKCC,$9.29,1440695431642,"168,687",50% bullish,of 2 ratings,$10
ADRA,$27.3825,1440695431745,398,100% bearish,of 1 rating,N/A
ADRE,$30.2,1440695431830,"175,580",100% bearish,of 1 rating,N/A
ADRD,$22.165,1440695431904,"4,360",100% bearish,of 1 rating,N/A
BLMN,$20.24,1440695431933,"375,553",83% bullish,of 6 ratings,$27.50
ADRU,$21.73,1440695431959,"3,618",100% bearish,of 1 rating,N/A
BCOR,$13.69,1440695431988,"60,841",57% bullish,of 7 ratings,$15
BLBD,$12,1440695432069,"1,868",Not yet rated,NULL,N/A
BUFF,$27.21,1440695432237,"71,119",83% bullish,of 12 ratings,$31.50
BBLU,$0.775,1440695432344,"53,164",100% bullish,of 2 ratings,$4.43
BHBK,$13.89,1440695432375,"28,942",100% bullish,of 1 rating,$14.50
NILE,$33.86,1440695432451,"82,990",50% bullish,of 2 ratings,$34
BLUE,$132.13,1440695432479,"204,371",71% bullish,of 7 ratings,$217.50
BKEPP,$7.58,1440695432611,"5,223",100% bearish,of 1 rating,N/A
BKEP,$6.15,1440695432642,"19,649",100% bearish,of 1 rating,$8.50
BNCN,$20.49,1440695432672,"43,453",Not yet rated,NULL,$24
BPMC,$26.12,1440695432697,"31,108",50% bullish,of 2 ratings,$47.50
BOBE,$43.84,1440695432776,"40,620",75% bullish,of 4 ratings,$57
BOFI,$121.33,1440695432806,"80,494",100% bullish,of 6 ratings,$144
WIFI,$7.51,1440695432915,"38,401",50% bullish,of 2 ratings,$13.50
BOJA,$21.89,1440695432982,"112,854",100% bullish,of 1 rating,$30
BOKF,$61.87,1440695433015,"90,981",100% bearish,of 1 rating,$69
BONA,$11.76,1440695433042,"69,883",75% bullish,of 4 ratings,$8.50
BNSO,$1.3,1440695433202,"2,400",100% bearish,of 1 rating,N/A
BAMM,$3.18,1440695433331,"2,865",60% bullish,of 5 ratings,N/A
BPFH,$11.95,1440695433381,"113,647",100% bearish,of 1 rating,$14
BPFHW,NULL,1440695433407,0,100% bearish,of 1 rating,N/A
EPAY,$26.21,1440695433437,"180,177",100% bearish,of 2 ratings,$30
BPFHP,$25.1,1440695433468,"3,450",100% bearish,of 1 rating,N/A
BBRG,$12.48,1440695433539,"17,422",67% bullish,of 3 ratings,$14.50
BDBD,$8.12,1440695433571,"231,908",60% bullish,of 5 ratings,$10
BBEP,$2.71,1440695433668,"1,305,915",69% bullish,of 13 ratings,$5.625
BCLI,$2.93,1440695433710,"22,357",80% bullish,of 5 ratings,$12
BBEPP,$13.81,1440695433926,"15,368",100% bearish,of 1 rating,N/A
BLIN,$1.31,1440695433953,"4,295",100% bullish,of 2 ratings,$2.20
BDGE,$26.5,1440695433974,"3,250",Not yet rated,NULL,$31.75
BSFT,$31.34,1440695434109,"150,388",57% bullish,of 7 ratings,$40.50
BCOV,$5.19,1440695434139,"49,001",67% bullish,of 3 ratings,$10.20
BRCM,$52.07,1440695434160,"2,345,872",75% bullish,of 12 ratings,$56
BRID,$8.8,1440695434193,100,100% bearish,of 1 rating,N/A
BVSN,$6.01,1440695434299,"26,740",60% bearish,of 5 ratings,N/A
BYFC,NULL,1440695434330,0,50% bullish,of 2 ratings,N/A
BRCD,$10.665,1440695434433,"1,262,677",92% bullish,of 13 ratings,$11.50
BWEN,$3.23,1440695434462,"9,461",100% bullish,of 3 ratings,$8
BRKL,$10.66,1440695434491,"85,610",100% bearish,of 1 rating,$10.75
BRKR,$18.69,1440695434597,"147,768",100% bearish,of 2 ratings,$22
BRKS,$10.27,1440695434663,"40,629",67% bullish,of 3 ratings,$15.25
BMTC,$29.16,1440695434724,"26,789",Not yet rated,NULL,$34
BLMT,$20.69,1440695434855,"3,744",Not yet rated,NULL,N/A
BSQR,$6.1708,1440695434881,"24,096",67% bullish,of 3 ratings,N/A
BLDR,$14.4,1440695434924,"345,748",50% bullish,of 2 ratings,$22
BWLD,$196.25,1440695435011,"120,168",82% bullish,of 11 ratings,$205
CFFI,$35.38,1440695435036,500,100% bearish,of 1 rating,N/A
BUR,$1.8,1440695435175,600,100% bearish,of 1 rating,$8
CHRW,$67.76,1440695435274,"425,509",Not yet rated,NULL,$72
CA,$27.1325,1440695435358,"687,308",50% bullish,of 4 ratings,$33
CDNS,$19.765,1440695435387,"359,312",75% bullish,of 4 ratings,$22.50
CCMP,$43.61,1440695435416,"29,348",50% bullish,of 2 ratings,$59
CACQ,$7.3,1440695435520,"36,053",100% bearish,of 1 rating,$12.25
CZR,$8.41,1440695435576,"1,742,573",60% bearish,of 5 ratings,$10.50
CDZI,$7.82,1440695435735,"54,500",100% bearish,of 1 rating,N/A
CLBS,$1.34,1440695435774,"98,165",79% bullish,of 14 ratings,$4
PRSS,$4.45,1440695435863,"7,341",80% bullish,of 5 ratings,$4.50
CSTE,$41.1612,1440695435892,"221,564",50% bullish,of 2 ratings,$65
CLMS,$10.6301,1440695435918,"32,386",Not yet rated,NULL,$10.50
CHY,$11.3614,1440695435939,"134,431",Not yet rated,NULL,N/A
CCD,$18.96,1440695436030,"139,710",Not yet rated,NULL,N/A
CHW,$7.61,1440695436185,"105,892",100% bearish,of 1 rating,N/A
CSQ,$9.97,1440695436225,"152,509",Not yet rated,NULL,N/A
CFGE,$10.57,1440695436253,810,Not yet rated,NULL,N/A
CGO,$12.19,1440695436380,"14,493",100% bearish,of 1 rating,N/A
CAMP,$16.0203,1440695436438,"116,926",88% bullish,of 8 ratings,$25
CVGW,$60.61,1440695436463,"91,777",50% bullish,of 2 ratings,$58.50
CALA,$5.3836,1440695436608,"376,902",100% bullish,of 3 ratings,$19.50
CALD,$15.79,1440695436658,"141,328",100% bearish,of 1 rating,$21
CFNB,$13.31,1440695436683,310,100% bearish,of 1 rating,N/A
CALM,$50.4901,1440695436823,"167,270",80% bullish,of 5 ratings,$65
CLMT,$26.2985,1440695436849,"161,298",75% bullish,of 8 ratings,$31
CAMB,$10.05,1440695436979,100,Not yet rated,NULL,N/A
ABCD,$5.2,1440695437006,"86,929",83% bullish,of 6 ratings,N/A
CAMBW,NULL,1440695437041,0,Not yet rated,NULL,N/A
CHI,$10.65,1440695437069,"125,450",100% bearish,of 1 rating,N/A
CAMBU,NULL,1440695437089,0,100% bearish,of 1 rating,N/A
CSIQ,$18.0799,1440695437219,"1,124,948",86% bullish,of 28 ratings,$42.50
CAC,$40.43,1440695437267,"2,156",Not yet rated,NULL,N/A
CAMT,$2.62,1440695437291,"27,887",73% bullish,of 11 ratings,$4
CGIX,$10.0133,1440695437487,"22,176",67% bullish,of 3 ratings,$14.375
CBNJ,$10.99,1440695437527,"10,984",100% bullish,of 1 rating,N/A
CPHC,NULL,1440695437552,0,100% bearish,of 1 rating,N/A
CCBG,$14.81,1440695437685,"4,082",Not yet rated,NULL,$17.25
CPLA,$48.45,1440695437710,"64,151",67% bearish,of 3 ratings,$65
CPLP,$6.9,1440695437735,"243,661",71% bullish,of 7 ratings,$11
CBF,$29.2,1440695437756,"32,170",Not yet rated,NULL,$32
CSWC,$45.76,1440695437789,"2,707",Not yet rated,NULL,N/A
CPTA,$13.824,1440695437930,"24,154",100% bearish,of 1 rating,$18.50
CFFN,$12.09,1440695437975,"155,030",Not yet rated,NULL,$12.75
CAPR,$4.34,1440695438185,"9,164",Not yet rated,NULL,$12
CAPNW,$0.6969,1440695438211,100,Not yet rated,NULL,N/A
CAPN,$2.19,1440695438235,"240,344",100% bullish,of 1 rating,$10.85
CPST,$0.3712,1440695438338,"297,192",95% bullish,of 22 ratings,$1.25
CBYL,$5.2,1440695438406,"19,603",100% bearish,of 1 rating,$20
CARB,$11.3,1440695438467,"48,223",75% bullish,of 4 ratings,$12
CARA,$19.06,1440695438492,"70,580",50% bullish,of 4 ratings,$25
CRDC,$0.3517,1440695438533,"37,638",100% bullish,of 1 rating,$1.25
CSII,$23.79,1440695438632,"218,017",100% bearish,of 2 ratings,$42.125
CFNL,$22.18,1440695438660,"65,516",Not yet rated,NULL,$24
CRME,$8.76,1440695438732,"4,300",89% bullish,of 9 ratings,$11.25
CDNA,$6.65,1440695438818,"3,300",100% bearish,of 1 rating,$9
CECO,$3.52,1440695438877,"140,388",67% bearish,of 3 ratings,$6
CATM,$34.55,1440695438905,"76,122",100% bearish,of 1 rating,$44
CTRE,$11.51,1440695439059,"115,587",50% bullish,of 2 ratings,$13.50
CKEC,$23.74,1440695439120,"65,287",50% bullish,of 2 ratings,$35.915
CLBH,NULL,1440695439150,0,Not yet rated,NULL,$16.50
CARO,$15.5,1440695439184,802,100% bearish,of 1 rating,$19
CART,$5.35,1440695439248,100,100% bearish,of 1 rating,N/A
TAST,$12.72,1440695439276,"188,311",Not yet rated,NULL,$14.25
CRZO,$32.68,1440695439303,"613,479",67% bearish,of 3 ratings,$55.50
CASM,$1.11,1440695439478,200,100% bullish,of 1 rating,$3.50
CARV,$7.06,1440695439508,464,50% bullish,of 2 ratings,N/A
CACB,$5.32,1440695439613,"12,974",Not yet rated,NULL,$5.50
CSCD,$15,1440695439644,"12,212",100% bullish,of 2 ratings,$17
CWST,$6.09,1440695439675,"88,944",50% bullish,of 2 ratings,$7.25
CRTN,$2.53,1440695439744,"2,560",100% bearish,of 1 rating,N/A
CASY,$107.2,1440695439822,"79,539",50% bullish,of 2 ratings,$99.50
CASI,$1.47,1440695439847,160,100% bullish,of 1 rating,$3.50
CASS,$48.52,1440695439982,"5,908",100% bearish,of 1 rating,N/A
CATB,$11.99,1440695440030,"5,387",100% bearish,of 1 rating,$28
CATY,$29.62,1440695440061,"179,564",100% bearish,of 1 rating,$33.50
CPRX,$3.72,1440695440113,"514,415",71% bullish,of 7 ratings,$7
CVCO,$70.58,1440695440145,"12,699",100% bearish,of 1 rating,N/A
CBFV,$20.93,1440695440244,"3,600",Not yet rated,NULL,$25
CAVM,$69.2,1440695440270,"138,698",67% bearish,of 3 ratings,$72
CATYW,NULL,1440695440296,0,100% bearish,of 1 rating,N/A
CNLMR,NULL,1440695440458,0,Not yet rated,NULL,N/A
CNLM,NULL,1440695440484,0,Not yet rated,NULL,N/A
CNLMU,NULL,1440695440508,0,100% bullish,of 1 rating,N/A
CBOE,$62.825,1440695440753,"165,185",Not yet rated,NULL,$60
CECE,$9.45,1440695440778,"30,123",50% bullish,of 2 ratings,$16
CNLMW,NULL,1440695440807,0,Not yet rated,NULL,N/A
CDK,$48.93,1440695440834,"117,418",67% bearish,of 3 ratings,$50
CDW,$40.24,1440695440855,"591,240",75% bullish,of 4 ratings,$44
CELGZ,$1.71,1440695440911,"9,600",80% bullish,of 5 ratings,N/A
CELG,$122.84,1440695440987,"1,825,277",92% bullish,of 13 ratings,$155.50
CPXX,$2.03,1440695441017,"62,834",100% bullish,of 2 ratings,$7
CLRB,$3.1078,1440695441351,331,100% bearish,of 1 rating,N/A
CLDN,$1.0501,1440695441376,"88,529",71% bullish,of 7 ratings,$3
CLDX,$15.13,1440695441402,"650,209",89% bullish,of 9 ratings,$36
CLRBW,NULL,1440695441455,0,Not yet rated,NULL,N/A
CLLS,$32.91,1440695441533,"55,784",75% bullish,of 4 ratings,$51.50
CLTX,$2.3,1440695441634,"304,725",100% bullish,of 2 ratings,N/A
CBMG,$22.4,1440695441660,"21,459",50% bullish,of 2 ratings,N/A
CLSN,$1.99,1440695441694,"63,292",80% bullish,of 10 ratings,$7.50
CETX,$2.2912,1440695441730,"7,800",Not yet rated,NULL,$5.60
CEMP,$34.8599,1440695441791,"289,534",71% bullish,of 7 ratings,$52
CYAD,$49.01,1440695441823,"3,200",100% bullish,of 1 rating,$87.50
CETV,$2.11,1440695441873,"53,648",67% bullish,of 3 ratings,$2.80
CSFL,$13.73,1440695441924,"82,096",Not yet rated,NULL,$15
CFBK,$1.371,1440695442096,100,Not yet rated,NULL,N/A
CENT,$12.05,1440695442121,"90,605",Not yet rated,NULL,$10
CENTA,$12.45,1440695442160,"123,027",Not yet rated,NULL,N/A
CENX,$5.35,1440695442327,"1,580,599",67% bullish,of 6 ratings,$9
CVCY,$11.25,1440695442354,"2,000",Not yet rated,NULL,$12
CNBKA,$41.7,1440695442387,496,50% bullish,of 2 ratings,N/A
CNTY,$5.74,1440695442423,"20,966",80% bullish,of 5 ratings,$7.75
CRNT,$1.36,1440695442488,"40,780",50% bullish,of 2 ratings,$2
CPHD,$48.93,1440695442515,"155,934",67% bearish,of 3 ratings,$66.50
CERN,$62.2,1440695442551,"557,958",67% bullish,of 3 ratings,$79
CERE,$1.17,1440695442649,"111,832",88% bullish,of 8 ratings,N/A
CERU,$3.6201,1440695442706,"14,228",75% bullish,of 4 ratings,$15
CERS,$4.93,1440695442800,"284,259",75% bullish,of 4 ratings,$7
KOOL,$0.6346,1440695442883,"1,700",100% bullish,of 5 ratings,$7
CEVA,$18.4,1440695442908,"20,427",100% bearish,of 1 rating,$25
CYOU,$20.93,1440695442978,"62,963",50% bullish,of 6 ratings,$24
HOTR,$1.5398,1440695443161,"71,633",100% bullish,of 2 ratings,$5
GTLS,$23.3704,1440695443189,"130,142",50% bullish,of 4 ratings,$40
CTHR,$1.28,1440695443220,"12,759",50% bullish,of 2 ratings,$2.50
HOTRW,NULL,1440695443261,0,Not yet rated,NULL,N/A
CHFN,$12.51,1440695443321,"8,414",Not yet rated,NULL,$14
CHEKW,NULL,1440695443349,0,Not yet rated,NULL,N/A
CHKP,$80.19,1440695443391,"470,185",50% bullish,of 4 ratings,$92
CHTR,$181.575,1440695443453,"266,464",100% bearish,of 2 ratings,$196
CHEK,$2.09,1440695443542,"7,978",Not yet rated,NULL,$7.75
CEMI,$3.9,1440695443602,"5,354",50% bullish,of 2 ratings,$7.50
CCXI,$6.94,1440695443679,"14,788",67% bullish,of 3 ratings,$14
CHMG,$26.07,1440695443783,100,Not yet rated,NULL,$30
CHFC,$31.53,1440695443831,"22,660",100% bearish,of 1 rating,$36
CHMA,$25.925,1440695443959,"46,329",Not yet rated,NULL,$40
CHEV,$14.29,1440695443984,200,Not yet rated,NULL,N/A
CHKE,$25.72,1440695444018,"8,101",100% bearish,of 1 rating,$32.50
PLCE,$59.19,1440695444055,"115,904",100% bearish,of 1 rating,$69
CBNK,NULL,1440695444118,0,100% bearish,of 1 rating,N/A
CMRX,$50.42,1440695444142,"91,415",50% bullish,of 2 ratings,$57
CALI,$0.9455,1440695444335,"1,620",67% bullish,of 3 ratings,N/A
CADC,NULL,1440695444411,0,78% bullish,of 9 ratings,N/A
CBAK,$1.9248,1440695444541,"16,594",67% bullish,of 9 ratings,N/A
CBPO,$99.02,1440695444624,"92,783",75% bullish,of 8 ratings,$140.50
CCCL,$0.765,1440695444650,"23,015",100% bullish,of 6 ratings,N/A
CAAS,$6.1756,1440695444671,"17,814",93% bullish,of 14 ratings,$11.50
CCCR,$0.7834,1440695445033,"16,369",67% bearish,of 3 ratings,N/A
CHOP,$1.28,1440695445062,900,50% bullish,of 2 ratings,N/A
HGSH,$1.67,1440695445096,"14,458",67% bullish,of 3 ratings,N/A
CHLN,$2.1027,1440695445134,"6,901",67% bullish,of 3 ratings,N/A
CNIT,$1.46,1440695445190,"55,466",67% bullish,of 6 ratings,N/A
JRJC,$3.54,1440695445218,"127,778",82% bullish,of 11 ratings,N/A
CHNR,$1.71,1440695445244,16,100% bearish,of 1 rating,N/A
CJJD,$1.88,1440695445414,"24,935",100% bullish,of 1 rating,N/A
HTHT,$25.94,1440695445444,"72,195",50% bullish,of 2 ratings,$28.40
CREG,$0.6999,1440695445479,"14,400",100% bullish,of 3 ratings,N/A
CSUN,$1.44,1440695445575,"28,529",80% bullish,of 5 ratings,N/A
CPGI,$6.861,1440695445630,"1,022",Not yet rated,NULL,N/A
CNTF,$0.8067,1440695445706,"91,246",Not yet rated,NULL,N/A
CNYD,$3.58,1440695445807,"19,686",67% bullish,of 3 ratings,N/A
CCIH,$6.63,1440695445837,"136,950",67% bullish,of 6 ratings,$12.65
CXDC,$5.93,1440695445869,"35,017",67% bearish,of 3 ratings,N/A
CNET,$0.8501,1440695445892,"191,366",50% bullish,of 2 ratings,N/A
IMOS,$17.15,1440695445916,"83,835",60% bullish,of 5 ratings,$21.50
CHSCL,$27.15,1440695445967,"6,136",Not yet rated,NULL,N/A
CHSCM,$26.11,1440695446049,"8,805",Not yet rated,NULL,N/A
CHSCN,$26.9,1440695446074,"2,351",Not yet rated,NULL,N/A
CHSCP,$30.4201,1440695446218,"3,325",Not yet rated,NULL,N/A
CHSCO,$28.252,1440695446410,"5,220",Not yet rated,NULL,N/A
CHUY,$30.78,1440695446440,"80,074",50% bullish,of 2 ratings,$34
CDTX,$14.32,1440695446462,"8,709",Not yet rated,NULL,$22
CMCT,$15.551,1440695446496,142,100% bearish,of 1 rating,N/A
CIFC,$7.02,1440695446525,"1,192",100% bearish,of 1 rating,N/A
CHDN,$134.69,1440695446553,"12,511",Not yet rated,NULL,$165
CMPR,$69.55,1440695446599,"116,225",50% bullish,of 2 ratings,$72.50
CINF,$53.13,1440695446626,"167,460",50% bullish,of 4 ratings,$50.50
CTAS,$85.64,1440695446796,"150,930",100% bearish,of 1 rating,$91
CIDM,$0.5825,1440695446828,"13,612",50% bullish,of 2 ratings,$2.10
CRUS,$30.21,1440695446894,"595,889",75% bullish,of 12 ratings,$44.50
CPHR,$5.55,1440695446921,"2,850",100% bearish,of 1 rating,$17
CSCO,$25.9864,1440695446949,"8,148,355",84% bullish,of 209 ratings,$32
CTRN,$26.97,1440695447053,"17,099",100% bearish,of 1 rating,$31.50
CZNC,$19.8789,1440695447206,"6,400",Not yet rated,NULL,N/A
CTXS,$69.43,1440695447240,"602,730",86% bullish,of 7 ratings,$80
CZWI,NULL,1440695447264,0,Not yet rated,NULL,N/A
CZFC,NULL,1440695447288,0,Not yet rated,NULL,N/A
CHCO,$47.21,1440695447337,"9,723",Not yet rated,NULL,$46
CIZN,$19.26,1440695447370,100,Not yet rated,NULL,N/A
CIVBP,NULL,1440695447467,0,Not yet rated,NULL,N/A
CIVB,$10.206,1440695447491,"1,264",Not yet rated,NULL,$11
CLNE,$4.8,1440695447670,"683,814",80% bullish,of 15 ratings,$9
CLNT,$1.3501,1440695447697,"11,702",75% bullish,of 8 ratings,N/A
CDTI,$1.6,1440695447718,"74,497",75% bullish,of 4 ratings,$3.20
CBLI,$3.7151,1440695447935,"11,356",60% bullish,of 5 ratings,N/A
CLFD,$16.59,1440695447967,"16,983",67% bullish,of 3 ratings,$18
CLRO,$11.51,1440695447990,"1,418",50% bullish,of 2 ratings,$14.25
CSBK,$13.72,1440695448023,"36,750",Not yet rated,NULL,N/A
CLIR,$4.73,1440695448044,"37,222",100% bullish,of 3 ratings,N/A
CMFN,$11.5368,1440695448078,"26,211",100% bearish,of 1 rating,$15.50
CLVS,$75.62,1440695448127,"177,646",60% bullish,of 5 ratings,$101.50
CME,$92.96,1440695448175,"447,518",67% bullish,of 3 ratings,$102
CNV,$4.48,1440695448311,"29,368",50% bullish,of 2 ratings,$7.15
CCNE,$16.8955,1440695448343,"2,610",50% bullish,of 2 ratings,$21.50
CISG,$7.74,1440695448440,"21,122",100% bullish,of 5 ratings,$10
CWAY,$11.2099,1440695448470,600,Not yet rated,NULL,N/A
COBZ,$12.98,1440695448598,"22,899",100% bullish,of 1 rating,$14
CDRB,$12.43,1440695448632,"3,842",67% bullish,of 3 ratings,N/A
CDXS,$3.56,1440695448728,"8,275",64% bullish,of 11 ratings,$6
COKE,$157.2201,1440695448754,"8,917",79% bullish,of 19 ratings,N/A
CCOI,$27.51,1440695448826,"155,488",50% bullish,of 4 ratings,$35
CVLY,$20.56,1440695448855,424,Not yet rated,NULL,N/A
JVA,$4.67,1440695448957,"12,133",83% bullish,of 6 ratings,$7
CGNX,$35.39,1440695449061,"198,016",50% bullish,of 2 ratings,$47
CGNT,$1.46,1440695449095,"20,205",100% bullish,of 2 ratings,$2
CTSH,$63.74,1440695449121,"1,073,384",90% bullish,of 10 ratings,$75
COHR,$57.42,1440695449161,"41,065",50% bullish,of 2 ratings,$72
CHRS,$28.18,1440695449190,"87,076",67% bearish,of 3 ratings,$37
COHU,$9.55,1440695449297,"38,146",100% bearish,of 1 rating,$14.25
CLRX,$0.54,1440695449397,"21,305",50% bullish,of 2 ratings,N/A
COLL,$15.1,1440695449722,"19,358",100% bearish,of 1 rating,$26
CLCD,$6.425,1440695449750,"19,464",100% bearish,of 1 rating,$20.50
CLCT,$18.69,1440695449771,"8,343",100% bearish,of 1 rating,N/A
CIGI,$43.83,1440695449799,"1,160",100% bearish,of 1 rating,$52
CBAN,NULL,1440695449828,0,Not yet rated,NULL,N/A
COLB,$30.28,1440695449849,"67,507",Not yet rated,NULL,$36
COLM,$61.91,1440695449932,"36,089",100% bearish,of 1 rating,$71
CMCO,$18.5,1440695449993,"35,314",60% bullish,of 5 ratings,$28
CBMX,$1.1301,1440695450082,"10,017",83% bullish,of 6 ratings,$3.15
CMCSA,$56.66,1440695450242,"3,485,078",66% bullish,of 35 ratings,$69.50
CUBN,NULL,1440695450271,0,Not yet rated,NULL,N/A
CMCSK,$57.43,1440695450292,"967,117",Not yet rated,NULL,$84
CBSHP,$25.36,1440695450322,122,100% bearish,of 1 rating,N/A
CBSH,$44.76,1440695450353,"69,504",50% bullish,of 2 ratings,$46
CVGI,$4.89,1440695450454,"30,959",50% bullish,of 2 ratings,$6
COMM,$31.03,1440695450646,"410,257",67% bearish,of 3 ratings,$35
CSAL,$21,1440695450674,"131,760",75% bullish,of 4 ratings,$30
CYHHZ,$0.011,1440695450703,"22,172",100% bullish,of 1 rating,N/A
ESXB,$5.0611,1440695450728,"1,400",Not yet rated,NULL,N/A
JCS,NULL,1440695450803,0,67% bullish,of 3 ratings,N/A
CWBC,$6.74,1440695450872,204,Not yet rated,NULL,N/A
CTBI,$34.69,1440695450934,"8,967",Not yet rated,NULL,$36
COB,$10.3,1440695450960,"6,157",100% bullish,of 1 rating,$11.75
CVLT,$36.05,1440695451091,"174,450",75% bullish,of 4 ratings,$44.50
CIL,$33.77,1440695451116,200,Not yet rated,NULL,N/A
CIZ,$33.52,1440695451143,"1,168",100% bearish,of 1 rating,N/A
CID,$33.74,1440695451177,200,Not yet rated,NULL,N/A
CSA,NULL,1440695451324,0,Not yet rated,NULL,N/A
CDC,$34.69,1440695451455,"12,690",Not yet rated,NULL,N/A
CSF,$36.5592,1440695451489,"2,894",100% bearish,of 1 rating,N/A
CFO,$35.636,1440695451545,"8,263",100% bearish,of 1 rating,N/A
CSB,NULL,1440695451572,0,Not yet rated,NULL,N/A
CGEN,$4.9001,1440695451597,"38,868",50% bullish,of 2 ratings,$11
CFA,$35.6786,1440695451618,"13,651",100% bearish,of 1 rating,N/A
CDL,NULL,1440695451774,0,Not yet rated,NULL,N/A
CTG,$6.66,1440695451850,"14,040",100% bearish,of 1 rating,$8.50
CHCI,$0.7327,1440695451930,"6,530",50% bullish,of 2 ratings,N/A
SCOR,$54.22,1440695451961,"90,757",100% bearish,of 1 rating,$66
CNSI,$18.95,1440695452000,"32,569",100% bearish,of 2 ratings,$29
CMTL,$25.38,1440695452063,"43,553",100% bearish,of 2 ratings,$37
CPSI,$45.25,1440695452090,"27,551",100% bearish,of 1 rating,$45.50
CNAT,$3.65,1440695452148,"54,244",83% bullish,of 6 ratings,$13
CNCE,$15.5,1440695452249,"75,845",75% bullish,of 4 ratings,$22
CXRX,$74.51,1440695452294,"2,300",100% bearish,of 1 rating,$90
CCUR,$4.59,1440695452392,"32,707",75% bullish,of 4 ratings,N/A
CDORO,$17,1440695452471,162,100% bearish,of 1 rating,N/A
CDOR,$1.28,1440695452519,100,100% bullish,of 1 rating,N/A
CDORP,NULL,1440695452565,0,100% bearish,of 1 rating,N/A
CFMS,$20,1440695452599,"104,688",Not yet rated,NULL,$27
CNFR,$10.2523,1440695452625,"1,612",Not yet rated,NULL,N/A
CNMD,$53.25,1440695452765,"49,575",Not yet rated,NULL,$59
CTWS,$34.51,1440695452790,"6,274",100% bearish,of 1 rating,$44
CNOB,$19.49,1440695452841,"14,370",100% bullish,of 1 rating,$23.50
CNXR,$6.4,1440695452926,"16,205",100% bearish,of 1 rating,$12
CONN,$31.15,1440695453056,"164,936",67% bullish,of 3 ratings,$48.50
CWCO,$10.4693,1440695453110,"34,716",67% bullish,of 3 ratings,$14.50
CNSL,$19.45,1440695453131,"49,628",100% bearish,of 1 rating,$23
CTCT,$24.49,1440695453303,"83,881",67% bullish,of 3 ratings,$37
CPSS,$5.62,1440695453368,"20,830",100% bullish,of 1 rating,$10
CFRXW,$1.64,1440695453399,"1,229",100% bearish,of 1 rating,N/A
CFRX,$5.024,1440695453431,"9,000",Not yet rated,NULL,$14
CFRXZ,NULL,1440695453456,0,Not yet rated,NULL,N/A
CTRV,$3.5515,1440695453478,613,Not yet rated,NULL,$6.40
CTRL,$8.25,1440695453630,"76,206",50% bullish,of 2 ratings,$11
CRBP,$1.94,1440695453711,"257,428",100% bullish,of 2 ratings,$6.25
CPRT,$34.69,1440695453770,"74,061",67% bearish,of 3 ratings,$40
BVA,NULL,1440695453854,0,50% bullish,of 2 ratings,N/A
CORE,$59.63,1440695453902,"25,652",100% bearish,of 1 rating,$72
CORT,$5.01,1440695453928,"104,512",67% bullish,of 3 ratings,$12
CORI,$10.59,1440695453949,"27,761",100% bearish,of 1 rating,$18
CRVL,$31.35,1440695454128,"8,568",100% bearish,of 1 rating,N/A
COSI,$1.1988,1440695454159,"71,899",100% bullish,of 1 rating,N/A
CSGP,$179.28,1440695454210,"39,559",50% bullish,of 2 ratings,$235
CSOD,$35.9,1440695454261,"255,984",50% bullish,of 2 ratings,$42
COST,$140.29,1440695454289,"732,709",79% bullish,of 24 ratings,$154.50
CVTI,$22.92,1440695454355,"39,302",67% bearish,of 3 ratings,$39
CPAH,$0.47,1440695454385,"3,779",50% bullish,of 2 ratings,N/A
ICBK,$18.56,1440695454414,200,Not yet rated,NULL,$21
COVS,$2.625,1440695454547,"36,768",67% bullish,of 3 ratings,N/A
COWN,$5.1106,1440695454673,"313,879",75% bullish,of 4 ratings,$7
COWNL,NULL,1440695454835,0,Not yet rated,NULL,N/A
CPSH,$2.24,1440695454882,"1,800",Not yet rated,NULL,N/A
CBRL,$146.92,1440695455021,"85,596",50% bullish,of 2 ratings,$155
CRAI,$21.82,1440695455046,"14,833",100% bearish,of 1 rating,$36
CRAY,$20.4525,1440695455110,"113,723",83% bullish,of 6 ratings,$38.50
BREW,$7.65,1440695455144,"16,145",67% bullish,of 6 ratings,$15
SLVO,$9.922,1440695455237,"14,333",100% bearish,of 1 rating,N/A
CACC,$197.435,1440695455264,"36,395",50% bullish,of 2 ratings,$158.50
CREE,$26.7976,1440695455290,"474,361",65% bullish,of 17 ratings,$29.50
GLDI,$10.95,1440695455321,"5,474",100% bearish,of 1 rating,N/A
CRESY,$10.36,1440695455420,"11,174",100% bearish,of 1 rating,$19
CCRN,$13.99,1440695455494,"69,364",100% bearish,of 1 rating,$14.25
CRTO,$44.33,1440695455522,"143,891",67% bullish,of 6 ratings,$64
CROX,$14.05,1440695455544,"434,643",63% bullish,of 8 ratings,$16.50
CRDS,$1.01,1440695455748,"64,000",50% bullish,of 4 ratings,$4.50
CRWS,$8.1,1440695455824,"5,123",Not yet rated,NULL,$10
CYRX,$2.86,1440695455888,"13,464",Not yet rated,NULL,$9
CYRXW,$0.869,1440695455933,"2,900",Not yet rated,NULL,N/A
CRWN,$4.45,1440695455962,"19,904",75% bullish,of 4 ratings,N/A
CSGS,$30.55,1440695456017,"90,252",Not yet rated,NULL,$40
CCLP,$14.25,1440695456045,"22,852",67% bearish,of 3 ratings,$20
CTCM,$1.74,1440695456066,"120,694",80% bearish,of 5 ratings,$3.90
CSPI,NULL,1440695456118,0,67% bullish,of 3 ratings,N/A
CTIB,$3.55,1440695456339,"3,299",100% bearish,of 1 rating,N/A
CTIC,$1.575,1440695456365,"713,829",84% bullish,of 76 ratings,$5.75
CTRP,$69.09,1440695456387,"1,194,630",75% bullish,of 8 ratings,$92
CUNB,$20.98,1440695456412,"3,782",Not yet rated,NULL,$24.50
CPIX,$6.02,1440695456546,"1,500",Not yet rated,NULL,N/A
CUI,$5.05,1440695456571,"8,878",50% bullish,of 2 ratings,$10
CMLS,$1.425,1440695456597,"135,845",50% bullish,of 4 ratings,$6
CRIS,$2.48,1440695456737,"121,994",100% bullish,of 8 ratings,$6
CUTR,$14.35,1440695456764,"34,639",67% bearish,of 3 ratings,$18
CVV,$10.81,1440695456830,"3,761",100% bullish,of 5 ratings,N/A
CYAN,$7.58,1440695456857,"4,402",100% bearish,of 1 rating,N/A
CVBF,$16.11,1440695456894,"103,187",Not yet rated,NULL,$18
CYBX,$67,1440695457260,"141,512",50% bullish,of 4 ratings,$71.50
CYCC,$0.5299,1440695457292,"13,213",73% bullish,of 11 ratings,N/A
CYBE,$6.21,1440695457324,"15,665",100% bearish,of 1 rating,N/A
CYBR,$51.68,1440695457345,"615,940",75% bullish,of 8 ratings,$66
CYCCP,NULL,1440695457424,0,100% bearish,of 1 rating,N/A
CBAY,$2.6168,1440695457477,"24,906",100% bullish,of 1 rating,$4
CYNA,$16.07,1440695457577,"7,128",100% bullish,of 1 rating,$31.50
CYNO,$31.25,1440695457632,"141,132",67% bearish,of 3 ratings,$45.50
CYTK,$6.82,1440695457677,"60,532",71% bullish,of 14 ratings,$13.50
CY,$9.8701,1440695457726,"2,284,788",80% bullish,of 10 ratings,$15.50
CONE,$31.96,1440695457775,"164,537",67% bearish,of 3 ratings,$35.50
CYRN,$1.69,1440695457802,"11,800",67% bullish,of 3 ratings,$4
CYTX,$0.302,1440695457835,"1,505,319",83% bullish,of 12 ratings,$5.50
CTSO,$6.52,1440695457861,"17,580",Not yet rated,NULL,$15.625
CYTR,$2.31,1440695458050,"237,983",67% bullish,of 6 ratings,$10
DAEG,$0.36,1440695458075,300,100% bearish,of 1 rating,N/A
TVIX,$11.1699,1440695458276,"6,869,722",81% bullish,of 16 ratings,N/A
XIV,$29.5533,1440695458301,"14,326,472",75% bearish,of 4 ratings,N/A
TVIZ,$16.62,1440695458330,"6,942",100% bearish,of 1 rating,N/A
ZIV,$43.16,1440695458356,"223,726",Not yet rated,NULL,N/A
DARA,$0.849,1440695458436,"42,189",83% bullish,of 6 ratings,$1.50
DAIO,$2.68,1440695458486,604,Not yet rated,NULL,N/A
DJCO,$196.33,1440695458513,360,Not yet rated,NULL,N/A
DAKT,$8.3499,1440695458539,"197,136",50% bullish,of 2 ratings,$14
DRAM,$1.19,1440695458668,"21,028",78% bullish,of 9 ratings,N/A
DWCH,$5.02,1440695458715,"15,629",75% bullish,of 4 ratings,$8.25
DTEA,$12.82,1440695458745,"23,832",100% bearish,of 2 ratings,$24
DTLK,$5.78,1440695458847,"29,044",100% bearish,of 1 rating,$9
PLAY,$35.73,1440695458872,"163,402",100% bullish,of 5 ratings,$42
DWSN,$4.28,1440695458897,"4,290",67% bullish,of 3 ratings,N/A
DBVT,$41.1299,1440695459144,"94,414",100% bearish,of 1 rating,$53
DHRM,$1.5,1440695459174,"11,750",Not yet rated,NULL,N/A
DFRG,$14.57,1440695459304,"41,716",100% bearish,of 1 rating,$20
TACO,$13.19,1440695459334,"64,661",75% bullish,of 4 ratings,$20
TACOW,$4.04,1440695459355,"8,028",100% bullish,of 1 rating,N/A
DCTH,$0.397,1440695459376,"74,829",78% bullish,of 9 ratings,N/A
DELT,$2.68,1440695459414,"4,100",Not yet rated,NULL,N/A
TRAK,$62.83,1440695459435,"149,269",50% bullish,of 2 ratings,$62.50
DELTW,NULL,1440695459613,0,Not yet rated,NULL,N/A
DGAS,$20.15,1440695459666,"4,287",67% bearish,of 3 ratings,N/A
DEPO,$29,1440695459743,"208,503",60% bullish,of 5 ratings,$29
DENN,$11.6,1440695459768,"113,970",100% bullish,of 3 ratings,$15
XRAY,$53.16,1440695459815,"163,191",100% bullish,of 1 rating,$58
DSCI,$5.99,1440695460024,"35,380",50% bullish,of 2 ratings,$16
DXM,$0.26,1440695460050,"190,644",50% bullish,of 2 ratings,N/A
DERM,$25.62,1440695460083,"48,689",100% bearish,of 1 rating,$33.50
DXLG,$5.2,1440695460105,"123,073",100% bearish,of 1 rating,$8
DEST,$11.28,1440695460134,"45,464",50% bullish,of 2 ratings,N/A
DSWL,$1.7399,1440695460182,500,100% bullish,of 1 rating,N/A
DXCM,$94.81,1440695460274,"322,287",57% bullish,of 7 ratings,$98
DHXM,NULL,1440695460331,0,Not yet rated,NULL,N/A
DHIL,$191.87,1440695460404,560,Not yet rated,NULL,N/A
DMND,$28.8,1440695460433,"156,378",75% bullish,of 12 ratings,$32
FANG,$67.26,1440695460535,"351,644",50% bullish,of 2 ratings,$86.50
DRNA,$10.64,1440695460704,"23,688",67% bearish,of 3 ratings,$25
DCIX,$1.75,1440695460739,"76,910",50% bullish,of 4 ratings,$3.50
DGII,$9.68,1440695460760,"19,546",100% bearish,of 1 rating,$10
DGLY,$8.0201,1440695460838,"123,711",50% bullish,of 6 ratings,$20
DRAD,$3.685,1440695460867,"10,212",100% bullish,of 1 rating,$5.25
DMRC,$34.89,1440695460893,"19,179",100% bearish,of 1 rating,$44
APPS,$2.36,1440695461021,"43,416",100% bearish,of 1 rating,$10.25
DCOM,$16.96,1440695461047,"70,420",100% bearish,of 2 ratings,$16.50
DISCA,$27.2535,1440695461074,"638,742",67% bullish,of 3 ratings,$34
DIOD,$20.04,1440695461116,"44,355",75% bearish,of 4 ratings,$24
DPRX,$12.5152,1440695461204,"3,306",100% bullish,of 2 ratings,$27.75
DISCB,$27.0801,1440695461338,200,100% bearish,of 1 rating,$35
DISCK,$25.6664,1440695461364,"240,790",100% bearish,of 1 rating,$32
DISH,$59.77,1440695461507,"505,381",69% bullish,of 13 ratings,$73
DSCO,$0.3651,1440695461532,"177,299",83% bullish,of 6 ratings,$2.75
DVCR,$11.19,1440695461582,902,100% bullish,of 1 rating,N/A
BAGR,$2.78,1440695461664,"20,409",100% bearish,of 1 rating,$6
DLHC,$2.4771,1440695461695,"1,834",100% bearish,of 1 rating,N/A
DNBF,$26.3,1440695461794,200,Not yet rated,NULL,$27.50
DLTR,$77.175,1440695461823,"2,055,257",82% bullish,of 11 ratings,$88
DGICA,$14.37,1440695461851,"5,327",100% bearish,of 1 rating,$17
HILL,$9.675,1440695462058,"466,494",60% bearish,of 5 ratings,$9.75
DMLP,$14.48,1440695462082,"22,845",100% bearish,of 1 rating,N/A
DGICB,NULL,1440695462107,0,100% bearish,of 1 rating,N/A
DORM,$51.175,1440695462159,"39,895",100% bearish,of 1 rating,$56
DRWI,$0.2197,1440695462236,"64,560",60% bullish,of 5 ratings,$.45
DRWIW,$0.049,1440695462334,400,Not yet rated,NULL,N/A
DWA,$20.305,1440695462472,"331,061",63% bullish,of 8 ratings,$26
DSKX,$3.29,1440695462516,"33,753",100% bullish,of 1 rating,N/A
DRYS,$0.4474,1440695462544,"3,616,821",77% bullish,of 31 ratings,$.60
DSPG,$8.9,1440695462566,"18,138",100% bearish,of 1 rating,$13.50
CADTR,$0.2,1440695462600,"10,500",Not yet rated,NULL,N/A
CADT,NULL,1440695462620,0,Not yet rated,NULL,N/A
CADTU,NULL,1440695462753,0,Not yet rated,NULL,N/A
CADTW,NULL,1440695462823,0,Not yet rated,NULL,N/A
DNKN,$51.68,1440695462958,"264,064",67% bullish,of 15 ratings,$56.50
DTSI,$26.65,1440695462983,"17,608",100% bearish,of 2 ratings,$39.50
BOOM,$9.4,1440695463113,"24,736",67% bullish,of 3 ratings,$12
DYSL,$1.5101,1440695463203,"38,540",100% bullish,of 2 ratings,N/A
DXPE,$26.5,1440695463258,"244,854",50% bullish,of 2 ratings,N/A
DYAX,$23.89,1440695463289,"356,284",89% bullish,of 9 ratings,$30
DYNT,$3,1440695463394,"7,747",75% bullish,of 4 ratings,N/A
DRRX,$2.01,1440695463438,"69,941",50% bullish,of 6 ratings,$3
ETFC,$26.515,1440695463491,"1,577,719",57% bullish,of 14 ratings,$32.50
DVAX,$28.507,1440695463592,"151,005",70% bullish,of 10 ratings,$40
EBMT,$12.039,1440695463644,597,Not yet rated,NULL,$13.50
EGBN,$42,1440695463726,"51,100",Not yet rated,NULL,$48
EGLE,$6.74,1440695463759,"6,364",60% bullish,of 5 ratings,N/A
EGRX,$81.86,1440695463859,"177,126",67% bullish,of 3 ratings,$97
ELNK,$8.45,1440695464059,"218,461",60% bullish,of 5 ratings,$9.50
EROC,$1.412,1440695464096,"210,662",50% bullish,of 2 ratings,$3
EACQU,NULL,1440695464145,0,Not yet rated,NULL,N/A
EWBC,$40.26,1440695464193,"332,432",100% bearish,of 1 rating,$50
EML,$16.77,1440695464225,"1,202",Not yet rated,NULL,N/A
EBAY,$27.14,1440695464254,"4,929,513",81% bullish,of 117 ratings,$48
EBIX,$28.58,1440695464327,"145,753",69% bullish,of 13 ratings,$40
EVBS,NULL,1440695464356,0,Not yet rated,NULL,$7
ELON,$0.5401,1440695464538,"32,207",50% bullish,of 2 ratings,N/A
ECHO,$23.6,1440695464566,"224,702",67% bearish,of 3 ratings,$35.50
EEI,$11.33,1440695464614,"6,641",67% bearish,of 3 ratings,N/A
SATS,$44.83,1440695464638,"26,085",50% bullish,of 2 ratings,$60
ECTE,$1.5242,1440695464699,"1,434",75% bullish,of 4 ratings,N/A
ECACU,$10.06,1440695464801,100,Not yet rated,NULL,N/A
ESES,$3.43,1440695464939,500,100% bearish,of 1 rating,$7
EDAP,$3.5601,1440695464966,"83,631",60% bullish,of 5 ratings,$4.50
EDGW,$7.01,1440695464994,"6,174",100% bearish,of 1 rating,N/A
EFUT,$4.32,1440695465157,"2,600",Not yet rated,NULL,N/A
EGAN,$3.48,1440695465186,"50,890",50% bullish,of 2 ratings,$6.25
EDUC,$5.25,1440695465207,"7,470",100% bearish,of 1 rating,N/A
EHTH,$14.09,1440695465237,"33,478",50% bullish,of 4 ratings,$16.50
LOCO,$12.75,1440695465382,"441,829",69% bullish,of 13 ratings,$20
EGLT,$10.35,1440695465409,"17,089",50% bullish,of 2 ratings,$21
EMITF,$1.25,1440695465457,"6,794",75% bullish,of 4 ratings,N/A
ESLT,$77.084,1440695465552,"2,468",67% bullish,of 3 ratings,N/A
ERI,$9.6999,1440695465583,"30,809",100% bearish,of 1 rating,$10
ESIO,$4.3,1440695465657,"42,650",50% bullish,of 2 ratings,$10
ELRC,$10.35,1440695465730,"14,886",100% bearish,of 1 rating,N/A
EA,$67.335,1440695465795,"751,544",77% bullish,of 35 ratings,$80
ELEC,NULL,1440695465859,0,Not yet rated,NULL,N/A
EFII,$44.28,1440695465945,"80,585",80% bullish,of 5 ratings,$55
ELSE,$3.8001,1440695465973,"1,247",60% bullish,of 5 ratings,N/A
ELECU,NULL,1440695465997,0,Not yet rated,NULL,N/A
RDEN,$10.62,1440695466227,"17,490",100% bearish,of 4 ratings,$15
CAPX,$22.83,1440695466254,"5,600",Not yet rated,NULL,N/A
EBIO,$3.668,1440695466287,"241,410",100% bearish,of 2 ratings,$8.35
ELTK,$1.24,1440695466386,"84,166",67% bearish,of 3 ratings,N/A
LONG,$17.05,1440695466437,"30,962",67% bullish,of 3 ratings,$15.75
ELECW,NULL,1440695466462,0,Not yet rated,NULL,N/A
ESBK,$19.62,1440695466489,340,Not yet rated,NULL,N/A
EMCI,$23.2,1440695466617,"8,482",Not yet rated,NULL,N/A
EMCF,NULL,1440695466715,0,100% bearish,of 1 rating,N/A
EMMS,$1.13,1440695466851,"32,550",83% bullish,of 6 ratings,N/A
EMMSP,NULL,1440695466880,0,100% bearish,of 1 rating,N/A
EMKR,$6.96,1440695466931,"25,792",75% bullish,of 4 ratings,$8.50
ERS,$2.87,1440695466957,"2,300",Not yet rated,NULL,N/A
NYNY,$4.28,1440695466985,"12,004",50% bullish,of 2 ratings,N/A
ENTA,$41.86,1440695467027,"62,591",50% bullish,of 2 ratings,$42
ECPG,$39.45,1440695467135,"53,884",100% bullish,of 2 ratings,$52
ECYT,$5.14,1440695467367,"62,746",83% bullish,of 6 ratings,$12
ELGX,$13.01,1440695467392,"154,709",75% bullish,of 4 ratings,$17
ENDP,$79.14,1440695467438,"407,299",50% bullish,of 6 ratings,$104
EIGI,$15.49,1440695467467,"141,235",67% bearish,of 3 ratings,$22.50
WIRE,$31.04,1440695467533,"34,112",100% bearish,of 1 rating,$37
WATT,$6.24,1440695467569,"37,780",50% bullish,of 2 ratings,$13
EFOI,$21,1440695467699,"787,307",50% bullish,of 2 ratings,$20.50
ERII,$2.69,1440695467758,"17,169",80% bullish,of 5 ratings,$2.50
ENOC,$8.54,1440695467861,"47,234",75% bullish,of 4 ratings,$18
EXXI,$1.69,1440695467888,"1,170,825",86% bullish,of 7 ratings,$3.50
ENPH,$4.71,1440695467909,"305,388",75% bullish,of 4 ratings,$11
ENG,$0.9994,1440695467941,"3,910",100% bullish,of 3 ratings,N/A
ESGR,$145,1440695467970,"4,645",100% bearish,of 1 rating,$185
ENFC,NULL,1440695468073,0,Not yet rated,NULL,N/A
ENTG,$13.78,1440695468111,"152,866",100% bearish,of 1 rating,$18
ENTL,$22.14,1440695468203,"3,400",Not yet rated,NULL,$28
EBTC,$22.14,1440695468286,"2,680",Not yet rated,NULL,N/A
ETRM,$0.2708,1440695468339,"581,542",69% bearish,of 35 ratings,$1.625
EFSC,$23.7,1440695468430,"23,491",Not yet rated,NULL,$27
EGT,$2.24,1440695468454,206,100% bullish,of 1 rating,N/A
ENZN,$1.0501,1440695468619,"380,811",100% bullish,of 9 ratings,N/A
EPIQ,$13.01,1440695468647,"23,156",100% bearish,of 1 rating,$18
ENZY,$9.19,1440695468676,"2,577",67% bullish,of 3 ratings,$9.50
ENVI,$1.89,1440695468707,"32,829",67% bullish,of 3 ratings,N/A
EPZM,$17.519,1440695468780,"129,795",60% bullish,of 5 ratings,$34
EPRS,$4.89,1440695468810,"46,236",82% bullish,of 11 ratings,$15
PLUS,$75.33,1440695468863,"32,339",50% bullish,of 2 ratings,$88
EQIX,$266.65,1440695468913,"154,923",75% bullish,of 4 ratings,$312.50
EQFN,$8.03,1440695469042,200,100% bearish,of 1 rating,N/A
ERIC,$9.885,1440695469142,"556,762",67% bullish,of 9 ratings,$12.20
EAC,$3.23,1440695469242,"5,035",100% bearish,of 1 rating,$8
ERIE,$82.31,1440695469308,"4,260",Not yet rated,NULL,$73
ESCA,$17.15,1440695469335,"2,512",100% bearish,of 1 rating,$22
ESCR,$0.16,1440695469360,"98,157",50% bullish,of 2 ratings,N/A
ESPR,$52.36,1440695469544,"267,016",70% bearish,of 10 ratings,$123
ESCRP,$1.4,1440695469568,"1,750",100% bearish,of 1 rating,N/A
EPIX,NULL,1440695469631,0,Not yet rated,NULL,N/A
ESSA,$12.7501,1440695469714,646,100% bearish,of 1 rating,N/A
ETSY,$14.01,1440695469742,"308,953",80% bullish,of 5 ratings,$16
ESND,$34.28,1440695469779,"27,260",100% bearish,of 2 ratings,$40
ESMC,$1.3,1440695469875,"2,406",Not yet rated,NULL,N/A
ESSX,$0.3613,1440695469903,"60,738",50% bullish,of 2 ratings,N/A
CLWT,$2.41,1440695469940,200,100% bearish,of 1 rating,N/A
EEFT,$65.2,1440695470102,"113,213",100% bearish,of 1 rating,$67.50
ESEA,$5.55,1440695470146,401,100% bullish,of 1 rating,$15
EVEP,$8.1836,1440695470310,"179,645",50% bullish,of 2 ratings,$15
EVLV,$2.5,1440695470347,"97,559",60% bullish,of 5 ratings,$6
EVK,$3.75,1440695470411,300,75% bearish,of 4 ratings,N/A
EVOK,$4.08,1440695470436,"14,126",100% bearish,of 1 rating,$13.375
EXA,$10.97,1440695470492,"4,750",100% bearish,of 1 rating,$13
EVOL,$5.915,1440695470520,"2,925",75% bullish,of 4 ratings,$10
EXAS,$22.19,1440695470626,"431,719",78% bullish,of 9 ratings,$31
EXEL,$5.98,1440695470658,"4,186,558",81% bullish,of 16 ratings,$6
EXFO,$2.9462,1440695470790,"17,052",67% bearish,of 3 ratings,$3.95
EXPD,$49.96,1440695470861,"489,271",80% bullish,of 5 ratings,$52
EXAC,$18.4,1440695470890,"63,708",100% bearish,of 1 rating,$22.50
EXLS,$36.27,1440695470918,"74,134",50% bullish,of 2 ratings,$41
EXPE,$117.58,1440695470943,"339,071",64% bullish,of 11 ratings,$130
EXPO,$42.44,1440695470991,"41,407",100% bearish,of 1 rating,$45.50
ESRX,$85.17,1440695471186,"871,092",67% bearish,of 6 ratings,$101
EXTR,$2.79,1440695471288,"333,601",80% bullish,of 5 ratings,$3
EXLP,$19.54,1440695471318,"72,310",100% bearish,of 1 rating,$25
EYEG,$3.6724,1440695471343,"8,005",Not yet rated,NULL,N/A
EZPW,$5.84,1440695471476,"81,502",50% bullish,of 4 ratings,$7.50
FB,$89.8664,1440695471507,"14,256,519",73% bullish,of 1067 ratings,$111
EYEGW,$0.9024,1440695471536,172,Not yet rated,NULL,N/A
FFIV,$123.905,1440695471563,"371,330",63% bullish,of 8 ratings,$132
EZCH,$22.41,1440695471589,"103,885",75% bullish,of 8 ratings,$19.50
FCS,$13.61,1440695471749,"242,829",67% bearish,of 3 ratings,$17
FRP,$15.56,1440695471911,"60,628",100% bearish,of 1 rating,$18
FALC,$1.6736,1440695471941,"80,643",63% bearish,of 8 ratings,N/A
FWM,$2.43,1440695471981,"66,135",100% bearish,of 2 ratings,$3.20
DAVE,$14.49,1440695472006,"1,972",100% bearish,of 1 rating,$15.50
FARM,$21.54,1440695472037,"26,850",100% bearish,of 1 rating,$35
FFKT,$25.85,1440695472137,"6,536",Not yet rated,NULL,$29
FMNB,$8.09,1440695472234,"10,772",Not yet rated,NULL,N/A
FAST,$38.977,1440695472282,"763,397",80% bullish,of 5 ratings,$45.50
FARO,$38.085,1440695472312,"17,774",50% bullish,of 2 ratings,$48
FATE,$6.62,1440695472415,"7,804",50% bullish,of 2 ratings,$11
FDML,$8.46,1440695472441,"124,462",50% bullish,of 4 ratings,$14
FBSS,NULL,1440695472472,0,Not yet rated,NULL,N/A
FBRC,$21.8,1440695472573,"37,668",100% bearish,of 1 rating,$29
FEIC,$75.63,1440695472619,"88,110",50% bullish,of 2 ratings,$95.50
FNHC,$22.09,1440695472751,"18,979",100% bearish,of 1 rating,$35
FHCO,$1.34,1440695472900,"3,558",50% bullish,of 4 ratings,N/A
ONEQ,$189.0901,1440695473115,"24,176",100% bullish,of 1 rating,N/A
FCSC,$5.57,1440695473143,"36,963",100% bearish,of 1 rating,$8.125
FRGI,$52.44,1440695473164,"55,424",50% bullish,of 2 ratings,$70
FSAM,$8.3,1440695473223,"3,414",100% bearish,of 1 rating,$10.25
FSC,$6.4,1440695473296,"400,023",60% bullish,of 5 ratings,$8
LION,$18.89,1440695473348,"37,309",100% bullish,of 1 rating,$20
FGEN,$23.78,1440695473400,"83,887",100% bearish,of 1 rating,$39
FENX,$9.58,1440695473483,"10,892",100% bullish,of 1 rating,$14.25
FSFR,$8.91,1440695473527,"36,145",100% bearish,of 1 rating,$11.50
FSCFL,$24.45,1440695473615,"4,056",Not yet rated,NULL,N/A
FDUS,$14.08,1440695473645,"18,863",50% bullish,of 2 ratings,$18
FITB,$19.9736,1440695473672,"2,979,840",54% bullish,of 13 ratings,$22
FITBI,$27.5,1440695473801,"13,004",Not yet rated,NULL,N/A
FNGN,$32.74,1440695473826,"97,790",67% bullish,of 3 ratings,$47
FNSR,$15.61,1440695474013,"325,778",71% bullish,of 7 ratings,$24.50
FISI,$24.72,1440695474150,"5,380",100% bullish,of 2 ratings,$24.50
FNJN,$1.9001,1440695474172,"51,589",100% bearish,of 1 rating,$5
FNTCW,NULL,1440695474215,0,Not yet rated,NULL,N/A
FEYE,$39.6928,1440695474246,"1,711,864",87% bullish,of 15 ratings,$55.50
FNTC,$9.83,1440695474272,1,Not yet rated,NULL,N/A
FNTCU,NULL,1440695474321,0,Not yet rated,NULL,N/A
FNLC,$18.8,1440695474451,"9,099",100% bullish,of 1 rating,N/A
BUSE,$6.37,1440695474482,"18,287",Not yet rated,NULL,$6.875
FRBA,$6.097,1440695474511,"1,500",Not yet rated,NULL,$8
FBNC,$17.1,1440695474535,"6,210",100% bullish,of 1 rating,$20
FCVA,NULL,1440695474689,0,Not yet rated,NULL,N/A
FBIZ,$44.07,1440695474742,"5,950",100% bearish,of 2 ratings,$52
FCAP,$27.4,1440695474766,88,Not yet rated,NULL,N/A
FCNCA,$238.12,1440695475008,"1,759",Not yet rated,NULL,N/A
FCLF,NULL,1440695475034,0,Not yet rated,NULL,N/A
FCFS,$39.41,1440695475064,"40,369",100% bearish,of 3 ratings,$48
FCFP,$6.823,1440695475174,250,Not yet rated,NULL,N/A
FCBC,$17.69,1440695475202,"7,085",Not yet rated,NULL,$18
FCCO,$12.05,1440695475232,"3,350",Not yet rated,NULL,$13.25
FDEF,$38,1440695475253,"15,512",Not yet rated,NULL,$38
FBNK,$17.05,1440695475288,"18,027",100% bearish,of 1 rating,$17.50
FFBC,$18.36,1440695475395,"59,389",67% bearish,of 3 ratings,$20.25
FFNM,$6.27,1440695475421,"1,150",Not yet rated,NULL,N/A
FFIN,$30.91,1440695475661,"46,809",50% bullish,of 2 ratings,$31.75
THFF,$33,1440695475762,"10,774",Not yet rated,NULL,$35
FFNW,$12.115,1440695475791,"8,893",Not yet rated,NULL,$14
FFBCW,NULL,1440695475819,0,100% bearish,of 1 rating,N/A
FFWM,$21.044,1440695475866,"23,972",Not yet rated,NULL,$24
INBK,$30.42,1440695475924,"3,224",50% bullish,of 2 ratings,$37
FRME,$25.8,1440695475949,"45,822",Not yet rated,NULL,$26.50
FIBK,$26.62,1440695475978,"41,329",Not yet rated,NULL,$32
FMBI,$17.57,1440695476134,"103,608",Not yet rated,NULL,$20
FMBH,NULL,1440695476165,0,Not yet rated,NULL,N/A
FNFG,$9.09,1440695476271,"748,493",80% bullish,of 5 ratings,$9
FNWB,NULL,1440695476351,0,Not yet rated,NULL,N/A
FNBC,$34.56,1440695476400,"35,605",Not yet rated,NULL,$40
FSFG,NULL,1440695476428,0,Not yet rated,NULL,N/A
FSGI,$2.47,1440695476563,"1,275",Not yet rated,NULL,N/A
FSLR,$47.71,1440695476596,"633,802",72% bullish,of 39 ratings,$65
FSBK,$7.8,1440695476665,"2,149",100% bullish,of 1 rating,N/A
FBZ,NULL,1440695476695,0,Not yet rated,NULL,N/A
BICK,$19.91,1440695476718,"8,340",100% bullish,of 1 rating,N/A
FCAN,$24.3988,1440695476847,"3,151",Not yet rated,NULL,N/A
FTCS,$36.6615,1440695476950,"13,976",100% bearish,of 1 rating,N/A
IFV,$17.9404,1440695477013,"321,098",100% bearish,of 1 rating,N/A
FCA,$20.2868,1440695477083,"1,377",Not yet rated,NULL,N/A
FV,$23.6336,1440695477114,"2,196,527",100% bearish,of 1 rating,N/A
FEMB,NULL,1440695477214,0,Not yet rated,NULL,N/A
FTSM,$59.85,1440695477240,"8,744",100% bearish,of 1 rating,N/A
FEUZ,NULL,1440695477371,0,Not yet rated,NULL,N/A
FGM,$36.0084,1440695477436,"5,307",Not yet rated,NULL,N/A
TDIV,$24.74,1440695477462,"53,928",100% bearish,of 1 rating,N/A
FTGC,$22.16,1440695477592,"17,055",Not yet rated,NULL,N/A
MDIV,$19.2001,1440695477622,"78,944",Not yet rated,NULL,N/A
HYLS,$49.6101,1440695477643,"16,214",100% bearish,of 1 rating,N/A
FTHI,$19.375,1440695477691,"2,500",Not yet rated,NULL,N/A
FHK,$33.8584,1440695477778,"20,968",Not yet rated,NULL,N/A
FPXI,$27.67,1440695477827,500,Not yet rated,NULL,N/A
YDIV,$16.5284,1440695477970,"4,036",Not yet rated,NULL,N/A
SKYY,$29.099,1440695478044,"22,988",100% bullish,of 1 rating,N/A
CU,$13.04,1440695478102,"3,348",100% bearish,of 1 rating,N/A
PLTM,$6.24,1440695478128,"12,591",100% bearish,of 1 rating,N/A
FTLB,$19.35,1440695478185,"1,447",100% bearish,of 1 rating,N/A
FJP,$47.5501,1440695478209,"1,634",Not yet rated,NULL,N/A
FMB,$51.1425,1440695478259,165,Not yet rated,NULL,N/A
LMBS,$50.15,1440695478354,400,Not yet rated,NULL,N/A
QABA,$37.5499,1440695478431,"6,741",100% bearish,of 1 rating,N/A
CIBR,$18.0859,1440695478486,"69,568",Not yet rated,NULL,N/A
GRID,NULL,1440695478567,0,100% bearish,of 1 rating,N/A
FONE,$35.45,1440695478667,585,Not yet rated,NULL,N/A
QCLN,$14.93,1440695478691,"13,093",Not yet rated,NULL,N/A
CARZ,$34.81,1440695478824,"3,652",100% bearish,of 1 rating,N/A
RDVY,$21.168,1440695478869,"5,497",Not yet rated,NULL,N/A
QQEW,$42.1,1440695479001,"41,270",Not yet rated,NULL,N/A
AIRR,$16.13,1440695479029,"11,524",100% bearish,of 1 rating,N/A
QQXT,$40.8299,1440695479049,"24,201",Not yet rated,NULL,N/A
QTEC,$40.254,1440695479084,"49,910",Not yet rated,NULL,N/A
QINC,NULL,1440695479111,0,Not yet rated,NULL,N/A
FTSL,$48.92,1440695479181,"24,918",100% bearish,of 1 rating,N/A
FDIV,$44.8284,1440695479286,"6,205",100% bearish,of 1 rating,N/A
FKO,$23,1440695479422,147,Not yet rated,NULL,N/A
FSZ,$39.39,1440695479483,"5,321",Not yet rated,NULL,N/A
FTW,NULL,1440695479553,0,Not yet rated,NULL,N/A
TUSA,$24.8599,1440695479614,389,Not yet rated,NULL,N/A
FKU,$41.81,1440695479686,"6,385",Not yet rated,NULL,N/A
FUNC,$8.2,1440695479715,300,Not yet rated,NULL,N/A
FMER,$17.84,1440695479815,"485,733",50% bullish,of 2 ratings,$20
SVVC,$9.43,1440695479841,"11,204",50% bullish,of 2 ratings,$26
FSV,$31.4864,1440695479876,"2,200",Not yet rated,NULL,$33.60
FPRX,$19.1295,1440695480003,"75,838",50% bullish,of 2 ratings,$35
FIVE,$37.46,1440695480032,"222,261",75% bearish,of 4 ratings,$44
FISV,$86.55,1440695480091,"526,224",100% bearish,of 3 ratings,$90
FIVN,$4.01,1440695480166,"51,824",100% bullish,of 1 rating,$8.50
FLML,$21.75,1440695480191,"65,868",50% bullish,of 2 ratings,$30
FLKS,$12.2,1440695480364,"6,412",50% bullish,of 2 ratings,$27
FLXN,$25.48,1440695480427,"45,699",100% bearish,of 1 rating,$40
FLEX,$10.68,1440695480587,"732,752",63% bullish,of 8 ratings,$12
SKOR,NULL,1440695480611,0,Not yet rated,NULL,N/A
MBSD,NULL,1440695480637,0,Not yet rated,NULL,N/A
FLXS,$32.02,1440695480659,"8,790",100% bearish,of 2 ratings,N/A
FLIR,$28.72,1440695480790,"546,268",100% bearish,of 1 rating,$38.50
FLDM,$11.29,1440695480816,"257,009",67% bearish,of 3 ratings,$15
FFIC,$20,1440695480850,"20,079",Not yet rated,NULL,$21
FOMX,$10.09,1440695480946,"46,968",50% bullish,of 2 ratings,$23.50
FOGO,$18.22,1440695481051,"41,466",50% bullish,of 2 ratings,$25.50
FONR,$9.78,1440695481103,"7,596",100% bullish,of 1 rating,N/A
FES,$0.886,1440695481132,"43,476",50% bullish,of 2 ratings,$1
FORM,$6.24,1440695481238,"58,248",67% bullish,of 3 ratings,$10.50
FORR,$32.34,1440695481425,"12,108",Not yet rated,NULL,N/A
FTNT,$43.42,1440695481455,"328,953",80% bullish,of 10 ratings,$52
FWRD,$45.53,1440695481509,"152,764",100% bearish,of 1 rating,$50
FORTY,NULL,1440695481534,0,100% bearish,of 1 rating,N/A
FORD,$2.1906,1440695481562,"6,951,181",67% bullish,of 3 ratings,N/A
FBIO,$2.61,1440695481590,"26,485",83% bullish,of 6 ratings,N/A
FWP,$26.16,1440695481619,"22,179",100% bearish,of 1 rating,$45
FOSL,$60.83,1440695481727,"251,750",60% bearish,of 5 ratings,$80
FMI,$22.15,1440695481934,"72,244",100% bearish,of 2 ratings,$27.50
FXCB,$17.15,1440695481966,"27,218",Not yet rated,NULL,$19
FOXF,$15.42,1440695481992,"8,886",100% bearish,of 1 rating,$19
FRAN,$11.18,1440695482064,"148,480",50% bullish,of 4 ratings,$15
FELE,$28.57,1440695482124,"67,123",50% bullish,of 4 ratings,$33
FRED,$12.6,1440695482256,"231,224",50% bullish,of 2 ratings,$16.50
RAIL,$19.7,1440695482287,"33,468",100% bearish,of 1 rating,$24.50
FREE,$0.3848,1440695482308,"304,050",92% bullish,of 12 ratings,N/A
FRPT,$12.85,1440695482387,"189,658",67% bearish,of 3 ratings,$23.50
FEIM,$10.87,1440695482441,108,100% bearish,of 1 rating,N/A
FTR,$4.945,1440695482470,"8,091,353",78% bullish,of 27 ratings,$6.25
FRPH,$30.88,1440695482522,"1,669",100% bearish,of 1 rating,N/A
FTRPR,$98.897,1440695482571,"2,020",100% bearish,of 1 rating,N/A
FTD,$30.32,1440695482656,"25,070",100% bearish,of 1 rating,$40
FSBW,$23.15,1440695482683,777,Not yet rated,NULL,N/A
FSYS,$6.42,1440695482887,"8,321",67% bullish,of 3 ratings,$10
FCEL,$0.7075,1440695482919,"778,957",88% bullish,of 41 ratings,$2.65
FTEK,$2.05,1440695482944,"12,198",75% bullish,of 4 ratings,N/A
FULL,$3.06,1440695483023,"143,246",67% bearish,of 3 ratings,$4.25
FULLL,NULL,1440695483163,0,Not yet rated,NULL,N/A
FFHL,NULL,1440695483189,0,50% bullish,of 4 ratings,N/A
FULT,$12.17,1440695483220,"219,297",100% bearish,of 1 rating,$13
FLL,$1.47,1440695483245,"7,148",75% bullish,of 4 ratings,$3.50
FXEN,$0.84,1440695483319,"10,159",75% bullish,of 4 ratings,$1.10
FXENP,NULL,1440695483408,0,100% bearish,of 1 rating,N/A
FSNN,NULL,1440695483455,0,67% bullish,of 3 ratings,$6
GK,$67.72,1440695483506,"18,518",Not yet rated,NULL,$78
WILC,$4.85,1440695483531,970,100% bullish,of 2 ratings,N/A
GALT,$1.91,1440695483778,"27,487",80% bullish,of 5 ratings,N/A
GLPG,$61.1,1440695483805,"12,981",100% bullish,of 1 rating,$75
GAIA,$5.92,1440695483830,"13,861",50% bullish,of 2 ratings,$8.50
GALTW,NULL,1440695484077,0,100% bullish,of 1 rating,N/A
GALTU,NULL,1440695484103,0,100% bearish,of 1 rating,N/A
GLMD,$8.83,1440695484138,"8,616",67% bullish,of 3 ratings,$20.50
GLPI,$31.64,1440695484159,"214,693",100% bearish,of 1 rating,$37.50
GALE,$1.505,1440695484191,"432,904",89% bullish,of 47 ratings,$4
GPIC,NULL,1440695484235,0,100% bearish,of 1 rating,N/A
GRMN,$38.35,1440695484267,"305,174",50% bullish,of 6 ratings,$46.50
GGAC,$9.87,1440695484377,"4,232",100% bearish,of 1 rating,N/A
GGACW,$0.15,1440695484508,"296,170",Not yet rated,NULL,N/A
GGACR,$0.25,1440695484533,"310,354",100% bullish,of 1 rating,N/A
GGACU,$10.3,1440695484562,"12,700",Not yet rated,NULL,N/A
GARS,$14.2663,1440695484666,"20,902",Not yet rated,NULL,$16
GENC,$9.28,1440695484726,800,100% bearish,of 1 rating,N/A
GNCMA,$16.99,1440695484804,"149,719",100% bearish,of 1 rating,$12
GFNCP,$93.99,1440695484871,250,Not yet rated,NULL,N/A
GENE,$2.15,1440695484898,"138,736",100% bullish,of 12 ratings,N/A
GFN,$3.68,1440695484925,"5,168",100% bearish,of 2 ratings,$8
GFNSL,$25.66,1440695484950,100,Not yet rated,NULL,N/A
GNCA,$12.39,1440695485094,"38,238",100% bearish,of 1 rating,$20
GNMK,$9.45,1440695485184,"28,975",67% bullish,of 6 ratings,$14
GHDX,$26.46,1440695485243,"46,327",50% bullish,of 2 ratings,$30
GNTX,$15.28,1440695485271,"781,008",Not yet rated,NULL,$20
THRM,$44.44,1440695485315,"77,128",75% bearish,of 4 ratings,$55.50
GNVC,$2.48,1440695485374,"3,300",90% bullish,of 10 ratings,$8.50
GEOS,$15.5601,1440695485546,"83,548",100% bearish,of 3 ratings,$21
GERN,$3.0551,1440695485646,"584,779",88% bullish,of 16 ratings,$5.25
GEVO,$2.35,1440695485683,"249,802",75% bullish,of 12 ratings,$5
GABC,$29.575,1440695485704,"7,978",Not yet rated,NULL,$31
GTWN,NULL,1440695485781,0,Not yet rated,NULL,N/A
ROCK,$16.51,1440695485812,"35,879",80% bullish,of 5 ratings,$24
GIGA,$1.44,1440695485838,"13,310",100% bearish,of 1 rating,N/A
GIGM,$0.5651,1440695485863,"5,950",100% bullish,of 2 ratings,N/A
GIII,$68.23,1440695486006,"89,974",67% bullish,of 3 ratings,$75
GILT,$4.3452,1440695486142,"8,527",50% bullish,of 2 ratings,N/A
GILD,$109.138,1440695486190,"3,544,684",91% bullish,of 87 ratings,$129
GLADO,$25.5,1440695486323,"1,260",Not yet rated,NULL,N/A
GBCI,$25.74,1440695486350,"100,722",50% bullish,of 2 ratings,$31
GOOD,$14.65,1440695486381,"36,929",Not yet rated,NULL,$19
GLAD,$8.632,1440695486402,"194,728",50% bullish,of 2 ratings,$8.75
GOODN,NULL,1440695486481,0,Not yet rated,NULL,N/A
GAIN,$7.37,1440695486537,"69,280",100% bullish,of 2 ratings,$8.25
GOODO,$25.0641,1440695486562,799,Not yet rated,NULL,N/A
GOODP,NULL,1440695486593,0,Not yet rated,NULL,N/A
GAINO,$25.2564,1440695486749,500,Not yet rated,NULL,N/A
GAINN,$25.1799,1440695486770,"1,975",Not yet rated,NULL,N/A
LAND,$9.47,1440695486825,"18,258",50% bullish,of 2 ratings,$13.75
GAINP,$25.73,1440695486849,"1,029",Not yet rated,NULL,N/A
GLBZ,NULL,1440695486914,0,Not yet rated,NULL,N/A
ENT,$11.58,1440695487157,"67,623",100% bearish,of 1 rating,$18
GBT,$42.04,1440695487186,"29,239",100% bearish,of 1 rating,N/A
GSOL,$7.92,1440695487214,"9,220",100% bearish,of 1 rating,N/A
GDEF,NULL,1440695487291,0,Not yet rated,NULL,N/A
QQQC,$19.626,1440695487345,"5,007",100% bearish,of 1 rating,N/A
ACTX,$13.2068,1440695487392,"4,251",100% bullish,of 1 rating,N/A
GPACU,NULL,1440695487538,0,Not yet rated,NULL,N/A
ALTY,$14.35,1440695487570,558,Not yet rated,NULL,N/A
SOCL,$17.665,1440695487591,"17,033",100% bullish,of 2 ratings,N/A
GBLI,$26.75,1440695487613,"4,042",Not yet rated,NULL,N/A
SRET,$13.2725,1440695487678,"2,201",Not yet rated,NULL,N/A
YLCO,NULL,1440695487826,0,Not yet rated,NULL,N/A
GAI,$5.93,1440695487859,10,50% bullish,of 2 ratings,N/A
GBIM,$2.181,1440695487933,"18,621",50% bullish,of 2 ratings,N/A
GLBS,$0.98,1440695488002,"13,000",67% bullish,of 3 ratings,N/A
GLRI,$0.9954,1440695488031,"7,799",100% bearish,of 1 rating,$4.25
GSM,$13.6094,1440695488061,"137,285",50% bullish,of 2 ratings,$23
GLUU,$4.3812,1440695488283,"1,206,403",92% bullish,of 26 ratings,$9
GMLP,$17.61,1440695488313,"161,840",50% bullish,of 4 ratings,$32.50
GOGO,$15.6,1440695488390,"287,727",80% bullish,of 5 ratings,$25
GLYC,$6.91,1440695488422,"3,220",50% bullish,of 2 ratings,$14
GLNG,$36.67,1440695488467,"325,749",83% bullish,of 6 ratings,$58
GLDC,$4.15,1440695488519,5,50% bullish,of 2 ratings,N/A
GDEN,$9.0499,1440695488570,"1,500",50% bullish,of 2 ratings,N/A
GOGL,$2.79,1440695488598,"195,816",75% bullish,of 4 ratings,$5
GBDC,$16.81,1440695488674,"63,375",Not yet rated,NULL,$17.75
GOOGL,$663.3,1440695488878,"732,042",88% bullish,of 1080 ratings,$749
GTIM,$6.66,1440695488936,"16,708",Not yet rated,NULL,$11.50
GPRO,$48.94,1440695488966,"3,487,450",78% bullish,of 58 ratings,$72
GOOG,$634.014,1440695489038,"766,864",89% bullish,of 70 ratings,$825
GMAN,$3.77,1440695489064,"50,726",60% bullish,of 5 ratings,$8.50
GPIAU,NULL,1440695489095,0,Not yet rated,NULL,N/A
GPIA,NULL,1440695489145,0,Not yet rated,NULL,N/A
LOPE,$37.6,1440695489274,"69,434",100% bearish,of 2 ratings,$50
GPIAW,$0.975,1440695489302,"4,500",Not yet rated,NULL,N/A
GBSN,$0.41,1440695489323,"7,198,816",50% bullish,of 2 ratings,$8.25
GLDD,$5.35,1440695489479,"65,215",100% bearish,of 4 ratings,$7.75
GBSNU,NULL,1440695489503,0,NULL,NULL,NULL
GRVY,$3.1,1440695489525,"3,675",50% bullish,of 2 ratings,N/A
GSBC,$40.08,1440695489549,"12,295",100% bullish,of 1 rating,$44
GNBC,$11.59,1440695489713,"4,888",100% bearish,of 1 rating,$16.50
GRBK,$12.06,1440695489733,"86,368",77% bullish,of 13 ratings,N/A
GLRE,$24.81,1440695489891,"79,012",50% bullish,of 2 ratings,$41
GCBC,NULL,1440695489919,0,100% bullish,of 1 rating,N/A
GPRE,$19.7,1440695489944,"221,601",67% bullish,of 6 ratings,$28.50
GRIF,$30.12,1440695489994,"1,088",100% bearish,of 1 rating,N/A
GPP,$13.4299,1440695490078,"34,366",Not yet rated,NULL,$20.50
GRPN,$4.285,1440695490261,"3,246,024",61% bullish,of 71 ratings,$6.75
GGAL,$19.84,1440695490291,"87,497",80% bullish,of 5 ratings,$40
GRFS,$30.57,1440695490313,"194,048",50% bullish,of 2 ratings,$35
GSIG,$13,1440695490455,"16,432",100% bearish,of 2 ratings,N/A
GSIT,$4.67,1440695490480,"4,094",100% bearish,of 1 rating,N/A
GTXI,$0.8142,1440695490517,"10,412",100% bullish,of 5 ratings,$.75
GSVC,$8.91,1440695490656,"38,782",50% bullish,of 2 ratings,$14.50
GBNK,$15.49,1440695490804,"6,905",100% bearish,of 1 rating,$18
GUID,$7.06,1440695490907,"63,343",100% bearish,of 3 ratings,$10
GFED,NULL,1440695490951,0,Not yet rated,NULL,$17
GULTU,$0.2972,1440695491043,"164,978",100% bearish,of 1 rating,N/A
GIFI,$11.56,1440695491065,"11,500",100% bearish,of 1 rating,$16
GURE,$1.6486,1440695491095,"10,685",88% bullish,of 8 ratings,N/A
GPOR,$36.01,1440695491145,"693,102",75% bullish,of 4 ratings,$55
GWPH,$108.01,1440695491277,"83,758",78% bullish,of 9 ratings,$148.50
GWGH,NULL,1440695491305,0,100% bearish,of 1 rating,$15.05
OMAB,$40.22,1440695491350,"20,180",100% bullish,of 1 rating,$44
HEES,$18.72,1440695491439,"307,358",67% bearish,of 3 ratings,$31
GYRO,NULL,1440695491543,0,100% bearish,of 1 rating,N/A
HLG,$8.0501,1440695491687,200,100% bearish,of 1 rating,N/A
HALL,$11.3189,1440695491756,"6,299",Not yet rated,NULL,N/A
HMPR,$1.84,1440695491837,"10,170",100% bullish,of 1 rating,N/A
HBK,$13.8,1440695491886,200,50% bullish,of 2 ratings,N/A
HALO,$17.83,1440695491939,"382,326",67% bullish,of 3 ratings,$22.50
HNRG,$7.73,1440695491964,"71,278",100% bearish,of 1 rating,$10
HBHC,$27.77,1440695492021,"162,508",50% bullish,of 2 ratings,$30
HBHCL,$24.48,1440695492098,"7,848",Not yet rated,NULL,N/A
HNH,$26.04,1440695492125,"6,907",100% bullish,of 1 rating,N/A
HAFC,$24.18,1440695492153,"65,142",100% bullish,of 2 ratings,$28.50
HNSN,$0.49,1440695492279,"57,330",88% bullish,of 8 ratings,$.40
HQCL,$12.22,1440695492319,"25,815",67% bullish,of 3 ratings,$14
HDNG,$9.63,1440695492383,"8,867",50% bullish,of 4 ratings,N/A
HLIT,$5.77,1440695492526,"92,535",100% bearish,of 1 rating,$6.50
HRMN,NULL,1440695492564,0,Not yet rated,NULL,N/A
HRMNU,NULL,1440695492629,0,Not yet rated,NULL,N/A
HRMNW,NULL,1440695492694,0,Not yet rated,NULL,N/A
HCAP,$12.0594,1440695492824,"10,787",50% bullish,of 2 ratings,$15
TINY,$2.4801,1440695492856,"18,093",50% bullish,of 2 ratings,$5.26
HART,$0.9,1440695492885,"49,825",100% bearish,of 1 rating,N/A
HCAPL,$25.15,1440695492955,"1,800",Not yet rated,NULL,N/A
HBIO,$4.45,1440695492986,"24,548",Not yet rated,NULL,$10
HCOM,$22,1440695493119,"4,452",100% bearish,of 1 rating,$28
HAS,$75.27,1440695493147,"283,822",63% bullish,of 8 ratings,$84.50
HA,$22.58,1440695493171,"401,755",67% bullish,of 9 ratings,$27
HWKN,$36.76,1440695493223,"10,535",Not yet rated,NULL,N/A
HAYN,$37.81,1440695493392,"16,886",100% bearish,of 1 rating,$59
HWBK,$13.63,1440695493463,800,100% bearish,of 1 rating,N/A
HDS,$33.01,1440695493488,"792,607",100% bearish,of 2 ratings,$39.50
HCSG,$33.39,1440695493547,"61,602",50% bullish,of 4 ratings,$35
HQY,$29.44,1440695493635,"72,287",67% bullish,of 3 ratings,$31
HSTM,$24.86,1440695493714,"28,175",50% bullish,of 2 ratings,$33.75
HIIQ,$4.6101,1440695493744,"28,470",50% bullish,of 2 ratings,$7
HTLF,$36.21,1440695493874,"13,319",100% bullish,of 1 rating,$39.50
HTLD,$20.39,1440695493901,"112,578",Not yet rated,NULL,$22.50
HTWR,$84.7,1440695493922,"73,099",50% bullish,of 2 ratings,$103
HWAY,$12.05,1440695494055,"59,767",100% bearish,of 1 rating,$15
HTBX,$5.16,1440695494080,"5,675",50% bullish,of 2 ratings,$15.50
HSII,$19.81,1440695494209,"18,914",100% bullish,of 3 ratings,$25
HMTV,$13.68,1440695494267,"16,014",100% bearish,of 1 rating,$16
HMNY,NULL,1440695494300,0,100% bearish,of 1 rating,N/A
HNNA,$24.64,1440695494351,"1,831",Not yet rated,NULL,N/A
HELE,$85.84,1440695494400,"54,972",67% bearish,of 3 ratings,$100
HSIC,$138.63,1440695494428,"129,781",83% bullish,of 6 ratings,$146
HCACU,NULL,1440695494531,0,Not yet rated,NULL,N/A
HERO,NULL,1440695494614,0,NULL,NULL,NULL
HEOP,$7.62,1440695494663,"5,118",Not yet rated,NULL,$8.50
HTBK,$10.67,1440695494691,"18,581",Not yet rated,NULL,$12
HFWA,$17.61,1440695494788,"14,359",100% bullish,of 1 rating,$20
MLHR,$27.16,1440695494885,"114,998",50% bullish,of 2 ratings,$33.50
HCCI,$11.1,1440695494910,"15,366",100% bearish,of 1 rating,$16.50
HRTX,$34.82,1440695494935,"172,024",67% bullish,of 6 ratings,$41
HPJ,$2.25,1440695495070,"32,884",75% bullish,of 4 ratings,$12.43
HSKA,$33.51,1440695495142,"20,923",100% bearish,of 1 rating,$38
HFFC,$16,1440695495214,"3,038",Not yet rated,NULL,N/A
HIMX,$6.73,1440695495243,"394,455",86% bullish,of 21 ratings,$8.50
HIHO,$3.9,1440695495271,"4,086",Not yet rated,NULL,N/A
HSGX,$5.91,1440695495307,700,100% bearish,of 1 rating,$17
HIFS,$118,1440695495334,"2,186",Not yet rated,NULL,N/A
HIBB,$38.39,1440695495402,"118,246",100% bearish,of 1 rating,$46.50
HMNF,$10.994,1440695495475,450,Not yet rated,NULL,N/A
HMSY,$9.91,1440695495566,"382,291",67% bullish,of 3 ratings,$19.35
HOLI,$17.81,1440695495721,"118,717",50% bullish,of 4 ratings,$27
HOLX,$39.4,1440695495799,"450,888",67% bullish,of 3 ratings,$42
HBCP,$24.9799,1440695495820,200,Not yet rated,NULL,$29
HOMB,$38.07,1440695495851,"63,849",Not yet rated,NULL,$42
AWAY,$28.57,1440695495876,"321,497",67% bullish,of 3 ratings,$36
HFBL,$21.54,1440695495901,200,Not yet rated,NULL,N/A
HMIN,$27.5575,1440695496113,"157,602",100% bearish,of 2 ratings,$35
HMST,$21.86,1440695496144,"77,409",100% bullish,of 2 ratings,$27
HKTV,$4.66,1440695496175,"27,150",100% bearish,of 1 rating,N/A
HTBI,$18.29,1440695496196,"14,915",67% bullish,of 3 ratings,$18.625
CETC,$0.713,1440695496242,"55,719",86% bullish,of 7 ratings,N/A
HFBC,$11.28,1440695496330,"2,420",Not yet rated,NULL,N/A
HBNC,$23.425,1440695496376,"3,285",100% bullish,of 1 rating,$27
HOFT,$23.69,1440695496403,"23,737",100% bearish,of 1 rating,N/A
HZNP,$30.11,1440695496684,"811,748",85% bullish,of 20 ratings,$40
HRZN,$10.3605,1440695496714,"21,010",50% bullish,of 2 ratings,$14.25
HWCC,$7.33,1440695496776,"42,762",100% bearish,of 1 rating,$9
ZINC,$7.43,1440695496803,"301,886",100% bearish,of 1 rating,$17
HMHC,$22.83,1440695496824,"188,240",Not yet rated,NULL,$27
HDP,$24.5404,1440695496855,"141,137",67% bearish,of 3 ratings,$30.50
HOVNP,$4.5,1440695496883,"2,013",100% bearish,of 1 rating,N/A
HBMD,$14,1440695497009,350,100% bearish,of 1 rating,N/A
HSNI,$62.6,1440695497070,"65,288",Not yet rated,NULL,$80
HCBK,$9.4715,1440695497267,"613,456",83% bullish,of 6 ratings,$8.61
HTGM,$5.79,1440695497293,12,100% bearish,of 1 rating,$19.50
HUBG,$37.95,1440695497314,"83,731",100% bearish,of 1 rating,$43
HSON,$2.6,1440695497342,"5,471",100% bearish,of 1 rating,$5
HDSN,$3.0501,1440695497496,"3,367",100% bullish,of 1 rating,$6.25
HBANP,$1350,1440695497577,40,100% bearish,of 1 rating,N/A
HBAN,$10.8465,1440695497607,"2,952,528",76% bullish,of 17 ratings,$12.29
HURN,$73.65,1440695497649,"65,157",50% bullish,of 2 ratings,$80
HTCH,$1.44,1440695497710,"57,646",100% bearish,of 1 rating,$3.50
HDRAR,NULL,1440695497750,0,Not yet rated,NULL,N/A
HURC,$29.9145,1440695497840,"5,889",100% bearish,of 1 rating,N/A
HDRAU,NULL,1440695497875,0,Not yet rated,NULL,N/A
HBP,$3.12,1440695497899,492,100% bullish,of 1 rating,N/A
HDRA,$9.69,1440695497974,"7,600",Not yet rated,NULL,N/A
HYGS,$8.77,1440695498108,"19,655",50% bullish,of 2 ratings,$13
HDRAW,NULL,1440695498164,0,Not yet rated,NULL,N/A
IACI,$71.825,1440695498262,"212,535",75% bullish,of 4 ratings,$90
IDSY,$3.72,1440695498293,"2,850",100% bearish,of 1 rating,$7
ICAD,$3.87,1440695498395,"76,859",100% bullish,of 2 ratings,$7.25
IKGH,$1.802,1440695498426,"123,419",75% bullish,of 4 ratings,N/A
IEP,$72.675,1440695498532,"61,181",75% bullish,of 4 ratings,$99
IBKC,$60.51,1440695498560,"64,641",100% bullish,of 1 rating,$70
ICLR,$79.24,1440695498621,"219,275",100% bearish,of 3 ratings,$85
ICFI,$34.35,1440695498693,"16,626",50% bullish,of 2 ratings,$48.50
ICON,$13.46,1440695498797,"298,138",50% bullish,of 2 ratings,$18.50
IPWR,$7.3,1440695498933,"2,210",100% bullish,of 1 rating,$15
ICUI,$114.13,1440695498968,"27,013",Not yet rated,NULL,$122
INVE,$4.16,1440695499032,"23,819",75% bullish,of 4 ratings,$4
IDRA,$2.84,1440695499072,"619,945",89% bullish,of 9 ratings,$6.50
IDXX,$73.24,1440695499175,"101,020",100% bearish,of 1 rating,$77
IROQ,$17,1440695499215,204,100% bullish,of 1 rating,N/A
DSKY,$11.0505,1440695499240,"109,207",67% bullish,of 6 ratings,$11.50
RXDX,$13.27,1440695499392,"83,691",100% bullish,of 1 rating,$20
IRG,$4.575,1440695499427,"5,459",100% bearish,of 1 rating,$4.25
KANG,$15.59,1440695499455,"92,587",50% bullish,of 2 ratings,$22.55
IIVI,$16.95,1440695499520,"44,323",100% bearish,of 1 rating,$22
IKNX,NULL,1440695499553,0,100% bearish,of 1 rating,N/A
IKAN,$2.73,1440695499582,"8,831",83% bullish,of 6 ratings,$5
ILMN,$201.114,1440695499610,"504,283",80% bullish,of 5 ratings,$245
ISNS,$3.9657,1440695499754,"1,409",50% bullish,of 2 ratings,N/A
IMMR,$11.94,1440695499783,"43,642",80% bullish,of 5 ratings,$15.50
IMDZ,$16.56,1440695499929,"42,763",100% bearish,of 1 rating,$33
ICCC,$7.46,1440695499955,"8,288",100% bullish,of 1 rating,N/A
IMGN,$14.14,1440695500027,"243,763",75% bullish,of 4 ratings,$17.50
IMNP,$1.3,1440695500074,"65,151",50% bullish,of 2 ratings,$6
IPXL,$44.3,1440695500103,"154,608",67% bullish,of 3 ratings,$46.50
IMMU,$1.97,1440695500210,"272,415",86% bullish,of 7 ratings,$2
INCY,$112.367,1440695500272,"462,306",50% bullish,of 6 ratings,$125.50
INCR,$42.2,1440695500308,"107,882",50% bullish,of 2 ratings,$53
IMMY,$7.6489,1440695500338,"9,439",100% bearish,of 1 rating,$11
SAAS,$7.5,1440695500404,"94,488",50% bullish,of 2 ratings,$15
INDB,$44.69,1440695500437,"15,768",Not yet rated,NULL,$44
IBCP,$14.28,1440695500579,"27,428",100% bullish,of 1 rating,$14.50
IBTX,$41,1440695500606,"7,760",100% bullish,of 2 ratings,$47.25
IDSA,$3.45,1440695500663,"1,548",Not yet rated,NULL,N/A
INFI,$9.06,1440695500735,"110,330",50% bullish,of 4 ratings,$18
INFN,$22.335,1440695500819,"844,443",71% bullish,of 7 ratings,$28
IPCC,$77.97,1440695500872,"8,208",Not yet rated,NULL,$77.50
IFON,$1.22,1440695501011,"66,279",75% bullish,of 4 ratings,N/A
III,$3.98,1440695501038,"41,043",57% bullish,of 7 ratings,$6
IMKTA,$51.93,1440695501066,"19,431",100% bearish,of 1 rating,N/A
INWK,$7,1440695501091,"27,729",50% bullish,of 2 ratings,$10
INOD,$2.32,1440695501117,"35,870",100% bearish,of 1 rating,N/A
INNL,$11.67,1440695501337,3,100% bearish,of 1 rating,$16.50
IPHS,$47.79,1440695501398,"26,120",100% bearish,of 1 rating,$60
IOSP,$48.23,1440695501423,"123,245",100% bearish,of 1 rating,N/A
INGN,$47.09,1440695501452,"50,745",100% bearish,of 1 rating,$50.50
ISSC,$2.806,1440695501478,452,67% bearish,of 3 ratings,N/A
ITEK,$12.63,1440695501503,"306,491",100% bearish,of 3 ratings,$20
INOV,$21.27,1440695501552,"437,163",100% bearish,of 1 rating,$33
INO,$7,1440695502310,"477,648",89% bullish,of 18 ratings,$20
ISIG,$2.71,1440695502340,"265,442",100% bearish,of 1 rating,N/A
NSIT,$25.685,1440695502366,"45,416",50% bullish,of 2 ratings,N/A
INSM,$25.05,1440695502390,"92,767",71% bullish,of 7 ratings,$31.50
IIIN,$16.86,1440695502438,"10,639",100% bearish,of 2 ratings,N/A
IART,$61.005,1440695502683,"65,125",100% bearish,of 1 rating,$71.50
NTEC,$5.6299,1440695502716,"1,701",100% bearish,of 1 rating,N/A
INSY,$33.0394,1440695502744,"197,377",75% bullish,of 4 ratings,$48
IDTI,$19.32,1440695502765,"1,621,185",60% bullish,of 5 ratings,$25
ISSI,$21.81,1440695502801,"45,917",67% bullish,of 3 ratings,$19.75
PODD,$29.61,1440695502827,"71,953",67% bearish,of 3 ratings,$35
IESC,$6.9434,1440695502855,"11,981",100% bearish,of 1 rating,N/A
INTC,$27.65,1440695502931,"10,001,785",82% bullish,of 238 ratings,$36
IPCI,$2.21,1440695503014,"54,380",67% bullish,of 6 ratings,$8
IQNT,$19.03,1440695503147,"86,283",86% bullish,of 7 ratings,$20
IPAR,$25.94,1440695503193,"28,192",67% bullish,of 3 ratings,$38
ININ,$35.61,1440695503341,"36,109",67% bearish,of 3 ratings,$57
IDCC,$49.24,1440695503382,"104,623",80% bullish,of 5 ratings,$63
IBKR,$39.68,1440695503410,"298,017",100% bullish,of 1 rating,N/A
ICPT,$187.92,1440695503431,"66,900",70% bullish,of 10 ratings,$359.50
ICLDW,NULL,1440695503451,0,100% bearish,of 1 rating,N/A
ICLD,$1.8401,1440695503492,"124,647",75% bullish,of 4 ratings,N/A
IBOC,$25.29,1440695503590,"25,267",100% bearish,of 1 rating,N/A
TILE,$23.72,1440695503652,"246,846",100% bearish,of 3 ratings,$27
ISCA,$31.64,1440695503782,"19,015",100% bearish,of 1 rating,N/A
IMI,$1.995,1440695503807,"86,682",67% bullish,of 3 ratings,$2.22
IGLD,$6.855,1440695503855,"3,200",50% bullish,of 2 ratings,N/A
INAP,$7.89,1440695503880,"41,541",75% bullish,of 4 ratings,$11
IIJI,$9.22,1440695504077,30,50% bullish,of 2 ratings,$11.50
PTNT,$2.97,1440695504170,"1,000",Not yet rated,NULL,N/A
XENT,$25.8,1440695504203,"58,424",50% bullish,of 2 ratings,$36.50
INPH,$0.3077,1440695504224,"16,559",50% bullish,of 2 ratings,N/A
INTX,$1.95,1440695504259,"29,486",67% bullish,of 3 ratings,N/A
ISIL,$10.57,1440695504280,"363,014",50% bullish,of 6 ratings,$15
INTL,$26.26,1440695504312,"25,469",67% bearish,of 3 ratings,N/A
IVAC,$4.68,1440695504358,"39,354",100% bearish,of 1 rating,$6.625
IILG,$20.19,1440695504538,"30,838",100% bearish,of 1 rating,$29
INTLL,NULL,1440695504605,0,Not yet rated,NULL,N/A
IIN,$6.04,1440695504636,200,100% bearish,of 1 rating,$12
INTU,$86.01,1440695504682,"740,160",86% bullish,of 7 ratings,$107.50
ITCI,$26.2601,1440695504707,"165,881",75% bearish,of 4 ratings,$40
ISRG,$511.56,1440695504734,"50,486",67% bullish,of 3 ratings,$600
SNAK,$8.56,1440695504889,"36,672",50% bullish,of 2 ratings,$14
INVT,$0.2799,1440695504989,"9,797",67% bullish,of 3 ratings,N/A
ISTR,$15.61,1440695505040,104,100% bearish,of 1 rating,$18.50
NVIV,$9.61,1440695505066,"98,472",50% bullish,of 4 ratings,$24.50
ITIC,NULL,1440695505087,0,100% bearish,of 2 ratings,N/A
ISBC,$11.81,1440695505126,"1,084,185",100% bullish,of 1 rating,$13.25
IVTY,$13.75,1440695505223,"11,594",Not yet rated,NULL,$18
IPAS,$1.08,1440695505250,"56,519",67% bullish,of 3 ratings,N/A
DFVL,NULL,1440695505418,0,Not yet rated,NULL,N/A
DTUL,NULL,1440695505443,0,Not yet rated,NULL,N/A
IPCM,$79.11,1440695505492,"81,332",50% bullish,of 2 ratings,$80.125
IPGP,$84.9,1440695505517,"272,033",100% bearish,of 2 ratings,$109.50
IRMD,$25.33,1440695505655,"4,798",67% bearish,of 3 ratings,$25
IRIX,$6.93,1440695505680,"7,600",100% bearish,of 1 rating,N/A
IRDMB,$278.9,1440695505706,534,67% bearish,of 3 ratings,N/A
IRBT,$28.77,1440695505838,"85,175",67% bullish,of 6 ratings,$37
IRWD,$11.03,1440695505872,"285,381",100% bearish,of 1 rating,$13
IRDM,$7.08,1440695505899,"205,179",60% bullish,of 5 ratings,$11.50
FCHI,NULL,1440695505931,0,NULL,NULL,NULL
IRCP,NULL,1440695505969,0,100% bullish,of 2 ratings,N/A
COMT,$32.5942,1440695505998,"8,609",100% bearish,of 1 rating,N/A
GNMA,$49.9601,1440695506031,"3,282",Not yet rated,NULL,N/A
IFAS,NULL,1440695506180,0,NULL,NULL,NULL
IFEU,$38.1844,1440695506231,"5,848",Not yet rated,NULL,N/A
IFNA,NULL,1440695506308,0,NULL,NULL,NULL
ACWI,$56.4,1440695506407,"1,202,848",Not yet rated,NULL,N/A
IFGL,$28.905,1440695506436,"43,312",Not yet rated,NULL,N/A
AXJS,NULL,1440695506496,0,NULL,NULL,NULL
AAXJ,$54.33,1440695506527,"587,034",Not yet rated,NULL,N/A
ACWX,$41.2,1440695506579,"484,764",100% bearish,of 1 rating,N/A
AAIT,NULL,1440695506621,0,NULL,NULL,NULL
EEME,NULL,1440695506680,0,NULL,NULL,NULL
EEMA,$51.1224,1440695506705,"16,777",Not yet rated,NULL,N/A
EMEY,NULL,1440695506730,0,NULL,NULL,NULL
EMDI,NULL,1440695506786,0,NULL,NULL,NULL
EGRW,NULL,1440695506926,0,NULL,NULL,NULL
EVAL,NULL,1440695506949,0,NULL,NULL,NULL
EEML,$28.2,1440695507008,"8,606",Not yet rated,NULL,N/A
EUFN,$22.0894,1440695507142,"36,407",100% bearish,of 1 rating,N/A
QAT,$21.31,1440695507162,"9,124",Not yet rated,NULL,N/A
IEUS,$45.7399,1440695507241,"2,903",100% bearish,of 1 rating,N/A
UAE,$18.51,1440695507293,"14,520",Not yet rated,NULL,N/A
IBB,$349.83,1440695507330,"879,625",63% bullish,of 8 ratings,N/A
SOXX,$82.8202,1440695507368,"447,017",50% bullish,of 2 ratings,N/A
EMIF,$29.1699,1440695507395,"2,119",Not yet rated,NULL,N/A
ICLN,$9.655,1440695507472,"16,911",50% bullish,of 2 ratings,N/A
WOOD,$48.0527,1440695507534,"3,539",50% bullish,of 2 ratings,N/A
ISHG,$79.45,1440695507558,"6,780",100% bearish,of 1 rating,N/A
INDY,$27.93,1440695507695,"126,986",50% bullish,of 2 ratings,N/A
IGOV,$90.583,1440695507741,"5,840",100% bearish,of 1 rating,N/A
ISIS,$51.17,1440695507768,"545,818",53% bullish,of 15 ratings,$67
ISLE,$17,1440695507913,"124,348",50% bullish,of 4 ratings,$16
ITRN,$24.105,1440695507959,"16,322",50% bullish,of 2 ratings,N/A
ISRL,$129.36,1440695507987,100,100% bearish,of 1 rating,N/A
ITRI,$29.78,1440695508016,"153,127",Not yet rated,NULL,$37
XXIA,$15.135,1440695508118,"121,884",71% bullish,of 7 ratings,$14.625
ITUS,$4.07,1440695508145,"7,834",Not yet rated,NULL,N/A
IXYS,$10.84,1440695508199,"33,342",50% bullish,of 4 ratings,N/A
MAYS,NULL,1440695508337,0,Not yet rated,NULL,N/A
JCOM,$68.76,1440695508365,"64,834",100% bullish,of 2 ratings,$77
JJSF,$114.5601,1440695508386,"8,688",100% bearish,of 1 rating,N/A
JBHT,$73.75,1440695508416,"309,455",50% bullish,of 4 ratings,$89.50
JKHY,$68.24,1440695508556,"173,670",50% bullish,of 2 ratings,$72
JASO,$7.94,1440695508634,"491,815",82% bullish,of 17 ratings,$10
JACK,$81.82,1440695508665,"138,888",83% bullish,of 6 ratings,$105
JXSB,NULL,1440695508738,0,Not yet rated,NULL,N/A
JAGX,$4.3101,1440695508764,"13,069",Not yet rated,NULL,N/A
JAKK,$9.37,1440695508796,"86,957",60% bearish,of 5 ratings,$11
JAXB,NULL,1440695508822,0,100% bullish,of 1 rating,N/A
JMBA,$13.81,1440695508955,"47,683",75% bullish,of 4 ratings,$18
JRVR,$26.59,1440695509014,"26,207",Not yet rated,NULL,$32
JASN,$4.95,1440695509087,"5,532",50% bullish,of 2 ratings,$9.50
ERW,NULL,1440695509146,0,Not yet rated,NULL,N/A
JAZZ,$170.42,1440695509219,"153,746",80% bullish,of 15 ratings,$206.50
JASNW,NULL,1440695509243,0,50% bullish,of 2 ratings,N/A
JD,$27.1101,1440695509286,"3,801,693",75% bullish,of 16 ratings,$36
JBLU,$22.4,1440695509380,"2,750,411",94% bullish,of 18 ratings,$27
JTPY,$2.95,1440695509445,100,100% bearish,of 1 rating,N/A
JCTCF,$9.5,1440695509523,"1,800",100% bullish,of 1 rating,N/A
DATE,$6.12,1440695509551,"44,995",75% bullish,of 4 ratings,$9
JST,$3.9,1440695509585,"28,235",75% bullish,of 4 ratings,N/A
JIVE,$4.28,1440695509626,"187,079",75% bullish,of 4 ratings,$5
WYIGU,NULL,1440695509719,0,Not yet rated,NULL,N/A
JOEZ,$0.1651,1440695509801,"89,809",92% bullish,of 12 ratings,N/A
JBSS,$53.76,1440695509895,"12,377",67% bearish,of 3 ratings,N/A
JOUT,$22.86,1440695509921,"3,168",100% bearish,of 1 rating,$34
JNP,$11.39,1440695509988,"34,800",100% bullish,of 3 ratings,$15
JUNO,$37.28,1440695510051,"563,252",73% bullish,of 11 ratings,$71.50
KTWO,$21.39,1440695510153,"24,851",100% bearish,of 1 rating,$28.50
KALU,$81.67,1440695510242,"47,282",67% bearish,of 3 ratings,$91
KMDA,NULL,1440695510377,0,50% bullish,of 2 ratings,$8
KCLI,$46.18,1440695510407,"13,315",Not yet rated,NULL,N/A
KNDI,$6.6,1440695510428,"287,065",86% bullish,of 22 ratings,N/A
KBIO,$2.07,1440695510449,"20,467",50% bullish,of 4 ratings,N/A
KBSF,NULL,1440695510503,0,100% bullish,of 1 rating,N/A
KPTI,$13.88,1440695510589,"79,456",67% bearish,of 3 ratings,$39
KCAP,$4.7101,1440695510694,"49,378",75% bullish,of 4 ratings,$6
KELYA,$13.91,1440695510737,"83,993",67% bullish,of 6 ratings,$20
KELYB,NULL,1440695510825,0,50% bullish,of 2 ratings,N/A
KRNY,$11.39,1440695510855,"207,158",100% bearish,of 1 rating,$12
KMPH,$20.1,1440695510959,"9,075",100% bearish,of 2 ratings,$22
KFFB,$8.6713,1440695510993,100,100% bearish,of 1 rating,N/A
