Symbol,Price,Date,Volume,Rating,RatingVoteCount,OneYearEstimate
TFSC,NULL,1439842503003,0,100% bearish,of 1 rating,N/A
FCCY,$11.73,1439842503035,"4,389",100% bullish,of 1 rating,$13
PIH,$7.7,1439842503068,"9,875",100% bearish,of 1 rating,N/A
TFSCW,NULL,1439842503088,0,100% bearish,of 1 rating,N/A
TFSCR,$0.35,1439842503118,"1,600",Not yet rated,NULL,N/A
TFSCU,NULL,1439842503139,0,Not yet rated,NULL,N/A
FLWS,$9.6292,1439842503169,"77,916",100% bullish,of 5 ratings,$15
SRCE,$31.35,1439842503191,"17,384",100% bullish,of 3 ratings,$33
USLV,$14.79,1439842503481,"117,234",86% bullish,of 7 ratings,N/A
FCTY,NULL,1439842503619,0,100% bullish,of 1 rating,$8.50
DSLV,$61.9,1439842503655,"5,392",100% bearish,of 1 rating,N/A
DGLD,$85.482,1439842503676,"1,294",100% bullish,of 1 rating,N/A
TWOU,$35.97,1439842503715,"495,747",50% bullish,of 2 ratings,$39
JOBS,$28.49,1439842503736,"70,363",50% bullish,of 4 ratings,$36
UGLD,$8.907,1439842503769,"59,561",100% bearish,of 1 rating,N/A
VNET,$21.45,1439842503790,"593,356",60% bullish,of 5 ratings,$29.50
CAFD,$15.57,1439842504239,"62,777",Not yet rated,NULL,$25
SHLM,$35.54,1439842504274,"55,520",100% bearish,of 1 rating,$50
ABY,$22.2,1439842504379,"387,915",100% bearish,of 2 ratings,$46
AVHI,$14.12,1439842504432,"21,916",100% bearish,of 1 rating,$19
EGHT,$8.58,1439842504462,"160,557",82% bullish,of 17 ratings,$11
SIXD,$2.965,1439842504488,"59,476",Not yet rated,NULL,N/A
AAON,$23,1439842504536,"48,879",100% bearish,of 1 rating,$24
ABAX,$48.27,1439842504561,"78,709",100% bearish,of 1 rating,$60
ABEOW,$2.35,1439842504694,"1,470",100% bullish,of 1 rating,N/A
ABMD,$106.45,1439842504746,"358,862",75% bullish,of 4 ratings,$86
AXAS,$1.81,1439842504820,"415,624",78% bullish,of 9 ratings,$3.50
ACHC,$81.84,1439842504997,"421,894",50% bullish,of 2 ratings,$92
ACAD,$39.4,1439842505046,"544,943",85% bullish,of 20 ratings,$48
ACTG,$8.8451,1439842505088,"240,175",67% bullish,of 3 ratings,$18.50
ABGB,$4.93,1439842505129,"46,791",67% bullish,of 3 ratings,$5.50
ABEO,$5.39,1439842505187,"86,654",67% bullish,of 3 ratings,$15.50
AXDX,$19.52,1439842505426,"92,013",100% bearish,of 1 rating,N/A
VXUP,$16.9,1439842505606,"26,591",Not yet rated,NULL,N/A
ARAY,$6.16,1439842505637,"424,827",100% bearish,of 1 rating,$10.50
VXDN,$17.02,1439842505658,"3,615",Not yet rated,NULL,N/A
XLRN,$32.32,1439842505746,"143,343",50% bullish,of 2 ratings,$57
ACST,$0.3873,1439842505796,"29,904",100% bullish,of 2 ratings,N/A
ACRX,$4.42,1439842505882,"188,844",67% bearish,of 6 ratings,$5.50
ANCX,$19.11,1439842505955,"20,115",Not yet rated,NULL,$19
ACET,$25.42,1439842506023,"49,631",75% bullish,of 4 ratings,$30
ACHN,$8.65,1439842506049,"4,548,875",90% bullish,of 21 ratings,$16
AKAO,$7.25,1439842506123,"92,077",75% bullish,of 4 ratings,$15
ACIW,$23.11,1439842506447,"123,970",50% bullish,of 2 ratings,$24
ACOR,$32.31,1439842506474,"146,252",67% bearish,of 3 ratings,$38.50
ATVI,$29.305,1439842506516,"2,787,327",68% bullish,of 84 ratings,$31.50
ACTA,$13.86,1439842506603,"50,928",67% bearish,of 3 ratings,$25
ACUR,$0.65,1439842506630,"104,963",100% bullish,of 5 ratings,$1
ACNB,$20.2,1439842506651,200,Not yet rated,NULL,N/A
ACXM,$21.3,1439842506977,"233,880",67% bullish,of 3 ratings,N/A
ADAP,$15.52,1439842507267,"61,982",67% bullish,of 3 ratings,$22
ADEP,$7.4,1439842507299,"12,119",50% bullish,of 2 ratings,$10.75
AEY,$2.26,1439842507378,"8,285",100% bearish,of 2 ratings,N/A
ADMS,$21.9726,1439842507481,"42,616",100% bearish,of 2 ratings,$36
ADBE,$86.75,1439842507546,"703,710",65% bullish,of 17 ratings,$90
ADMP,$3.75,1439842507571,"31,044",50% bullish,of 2 ratings,$10
ADMA,$9.45,1439842507620,"8,740",Not yet rated,NULL,$19
ADUS,$29.24,1439842507645,"46,698",100% bearish,of 1 rating,$31
ADTN,$16.28,1439842507849,"185,071",67% bullish,of 3 ratings,$17.125
AMD,$1.8,1439842508023,"5,857,821",83% bullish,of 102 ratings,$2
AEIS,$26.48,1439842508052,"172,411",50% bullish,of 2 ratings,$32.50
ADRO,$21.69,1439842508082,"121,572",80% bullish,of 5 ratings,$45.50
ADXS,$16.92,1439842508154,"493,057",64% bullish,of 14 ratings,$27
AEHR,$2.24,1439842508619,"12,806",50% bullish,of 2 ratings,N/A
AEGR,$18.39,1439842508667,"250,953",50% bullish,of 6 ratings,$26
ADXSW,$12.35,1439842508695,"1,585",100% bullish,of 1 rating,N/A
MULT,NULL,1439842508750,0,100% bearish,of 1 rating,N/A
AEGN,$18.99,1439842508799,"50,257",100% bearish,of 1 rating,$21
AMTX,$3.4,1439842509051,"3,765",50% bullish,of 2 ratings,$26.11
ACPW,$1.8984,1439842509101,"8,929",100% bullish,of 4 ratings,$3.50
AEPI,$57.59,1439842509237,"16,366",100% bearish,of 1 rating,N/A
YPRO,$23.06,1439842509267,"9,860",100% bearish,of 1 rating,N/A
AERI,$16.225,1439842509289,"159,051",75% bullish,of 4 ratings,$31.50
AVAV,$26.18,1439842509327,"73,279",50% bullish,of 4 ratings,$31
ACTS,$1.5,1439842509355,"40,035",100% bearish,of 1 rating,N/A
AEZS,$0.115,1439842509376,"9,078,216",90% bullish,of 21 ratings,$1.625
AEMD,$6.8376,1439842509422,"20,124",Not yet rated,NULL,$27.50
AFMD,$12.04,1439842509615,"126,919",50% bullish,of 4 ratings,$15
AFFX,$9.965,1439842509687,"546,712",80% bullish,of 5 ratings,$12
AGYS,$9.45,1439842509916,"10,096",100% bearish,of 1 rating,N/A
AGRX,$8.95,1439842509963,"9,075",100% bearish,of 1 rating,$18
AGEN,$7.74,1439842509988,"541,743",85% bullish,of 13 ratings,$14
AGIO,$96.19,1439842510052,"191,460",88% bullish,of 8 ratings,$114
AGFS,$10.97,1439842510117,"61,549",100% bearish,of 1 rating,N/A
AGFSW,$2.45,1439842510143,"12,297",100% bearish,of 1 rating,N/A
AIRT,$23.2499,1439842510208,907,100% bullish,of 1 rating,N/A
AIMT,$24.35,1439842510297,"163,695",Not yet rated,NULL,N/A
AIRM,$39.98,1439842510343,"121,096",80% bearish,of 5 ratings,$53
ATSG,$9.79,1439842510445,"70,696",67% bullish,of 3 ratings,$13
AKAM,$73.55,1439842510502,"515,659",63% bullish,of 8 ratings,$77
AMCN,$5.12,1439842510550,"451,148",83% bullish,of 6 ratings,N/A
AIXG,$6,1439842510830,"3,415",67% bearish,of 3 ratings,$6
AKBA,$7.19,1439842510904,"103,248",100% bearish,of 1 rating,$18
AKRX,$44.29,1439842510929,"233,682",78% bullish,of 9 ratings,$56
ALRM,$16.81,1439842511007,"47,432",100% bearish,of 1 rating,$22
AKER,$3.81,1439842511069,"1,754",Not yet rated,NULL,N/A
ALSK,$2.08,1439842511094,"89,209",78% bullish,of 18 ratings,$2
ADHD,$9.21,1439842511169,"282,087",50% bullish,of 4 ratings,$18
ABDC,$12.99,1439842511298,"46,670",Not yet rated,NULL,$15
ALDR,$38.51,1439842511326,"401,066",67% bearish,of 3 ratings,$62
AMRI,$20.93,1439842511359,"112,273",75% bearish,of 4 ratings,$24
ALXN,$191.47,1439842511465,"395,695",88% bullish,of 8 ratings,$223
ALDX,$8.03,1439842511522,"8,800",100% bearish,of 1 rating,$14.50
ALXA,$1.13,1439842511605,"14,055",83% bullish,of 6 ratings,$2.125
ALCO,$44.57,1439842511673,"11,137",50% bullish,of 2 ratings,N/A
ALGN,$60.83,1439842511803,"399,389",100% bearish,of 2 ratings,$73
ALGT,$233.82,1439842511857,"81,455",100% bearish,of 1 rating,$235
ALIM,$3.96,1439842511905,"37,393",80% bullish,of 5 ratings,$10
AFOP,$19.14,1439842512033,"42,427",75% bullish,of 8 ratings,$21
ALLB,$23.8,1439842512086,"2,548",Not yet rated,NULL,N/A
AIQ,$15.1758,1439842512137,"5,205",67% bullish,of 3 ratings,N/A
ALKS,$68.23,1439842512218,"306,938",67% bullish,of 3 ratings,$75
AHGP,$36.1,1439842512248,"30,351",67% bullish,of 3 ratings,N/A
ARLP,$24.58,1439842512278,"134,335",67% bearish,of 3 ratings,$32
AMOT,$17.9821,1439842512376,"24,632",100% bearish,of 1 rating,N/A
ALQA,$4.64,1439842512560,"27,294",75% bullish,of 4 ratings,$8.50
AHPI,$1.45,1439842512625,700,50% bullish,of 2 ratings,N/A
MDRX,$14.23,1439842512657,"1,152,777",60% bullish,of 5 ratings,$16
AOSL,$7.28,1439842512752,"24,192",67% bullish,of 3 ratings,$9
ALLT,$5.1,1439842512783,"86,322",75% bullish,of 4 ratings,$6.25
SMCP,NULL,1439842512879,0,Not yet rated,NULL,N/A
AFAM,$49.53,1439842512909,"43,751",50% bullish,of 2 ratings,$44
ATEC,$0.68,1439842513134,"65,832",100% bullish,of 1 rating,$2
ALTR,$49.36,1439842513169,"497,343",80% bearish,of 5 ratings,$54
ALNY,$111.62,1439842513213,"259,176",67% bullish,of 3 ratings,$148.50
AMAG,$63.5445,1439842513239,"299,195",100% bullish,of 2 ratings,$75
ASPS,$30.2038,1439842513292,"59,108",67% bullish,of 3 ratings,$46.50
AIMC,$26.55,1439842513319,"46,259",100% bearish,of 1 rating,$28.50
AMRK,$10.5,1439842513650,"2,312",50% bullish,of 2 ratings,$14
AMZN,$535.58,1439842513675,"1,199,891",81% bullish,of 261 ratings,$646
AYA,$23.265,1439842513850,"13,446",100% bearish,of 1 rating,$40
AMBC,$16.63,1439842513946,"130,894",100% bearish,of 1 rating,$16.50
AMBCW,$8.11,1439842513972,"2,412",100% bearish,of 1 rating,N/A
AMBA,$108.46,1439842514002,"759,970",83% bullish,of 12 ratings,$102.50
EPAX,$2.68,1439842514100,"184,910",100% bearish,of 1 rating,N/A
DOX,$60.48,1439842514199,"177,767",100% bullish,of 2 ratings,$60
AMDA,$0.4987,1439842514227,"1,007,932",90% bullish,of 10 ratings,$1
AMCX,$76.4,1439842514263,"342,848",67% bullish,of 3 ratings,$85.50
ASBI,$22.74,1439842514356,899,Not yet rated,NULL,N/A
UHAL,$382.99,1439842514426,"11,617",100% bullish,of 2 ratings,$393.50
AMED,$45.46,1439842514498,"149,005",100% bearish,of 1 rating,$42
ATAX,$5.36,1439842514630,"47,942",100% bullish,of 1 rating,$6.50
AMOV,$18.69,1439842514790,"12,038",100% bearish,of 1 rating,N/A
AGNC,$19.895,1439842514819,"2,133,440",75% bullish,of 28 ratings,$22
AGNCB,$24.1,1439842514920,"11,064",Not yet rated,NULL,N/A
AAL,$43.945,1439842514945,"4,425,516",93% bullish,of 87 ratings,$57
AGNCP,$25.2899,1439842515255,"6,475",Not yet rated,NULL,N/A
MTGEP,$24.2587,1439842515381,400,Not yet rated,NULL,N/A
ANCI,$1.61,1439842515413,"2,450",100% bearish,of 1 rating,N/A
MTGE,$15.97,1439842515481,"245,601",75% bullish,of 4 ratings,$19.50
ACAS,$14.355,1439842515508,"1,111,556",60% bullish,of 5 ratings,$16.75
ACSF,$12.7999,1439842515559,"19,091",100% bearish,of 1 rating,$15
AETI,$3.8401,1439842515710,"6,335",67% bearish,of 3 ratings,N/A
APEI,$22.41,1439842515961,"70,487",100% bearish,of 1 rating,$29
ANAT,$104.8,1439842516051,"9,646",100% bullish,of 1 rating,N/A
AMIC,$10.1,1439842516090,236,Not yet rated,NULL,N/A
AMRB,$10.1,1439842516119,"36,412",Not yet rated,NULL,$11
ARII,$40.37,1439842516156,"111,249",67% bearish,of 3 ratings,$45
ASEI,$39.57,1439842516225,"18,981",100% bearish,of 1 rating,$52.50
AMSWA,$9.36,1439842516538,"6,459",100% bearish,of 2 ratings,$10.75
CRMT,$45.645,1439842516619,"5,320",100% bearish,of 1 rating,$49
AMRN,$2.31,1439842516925,"514,178",85% bullish,of 39 ratings,$8
AMWD,$65.885,1439842517106,"51,741",50% bullish,of 2 ratings,$58
AMSF,$50.78,1439842517207,"30,086",Not yet rated,NULL,$57.50
ASRV,$3.3,1439842517232,"27,437",100% bullish,of 2 ratings,N/A
ABCB,$28.5,1439842517264,"82,744",Not yet rated,NULL,$30.50
AMNB,$23.08,1439842517290,"4,703",Not yet rated,NULL,$25.50
AMSC,$4.1101,1439842517366,"13,452",50% bullish,of 4 ratings,N/A
ASRVP,$27.52,1439842517502,100,Not yet rated,NULL,N/A
ATLO,$24.33,1439842517586,"2,212",Not yet rated,NULL,N/A
AMGN,$169.75,1439842517616,"1,057,816",89% bullish,of 19 ratings,$185
FOLD,$16.645,1439842517645,"592,029",56% bullish,of 9 ratings,$21
AMPH,$14.78,1439842517749,"126,069",50% bullish,of 2 ratings,$20
AMSGP,NULL,1439842517825,0,Not yet rated,NULL,N/A
ASYS,$5.82,1439842517879,"32,003",67% bullish,of 3 ratings,$12
AMKR,$4.49,1439842517909,"929,039",100% bearish,of 2 ratings,$5
AMSG,$86.05,1439842517982,"130,913",100% bearish,of 1 rating,$85.50
AFSI,$63.05,1439842518042,"696,633",60% bullish,of 5 ratings,$72
AMRS,$1.68,1439842518150,"42,359",70% bullish,of 10 ratings,N/A
ANAD,$0.368,1439842518278,"669,231",100% bullish,of 2 ratings,$.50
ADI,$59.51,1439842518410,"696,446",67% bullish,of 3 ratings,$68
ALOG,$82.28,1439842518436,"52,264",100% bearish,of 2 ratings,$100.50
ANAC,$136.97,1439842518461,"301,283",80% bullish,of 5 ratings,$180.50
ABCW,$41.46,1439842518487,"5,625",67% bullish,of 3 ratings,N/A
ANCB,$22.75,1439842518516,100,Not yet rated,NULL,$23
AMCF,$0.2601,1439842518649,"16,867",100% bullish,of 7 ratings,N/A
ANGI,$4.501,1439842518737,"235,430",64% bullish,of 11 ratings,$5.50
ANGO,$14.96,1439842518807,"37,725",67% bullish,of 3 ratings,$19
ANIP,$56.97,1439842518838,"210,321",89% bullish,of 19 ratings,$66
ATRS,$1.935,1439842518937,"525,505",92% bullish,of 12 ratings,$4.50
ANSS,$96.4,1439842518964,"276,989",100% bearish,of 1 rating,$100
ANTH,$9.67,1439842518993,"298,909",80% bullish,of 10 ratings,$13
ANIK,$36.35,1439842519014,"47,742",60% bullish,of 5 ratings,$51.25
ABAC,$0.885,1439842519198,"22,547",100% bearish,of 1 rating,N/A
ATNY,$2.4,1439842519228,"3,789",50% bullish,of 2 ratings,$3.75
APIC,$7.8001,1439842519267,"76,116",100% bearish,of 1 rating,$19
APOG,$54.57,1439842519360,"89,649",100% bullish,of 1 rating,$62
AINV,$6.6,1439842519443,"3,318,572",50% bullish,of 4 ratings,$8
APOL,$11.88,1439842519501,"553,705",87% bearish,of 68 ratings,$14
AAPL,$117.23,1439842519529,"20,746,282",86% bullish,of 2332 ratings,$150
APPF,$17.31,1439842519580,"55,314",50% bullish,of 2 ratings,$22
ARCI,$1.26,1439842519723,"11,308",Not yet rated,NULL,N/A
APDN,$3.328,1439842519754,"43,239",Not yet rated,NULL,$9
AGTC,$15.78,1439842519818,"16,889",50% bullish,of 2 ratings,$33
APDNW,$1.33,1439842519845,"6,700",Not yet rated,NULL,N/A
AMAT,$17.035,1439842519885,"7,512,348",82% bullish,of 11 ratings,$23.50
AMCC,$5.83,1439842520018,"541,770",80% bullish,of 5 ratings,$8
AAOI,$21.84,1439842520157,"1,521,666",50% bullish,of 4 ratings,$26
AREX,$2.67,1439842520210,"157,310",100% bearish,of 1 rating,$3
APRI,$1.16,1439842520259,"44,681",83% bullish,of 6 ratings,$4.86
AQMS,$5.4371,1439842520291,"21,300",Not yet rated,NULL,N/A
APTO,$5.04,1439842520391,"2,402",Not yet rated,NULL,$17
AQXP,$20.63,1439842520416,"972,901",50% bullish,of 2 ratings,$2
AUMA,$9.75,1439842520582,"99,314",Not yet rated,NULL,N/A
AUMAU,NULL,1439842520617,0,Not yet rated,NULL,N/A
PETX,$17.04,1439842520664,"168,490",100% bearish,of 2 ratings,$26
ARDM,$7.3601,1439842520692,780,100% bullish,of 1 rating,$26
ABUS,$8.78,1439842520722,"281,664",86% bullish,of 14 ratings,$23
AUMAW,NULL,1439842520749,0,Not yet rated,NULL,N/A
ARCW,$3.62,1439842520782,"4,976",100% bearish,of 2 ratings,$10.50
RKDA,$5.2,1439842521074,"18,771",100% bearish,of 2 ratings,$10
ARDX,$18.83,1439842521397,"74,958",50% bullish,of 2 ratings,$22
ACAT,$30.07,1439842521424,"66,295",100% bearish,of 3 ratings,$33
ACGL,$73.84,1439842521467,"74,957",50% bullish,of 2 ratings,$72
ARCC,$16.08,1439842521524,"495,882",67% bearish,of 3 ratings,$17.875
ABIO,$0.9227,1439842521545,"116,689",50% bullish,of 2 ratings,$3.75
ARCB,$32.68,1439842521566,"96,879",50% bullish,of 2 ratings,$39.50
ARNA,$3.43,1439842521603,"866,056",90% bullish,of 77 ratings,$5.50
AGII,$57.6073,1439842521624,"137,270",Not yet rated,NULL,$58
ARGS,$4.55,1439842521845,"12,336",50% bullish,of 2 ratings,$19.50
ARMH,$43.11,1439842521903,"1,912,391",54% bearish,of 13 ratings,$61
ARKR,NULL,1439842521981,0,50% bullish,of 2 ratings,N/A
ARIA,$7.585,1439842522011,"1,082,747",87% bullish,of 46 ratings,$9
ARIS,$3.23,1439842522052,"7,926",Not yet rated,NULL,$4.50
ARTX,$1.59,1439842522138,"60,173",88% bullish,of 16 ratings,$4.50
AGIIL,$25.4,1439842522201,"1,157",Not yet rated,NULL,N/A
ARWA,NULL,1439842522340,0,Not yet rated,NULL,N/A
ARWAR,$0.275,1439842522372,"18,000",Not yet rated,NULL,N/A
ARWAU,NULL,1439842522420,0,100% bullish,of 1 rating,N/A
ARWAW,NULL,1439842522448,0,Not yet rated,NULL,N/A
ARQL,$1.7,1439842522473,"53,705",75% bullish,of 4 ratings,$5
AROW,$27.6,1439842522686,"6,808",Not yet rated,NULL,N/A
ARRY,$5.87,1439842522759,"381,223",100% bullish,of 7 ratings,$10
DWAT,$10.5,1439842522794,"13,509",100% bearish,of 1 rating,N/A
ARRS,$27.93,1439842522866,"479,341",50% bullish,of 2 ratings,$38
ARWR,$5.83,1439842522896,"694,621",75% bullish,of 4 ratings,$10.50
ARTW,$4.41,1439842522917,"1,302",75% bearish,of 4 ratings,N/A
ARTNA,$22.46,1439842522950,"7,926",100% bearish,of 1 rating,$29
ASBB,$23.45,1439842523093,"10,325",Not yet rated,NULL,N/A
ASNA,$12.43,1439842523295,"591,725",50% bullish,of 2 ratings,$18
ASTI,$0.1704,1439842523325,"2,370,725",83% bullish,of 6 ratings,$3
ASCMA,$28.62,1439842523347,"96,879",100% bearish,of 1 rating,$45
ASND,$17,1439842523424,"51,796",100% bullish,of 1 rating,$30
ASMI,$39.2401,1439842523486,786,50% bullish,of 2 ratings,N/A
ASML,$93.19,1439842523514,"597,005",67% bullish,of 3 ratings,$127
APWC,$2.08,1439842523544,120,100% bearish,of 1 rating,N/A
AZPN,$39.36,1439842523643,"821,668",50% bullish,of 2 ratings,$42
ASTE,$38.38,1439842523701,"70,709",100% bearish,of 1 rating,$48
ASFI,$9.1,1439842523728,"9,400",100% bullish,of 1 rating,N/A
ALOT,$13.7,1439842523893,"1,558",100% bearish,of 1 rating,N/A
ASMB,$13.832,1439842523934,"41,961",67% bullish,of 3 ratings,N/A
ATRO,$58.69,1439842523959,"124,116",100% bearish,of 2 ratings,$80
ASTC,$2.34,1439842524018,"2,929",100% bullish,of 5 ratings,N/A
ASUR,$5.935,1439842524044,"7,690",Not yet rated,NULL,$8
ATAI,$3.1,1439842524266,"38,755",100% bearish,of 1 rating,N/A
ATHX,$1.17,1439842524409,"204,893",89% bullish,of 9 ratings,$5
ATRA,$50.1,1439842524442,"99,543",50% bullish,of 2 ratings,$68
AFCB,NULL,1439842524468,0,Not yet rated,NULL,N/A
ATHN,$142,1439842524498,"183,506",67% bearish,of 3 ratings,$153
AAPC,$10.19,1439842524540,44,Not yet rated,NULL,N/A
ACFC,$6.56,1439842524605,"177,878",Not yet rated,NULL,$6.50
AAME,$3.54,1439842524638,831,Not yet rated,NULL,N/A
ATNI,$75.18,1439842524734,"45,523",100% bearish,of 1 rating,$69.50
ATLC,$3.94,1439842524951,"1,900",67% bullish,of 3 ratings,N/A
AFH,$17.17,1439842525003,"3,437",Not yet rated,NULL,$21.50
ATML,$7.84,1439842525024,"1,978,022",78% bullish,of 9 ratings,$9.50
AAWW,$45.1,1439842525053,"123,341",50% bullish,of 2 ratings,$65
ATOS,$0.9516,1439842525112,"31,054",100% bullish,of 7 ratings,$7
ATRC,$27.59,1439842525215,"73,574",100% bullish,of 1 rating,$30
ATRI,$399.3471,1439842525292,918,Not yet rated,NULL,N/A
LIFE,$16,1439842525356,"61,813",86% bullish,of 7 ratings,$43
ATTU,$14.93,1439842525435,"26,360",100% bearish,of 1 rating,$20.50
ATRM,$3,1439842525489,"1,032",50% bullish,of 2 ratings,N/A
AUPH,$3.59,1439842525522,"13,085",100% bearish,of 1 rating,$8
AUDC,$3.3,1439842525625,"61,480",80% bullish,of 5 ratings,$5
AUBN,$27.6,1439842525688,890,Not yet rated,NULL,N/A
EARS,$5.01,1439842525716,"13,163",100% bearish,of 2 ratings,$12
ADAT,$0.11,1439842525862,"22,543",100% bullish,of 2 ratings,N/A
ABTL,$19.8,1439842525925,"62,882",100% bullish,of 4 ratings,$20.25
ADSK,$55.385,1439842525991,"500,114",83% bullish,of 6 ratings,$69.50
ADP,$84.75,1439842526017,"1,711,821",100% bearish,of 1 rating,$88
AAVL,$10.97,1439842526147,"1,159,244",100% bearish,of 1 rating,$20
AVEO,$1.69,1439842526236,"20,708,072",75% bullish,of 8 ratings,$3
AVNU,NULL,1439842526261,0,Not yet rated,NULL,$14
AVGO,$125.28,1439842526289,"1,084,802",88% bullish,of 8 ratings,$160
AVNW,$1.12,1439842526417,"30,111",50% bullish,of 2 ratings,$2.20
AVGR,$15.37,1439842526442,"24,038",100% bearish,of 1 rating,$20
AVID,$9.1341,1439842526522,"165,973",100% bearish,of 1 rating,$20
ACLS,$3.21,1439842526703,"294,977",67% bullish,of 6 ratings,$4.75
CAR,$46.91,1439842526730,"3,002,572",80% bullish,of 5 ratings,$60
AWRE,$3.25,1439842526761,800,67% bullish,of 3 ratings,N/A
AXGN,$3.89,1439842526870,"19,588",Not yet rated,NULL,$5
AXPW,$1.3085,1439842526898,"52,518",83% bullish,of 6 ratings,N/A
AXPWW,$1.47,1439842526926,192,Not yet rated,NULL,N/A
RILY,$10,1439842527170,50,Not yet rated,NULL,N/A
AXTI,$2.2,1439842527198,"30,010",50% bullish,of 2 ratings,$2.75
BCOM,$19.98,1439842527227,516,100% bearish,of 1 rating,N/A
BOSC,$2.3699,1439842527360,"7,476",50% bullish,of 2 ratings,N/A
BEAV,$50.87,1439842527389,"382,784",67% bearish,of 3 ratings,$59
BCPC,$60.94,1439842527459,"108,602",100% bearish,of 1 rating,$75
BWINA,NULL,1439842527486,0,Not yet rated,NULL,N/A
BIDU,$167.47,1439842527628,"1,629,078",81% bullish,of 88 ratings,$215
BLDP,$1.32,1439842527664,"94,158",91% bullish,of 22 ratings,$2.50
BANF,$63.96,1439842527734,"5,400",Not yet rated,NULL,$68
BWINB,$23.47,1439842527795,"15,165",Not yet rated,NULL,N/A
BANFP,$27.05,1439842527891,"2,900",Not yet rated,NULL,N/A
BKMU,$7.39,1439842527951,"16,524",Not yet rated,NULL,$8
BOCH,$5.8,1439842528083,"5,308",Not yet rated,NULL,$6.50
BKSC,$15.99,1439842528116,"3,500",Not yet rated,NULL,N/A
BMRC,$49,1439842528213,"5,804",Not yet rated,NULL,$52
BOTJ,$11.1401,1439842528240,"2,006",Not yet rated,NULL,N/A
OZRK,$43.74,1439842528266,"150,012",67% bullish,of 3 ratings,$49.50
BFIN,$12.4,1439842528429,"6,455",Not yet rated,NULL,$13
BZUN,$7.73,1439842528514,"40,000",50% bullish,of 2 ratings,$13.85
BANR,$47.87,1439842528565,"24,877",100% bullish,of 3 ratings,$50
BWFG,$18.24,1439842528594,792,100% bearish,of 1 rating,N/A
TAPR,$31.14,1439842528620,"1,126",100% bearish,of 1 rating,N/A
BHAC,NULL,1439842528694,0,Not yet rated,NULL,N/A
BHACR,$0.269,1439842528783,"10,079",Not yet rated,NULL,N/A
BHACU,NULL,1439842528961,0,Not yet rated,NULL,N/A
BSET,$31.7,1439842529018,"44,418",100% bearish,of 1 rating,$35
BHACW,NULL,1439842529119,0,Not yet rated,NULL,N/A
BBSI,$37.5217,1439842529150,"37,580",67% bearish,of 3 ratings,$62.50
BYLK,$12.94,1439842529225,"5,774",Not yet rated,NULL,$14
BBCN,$15.63,1439842529254,"137,102",100% bearish,of 1 rating,$16
BV,$5.36,1439842529355,"153,258",67% bullish,of 6 ratings,$9
BDCV,$4.99,1439842529417,"21,871",100% bearish,of 1 rating,$10.19
BYBK,$5.09,1439842529555,300,100% bearish,of 1 rating,N/A
BCBP,$11.7245,1439842529607,"4,253",Not yet rated,NULL,N/A
BSF,$9.03,1439842529663,"1,350",Not yet rated,NULL,N/A
BECN,$36.05,1439842529693,"105,714",50% bullish,of 2 ratings,$40
BBGI,$4.85,1439842529715,157,100% bearish,of 1 rating,N/A
BEBE,$1.85,1439842529743,"50,542",75% bullish,of 4 ratings,$3.075
BBBY,$63.3,1439842529846,"750,662",71% bullish,of 7 ratings,$75
BELFA,$17.18,1439842530074,645,100% bearish,of 1 rating,N/A
BLPH,$4.41,1439842530181,"23,470",100% bearish,of 1 rating,$12.50
BLCM,$18.99,1439842530206,"215,315",50% bullish,of 4 ratings,$40
BELFB,$20.17,1439842530249,"16,381",100% bearish,of 1 rating,N/A
BNCL,$13.02,1439842530398,"188,160",100% bullish,of 3 ratings,$12.50
BNFT,$40.97,1439842530452,"97,977",67% bullish,of 3 ratings,$46
BNTC,NULL,1439842530481,0,100% bullish,of 1 rating,N/A
BGMD,$0.87,1439842530589,"222,068",100% bullish,of 10 ratings,N/A
BGCP,$9.695,1439842530619,"575,005",88% bullish,of 8 ratings,$14
BIND,$4.52,1439842530640,"25,158",67% bullish,of 3 ratings,$13.50
ORPN,$5.77,1439842530669,"8,593",100% bullish,of 1 rating,$28.50
BASI,$1.65,1439842530809,750,Not yet rated,NULL,N/A
BGFV,$11.23,1439842530838,"80,461",57% bullish,of 7 ratings,$12
BIOC,$1.84,1439842530913,"207,868",83% bullish,of 6 ratings,$3.70
BCDA,NULL,1439842531046,0,Not yet rated,NULL,N/A
BCRX,$12.17,1439842531221,"302,716",63% bullish,of 8 ratings,$18
BIOD,$0.7244,1439842531301,"250,185",80% bullish,of 5 ratings,$4
BDSI,$6.588,1439842531329,"680,812",88% bullish,of 8 ratings,$17
BIIB,$316.08,1439842531360,"697,604",88% bullish,of 16 ratings,$400
BLFS,$2.1801,1439842531409,"5,603",100% bearish,of 1 rating,$4.75
BMRN,$139.6,1439842531464,"282,942",80% bullish,of 5 ratings,$160
BIOL,$1.56,1439842531493,"78,612",Not yet rated,NULL,N/A
BLRX,$1.58,1439842531690,"229,152",100% bullish,of 12 ratings,$7
BRLI,$35.97,1439842531720,"110,688",83% bullish,of 6 ratings,$32
BVXVW,NULL,1439842531741,0,100% bearish,of 1 rating,N/A
BVXV,$4.173,1439842531779,"32,936",Not yet rated,NULL,N/A
BIOS,$1.555,1439842531874,"1,521,901",71% bullish,of 7 ratings,$4
BPTH,$1.15,1439842531902,"26,744",100% bullish,of 2 ratings,$5
BBC,$33.7016,1439842531934,"26,922",Not yet rated,NULL,N/A
BBP,$34.556,1439842532153,"29,986",Not yet rated,NULL,N/A
BSPM,$0.68,1439842532257,"13,874",50% bullish,of 2 ratings,N/A
BSTC,$51.49,1439842532315,"58,337",100% bearish,of 1 rating,$76
BOTA,$2.31,1439842532341,"47,785",86% bullish,of 7 ratings,N/A
BEAT,$12.345,1439842532386,"159,039",67% bearish,of 3 ratings,$15
BITI,$19.69,1439842532411,"27,752",100% bullish,of 1 rating,$28
BDMS,NULL,1439842532474,0,100% bearish,of 1 rating,N/A
TECH,$106.52,1439842532501,"92,569",100% bullish,of 1 rating,$117
BJRI,$46.58,1439842532642,"111,327",50% bullish,of 2 ratings,$55
BBOX,$15.98,1439842532776,"31,005",100% bearish,of 1 rating,N/A
BBRY,$7.625,1439842532930,"1,783,348",61% bullish,of 330 ratings,$9
BDE,$7.6,1439842532963,"78,173",50% bullish,of 2 ratings,$9
HAWK,$44.33,1439842532984,"311,748",90% bullish,of 10 ratings,$49
BLKB,$63.69,1439842533005,"89,118",100% bearish,of 2 ratings,$66
BKCC,$9.49,1439842533062,"143,788",100% bullish,of 2 ratings,$10
ADRA,NULL,1439842533135,0,Not yet rated,NULL,N/A
ADRD,$23.501,1439842533194,"4,514",100% bearish,of 1 rating,N/A
BCOR,$13.77,1439842533339,"98,942",57% bullish,of 7 ratings,$15
ADRU,$23.2492,1439842533371,"4,505",100% bearish,of 1 rating,N/A
BLMN,$21.89,1439842533445,"551,501",83% bullish,of 6 ratings,$27.50
ADRE,$31.35,1439842533473,"10,387",Not yet rated,NULL,N/A
BLBD,$12.98,1439842533501,"9,790",Not yet rated,NULL,N/A
BUFF,$26.38,1439842533630,"414,549",83% bullish,of 12 ratings,N/A
BBLU,$0.87,1439842533674,"95,278",100% bullish,of 2 ratings,$4.43
BLUE,$131.815,1439842533870,"377,006",86% bullish,of 7 ratings,$217.50
NILE,$34.73,1439842533900,"54,546",50% bullish,of 2 ratings,$34
BHBK,$14.42,1439842533977,"20,772",100% bullish,of 1 rating,$14.50
BPMC,$31,1439842534006,"197,778",50% bullish,of 2 ratings,$47.50
BKEP,$6.95,1439842534036,"16,626",100% bearish,of 1 rating,$8.50
BKEPP,NULL,1439842534060,0,100% bearish,of 1 rating,N/A
BNCN,$22.11,1439842534141,"46,381",Not yet rated,NULL,$22
BOFI,$131.44,1439842534281,"95,279",100% bullish,of 6 ratings,$137.50
BOBE,$46.39,1439842534359,"60,143",75% bullish,of 4 ratings,$57
WIFI,$9.17,1439842534417,"211,644",50% bullish,of 2 ratings,$13.50
BOJA,$22.6138,1439842534443,"159,006",100% bullish,of 1 rating,$30
BONA,$12.14,1439842534574,"259,030",75% bullish,of 4 ratings,$8.50
BOKF,$66.18,1439842534602,"64,698",100% bearish,of 1 rating,$71
BNSO,$1.44,1439842534628,"70,374",100% bearish,of 1 rating,N/A
BAMM,$3.2199,1439842534791,"5,757",60% bullish,of 5 ratings,N/A
BPFH,$12.495,1439842534849,"63,590",100% bearish,of 1 rating,$14
BPFHP,$25.7,1439842534875,"2,300",100% bearish,of 1 rating,N/A
BPFHW,$6.4,1439842534929,"1,278",100% bearish,of 1 rating,N/A
BCLI,$2.98,1439842535130,"86,344",80% bullish,of 5 ratings,$12
EPAY,$26.57,1439842535158,"46,152",100% bearish,of 2 ratings,$30
BDBD,$9.07,1439842535196,"404,998",60% bullish,of 5 ratings,$10
BBRG,$13.21,1439842535293,"62,724",67% bullish,of 3 ratings,$14.50
BBEPP,$13.8899,1439842535321,"24,866",100% bearish,of 1 rating,N/A
BBEP,$2.59,1439842535343,"1,367,352",69% bullish,of 13 ratings,$5.625
BDGE,$28.11,1439842535554,"6,462",Not yet rated,NULL,$31.75
BCOV,$5.47,1439842535609,"31,121",67% bullish,of 3 ratings,$10.20
BLIN,$1.4,1439842535645,"2,800",50% bullish,of 2 ratings,$2.80
BSFT,$34.17,1439842535704,"50,328",57% bullish,of 7 ratings,$40.50
BRID,NULL,1439842535729,0,100% bearish,of 1 rating,N/A
BRCM,$51.49,1439842535786,"1,422,422",75% bullish,of 12 ratings,$56
BVSN,$6.05,1439842535807,"1,326",60% bearish,of 5 ratings,N/A
BYFC,$1.43,1439842535954,500,50% bullish,of 2 ratings,N/A
BWEN,$3.6,1439842536123,"13,210",100% bullish,of 3 ratings,$8
BRKS,$10.92,1439842536148,"95,098",67% bullish,of 3 ratings,$15.25
BRKL,$10.86,1439842536176,"147,741",100% bearish,of 1 rating,$10.75
BRCD,$10.115,1439842536201,"1,291,646",92% bullish,of 13 ratings,$12.50
BRKR,$20.38,1439842536349,"180,016",100% bearish,of 2 ratings,$22
BLMT,$21.38,1439842536519,950,Not yet rated,NULL,N/A
BMTC,$30.08,1439842536602,"70,100",Not yet rated,NULL,$34
BLDR,$14.365,1439842536636,"347,471",50% bullish,of 2 ratings,$22
BUR,$2.0401,1439842536664,"1,718",100% bearish,of 1 rating,$8
CHRW,$69.69,1439842536744,"564,631",Not yet rated,NULL,$72
CFFI,$37,1439842536795,"5,958",100% bearish,of 1 rating,N/A
BSQR,$7.26,1439842536823,"220,191",67% bullish,of 3 ratings,N/A
CA,$29.65,1439842536967,"764,767",50% bullish,of 4 ratings,$33
BWLD,$197.88,1439842537009,"105,796",82% bullish,of 11 ratings,$205
CCMP,$45.81,1439842537057,"26,779",50% bullish,of 2 ratings,$59
CDNS,$21.78,1439842537348,"764,931",75% bullish,of 4 ratings,$22.50
CACQ,$7.47,1439842537377,"37,693",100% bearish,of 1 rating,$12.25
CZR,$7.55,1439842537405,"574,717",60% bearish,of 5 ratings,$10.50
CDZI,$7.24,1439842537430,"22,539",100% bearish,of 1 rating,N/A
PRSS,$4.74,1439842537455,"11,432",80% bullish,of 5 ratings,$4.50
CHI,$11.01,1439842537590,"238,219",100% bearish,of 1 rating,N/A
CLMS,$11.9,1439842537635,"73,326",Not yet rated,NULL,$10.50
CSTE,$48.5,1439842537693,"660,039",100% bearish,of 1 rating,$65
CLBS,$1.43,1439842537826,"169,515",79% bullish,of 14 ratings,$4
CHW,$8.11,1439842537923,"176,533",100% bearish,of 1 rating,N/A
CCD,$20.97,1439842537952,"92,668",Not yet rated,NULL,N/A
CFGE,$11.0699,1439842537978,"2,000",Not yet rated,NULL,N/A
CHY,$11.845,1439842538057,"252,695",Not yet rated,NULL,N/A
CGO,$12.83,1439842538162,"21,932",100% bearish,of 1 rating,N/A
CSQ,$10.58,1439842538300,"268,853",Not yet rated,NULL,N/A
CAMP,$16.64,1439842538367,"134,357",86% bullish,of 7 ratings,$25
CALM,$52.04,1439842538441,"336,968",80% bullish,of 5 ratings,$65
CFNB,NULL,1439842538472,0,100% bearish,of 1 rating,N/A
CVGW,$53.78,1439842538493,"53,698",50% bullish,of 2 ratings,$58.50
CALA,$5.48,1439842538526,"152,009",100% bullish,of 3 ratings,$19.50
CALD,$16.465,1439842538575,"156,831",100% bearish,of 1 rating,$20.50
CLMT,$26.64,1439842538717,"239,692",75% bullish,of 8 ratings,$31
CAMB,NULL,1439842538858,0,Not yet rated,NULL,N/A
ABCD,$4.68,1439842538893,"55,474",83% bullish,of 6 ratings,N/A
CAMBU,NULL,1439842538990,0,100% bearish,of 1 rating,N/A
CAMBW,NULL,1439842539015,0,Not yet rated,NULL,N/A
CAMT,$2.87,1439842539147,"26,866",73% bullish,of 11 ratings,$4
CAC,$40.8,1439842539191,"3,003",Not yet rated,NULL,N/A
CGIX,$11.13,1439842539217,"18,783",67% bullish,of 3 ratings,$14.375
CSIQ,$24.22,1439842539281,"1,482,304",86% bullish,of 28 ratings,$45
CBNJ,$10.945,1439842539350,"40,709",100% bullish,of 1 rating,N/A
CBF,$30.54,1439842539379,"24,696",Not yet rated,NULL,$32
CPLA,$49.67,1439842539517,"39,523",50% bullish,of 2 ratings,$65
CPHC,NULL,1439842539548,0,100% bearish,of 1 rating,N/A
CCBG,$15.08,1439842539624,"11,891",Not yet rated,NULL,$17.25
CPLP,$7.29,1439842539650,"279,245",71% bullish,of 7 ratings,$11
CSWC,$49.94,1439842539782,"30,392",Not yet rated,NULL,N/A
CPTA,$15.13,1439842539920,"73,124",Not yet rated,NULL,$18.50
CFFN,$12.2,1439842539947,"329,863",Not yet rated,NULL,$12.75
CAPN,$2.38,1439842540081,"414,850",100% bullish,of 1 rating,$10.85
CAPR,$4.17,1439842540114,"16,920",Not yet rated,NULL,$12
CAPNW,$0.6,1439842540135,"10,300",Not yet rated,NULL,N/A
CARA,$21.97,1439842540156,"208,735",50% bullish,of 4 ratings,$27.50
CPST,$0.3951,1439842540193,"546,490",95% bullish,of 22 ratings,$1
CARB,$11.59,1439842540297,"54,280",75% bullish,of 4 ratings,$12
CBYL,$6.45,1439842540658,"13,666",100% bearish,of 1 rating,$20
CRME,$9.82,1439842540683,"5,383",89% bullish,of 9 ratings,$11.25
CSII,$24.15,1439842540709,"118,558",100% bearish,of 2 ratings,$42.125
CFNL,$23.51,1439842540735,"81,001",Not yet rated,NULL,$24
CRDC,$0.38,1439842540756,"69,536",100% bullish,of 1 rating,$1.25
CKEC,$23.84,1439842540907,"58,312",50% bullish,of 2 ratings,$35.915
CDNA,$6.18,1439842540947,458,100% bearish,of 1 rating,$9
CATM,$35.38,1439842540982,"106,587",100% bearish,of 1 rating,$44
CECO,$3.96,1439842541118,"226,883",67% bearish,of 3 ratings,$6
CTRE,$11.48,1439842541153,"224,516",50% bullish,of 2 ratings,N/A
CLBH,NULL,1439842541219,0,Not yet rated,NULL,$16.50
CARO,$15.85,1439842541247,"26,140",100% bearish,of 1 rating,$19
CART,$5.45,1439842541321,346,100% bearish,of 1 rating,N/A
CRZO,$34.79,1439842541378,"347,567",67% bearish,of 3 ratings,$57
TAST,$12.98,1439842541587,"169,096",Not yet rated,NULL,$14.25
CRTN,NULL,1439842541727,0,100% bearish,of 1 rating,N/A
CARV,$5.85,1439842541752,200,50% bullish,of 2 ratings,N/A
CACB,$5.52,1439842541785,"9,836",Not yet rated,NULL,$5.50
CSCD,$14.13,1439842541814,"49,585",100% bullish,of 2 ratings,$17
CASY,$107.83,1439842541883,"147,680",50% bullish,of 2 ratings,$99.50
CASM,$1.1,1439842541910,"17,912",100% bullish,of 1 rating,$3.50
CWST,$6.49,1439842542081,"111,992",50% bullish,of 2 ratings,$7
CATB,$12.09,1439842542137,"20,625",100% bearish,of 1 rating,$28
CASI,$1.48,1439842542163,"12,483",100% bullish,of 1 rating,$3.50
CASS,$51.265,1439842542209,"9,024",100% bearish,of 1 rating,N/A
CATY,$32.2,1439842542303,"206,966",100% bearish,of 1 rating,$33.50
CPRX,$4.19,1439842542336,"310,300",71% bullish,of 7 ratings,$7
CATYW,NULL,1439842542362,0,100% bearish,of 1 rating,N/A
CVCO,$73.13,1439842542434,"12,319",100% bearish,of 1 rating,N/A
CAVM,$74,1439842542715,"353,371",67% bearish,of 3 ratings,$72
CNLM,NULL,1439842542746,0,Not yet rated,NULL,N/A
CBFV,$19.9499,1439842542767,500,Not yet rated,NULL,N/A
CNLMU,NULL,1439842542795,0,100% bullish,of 1 rating,N/A
CNLMW,NULL,1439842542848,0,Not yet rated,NULL,N/A
CNLMR,NULL,1439842543069,0,Not yet rated,NULL,N/A
CBOE,$64.32,1439842543108,"219,386",Not yet rated,NULL,$60
CECE,$10.67,1439842543203,"113,588",50% bullish,of 2 ratings,$16
CELG,$131.23,1439842543234,"1,290,385",92% bullish,of 13 ratings,$155.50
CDK,$52,1439842543259,"251,397",67% bearish,of 3 ratings,$50
CPXX,$2.18,1439842543401,"70,076",100% bullish,of 2 ratings,$7
CELGZ,$2.07,1439842543455,"2,000",80% bullish,of 5 ratings,N/A
CDW,$39.74,1439842543526,"717,938",75% bullish,of 4 ratings,$44
CLRB,$3.07,1439842543727,400,100% bearish,of 1 rating,N/A
CLDX,$16.15,1439842543767,"988,945",89% bullish,of 9 ratings,$36
CLRBW,NULL,1439842543795,0,Not yet rated,NULL,N/A
CLDN,$1.06,1439842543816,"233,031",71% bullish,of 7 ratings,$3
CLLS,$33.58,1439842543845,"43,553",75% bullish,of 4 ratings,$51.50
CLTX,$0.6101,1439842544055,"12,430",100% bullish,of 2 ratings,N/A
CLSN,$2.19,1439842544139,"82,191",80% bullish,of 10 ratings,$7.50
CYAD,$55.11,1439842544166,200,100% bullish,of 1 rating,$87.50
CBMG,$22.38,1439842544193,"33,576",50% bullish,of 2 ratings,N/A
CEMP,$37.66,1439842544228,"478,003",71% bullish,of 7 ratings,$48.50
CETV,$2.23,1439842544325,"35,623",67% bullish,of 3 ratings,$2.80
CETX,$2.42,1439842544351,"59,031",Not yet rated,NULL,$5.60
CSFL,$14.23,1439842544380,"75,391",Not yet rated,NULL,$15
CENT,$11.53,1439842544642,"41,029",Not yet rated,NULL,$10
CFBK,NULL,1439842544675,0,Not yet rated,NULL,N/A
CENX,$5.83,1439842544877,"1,458,703",67% bullish,of 6 ratings,$9
CVCY,$11.15,1439842544948,911,Not yet rated,NULL,$12
CENTA,$12.31,1439842544974,"35,511",Not yet rated,NULL,N/A
CNTY,$6.32,1439842545008,"42,303",80% bullish,of 5 ratings,$7.75
CNBKA,$41.57,1439842545034,"1,542",100% bullish,of 1 rating,N/A
CPHD,$51.37,1439842545060,"359,970",50% bullish,of 2 ratings,$67
CRNT,$1.48,1439842545112,"390,993",50% bullish,of 2 ratings,$2
CERE,$1.69,1439842545212,"534,910",88% bullish,of 8 ratings,N/A
CERN,$64.54,1439842545530,"1,118,873",67% bullish,of 3 ratings,$79
CERU,$3.51,1439842545589,"120,458",75% bullish,of 4 ratings,$15
KOOL,$0.71,1439842545674,"14,415",100% bullish,of 5 ratings,$7
CERS,$4.89,1439842545700,"324,977",75% bullish,of 4 ratings,$7
CYOU,$20.1348,1439842545721,"191,879",50% bullish,of 6 ratings,$24
CEVA,$19.37,1439842545754,"53,189",100% bearish,of 1 rating,$25
HOTR,$1.53,1439842545854,"655,356",100% bullish,of 2 ratings,$5
HOTRW,NULL,1439842545919,0,Not yet rated,NULL,N/A
CHFN,$12.54,1439842546098,"7,199",Not yet rated,NULL,$14
CTHR,$1.21,1439842546159,"4,615",50% bullish,of 2 ratings,$2.50
CHTR,$187.14,1439842546186,"634,878",100% bearish,of 2 ratings,$196
GTLS,$25.07,1439842546218,"179,893",50% bullish,of 4 ratings,$40
CHEK,$3.3,1439842546259,550,Not yet rated,NULL,$7.75
CEMI,$4.69,1439842546352,"3,400",50% bullish,of 2 ratings,$7.50
CHKP,$82.2,1439842546402,"480,039",50% bullish,of 4 ratings,$92
CHEKW,$1.21,1439842546537,"1,125",Not yet rated,NULL,N/A
CHFC,$32.87,1439842546701,"18,469",100% bearish,of 1 rating,$36
CCXI,$6.82,1439842546769,"30,326",67% bullish,of 3 ratings,$14
CHKE,$27.75,1439842546795,"9,597",100% bearish,of 1 rating,$32.50
CHMG,$26.5,1439842546872,727,Not yet rated,NULL,$30
CHEV,$14.35,1439842546957,"8,299",Not yet rated,NULL,N/A
CHMA,$27.57,1439842546991,"322,314",Not yet rated,NULL,$40
PLCE,$60.16,1439842547012,"156,792",100% bearish,of 1 rating,$71
CBNK,$16.62,1439842547100,100,100% bearish,of 1 rating,N/A
CMRX,$53.09,1439842547177,"126,099",50% bullish,of 2 ratings,$57
CADC,NULL,1439842547328,0,78% bullish,of 9 ratings,N/A
CBAK,$2.37,1439842547360,"15,798",67% bullish,of 9 ratings,N/A
CALI,$0.88,1439842547381,"48,119",67% bullish,of 3 ratings,N/A
CAAS,$6.94,1439842547514,"46,505",93% bullish,of 14 ratings,$11.50
CBPO,$111.01,1439842547616,"118,669",75% bullish,of 8 ratings,$140.50
CCCL,$0.9899,1439842547715,"1,700",100% bullish,of 6 ratings,N/A
JRJC,$4.38,1439842547759,"30,254",82% bullish,of 11 ratings,N/A
CCCR,$0.6584,1439842547785,"15,154",67% bearish,of 3 ratings,N/A
HGSH,$1.79,1439842547917,"7,763",67% bullish,of 3 ratings,N/A
CNIT,$1.84,1439842547992,"155,362",67% bullish,of 6 ratings,N/A
CHLN,$1.38,1439842548051,928,67% bullish,of 3 ratings,N/A
CHNR,NULL,1439842548186,0,100% bearish,of 1 rating,N/A
CJJD,$2.27,1439842548219,"61,176",100% bullish,of 1 rating,N/A
CREG,$0.83,1439842548240,"37,497",100% bullish,of 3 ratings,N/A
CHOP,$1.2,1439842548261,"5,926",50% bullish,of 2 ratings,N/A
HTHT,$24.14,1439842548296,"340,371",50% bullish,of 2 ratings,$28
CPGI,$6.96,1439842548460,624,Not yet rated,NULL,N/A
CSUN,$1.56,1439842548567,"10,806",80% bullish,of 5 ratings,N/A
CNYD,$3.2,1439842548699,"4,214",67% bullish,of 3 ratings,N/A
CNTF,$0.92,1439842548726,"19,126",Not yet rated,NULL,N/A
CNET,$0.82,1439842548754,"100,481",50% bullish,of 2 ratings,N/A
CCIH,$10.19,1439842548780,"51,025",67% bullish,of 6 ratings,$12.65
CXDC,$6.21,1439842548914,"13,698",67% bullish,of 3 ratings,N/A
CHSCL,$27.12,1439842549046,"40,913",Not yet rated,NULL,N/A
CHSCM,$26.3199,1439842549074,"19,777",Not yet rated,NULL,N/A
CHSCN,$27.4699,1439842549206,"8,665",Not yet rated,NULL,N/A
IMOS,$16.65,1439842549242,"116,615",60% bullish,of 5 ratings,$21.50
CHSCP,$30.54,1439842549267,"1,866",Not yet rated,NULL,N/A
CHSCO,$28.52,1439842549296,"3,112",Not yet rated,NULL,N/A
CHDN,$137.66,1439842549338,"71,442",Not yet rated,NULL,$165
CDTX,$14.68,1439842549587,"18,615",Not yet rated,NULL,$22
CIFC,$7.3,1439842549648,3,Not yet rated,NULL,N/A
CHUY,$33.57,1439842549754,"113,872",50% bullish,of 2 ratings,$34
CMCT,NULL,1439842549883,0,100% bearish,of 1 rating,N/A
CMPR,$70.45,1439842549941,"156,516",50% bullish,of 2 ratings,$72.50
CINF,$56.565,1439842549983,"205,803",50% bullish,of 4 ratings,$50.50
CSCO,$28.855,1439842550077,"12,194,010",84% bullish,of 208 ratings,$32.50
CIDM,$0.66,1439842550138,"337,873",50% bullish,of 2 ratings,$2.10
CTAS,$89.16,1439842550206,"151,343",100% bearish,of 1 rating,$91
CZFC,NULL,1439842550473,0,Not yet rated,NULL,N/A
CZWI,NULL,1439842550501,0,Not yet rated,NULL,N/A
CZNC,$20.21,1439842550549,"3,351",Not yet rated,NULL,N/A
CTRN,$22.65,1439842550631,"69,908",100% bearish,of 1 rating,$29.50
CRUS,$29.61,1439842550655,"294,076",75% bullish,of 12 ratings,$44.50
CPHR,$7.06,1439842551483,"10,310",100% bearish,of 1 rating,$16
CIZN,$19.93,1439842552621,"1,500",Not yet rated,NULL,N/A
CHCO,$48.72,1439842552845,"15,445",Not yet rated,NULL,$46
CTXS,$77.73,1439842553139,"360,572",86% bullish,of 7 ratings,$80
CIVBP,NULL,1439842553233,0,Not yet rated,NULL,N/A
CLFD,$18.48,1439842553365,"15,107",67% bullish,of 3 ratings,$18
CLNE,$4.71,1439842553391,"860,922",80% bullish,of 15 ratings,$9
CDTI,$1.72,1439842553441,"159,543",75% bullish,of 4 ratings,$3.25
CLRO,$11.82,1439842553462,"3,839",50% bullish,of 2 ratings,$14.25
CLNT,$2,1439842553496,"44,239",75% bullish,of 8 ratings,N/A
CIVB,$10.3,1439842553605,606,Not yet rated,NULL,$11
CLVS,$80.37,1439842553797,"176,496",60% bullish,of 5 ratings,$101.50
CSBK,$14,1439842553823,"51,607",Not yet rated,NULL,N/A
CBLI,$3.71,1439842553845,"36,432",60% bullish,of 5 ratings,N/A
CMFN,$11.02,1439842553882,"20,082",100% bearish,of 1 rating,$15.50
CLIR,$5.39,1439842553908,"58,227",100% bullish,of 3 ratings,N/A
CME,$98.3,1439842554063,"421,471",67% bullish,of 3 ratings,$102
CISG,$8.5301,1439842554325,"65,070",100% bullish,of 5 ratings,$10
COBZ,$13.11,1439842554459,"54,555",100% bullish,of 1 rating,$14
CCNE,$17.66,1439842554520,"7,022",50% bullish,of 2 ratings,$21.50
CWAY,$11.51,1439842554545,800,Not yet rated,NULL,N/A
CDRB,$13.79,1439842554590,"11,608",67% bullish,of 3 ratings,N/A
COKE,$165.99,1439842554615,"8,870",79% bullish,of 19 ratings,N/A
CVLY,NULL,1439842555474,0,Not yet rated,NULL,N/A
CDXS,$3.91,1439842555512,"96,576",64% bullish,of 11 ratings,$6
CCOI,$29.24,1439842555533,"246,965",50% bullish,of 4 ratings,$35
CTSH,$67.695,1439842555566,"1,450,046",90% bullish,of 10 ratings,$74.50
JVA,$4.7599,1439842555604,"2,225",83% bullish,of 6 ratings,$7
CGNX,$37,1439842555634,"426,093",50% bullish,of 2 ratings,$47
CHRS,$33.17,1439842556012,"99,149",67% bearish,of 3 ratings,$37
CNV,$4.8,1439842556101,"18,385",50% bullish,of 2 ratings,$7.15
CLCT,$19.76,1439842556144,"6,912",100% bearish,of 1 rating,N/A
COLL,$16.45,1439842556173,"44,918",100% bearish,of 1 rating,$26
CGNT,$1.59,1439842556199,"40,285",100% bullish,of 2 ratings,$2
CLRX,$0.5,1439842556278,"19,258",50% bullish,of 2 ratings,$1.85
COHR,$59.24,1439842556379,"57,375",50% bullish,of 2 ratings,$72
CBAN,$8.81,1439842556529,200,Not yet rated,NULL,N/A
CIGI,$47.28,1439842556556,"8,172",100% bearish,of 1 rating,$52
CLCD,$7.8,1439842556594,"24,558",100% bearish,of 1 rating,$20.50
COLM,$66.1,1439842556692,"63,147",100% bearish,of 1 rating,$71
COLB,$33.45,1439842556762,"144,917",Not yet rated,NULL,$36
CMCO,$21.86,1439842556791,"21,388",60% bullish,of 5 ratings,$28
CBMX,$1.3,1439842557001,"15,078",83% bullish,of 6 ratings,$3.15
CMCSA,$60.42,1439842557027,"6,665,680",66% bullish,of 35 ratings,$69.50
CUBN,$13.7701,1439842557243,"16,235",Not yet rated,NULL,N/A
CBSHP,$25.335,1439842557268,"5,004",100% bearish,of 1 rating,N/A
CBSH,$47.63,1439842557422,"151,545",50% bullish,of 2 ratings,$46
CVGI,$4.63,1439842557495,"183,306",50% bullish,of 2 ratings,$6
COMM,$31.795,1439842557627,"495,257",67% bearish,of 3 ratings,$35
CSAL,$23.24,1439842557655,"465,127",75% bullish,of 4 ratings,$30
JCS,$10.05,1439842557684,"1,453",67% bullish,of 3 ratings,N/A
ESXB,$5.07,1439842557709,"25,213",Not yet rated,NULL,N/A
CYHHZ,$0.011,1439842557818,"114,100",100% bullish,of 1 rating,N/A
COHU,$9.45,1439842557950,"40,458",100% bearish,of 1 rating,$14.25
CWBC,$6.74,1439842558131,"3,500",Not yet rated,NULL,N/A
COB,$10.79,1439842558157,"3,957",100% bullish,of 1 rating,$11.50
CVLT,$37.91,1439842558322,"416,646",75% bullish,of 4 ratings,$44.50
CID,NULL,1439842558350,0,Not yet rated,NULL,N/A
CIL,NULL,1439842558450,0,Not yet rated,NULL,N/A
CIZ,$35.26,1439842558486,"3,912",100% bearish,of 1 rating,N/A
CSA,NULL,1439842558540,0,Not yet rated,NULL,N/A
CMCSK,$60.8,1439842558671,"2,233,670",Not yet rated,NULL,$84
CFO,$37.72,1439842558798,"10,281",100% bearish,of 1 rating,N/A
CSF,$38.59,1439842558841,524,100% bearish,of 1 rating,N/A
CDC,$36.86,1439842558901,"5,255",Not yet rated,NULL,N/A
CDL,NULL,1439842558970,0,Not yet rated,NULL,N/A
CSB,NULL,1439842559218,0,Not yet rated,NULL,N/A
CTBI,$35.18,1439842559320,"14,333",Not yet rated,NULL,$36
CGEN,$5.63,1439842559348,"100,048",50% bullish,of 2 ratings,$11
SCOR,$64.62,1439842559378,"150,766",100% bearish,of 1 rating,$66
CHCI,$0.55,1439842559485,"26,700",50% bullish,of 2 ratings,N/A
CMTL,$28.38,1439842559617,"25,177",100% bearish,of 2 ratings,$37
CNSI,$19.59,1439842559827,"48,705",100% bearish,of 2 ratings,$29
CTG,$6.5,1439842559931,"76,991",100% bearish,of 1 rating,$8.50
CNCE,$17.22,1439842559991,"143,034",75% bullish,of 4 ratings,$22
CNAT,$4.22,1439842560133,"67,177",83% bullish,of 6 ratings,$13
CCUR,$5.09,1439842560215,"17,030",75% bullish,of 4 ratings,N/A
CFA,$37.7189,1439842560319,782,100% bearish,of 1 rating,N/A
CXRX,$78.11,1439842560345,"4,255",Not yet rated,NULL,$90
CDOR,$1.43,1439842560377,"9,224",100% bullish,of 1 rating,N/A
CDORO,$19,1439842560482,850,100% bearish,of 1 rating,N/A
CFMS,$22.23,1439842560613,"177,254",Not yet rated,NULL,$27
CNMD,$56.9,1439842560755,"33,495",Not yet rated,NULL,$59
CTWS,$35.16,1439842560783,"6,793",100% bearish,of 1 rating,$44
CDORP,$7.25,1439842560914,600,100% bearish,of 1 rating,N/A
CNOB,$20.41,1439842561106,"30,324",100% bullish,of 1 rating,$23.50
CNXR,$6.9,1439842561242,"19,080",100% bearish,of 1 rating,$12
CPSI,$46.36,1439842561307,"29,250",100% bearish,of 1 rating,$45.50
CWCO,$12.09,1439842561332,"46,771",67% bullish,of 3 ratings,$14.50
CTCT,$24.7,1439842561358,"117,389",67% bullish,of 3 ratings,$37
CPSS,$5.72,1439842561390,"21,097",100% bullish,of 1 rating,$10
CFRX,$5.4,1439842561491,"110,907",Not yet rated,NULL,$14
CNSL,$20.53,1439842561549,"58,562",100% bearish,of 1 rating,$23
CFRXW,$2,1439842561706,"14,200",100% bearish,of 1 rating,N/A
CONN,$34.37,1439842561846,"226,744",67% bullish,of 3 ratings,$48.50
CFRXZ,$0.71,1439842561873,"38,680",Not yet rated,NULL,N/A
CTRV,$4.58,1439842561908,"11,009",Not yet rated,NULL,$6.40
CTRL,$8.54,1439842562102,"85,806",50% bullish,of 2 ratings,$11
CPRT,$36.7,1439842562234,"104,206",67% bearish,of 3 ratings,$40
CNFR,$10.5,1439842562454,"19,025",Not yet rated,NULL,N/A
BVA,$3.9,1439842562561,101,50% bullish,of 2 ratings,N/A
CORT,$5.48,1439842562588,"139,245",67% bullish,of 3 ratings,$12
CRBP,$1.92,1439842562667,"44,101",100% bullish,of 1 rating,$6.25
CSOD,$38.48,1439842562720,"235,282",50% bullish,of 2 ratings,$42
CRVL,$33.49,1439842562798,"7,366",100% bearish,of 1 rating,N/A
COSI,$1.1935,1439842563235,"121,468",100% bullish,of 1 rating,N/A
CSGP,$196.16,1439842563271,"52,174",50% bullish,of 2 ratings,$235
ICBK,$18.43,1439842563554,"1,380",Not yet rated,NULL,$21
CPAH,$0.46,1439842563580,"2,985",50% bullish,of 2 ratings,N/A
COST,$146.17,1439842563611,"389,805",83% bullish,of 24 ratings,$154.50
CVTI,$25.78,1439842563843,"53,282",67% bearish,of 3 ratings,$39
COVS,$2.84,1439842563902,"134,401",67% bullish,of 3 ratings,N/A
COWNL,$26.78,1439842563974,"1,400",Not yet rated,NULL,N/A
BREW,$8.15,1439842564038,"42,637",67% bullish,of 6 ratings,$15
CPSH,$2.4,1439842564165,203,Not yet rated,NULL,N/A
CRAI,$23.55,1439842564200,"28,881",Not yet rated,NULL,$36
CRAY,$22.82,1439842564334,"142,631",83% bullish,of 6 ratings,$38.50
GLDI,$10.97,1439842564563,"1,482",100% bearish,of 1 rating,N/A
CORI,$11.71,1439842564590,"31,986",100% bearish,of 1 rating,$18
CACC,$206.71,1439842564645,"62,374",50% bullish,of 2 ratings,$158.50
CORE,$64.4,1439842564775,"59,374",100% bearish,of 1 rating,$72
SLVO,$10.5664,1439842564841,"2,614",100% bearish,of 1 rating,N/A
CREE,$27.51,1439842564947,"679,966",65% bullish,of 17 ratings,$28.50
CRESY,$11.67,1439842565571,"12,839",100% bearish,of 1 rating,$19
CROX,$14.815,1439842565759,"597,024",63% bullish,of 8 ratings,$16.50
CCRN,$14.21,1439842565786,"158,773",100% bearish,of 1 rating,$14.25
CRDS,$1.11,1439842565807,"17,567",50% bullish,of 4 ratings,$4.50
CRTO,$46.9,1439842565858,"155,830",67% bullish,of 6 ratings,$64
CRWN,$4.82,1439842566678,"47,709",75% bullish,of 4 ratings,N/A
CRWS,$8.102,1439842566728,"5,839",Not yet rated,NULL,$10
CYRX,$2.93,1439842566754,"65,469",Not yet rated,NULL,$9
CYRXW,$0.85,1439842567163,"46,271",Not yet rated,NULL,N/A
CCLP,$14.9,1439842567298,"30,222",67% bearish,of 3 ratings,$21
CTCM,$1.77,1439842567349,"186,665",80% bearish,of 5 ratings,$3.90
CTIB,NULL,1439842567430,0,100% bearish,of 1 rating,N/A
CSGS,$32.26,1439842567459,"54,705",Not yet rated,NULL,$40
CSPI,$6.18,1439842567489,"4,900",67% bullish,of 3 ratings,N/A
CTIC,$1.825,1439842567598,"351,774",84% bullish,of 76 ratings,$5.75
CTRP,$72.69,1439842567742,"446,968",75% bullish,of 8 ratings,$92
CUNB,$22.6399,1439842567771,"3,000",Not yet rated,NULL,$24.50
CUI,$5.57,1439842567875,"64,020",50% bullish,of 2 ratings,$10
CPIX,$6,1439842568010,"9,100",Not yet rated,NULL,N/A
CRIS,$2.915,1439842568210,"259,234",100% bullish,of 8 ratings,$6
CMLS,$1.28,1439842568239,"542,645",50% bullish,of 4 ratings,$6
CUTR,$15.05,1439842568343,"26,017",67% bearish,of 3 ratings,$18
CVV,$12.7,1439842568420,"150,426",100% bullish,of 5 ratings,N/A
CVBF,$17.54,1439842568448,"109,392",Not yet rated,NULL,$18
CYAN,$7.6129,1439842568621,"1,360",100% bearish,of 1 rating,N/A
CYBX,$59.39,1439842568689,"97,501",50% bullish,of 4 ratings,$70
CYBR,$59.83,1439842568721,"1,040,760",86% bullish,of 7 ratings,$66
CYBE,$5.65,1439842568790,"10,649",100% bearish,of 1 rating,N/A
CYCC,$0.6,1439842568819,"61,879",73% bullish,of 11 ratings,N/A
CBAY,$2.76,1439842569177,"104,456",100% bullish,of 1 rating,$4
CYCCP,NULL,1439842569233,0,100% bearish,of 1 rating,N/A
CYNA,$15.05,1439842569259,"6,313",100% bullish,of 1 rating,$33
CYNO,$34.37,1439842569291,"88,227",67% bearish,of 3 ratings,$45.50
CY,$10.3,1439842569338,"2,315,191",80% bullish,of 10 ratings,$15.50
CYRN,$1.66,1439842569394,"315,576",67% bullish,of 3 ratings,$4
CYTK,$6.75,1439842569665,"120,653",71% bullish,of 14 ratings,$13.50
CYTR,$2.44,1439842569700,"351,706",67% bullish,of 6 ratings,$10
CTSO,$7.69,1439842569749,"193,746",Not yet rated,NULL,$15.625
CONE,$34.38,1439842569797,"631,462",67% bearish,of 3 ratings,$35
CYTX,$0.39,1439842569827,"577,570",83% bullish,of 12 ratings,$5.50
DAEG,$0.36,1439842569890,"32,900",100% bearish,of 1 rating,N/A
TVIZ,NULL,1439842570169,0,100% bearish,of 1 rating,N/A
TVIX,$5.5,1439842570219,"2,803,137",81% bullish,of 16 ratings,N/A
XIV,$48.49,1439842570310,"4,546,924",75% bearish,of 4 ratings,N/A
ZIV,$50.15,1439842570369,"55,889",Not yet rated,NULL,N/A
DJCO,$210.5,1439842570442,"10,603",Not yet rated,NULL,N/A
DARA,$0.9012,1439842570527,"49,503",83% bullish,of 6 ratings,$1.50
DAKT,$12.24,1439842570573,"81,376",50% bullish,of 2 ratings,$14
DTLK,$6.07,1439842570774,"31,996",100% bearish,of 1 rating,$9
DAIO,$2.69,1439842570801,"1,712",Not yet rated,NULL,N/A
DRAM,$1.499,1439842570875,"5,004",78% bullish,of 9 ratings,N/A
DWCH,$5.26,1439842570941,"22,288",75% bullish,of 4 ratings,$8.25
PLAY,$37.18,1439842571018,"90,602",100% bullish,of 5 ratings,$42
DTEA,$13.5,1439842571077,"135,407",100% bearish,of 2 ratings,$24
DWSN,$5.15,1439842571305,"55,125",67% bullish,of 3 ratings,$6
DBVT,$42.16,1439842571437,"54,211",100% bearish,of 1 rating,$53
DHRM,$1.73,1439842571484,75,Not yet rated,NULL,N/A
TACO,$13.7,1439842571537,"353,532",100% bullish,of 3 ratings,$20
TRAK,$62.37,1439842571642,"84,014",50% bullish,of 2 ratings,$62.50
DFRG,$15.44,1439842571698,"77,674",100% bearish,of 1 rating,$20
TACOW,$4.45,1439842571723,"28,909",100% bullish,of 1 rating,N/A
DCTH,$0.4936,1439842571887,"174,273",78% bullish,of 9 ratings,N/A
DGAS,$20.17,1439842571912,"3,740",67% bearish,of 3 ratings,N/A
DELT,$2.389,1439842572061,"1,723",Not yet rated,NULL,N/A
DENN,$12.55,1439842572269,"229,556",100% bullish,of 3 ratings,$15
DELTW,$0.17,1439842572298,"12,000",Not yet rated,NULL,N/A
DEPO,$31.51,1439842572648,"582,505",60% bullish,of 5 ratings,$32
XRAY,$56.78,1439842572673,"308,629",100% bullish,of 1 rating,$58
DSCI,$6.45,1439842572708,"84,037",50% bullish,of 2 ratings,$16
DERM,$25.09,1439842572928,"91,889",100% bearish,of 1 rating,$23
DEST,$12.35,1439842572959,"48,649",50% bullish,of 2 ratings,N/A
DXLG,$4.87,1439842573067,"8,080",100% bearish,of 1 rating,$8
DSWL,$1.767,1439842573092,347,100% bullish,of 1 rating,N/A
DXCM,$98.05,1439842573128,"399,707",57% bullish,of 7 ratings,$98
DXM,$0.3201,1439842573155,"142,821",50% bullish,of 2 ratings,N/A
DHIL,$193.1,1439842573500,"2,723",Not yet rated,NULL,N/A
DMND,$32.2,1439842573589,"60,122",75% bullish,of 12 ratings,$32
FANG,$72.22,1439842573634,"457,197",50% bullish,of 2 ratings,$86
DHXM,NULL,1439842573658,0,Not yet rated,NULL,N/A
DCIX,$1.89,1439842573686,"15,548",50% bullish,of 4 ratings,$3.50
DRNA,$11.07,1439842573947,"45,366",67% bearish,of 3 ratings,$25
DGLY,$7.76,1439842574098,"98,883",50% bullish,of 6 ratings,$20
DRAD,$4.16,1439842574126,"16,147",100% bullish,of 1 rating,$5.25
DMRC,$37.91,1439842574158,"34,972",100% bearish,of 1 rating,$44
DGII,$10.08,1439842574194,"30,706",100% bearish,of 1 rating,$10
APPS,$2.35,1439842574289,"79,631",100% bearish,of 1 rating,$10.25
DCOM,$17.36,1439842574365,"44,412",100% bearish,of 2 ratings,$16.50
DIOD,$20.49,1439842574510,"91,548",75% bearish,of 4 ratings,$24
DPRX,$13.31,1439842574665,"16,828",100% bullish,of 2 ratings,$27.75
DSCO,$0.47,1439842574834,"311,851",83% bullish,of 6 ratings,$2.75
DISCK,$27.68,1439842574865,"666,512",100% bearish,of 1 rating,$40
DISCB,NULL,1439842574917,0,100% bearish,of 1 rating,$35
DISH,$67.205,1439842574967,"500,355",69% bullish,of 13 ratings,$73
DISCA,$29.3,1439842574996,"1,275,885",67% bullish,of 3 ratings,$34
DVCR,$11.81,1439842575099,"2,637",100% bullish,of 1 rating,N/A
BAGR,$2.997,1439842575260,"12,022",100% bearish,of 1 rating,$6
DLHC,$2.5148,1439842575337,"1,050",100% bearish,of 1 rating,N/A
DLTR,$78.5,1439842575395,"572,955",82% bullish,of 11 ratings,$88
DNBF,$26.54,1439842575469,998,Not yet rated,NULL,$27.50
DGICA,$14.74,1439842575494,"10,263",100% bearish,of 1 rating,$17
DGICB,$21.37,1439842575674,4,100% bearish,of 1 rating,N/A
DMLP,$14.83,1439842575912,"29,726",100% bearish,of 1 rating,N/A
HILL,$5.44,1439842575943,"249,969",60% bearish,of 5 ratings,$8
DRWI,$0.3014,1439842575973,"76,300",60% bullish,of 5 ratings,$.45
DRWIW,NULL,1439842576105,0,Not yet rated,NULL,N/A
DORM,$52.17,1439842576131,"106,669",100% bearish,of 1 rating,$56
DWA,$19.63,1439842576152,"189,799",63% bullish,of 8 ratings,$26
DRYS,$0.365,1439842576330,"2,501,645",77% bullish,of 31 ratings,$.60
DSPG,$8.87,1439842576433,"23,040",100% bearish,of 1 rating,$13.50
CADTR,$0.195,1439842576561,300,Not yet rated,NULL,N/A
CADT,NULL,1439842576595,0,Not yet rated,NULL,N/A
DSKX,$3.83,1439842576659,"1,180,420",100% bullish,of 1 rating,N/A
CADTU,NULL,1439842576825,0,Not yet rated,NULL,N/A
CADTW,NULL,1439842576954,0,Not yet rated,NULL,N/A
DXPE,$29.73,1439842577089,"94,112",50% bullish,of 2 ratings,N/A
DNKN,$52.52,1439842577121,"255,031",67% bullish,of 15 ratings,$56.50
DTSI,$27.76,1439842577167,"55,779",100% bearish,of 2 ratings,$39.50
DRRX,$2.25,1439842577233,"175,407",50% bullish,of 6 ratings,$3
BOOM,$10.12,1439842577514,"31,103",67% bullish,of 3 ratings,$12
DYAX,$23.46,1439842577583,"355,564",89% bullish,of 9 ratings,$30
DYSL,NULL,1439842577608,0,100% bullish,of 2 ratings,N/A
ETFC,$28.64,1439842577813,"899,589",57% bullish,of 14 ratings,$33
DYNT,$3.0001,1439842577841,"3,650",75% bullish,of 4 ratings,N/A
DVAX,$30.14,1439842577885,"167,952",70% bullish,of 10 ratings,$40
EBMT,NULL,1439842578136,0,Not yet rated,NULL,$13.50
EGBN,$44.93,1439842578164,"132,721",Not yet rated,NULL,$48
EGLE,$7.52,1439842578242,"14,037",60% bullish,of 5 ratings,N/A
EGRX,$72,1439842578386,"260,597",67% bullish,of 3 ratings,$97
ELNK,$9.22,1439842578520,"692,184",80% bullish,of 5 ratings,$9.50
EROC,$1.495,1439842578556,"232,602",50% bullish,of 2 ratings,$3
EACQU,$10.05,1439842578628,900,Not yet rated,NULL,N/A
EWBC,$45.21,1439842578735,"796,579",100% bearish,of 1 rating,$50
EML,$17.2,1439842578879,"2,777",Not yet rated,NULL,N/A
EVBS,NULL,1439842578906,0,Not yet rated,NULL,$7
EBAY,$28.305,1439842579037,"4,124,360",81% bullish,of 117 ratings,$48
EBIX,$30.95,1439842579062,"60,756",69% bullish,of 13 ratings,$40
ELON,$0.5564,1439842579264,"38,142",50% bullish,of 2 ratings,N/A
ECTE,$1.578,1439842579368,"123,675",75% bullish,of 4 ratings,N/A
ECHO,$25.07,1439842579396,"133,558",67% bearish,of 3 ratings,$36
SATS,$46.75,1439842579454,"40,788",50% bullish,of 2 ratings,$60
ECACU,$10.02,1439842579599,"1,100",Not yet rated,NULL,N/A
EEI,$11.1475,1439842579735,"1,284",67% bearish,of 3 ratings,N/A
ESES,$3.59,1439842579810,"6,727",100% bearish,of 1 rating,$7
EDAP,$3.62,1439842579963,"22,953",60% bullish,of 5 ratings,$4.50
EDGW,$7.1,1439842579988,258,100% bearish,of 1 rating,N/A
EDUC,$4.65,1439842580033,"1,900",100% bearish,of 1 rating,N/A
EFUT,$4.57,1439842580189,"4,185",Not yet rated,NULL,N/A
EGAN,$3.48,1439842580365,"88,841",50% bullish,of 2 ratings,$6.25
EHTH,$14.92,1439842580498,"84,103",50% bullish,of 4 ratings,$16.50
LOCO,$14.77,1439842580544,"1,331,734",69% bullish,of 13 ratings,$23
EMITF,$1.29,1439842580574,"10,608",75% bullish,of 4 ratings,N/A
EGLT,$12.88,1439842580630,"50,940",50% bullish,of 2 ratings,$21
ERI,$9.81,1439842580774,"180,582",100% bearish,of 1 rating,$10
ESLT,$81.71,1439842580800,"5,970",100% bullish,of 2 ratings,N/A
ELRC,$10.29,1439842580979,"11,290",100% bearish,of 1 rating,N/A
EA,$73.1053,1439842581059,"1,305,987",77% bullish,of 35 ratings,$80
ESIO,$4.67,1439842581121,"83,371",50% bullish,of 2 ratings,$10
EFII,$46.11,1439842581254,"84,211",80% bullish,of 5 ratings,$55
ELEC,NULL,1439842581312,0,Not yet rated,NULL,N/A
ELSE,$4.08,1439842581483,"5,348",60% bullish,of 5 ratings,N/A
ELECU,NULL,1439842581512,0,Not yet rated,NULL,N/A
EBIO,$4.04,1439842581616,"1,218,060",100% bearish,of 2 ratings,$8.35
RDEN,$10.31,1439842581676,"70,362",100% bearish,of 4 ratings,$15
ELECW,NULL,1439842581704,0,Not yet rated,NULL,N/A
CAPX,NULL,1439842581839,0,Not yet rated,NULL,N/A
LONG,$17.08,1439842582003,"92,690",67% bullish,of 3 ratings,$15.75
ESBK,NULL,1439842582027,0,Not yet rated,NULL,N/A
ELTK,$1.13,1439842582093,"10,745",67% bearish,of 3 ratings,N/A
EMCI,$24.37,1439842582291,"4,929",Not yet rated,NULL,N/A
EMCF,$23.9899,1439842582357,363,100% bearish,of 1 rating,N/A
EMKR,$7.38,1439842582499,"615,075",75% bullish,of 4 ratings,$8.50
EMMSP,$3.38,1439842582687,400,100% bearish,of 1 rating,N/A
NYNY,$4.47,1439842582714,"27,380",50% bullish,of 2 ratings,N/A
EMMS,$1.23,1439842582754,"42,731",67% bullish,of 6 ratings,N/A
ERS,$3,1439842582786,"15,902",Not yet rated,NULL,N/A
ENTA,$41.2,1439842582970,"89,409",50% bullish,of 2 ratings,$42
WIRE,$33.87,1439842583168,"49,342",100% bearish,of 1 rating,$41
ECPG,$40.99,1439842583438,"81,810",100% bullish,of 2 ratings,$52
EIGI,$16.24,1439842584039,"434,105",67% bearish,of 3 ratings,$20
ENDP,$86.38,1439842584085,"803,753",50% bullish,of 6 ratings,$104
ECYT,$5.44,1439842584243,"156,496",83% bullish,of 6 ratings,$12
ELGX,$13.0423,1439842584435,"524,648",75% bullish,of 4 ratings,$17
WATT,$7.05,1439842584601,"87,947",50% bullish,of 2 ratings,$13
EFOI,$16.28,1439842584734,"856,483",50% bullish,of 2 ratings,$17
ERII,$2.91,1439842584795,"47,444",80% bullish,of 5 ratings,$2.50
EXXI,$1.68,1439842584878,"504,733",86% bullish,of 7 ratings,$3.50
ENPH,$5.61,1439842584903,"279,446",75% bullish,of 4 ratings,$11
ENOC,$8.96,1439842584953,"127,222",75% bullish,of 4 ratings,$18
ENG,$1.0984,1439842585142,"14,742",100% bullish,of 3 ratings,N/A
ENFC,NULL,1439842585274,0,Not yet rated,NULL,N/A
ESGR,$161.62,1439842585300,"27,288",100% bearish,of 1 rating,$185
ENTL,$22.72,1439842585330,"13,536",Not yet rated,NULL,$28
ENTG,$14.705,1439842585362,"339,392",100% bearish,of 1 rating,$18
ETRM,$0.274,1439842585459,"647,402",69% bearish,of 35 ratings,$1.625
EBTC,$21.21,1439842585791,806,Not yet rated,NULL,N/A
EFSC,$24.76,1439842585861,"15,743",Not yet rated,NULL,$27
EGT,$2.2399,1439842585888,"1,753",100% bullish,of 1 rating,N/A
ENZN,$1.105,1439842585909,"839,824",100% bullish,of 9 ratings,N/A
ENVI,$1.855,1439842586039,"25,600",67% bullish,of 3 ratings,N/A
EPRS,$5.12,1439842586199,"49,695",82% bullish,of 11 ratings,$15
EPIQ,$14,1439842586247,"39,184",100% bearish,of 1 rating,$18
PLUS,$75.73,1439842586343,"45,896",50% bullish,of 2 ratings,$88
ENZY,$8.825,1439842586378,"23,008",67% bullish,of 3 ratings,$9.50
EPZM,$18.7,1439842586511,"125,477",60% bullish,of 5 ratings,$34
EQIX,$284.25,1439842586580,"163,435",67% bullish,of 3 ratings,$312.50
EQFN,$8.35,1439842586642,"3,100",Not yet rated,NULL,N/A
EAC,$3.44,1439842586688,"3,679",100% bearish,of 1 rating,$7.50
ERIC,$10.42,1439842587978,"876,244",63% bullish,of 8 ratings,$13.30
ESCA,$18.66,1439842588361,"4,562",100% bearish,of 1 rating,$22
ERIE,$87.34,1439842588387,"13,347",Not yet rated,NULL,$73
ESCRP,$1.6592,1439842588413,"5,485",100% bearish,of 1 rating,N/A
ESCR,$0.2388,1439842588442,"7,331",50% bullish,of 2 ratings,N/A
ESPR,$79,1439842588545,"978,096",56% bearish,of 9 ratings,$130
ESMC,$1.4,1439842588569,706,Not yet rated,NULL,N/A
EPIX,NULL,1439842588771,0,Not yet rated,NULL,N/A
ESND,$36.1,1439842588901,"70,271",100% bearish,of 1 rating,$40
ESSA,$12.7715,1439842588942,"3,799",100% bearish,of 1 rating,N/A
ESSX,$0.45,1439842589007,"34,613",50% bullish,of 2 ratings,N/A
ETSY,$17.3,1439842589078,"693,289",80% bullish,of 5 ratings,$16
CLWT,$2.5554,1439842589139,210,100% bearish,of 1 rating,N/A
EEFT,$68.9,1439842589212,"91,512",100% bearish,of 1 rating,$67.50
EVEP,$9.01,1439842589545,"267,005",50% bullish,of 2 ratings,$15
ESEA,$6.45,1439842589574,279,100% bullish,of 1 rating,$15
EVK,$3.9,1439842589679,"3,284",75% bearish,of 4 ratings,N/A
EVLV,$2.35,1439842589703,"69,562",60% bullish,of 5 ratings,$6.50
EVOK,$4.62,1439842589729,"7,928",100% bearish,of 1 rating,$13.75
EVOL,$6.43,1439842589860,"19,309",75% bullish,of 4 ratings,$10
EXAS,$23.695,1439842589991,"285,507",78% bullish,of 9 ratings,$31
EXA,$10.65,1439842590144,"33,333",100% bearish,of 1 rating,$13
EXEL,$6.045,1439842590172,"1,392,273",81% bullish,of 16 ratings,$6
EXAC,$18.8,1439842590199,"36,173",100% bearish,of 1 rating,$22.50
EXFO,$2.89,1439842590225,"1,600",67% bearish,of 3 ratings,$3.95
EXLS,$37.61,1439842590469,"34,375",100% bullish,of 1 rating,$41
EXPE,$123.08,1439842590541,"367,536",64% bullish,of 11 ratings,$130
EXPD,$49.205,1439842590639,"403,478",80% bullish,of 5 ratings,$50.50
EXPO,$44.17,1439842590666,"26,757",100% bearish,of 1 rating,$45.50
ESRX,$89.18,1439842590691,"987,992",67% bearish,of 6 ratings,$101
EXLP,$20.71,1439842590830,"74,038",100% bearish,of 1 rating,$27
EYEG,$4.57,1439842590983,"75,746",Not yet rated,NULL,N/A
EYEGW,NULL,1439842591043,0,Not yet rated,NULL,N/A
EZCH,$21.71,1439842591067,"133,934",75% bullish,of 8 ratings,$19.50
EZPW,$6.125,1439842591131,"221,846",50% bullish,of 4 ratings,$7.50
EXTR,$2.97,1439842591195,"391,774",80% bullish,of 5 ratings,$3
FFIV,$133.87,1439842591337,"371,380",71% bullish,of 7 ratings,$132
FB,$93.91,1439842591425,"10,922,143",73% bullish,of 1063 ratings,$111
FCS,$14.55,1439842591499,"321,091",67% bearish,of 3 ratings,$17
FRP,$17.96,1439842591669,"92,981",100% bearish,of 1 rating,$18
FALC,$1.69,1439842591901,"35,543",63% bearish,of 8 ratings,N/A
FFKT,$27.36,1439842591946,"9,757",Not yet rated,NULL,$29
DAVE,$15.3,1439842591975,"39,233",100% bearish,of 1 rating,$15.50
FWM,$2.41,1439842591996,"139,370",100% bearish,of 2 ratings,$3.20
FMNB,$8.1699,1439842592025,"12,174",Not yet rated,NULL,N/A
FARM,$23.14,1439842592248,"8,060",100% bearish,of 1 rating,$35
FATE,$7.69,1439842592317,"16,453",100% bearish,of 1 rating,$11
FARO,$42.22,1439842592344,"51,443",50% bullish,of 2 ratings,$48
FAST,$40.37,1439842592379,"551,823",80% bullish,of 5 ratings,$46
FBSS,NULL,1439842592480,0,Not yet rated,NULL,N/A
FBRC,$23.53,1439842592857,"9,486",100% bearish,of 1 rating,$29
FHCO,$1.5,1439842592885,"21,640",50% bullish,of 4 ratings,N/A
FEIC,$81.72,1439842592915,"199,611",50% bullish,of 2 ratings,$95.50
FDML,$9.75,1439842592955,"96,110",50% bullish,of 4 ratings,$14
FNHC,$24.1992,1439842593015,"49,599",100% bearish,of 1 rating,$35
FCSC,$6.6,1439842593101,"64,121",100% bearish,of 1 rating,$8.125
ONEQ,$200.044,1439842593265,"41,560",100% bullish,of 1 rating,N/A
FENX,$9.84,1439842593361,"42,036",100% bullish,of 1 rating,$14.25
FGEN,$25.5,1439842593408,"376,920",100% bearish,of 1 rating,$39
FDUS,$15.04,1439842593554,"22,807",100% bullish,of 1 rating,$18
LION,$20.35,1439842593579,"140,860",100% bullish,of 1 rating,$20
FRGI,$55.37,1439842593627,"106,250",50% bullish,of 2 ratings,$70
FSC,$6.53,1439842593806,"428,493",75% bullish,of 4 ratings,$8
FSAM,$8.9199,1439842593832,"12,416",100% bearish,of 1 rating,$11
FSCFL,$25.06,1439842593961,"3,144",Not yet rated,NULL,N/A
FSFR,$9.17,1439842593991,"99,036",100% bearish,of 1 rating,$11.50
FITB,$21.14,1439842594094,"1,744,811",54% bullish,of 13 ratings,$22
FITBI,$27.8,1439842594333,"9,962",Not yet rated,NULL,N/A
FISI,$24.82,1439842594363,"107,251",100% bullish,of 2 ratings,$24.50
FNGN,$36.66,1439842594396,"144,753",67% bullish,of 3 ratings,$47
FNSR,$17.67,1439842594492,"510,230",86% bullish,of 7 ratings,$25
FNTC,NULL,1439842594550,0,Not yet rated,NULL,N/A
FNJN,$1.76,1439842594754,"22,669",100% bearish,of 1 rating,$5
FEYE,$43.65,1439842594922,"1,625,488",87% bullish,of 15 ratings,$55.50
FNTCW,NULL,1439842594958,0,Not yet rated,NULL,N/A
FNTCU,NULL,1439842594982,0,Not yet rated,NULL,N/A
FNLC,$18.86,1439842595149,"8,630",100% bullish,of 1 rating,N/A
FBNC,$17.12,1439842595233,"10,144",100% bullish,of 1 rating,$20
FRBA,$5.992,1439842595258,"5,550",Not yet rated,NULL,$8
FCVA,$4.5701,1439842595595,225,Not yet rated,NULL,N/A
BUSE,$6.42,1439842595623,"20,955",Not yet rated,NULL,$6.875
FBIZ,$44,1439842595660,"6,507",100% bearish,of 2 ratings,$52
FCAP,$26.95,1439842595686,"4,722",Not yet rated,NULL,N/A
FCFS,$38.33,1439842595707,"44,787",100% bearish,of 2 ratings,$48
FCLF,$9.2,1439842596047,"1,200",Not yet rated,NULL,N/A
FCNCA,$250.98,1439842596097,"17,588",Not yet rated,NULL,N/A
FCBC,$18.12,1439842596132,"10,727",Not yet rated,NULL,$17
FBNK,$16.35,1439842596233,"4,483",100% bearish,of 1 rating,$17.50
FCFP,$7,1439842596262,"1,400",Not yet rated,NULL,N/A
FCCO,$12.02,1439842596337,"1,332",Not yet rated,NULL,$13.25
FDEF,$37.67,1439842596640,"16,991",Not yet rated,NULL,$38
FFBCW,NULL,1439842597033,0,100% bearish,of 1 rating,N/A
FFBC,$19.23,1439842597059,"83,380",67% bearish,of 3 ratings,$20.25
FFNW,$12.5,1439842597093,"4,076",Not yet rated,NULL,$14
FFIN,$32.67,1439842597135,"29,554",50% bullish,of 2 ratings,$31.75
FFNM,$6.42,1439842597229,400,Not yet rated,NULL,N/A
THFF,$33.78,1439842597295,"9,060",Not yet rated,NULL,$35
FFWM,$21.34,1439842597515,"30,917",Not yet rated,NULL,$24
INBK,$36.04,1439842597569,"21,001",50% bullish,of 2 ratings,$37
FIBK,$28.05,1439842597667,"31,129",Not yet rated,NULL,$32
FRME,$26.25,1439842597694,"183,402",Not yet rated,NULL,$26.50
FMBI,$18.54,1439842597920,"113,007",Not yet rated,NULL,$20
FMBH,$21.86,1439842597971,"3,157",Not yet rated,NULL,N/A
FNBC,$36.65,1439842598127,"50,855",Not yet rated,NULL,$41
FNFG,$9.715,1439842598175,"870,139",80% bullish,of 5 ratings,$9
FSFG,$31.49,1439842598259,"4,568",Not yet rated,NULL,N/A
FNWB,$12.3299,1439842598317,"3,400",Not yet rated,NULL,N/A
FSGI,$2.4899,1439842598450,"4,996",Not yet rated,NULL,N/A
FSLR,$51.455,1439842598583,"693,637",74% bullish,of 39 ratings,$65
BICK,NULL,1439842598713,0,100% bullish,of 1 rating,N/A
FBZ,NULL,1439842598798,0,Not yet rated,NULL,N/A
FSBK,$7.96,1439842598846,"6,510",100% bullish,of 1 rating,N/A
FCAN,$25.77,1439842598873,"1,965",Not yet rated,NULL,N/A
FTCS,$38.73,1439842599001,"24,808",Not yet rated,NULL,N/A
FCA,$23,1439842599165,"5,787",Not yet rated,NULL,N/A
FV,$24.96,1439842599333,"1,086,337",Not yet rated,NULL,N/A
FTSM,$59.92,1439842599398,"17,404",100% bearish,of 1 rating,N/A
FEMB,NULL,1439842599434,0,Not yet rated,NULL,N/A
IFV,$18.89,1439842599502,"407,971",100% bearish,of 1 rating,N/A
FEUZ,$32.5,1439842599590,100,Not yet rated,NULL,N/A
TDIV,$26.14,1439842599743,"34,573",100% bearish,of 1 rating,N/A
MDIV,$19.91,1439842599931,"120,663",Not yet rated,NULL,N/A
FTGC,$22.793,1439842599998,"204,226",Not yet rated,NULL,N/A
FGM,$37.5055,1439842600023,"3,205",Not yet rated,NULL,N/A
FTHI,$20.64,1439842600052,"1,206",Not yet rated,NULL,N/A
HYLS,$49.82,1439842600156,"232,310",100% bearish,of 1 rating,N/A
FHK,$35.9759,1439842600214,"3,539",Not yet rated,NULL,N/A
FPXI,NULL,1439842600411,0,Not yet rated,NULL,N/A
YDIV,$17.206,1439842600558,"1,175",Not yet rated,NULL,N/A
SKYY,$30.6999,1439842600583,"35,952",100% bullish,of 1 rating,N/A
CU,$13.3548,1439842600767,"2,391",100% bearish,of 1 rating,N/A
PLTM,$6.533,1439842600826,"1,300",100% bearish,of 1 rating,N/A
FJP,$50.59,1439842601029,"35,127",Not yet rated,NULL,N/A
LMBS,NULL,1439842601062,0,Not yet rated,NULL,N/A
FMB,$51.2,1439842601092,204,Not yet rated,NULL,N/A
FTLB,NULL,1439842601113,0,100% bearish,of 1 rating,N/A
QABA,$39.69,1439842601248,"14,900",100% bearish,of 1 rating,N/A
CIBR,$19.77,1439842601405,"70,997",Not yet rated,NULL,N/A
QCLN,$16.28,1439842601555,"13,171",Not yet rated,NULL,N/A
FONE,$36.47,1439842601619,160,Not yet rated,NULL,N/A
GRID,$34.6299,1439842601647,107,100% bearish,of 1 rating,N/A
CARZ,$36.93,1439842601750,"2,532",100% bearish,of 1 rating,N/A
RDVY,$22.5384,1439842601977,"10,796",Not yet rated,NULL,N/A
QQEW,$44.43,1439842602044,"28,009",Not yet rated,NULL,N/A
QINC,$21.6399,1439842602110,"5,689",Not yet rated,NULL,N/A
QQXT,$43.07,1439842602141,"4,345",Not yet rated,NULL,N/A
QTEC,$42.55,1439842602167,"112,929",Not yet rated,NULL,N/A
AIRR,$17.1,1439842602239,"20,432",100% bearish,of 1 rating,N/A
FTSL,$48.98,1439842602475,"38,451",100% bearish,of 1 rating,N/A
FKO,NULL,1439842602606,0,Not yet rated,NULL,N/A
FDIV,$47.39,1439842602631,"9,239",100% bearish,of 1 rating,N/A
FSZ,$40.69,1439842602696,"1,925",Not yet rated,NULL,N/A
FTW,$32.02,1439842602782,"2,586",Not yet rated,NULL,N/A
TUSA,$26.4352,1439842603106,550,Not yet rated,NULL,N/A
FKU,$43.97,1439842603178,"42,967",Not yet rated,NULL,N/A
FUNC,$8.333,1439842603203,821,Not yet rated,NULL,N/A
FMER,$18.7,1439842603233,"629,548",50% bullish,of 2 ratings,$20
SVVC,$10.65,1439842603259,"10,452",100% bullish,of 1 rating,$26
FSV,$33.98,1439842603406,"8,604",Not yet rated,NULL,$33.60
FPRX,$19.25,1439842603622,"201,993",50% bullish,of 2 ratings,$35
FISV,$90.13,1439842603707,"376,094",100% bearish,of 3 ratings,$90
FIVE,$37.76,1439842603766,"275,339",75% bearish,of 4 ratings,$44
FIVN,$4.43,1439842603892,"104,698",100% bullish,of 1 rating,$8.50
FLKS,$14.37,1439842603934,"17,928",50% bullish,of 2 ratings,$27
FLML,$21.45,1439842603993,"158,524",50% bullish,of 2 ratings,$30
FLXN,$23.883,1439842604154,"54,467",100% bearish,of 1 rating,$39.50
SKOR,$50.43,1439842604260,20,Not yet rated,NULL,N/A
FLEX,$11.175,1439842604300,"1,215,851",63% bullish,of 8 ratings,$12
FLXS,$41.5,1439842604334,"17,742",100% bearish,of 2 ratings,N/A
MBSD,NULL,1439842604354,0,Not yet rated,NULL,N/A
FLIR,$30.565,1439842604434,"172,331",100% bearish,of 1 rating,$38.50
FLDM,$12.89,1439842604667,"260,292",67% bearish,of 3 ratings,$21.50
FFIC,$20.93,1439842604810,"22,450",Not yet rated,NULL,$21
FOMX,$10.61,1439842605058,"79,492",50% bullish,of 2 ratings,$23.50
FONR,$9.64,1439842605083,"1,238",100% bullish,of 1 rating,N/A
FOGO,$18.46,1439842605109,"99,731",50% bullish,of 2 ratings,$25.50
FES,$0.9916,1439842605141,"1,320",50% bullish,of 2 ratings,$1
FTNT,$47.81,1439842605242,"740,044",80% bullish,of 10 ratings,$52
FORM,$6.575,1439842605267,"163,861",67% bullish,of 3 ratings,$10.50
FORR,$32.26,1439842605529,"16,431",Not yet rated,NULL,N/A
FORTY,$35,1439842605556,500,Not yet rated,NULL,N/A
FBIO,$3.11,1439842605585,"55,348",83% bullish,of 6 ratings,N/A
FORD,$1.14,1439842605615,"611,992",50% bullish,of 2 ratings,N/A
FWRD,$48.69,1439842605752,"81,174",100% bearish,of 1 rating,$50
FWP,$25.5,1439842605773,"38,966",100% bearish,of 1 rating,$45
FOSL,$62.37,1439842606083,"509,405",50% bullish,of 4 ratings,$70
FXCB,$17.4794,1439842606238,"1,329",Not yet rated,NULL,$19
FMI,$20.11,1439842606263,"135,514",100% bearish,of 2 ratings,$27.50
FREE,$0.52,1439842606443,"1,371,480",92% bullish,of 12 ratings,N/A
FELE,$30.17,1439842606576,"103,188",50% bullish,of 4 ratings,$33
FRED,$14.61,1439842606639,"89,201",50% bullish,of 2 ratings,$16.50
FOXF,$15.76,1439842606709,"23,033",100% bearish,of 1 rating,$19
FRAN,$11.265,1439842606730,"452,210",50% bullish,of 4 ratings,$15
FEIM,$10.95,1439842606869,"2,010",100% bearish,of 1 rating,N/A
RAIL,$21.99,1439842606894,"58,292",100% bearish,of 1 rating,$24.50
FRPT,$14.54,1439842607135,"185,227",67% bearish,of 3 ratings,$23.50
FTR,$5.6,1439842607234,"10,355,925",78% bullish,of 27 ratings,$6.25
FRPH,$31.545,1439842607476,706,100% bearish,of 1 rating,N/A
FTRPR,$109.28,1439842607504,"109,450",100% bearish,of 1 rating,N/A
FTD,$30.53,1439842607606,"108,031",100% bearish,of 1 rating,$40
FTEK,$2.29,1439842607809,"28,338",75% bullish,of 4 ratings,N/A
FCEL,$0.7964,1439842607869,"474,854",88% bullish,of 40 ratings,$2.65
FSYS,$6.68,1439842607894,"22,021",67% bullish,of 3 ratings,$10
FULL,$3.21,1439842607920,"55,125",67% bearish,of 3 ratings,$4.25
FSBW,$23.51,1439842607967,"3,972",Not yet rated,NULL,N/A
FLL,$1.58,1439842608118,"18,003",75% bullish,of 4 ratings,$2.825
FULT,$13.11,1439842608380,"263,360",100% bearish,of 1 rating,$13
FULLL,$25.587,1439842608458,400,Not yet rated,NULL,N/A
FSNN,$2.6,1439842608491,"2,480",67% bullish,of 3 ratings,$6
FFHL,$0.88,1439842608842,30,50% bullish,of 4 ratings,N/A
FXEN,$1.01,1439842608904,"251,972",75% bullish,of 4 ratings,$1.10
GLPG,$59.9,1439842609001,"6,667",100% bullish,of 1 rating,$75
GK,$72.56,1439842609104,"38,414",Not yet rated,NULL,$78
FXENP,$16.5,1439842609131,350,100% bearish,of 1 rating,N/A
GAIA,$5.79,1439842609203,"42,258",50% bullish,of 2 ratings,$8.50
WILC,$5.24,1439842609286,"3,893",100% bullish,of 2 ratings,N/A
GALT,$2.2,1439842609451,"153,362",80% bullish,of 5 ratings,N/A
GALTU,NULL,1439842609476,0,100% bearish,of 1 rating,N/A
GALE,$1.455,1439842609497,"442,638",89% bullish,of 47 ratings,$4
GALTW,$0.7131,1439842609540,999,100% bullish,of 1 rating,N/A
GLMD,$8.92,1439842609682,"10,251",67% bullish,of 3 ratings,$20.50
GLPI,$33.51,1439842609915,"207,369",100% bearish,of 1 rating,$37.50
GPIC,$10.27,1439842609941,864,100% bearish,of 1 rating,N/A
GRMN,$40.43,1439842610018,"313,705",50% bullish,of 6 ratings,$48
GGAC,$9.82,1439842610180,200,100% bearish,of 1 rating,N/A
GGACR,NULL,1439842610244,0,100% bullish,of 1 rating,N/A
GGACU,NULL,1439842610424,0,Not yet rated,NULL,N/A
GGACW,NULL,1439842610453,0,Not yet rated,NULL,N/A
GENC,$9.45,1439842610497,225,100% bearish,of 1 rating,N/A
GARS,$14.84,1439842610525,"10,249",Not yet rated,NULL,$16
GNCMA,$18.07,1439842610704,"51,815",100% bearish,of 1 rating,$12
GFN,$4.06,1439842610774,"34,035",100% bearish,of 2 ratings,$8
GFNSL,$25.8,1439842610954,"2,500",Not yet rated,NULL,N/A
GFNCP,$93.77,1439842610983,100,Not yet rated,NULL,N/A
GENE,$2.73,1439842611005,"102,095",100% bullish,of 12 ratings,N/A
GNMK,$9.486,1439842611291,"48,160",67% bullish,of 6 ratings,$14
GNCA,$13.11,1439842611321,"74,431",100% bearish,of 1 rating,$20
THRM,$48.51,1439842611420,"123,490",75% bearish,of 4 ratings,$55.50
GHDX,$26.78,1439842611451,"149,178",50% bullish,of 2 ratings,$30
GNTX,$16.055,1439842611476,"936,051",Not yet rated,NULL,$20
GNVC,$2.44,1439842611626,"7,821",90% bullish,of 10 ratings,$8.50
GEOS,$15.94,1439842611685,"57,894",100% bearish,of 3 ratings,$25.50
GTWN,NULL,1439842611765,0,Not yet rated,NULL,N/A
GABC,$29.68,1439842611853,"8,354",Not yet rated,NULL,$31.50
GERN,$3.48,1439842612009,"1,363,120",88% bullish,of 16 ratings,$5.25
GEVO,$2.17,1439842612136,"165,626",75% bullish,of 12 ratings,N/A
ROCK,$18.68,1439842612168,"228,253",80% bullish,of 5 ratings,$24
GIGA,$1.45,1439842612274,"14,444",100% bearish,of 1 rating,N/A
GIGM,$0.6229,1439842612299,"62,513",100% bullish,of 2 ratings,N/A
GIII,$69.98,1439842612351,"72,675",67% bullish,of 3 ratings,$75
GILD,$116.42,1439842612562,"3,354,598",91% bullish,of 86 ratings,$129
GILT,$4.563,1439842612697,"5,494",50% bullish,of 2 ratings,N/A
GBCI,$28.13,1439842612754,"80,883",50% bullish,of 2 ratings,$31
GLAD,$8.36,1439842612783,"72,205",50% bullish,of 2 ratings,$8.75
GLADO,$25.59,1439842612829,"3,590",Not yet rated,NULL,N/A
GOOD,$15.94,1439842612916,"48,015",Not yet rated,NULL,$19
GOODN,$25.65,1439842613168,800,Not yet rated,NULL,N/A
GOODO,$25.223,1439842613234,550,Not yet rated,NULL,N/A
GOODP,$25.3,1439842613296,"1,263",Not yet rated,NULL,N/A
GAIN,$7.97,1439842613322,"134,141",100% bullish,of 2 ratings,$8.25
GAINN,$25.4446,1439842613368,"70,495",Not yet rated,NULL,N/A
GAINO,$25.59,1439842613631,"3,560",Not yet rated,NULL,N/A
GAINP,$26.1305,1439842613658,"1,467",Not yet rated,NULL,N/A
LAND,$9.56,1439842613689,"7,924",50% bullish,of 2 ratings,$13.75
GBT,$53.32,1439842613786,"373,083",Not yet rated,NULL,N/A
GLBZ,$11.85,1439842613833,"1,712",Not yet rated,NULL,N/A
GDEF,$10.54,1439842613863,1,Not yet rated,NULL,N/A
ENT,$13.11,1439842614117,"197,526",100% bearish,of 1 rating,$18
GBLI,$27.39,1439842614266,"7,021",Not yet rated,NULL,N/A
GPACU,$10.08,1439842614292,200,Not yet rated,NULL,N/A
ACTX,NULL,1439842614471,0,100% bullish,of 1 rating,N/A
QQQC,$21.57,1439842614605,"8,633",100% bearish,of 1 rating,N/A
ALTY,NULL,1439842614632,0,Not yet rated,NULL,N/A
GSOL,$8.44,1439842614662,"16,475",100% bearish,of 1 rating,N/A
SOCL,$18.74,1439842614688,"14,583",100% bullish,of 2 ratings,N/A
YLCO,$12.3,1439842614766,915,Not yet rated,NULL,N/A
SRET,$13.9001,1439842614912,"3,625",Not yet rated,NULL,N/A
GAI,$5.51,1439842615014,812,50% bullish,of 2 ratings,N/A
GSM,$14.31,1439842615070,"141,743",50% bullish,of 2 ratings,$24.50
GBIM,$2.4,1439842615095,"85,653",50% bullish,of 2 ratings,N/A
GLBS,$1.21,1439842615177,"3,218",67% bullish,of 3 ratings,N/A
GLRI,$1.19,1439842615454,"6,198",100% bearish,of 1 rating,$6
GLYC,$7.46,1439842615516,"8,776",50% bullish,of 2 ratings,$14
GLUU,$4.82,1439842615580,"1,114,074",92% bullish,of 26 ratings,$9
GMLP,$20.59,1439842615616,"58,451",50% bullish,of 4 ratings,$33
GOGO,$16.43,1439842615679,"299,401",80% bullish,of 5 ratings,$25
GLNG,$39.2,1439842615706,"671,924",83% bullish,of 6 ratings,$58
GDEN,$9.02,1439842615959,"3,025",50% bullish,of 2 ratings,N/A
GLDC,$4.12,1439842615997,100,50% bullish,of 2 ratings,N/A
GOGL,$3.62,1439842616028,"138,239",75% bullish,of 4 ratings,$5
GBDC,$16.54,1439842616056,"83,765",Not yet rated,NULL,$17.75
GTIM,$7.25,1439842616137,"51,548",Not yet rated,NULL,$11.50
GOOG,$661.025,1439842616319,"432,147",89% bullish,of 64 ratings,$795
GOOGL,$694.11,1439842616480,"507,876",88% bullish,of 1078 ratings,$747
GPRO,$58.55,1439842616583,"2,566,072",79% bullish,of 58 ratings,$72
GMAN,$4.71,1439842616628,"51,552",60% bullish,of 5 ratings,$8
GRVY,$3.55,1439842616797,689,50% bullish,of 2 ratings,N/A
GPIAU,NULL,1439842616826,0,Not yet rated,NULL,N/A
GPIA,NULL,1439842616851,0,Not yet rated,NULL,N/A
LOPE,$39.51,1439842616924,"124,540",100% bearish,of 2 ratings,$50
GBSN,$2.42,1439842617027,"41,035",100% bearish,of 1 rating,$8.25
GPIAW,NULL,1439842617054,0,Not yet rated,NULL,N/A
GSBC,$42.52,1439842617295,"11,082",100% bullish,of 1 rating,$44
GBSNU,$16.5,1439842617331,"12,850",Not yet rated,NULL,N/A
GLDD,$5.58,1439842617398,"68,668",100% bearish,of 4 ratings,$7.75
GNBC,$13.5,1439842617422,"12,714",100% bearish,of 1 rating,$17
GRBK,$14.55,1439842617748,"208,172",77% bullish,of 13 ratings,N/A
GPRE,$22.58,1439842617779,"507,599",67% bullish,of 6 ratings,$28.50
GLRE,$26.58,1439842617806,"78,565",100% bullish,of 1 rating,$41
GPP,$14.9899,1439842617860,"12,002",Not yet rated,NULL,$20.50
GRIF,NULL,1439842617886,0,100% bearish,of 1 rating,N/A
GCBC,NULL,1439842617934,0,100% bullish,of 1 rating,N/A
GRFS,$32.06,1439842618148,"258,708",50% bullish,of 2 ratings,$35
OMAB,$43.37,1439842618206,"28,232",100% bullish,of 1 rating,$44
GRPN,$4.38,1439842618250,"7,242,324",61% bullish,of 71 ratings,$6.75
GGAL,$21.09,1439842618442,"118,733",80% bullish,of 5 ratings,$40
GSIT,$5,1439842618780,"6,684",100% bearish,of 1 rating,N/A
GSIG,$13.71,1439842618812,"9,745",100% bearish,of 2 ratings,N/A
GSVC,$9.54,1439842618862,"23,655",50% bullish,of 2 ratings,$14.50
GTXI,$0.9942,1439842618917,"36,548",100% bullish,of 5 ratings,$.75
GBNK,$16.48,1439842618994,"18,751",100% bearish,of 1 rating,$18
GFED,NULL,1439842619050,0,Not yet rated,NULL,$17
GUID,$9.18,1439842619886,"32,985",100% bearish,of 3 ratings,$10
GIFI,$12.17,1439842619915,"26,930",100% bearish,of 1 rating,$16
GULTU,$0.3301,1439842619941,"839,412",100% bearish,of 1 rating,N/A
GURE,$1.8299,1439842620015,"73,987",88% bullish,of 8 ratings,N/A
GPOR,$35.73,1439842620257,"1,241,712",75% bullish,of 4 ratings,$55.50
HEES,$17.29,1439842620388,"130,718",67% bearish,of 3 ratings,$31
GWPH,$114.63,1439842620419,"99,077",78% bullish,of 9 ratings,$148.50
GWGH,$7.76,1439842620456,100,100% bearish,of 1 rating,$15.05
GYRO,$2.8799,1439842620519,"2,200",100% bearish,of 1 rating,N/A
HLG,$9.01,1439842620650,753,100% bearish,of 1 rating,N/A
HNRG,$7.69,1439842620688,"55,231",100% bearish,of 1 rating,$10
HALL,$11.73,1439842620878,"33,759",Not yet rated,NULL,N/A
HALO,$19.76,1439842620942,"715,910",67% bullish,of 3 ratings,$22.50
HBK,$13.52,1439842621016,800,50% bullish,of 2 ratings,N/A
HMPR,$1.96,1439842621117,"7,417",100% bullish,of 1 rating,N/A
HBHCL,$24.6,1439842621213,"23,846",Not yet rated,NULL,N/A
HBHC,$29.12,1439842621311,"163,577",50% bullish,of 2 ratings,$30
HNH,$29.255,1439842621392,"2,183",100% bullish,of 1 rating,N/A
HAFC,$26,1439842621489,"42,580",100% bullish,of 2 ratings,$28.50
HNSN,$0.52,1439842621528,"114,497",88% bullish,of 8 ratings,$.40
HQCL,$11.09,1439842621733,"4,110",67% bullish,of 3 ratings,N/A
HLIT,$5.8,1439842621762,"274,653",100% bearish,of 1 rating,$6.50
HDNG,$10.23,1439842621802,"10,956",50% bullish,of 4 ratings,N/A
HRMN,NULL,1439842621901,0,Not yet rated,NULL,N/A
HRMNU,NULL,1439842621960,0,Not yet rated,NULL,N/A
HRMNW,NULL,1439842622138,0,Not yet rated,NULL,N/A
HBIO,$4.605,1439842622356,"48,969",Not yet rated,NULL,$10
HART,$0.65,1439842622386,"286,742",100% bearish,of 1 rating,N/A
HCAP,$12.45,1439842622407,"8,066",50% bullish,of 2 ratings,$15
TINY,$2.5897,1439842622438,"23,804",50% bullish,of 2 ratings,$5.26
HCAPL,$25.74,1439842622653,"1,400",Not yet rated,NULL,N/A
HAS,$80.61,1439842622678,"308,219",63% bullish,of 8 ratings,$84.50
HA,$25.91,1439842622842,"607,283",67% bullish,of 9 ratings,$27
HCOM,$23.39,1439842622871,"7,068",100% bearish,of 1 rating,$28
HWKN,$37.62,1439842622977,"8,482",Not yet rated,NULL,N/A
HWBK,$13.75,1439842623030,526,100% bearish,of 1 rating,N/A
HAYN,$41.02,1439842623164,"34,572",100% bearish,of 1 rating,$59
HDS,$34.8,1439842623267,"620,717",100% bearish,of 2 ratings,$39.50
HIIQ,$4.85,1439842623292,"48,623",50% bullish,of 2 ratings,$7
HCSG,$34.72,1439842623423,"76,165",50% bullish,of 4 ratings,$35
HTLD,$21.28,1439842623662,"129,037",Not yet rated,NULL,$22.50
HWAY,$12.47,1439842623689,"108,688",100% bearish,of 1 rating,$15
HQY,$33.76,1439842623709,"176,227",67% bullish,of 3 ratings,$31
HSTM,$25.75,1439842623737,"105,939",50% bullish,of 2 ratings,$33.75
HTLF,$37.66,1439842623936,"14,698",100% bullish,of 1 rating,$39.50
HTWR,$89.43,1439842624113,"106,170",50% bullish,of 2 ratings,$103
HTBX,$5.61,1439842624181,"15,291",50% bullish,of 2 ratings,$15.50
HSII,$20.34,1439842624278,"46,368",100% bullish,of 3 ratings,$25
HELE,$91.87,1439842624467,"59,895",67% bearish,of 3 ratings,$100
HMNY,NULL,1439842624492,0,100% bearish,of 1 rating,N/A
HMTV,$13.54,1439842624651,"3,059",100% bearish,of 1 rating,$16
HNNA,$23.31,1439842624755,550,Not yet rated,NULL,N/A
HCACU,$9.98,1439842624812,"1,765",Not yet rated,NULL,N/A
HTBK,$11.11,1439842624912,"17,081",Not yet rated,NULL,$12
HSIC,$145.76,1439842624939,"160,255",83% bullish,of 6 ratings,$146
HERO,$0.065,1439842624997,"2,384,835",81% bullish,of 16 ratings,$.75
HFWA,$18.51,1439842625204,"20,604",100% bullish,of 1 rating,$20
HEOP,$7.99,1439842625247,"10,608",Not yet rated,NULL,$8.50
HCCI,$12.82,1439842625389,"16,658",100% bearish,of 1 rating,$16.50
MLHR,$29.42,1439842625415,"150,901",100% bullish,of 1 rating,$33.50
HRTX,$31.67,1439842625629,"209,137",67% bullish,of 6 ratings,$41
HSKA,$34.64,1439842625689,"33,972",100% bearish,of 1 rating,$38
HFFC,$16.48,1439842625850,602,Not yet rated,NULL,N/A
HIHO,$4.3,1439842625875,"15,266",Not yet rated,NULL,N/A
HPJ,$2.8701,1439842625903,"15,886",75% bullish,of 4 ratings,$12.43
HIBB,$41.18,1439842626049,"180,132",100% bearish,of 1 rating,$48.50
HIFS,$118.2,1439842626222,"1,046",Not yet rated,NULL,N/A
HIMX,$6.875,1439842626292,"720,341",85% bullish,of 20 ratings,$8.50
HMNF,$11.62,1439842626351,120,Not yet rated,NULL,N/A
HSGX,$6.85,1439842626376,"9,324",100% bearish,of 1 rating,$17
HOLI,$18.66,1439842626800,"412,384",50% bullish,of 4 ratings,$27
HOLX,$42.905,1439842626854,"1,333,309",67% bullish,of 3 ratings,$42
HBCP,$24.49,1439842626897,100,Not yet rated,NULL,$29
HMSY,$9.535,1439842626928,"846,538",67% bullish,of 3 ratings,$19.35
HOMB,$41.12,1439842626957,"144,237",Not yet rated,NULL,$41
HFBL,NULL,1439842626982,0,Not yet rated,NULL,N/A
AWAY,$31.315,1439842627323,"461,217",67% bullish,of 3 ratings,$36
HMST,$21.97,1439842627349,"26,749",100% bullish,of 2 ratings,$27
HMIN,$29.5,1439842627370,"42,930",100% bearish,of 2 ratings,$35
HTBI,$18.6,1439842627502,"37,411",67% bullish,of 3 ratings,$18.625
HKTV,$5.21,1439842627682,"2,168",100% bearish,of 1 rating,N/A
HBNC,$24.9,1439842627820,"13,696",100% bullish,of 1 rating,$27
HOFT,$25.6,1439842627846,"19,150",100% bearish,of 1 rating,N/A
CETC,$0.96,1439842627874,"80,969",86% bullish,of 7 ratings,N/A
HFBC,$11.73,1439842627895,"3,322",Not yet rated,NULL,N/A
HZNP,$31.85,1439842628030,"1,276,149",85% bullish,of 20 ratings,$40
HDP,$26.28,1439842628212,"193,809",67% bearish,of 3 ratings,$30.50
HRZN,$11.28,1439842628287,"27,993",100% bearish,of 1 rating,$14.25
ZINC,$8.8,1439842628346,"227,099",100% bearish,of 1 rating,$17
HMHC,$23.64,1439842628450,"198,229",Not yet rated,NULL,$27
HOVNP,$5.31,1439842628917,"1,402",100% bearish,of 1 rating,N/A
HWCC,$7.1,1439842628951,"86,376",100% bearish,of 1 rating,$9
HTGM,$5.72,1439842629014,"15,677",100% bearish,of 1 rating,$19.50
HBMD,$13.664,1439842629041,804,100% bearish,of 1 rating,N/A
HSNI,$63.58,1439842629085,"198,736",Not yet rated,NULL,$80
HSON,$2.85,1439842629303,"36,724",100% bearish,of 1 rating,$5
HCBK,$10.34,1439842629484,"655,727",83% bullish,of 6 ratings,$8.61
HDSN,$3.18,1439842629514,"11,112",100% bullish,of 1 rating,$6.25
HBAN,$11.795,1439842629537,"4,366,472",76% bullish,of 17 ratings,$12.50
HUBG,$41.24,1439842629591,"62,003",100% bearish,of 1 rating,$43
HBANP,$1357,1439842629722,40,100% bearish,of 1 rating,N/A
HURC,$31.0399,1439842629805,"10,321",100% bearish,of 1 rating,N/A
HURN,$75.8,1439842629964,"80,889",50% bullish,of 2 ratings,$80
HTCH,$1.68,1439842630028,"24,493",100% bearish,of 1 rating,$3.50
HBP,$3.1391,1439842630238,"21,070",100% bullish,of 1 rating,N/A
HDRAR,NULL,1439842630263,0,Not yet rated,NULL,N/A
HDRA,NULL,1439842630321,0,Not yet rated,NULL,N/A
HDRAU,NULL,1439842630453,0,Not yet rated,NULL,N/A
HDRAW,NULL,1439842630591,0,Not yet rated,NULL,N/A
HYGS,$7.72,1439842630621,"19,026",50% bullish,of 2 ratings,$13
IACI,$75.11,1439842630691,"237,231",75% bullish,of 4 ratings,$90
IDSY,$4.01,1439842630717,"4,675",100% bearish,of 1 rating,$7
IKGH,$1.74,1439842630778,"39,095",75% bullish,of 4 ratings,N/A
IBKC,$63.69,1439842631134,"73,986",100% bullish,of 1 rating,$70
IEP,$73.6199,1439842631159,"83,657",75% bullish,of 4 ratings,$99
ICFI,$35.26,1439842631192,"23,816",50% bullish,of 2 ratings,$48.50
ICAD,$3.65,1439842631222,"27,568",50% bullish,of 2 ratings,$7.25
ICLR,$80.57,1439842631327,"1,369,958",100% bearish,of 3 ratings,$82
ICON,$13.735,1439842631460,"529,384",50% bullish,of 2 ratings,$18.50
ICUI,$122.91,1439842631559,"62,756",Not yet rated,NULL,$122
IPWR,$7.89,1439842631722,"4,445",100% bullish,of 1 rating,$15
INVE,$4.56,1439842631757,"137,224",75% bullish,of 4 ratings,$4
IDRA,$2.77,1439842631789,"712,705",89% bullish,of 9 ratings,$6.50
IDXX,$78.62,1439842631857,"285,243",100% bearish,of 1 rating,$77
DSKY,$12.43,1439842631941,"94,993",67% bullish,of 6 ratings,$11.50
IROQ,$16.6,1439842632014,"6,833",100% bullish,of 1 rating,N/A
IRG,$4.51,1439842632232,"6,078",100% bearish,of 1 rating,$4.50
RXDX,$13.77,1439842632376,"110,477",100% bullish,of 1 rating,$20
IKAN,$2.73,1439842632413,"35,542",83% bullish,of 6 ratings,$5
IIVI,$17.91,1439842632481,"134,760",100% bearish,of 1 rating,$22
ILMN,$207.86,1439842632540,"805,783",80% bullish,of 5 ratings,$240
KANG,$16.88,1439842632565,"94,330",50% bullish,of 2 ratings,$22.55
IKNX,$11.3999,1439842632793,"5,520",100% bearish,of 1 rating,N/A
IMMR,$12.47,1439842632824,"55,847",80% bullish,of 5 ratings,$15.50
ISNS,$4.06,1439842632921,"16,544",50% bullish,of 2 ratings,N/A
IMDZ,$16.54,1439842632999,"36,421",100% bearish,of 1 rating,$33
IMNP,$1.6,1439842633026,"82,547",50% bullish,of 2 ratings,$6
ICCC,$9.2,1439842633082,"8,381",100% bullish,of 1 rating,N/A
IMGN,$14.51,1439842633299,"606,473",75% bullish,of 4 ratings,$17.50
IMMU,$1.85,1439842633458,"217,783",86% bullish,of 7 ratings,$2
IMMY,$7.71,1439842633538,"12,250",100% bearish,of 1 rating,$11
SAAS,$8.02,1439842633565,"315,112",50% bullish,of 2 ratings,$15
IPXL,$46.82,1439842633622,"379,246",67% bullish,of 3 ratings,$46.50
INCR,$44.43,1439842633695,"519,915",50% bullish,of 2 ratings,$53
IBTX,$44.56,1439842633993,"9,454",100% bullish,of 2 ratings,$47.25
INCY,$114.59,1439842634019,"1,386,037",50% bullish,of 6 ratings,$125.50
INDB,$48.88,1439842634084,"81,378",Not yet rated,NULL,$44
IBCP,$14.76,1439842634154,"29,322",100% bullish,of 1 rating,$14.50
IDSA,$3.5746,1439842634183,"9,007",Not yet rated,NULL,N/A
INFN,$24.705,1439842634208,"907,122",71% bullish,of 7 ratings,$27.50
INFI,$9.57,1439842634439,"241,155",50% bullish,of 4 ratings,$18
IPCC,$79.94,1439842634656,"23,054",Not yet rated,NULL,$77
IFON,$1.35,1439842634693,"113,181",75% bullish,of 4 ratings,N/A
INWK,$7.82,1439842634719,"78,117",50% bullish,of 2 ratings,$10
III,$4.2,1439842634740,"102,016",57% bullish,of 7 ratings,$6
IMKTA,$55.94,1439842634873,"62,181",100% bearish,of 1 rating,N/A
INOD,$2.5425,1439842635128,"1,465",100% bearish,of 1 rating,N/A
INNL,$13.01,1439842635170,"1,700",100% bearish,of 1 rating,$16.50
IOSP,$46.63,1439842635195,"41,140",100% bearish,of 1 rating,N/A
IPHS,$51.51,1439842635385,"87,047",100% bearish,of 1 rating,$60
ISSC,$3,1439842635541,"3,900",67% bearish,of 3 ratings,N/A
INGN,$50,1439842635843,"308,442",100% bearish,of 1 rating,$50.50
ITEK,$15.1,1439842635895,"1,399,968",67% bearish,of 3 ratings,$20
INOV,$21.25,1439842635974,"172,591",100% bearish,of 1 rating,$33
INO,$7.87,1439842636030,"777,127",89% bullish,of 18 ratings,$20
NSIT,$26.77,1439842636054,"44,983",50% bullish,of 2 ratings,N/A
ISIG,$2.69,1439842636222,700,100% bearish,of 1 rating,N/A
IIIN,$18.08,1439842636349,"8,444",100% bearish,of 2 ratings,N/A
INSM,$27.14,1439842636397,"183,798",71% bullish,of 7 ratings,$32
NTEC,$6.03,1439842636446,"12,140",Not yet rated,NULL,N/A
PODD,$30.26,1439842636471,"418,931",50% bullish,of 2 ratings,$35
INSY,$36.06,1439842636530,"449,138",75% bullish,of 4 ratings,$48
IART,$62.73,1439842636616,"101,757",100% bearish,of 1 rating,$71.50
IDTI,$19.595,1439842636718,"729,109",60% bullish,of 5 ratings,$25
IESC,$7.23,1439842636994,"11,334",100% bearish,of 1 rating,N/A
INTC,$29.105,1439842637166,"7,817,002",82% bullish,of 238 ratings,$36
ISSI,$22.39,1439842637207,"211,064",67% bullish,of 3 ratings,$19.75
IPCI,$2.24,1439842637233,"74,909",67% bullish,of 6 ratings,$7.75
IPAR,$28.59,1439842637367,"87,400",67% bullish,of 3 ratings,$38
IBKR,$42.84,1439842637569,"274,012",100% bullish,of 1 rating,N/A
IQNT,$17.79,1439842637596,"78,257",86% bullish,of 7 ratings,$20
ICPT,$214.2,1439842637648,"95,679",70% bullish,of 10 ratings,$363
ININ,$40.52,1439842637751,"19,239",67% bearish,of 3 ratings,$57
ICLDW,$0.9602,1439842637775,201,100% bearish,of 1 rating,N/A
ICLD,$1.97,1439842637801,"1,304,981",75% bullish,of 4 ratings,N/A
IDCC,$50.58,1439842638626,"171,148",75% bullish,of 4 ratings,$63
TILE,$26.23,1439842638651,"615,891",67% bearish,of 3 ratings,$27
IMI,$2.07,1439842638838,"10,457",67% bullish,of 3 ratings,$2.22
INAP,$8.78,1439842638873,"58,876",75% bullish,of 4 ratings,$11
IBOC,$27.73,1439842638937,"67,561",100% bearish,of 1 rating,N/A
IGLD,$7.76,1439842639093,"3,400",50% bullish,of 2 ratings,N/A
IIJI,NULL,1439842639118,0,50% bullish,of 2 ratings,$11.50
ISCA,$33.81,1439842639148,"46,943",100% bearish,of 1 rating,N/A
PTNT,$3.06,1439842639305,"2,824",Not yet rated,NULL,N/A
XENT,$28.67,1439842639333,"67,509",50% bullish,of 2 ratings,$36.50
INPH,$0.348,1439842639406,"8,152",50% bullish,of 2 ratings,N/A
ISIL,$11.08,1439842639621,"226,024",50% bullish,of 6 ratings,$15
INTX,$2.57,1439842639700,"35,192",67% bullish,of 3 ratings,N/A
IILG,$21.53,1439842639725,"35,722",100% bearish,of 1 rating,$30.50
IVAC,$5.11,1439842639956,"5,634",Not yet rated,NULL,$6.625
INTL,$28.39,1439842639982,"52,599",67% bearish,of 3 ratings,N/A
IIN,$6.25,1439842640127,"1,700",100% bearish,of 1 rating,$12
ITCI,$31.5,1439842640155,"290,361",75% bearish,of 4 ratings,$40
INTLL,$25.7,1439842640209,"4,100",Not yet rated,NULL,N/A
INTU,$105.6,1439842640240,"409,823",100% bullish,of 7 ratings,$107.50
ISRG,$533.05,1439842640377,"71,757",67% bullish,of 3 ratings,$600
INVT,$0.295,1439842640404,"165,284",67% bullish,of 3 ratings,N/A
SNAK,$8.78,1439842640558,"43,607",50% bullish,of 2 ratings,$14
ISTR,$15.8999,1439842640618,629,100% bearish,of 1 rating,$18.50
ISBC,$12.4,1439842640785,"988,182",100% bullish,of 1 rating,$13.25
NVIV,$12.26,1439842640939,"143,063",50% bullish,of 4 ratings,$24.50
IVTY,$11.91,1439842641014,"14,795",Not yet rated,NULL,$18
IPAS,$1.08,1439842641042,"16,544",67% bullish,of 3 ratings,N/A
ITIC,$71.03,1439842641072,"8,135",100% bearish,of 2 ratings,N/A
DTUL,NULL,1439842641171,0,Not yet rated,NULL,N/A
IPCM,$79.56,1439842641340,"82,727",50% bullish,of 2 ratings,$80.125
DFVL,NULL,1439842641369,0,Not yet rated,NULL,N/A
IRMD,$26.23,1439842641446,"10,396",67% bearish,of 3 ratings,$25
IPGP,$91.91,1439842641517,"111,379",100% bearish,of 2 ratings,$109.50
IRIX,$7.09,1439842641647,"10,046",100% bearish,of 1 rating,N/A
IRDM,$6.975,1439842641782,"220,294",60% bullish,of 5 ratings,$11.50
IRDMB,$275.05,1439842641939,750,67% bearish,of 3 ratings,N/A
IRWD,$11.64,1439842642082,"860,464",100% bearish,of 1 rating,$13
IRBT,$31.25,1439842642109,"117,144",67% bullish,of 6 ratings,$37
IRCP,NULL,1439842642133,0,100% bullish,of 2 ratings,N/A
COMT,$33.58,1439842642270,"15,222",100% bearish,of 1 rating,N/A
GNMA,$50.0675,1439842642295,"3,286",Not yet rated,NULL,N/A
IFEU,$40.15,1439842642512,"9,355",Not yet rated,NULL,N/A
IFAS,$29.1,1439842642573,500,Not yet rated,NULL,N/A
FCHI,$50.78,1439842642645,"1,008",Not yet rated,NULL,N/A
IFGL,$30.14,1439842642784,"84,687",Not yet rated,NULL,N/A
IFNA,NULL,1439842642846,0,Not yet rated,NULL,N/A
ACWX,$43.19,1439842642985,"587,597",100% bearish,of 1 rating,N/A
ACWI,$59.3,1439842643010,"2,322,800",Not yet rated,NULL,N/A
AAXJ,$56.49,1439842643140,"328,823",Not yet rated,NULL,N/A
AXJS,NULL,1439842643270,0,Not yet rated,NULL,N/A
AAIT,$30.622,1439842643342,200,100% bullish,of 1 rating,N/A
EEMA,$53.3515,1439842643405,"27,731",Not yet rated,NULL,N/A
EMDI,NULL,1439842643438,0,Not yet rated,NULL,N/A
EEME,$39.51,1439842643467,"4,320",100% bearish,of 1 rating,N/A
EMEY,$25.71,1439842643629,214,Not yet rated,NULL,N/A
EVAL,$37.5575,1439842643859,"1,852",Not yet rated,NULL,N/A
EGRW,$49.7489,1439842643917,"3,904",Not yet rated,NULL,N/A
EEML,$28.885,1439842643990,556,Not yet rated,NULL,N/A
EUFN,$23.22,1439842644279,"120,884",100% bearish,of 1 rating,N/A
IEUS,$47.3,1439842644305,"5,150",100% bearish,of 1 rating,N/A
QAT,$21.62,1439842644340,"1,645",Not yet rated,NULL,N/A
IBB,$371.88,1439842644471,"613,383",63% bullish,of 8 ratings,N/A
SOXX,$86.4,1439842644496,"145,249",50% bullish,of 2 ratings,N/A
UAE,$19.2317,1439842644544,"1,400",Not yet rated,NULL,N/A
EMIF,$30.35,1439842644756,"3,926",Not yet rated,NULL,N/A
ICLN,$10.3,1439842644897,"33,011",50% bullish,of 2 ratings,N/A
INDY,$29.67,1439842644942,"357,775",100% bullish,of 1 rating,N/A
WOOD,$51.37,1439842644967,"12,039",50% bullish,of 2 ratings,N/A
ISHG,$78.7201,1439842645095,"48,296",100% bearish,of 1 rating,N/A
ISLE,$19.25,1439842645449,"152,385",50% bullish,of 4 ratings,$16
IGOV,$90.32,1439842645489,"17,555",100% bearish,of 1 rating,N/A
ISRL,NULL,1439842645518,0,100% bearish,of 1 rating,N/A
ITRI,$33.58,1439842645539,"97,015",Not yet rated,NULL,$37
ISIS,$51.6,1439842645582,"512,397",53% bullish,of 15 ratings,$67
ITRN,$25.84,1439842645686,"5,583",50% bullish,of 2 ratings,N/A
IXYS,$11.11,1439842645922,"68,359",50% bullish,of 4 ratings,N/A
ITUS,$4.21,1439842645948,"2,312",Not yet rated,NULL,N/A
XXIA,$15.68,1439842645976,"269,567",71% bullish,of 7 ratings,$14.625
JJSF,$119.04,1439842646220,"18,507",100% bearish,of 1 rating,N/A
JCOM,$73.69,1439842646510,"123,201",100% bullish,of 2 ratings,$77
JBHT,$80.16,1439842646541,"253,525",50% bullish,of 4 ratings,$89.50
JACK,$87.45,1439842646568,"178,970",83% bullish,of 6 ratings,$105
JASO,$8.43,1439842646597,"953,455",82% bullish,of 17 ratings,$10
JKHY,$71.58,1439842646620,"147,603",50% bullish,of 2 ratings,$72
MAYS,NULL,1439842646641,0,Not yet rated,NULL,N/A
JAXB,$12.9401,1439842647018,300,100% bullish,of 1 rating,N/A
JAGX,$2.95,1439842647044,"1,500",Not yet rated,NULL,N/A
JXSB,NULL,1439842647065,0,Not yet rated,NULL,N/A
JAKK,$9.76,1439842647123,"142,418",60% bearish,of 5 ratings,$10.50
ERW,$51.83,1439842647424,20,Not yet rated,NULL,N/A
JASNW,$0.3,1439842647509,"9,050",50% bullish,of 2 ratings,N/A
JMBA,$14.09,1439842647538,"124,696",75% bullish,of 4 ratings,$18
JASN,$5.31,1439842647568,"21,127",50% bullish,of 2 ratings,$9.50
JRVR,$27.12,1439842647595,"18,186",Not yet rated,NULL,$27
JAZZ,$186.26,1439842647620,"94,249",80% bullish,of 15 ratings,$206.50
JD,$27.34,1439842647854,"4,854,742",75% bullish,of 16 ratings,$36
JBLU,$24.385,1439842647996,"3,254,934",94% bullish,of 16 ratings,$27
JTPY,$2.978,1439842648022,"1,317",100% bearish,of 1 rating,N/A
JCTCF,$9.55,1439842648157,"1,440",100% bullish,of 1 rating,N/A
JIVE,$4.11,1439842648263,"172,160",75% bullish,of 4 ratings,$5
DATE,$6.53,1439842648335,"106,209",75% bullish,of 4 ratings,$9
JST,$4.45,1439842648365,"16,795",75% bullish,of 4 ratings,N/A
JOEZ,$0.19,1439842648435,"131,050",92% bullish,of 12 ratings,N/A
WYIGU,$10.05,1439842648462,200,Not yet rated,NULL,N/A
JBSS,$48.235,1439842648605,"31,577",67% bearish,of 3 ratings,N/A
JNP,$9.88,1439842648760,"16,717",100% bullish,of 3 ratings,$15
JUNO,$41.56,1439842648794,"863,668",73% bullish,of 11 ratings,$70
JOUT,$25.43,1439842648820,"5,366",100% bearish,of 1 rating,$34
KTWO,$21.44,1439842648898,"62,061",100% bearish,of 1 rating,$28.50
KALU,$86.48,1439842649201,"61,159",67% bearish,of 3 ratings,$91
KMDA,$3.89,1439842649345,"1,800",50% bullish,of 2 ratings,$8
KBIO,$1.96,1439842649391,"12,287",50% bullish,of 4 ratings,N/A
KNDI,$7.08,1439842649439,"196,592",86% bullish,of 22 ratings,N/A
KPTI,$14.39,1439842649465,"989,551",67% bearish,of 3 ratings,$41
KCLI,$47.87,1439842649486,"7,898",Not yet rated,NULL,N/A
KBSF,$4.15,1439842649703,"8,550",100% bullish,of 1 rating,N/A
KRNY,$11.77,1439842649895,"661,629",100% bearish,of 1 rating,$12
KELYA,$14.86,1439842649924,"36,082",67% bullish,of 6 ratings,$20
KELYB,NULL,1439842649978,0,50% bullish,of 2 ratings,N/A
