Symbol,Price,Date,Volume,Rating,RatingVoteCount,OneYearEstimate
PIH,$7.71,1440709802498,"10,100",100% bearish,of 1 rating,N/A
FCTY,$7.76,1440709802527,"2,814",100% bullish,of 1 rating,$8.50
VNET,$17.97,1440709802560,"960,538",60% bullish,of 5 ratings,$29.50
TFSCR,NULL,1440709802581,0,Not yet rated,NULL,N/A
TFSC,NULL,1440709802602,0,100% bearish,of 1 rating,N/A
FCCY,$11.72,1440709802623,320,100% bullish,of 1 rating,$13
TFSCU,NULL,1440709802644,0,Not yet rated,NULL,N/A
TFSCW,NULL,1440709802682,0,100% bearish,of 1 rating,N/A
TWOU,$35.15,1440709802889,"181,970",50% bullish,of 2 ratings,$39
UGLD,$9.05,1440709802921,"996,913",100% bearish,of 1 rating,N/A
FLWS,$8.43,1440709802957,"1,277,183",80% bullish,of 5 ratings,$15
DSLV,$71.67,1440709802981,"16,710",100% bearish,of 1 rating,N/A
USLV,$12.05,1440709803014,"327,051",86% bullish,of 7 ratings,N/A
DGLD,$83.29,1440709803047,"25,064",100% bullish,of 1 rating,N/A
SRCE,$29.28,1440709803076,"39,017",100% bullish,of 3 ratings,$33
JOBS,$26.9096,1440709803150,"345,041",50% bullish,of 4 ratings,$36
SIXD,$2.88,1440709803528,"175,838",Not yet rated,NULL,N/A
EGHT,$7.85,1440709803564,"409,295",82% bullish,of 17 ratings,$11
AVHI,$13.57,1440709803586,"110,611",100% bearish,of 1 rating,$19
AAON,$20.73,1440709803626,"105,792",100% bearish,of 1 rating,$24
ABAX,$47.16,1440709803651,"121,499",100% bearish,of 1 rating,$60
SHLM,$33.99,1440709803682,"96,056",100% bearish,of 1 rating,$47
CAFD,$14.23,1440709803703,"627,767",Not yet rated,NULL,$25
ABY,$21.89,1440709803732,"417,772",100% bearish,of 2 ratings,$46
ABEO,$4.7,1440709803923,"55,908",50% bullish,of 4 ratings,$15.50
ABGB,$5.64,1440709803950,"215,632",67% bullish,of 3 ratings,$5.50
AXAS,$1.86,1440709804010,"1,195,243",78% bullish,of 9 ratings,$3.50
ABEOW,$1.72,1440709804087,"1,765",100% bullish,of 1 rating,N/A
ACTG,$9.33,1440709804114,"238,840",67% bullish,of 3 ratings,$18.50
ABMD,$98.2,1440709804282,"361,568",75% bullish,of 4 ratings,$100.50
ACAD,$37.91,1440709804386,"800,915",80% bullish,of 20 ratings,$48
ACST,$0.339,1440709804419,"38,840",100% bullish,of 2 ratings,N/A
ACHC,$74.32,1440709804441,"693,069",50% bullish,of 2 ratings,$92
AXDX,$18.59,1440709804519,"133,104",100% bearish,of 1 rating,N/A
XLRN,$28.55,1440709804590,"124,056",50% bullish,of 2 ratings,$57
ARAY,$6.44,1440709804655,"790,654",100% bearish,of 1 rating,$10.50
ANCX,$19.58,1440709804684,"18,905",Not yet rated,NULL,$20
VXDN,$1.91,1440709804789,"79,592",100% bearish,of 1 rating,N/A
VXUP,$1.5,1440709804835,"51,057",100% bearish,of 1 rating,N/A
ACRX,$4.18,1440709804876,"176,135",67% bearish,of 6 ratings,$5.50
AKAO,$6.65,1440709805010,"55,372",75% bullish,of 4 ratings,$15
ACET,$22.59,1440709805056,"134,400",75% bullish,of 4 ratings,$30
ACHN,$7.51,1440709805193,"1,754,893",90% bullish,of 21 ratings,$16
ACIW,$21.07,1440709805275,"618,018",67% bearish,of 3 ratings,$24
ACNB,$19.82,1440709805300,"3,126",Not yet rated,NULL,N/A
ACPW,$1.8,1440709805434,"13,406",100% bullish,of 4 ratings,$3.50
ATVI,$27.91,1440709805463,"4,314,001",68% bullish,of 84 ratings,$31.50
ACOR,$31.69,1440709805484,"676,500",67% bearish,of 3 ratings,$38.50
ACTA,$13.09,1440709805516,"101,358",67% bearish,of 3 ratings,$25
ACTS,$1.62,1440709805544,"51,641",100% bearish,of 1 rating,N/A
ACUR,$0.549,1440709805681,"118,162",100% bullish,of 5 ratings,$1
ADMS,$20.06,1440709805719,"44,813",100% bearish,of 2 ratings,$36
ACXM,$20.88,1440709805888,"313,597",67% bullish,of 3 ratings,N/A
ADMP,$3.64,1440709805915,"15,859",50% bullish,of 2 ratings,$10
ADAP,$11.28,1440709805945,"47,580",67% bullish,of 3 ratings,$22
ADUS,$28.51,1440709806048,"36,611",100% bearish,of 1 rating,$31
AEY,$2.37,1440709806077,"7,215",100% bearish,of 2 ratings,N/A
ADMA,$9.25,1440709806129,"6,150",Not yet rated,NULL,$19
ADEP,$6.79,1440709806181,"19,627",50% bullish,of 2 ratings,$10.75
ADBE,$78.91,1440709806235,"2,626,306",65% bullish,of 17 ratings,$90
ADRO,$21.81,1440709806403,"184,152",80% bullish,of 5 ratings,$45.50
AMD,$1.78,1440709806437,"8,269,988",83% bullish,of 103 ratings,$2
ADTN,$15.63,1440709806470,"264,065",67% bullish,of 3 ratings,$17.125
AEIS,$24.59,1440709806538,"152,965",50% bullish,of 2 ratings,$32.50
ADXS,$14.97,1440709806568,"698,120",64% bullish,of 14 ratings,$27
ADXSW,$10.3,1440709806589,"7,480",100% bullish,of 1 rating,N/A
MULT,$22.9,1440709806673,100,100% bearish,of 1 rating,N/A
YPRO,$22.99,1440709806882,113,100% bearish,of 1 rating,N/A
AEGR,$17.76,1440709806909,"379,386",50% bullish,of 6 ratings,$26
AEGN,$18.03,1440709806938,"120,038",100% bearish,of 2 ratings,$21
AEHR,$2.26,1440709806969,"2,050",50% bullish,of 2 ratings,N/A
AEPI,$54.4,1440709807050,"9,352",100% bearish,of 1 rating,N/A
AMTX,$2.73,1440709807099,"29,307",50% bullish,of 2 ratings,$26.11
AERI,$16.5,1440709807182,"496,566",75% bullish,of 4 ratings,$31.50
AEZS,$0.0855,1440709807207,"7,062,749",90% bullish,of 21 ratings,$1.50
AFFX,$9.66,1440709807421,"805,284",80% bullish,of 5 ratings,$12
AVAV,$24,1440709807449,"84,544",50% bullish,of 4 ratings,$31
AEMD,$7.15,1440709807470,"176,485",Not yet rated,NULL,$27.50
AFMD,$10.14,1440709807503,"90,074",50% bullish,of 4 ratings,$15
AGYS,$9.8,1440709807602,"25,835",100% bearish,of 1 rating,N/A
AGRX,$8.43,1440709807675,"16,281",100% bearish,of 1 rating,$17.50
AGEN,$6.91,1440709807761,"652,795",85% bullish,of 13 ratings,$14
AIRM,$36.99,1440709807889,"216,632",80% bearish,of 5 ratings,$53
AGFS,$10.1908,1440709807921,"34,412",100% bearish,of 1 rating,N/A
AGFSW,$2,1440709807975,"17,600",100% bearish,of 2 ratings,N/A
AIRT,$22.71,1440709808019,536,100% bullish,of 1 rating,N/A
ATSG,$8.94,1440709808048,"131,156",67% bullish,of 3 ratings,$13
AGIO,$90.02,1440709808116,"287,799",88% bullish,of 8 ratings,$114
AIMT,$21.35,1440709808252,"49,058",Not yet rated,NULL,N/A
AMCN,$4.59,1440709808420,"412,688",83% bullish,of 6 ratings,N/A
AIXG,$6.02,1440709808445,"25,723",67% bearish,of 3 ratings,$5.25
AKAM,$70.5,1440709808475,"1,345,054",63% bullish,of 8 ratings,$77
AKBA,$6.47,1440709808579,"112,314",100% bearish,of 1 rating,$18
AKRX,$41.21,1440709808609,"795,009",78% bullish,of 9 ratings,$56
ALRM,$16.9,1440709808683,"57,187",100% bearish,of 1 rating,$22
AKER,$2.79,1440709808708,"5,892",Not yet rated,NULL,N/A
ALSK,$2.04,1440709808922,"158,320",78% bullish,of 18 ratings,$2
AMRI,$19.96,1440709808953,"131,544",75% bearish,of 4 ratings,$24
ADHD,$7.76,1440709808974,"137,797",50% bullish,of 4 ratings,$18
ALDR,$38.82,1440709809014,"255,073",67% bearish,of 3 ratings,$62
ALXA,$1.18,1440709809114,"19,066",83% bullish,of 6 ratings,$2.125
ALDX,$6.85,1440709809142,"7,841",100% bearish,of 1 rating,$14.50
ALXN,$179.82,1440709809169,"1,199,492",88% bullish,of 8 ratings,$223
ABDC,$12.21,1440709809189,"91,352",Not yet rated,NULL,$15
ALCO,$42.3,1440709809393,"4,230",50% bullish,of 2 ratings,N/A
ALLB,$22.79,1440709809548,200,Not yet rated,NULL,N/A
ALGN,$56.82,1440709809574,"267,499",100% bearish,of 2 ratings,$73
ALKS,$61.17,1440709809603,"377,025",67% bullish,of 3 ratings,$75
ALGT,$209.79,1440709809624,"180,748",100% bearish,of 2 ratings,$235
AIQ,$13.6,1440709809656,"8,402",67% bullish,of 3 ratings,N/A
ALIM,$3.37,1440709809770,"59,425",80% bullish,of 5 ratings,$10
ARLP,$24.64,1440709809953,"264,835",67% bearish,of 3 ratings,$32
AMOT,$18.57,1440709809984,"59,105",100% bearish,of 1 rating,N/A
AHPI,$1.45,1440709810012,604,50% bullish,of 2 ratings,N/A
ALQA,$4.31,1440709810039,"5,131",75% bullish,of 4 ratings,$8.50
AHGP,$36.21,1440709810087,"161,356",67% bullish,of 3 ratings,N/A
AFOP,$18.7,1440709810114,"137,332",75% bullish,of 8 ratings,$21
ALLT,$5.025,1440709810279,"55,914",75% bullish,of 4 ratings,$6.25
AFAM,$45.45,1440709810359,"46,292",50% bullish,of 2 ratings,$44
MDRX,$13.68,1440709810387,"1,256,781",60% bullish,of 5 ratings,$16
SMCP,NULL,1440709810450,0,Not yet rated,NULL,N/A
ALNY,$104.9,1440709810519,"354,061",67% bullish,of 3 ratings,$148.50
AOSL,$7.22,1440709810546,"54,865",67% bullish,of 3 ratings,$9
ATEC,$0.57,1440709810567,"46,780",100% bullish,of 1 rating,$2
ALTR,$48.62,1440709810826,"2,269,701",80% bearish,of 5 ratings,$54
AIMC,$24.66,1440709810882,"67,041",100% bearish,of 2 ratings,$28.50
AMAG,$65.99,1440709810912,"403,919",100% bullish,of 2 ratings,$77.50
AMRN,$2.09,1440709810933,"1,590,636",85% bullish,of 39 ratings,$8
ASPS,$25.76,1440709810967,"215,620",67% bullish,of 3 ratings,$46.50
AMRK,NULL,1440709810988,0,50% bullish,of 2 ratings,$14
AMZN,$518.2,1440709811019,"3,976,441",81% bullish,of 264 ratings,$646
AMBA,$91.3,1440709811369,"1,900,186",83% bullish,of 12 ratings,$102.50
AMBC,$15.97,1440709811409,"218,211",100% bearish,of 1 rating,$16.50
AYA,$20.58,1440709811461,"33,984",100% bearish,of 1 rating,$40
AMCX,$72.79,1440709811563,"683,124",67% bullish,of 3 ratings,$87.50
AMBCW,$7.75,1440709811588,"25,933",100% bearish,of 1 rating,N/A
DOX,$57.75,1440709811617,"401,467",67% bearish,of 3 ratings,$60
EPAX,$2.69,1440709811643,"18,600",100% bearish,of 1 rating,N/A
AMDA,$0.4835,1440709811668,"793,529",90% bullish,of 10 ratings,$1
AMED,$38.98,1440709811866,"181,422",100% bearish,of 1 rating,$42
UHAL,$373.05,1440709811898,"12,011",100% bullish,of 2 ratings,$393.50
ASBI,$22.63,1440709811926,"4,537",Not yet rated,NULL,N/A
ATAX,$5.18,1440709811953,"55,519",100% bullish,of 1 rating,$6.50
AAL,$39.07,1440709812032,"8,575,928",93% bullish,of 88 ratings,$57
AMOV,$18.41,1440709812081,"3,745",100% bearish,of 1 rating,N/A
AGNC,$19.5539,1440709812110,"2,138,278",71% bullish,of 28 ratings,$22
AGNCB,$24.23,1440709812211,"16,640",Not yet rated,NULL,N/A
MTGEP,$24.5,1440709812406,"1,231",Not yet rated,NULL,N/A
MTGE,$15.56,1440709812474,"298,318",75% bullish,of 4 ratings,$19.50
AGNCP,$25.25,1440709812507,"4,400",Not yet rated,NULL,N/A
ACSF,$12.16,1440709812606,"47,653",100% bearish,of 1 rating,$15
ACAS,$13.6322,1440709812634,"1,370,003",60% bullish,of 5 ratings,$16.75
AETI,$3.49,1440709812663,"14,169",67% bearish,of 3 ratings,N/A
AMIC,$10.01,1440709812688,"1,768",Not yet rated,NULL,N/A
ANCI,$1.52,1440709812768,350,100% bearish,of 1 rating,N/A
AMNB,$23.22,1440709812991,"8,993",Not yet rated,NULL,$25.50
APEI,$21.89,1440709813486,"71,859",100% bearish,of 1 rating,$25.50
ARII,$38.64,1440709813539,"374,705",67% bearish,of 3 ratings,$45
ANAT,$100.8302,1440709813575,"14,552",100% bullish,of 1 rating,N/A
AMRB,$10.06,1440709813795,"1,779",Not yet rated,NULL,$11
AMSWA,$8.39,1440709813832,"48,154",100% bearish,of 2 ratings,$10.75
ASEI,$37.98,1440709813961,"34,541",100% bearish,of 1 rating,$52.50
AMSC,$4.51,1440709814418,"166,147",50% bullish,of 4 ratings,N/A
CRMT,$36.12,1440709814850,"44,029",100% bearish,of 1 rating,$39
ABCB,$26.67,1440709814888,"85,858",Not yet rated,NULL,$31
AMWD,$66.44,1440709815019,"90,829",50% bullish,of 2 ratings,$70
AMGN,$156,1440709815151,"3,322,689",89% bullish,of 19 ratings,$185
ASRV,$3.3,1440709815294,"1,376",100% bullish,of 2 ratings,N/A
AMSF,$46.85,1440709815319,"49,657",Not yet rated,NULL,$57.50
ATLO,$24.29,1440709815458,"6,848",Not yet rated,NULL,N/A
FOLD,$14.85,1440709815590,"881,881",56% bullish,of 9 ratings,$21
ASRVP,NULL,1440709815625,0,Not yet rated,NULL,N/A
AMKR,$5.05,1440709815654,"1,184,729",100% bearish,of 2 ratings,$5
AMPH,$13.81,1440709815725,"154,484",50% bullish,of 2 ratings,$20
AMSGP,$151.88,1440709815751,111,Not yet rated,NULL,N/A
AMSG,$80.39,1440709815882,"265,359",100% bearish,of 1 rating,$85.50
ASYS,$5.4,1440709815946,"44,893",67% bullish,of 3 ratings,$12
AFSI,$58.7718,1440709816181,"294,367",60% bullish,of 5 ratings,$72
ANAD,$0.32,1440709816280,"257,880",100% bullish,of 2 ratings,$.50
ANAC,$133.62,1440709816306,"320,755",80% bullish,of 5 ratings,$180.50
ADI,$56.48,1440709816338,"3,067,000",67% bullish,of 3 ratings,$69
ABCW,$41.29,1440709816446,"12,052",67% bullish,of 3 ratings,N/A
AMRS,$1.7,1440709816531,"56,333",70% bullish,of 10 ratings,N/A
ANCB,$22.1,1440709816591,"1,200",Not yet rated,NULL,$23
ALOG,$78.99,1440709816623,"59,340",100% bearish,of 2 ratings,$100.50
AMCF,$0.25,1440709816644,"1,100",100% bullish,of 7 ratings,N/A
ANGI,$5.07,1440709816723,"634,018",64% bullish,of 11 ratings,$5.50
ANGO,$14.58,1440709816892,"121,007",67% bullish,of 3 ratings,$19
ANSS,$89.79,1440709816918,"275,863",100% bearish,of 1 rating,$100
ANIP,$50.09,1440709816948,"153,343",89% bullish,of 19 ratings,$66
ATRS,$1.71,1440709817048,"453,364",92% bullish,of 12 ratings,$4.50
ANIK,$35.61,1440709817108,"120,676",60% bullish,of 5 ratings,$51.25
ANTH,$7.55,1440709817133,"671,660",80% bullish,of 10 ratings,$13
ABAC,$0.788,1440709817271,"8,241",100% bearish,of 1 rating,N/A
APIC,$7.41,1440709817299,"123,570",100% bearish,of 1 rating,$19
APOG,$50.76,1440709817371,"139,516",50% bullish,of 2 ratings,$67
ATNY,$2.34,1440709817428,"2,800",50% bullish,of 2 ratings,$3.75
APOL,$11.19,1440709817504,"880,950",87% bearish,of 68 ratings,$14
APPF,$17,1440709817534,"50,686",50% bullish,of 2 ratings,$22
AAPL,$112.83,1440709817635,"50,166,510",86% bullish,of 2350 ratings,$150
AINV,$6.57,1440709817660,"787,516",50% bullish,of 4 ratings,$8
ARCI,NULL,1440709817684,0,Not yet rated,NULL,N/A
AMAT,$15.94,1440709818008,"12,287,123",82% bullish,of 11 ratings,$23
AMCC,$5.66,1440709818136,"521,821",80% bullish,of 5 ratings,$8
APDN,$3.37,1440709818173,"40,036",Not yet rated,NULL,$9
APDNW,$1.24,1440709818241,"5,400",Not yet rated,NULL,N/A
AREX,$2.05,1440709818306,"867,468",100% bearish,of 1 rating,$3
AGTC,$15.9,1440709818332,"72,329",50% bullish,of 2 ratings,$33
APRI,$1.27,1440709818408,"46,272",83% bullish,of 6 ratings,$4.86
AAOI,$20.49,1440709818462,"221,339",50% bullish,of 4 ratings,$26
APTO,$5.08,1440709818487,"9,391",Not yet rated,NULL,$17
AQMS,$4.92,1440709818645,"19,383",Not yet rated,NULL,N/A
AUMAU,$10,1440709818704,"8,316",Not yet rated,NULL,N/A
AUMA,NULL,1440709818732,0,Not yet rated,NULL,N/A
AQXP,$17.3199,1440709818836,"352,440",50% bullish,of 2 ratings,$2
AUMAW,NULL,1440709818861,0,Not yet rated,NULL,N/A
PETX,$17.55,1440709818994,"222,429",100% bearish,of 2 ratings,$26
ARDM,NULL,1440709819037,0,100% bullish,of 1 rating,$26
ABUS,$7.27,1440709819073,"321,644",86% bullish,of 14 ratings,$23
ABIO,$0.896,1440709819207,"75,359",50% bullish,of 2 ratings,$3.75
ARCW,$3.51,1440709819233,"15,769",100% bearish,of 2 ratings,$10.50
ARCB,$28.99,1440709819315,"167,641",67% bearish,of 3 ratings,$39.50
RKDA,$6.08,1440709819375,"19,172",100% bearish,of 2 ratings,$10
ACGL,$68.0036,1440709819456,"385,734",50% bullish,of 2 ratings,$72
ACAT,$26.07,1440709819516,"118,678",100% bearish,of 3 ratings,$33
ARDX,$17.63,1440709819547,"99,765",50% bullish,of 2 ratings,$24.50
ARCC,$15.2861,1440709819650,"1,133,827",67% bearish,of 3 ratings,$17.875
ARNA,$2.65,1440709819679,"2,549,015",90% bullish,of 77 ratings,$5.50
AGIIL,$25.68,1440709819807,"4,509",Not yet rated,NULL,N/A
AGII,$55.4,1440709819839,"112,289",Not yet rated,NULL,$59.50
ARIS,$4.02,1440709819889,"60,489",Not yet rated,NULL,$4.50
ARGS,$6.2,1440709819949,"37,810",50% bullish,of 2 ratings,$19.50
ARIA,$6.98,1440709819976,"2,047,159",87% bullish,of 46 ratings,$9
ARMH,$42.72,1440709820118,"2,111,605",54% bearish,of 13 ratings,$61
ARKR,$25.45,1440709820180,204,50% bullish,of 2 ratings,N/A
ARWA,NULL,1440709820349,0,Not yet rated,NULL,N/A
ARWAR,NULL,1440709820379,0,Not yet rated,NULL,N/A
ARTX,$1.45,1440709820405,"68,893",88% bullish,of 16 ratings,$4.50
ARWAU,NULL,1440709820479,0,100% bullish,of 1 rating,N/A
ARRY,$5.84,1440709820536,"1,017,937",100% bullish,of 7 ratings,$10
ARWAW,$0.125,1440709820639,"9,610",Not yet rated,NULL,N/A
ARQL,$1.76,1440709820665,"120,610",75% bullish,of 4 ratings,$5
ARRS,$26.33,1440709820747,"626,120",50% bullish,of 2 ratings,$38
AROW,$27.16,1440709820826,"11,329",Not yet rated,NULL,N/A
DWAT,$9.9,1440709820855,"2,900",100% bearish,of 1 rating,N/A
ARWR,$5.67,1440709820928,"547,914",75% bullish,of 4 ratings,$10.50
ARTW,$4.29,1440709820954,603,75% bearish,of 4 ratings,N/A
ARTNA,$22.13,1440709821037,"18,523",100% bearish,of 1 rating,$29
ASBB,$24.38,1440709821185,103,Not yet rated,NULL,N/A
ASNA,$11.67,1440709821215,"1,748,486",50% bullish,of 2 ratings,$18
ASTI,$0.1225,1440709821294,"1,628,304",83% bullish,of 6 ratings,$3
ASND,$20.05,1440709821325,"59,707",100% bullish,of 1 rating,$30
ASCMA,$26.85,1440709821350,"89,419",100% bearish,of 1 rating,$45
ASMI,NULL,1440709821424,0,NULL,NULL,NULL
APWC,$1.63,1440709821583,"7,363",100% bearish,of 1 rating,N/A
ASML,$91.91,1440709821615,"978,999",50% bullish,of 4 ratings,$127
AZPN,$37.61,1440709821715,"627,206",50% bullish,of 2 ratings,$42
ASTE,$36.84,1440709821766,"82,136",100% bearish,of 1 rating,$48
ASFI,$8.91,1440709821796,"4,215",100% bullish,of 1 rating,N/A
ASMB,$12.97,1440709821900,"50,450",67% bullish,of 3 ratings,N/A
ALOT,$13.97,1440709821939,"1,758",100% bearish,of 1 rating,N/A
ASTC,$1.99,1440709822099,"24,455",100% bullish,of 5 ratings,N/A
ATRO,$53.6,1440709822125,"113,324",100% bearish,of 2 ratings,$80
ATAI,$2.42,1440709822256,"2,222",100% bearish,of 1 rating,N/A
ASUR,$5.58,1440709822282,"12,950",50% bullish,of 2 ratings,$8
ATRA,$39.97,1440709822328,"138,811",50% bullish,of 2 ratings,$68
ATHN,$134.56,1440709822421,"218,652",67% bearish,of 3 ratings,$153
ATHX,$1.14,1440709822477,"135,051",89% bullish,of 9 ratings,$5
AAPC,$10.1,1440709822522,24,Not yet rated,NULL,N/A
AFCB,$27.3,1440709822559,300,Not yet rated,NULL,N/A
ATNI,$70.91,1440709822656,"56,835",100% bearish,of 1 rating,$69.50
ATLC,$3.95,1440709822790,302,67% bullish,of 3 ratings,N/A
AAME,$3.57,1440709822818,"3,270",Not yet rated,NULL,N/A
ACFC,$5.42,1440709822850,"49,556",100% bearish,of 1 rating,$6.50
AAWW,$41.18,1440709822890,"320,505",50% bullish,of 2 ratings,$65
AFH,$16.32,1440709822958,"56,873",Not yet rated,NULL,$21.50
ATML,$8.08,1440709822991,"3,785,705",78% bullish,of 9 ratings,$9.50
ATOS,$0.7375,1440709823226,"82,430",100% bullish,of 7 ratings,$7
ATRC,$26.27,1440709823281,"197,364",100% bullish,of 1 rating,$30
ATTU,$13.26,1440709823308,"24,176",100% bearish,of 1 rating,$20.50
LIFE,$15.55,1440709823335,"26,161",86% bullish,of 7 ratings,$43
ATRI,$388.69,1440709823361,"8,225",Not yet rated,NULL,N/A
ATRM,$2.8,1440709823382,"11,305",50% bullish,of 2 ratings,N/A
AUBN,$26.51,1440709823544,800,Not yet rated,NULL,N/A
AUDC,$3.35,1440709823607,"113,022",80% bullish,of 5 ratings,$5
AUPH,$3.03,1440709823637,"16,550",100% bearish,of 1 rating,$8
EARS,$4.91,1440709823771,"5,396",100% bearish,of 2 ratings,$11.50
ADAT,$0.358,1440709823799,"446,415",100% bullish,of 2 ratings,N/A
ADP,$78.03,1440709824030,"2,050,674",100% bearish,of 1 rating,$88
AVGO,$126.21,1440709824087,"5,101,833",88% bullish,of 8 ratings,$165
ADSK,$47.02,1440709824116,"4,934,729",67% bullish,of 6 ratings,$69.50
AAVL,$10.67,1440709824162,"263,914",100% bearish,of 1 rating,$20
AVNU,$12.37,1440709824189,"12,006",Not yet rated,NULL,$14
ABTL,$18.01,1440709824213,"122,024",100% bullish,of 4 ratings,$20.25
AVEO,$1.4,1440709824267,"643,827",75% bullish,of 8 ratings,$3
AVNW,$1.13,1440709824451,"81,019",50% bullish,of 2 ratings,$2.20
AVGR,$14.19,1440709824476,"16,548",100% bearish,of 1 rating,$20
CAR,$43.14,1440709824501,"1,454,049",80% bullish,of 5 ratings,$60
AVID,$8.22,1440709824535,"318,201",100% bearish,of 1 rating,$20
AWRE,$3.2,1440709824632,"11,992",67% bullish,of 3 ratings,N/A
ACLS,$3.15,1440709824657,"432,782",67% bullish,of 6 ratings,$4.75
AXPW,$1.07,1440709824992,"87,679",83% bullish,of 6 ratings,N/A
AXGN,$4.3,1440709825890,"95,044",Not yet rated,NULL,$5
AXPWW,NULL,1440709825925,0,Not yet rated,NULL,N/A
AXTI,$2.14,1440709825950,"14,777",50% bullish,of 2 ratings,$2.75
RILY,$9.78,1440709825977,600,Not yet rated,NULL,N/A
BIDU,$152.65,1440709825998,"3,128,968",81% bullish,of 88 ratings,$210
BOSC,$2.24,1440709826131,"5,601",50% bullish,of 2 ratings,N/A
BWINB,$22.97,1440709826160,"8,534",Not yet rated,NULL,N/A
BCOM,$18.39,1440709826186,"1,425",100% bearish,of 1 rating,N/A
BEAV,$49.12,1440709826264,"834,663",67% bearish,of 3 ratings,$59
BCPC,$57.78,1440709826350,"122,145",100% bearish,of 1 rating,$75
BANFP,NULL,1440709826390,0,Not yet rated,NULL,N/A
BKMU,$7.01,1440709826417,"113,184",Not yet rated,NULL,$8
BANF,$59.93,1440709826550,"11,765",Not yet rated,NULL,$68
BWINA,NULL,1440709826576,0,Not yet rated,NULL,N/A
BOCH,$5.81,1440709826597,"17,461",Not yet rated,NULL,$6.50
BLDP,$1.24,1440709826626,"356,568",91% bullish,of 22 ratings,$2.50
BMRC,$48.06,1440709826865,"12,630",Not yet rated,NULL,$52
BKSC,$16.5,1440709826952,"7,796",Not yet rated,NULL,N/A
BOTJ,$11.1,1440709827013,917,Not yet rated,NULL,N/A
TAPR,$33.03,1440709827039,570,100% bearish,of 1 rating,N/A
BFIN,$12.08,1440709827066,"24,622",Not yet rated,NULL,$13
BWFG,$18,1440709827095,"3,002",100% bearish,of 1 rating,N/A
BANR,$43.56,1440709827126,"53,236",100% bullish,of 3 ratings,$50
OZRK,$41.6,1440709827194,"495,089",67% bullish,of 3 ratings,$49.50
BHAC,$9.81,1440709827289,"2,700",Not yet rated,NULL,N/A
BZUN,$5.18,1440709827355,"314,819",50% bullish,of 2 ratings,$11.50
BHACU,NULL,1440709827499,0,Not yet rated,NULL,N/A
BHACR,NULL,1440709827597,0,Not yet rated,NULL,N/A
BHACW,$0.135,1440709827623,"2,402",Not yet rated,NULL,N/A
BBSI,$34.58,1440709827650,"58,473",67% bearish,of 3 ratings,$62.50
BSET,$28.45,1440709827683,"36,390",100% bearish,of 1 rating,$35
BYBK,$4.88,1440709827784,200,100% bearish,of 1 rating,N/A
BYLK,$12.98,1440709827876,505,Not yet rated,NULL,$14
BBCN,$14.31,1440709827903,"307,249",100% bearish,of 1 rating,$16
BV,$5.05,1440709827929,"391,590",67% bullish,of 6 ratings,$9
BDCV,$4.85,1440709828062,"35,589",100% bearish,of 1 rating,$10.19
BCBP,$11.62,1440709828098,505,Not yet rated,NULL,N/A
BECN,$35.28,1440709828138,"350,846",50% bullish,of 2 ratings,$40
BSF,$8.64,1440709828226,"13,423",Not yet rated,NULL,N/A
BBGI,$4.1616,1440709828318,300,100% bullish,of 1 rating,N/A
BEBE,$1.87,1440709828422,"163,288",75% bullish,of 4 ratings,$3.075
BBBY,$62.5,1440709828453,"2,179,176",71% bullish,of 7 ratings,$75
BNCL,$12.47,1440709828527,"306,099",100% bullish,of 3 ratings,$12.50
BELFA,NULL,1440709828556,0,100% bearish,of 1 rating,N/A
BLPH,$5.09,1440709828583,"13,236",100% bearish,of 1 rating,$12.50
BLCM,$17.33,1440709828610,"144,702",50% bullish,of 4 ratings,$40
BELFB,$17.77,1440709828633,"32,842",100% bearish,of 1 rating,N/A
BNFT,$34.62,1440709828782,"123,902",67% bullish,of 3 ratings,$46
BNTC,$8.25,1440709828812,"28,993",100% bullish,of 1 rating,N/A
BGMD,$0.752,1440709828941,"142,326",100% bullish,of 10 ratings,N/A
BGCP,$8.85,1440709828968,"1,534,849",88% bullish,of 8 ratings,$14
BIND,$4.43,1440709829024,"66,563",75% bullish,of 4 ratings,$13.50
BGFV,$10.93,1440709829050,"124,386",57% bullish,of 7 ratings,$12
ORPN,$5.61,1440709829071,"31,350",100% bullish,of 1 rating,$28.50
BIOC,$1.95,1440709829350,"337,605",83% bullish,of 6 ratings,$3.85
BCDA,NULL,1440709829385,0,Not yet rated,NULL,N/A
BCRX,$11.21,1440709829413,"404,240",63% bullish,of 8 ratings,$18
BIOD,$0.6692,1440709829434,"83,997",80% bullish,of 5 ratings,$4
BDSI,$6.64,1440709829470,"740,216",88% bullish,of 8 ratings,$17
BIIB,$304.49,1440709829499,"1,727,629",88% bullish,of 16 ratings,$400
BLFS,$2.02,1440709829576,"17,935",100% bearish,of 1 rating,$4.75
BASI,$1.64,1440709829634,500,Not yet rated,NULL,N/A
BIOL,$1.43,1440709829710,"30,831",Not yet rated,NULL,N/A
BLRX,$1.36,1440709829839,"75,990",100% bullish,of 12 ratings,$5
BMRN,$130.89,1440709829865,"613,406",80% bullish,of 5 ratings,$160
BRLI,NULL,1440709829929,0,NULL,NULL,NULL
BPTH,$1.07,1440709829993,"46,305",100% bullish,of 2 ratings,$5
BVXV,$3.62,1440709830018,"1,750",Not yet rated,NULL,N/A
BVXVW,$0.701,1440709830075,"6,400",100% bearish,of 1 rating,N/A
BBC,$31.07,1440709830100,"9,522",Not yet rated,NULL,N/A
BBP,$32.9,1440709830238,"18,809",Not yet rated,NULL,N/A
BSTC,$49.99,1440709830265,"60,860",100% bearish,of 1 rating,$76
BIOS,$2.35,1440709830344,"811,449",71% bullish,of 7 ratings,$4
BOTA,$2.14,1440709830446,"19,799",88% bullish,of 8 ratings,N/A
TECH,$96.5,1440709830467,"219,414",100% bullish,of 1 rating,$117
BSPM,$0.6789,1440709830496,"12,275",50% bullish,of 2 ratings,N/A
BEAT,$14.52,1440709830543,"763,842",67% bearish,of 3 ratings,$15
BITI,$16.95,1440709830568,"10,918",100% bullish,of 1 rating,$28
BDMS,$12.65,1440709830643,"3,847",100% bearish,of 1 rating,N/A
BBOX,$14.85,1440709830775,"140,057",100% bearish,of 1 rating,N/A
BBRY,$7.18,1440709830853,"3,893,474",61% bullish,of 330 ratings,$9
BLKB,$57.74,1440709830910,"165,965",100% bearish,of 2 ratings,$66
BJRI,$44.39,1440709830936,"215,537",50% bullish,of 2 ratings,$55
HAWK,$40.59,1440709830989,"474,072",91% bullish,of 11 ratings,$49
BKCC,$9.3427,1440709831014,"461,285",50% bullish,of 2 ratings,$10
BDE,$7.4,1440709831141,"166,054",50% bullish,of 2 ratings,$9
ADRA,$27.3825,1440709831178,398,100% bearish,of 1 rating,N/A
ADRD,$21.88,1440709831241,"11,193",100% bearish,of 1 rating,N/A
ADRE,$30.21,1440709831309,"178,659",100% bearish,of 1 rating,N/A
ADRU,$21.76,1440709831374,"3,662",100% bearish,of 1 rating,N/A
BLMN,$20.07,1440709831399,"1,008,709",83% bullish,of 6 ratings,$27.50
BCOR,$13.66,1440709831556,"185,320",57% bullish,of 7 ratings,$15
BLBD,$11.8,1440709831582,"25,996",Not yet rated,NULL,N/A
BBLU,$0.79,1440709831624,"91,250",100% bullish,of 2 ratings,$4.43
BUFF,$26.05,1440709831711,"147,572",83% bullish,of 12 ratings,$31.50
BLUE,$133.36,1440709832279,"343,908",71% bullish,of 7 ratings,$217.50
BHBK,$13.82,1440709832309,"61,734",100% bullish,of 1 rating,$14.50
BKEPP,$7.6,1440709832339,"5,423",100% bearish,of 1 rating,N/A
NILE,$33.61,1440709832408,"128,696",50% bullish,of 2 ratings,$34
BKEP,$6.24,1440709832435,"26,149",100% bearish,of 1 rating,$8.50
BPMC,$26.87,1440709832474,"55,624",50% bullish,of 2 ratings,$47.50
BOFI,$121.5,1440709833024,"157,390",100% bullish,of 6 ratings,$144
BNCN,$20.33,1440709833051,"89,525",Not yet rated,NULL,$24
BOBE,$43.65,1440709833073,"129,592",75% bullish,of 4 ratings,$57
WIFI,$7.5,1440709833094,"138,869",50% bullish,of 2 ratings,$13.50
BOJA,$21.34,1440709833126,"167,384",100% bullish,of 1 rating,$30
BOKF,$61.4423,1440709833258,"227,140",100% bearish,of 1 rating,$69
BNSO,$1.2901,1440709833404,"2,500",100% bearish,of 1 rating,N/A
EPAY,$26.67,1440709833435,"400,551",100% bearish,of 2 ratings,$30
BONA,$11.78,1440709833460,"114,609",75% bullish,of 4 ratings,$8.50
BPFHP,$25.07,1440709833494,"3,550",100% bearish,of 1 rating,N/A
BPFH,$11.79,1440709833515,"411,165",100% bearish,of 1 rating,$14
BAMM,$3.18,1440709833540,"9,447",60% bullish,of 5 ratings,N/A
BPFHW,NULL,1440709833576,0,100% bearish,of 1 rating,N/A
BDBD,$8.1,1440709833767,"624,710",60% bullish,of 5 ratings,$10
BCLI,$2.9,1440709833809,"33,209",80% bullish,of 5 ratings,$12
BBRG,$12.43,1440709833871,"68,562",67% bullish,of 3 ratings,$14.50
BBEP,$2.63,1440709834115,"2,028,062",69% bullish,of 13 ratings,$5.625
BRID,$8.8,1440709834145,100,100% bearish,of 1 rating,N/A
BLIN,$1.31,1440709834166,"4,390",100% bullish,of 2 ratings,$2.20
BBEPP,$13.7,1440709834187,"26,059",100% bearish,of 1 rating,N/A
BRCM,$51.65,1440709834227,"5,195,791",75% bullish,of 12 ratings,$56
BDGE,$26.25,1440709834249,"13,808",Not yet rated,NULL,$31.75
BCOV,$5.22,1440709834271,"124,453",67% bullish,of 3 ratings,$10.20
BYFC,NULL,1440709834299,0,50% bullish,of 2 ratings,N/A
BVSN,$6,1440709834442,"48,115",60% bearish,of 5 ratings,N/A
BSFT,$31.46,1440709834467,"303,586",57% bullish,of 7 ratings,$40.50
BRCD,$10.5986,1440709834493,"3,271,590",92% bullish,of 13 ratings,$11.50
BWEN,$3.12,1440709834522,"27,731",100% bullish,of 3 ratings,$8
BRKL,$10.5,1440709834627,"290,742",100% bearish,of 1 rating,$10.75
BRKS,$10.26,1440709834835,"123,784",67% bullish,of 3 ratings,$15.25
BMTC,$29.14,1440709834908,"63,189",Not yet rated,NULL,$34
BRKR,$18.73,1440709834964,"417,653",100% bearish,of 2 ratings,$22
BLMT,$20.67,1440709834989,"8,301",Not yet rated,NULL,N/A
BWLD,$195.64,1440709835014,"243,604",82% bullish,of 11 ratings,$205
BSQR,$6.1278,1440709835039,"49,932",67% bullish,of 3 ratings,N/A
BLDR,$14.36,1440709835449,"1,044,667",67% bullish,of 3 ratings,$22
BUR,$1.83,1440709835470,"6,726",100% bearish,of 1 rating,$8
CFFI,$35.04,1440709835508,"1,106",100% bearish,of 1 rating,N/A
CA,$27.13,1440709835600,"2,006,154",50% bullish,of 4 ratings,$33
CDNS,$19.94,1440709835625,"1,692,743",75% bullish,of 4 ratings,$22.50
CCMP,$43.39,1440709835650,"91,049",50% bullish,of 2 ratings,$59
CDZI,$7.71,1440709835827,"60,982",100% bearish,of 1 rating,N/A
CHRW,$67.82,1440709835859,"960,853",Not yet rated,NULL,$72
CZR,$8.71,1440709835961,"2,921,336",60% bearish,of 5 ratings,$10.50
CACQ,$7.29,1440709835989,"72,416",100% bearish,of 1 rating,$12.25
PRSS,$4.42,1440709836023,"9,941",80% bullish,of 5 ratings,$4.50
CLBS,$1.36,1440709836059,"159,700",79% bullish,of 14 ratings,$4
CLMS,$10.57,1440709836088,"62,714",Not yet rated,NULL,$10.50
CSTE,$40.62,1440709836116,"412,917",50% bullish,of 2 ratings,$65
CHY,$11.39,1440709836270,"225,444",Not yet rated,NULL,N/A
CHI,$10.63,1440709836403,"187,771",100% bearish,of 1 rating,N/A
CCD,$18.84,1440709836428,"189,863",Not yet rated,NULL,N/A
CFGE,$10.57,1440709836453,"1,210",Not yet rated,NULL,N/A
CGO,$12.19,1440709836583,"18,843",100% bearish,of 1 rating,N/A
CSQ,$9.96,1440709836613,"286,773",Not yet rated,NULL,N/A
CHW,$7.68,1440709836634,"190,252",100% bearish,of 1 rating,N/A
CAMP,$16.34,1440709836675,"333,745",88% bullish,of 8 ratings,$25
CALA,$5.59,1440709836767,"563,777",100% bullish,of 3 ratings,$19.50
CFNB,$13.31,1440709836794,465,100% bearish,of 1 rating,N/A
CVGW,$60.5,1440709836819,"183,182",50% bullish,of 2 ratings,$58.50
CALD,$15.51,1440709836870,"378,524",100% bearish,of 1 rating,$21
CALM,$50.42,1440709837015,"429,884",80% bullish,of 5 ratings,$65
CLMT,$25.61,1440709837042,"233,515",75% bullish,of 8 ratings,$31
ABCD,$5.15,1440709837064,"123,524",83% bullish,of 6 ratings,N/A
CAMB,$10.05,1440709837207,200,Not yet rated,NULL,N/A
CAMBU,NULL,1440709837235,0,100% bearish,of 1 rating,N/A
CAMBW,NULL,1440709837338,0,Not yet rated,NULL,N/A
CAC,$40.64,1440709837404,"5,347",Not yet rated,NULL,N/A
CAMT,$2.64,1440709837431,"40,687",73% bullish,of 11 ratings,$4
CSIQ,$18.2501,1440709837476,"1,888,385",86% bullish,of 28 ratings,$42.50
CPHC,NULL,1440709837510,0,100% bearish,of 1 rating,N/A
CGIX,$9.74,1440709837531,"45,317",67% bullish,of 3 ratings,$14.375
CBNJ,$10.85,1440709837604,"16,013",100% bullish,of 1 rating,N/A
CPLA,$48.03,1440709837663,"125,694",67% bearish,of 3 ratings,$65
CBF,$29.01,1440709837747,"721,254",Not yet rated,NULL,$32
CCBG,$14.77,1440709837878,"9,973",Not yet rated,NULL,$17.25
CPLP,$6.88,1440709837907,"396,312",71% bullish,of 7 ratings,$11
CPTA,$13.91,1440709838039,"38,276",100% bearish,of 1 rating,$18.50
CSWC,$45.75,1440709838072,"7,020",Not yet rated,NULL,N/A
CAPN,$2.24,1440709838119,"338,326",100% bullish,of 1 rating,$10.85
CFFN,$12.01,1440709838146,"427,871",Not yet rated,NULL,$12.75
CAPR,$4.32,1440709838181,"23,464",Not yet rated,NULL,$12
CAPNW,$0.6969,1440709838201,100,Not yet rated,NULL,N/A
CPST,$0.371,1440709838275,"513,824",95% bullish,of 22 ratings,$1.25
CARA,$19,1440709838408,"156,477",50% bullish,of 4 ratings,$25
CBYL,$5.09,1440709838437,"61,208",100% bearish,of 1 rating,$20
CARB,$11.22,1440709838458,"92,946",75% bullish,of 4 ratings,$12
CRDC,$0.3538,1440709838489,"88,404",100% bullish,of 1 rating,$1.25
CFNL,$21.85,1440709838672,"123,330",Not yet rated,NULL,$24
CRME,$8.81,1440709838698,"13,438",89% bullish,of 9 ratings,$11.25
CDNA,$6.95,1440709838851,"5,139",100% bearish,of 1 rating,$9
CSII,$24.01,1440709838911,"323,081",100% bearish,of 2 ratings,$42.125
CATM,$34.49,1440709839057,"161,073",100% bearish,of 1 rating,$44
CTRE,$11.47,1440709839127,"302,229",50% bullish,of 2 ratings,$13.50
CECO,$3.51,1440709839156,"292,426",67% bearish,of 3 ratings,$6
CLBH,$12.75,1440709839204,100,Not yet rated,NULL,$16.50
CART,$5.35,1440709839235,100,100% bearish,of 1 rating,N/A
CKEC,$23.37,1440709839267,"166,718",50% bullish,of 2 ratings,$35.915
CRZO,$32.51,1440709839333,"1,152,476",67% bearish,of 3 ratings,$55.50
CARO,$15.5,1440709839363,944,100% bearish,of 1 rating,$19
TAST,$12.57,1440709839515,"427,289",Not yet rated,NULL,$14.25
CRTN,$2.52,1440709839540,"5,363",100% bearish,of 1 rating,N/A
CARV,$7.16,1440709839598,"2,039",50% bullish,of 2 ratings,N/A
CASM,$1.13,1440709839627,"15,133",100% bullish,of 1 rating,$3.50
CACB,$5.28,1440709839729,"39,809",Not yet rated,NULL,$5.50
CSCD,$14.96,1440709839773,"32,713",100% bullish,of 2 ratings,$17
CWST,$6.1,1440709839920,"227,599",50% bullish,of 2 ratings,$7.25
CASI,$1.39,1440709839973,"8,556",100% bullish,of 1 rating,$3.50
CASY,$105.69,1440709839998,"316,220",50% bullish,of 2 ratings,$99.50
CASS,$48.08,1440709840028,"19,245",100% bearish,of 1 rating,N/A
CATB,$11.93,1440709840050,"12,868",100% bearish,of 1 rating,$28
CPRX,$3.66,1440709840183,"771,690",71% bullish,of 7 ratings,$7
CATY,$29.48,1440709840211,"645,065",100% bearish,of 1 rating,$33.50
CATYW,NULL,1440709840250,0,100% bearish,of 1 rating,N/A
CVCO,$70.18,1440709840277,"28,441",100% bearish,of 1 rating,N/A
CAVM,$69.04,1440709840354,"345,988",67% bearish,of 3 ratings,$72
CBFV,$20.9399,1440709840481,"4,000",Not yet rated,NULL,$25
CNLM,NULL,1440709840575,0,Not yet rated,NULL,N/A
CNLMU,NULL,1440709840612,0,100% bullish,of 1 rating,N/A
CNLMR,NULL,1440709840639,0,Not yet rated,NULL,N/A
CNLMW,NULL,1440709840671,0,Not yet rated,NULL,N/A
CBOE,$63.38,1440709840702,"399,891",Not yet rated,NULL,$60
CDK,$48.97,1440709840768,"343,984",67% bearish,of 3 ratings,$50
CDW,$40.1,1440709840795,"1,016,321",75% bullish,of 4 ratings,$44
CELG,$123.04,1440709841020,"3,843,959",92% bullish,of 13 ratings,$155.50
CECE,$9.48,1440709841047,"115,702",50% bullish,of 2 ratings,$16
CPXX,$2.06,1440709841076,"86,091",100% bullish,of 2 ratings,$7
CELGZ,$1.75,1440709841102,"20,100",80% bullish,of 5 ratings,N/A
CLDN,$1.07,1440709841179,"131,327",71% bullish,of 7 ratings,$3
CLDX,$15.11,1440709841251,"1,083,649",89% bullish,of 9 ratings,$36
CLRB,$3.09,1440709841308,831,100% bearish,of 1 rating,N/A
CLRBW,NULL,1440709841397,0,Not yet rated,NULL,N/A
CBMG,$22.85,1440709841443,"36,723",50% bullish,of 2 ratings,N/A
CLLS,$32.72,1440709841472,"84,888",75% bullish,of 4 ratings,$51.50
CLSN,$1.99,1440709841501,"72,942",80% bullish,of 10 ratings,$7.50
CLTX,$2.28,1440709841526,"620,587",100% bullish,of 2 ratings,N/A
CYAD,$49.01,1440709841554,"3,300",100% bullish,of 1 rating,$87.50
CEMP,$34.4,1440709841702,"460,203",71% bullish,of 7 ratings,$52
CETX,$2.35,1440709841834,"17,074",Not yet rated,NULL,$5.60
CSFL,$13.63,1440709841867,"135,220",Not yet rated,NULL,$15
CFBK,$1.37,1440709841911,890,Not yet rated,NULL,N/A
CETV,$2.09,1440709841962,"155,960",67% bullish,of 3 ratings,$2.80
CENT,$12.05,1440709841993,"133,053",Not yet rated,NULL,$10
CVCY,$11.25,1440709842069,"2,094",Not yet rated,NULL,$12
CENTA,$12.45,1440709842096,"227,315",Not yet rated,NULL,N/A
CENX,$5.42,1440709842176,"2,799,412",67% bullish,of 6 ratings,$9
CNTY,$5.71,1440709842228,"34,034",80% bullish,of 5 ratings,$7.75
CNBKA,$41.87,1440709842259,"1,664",50% bullish,of 2 ratings,N/A
CPHD,$49.33,1440709842289,"357,300",67% bearish,of 3 ratings,$66.50
CRNT,$1.37,1440709842358,"55,121",50% bullish,of 2 ratings,$2
CERE,$1.17,1440709842417,"174,674",88% bullish,of 8 ratings,N/A
CERN,$61.44,1440709842490,"1,822,402",67% bullish,of 3 ratings,$79
CERU,$3.53,1440709842548,"22,339",75% bullish,of 4 ratings,$15
KOOL,$0.625,1440709842764,"13,556",100% bullish,of 5 ratings,$7
CERS,$4.93,1440709842800,"570,979",75% bullish,of 4 ratings,$7
CYOU,$20.64,1440709842827,"100,130",50% bullish,of 6 ratings,$24
CEVA,$18.54,1440709842849,"70,212",100% bearish,of 1 rating,$25
HOTR,$1.52,1440709842883,"94,353",100% bullish,of 2 ratings,$5
HOTRW,$0.1607,1440709842913,550,Not yet rated,NULL,N/A
CTHR,$1.31,1440709842934,"14,874",50% bullish,of 2 ratings,$2.50
GTLS,$23.26,1440709842983,"237,277",50% bullish,of 4 ratings,$40
CHKP,$79.6995,1440709843162,"1,010,000",50% bullish,of 4 ratings,$92
CHFN,$12.42,1440709843191,"22,160",Not yet rated,NULL,$14
CHEK,$2.14,1440709843216,"11,138",Not yet rated,NULL,$7.75
CHTR,$180.3425,1440709843242,"575,963",100% bearish,of 2 ratings,$196
CHEKW,NULL,1440709843294,0,Not yet rated,NULL,N/A
CEMI,$3.98,1440709843509,"20,076",50% bullish,of 2 ratings,$7.50
CCXI,$6.89,1440709843591,"47,756",67% bullish,of 3 ratings,$14
CHKE,$25.96,1440709843624,"16,527",100% bearish,of 1 rating,$32.50
CHEV,$14.33,1440709843657,702,Not yet rated,NULL,N/A
CHMG,$26.47,1440709843678,102,Not yet rated,NULL,$30
CHFC,$31.08,1440709843698,"73,165",100% bearish,of 1 rating,$36
CHMA,$25.92,1440709843754,"63,629",Not yet rated,NULL,$40
CBNK,$16.35,1440709843829,203,100% bearish,of 1 rating,N/A
CMRX,$50.5,1440709844028,"258,549",50% bullish,of 2 ratings,$57
CADC,$3.03,1440709844054,"5,000",78% bullish,of 9 ratings,N/A
PLCE,$59.46,1440709844075,"241,374",100% bearish,of 1 rating,$69
CALI,$0.86,1440709844118,"2,623",67% bullish,of 3 ratings,N/A
CCCL,$0.765,1440709844302,"31,513",100% bullish,of 6 ratings,N/A
CAAS,$6.38,1440709844333,"35,653",93% bullish,of 14 ratings,$11.50
CBAK,$1.92,1440709844354,"17,994",67% bullish,of 9 ratings,N/A
JRJC,$3.54,1440709844391,"190,468",82% bullish,of 11 ratings,N/A
CBPO,$99.3467,1440709844413,"124,593",75% bullish,of 8 ratings,$140.50
CCCR,$0.71,1440709844445,"16,609",67% bearish,of 3 ratings,N/A
CHOP,$1.21,1440709844481,"1,634",50% bullish,of 2 ratings,N/A
HGSH,$1.67,1440709844577,"21,933",67% bullish,of 3 ratings,N/A
CNIT,$1.44,1440709844628,"102,896",67% bullish,of 6 ratings,N/A
CHLN,$2.05,1440709844708,"7,656",67% bullish,of 3 ratings,N/A
CJJD,$1.84,1440709844813,"41,684",100% bullish,of 1 rating,N/A
HTHT,$26.02,1440709844888,"111,693",50% bullish,of 2 ratings,$28.40
CHNR,$1.68,1440709844945,"1,316",100% bearish,of 1 rating,N/A
CPGI,$6.83,1440709845030,"1,044",Not yet rated,NULL,N/A
CREG,$0.7,1440709845058,"33,099",100% bullish,of 3 ratings,N/A
CSUN,$1.42,1440709845079,"30,929",80% bullish,of 5 ratings,N/A
CNYD,$3.52,1440709845211,"35,686",67% bullish,of 3 ratings,N/A
CNTF,$0.845,1440709845242,"116,574",Not yet rated,NULL,N/A
CXDC,$5.81,1440709845269,"54,864",67% bearish,of 3 ratings,N/A
CNET,$0.8699,1440709845341,"200,546",50% bullish,of 2 ratings,N/A
CHSCL,$26.95,1440709845422,"12,277",Not yet rated,NULL,N/A
CCIH,$6.47,1440709845450,"234,260",67% bullish,of 6 ratings,$12.65
CHSCM,$26.1,1440709845599,"19,610",Not yet rated,NULL,N/A
IMOS,$16.9627,1440709845631,"260,039",60% bullish,of 5 ratings,$21.50
CHSCN,$27.07,1440709845728,"7,851",Not yet rated,NULL,N/A
CHSCO,$28.21,1440709845865,"9,556",Not yet rated,NULL,N/A
CHSCP,$30.7,1440709845958,"8,106",Not yet rated,NULL,N/A
CHUY,$30.87,1440709846023,"178,079",50% bullish,of 2 ratings,$34
CIFC,$7.2,1440709846056,"3,514",100% bearish,of 1 rating,N/A
CHDN,$133.77,1440709846078,"34,171",Not yet rated,NULL,$165
CDTX,$14.44,1440709846121,"15,688",Not yet rated,NULL,$22
CMPR,$70.12,1440709846151,"286,472",50% bullish,of 2 ratings,$72.50
CMCT,$15.82,1440709846181,544,100% bearish,of 1 rating,N/A
CINF,$53.18,1440709846283,"627,146",50% bullish,of 4 ratings,$50.50
CIDM,$0.5601,1440709846331,"142,989",50% bullish,of 2 ratings,$2.10
CTAS,$85.5,1440709846412,"397,015",100% bearish,of 1 rating,$91
CPHR,$5.57,1440709846460,"7,861",100% bearish,of 1 rating,$17
CRUS,$30.14,1440709846603,"1,089,255",75% bullish,of 12 ratings,$44.50
CSCO,$26.17,1440709846631,"24,717,703",84% bullish,of 209 ratings,$32
CZWI,$8.95,1440709846760,218,Not yet rated,NULL,N/A
CIZN,$19.47,1440709846831,372,Not yet rated,NULL,N/A
CTRN,$26.75,1440709846863,"66,875",100% bearish,of 1 rating,$31.50
CZNC,$19.76,1440709846884,"14,111",Not yet rated,NULL,N/A
CZFC,$12.68,1440709846919,900,Not yet rated,NULL,N/A
CTXS,$69.59,1440709846941,"1,242,930",86% bullish,of 7 ratings,$80
CHCO,$47.26,1440709847020,"49,652",Not yet rated,NULL,$46
CIVB,$10.155,1440709847130,"2,338",Not yet rated,NULL,$11
CIVBP,NULL,1440709847159,0,Not yet rated,NULL,N/A
CDTI,$1.59,1440709847192,"127,149",75% bullish,of 4 ratings,$3.20
CLNE,$4.9,1440709847262,"1,289,582",80% bullish,of 15 ratings,$9
CLRO,$11.46,1440709847513,"6,625",50% bullish,of 2 ratings,$14.25
CLNT,$1.36,1440709847545,"13,661",75% bullish,of 8 ratings,N/A
CLIR,$4.45,1440709847569,"72,795",100% bullish,of 3 ratings,N/A
CSBK,$13.62,1440709847590,"75,465",Not yet rated,NULL,N/A
CBLI,$3.75,1440709847612,"17,413",60% bullish,of 5 ratings,N/A
CLFD,$16.81,1440709847636,"39,526",67% bullish,of 3 ratings,$18
CLVS,$76.08,1440709847681,"364,508",60% bullish,of 5 ratings,$101.50
CMFN,$11.7,1440709847767,"45,647",100% bearish,of 1 rating,$15.50
CME,$93.77,1440709847874,"1,190,694",67% bullish,of 3 ratings,$102
CISG,$7.79,1440709847934,"64,104",100% bullish,of 5 ratings,$10
CNV,$4.42,1440709848007,"60,373",50% bullish,of 2 ratings,$7.15
CCNE,$16.7,1440709848067,"10,538",50% bullish,of 2 ratings,$21.50
CWAY,$11.19,1440709848226,"3,752",Not yet rated,NULL,N/A
COBZ,$12.79,1440709848257,"49,976",100% bullish,of 1 rating,$14
CVLY,$20.53,1440709848308,"1,027",Not yet rated,NULL,N/A
CDRB,$12.88,1440709848359,"6,531",67% bullish,of 3 ratings,N/A
COKE,$155.83,1440709848385,"21,035",79% bullish,of 19 ratings,N/A
CDXS,$3.61,1440709848417,"27,892",64% bullish,of 11 ratings,$6
JVA,$4.64,1440709848515,"17,538",83% bullish,of 6 ratings,$7
CCOI,$27.35,1440709848649,"491,265",50% bullish,of 4 ratings,$35
CGNX,$35.11,1440709848677,"527,292",50% bullish,of 2 ratings,$47
CGNT,$1.5,1440709848702,"24,027",100% bullish,of 2 ratings,$2
CTSH,$63.8,1440709848727,"2,813,600",90% bullish,of 10 ratings,$75
COHR,$57.02,1440709848883,"84,263",50% bullish,of 2 ratings,$72
CHRS,$28.54,1440709848936,"155,948",67% bearish,of 3 ratings,$37
CLRX,$0.554,1440709849043,"38,505",50% bullish,of 2 ratings,N/A
COLL,$15.27,1440709849103,"37,457",100% bearish,of 1 rating,$26
CIGI,$43.21,1440709849135,"5,801",100% bearish,of 1 rating,$52
CLCT,$18.5,1440709849167,"18,255",100% bearish,of 1 rating,N/A
CBAN,$9,1440709849193,"1,100",Not yet rated,NULL,N/A
COHU,$9.43,1440709849214,"106,032",100% bearish,of 1 rating,$14.25
CLCD,$6.35,1440709849245,"26,214",100% bearish,of 1 rating,$20.50
COLB,$30.05,1440709849390,"215,228",Not yet rated,NULL,$36
CMCO,$18.38,1440709849566,"64,921",60% bullish,of 5 ratings,$28
COLM,$61.65,1440709849591,"94,363",100% bearish,of 1 rating,$71
CBMX,$1.09,1440709849621,"10,537",83% bullish,of 6 ratings,$3.15
CMCSK,$56.9647,1440709849726,"2,523,760",Not yet rated,NULL,$84
CMCSA,$56.73,1440709849831,"9,657,308",66% bullish,of 35 ratings,$69.50
CUBN,NULL,1440709849864,0,Not yet rated,NULL,N/A
CBSH,$44.7,1440709849885,"232,543",50% bullish,of 2 ratings,$46
CVGI,$4.88,1440709849915,"67,160",50% bullish,of 2 ratings,$6
CBSHP,$24.52,1440709849960,822,100% bearish,of 1 rating,N/A
COMM,$30.73,1440709850048,"883,625",67% bearish,of 3 ratings,$35
CSAL,$20.68,1440709850122,"386,935",75% bullish,of 4 ratings,$30
JCS,$9.08,1440709850182,205,67% bullish,of 3 ratings,N/A
ESXB,$5.1,1440709850283,"1,421",Not yet rated,NULL,N/A
CYHHZ,$0.01,1440709850327,"28,172",100% bullish,of 1 rating,N/A
CTBI,$34.61,1440709850383,"29,777",Not yet rated,NULL,$36
CWBC,$6.79,1440709850517,"5,104",Not yet rated,NULL,N/A
CVLT,$35.99,1440709850549,"420,952",75% bullish,of 4 ratings,$44.50
COB,$10.31,1440709850614,"14,917",100% bullish,of 1 rating,$11.75
CIL,$33.87,1440709850643,900,Not yet rated,NULL,N/A
CIZ,$33.47,1440709850693,"4,278",100% bearish,of 1 rating,N/A
CSA,NULL,1440709850821,0,Not yet rated,NULL,N/A
CID,$33.74,1440709850846,300,Not yet rated,NULL,N/A
CDC,$34.8,1440709850900,"15,134",Not yet rated,NULL,N/A
CSF,$36.21,1440709850982,"4,205",100% bearish,of 1 rating,N/A
CFO,$35.3,1440709851039,"14,239",100% bearish,of 1 rating,N/A
CFA,$35.71,1440709851114,"15,307",100% bearish,of 1 rating,N/A
CDL,NULL,1440709851141,0,Not yet rated,NULL,N/A
CPSI,$45.23,1440709851273,"56,189",100% bearish,of 1 rating,$45.50
CGEN,$4.88,1440709851313,"86,381",50% bullish,of 2 ratings,$11
CTG,$6.74,1440709851408,"38,772",100% bearish,of 1 rating,$8.50
CSB,NULL,1440709851435,0,Not yet rated,NULL,N/A
CHCI,$0.7201,1440709851456,"6,679",50% bullish,of 2 ratings,N/A
SCOR,$53.74,1440709851488,"240,671",100% bearish,of 1 rating,$66
CMTL,$25.29,1440709851618,"86,634",100% bearish,of 2 ratings,$37
CNSI,$18.73,1440709851702,"72,975",100% bearish,of 2 ratings,$29
CNAT,$3.68,1440709851767,"74,456",83% bullish,of 6 ratings,$13
CNCE,$15.59,1440709851835,"138,352",75% bullish,of 4 ratings,$22
CCUR,$4.68,1440709851976,"39,097",75% bullish,of 4 ratings,N/A
CXRX,$72.8,1440709852046,"3,800",100% bearish,of 1 rating,$90
CDOR,$1.32,1440709852070,"2,790",100% bullish,of 1 rating,N/A
CDORP,NULL,1440709852258,0,100% bearish,of 1 rating,N/A
CFMS,$19.24,1440709852286,"162,463",Not yet rated,NULL,$27
CDORO,$17,1440709852314,324,100% bearish,of 1 rating,N/A
CNFR,$10.49,1440709852411,"1,724",Not yet rated,NULL,N/A
CTWS,$34.56,1440709852444,"23,797",100% bearish,of 1 rating,$44
CNMD,$53.23,1440709852513,"124,508",Not yet rated,NULL,$59
CNOB,$19.52,1440709852538,"64,529",100% bullish,of 1 rating,$23.50
CNXR,$6.61,1440709852590,"261,044",100% bearish,of 1 rating,$12
CONN,$29.98,1440709852674,"374,810",67% bullish,of 3 ratings,$48.50
CNSL,$19.37,1440709852734,"235,604",100% bearish,of 1 rating,$23
CWCO,$10.39,1440709852760,"65,936",67% bullish,of 3 ratings,$14.50
CPSS,$5.73,1440709852887,"48,202",100% bullish,of 1 rating,$10
CTCT,$24.4,1440709852946,"177,740",67% bullish,of 3 ratings,$37
CFRX,$5.02,1440709852979,"16,064",Not yet rated,NULL,$14
CFRXZ,$0.5,1440709853038,"9,700",Not yet rated,NULL,N/A
CFRXW,$1.74,1440709853064,"1,829",100% bearish,of 1 rating,N/A
CTRL,$8.22,1440709853138,"131,817",50% bullish,of 2 ratings,$11
CTRV,$3.77,1440709853228,"5,545",Not yet rated,NULL,$6.40
CRBP,$1.93,1440709853286,"328,772",100% bullish,of 2 ratings,$6.25
CPRT,$34.72,1440709853313,"265,200",67% bearish,of 3 ratings,$40
BVA,NULL,1440709853452,0,50% bullish,of 2 ratings,N/A
CORI,$10.72,1440709853536,"59,756",100% bearish,of 1 rating,$18
CORE,$59.24,1440709853565,"124,139",100% bearish,of 1 rating,$72
CSOD,$36.02,1440709853608,"726,141",50% bullish,of 2 ratings,$42
CORT,$5.07,1440709853635,"280,002",67% bullish,of 3 ratings,$12
CRVL,$31.29,1440709853693,"29,436",100% bearish,of 1 rating,N/A
CSGP,$178.9464,1440709853839,"87,629",50% bullish,of 2 ratings,$235
COSI,$1.2,1440709853894,"141,913",100% bullish,of 1 rating,N/A
COST,$140.01,1440709853926,"1,628,245",79% bullish,of 24 ratings,$154.50
CPAH,$0.47,1440709854022,"4,029",50% bullish,of 2 ratings,N/A
ICBK,$18.54,1440709854049,500,Not yet rated,NULL,$21
COVS,$2.61,1440709854075,"107,167",67% bullish,of 3 ratings,N/A
CVTI,$23.34,1440709854104,"97,091",67% bearish,of 3 ratings,$39
COWN,$5.05,1440709854235,"1,410,844",75% bullish,of 4 ratings,$7
COWNL,NULL,1440709854266,0,Not yet rated,NULL,N/A
BREW,$7.56,1440709854440,"29,718",67% bullish,of 6 ratings,$15
CPSH,$2.24,1440709854468,"2,300",Not yet rated,NULL,N/A
CRAI,$21.45,1440709854492,"35,792",100% bearish,of 1 rating,$36
CBRL,$146.34,1440709854525,"208,566",50% bullish,of 2 ratings,$155
CRAY,$20.41,1440709854630,"277,128",83% bullish,of 6 ratings,$38.50
GLDI,$10.95,1440709854662,"12,167",100% bearish,of 1 rating,N/A
CACC,$197.9096,1440709854688,"68,229",50% bullish,of 2 ratings,$158.50
SLVO,$9.95,1440709854819,"15,623",100% bearish,of 1 rating,N/A
CRESY,$10.38,1440709854846,"29,451",100% bearish,of 1 rating,$19
CROX,$14.15,1440709854979,"978,391",63% bullish,of 8 ratings,$16.50
CREE,$26.93,1440709855005,"923,664",65% bullish,of 17 ratings,$29.50
CRTO,$43.6,1440709855027,"251,333",67% bullish,of 6 ratings,$64
CCRN,$13.93,1440709855165,"184,072",100% bearish,of 1 rating,$14.25
CRWS,$8.1,1440709855191,"7,063",Not yet rated,NULL,$10
CRDS,$1,1440709855212,"70,940",75% bullish,of 4 ratings,$4.50
CRWN,$4.45,1440709855245,"59,872",75% bullish,of 4 ratings,N/A
CCLP,$14.25,1440709855374,"61,950",67% bearish,of 3 ratings,$20
CYRXW,$0.869,1440709855399,"2,900",Not yet rated,NULL,N/A
CSGS,$30.46,1440709855425,"156,614",Not yet rated,NULL,$40
CYRX,$2.87,1440709855446,"19,771",Not yet rated,NULL,$9
CTCM,$1.75,1440709855603,"219,058",80% bearish,of 5 ratings,$3.90
CSPI,$5.74,1440709855655,"16,462",67% bullish,of 3 ratings,N/A
CTIC,$1.57,1440709855730,"1,089,648",84% bullish,of 76 ratings,$5.75
CTIB,$3.55,1440709855831,"3,399",100% bearish,of 1 rating,N/A
CUNB,$21.07,1440709855856,"18,624",Not yet rated,NULL,$24.50
CUI,$4.92,1440709855883,"13,678",50% bullish,of 2 ratings,$10
CTRP,$69.96,1440709855904,"1,860,668",75% bullish,of 8 ratings,$92
CMLS,$1.45,1440709856122,"328,420",50% bullish,of 4 ratings,$6
CPIX,$6.01,1440709856153,"3,300",Not yet rated,NULL,N/A
CRIS,$2.5,1440709856178,"380,342",100% bullish,of 8 ratings,$6
CUTR,$14.33,1440709856211,"57,373",67% bearish,of 3 ratings,$18
CVBF,$16,1440709856241,"436,317",Not yet rated,NULL,$18
CYAN,$7.5,1440709856312,"8,402",100% bearish,of 1 rating,N/A
CVV,$10.79,1440709856341,"4,524",100% bullish,of 5 ratings,N/A
CYBR,$50.9999,1440709856443,"1,084,964",75% bullish,of 8 ratings,$66
CYBX,$66.81,1440709856515,"282,532",50% bullish,of 4 ratings,$71.50
CYBE,$6.2,1440709856641,"17,455",100% bearish,of 1 rating,N/A
CYCC,$0.5201,1440709856719,"20,047",73% bullish,of 11 ratings,N/A
CYCCP,NULL,1440709856749,0,100% bearish,of 1 rating,N/A
CBAY,$2.56,1440709856778,"35,570",100% bullish,of 1 rating,$4
CYNA,$16.15,1440709856806,"17,169",100% bullish,of 1 rating,$31.50
CYNO,$31.41,1440709856831,"322,569",67% bearish,of 3 ratings,$45.50
CY,$9.88,1440709856883,"4,173,351",80% bullish,of 10 ratings,$15.50
CONE,$32.18,1440709857030,"369,532",67% bearish,of 3 ratings,$35.50
CYRN,$1.72,1440709857088,"24,475",67% bullish,of 3 ratings,$4
CYTX,$0.29,1440709857175,"2,099,365",83% bullish,of 12 ratings,$5.50
CTSO,$6.34,1440709857205,"38,386",Not yet rated,NULL,$15.625
CYTK,$6.78,1440709857230,"133,606",71% bullish,of 14 ratings,$13.50
DAEG,$0.36,1440709857259,696,100% bearish,of 1 rating,N/A
CYTR,$2.32,1440709857340,"437,979",67% bullish,of 6 ratings,$10
TVIZ,$18.1,1440709857562,"7,542",100% bearish,of 1 rating,N/A
ZIV,$41.81,1440709857605,"247,971",Not yet rated,NULL,N/A
DAIO,$2.58,1440709857640,"1,277",Not yet rated,NULL,N/A
TVIX,$12.6,1440709857670,"16,231,157",81% bullish,of 16 ratings,N/A
XIV,$27.97,1440709857700,"25,841,761",75% bearish,of 4 ratings,N/A
DARA,$0.8401,1440709857732,"51,090",83% bullish,of 6 ratings,$1.50
DJCO,$194.69,1440709857761,"1,001",Not yet rated,NULL,N/A
DAKT,$8.53,1440709857786,"464,239",50% bullish,of 2 ratings,$14
DRAM,$1.22,1440709858110,"29,128",78% bullish,of 9 ratings,N/A
PLAY,$35,1440709858137,"350,237",100% bullish,of 5 ratings,$42
DWCH,$5.1,1440709858159,"33,104",75% bullish,of 4 ratings,$8.25
DTLK,$5.76,1440709858192,"65,566",100% bearish,of 1 rating,$9
DTEA,$12.72,1440709858214,"36,649",100% bearish,of 2 ratings,$24
DBVT,$41.33,1440709858290,"133,858",100% bearish,of 1 rating,$53
DHRM,$1.5,1440709858450,"25,021",Not yet rated,NULL,N/A
DWSN,$4.25,1440709858515,"32,519",67% bullish,of 3 ratings,N/A
TRAK,$62.89,1440709858588,"326,832",50% bullish,of 2 ratings,$62.50
TACOW,$4.03,1440709858612,"16,422",100% bullish,of 1 rating,N/A
DCTH,$0.41,1440709858637,"115,579",78% bullish,of 9 ratings,N/A
TACO,$13.11,1440709858675,"111,448",75% bullish,of 4 ratings,$20
DFRG,$14.49,1440709858696,"93,289",100% bearish,of 1 rating,$20
DGAS,$20.16,1440709858733,"11,092",67% bearish,of 3 ratings,N/A
DELT,$2.68,1440709858839,"4,200",Not yet rated,NULL,N/A
DELTW,NULL,1440709859016,0,Not yet rated,NULL,N/A
XRAY,$53.26,1440709859186,"488,664",100% bullish,of 1 rating,$58
DENN,$11.53,1440709859214,"594,253",100% bullish,of 3 ratings,$15
DSWL,$1.73,1440709859258,660,100% bullish,of 1 rating,N/A
DEST,$11.33,1440709859287,"93,099",50% bullish,of 2 ratings,N/A
DEPO,$28.8,1440709859315,"587,929",60% bullish,of 5 ratings,$29
DERM,$26.33,1440709859341,"85,171",100% bearish,of 1 rating,$33.50
DSCI,$5.91,1440709859389,"54,893",50% bullish,of 2 ratings,$16
DXLG,$5.31,1440709859523,"213,208",100% bearish,of 1 rating,$8
DXM,$0.2418,1440709859549,"295,232",50% bullish,of 2 ratings,N/A
DMND,$28.99,1440709859628,"313,319",75% bullish,of 12 ratings,$32
DHIL,$193.7,1440709859702,"5,858",Not yet rated,NULL,N/A
DHXM,NULL,1440709859761,0,Not yet rated,NULL,N/A
DXCM,$93.7582,1440709859837,"660,985",57% bullish,of 7 ratings,$98
FANG,$65.7,1440709859862,"809,302",50% bullish,of 2 ratings,$86.50
DGII,$9.87,1440709860060,"117,388",100% bearish,of 1 rating,$10
DCIX,$1.65,1440709860127,"99,048",50% bullish,of 4 ratings,$3.50
DMRC,$34.92,1440709860156,"37,272",100% bearish,of 1 rating,$44
DRAD,$3.67,1440709860189,"18,312",100% bullish,of 1 rating,$5.25
DGLY,$8.11,1440709860287,"196,714",50% bullish,of 6 ratings,$20
DIOD,$20.09,1440709860317,"136,449",75% bearish,of 4 ratings,$24
DRNA,$10.24,1440709860421,"61,257",67% bearish,of 3 ratings,$25
DPRX,$13.18,1440709860532,"7,027",100% bullish,of 2 ratings,$27.75
DCOM,$16.83,1440709860559,"155,431",100% bearish,of 2 ratings,$16.50
APPS,$2.35,1440709860580,"101,566",100% bearish,of 1 rating,$10.25
DISCA,$26.91,1440709860637,"1,844,228",67% bullish,of 3 ratings,$34
DISCB,$27.0801,1440709860726,200,100% bearish,of 1 rating,$35
DISCK,$25.32,1440709860856,"1,443,223",100% bearish,of 1 rating,$32
DSCO,$0.3725,1440709860881,"241,035",83% bullish,of 6 ratings,$2.75
DVCR,$10.8,1440709860930,"4,724",100% bullish,of 1 rating,N/A
DISH,$59.11,1440709860955,"1,256,888",69% bullish,of 13 ratings,$73
DLTR,$76.79,1440709861099,"3,407,748",82% bullish,of 11 ratings,$88
DLHC,$2.47,1440709861126,"2,234",100% bearish,of 1 rating,N/A
BAGR,$2.79,1440709861148,"26,491",100% bearish,of 1 rating,$6
DGICA,$14.43,1440709861297,"13,194",100% bearish,of 1 rating,$17
DGICB,NULL,1440709861386,0,100% bearish,of 1 rating,N/A
DMLP,$14.45,1440709861539,"40,853",100% bearish,of 1 rating,N/A
HILL,$9.67,1440709861570,"846,836",60% bearish,of 5 ratings,$9.75
DNBF,$26.3,1440709861595,300,Not yet rated,NULL,$27.50
DRWI,$0.22,1440709861625,"89,926",60% bullish,of 5 ratings,$.45
DORM,$50.81,1440709861674,"117,408",100% bearish,of 1 rating,$56
DRYS,$0.45,1440709861707,"5,937,696",77% bullish,of 31 ratings,$.60
DWA,$20.32,1440709861809,"783,857",63% bullish,of 8 ratings,$26
DRWIW,$0.049,1440709861854,800,Not yet rated,NULL,N/A
DSKX,$3.1037,1440709861991,"137,107",100% bullish,of 1 rating,N/A
DSPG,$8.61,1440709862070,"87,539",100% bearish,of 1 rating,$13.50
CADT,NULL,1440709862098,0,Not yet rated,NULL,N/A
CADTU,NULL,1440709862203,0,Not yet rated,NULL,N/A
CADTR,$0.2,1440709862331,"10,800",Not yet rated,NULL,N/A
DNKN,$51.53,1440709862361,"699,879",67% bullish,of 15 ratings,$56.50
CADTW,NULL,1440709862424,0,Not yet rated,NULL,N/A
DRRX,$2.02,1440709862460,"172,111",50% bullish,of 6 ratings,$3
DYAX,$23.89,1440709862487,"729,173",89% bullish,of 9 ratings,$30
DXPE,$26.32,1440709862513,"347,429",50% bullish,of 2 ratings,N/A
BOOM,$9.71,1440709862566,"80,692",67% bullish,of 3 ratings,$12
DYNT,$3,1440709862720,"11,447",75% bullish,of 4 ratings,N/A
DVAX,$28.45,1440709862851,"321,067",70% bullish,of 10 ratings,$40
DYSL,$1.47,1440709862876,"59,325",100% bullish,of 2 ratings,N/A
EBMT,$11.5,1440709863145,"2,802",Not yet rated,NULL,$13.50
ETFC,$26.59,1440709863183,"3,186,051",57% bullish,of 14 ratings,$32.50
DTSI,$26.59,1440709863220,"66,332",100% bearish,of 2 ratings,$39.50
EROC,$1.39,1440709863281,"387,059",50% bullish,of 2 ratings,$3
EGBN,$41.94,1440709863310,"127,692",Not yet rated,NULL,$48
ELNK,$8.42,1440709863339,"529,052",60% bullish,of 5 ratings,$9.50
EGRX,$80.99,1440709863361,"281,054",67% bullish,of 3 ratings,$97
EGLE,$6.69,1440709863382,"19,777",60% bullish,of 5 ratings,N/A
EACQU,NULL,1440709863534,0,Not yet rated,NULL,N/A
EVBS,$6.545,1440709863691,"1,300",Not yet rated,NULL,$7
EBAY,$27.1,1440709863717,"10,067,228",81% bullish,of 117 ratings,$48
EWBC,$40.15,1440709863757,"794,572",100% bearish,of 1 rating,$50
EML,$16.57,1440709863894,"2,222",Not yet rated,NULL,N/A
EBIX,$28.08,1440709863941,"278,056",69% bullish,of 13 ratings,$40
ECHO,$23.19,1440709864002,"537,626",67% bearish,of 3 ratings,$35.50
EEI,$10.96,1440709864076,"11,246",67% bearish,of 3 ratings,N/A
SATS,$44.62,1440709864103,"61,113",50% bullish,of 2 ratings,$60
ELON,$0.5401,1440709864131,"46,429",50% bullish,of 2 ratings,N/A
ECTE,$1.53,1440709864265,"1,734",75% bullish,of 4 ratings,N/A
ECACU,$10.06,1440709864363,200,Not yet rated,NULL,N/A
EDUC,$5.24,1440709864464,"9,180",100% bearish,of 1 rating,N/A
ESES,$3.41,1440709864493,"1,800",100% bearish,of 1 rating,$7
EDGW,$6.99,1440709864519,"9,580",100% bearish,of 1 rating,N/A
EDAP,$3.59,1440709864597,"117,651",60% bullish,of 5 ratings,$4.50
EFUT,$4.32,1440709864650,"3,197",Not yet rated,NULL,N/A
EGAN,$3.5,1440709864858,"1,093,761",50% bullish,of 2 ratings,$6.25
EHTH,$14.1,1440709864891,"90,599",50% bullish,of 4 ratings,$16.50
EGLT,$10.4,1440709864912,"25,593",50% bullish,of 2 ratings,$21
ESLT,$77.06,1440709864943,"5,613",67% bullish,of 3 ratings,N/A
EMITF,$1.25,1440709864990,"11,794",75% bullish,of 4 ratings,N/A
LOCO,$12.42,1440709865101,"682,149",69% bullish,of 13 ratings,$20
ERI,$9.5,1440709865174,"99,638",100% bearish,of 1 rating,$10
ESIO,$4.4,1440709865202,"86,850",50% bullish,of 2 ratings,$10
ELRC,$10.42,1440709865262,"32,428",100% bearish,of 1 rating,N/A
EA,$67.16,1440709865335,"1,845,591",77% bullish,of 35 ratings,$80
EFII,$44.08,1440709865466,"232,911",80% bullish,of 5 ratings,$55
ELECU,NULL,1440709865619,0,Not yet rated,NULL,N/A
ELSE,$4.01,1440709865649,"2,647",60% bullish,of 5 ratings,N/A
ELECW,NULL,1440709865686,0,Not yet rated,NULL,N/A
EBIO,$3.63,1440709865750,"450,270",100% bearish,of 2 ratings,$8.35
RDEN,$10.58,1440709865785,"58,509",100% bearish,of 4 ratings,$15
CAPX,$22.83,1440709865806,"6,100",Not yet rated,NULL,N/A
ELEC,NULL,1440709865828,0,Not yet rated,NULL,N/A
ESBK,$19.79,1440709865862,600,Not yet rated,NULL,N/A
LONG,$17,1440709866037,"40,213",67% bullish,of 3 ratings,$15.75
ELTK,$1.24,1440709866086,"93,989",67% bearish,of 3 ratings,N/A
EMCI,$22.95,1440709866241,"22,912",Not yet rated,NULL,N/A
EMCF,$23.2999,1440709866266,300,100% bearish,of 1 rating,N/A
EMKR,$6.87,1440709866344,"88,835",75% bullish,of 4 ratings,$8.50
EMMS,$1.13,1440709866413,"49,767",83% bullish,of 6 ratings,N/A
EMMSP,NULL,1440709866475,0,100% bearish,of 1 rating,N/A
NYNY,$4.25,1440709866501,"29,523",50% bullish,of 2 ratings,N/A
ENTA,$42.03,1440709866522,"156,598",50% bullish,of 2 ratings,$42
ERS,$2.77,1440709866554,"2,500",Not yet rated,NULL,N/A
WIRE,$31.2,1440709866684,"96,975",100% bearish,of 1 rating,$37
ECPG,$39.26,1440709866713,"147,907",100% bullish,of 2 ratings,$52
ENDP,$79,1440709866739,"959,220",50% bullish,of 6 ratings,$104
ELGX,$12.96,1440709866906,"430,845",75% bullish,of 4 ratings,$17
EIGI,$15.54,1440709866984,"307,403",67% bearish,of 3 ratings,$22.50
ECYT,$5.19,1440709867004,"154,006",83% bullish,of 6 ratings,$12
EFOI,$19.57,1440709867087,"1,467,290",50% bullish,of 2 ratings,$20.50
ERII,$2.68,1440709867222,"30,825",80% bullish,of 5 ratings,$2.50
WATT,$6.5,1440709867247,"97,236",50% bullish,of 2 ratings,$13
EXXI,$1.71,1440709867278,"2,123,566",86% bullish,of 7 ratings,$3.50
ENOC,$8.33,1440709867377,"278,456",75% bullish,of 4 ratings,$18
ENPH,$4.63,1440709867411,"441,334",75% bullish,of 4 ratings,$11
ENTG,$13.68,1440709867509,"515,432",100% bearish,of 1 rating,$18
ENG,$1.02,1440709867538,"20,370",100% bullish,of 3 ratings,N/A
ESGR,$145.85,1440709867574,"38,602",100% bearish,of 1 rating,$185
ENTL,$21.99,1440709867666,"13,570",Not yet rated,NULL,$28
ENFC,$17.91,1440709867695,"1,604",Not yet rated,NULL,N/A
ETRM,$0.2698,1440709867796,"857,019",69% bearish,of 35 ratings,$1.625
EBTC,$21.92,1440709867852,"6,167",Not yet rated,NULL,N/A
EFSC,$23.6,1440709867950,"47,536",Not yet rated,NULL,$27
ENVI,$1.84,1440709868248,"47,860",67% bullish,of 3 ratings,N/A
EPZM,$17.5,1440709868349,"296,469",60% bullish,of 5 ratings,$34
EPRS,$4.95,1440709868380,"64,371",82% bullish,of 11 ratings,$15
EGT,$2.24,1440709868401,906,100% bullish,of 1 rating,N/A
ENZY,$9.14,1440709868441,"5,779",67% bullish,of 3 ratings,$9.50
EPIQ,$13.02,1440709868467,"76,652",100% bearish,of 1 rating,$18
PLUS,$75.08,1440709868532,"69,549",50% bullish,of 2 ratings,$88
ENZN,$1.06,1440709868562,"515,108",100% bullish,of 9 ratings,N/A
EQFN,$8.03,1440709868737,300,100% bearish,of 1 rating,N/A
EAC,$3.31,1440709868802,"9,623",100% bearish,of 1 rating,$8
EQIX,$266.14,1440709868834,"355,629",75% bullish,of 4 ratings,$312.50
ERIE,$82.6765,1440709868986,"14,617",Not yet rated,NULL,$73
ERIC,$9.9,1440709869019,"1,226,439",67% bullish,of 9 ratings,$12.20
ESCR,$0.14,1440709869090,"277,450",50% bullish,of 2 ratings,N/A
ESCRP,$1.4,1440709869121,"3,300",100% bearish,of 1 rating,N/A
ESCA,$17.25,1440709869150,"10,132",100% bearish,of 1 rating,$22
ESMC,$1.3,1440709869224,"2,806",Not yet rated,NULL,N/A
EPIX,NULL,1440709869258,0,Not yet rated,NULL,N/A
ESSA,$12.83,1440709869364,752,100% bearish,of 1 rating,N/A
ESND,$34.07,1440709869400,"85,459",100% bearish,of 2 ratings,$40
ESPR,$52.01,1440709869421,"499,119",70% bearish,of 10 ratings,$123
ETSY,$14.29,1440709869498,"539,954",80% bullish,of 5 ratings,$16
ESSX,$0.36,1440709869557,"175,521",50% bullish,of 2 ratings,N/A
CLWT,$2.5401,1440709869726,300,100% bullish,of 1 rating,N/A
EEFT,$65.44,1440709869751,"217,282",100% bearish,of 1 rating,$67.50
ESEA,$5.41,1440709869881,"2,269",100% bullish,of 1 rating,$15
EVEP,$8.08,1440709869935,"327,492",50% bullish,of 2 ratings,$15
EVK,$3.75,1440709869956,300,75% bearish,of 4 ratings,N/A
EVLV,$2.63,1440709869989,"192,108",60% bullish,of 5 ratings,$6
EVOK,$3.9,1440709870027,"23,087",100% bearish,of 1 rating,$13.375
EVOL,$6.06,1440709870090,"4,725",75% bullish,of 4 ratings,$10
EXAC,$18.27,1440709870118,"76,695",100% bearish,of 1 rating,$22.50
EXA,$11.1,1440709870145,"5,302",100% bearish,of 1 rating,$13
EXAS,$22.19,1440709870290,"847,375",78% bullish,of 9 ratings,$31
EXEL,$6.09,1440709870360,"6,541,098",81% bullish,of 16 ratings,$6
EXFO,$2.95,1440709870424,"20,652",67% bearish,of 3 ratings,$3.95
EXLS,$37.17,1440709870464,"266,931",50% bullish,of 2 ratings,$41
EXPD,$49.92,1440709870564,"1,178,421",80% bullish,of 5 ratings,$52
EXPE,$117.45,1440709870650,"797,613",64% bullish,of 11 ratings,$130
EXTR,$2.75,1440709870705,"591,341",80% bullish,of 5 ratings,$3
EXPO,$42.44,1440709870736,"90,703",100% bearish,of 1 rating,$45.50
ESRX,$85.2,1440709870757,"2,541,068",67% bearish,of 6 ratings,$101
EXLP,$18.86,1440709870778,"140,868",100% bearish,of 1 rating,$25
EYEG,$3.82,1440709870835,"9,151",Not yet rated,NULL,N/A
EZCH,$21.92,1440709870910,"175,988",75% bullish,of 8 ratings,$19.50
EYEGW,$0.7,1440709870936,183,Not yet rated,NULL,N/A
FFIV,$122.79,1440709871070,"702,916",63% bullish,of 8 ratings,$132
EZPW,$5.75,1440709871096,"285,143",50% bullish,of 4 ratings,$7.50
FB,$90.34,1440709871141,"26,106,107",73% bullish,of 1068 ratings,$111
FCS,$12.96,1440709871299,"697,392",67% bearish,of 3 ratings,$17
FRP,$15.87,1440709871324,"140,274",100% bearish,of 1 rating,$18
FWM,$2.39,1440709871366,"121,245",100% bearish,of 2 ratings,$3.20
FARM,$21.65,1440709871456,"51,463",100% bearish,of 1 rating,$35
DAVE,$14.61,1440709871514,"5,025",100% bearish,of 1 rating,$15.50
FFKT,$25.61,1440709871549,"9,790",Not yet rated,NULL,$29
FALC,$1.7,1440709871570,"131,099",63% bearish,of 8 ratings,N/A
FMNB,$8.12,1440709871669,"11,575",Not yet rated,NULL,N/A
FARO,$37.72,1440709871731,"54,878",50% bullish,of 2 ratings,$48
FAST,$38.98,1440709871756,"1,845,077",80% bullish,of 5 ratings,$45.50
FATE,$6.67,1440709871784,"24,004",50% bullish,of 2 ratings,$11
FBSS,NULL,1440709871914,0,Not yet rated,NULL,N/A
FBRC,$21.84,1440709872004,"45,270",100% bearish,of 1 rating,$29
FDML,$8.45,1440709872077,"248,528",50% bullish,of 4 ratings,$14
FNHC,$21.77,1440709872138,"44,020",100% bearish,of 1 rating,$35
FENX,$9.52,1440709872219,"24,383",100% bullish,of 1 rating,$14.25
FHCO,$1.34,1440709872281,"6,688",50% bullish,of 4 ratings,N/A
FCSC,$5.59,1440709872307,"79,557",100% bearish,of 1 rating,$8.125
FEIC,$75.1,1440709872328,"285,597",50% bullish,of 2 ratings,$95.50
FGEN,$23.84,1440709872659,"165,763",100% bearish,of 1 rating,$39
LION,$18.91,1440709872686,"80,989",100% bullish,of 1 rating,$20
ONEQ,$189.36,1440709872716,"29,089",100% bullish,of 1 rating,N/A
FRGI,$52.26,1440709872746,"136,337",50% bullish,of 2 ratings,$70
FSAM,$8.24,1440709872822,"14,350",100% bearish,of 1 rating,$10.25
FSC,$6.38,1440709872853,"697,378",60% bullish,of 5 ratings,$8
FDUS,$14.55,1440709872878,"56,377",50% bullish,of 2 ratings,$18
FSFR,$8.89,1440709873078,"70,592",100% bearish,of 1 rating,$11.50
FSCFL,$24.49,1440709873106,"11,281",Not yet rated,NULL,N/A
FITB,$19.94,1440709873131,"7,692,399",54% bullish,of 13 ratings,$22
FITBI,$27.48,1440709873158,"20,120",Not yet rated,NULL,N/A
FNGN,$33.2,1440709873186,"280,963",67% bullish,of 3 ratings,$47
FNSR,$15.72,1440709873321,"673,825",71% bullish,of 7 ratings,$24.50
FNJN,$1.89,1440709873351,"63,434",100% bearish,of 1 rating,$5
FISI,$24.5,1440709873380,"74,552",100% bullish,of 2 ratings,$24.50
FNTC,$9.79,1440709873453,301,Not yet rated,NULL,N/A
FNTCU,$10.125,1440709873511,"5,300",Not yet rated,NULL,N/A
FEYE,$39.25,1440709873589,"3,076,314",87% bullish,of 15 ratings,$55.50
FBNC,$17.03,1440709873616,"31,511",100% bullish,of 1 rating,$20
FNTCW,NULL,1440709873643,0,Not yet rated,NULL,N/A
FNLC,$18.57,1440709873778,"19,206",100% bullish,of 1 rating,N/A
FRBA,$6.0773,1440709873844,"2,300",Not yet rated,NULL,$8
BUSE,$6.35,1440709873874,"59,239",Not yet rated,NULL,$6.875
FBIZ,$43.97,1440709873980,"13,057",100% bearish,of 2 ratings,$52
FCVA,$4.6201,1440709874016,"1,932",Not yet rated,NULL,N/A
FCAP,$26.54,1440709874068,"1,211",Not yet rated,NULL,N/A
FCFS,$39.68,1440709874149,"138,416",100% bearish,of 3 ratings,$48
FCNCA,$236.17,1440709874284,"9,676",Not yet rated,NULL,N/A
FCLF,NULL,1440709874312,0,Not yet rated,NULL,N/A
FCBC,$17.45,1440709874444,"19,748",Not yet rated,NULL,$18
FBNK,$16.96,1440709874473,"36,153",100% bearish,of 1 rating,$17.50
FCFP,$6.823,1440709874505,250,Not yet rated,NULL,N/A
FCCO,$12.05,1440709874534,"5,208",Not yet rated,NULL,$13.25
FDEF,$37.71,1440709874573,"31,938",Not yet rated,NULL,$38
FFNM,$6.18,1440709874634,"4,781",Not yet rated,NULL,N/A
FFBC,$18.24,1440709874776,"180,430",67% bearish,of 3 ratings,$20.25
FFIN,$30.56,1440709874802,"175,922",50% bullish,of 2 ratings,$31.75
FFBCW,NULL,1440709874823,0,100% bearish,of 1 rating,N/A
THFF,$32.99,1440709874970,"20,383",Not yet rated,NULL,$35
FFNW,$11.9,1440709874999,"14,021",Not yet rated,NULL,$14
FFWM,$21.44,1440709875032,"32,572",Not yet rated,NULL,$24
FRME,$25.88,1440709875136,"150,523",Not yet rated,NULL,$26.50
INBK,$29.54,1440709875162,"7,612",50% bullish,of 2 ratings,$37
FIBK,$26.3,1440709875237,"86,393",Not yet rated,NULL,$32
FMBH,NULL,1440709875292,0,Not yet rated,NULL,N/A
FNFG,$9.12,1440709875334,"2,214,275",80% bullish,of 5 ratings,$9
FNBC,$34.21,1440709875396,"72,738",Not yet rated,NULL,$40
FMBI,$17.44,1440709875432,"318,458",Not yet rated,NULL,$20
FNWB,$11.83,1440709875498,"4,056",Not yet rated,NULL,N/A
FSFG,NULL,1440709875524,0,Not yet rated,NULL,N/A
FSGI,$2.46,1440709875554,"3,291",Not yet rated,NULL,N/A
FSLR,$47.84,1440709875655,"1,417,174",72% bullish,of 39 ratings,$65
FSBK,$7.8,1440709875738,"3,728",100% bullish,of 1 rating,N/A
BICK,$19.79,1440709875799,"10,041",100% bullish,of 1 rating,N/A
FTCS,$36.67,1440709875876,"20,446",100% bearish,of 1 rating,N/A
FBZ,NULL,1440709875902,0,Not yet rated,NULL,N/A
FCAN,$23.95,1440709875928,"3,251",Not yet rated,NULL,N/A
FCA,$19.8,1440709875982,"2,396",Not yet rated,NULL,N/A
FV,$23.6,1440709876068,"4,286,379",100% bearish,of 1 rating,N/A
IFV,$17.96,1440709876108,"662,340",100% bearish,of 1 rating,N/A
FTSM,$59.85,1440709876398,"15,925",100% bearish,of 1 rating,N/A
FEUZ,$31.452,1440709876459,318,Not yet rated,NULL,N/A
TDIV,$24.77,1440709876543,"101,037",100% bearish,of 1 rating,N/A
FEMB,NULL,1440709876600,0,Not yet rated,NULL,N/A
MDIV,$19.19,1440709876630,"174,952",Not yet rated,NULL,N/A
FTHI,$19.37,1440709876685,"2,600",Not yet rated,NULL,N/A
FTGC,$22.19,1440709876730,"354,786",Not yet rated,NULL,N/A
FGM,$35.91,1440709876756,"28,582",Not yet rated,NULL,N/A
FPXI,$27.42,1440709876783,753,Not yet rated,NULL,N/A
FHK,$33.67,1440709876814,"24,642",Not yet rated,NULL,N/A
HYLS,$49.66,1440709876915,"29,876",100% bearish,of 1 rating,N/A
CU,$12.73,1440709876982,"5,168",100% bearish,of 1 rating,N/A
YDIV,$16.46,1440709877008,"6,330",Not yet rated,NULL,N/A
SKYY,$29.08,1440709877044,"54,189",100% bullish,of 1 rating,N/A
PLTM,$6.17,1440709877230,"19,478",100% bearish,of 1 rating,N/A
FJP,$47.67,1440709877287,"6,378",Not yet rated,NULL,N/A
FTLB,$19.25,1440709877333,"1,967",100% bearish,of 1 rating,N/A
CIBR,$17.99,1440709877422,"100,225",Not yet rated,NULL,N/A
LMBS,$50.15,1440709877442,647,Not yet rated,NULL,N/A
FMB,$51.2399,1440709877473,350,Not yet rated,NULL,N/A
QABA,$37.27,1440709877529,"16,757",100% bearish,of 1 rating,N/A
FONE,$34.94,1440709877608,"2,037",Not yet rated,NULL,N/A
GRID,NULL,1440709877636,0,100% bearish,of 1 rating,N/A
QCLN,$14.7,1440709877662,"19,033",Not yet rated,NULL,N/A
QQXT,$40.78,1440709877795,"34,387",Not yet rated,NULL,N/A
RDVY,$21.26,1440709877855,"11,733",Not yet rated,NULL,N/A
QQEW,$42.04,1440709877875,"197,277",Not yet rated,NULL,N/A
CARZ,$34.78,1440709877896,"5,852",100% bearish,of 1 rating,N/A
QTEC,$40.25,1440709877958,"65,044",Not yet rated,NULL,N/A
AIRR,$16.08,1440709878049,"19,080",100% bearish,of 1 rating,N/A
FTSL,$48.805,1440709878143,"42,889",100% bearish,of 1 rating,N/A
FSZ,$39.09,1440709878251,"7,201",Not yet rated,NULL,N/A
FDIV,$46.8,1440709878278,"6,891",100% bearish,of 1 rating,N/A
QINC,$20.2205,1440709878299,220,Not yet rated,NULL,N/A
FKO,$23,1440709878329,247,Not yet rated,NULL,N/A
FTW,$31.905,1440709878354,100,Not yet rated,NULL,N/A
SVVC,$9.41,1440709878497,"14,327",50% bullish,of 2 ratings,$26
TUSA,$24.8499,1440709878526,"2,179",Not yet rated,NULL,N/A
FUNC,$8.14,1440709878587,502,Not yet rated,NULL,N/A
FKU,$41.56,1440709878626,"10,514",Not yet rated,NULL,N/A
FMER,$17.79,1440709878680,"1,239,003",50% bullish,of 2 ratings,$20
FISV,$86.56,1440709878811,"1,315,505",100% bearish,of 3 ratings,$90
FSV,$31.39,1440709878836,"4,698",Not yet rated,NULL,$33.60
FPRX,$18.76,1440709879006,"207,913",50% bullish,of 2 ratings,$35
FIVE,$37.6,1440709879054,"557,730",75% bearish,of 4 ratings,$44
FLML,$22.49,1440709879082,"211,176",50% bullish,of 2 ratings,$30
FIVN,$4.17,1440709879139,"134,377",100% bullish,of 1 rating,$8.50
FLKS,$12.16,1440709879164,"28,446",50% bullish,of 2 ratings,$27
FLXN,$24.71,1440709879217,"83,894",100% bearish,of 1 rating,$40
SKOR,NULL,1440709879242,0,Not yet rated,NULL,N/A
MBSD,$24.93,1440709879299,"1,404",Not yet rated,NULL,N/A
FLXS,$31.4,1440709879445,"14,726",100% bearish,of 2 ratings,N/A
FLEX,$10.5844,1440709879498,"2,073,135",63% bullish,of 8 ratings,$12
FLIR,$28.62,1440709879532,"1,162,358",100% bearish,of 1 rating,$38.50
FFIC,$19.79,1440709879627,"64,915",Not yet rated,NULL,$21
FLDM,$11.38,1440709879655,"609,053",67% bearish,of 3 ratings,$15
FOMX,$10.09,1440709879680,"107,136",50% bullish,of 2 ratings,$23.50
FOGO,$18.31,1440709879733,"65,243",50% bullish,of 2 ratings,$25.50
FONR,$9.8,1440709879821,"11,271",100% bullish,of 1 rating,N/A
FORM,$6.34,1440709879881,"219,654",67% bullish,of 3 ratings,$10.50
FES,$0.95,1440709879986,"65,928",50% bullish,of 2 ratings,$1
FORTY,NULL,1440709880031,0,100% bearish,of 1 rating,N/A
FORR,$32.13,1440709880083,"44,445",Not yet rated,NULL,N/A
FTNT,$42.66,1440709880113,"957,421",80% bullish,of 10 ratings,$52
FBIO,$2.66,1440709880244,"43,609",83% bullish,of 6 ratings,N/A
FWRD,$45.16,1440709880325,"249,816",100% bearish,of 1 rating,$50
FORD,$2.38,1440709880385,"8,191,460",67% bullish,of 3 ratings,N/A
FWP,$26.72,1440709880418,"32,491",100% bearish,of 1 rating,$45
FMI,$22.91,1440709880518,"182,048",100% bearish,of 2 ratings,$27.50
FXCB,$17.1,1440709880548,"34,130",Not yet rated,NULL,$19
FOSL,$61.14,1440709880575,"682,310",60% bearish,of 5 ratings,$80
FOXF,$15.23,1440709880649,"35,704",100% bearish,of 1 rating,$19
FRAN,$11.1,1440709880831,"399,777",50% bullish,of 4 ratings,$15
FRED,$12.7,1440709880853,"367,947",50% bullish,of 2 ratings,$16.50
FELE,$28.54,1440709880884,"222,491",50% bullish,of 4 ratings,$33
FREE,$0.365,1440709880930,"545,559",92% bullish,of 12 ratings,N/A
RAIL,$19.93,1440709880989,"80,213",100% bearish,of 1 rating,$24.50
FEIM,$10.91,1440709881016,"4,411",100% bearish,of 1 rating,N/A
FRPT,$12.69,1440709881078,"413,795",67% bearish,of 3 ratings,$23.50
FTR,$4.93,1440709881218,"16,022,145",78% bullish,of 27 ratings,$6.25
FTRPR,$98.45,1440709881301,"6,795",100% bearish,of 1 rating,N/A
FRPH,$31,1440709881333,"5,417",100% bearish,of 1 rating,N/A
FSBW,$23.0001,1440709881360,"1,537",Not yet rated,NULL,N/A
FTD,$29.69,1440709881436,"69,221",100% bearish,of 1 rating,$40
FTEK,$2.07,1440709881499,"44,398",75% bullish,of 4 ratings,N/A
FCEL,$0.74,1440709881528,"1,217,384",88% bullish,of 41 ratings,$2.65
FSYS,$6.53,1440709881631,"25,484",67% bullish,of 3 ratings,$10
FULL,$3.25,1440709881695,"159,776",67% bearish,of 3 ratings,$4.25
FLL,$1.5,1440709881774,"9,037",75% bullish,of 4 ratings,$3.50
FULLL,NULL,1440709881804,0,Not yet rated,NULL,N/A
FULT,$12.1,1440709881836,"676,945",100% bearish,of 1 rating,$13
FSNN,$2.28,1440709881903,300,67% bullish,of 3 ratings,$6
FFHL,$0.8545,1440709881940,"1,000",50% bullish,of 4 ratings,N/A
FXEN,$0.8484,1440709881969,"30,477",75% bullish,of 4 ratings,$1.10
FXENP,NULL,1440709882002,0,100% bearish,of 1 rating,N/A
GK,$67.61,1440709882156,"62,005",Not yet rated,NULL,$78
WILC,$4.79,1440709882243,"2,355",100% bullish,of 2 ratings,N/A
GAIA,$6.01,1440709882274,"18,310",50% bullish,of 2 ratings,$8.50
GLPG,$61,1440709882327,"14,402",100% bullish,of 1 rating,$75
GALT,$1.86,1440709882378,"67,914",80% bullish,of 5 ratings,N/A
GALTU,NULL,1440709882604,0,100% bearish,of 1 rating,N/A
GALTW,NULL,1440709882630,0,100% bullish,of 1 rating,N/A
GALE,$1.49,1440709882659,"704,955",89% bullish,of 47 ratings,$4
GLMD,$8.97,1440709882710,"10,152",67% bullish,of 3 ratings,$20.50
GPIC,$9.62,1440709882767,812,100% bearish,of 1 rating,N/A
GLPI,$31.4063,1440709882872,"472,460",100% bearish,of 1 rating,$37.50
GRMN,$38.16,1440709882899,"961,263",50% bullish,of 6 ratings,$46.50
GGAC,$9.9,1440709882977,"22,030",100% bearish,of 1 rating,N/A
GGACU,$10.3,1440709883033,"13,700",Not yet rated,NULL,N/A
GGACR,$0.24,1440709883062,"419,354",100% bullish,of 1 rating,N/A
GGACW,$0.16,1440709883097,"426,090",Not yet rated,NULL,N/A
GENC,$9.39,1440709883193,805,100% bearish,of 1 rating,N/A
GARS,$14.23,1440709883218,"31,412",Not yet rated,NULL,$16
GNCMA,$17,1440709883370,"223,509",100% bearish,of 1 rating,$12
GFN,$3.63,1440709883593,"7,868",100% bearish,of 2 ratings,$8
GFNSL,$25.7499,1440709883646,"2,900",Not yet rated,NULL,N/A
GFNCP,$91.01,1440709883678,440,Not yet rated,NULL,N/A
GNMK,$9.43,1440709883699,"88,773",67% bullish,of 6 ratings,$14
GNCA,$12.27,1440709883736,"99,366",100% bearish,of 1 rating,$20
GENE,$2.12,1440709883757,"165,541",100% bullish,of 12 ratings,N/A
GNTX,$15.44,1440709883789,"2,015,182",Not yet rated,NULL,$20
GHDX,$26.73,1440709883832,"131,627",50% bullish,of 2 ratings,$30
THRM,$44.92,1440709884118,"210,226",75% bearish,of 4 ratings,$55.50
GEOS,$15.77,1440709884145,"154,992",100% bearish,of 3 ratings,$21
GTWN,NULL,1440709884167,0,Not yet rated,NULL,N/A
GNVC,$2.48,1440709884196,"4,600",90% bullish,of 10 ratings,$8.50
GABC,$29.24,1440709884225,"15,766",Not yet rated,NULL,$31
GERN,$3.08,1440709884318,"1,330,232",88% bullish,of 16 ratings,$5.25
GEVO,$2.35,1440709884403,"341,094",75% bullish,of 12 ratings,$5
GIGM,$0.55,1440709884534,"41,648",100% bullish,of 2 ratings,N/A
GIII,$68.51,1440709884569,"213,607",67% bullish,of 3 ratings,$75
ROCK,$16.51,1440709884599,"118,191",80% bullish,of 5 ratings,$24
GIGA,$1.43,1440709884625,"13,510",100% bearish,of 1 rating,N/A
GILD,$108,1440709884663,"9,266,219",91% bullish,of 87 ratings,$129
GILT,$4.38,1440709884697,"8,627",50% bullish,of 2 ratings,N/A
GBCI,$25.63,1440709884832,"327,946",50% bullish,of 2 ratings,$31
GLAD,$8.63,1440709884933,"250,192",50% bullish,of 2 ratings,$8.75
GLADO,$25.5899,1440709884978,"1,940",Not yet rated,NULL,N/A
GOOD,$14.52,1440709885085,"71,937",Not yet rated,NULL,$19
GOODN,$25.33,1440709885115,900,Not yet rated,NULL,N/A
GOODO,$25.0601,1440709885148,"1,019",Not yet rated,NULL,N/A
GOODP,$25.05,1440709885218,400,Not yet rated,NULL,N/A
GAIN,$7.35,1440709885248,"100,873",100% bullish,of 2 ratings,$8.25
GAINN,$25.1,1440709885269,"5,685",Not yet rated,NULL,N/A
GAINO,$25.33,1440709885439,600,Not yet rated,NULL,N/A
GAINP,$25.73,1440709885470,"2,129",Not yet rated,NULL,N/A
LAND,$9.34,1440709885497,"33,889",50% bullish,of 2 ratings,$13.75
GBT,$42.2,1440709885518,"51,010",100% bearish,of 1 rating,N/A
GLBZ,NULL,1440709885650,0,Not yet rated,NULL,N/A
GDEF,NULL,1440709885677,0,Not yet rated,NULL,N/A
ENT,$11.59,1440709885705,"173,706",100% bearish,of 1 rating,$18
GSOL,$7.91,1440709885915,"18,276",100% bearish,of 1 rating,N/A
GBLI,$26.57,1440709885941,"10,464",Not yet rated,NULL,N/A
ACTX,$13.18,1440709885967,"4,751",100% bullish,of 1 rating,N/A
GPACU,$10.05,1440709886000,"3,901",Not yet rated,NULL,N/A
QQQC,$19.6,1440709886097,"6,807",100% bearish,of 1 rating,N/A
SRET,$13.22,1440709886126,"4,201",Not yet rated,NULL,N/A
SOCL,$17.63,1440709886152,"24,944",100% bullish,of 2 ratings,N/A
YLCO,NULL,1440709886172,0,Not yet rated,NULL,N/A
ALTY,$14.35,1440709886342,658,Not yet rated,NULL,N/A
GAI,$5.8,1440709886367,48,50% bullish,of 2 ratings,N/A
GBIM,$2.23,1440709886502,"19,521",50% bullish,of 2 ratings,N/A
GSM,$13.66,1440709886536,"442,656",50% bullish,of 2 ratings,$23
GLBS,$0.98,1440709886634,"13,400",67% bullish,of 3 ratings,N/A
GLRI,$0.92,1440709886662,"34,311",100% bearish,of 1 rating,$4.25
GLUU,$4.41,1440709886691,"1,991,968",92% bullish,of 26 ratings,$9
GLYC,$7.07,1440709886797,"5,025",50% bullish,of 2 ratings,$14
GLNG,$36.4,1440709886847,"788,930",83% bullish,of 6 ratings,$58
GLDC,$4.15,1440709886880,510,50% bullish,of 2 ratings,N/A
GOGO,$15.5,1440709886908,"492,879",80% bullish,of 5 ratings,$25
GMLP,$17.86,1440709886937,"311,517",50% bullish,of 4 ratings,$32.50
GDEN,$9.04,1440709886980,"2,107",50% bullish,of 2 ratings,N/A
GOGL,$2.88,1440709887086,"361,248",75% bullish,of 4 ratings,$5
GBDC,$16.58,1440709887115,"122,872",Not yet rated,NULL,$17.75
GTIM,$6.75,1440709887217,"33,873",Not yet rated,NULL,$11.50
GOOG,$637.24,1440709887313,"2,148,342",89% bullish,of 70 ratings,$825
GOOGL,$667.5,1440709887360,"1,583,260",88% bullish,of 1080 ratings,$749
GPRO,$48.05,1440709887421,"5,321,571",78% bullish,of 58 ratings,$72
GMAN,$3.56,1440709887496,"94,940",60% bullish,of 5 ratings,$8.50
GPIAW,$0.975,1440709887524,"4,500",Not yet rated,NULL,N/A
GPIAU,NULL,1440709887559,0,Not yet rated,NULL,N/A
GPIA,NULL,1440709887589,0,Not yet rated,NULL,N/A
LOPE,$37.29,1440709887610,"213,181",100% bearish,of 2 ratings,$50
GBSNU,NULL,1440709887649,0,NULL,NULL,NULL
GRVY,$3.1,1440709887675,"3,850",50% bullish,of 2 ratings,N/A
GBSN,$0.38,1440709887761,"8,360,904",50% bullish,of 2 ratings,$8.25
GSBC,$39.7,1440709887921,"28,952",100% bullish,of 1 rating,$44
GLDD,$5.29,1440709888023,"178,282",100% bearish,of 4 ratings,$7.75
GPP,$13.52,1440709888089,"54,349",Not yet rated,NULL,$20.50
GNBC,$11.64,1440709888117,"11,965",100% bearish,of 1 rating,$16.50
GPRE,$19.73,1440709888138,"543,199",67% bullish,of 6 ratings,$28.50
GRBK,$12.13,1440709888176,"208,300",77% bullish,of 13 ratings,N/A
GRIF,$32.94,1440709888279,"1,189",100% bearish,of 1 rating,N/A
GCBC,NULL,1440709888308,0,100% bullish,of 1 rating,N/A
GLRE,$24.99,1440709888336,"184,277",50% bullish,of 2 ratings,$41
GRFS,$30.79,1440709888361,"268,612",50% bullish,of 2 ratings,$35
OMAB,$40.98,1440709888504,"28,531",100% bullish,of 1 rating,$44
GGAL,$19.72,1440709888534,"210,565",80% bullish,of 5 ratings,$40
GRPN,$4.29,1440709888567,"6,558,166",61% bullish,of 71 ratings,$6.75
GSIT,$4.66,1440709888605,"10,304",100% bearish,of 1 rating,N/A
GSIG,$12.9,1440709888635,"40,919",100% bearish,of 2 ratings,N/A
GSVC,$8.9,1440709888796,"60,910",50% bullish,of 2 ratings,$14.50
GBNK,$15.48,1440709888883,"19,211",100% bearish,of 1 rating,$18
GTXI,$0.83,1440709888926,"27,869",100% bullish,of 5 ratings,$.75
GUID,$7.19,1440709888988,"132,329",100% bearish,of 3 ratings,$10
GIFI,$11.73,1440709889029,"30,726",100% bearish,of 1 rating,$16
GULTU,$0.3,1440709889059,"278,271",100% bearish,of 1 rating,N/A
GFED,$14.67,1440709889087,442,Not yet rated,NULL,$17
GURE,$1.67,1440709889159,"26,420",88% bullish,of 8 ratings,N/A
GPOR,$35.2135,1440709889260,"1,542,043",75% bullish,of 4 ratings,$55
GWPH,$107.2504,1440709889288,"151,518",78% bullish,of 9 ratings,$148.50
GWGH,NULL,1440709889419,0,100% bearish,of 1 rating,$15.05
GYRO,NULL,1440709889447,0,100% bearish,of 1 rating,N/A
HEES,$18.52,1440709889468,"597,058",67% bearish,of 3 ratings,$31
HLG,$9,1440709889614,"3,174",100% bearish,of 1 rating,N/A
HALO,$18.04,1440709889682,"812,681",67% bullish,of 3 ratings,$22.50
HNRG,$7.45,1440709889713,"109,658",100% bearish,of 1 rating,$10
HALL,$11.25,1440709889757,"18,595",Not yet rated,NULL,N/A
HBK,$13.8,1440709889812,500,50% bullish,of 2 ratings,N/A
HMPR,$1.87,1440709889893,"32,023",100% bullish,of 1 rating,N/A
HBHC,$27.25,1440709889964,"885,193",50% bullish,of 2 ratings,$30
HBHCL,$24.45,1440709889992,"16,792",Not yet rated,NULL,N/A
HNH,$25.22,1440709890020,"34,566",100% bullish,of 1 rating,N/A
HAFC,$23.98,1440709890046,"150,816",100% bullish,of 2 ratings,$28.50
HNSN,$0.51,1440709890102,"71,567",88% bullish,of 8 ratings,$.40
HQCL,$12.48,1440709890239,"37,923",67% bullish,of 3 ratings,$14
HDNG,$9.63,1440709890322,"11,625",50% bullish,of 4 ratings,N/A
HLIT,$5.67,1440709890350,"299,840",100% bearish,of 1 rating,$6.50
HRMNU,$10.09,1440709890379,"4,500",Not yet rated,NULL,N/A
HRMN,NULL,1440709890432,0,Not yet rated,NULL,N/A
TINY,$2.45,1440709890480,"24,287",50% bullish,of 2 ratings,$5.26
HRMNW,NULL,1440709890507,0,Not yet rated,NULL,N/A
HART,$0.9,1440709890667,"62,394",100% bearish,of 1 rating,N/A
HAS,$75.13,1440709890732,"677,125",63% bullish,of 8 ratings,$84.50
HBIO,$4.33,1440709890757,"60,054",Not yet rated,NULL,$10
HCAP,$12.24,1440709890797,"16,420",50% bullish,of 2 ratings,$15
HCAPL,$25.15,1440709890823,"1,950",Not yet rated,NULL,N/A
HA,$22.77,1440709890905,"743,154",67% bullish,of 9 ratings,$27
HCOM,$21.92,1440709891045,"22,250",100% bearish,of 1 rating,$28
HWKN,$36.74,1440709891075,"24,607",Not yet rated,NULL,N/A
HWBK,$13.65,1440709891104,900,100% bearish,of 1 rating,N/A
HAYN,$38.37,1440709891207,"70,009",100% bearish,of 1 rating,$59
HIIQ,$4.91,1440709891249,"213,311",50% bullish,of 2 ratings,$7
HDS,$32.7916,1440709891280,"2,704,706",100% bearish,of 2 ratings,$39.50
HCSG,$33.37,1440709891302,"222,864",50% bullish,of 4 ratings,$35
HQY,$29.36,1440709891381,"181,717",67% bullish,of 3 ratings,$31
HWAY,$11.94,1440709891528,"197,544",100% bearish,of 1 rating,$15
HTLD,$20.45,1440709891557,"404,607",Not yet rated,NULL,$22.50
HTWR,$86.38,1440709891585,"181,322",50% bullish,of 2 ratings,$103
HTLF,$35.74,1440709891660,"36,155",100% bullish,of 1 rating,$39.50
HSII,$19.66,1440709891728,"55,840",100% bullish,of 3 ratings,$25
HTBX,$5.15,1440709891754,"7,475",50% bullish,of 2 ratings,$15.50
HSTM,$25.04,1440709891820,"91,715",50% bullish,of 2 ratings,$33.75
HELE,$85.25,1440709891904,"137,795",67% bearish,of 3 ratings,$100
HMNY,NULL,1440709891956,0,100% bearish,of 1 rating,N/A
HMTV,$13.56,1440709891981,"23,963",100% bearish,of 1 rating,$16
HCACU,$9.94,1440709892125,"1,418",Not yet rated,NULL,N/A
HERO,NULL,1440709892152,0,NULL,NULL,NULL
HNNA,$24.725,1440709892182,"6,531",Not yet rated,NULL,N/A
HSIC,$138.68,1440709892207,"380,165",83% bullish,of 6 ratings,$146
HTBK,$10.63,1440709892260,"37,118",Not yet rated,NULL,$12
HEOP,$7.67,1440709892478,"15,988",Not yet rated,NULL,$8.50
HFWA,$17.49,1440709892511,"41,588",100% bullish,of 1 rating,$20
HCCI,$11.06,1440709892533,"34,679",100% bearish,of 1 rating,$16.50
MLHR,$26.99,1440709892608,"416,852",50% bullish,of 2 ratings,$33.50
HRTX,$36,1440709892675,"376,945",67% bullish,of 6 ratings,$41
HSKA,$33.49,1440709892702,"29,373",100% bearish,of 1 rating,$38
HFFC,$15.99,1440709892723,"3,204",Not yet rated,NULL,N/A
HIBB,$38.68,1440709892869,"262,034",100% bearish,of 1 rating,$46.50
HIHO,$3.9,1440709892938,"7,696",Not yet rated,NULL,N/A
HIFS,$117.96,1440709893042,"4,159",Not yet rated,NULL,N/A
HPJ,$2.19,1440709893073,"47,402",75% bullish,of 4 ratings,$12.43
HIMX,$6.74,1440709893106,"696,618",86% bullish,of 21 ratings,$8.50
HSGX,$6.13,1440709893134,903,100% bearish,of 1 rating,$17
HMSY,$10.07,1440709893209,"1,029,380",67% bullish,of 3 ratings,$19.35
HMNF,$11.14,1440709893238,"3,550",Not yet rated,NULL,N/A
HOLI,$17.89,1440709893367,"214,655",50% bullish,of 4 ratings,$27
HOMB,$37.87,1440709893458,"275,087",Not yet rated,NULL,$42
HBCP,$24.5,1440709893509,"1,969",Not yet rated,NULL,$29
HFBL,$21.54,1440709893592,300,Not yet rated,NULL,N/A
HOLX,$39.31,1440709893619,"1,555,957",67% bullish,of 3 ratings,$42
HMST,$21.89,1440709893746,"115,090",100% bullish,of 2 ratings,$27
AWAY,$28.5707,1440709893771,"878,772",67% bullish,of 3 ratings,$36
HMIN,$27.5,1440709893798,"194,716",100% bearish,of 2 ratings,$35
HKTV,$4.61,1440709893847,"29,158",100% bearish,of 1 rating,N/A
HOFT,$23.33,1440709893982,"41,289",100% bearish,of 1 rating,N/A
CETC,$0.72,1440709894010,"82,368",86% bullish,of 7 ratings,N/A
HTBI,$18.1,1440709894036,"42,266",67% bullish,of 3 ratings,$18.625
HFBC,$11.23,1440709894065,"2,760",Not yet rated,NULL,N/A
HZNP,$30.5,1440709894171,"1,979,593",85% bullish,of 20 ratings,$40
HBNC,$23.32,1440709894200,"10,986",100% bullish,of 1 rating,$27
HRZN,$10.14,1440709894225,"31,900",50% bullish,of 2 ratings,$14.25
HDP,$24.27,1440709894472,"239,273",67% bearish,of 3 ratings,$30.50
ZINC,$7.45,1440709894497,"687,260",100% bearish,of 1 rating,$17
HWCC,$7.35,1440709894526,"70,329",100% bearish,of 1 rating,$9
HMHC,$22.75,1440709894556,"1,125,817",Not yet rated,NULL,$27
HOVNP,$4.49,1440709894654,"3,213",100% bearish,of 1 rating,N/A
HBMD,$14.48,1440709894705,"2,156",100% bearish,of 1 rating,N/A
HTGM,$5.65,1440709894755,"38,705",100% bearish,of 1 rating,$19.50
HSNI,$62.22,1440709894782,"178,338",Not yet rated,NULL,$80
HUBG,$37.74,1440709894840,"215,954",100% bearish,of 1 rating,$43
HCBK,$9.45,1440709894872,"1,612,129",83% bullish,of 6 ratings,$8.61
HBAN,$10.86,1440709894981,"7,228,316",76% bullish,of 17 ratings,$12.29
HSON,$2.6,1440709895016,"13,371",100% bearish,of 1 rating,$5
HDSN,$3.05,1440709895041,"5,955",100% bullish,of 1 rating,$6.25
HURC,$30.59,1440709895203,"15,333",100% bearish,of 1 rating,N/A
HURN,$73.27,1440709895230,"135,326",50% bullish,of 2 ratings,$80
HBANP,$1355,1440709895256,66,100% bearish,of 1 rating,N/A
HTCH,$1.43,1440709895388,"65,004",100% bearish,of 1 rating,$3.50
HBP,$3.06,1440709895479,"1,472",100% bullish,of 1 rating,N/A
HDRA,$9.69,1440709895508,"11,400",Not yet rated,NULL,N/A
HDRAR,NULL,1440709895528,0,Not yet rated,NULL,N/A
HDRAU,$10.11,1440709895560,"4,500",Not yet rated,NULL,N/A
HDRAW,$0.264,1440709895588,"5,226",Not yet rated,NULL,N/A
HYGS,$8.76,1440709895685,"27,221",50% bullish,of 2 ratings,$13
IKGH,$1.77,1440709895768,"160,691",75% bullish,of 4 ratings,N/A
IACI,$71.66,1440709895795,"537,939",75% bullish,of 4 ratings,$90
IBKC,$59.92,1440709895929,"142,135",100% bullish,of 1 rating,$70
IDSY,$3.8,1440709895955,"10,880",100% bearish,of 1 rating,$7
ICAD,$3.78,1440709895977,"108,076",100% bullish,of 2 ratings,$7.25
IEP,$74.1,1440709896009,"120,096",75% bullish,of 4 ratings,$99
ICFI,$34.04,1440709896105,"41,800",50% bullish,of 2 ratings,$48.50
ICON,$13.34,1440709896191,"716,782",50% bullish,of 2 ratings,$18.50
ICLR,$78.848,1440709896235,"383,498",100% bearish,of 3 ratings,$85
IPWR,$7.27,1440709896323,"2,810",100% bullish,of 1 rating,$15
IDXX,$73.42,1440709896387,"246,947",100% bearish,of 1 rating,$77
ICUI,$113.45,1440709896451,"130,125",Not yet rated,NULL,$122
IDRA,$2.89,1440709896502,"1,860,527",89% bullish,of 9 ratings,$6.50
DSKY,$11.03,1440709896529,"145,825",67% bullish,of 6 ratings,$11.50
INVE,$3.98,1440709896550,"41,335",75% bullish,of 4 ratings,$4
IROQ,$16.99,1440709896688,206,100% bullish,of 1 rating,N/A
IRG,$4.56,1440709896713,"8,780",100% bearish,of 1 rating,$4.25
RXDX,$13.52,1440709896872,"146,142",100% bullish,of 1 rating,$20
KANG,$15.95,1440709896907,"270,221",50% bullish,of 2 ratings,$22.55
IIVI,$16.77,1440709896939,"699,651",100% bearish,of 1 rating,$22
IKAN,$2.72,1440709896960,"33,071",83% bullish,of 6 ratings,$5
IKNX,NULL,1440709896981,0,100% bearish,of 1 rating,N/A
ILMN,$201.94,1440709897120,"946,041",80% bullish,of 5 ratings,$245
ISNS,$3.93,1440709897192,"4,134",50% bullish,of 2 ratings,N/A
IMMR,$11.86,1440709897228,"94,707",80% bullish,of 5 ratings,$15.50
IMDZ,$16.44,1440709897330,"67,116",100% bearish,of 1 rating,$33
ICCC,$7.36,1440709897361,"11,588",100% bullish,of 1 rating,N/A
IMNP,$1.32,1440709897384,"85,143",50% bullish,of 2 ratings,$6
IMGN,$14.28,1440709897460,"573,089",75% bullish,of 4 ratings,$17.50
IMMU,$1.96,1440709897604,"599,136",86% bullish,of 7 ratings,$2
IPXL,$43.97,1440709897736,"494,035",67% bullish,of 3 ratings,$46.50
IMMY,$7.69,1440709897766,"15,991",100% bearish,of 1 rating,$11
INCY,$113.85,1440709897787,"936,953",50% bullish,of 6 ratings,$125.50
INCR,$42.09,1440709897827,"226,520",50% bullish,of 2 ratings,$53
SAAS,$7.6,1440709897848,"297,693",50% bullish,of 2 ratings,$15
IBTX,$40.63,1440709897917,"17,366",100% bullish,of 2 ratings,$47.25
INDB,$44.34,1440709897945,"62,917",Not yet rated,NULL,$44
IBCP,$14.1,1440709897994,"70,743",100% bullish,of 1 rating,$14.50
INFN,$22.51,1440709898132,"1,693,194",71% bullish,of 7 ratings,$28
IDSA,$3.72,1440709898159,"5,809",Not yet rated,NULL,N/A
INFI,$9.12,1440709898206,"315,149",50% bullish,of 4 ratings,$18
IPCC,$77.36,1440709898354,"23,864",Not yet rated,NULL,$77.50
IFON,$1.23,1440709898382,"83,079",75% bullish,of 4 ratings,N/A
III,$3.96,1440709898412,"105,250",57% bullish,of 7 ratings,$6
IMKTA,$50.87,1440709898459,"61,421",100% bearish,of 1 rating,N/A
INNL,$11.67,1440709898516,6,100% bearish,of 1 rating,$16.50
INWK,$7.06,1440709898545,"92,036",50% bullish,of 2 ratings,$10
INOD,$2.33,1440709898590,"41,620",100% bearish,of 1 rating,N/A
IPHS,$48.15,1440709898677,"96,948",100% bearish,of 1 rating,$60
IOSP,$47.69,1440709898731,"229,582",100% bearish,of 1 rating,N/A
ISSC,$2.88,1440709898780,"1,460",67% bearish,of 3 ratings,N/A
INGN,$47.41,1440709898875,"102,059",100% bearish,of 1 rating,$50.50
INO,$7.25,1440709899007,"1,067,174",89% bullish,of 18 ratings,$20
ITEK,$12.2175,1440709899032,"395,078",100% bearish,of 3 ratings,$20
INOV,$21.06,1440709899080,"662,294",100% bearish,of 1 rating,$33
INSM,$25.13,1440709899457,"277,013",71% bullish,of 7 ratings,$31.50
NSIT,$25.53,1440709899486,"109,396",50% bullish,of 2 ratings,N/A
IIIN,$17.05,1440709899565,"37,038",100% bearish,of 2 ratings,N/A
PODD,$29.35,1440709899618,"196,780",67% bearish,of 3 ratings,$35
ISIG,$2.7,1440709899649,"265,876",100% bearish,of 1 rating,N/A
IART,$60.54,1440709899670,"180,879",100% bearish,of 1 rating,$71.50
INSY,$33.25,1440709899708,"393,564",75% bullish,of 4 ratings,$48
NTEC,$5.68,1440709899729,"3,801",100% bearish,of 1 rating,N/A
IDTI,$19.4,1440709899800,"4,006,721",60% bullish,of 5 ratings,$25
INTC,$27.72,1440709899947,"23,881,763",82% bullish,of 238 ratings,$36
IESC,$6.93,1440709899981,"19,681",100% bearish,of 1 rating,N/A
ISSI,$21.88,1440709900054,"132,490",67% bullish,of 3 ratings,$19.75
IPCI,$2.17,1440709900079,"88,505",67% bullish,of 6 ratings,$8
IQNT,$18.79,1440709900104,"188,548",86% bullish,of 7 ratings,$20
IPAR,$25.4,1440709900272,"84,127",67% bullish,of 3 ratings,$38
IBKR,$39.81,1440709900300,"636,223",100% bullish,of 1 rating,N/A
ININ,$35.39,1440709900321,"115,514",67% bearish,of 3 ratings,$57
ICPT,$191.08,1440709900365,"123,607",70% bullish,of 10 ratings,$359.50
ICLD,$1.82,1440709900452,"171,805",75% bullish,of 4 ratings,N/A
ICLDW,NULL,1440709900480,0,100% bearish,of 1 rating,N/A
IDCC,$49.51,1440709900501,"285,981",80% bullish,of 5 ratings,$63
IMI,$2.1,1440709900530,"87,007",67% bullish,of 3 ratings,$2.22
TILE,$23.93,1440709900675,"593,654",100% bearish,of 3 ratings,$27
INAP,$7.83,1440709900733,"180,248",75% bullish,of 4 ratings,$11
IBOC,$25.06,1440709900826,"136,498",100% bearish,of 1 rating,N/A
PTNT,$2.98,1440709900914,"1,600",Not yet rated,NULL,N/A
ISCA,$31.49,1440709900941,"90,883",100% bearish,of 1 rating,N/A
IIJI,$10.07,1440709900962,190,50% bullish,of 2 ratings,$11.50
IGLD,$6.94,1440709900994,"3,400",50% bullish,of 2 ratings,N/A
ISIL,$10.59,1440709901088,"927,307",50% bullish,of 6 ratings,$15
INTX,$1.91,1440709901185,"51,642",67% bullish,of 3 ratings,N/A
XENT,$25.44,1440709901221,"130,184",50% bullish,of 2 ratings,$36.50
INPH,$0.28,1440709901242,"63,259",50% bullish,of 2 ratings,N/A
IVAC,$4.7,1440709901289,"57,631",100% bearish,of 1 rating,$6.625
IILG,$19.78,1440709901318,"151,802",100% bearish,of 1 rating,$29
INTL,$25.83,1440709901417,"56,452",67% bearish,of 3 ratings,N/A
ITCI,$25.96,1440709901501,"287,406",75% bearish,of 4 ratings,$40
INTLL,NULL,1440709901554,0,Not yet rated,NULL,N/A
IIN,$6.07,1440709901647,"1,900",100% bearish,of 1 rating,$12
INTU,$86.6,1440709901791,"2,159,608",86% bullish,of 7 ratings,$107.50
ISRG,$515.57,1440709901826,"141,180",67% bullish,of 3 ratings,$600
INVT,$0.2705,1440709901858,"13,897",67% bullish,of 3 ratings,N/A
ISTR,$15.62,1440709901879,"5,117",100% bearish,of 1 rating,$18.50
ISBC,$11.75,1440709901933,"2,190,927",100% bullish,of 1 rating,$13.25
SNAK,$8.4,1440709901962,"98,855",50% bullish,of 2 ratings,$14
ITIC,NULL,1440709902066,0,100% bearish,of 2 ratings,N/A
IPAS,$1.08,1440709902118,"75,065",67% bullish,of 3 ratings,N/A
IVTY,$14.1,1440709902251,"22,246",Not yet rated,NULL,$18
NVIV,$9.33,1440709902280,"195,091",50% bullish,of 4 ratings,$24.50
DTUL,NULL,1440709902330,0,Not yet rated,NULL,N/A
DFVL,NULL,1440709902386,0,Not yet rated,NULL,N/A
IPCM,$79.14,1440709902419,"181,722",50% bullish,of 2 ratings,$80.125
IRMD,$25.34,1440709902542,"9,500",67% bearish,of 3 ratings,$25
IPGP,$85.81,1440709902568,"547,376",100% bearish,of 2 ratings,$109.50
IRDM,$7.11,1440709902730,"564,352",60% bullish,of 5 ratings,$11.50
IRIX,$6.72,1440709902759,"8,550",100% bearish,of 1 rating,N/A
IRDMB,$279.2,1440709902783,554,67% bearish,of 3 ratings,N/A
IRWD,$11.05,1440709902813,"880,343",100% bearish,of 1 rating,$13
IRBT,$28.48,1440709902839,"197,483",67% bullish,of 6 ratings,$37
IRCP,NULL,1440709902971,0,100% bullish,of 2 ratings,N/A
COMT,$32.83,1440709903071,"31,987",100% bearish,of 1 rating,N/A
FCHI,NULL,1440709903097,0,NULL,NULL,NULL
IFAS,NULL,1440709903170,0,NULL,NULL,NULL
GNMA,$50.25,1440709903196,"4,341",Not yet rated,NULL,N/A
IFEU,$38.24,1440709903273,"7,404",Not yet rated,NULL,N/A
IFGL,$28.87,1440709903298,"250,674",Not yet rated,NULL,N/A
IFNA,NULL,1440709903352,0,NULL,NULL,NULL
ACWI,$56.51,1440709903486,"2,119,332",Not yet rated,NULL,N/A
AXJS,NULL,1440709903530,0,NULL,NULL,NULL
AAIT,NULL,1440709903557,0,NULL,NULL,NULL
ACWX,$41.17,1440709903587,"1,184,998",100% bearish,of 1 rating,N/A
AAXJ,$54.27,1440709903614,"1,102,232",Not yet rated,NULL,N/A
EMDI,NULL,1440709903657,0,NULL,NULL,NULL
EEMA,$51.06,1440709903684,"38,856",Not yet rated,NULL,N/A
EEME,NULL,1440709903744,0,NULL,NULL,NULL
EMEY,NULL,1440709903992,0,NULL,NULL,NULL
EEML,$27.92,1440709904018,"9,006",Not yet rated,NULL,N/A
EGRW,NULL,1440709904045,0,NULL,NULL,NULL
EVAL,NULL,1440709904068,0,NULL,NULL,NULL
EUFN,$22.05,1440709904153,"60,371",100% bearish,of 1 rating,N/A
QAT,$21.6,1440709904202,"13,695",Not yet rated,NULL,N/A
IEUS,$45.47,1440709904230,"4,169",100% bearish,of 1 rating,N/A
UAE,$18.3,1440709904334,"17,620",Not yet rated,NULL,N/A
SOXX,$82.77,1440709904407,"692,426",50% bullish,of 2 ratings,N/A
IBB,$351,1440709904476,"1,456,939",63% bullish,of 8 ratings,N/A
EMIF,$29.12,1440709904550,"4,166",Not yet rated,NULL,N/A
INDY,$27.98,1440709904577,"291,675",50% bullish,of 2 ratings,N/A
ICLN,$9.66,1440709904606,"22,300",50% bullish,of 2 ratings,N/A
WOOD,$48.13,1440709904708,"9,339",50% bullish,of 2 ratings,N/A
ISHG,$79.6,1440709904749,"16,680",100% bearish,of 1 rating,N/A
IGOV,$90.865,1440709904784,"16,724",100% bearish,of 1 rating,N/A
ISIS,$51.56,1440709904876,"1,139,313",53% bullish,of 15 ratings,$67
ISRL,$124.63,1440709904924,278,100% bearish,of 1 rating,N/A
ISLE,$16.87,1440709905070,"251,165",50% bullish,of 4 ratings,$16
ITRI,$29.64,1440709905096,"331,850",Not yet rated,NULL,$37
ITUS,$4.08,1440709905131,"9,184",Not yet rated,NULL,N/A
ITRN,$24.18,1440709905224,"16,603",50% bullish,of 2 ratings,N/A
IXYS,$10.83,1440709905260,"90,102",50% bullish,of 4 ratings,N/A
JJSF,$114.43,1440709905307,"34,374",100% bearish,of 1 rating,N/A
XXIA,$15.04,1440709905389,"321,422",71% bullish,of 7 ratings,$14.625
MAYS,NULL,1440709905419,0,Not yet rated,NULL,N/A
JBHT,$73.51,1440709905490,"722,869",50% bullish,of 4 ratings,$89.50
JCOM,$69.21,1440709905518,"171,558",100% bullish,of 2 ratings,$77
JASO,$7.97,1440709905653,"846,098",82% bullish,of 17 ratings,$10
JKHY,$67.82,1440709905679,"410,762",50% bullish,of 2 ratings,$72
JACK,$81.49,1440709905812,"314,259",83% bullish,of 6 ratings,$105
JXSB,NULL,1440709905861,0,Not yet rated,NULL,N/A
JAXB,NULL,1440709905891,0,100% bullish,of 1 rating,N/A
JMBA,$13.61,1440709905967,"84,180",75% bullish,of 4 ratings,$18
JAGX,$4.15,1440709905992,"15,594",Not yet rated,NULL,N/A
ERW,NULL,1440709906513,0,Not yet rated,NULL,N/A
JASNW,NULL,1440709906542,0,50% bullish,of 2 ratings,N/A
JASN,$4.8861,1440709906564,"9,904",50% bullish,of 2 ratings,$9.50
JRVR,$26.6,1440709906585,"51,493",Not yet rated,NULL,$32
JAKK,$9.3,1440709906630,"681,808",60% bearish,of 5 ratings,$11
JD,$27.2,1440709906652,"6,170,230",75% bullish,of 16 ratings,$36
JAZZ,$170.77,1440709906727,"244,261",80% bullish,of 15 ratings,$206.50
JBLU,$22.38,1440709906748,"6,142,519",94% bullish,of 18 ratings,$27
JTPY,$2.89,1440709906895,"1,564",100% bearish,of 1 rating,N/A
DATE,$5.9,1440709907004,"111,515",75% bullish,of 4 ratings,$9
JCTCF,$9.5,1440709907038,"2,400",100% bullish,of 1 rating,N/A
JIVE,$4.32,1440709907146,"351,907",75% bullish,of 4 ratings,$5
JST,$3.85,1440709907230,"38,232",75% bullish,of 4 ratings,N/A
WYIGU,$10,1440709907261,"3,300",Not yet rated,NULL,N/A
JOUT,$22.59,1440709907291,"10,868",100% bearish,of 1 rating,$34
JNP,$11,1440709907319,"68,801",100% bullish,of 3 ratings,$15
JOEZ,$0.169,1440709907360,"106,474",92% bullish,of 12 ratings,N/A
JBSS,$53.28,1440709907396,"36,732",67% bearish,of 3 ratings,N/A
JUNO,$37.33,1440709907530,"821,092",73% bullish,of 11 ratings,$71.50
KTWO,$21.5,1440709907720,"67,815",100% bearish,of 1 rating,$28.50
KBIO,$1.97,1440709907747,"27,678",50% bullish,of 4 ratings,N/A
KALU,$82.15,1440709907773,"151,378",67% bearish,of 3 ratings,$91
KCLI,$45.6,1440709907933,"22,217",Not yet rated,NULL,N/A
KMDA,$3.4,1440709907959,500,50% bullish,of 2 ratings,$8
