Symbol,Price,Date,Volume,Rating,RatingVoteCount,OneYearEstimate
TFSCU,NULL,1440792902138,0,Not yet rated,NULL,N/A
TFSCW,$0.21,1440792902169,"1,300",100% bearish,of 1 rating,N/A
TFSC,NULL,1440792902190,0,100% bearish,of 1 rating,N/A
FCCY,$11.54,1440792902211,933,100% bullish,of 1 rating,$13
FCTY,$7.96,1440792902233,"3,400",100% bullish,of 1 rating,$8.50
SRCE,$29.44,1440792902271,"28,920",100% bullish,of 3 ratings,$33
DGLD,$81.1,1440792902292,"16,958",100% bullish,of 1 rating,N/A
VNET,$18.05,1440792902313,"541,089",60% bullish,of 5 ratings,$35
DSLV,$69.51,1440792902505,"9,311",100% bearish,of 1 rating,N/A
SIXD,$2.72,1440792902538,"111,100",Not yet rated,NULL,N/A
TWOU,$34.8683,1440792902560,"128,984",50% bullish,of 2 ratings,$39
USLV,$12.45,1440792902597,"242,637",86% bullish,of 7 ratings,N/A
JOBS,$27.019,1440792902636,"69,549",50% bullish,of 4 ratings,$36
UGLD,$9.31,1440792902721,"340,880",100% bearish,of 1 rating,N/A
CAFD,$15.0196,1440792902767,"242,552",Not yet rated,NULL,$25
EGHT,$7.84,1440792902827,"383,641",82% bullish,of 17 ratings,$11
AVHI,$13.96,1440792903150,"12,829",100% bearish,of 1 rating,$19
AAON,$20.51,1440792903176,"107,096",100% bearish,of 1 rating,$24
ABY,$22.7047,1440792903197,"423,229",100% bearish,of 2 ratings,$46
SHLM,$34.06,1440792903235,"65,447",100% bearish,of 1 rating,$47
ABAX,$47.89,1440792903258,"108,554",100% bearish,of 1 rating,$60
ABEOW,$1.83,1440792903287,"2,361",100% bullish,of 1 rating,N/A
ABGB,$5.71,1440792903308,"37,255",67% bullish,of 3 ratings,$5.50
ABEO,$4.82,1440792903340,"47,895",50% bullish,of 4 ratings,$15.50
AXAS,$1.92,1440792903547,"928,156",78% bullish,of 9 ratings,$3.50
ACAD,$38.17,1440792903601,"432,883",80% bullish,of 20 ratings,$48
ACHC,$74.2503,1440792903629,"344,347",50% bullish,of 2 ratings,$92
ABMD,$98.23,1440792903702,"317,454",75% bullish,of 4 ratings,$100.50
ACTG,$9.43,1440792903727,"191,307",67% bullish,of 3 ratings,$18.50
AXDX,$19.1,1440792903912,"112,264",100% bearish,of 1 rating,N/A
XLRN,$29.188,1440792903939,"89,165",50% bullish,of 2 ratings,$57
VXDN,$1.96,1440792904018,"24,710",100% bearish,of 1 rating,N/A
ARAY,$6.725,1440792904068,"686,399",100% bearish,of 1 rating,$10.50
ACST,$0.3694,1440792904094,"9,260",100% bullish,of 2 ratings,N/A
ANCX,$20.01,1440792904125,"20,117",Not yet rated,NULL,$20
ACET,$22.76,1440792904166,"83,135",75% bullish,of 4 ratings,$30
ACRX,$4.24,1440792904193,"310,833",67% bearish,of 6 ratings,$5.50
AKAO,$6.99,1440792904332,"38,455",75% bullish,of 4 ratings,$15
ACHN,$7.701,1440792904424,"1,461,960",90% bullish,of 21 ratings,$16
VXUP,$1.61,1440792904448,"48,957",100% bearish,of 1 rating,N/A
ACNB,$19.85,1440792904604,"4,210",Not yet rated,NULL,N/A
ACOR,$32.73,1440792904651,"556,637",67% bearish,of 3 ratings,$38.50
ACTS,$1.6,1440792904676,"49,648",100% bearish,of 1 rating,N/A
ACIW,$21.38,1440792904741,"287,358",67% bearish,of 3 ratings,$24
ATVI,$29.21,1440792904810,"135,333,421",68% bullish,of 84 ratings,$31.50
ACPW,$1.81,1440792904877,"38,604",100% bullish,of 4 ratings,$3.50
ACTA,$13.9626,1440792904906,"90,351",67% bearish,of 3 ratings,$25
ACUR,$2.83,1440792904946,"48,939",100% bullish,of 5 ratings,$1
ADMS,$20.61,1440792905082,"60,514",100% bearish,of 2 ratings,$36
ACXM,$21.15,1440792905103,"258,174",67% bullish,of 3 ratings,N/A
ADMP,$3.69,1440792905139,"11,630",50% bullish,of 2 ratings,$10
ADUS,$28.71,1440792905178,"18,199",100% bearish,of 1 rating,$31
ADAP,$11.66,1440792905239,"84,789",67% bullish,of 3 ratings,$22
ADEP,$6.87,1440792905423,"20,312",50% bullish,of 2 ratings,$10.75
AEY,$2.3,1440792905453,"7,434",100% bearish,of 2 ratings,N/A
ADBE,$79.4,1440792905526,"2,163,969",65% bullish,of 17 ratings,$90
ADMA,$9.37,1440792905556,"14,766",Not yet rated,NULL,$19
AEIS,$24.42,1440792905624,"174,680",50% bullish,of 2 ratings,$32.50
ADTN,$15.7,1440792905650,"386,309",67% bullish,of 3 ratings,$17.125
ADRO,$20.61,1440792905679,"147,841",80% bullish,of 5 ratings,$45.50
AMD,$1.85,1440792905785,"6,618,943",83% bullish,of 103 ratings,$2
ADXS,$15.0217,1440792905868,"467,613",64% bullish,of 14 ratings,$27
MULT,NULL,1440792905969,0,100% bearish,of 1 rating,N/A
ADXSW,$10.47,1440792906001,"1,850",100% bullish,of 1 rating,N/A
AEGR,$17.66,1440792906057,"330,944",50% bullish,of 6 ratings,$26
YPRO,$22.79,1440792906102,"3,532",100% bearish,of 1 rating,N/A
AEGN,$18.28,1440792906162,"94,530",100% bearish,of 2 ratings,$21
AEHR,$2.27,1440792906299,"2,346",50% bullish,of 2 ratings,N/A
AMTX,$3.11,1440792906368,"28,001",50% bullish,of 2 ratings,$26.11
AEPI,$53.89,1440792906393,"11,714",100% bearish,of 1 rating,N/A
AERI,$16.49,1440792906424,"375,904",75% bullish,of 4 ratings,$31.50
AEZS,$0.088,1440792906527,"10,110,751",90% bullish,of 21 ratings,$1.50
AVAV,$24.08,1440792906564,"74,478",50% bullish,of 4 ratings,$31
AEMD,$7.05,1440792906591,"88,959",Not yet rated,NULL,$27.50
AFMD,$10.43,1440792906727,"107,527",50% bullish,of 4 ratings,$15
AFFX,$9.48,1440792906754,"278,897",80% bullish,of 5 ratings,$12.50
AGEN,$7.23,1440792906814,"601,564",85% bullish,of 13 ratings,$14
AGYS,$10.21,1440792906919,"22,915",100% bearish,of 1 rating,N/A
AGRX,$9.16,1440792906986,"22,115",100% bearish,of 1 rating,$17.50
AIMT,$21.11,1440792907087,"136,933",Not yet rated,NULL,N/A
AGFSW,$1.95,1440792907115,"8,300",100% bearish,of 2 ratings,N/A
AGFS,$10.1318,1440792907170,"137,593",100% bearish,of 1 rating,N/A
AGIO,$90.69,1440792907197,"186,122",88% bullish,of 8 ratings,$114
AMCN,$4.59,1440792907369,"108,503",83% bullish,of 6 ratings,N/A
ATSG,$8.95,1440792907394,"126,629",67% bullish,of 3 ratings,$13
AIRT,$22.16,1440792907422,376,100% bullish,of 1 rating,N/A
AIRM,$37.86,1440792907457,"199,110",80% bearish,of 5 ratings,$53
AKAM,$71.9,1440792907555,"1,710,616",63% bullish,of 8 ratings,$77
AIXG,$6.38,1440792907580,"27,231",67% bearish,of 3 ratings,$5.25
AKBA,$6.8377,1440792907608,"104,902",100% bearish,of 1 rating,$18
AKRX,$41.03,1440792907784,"401,818",78% bullish,of 9 ratings,$56
ALRM,$16.8,1440792907830,"126,608",100% bearish,of 1 rating,$22
ADHD,$7.94,1440792907963,"131,054",50% bullish,of 4 ratings,$18
AMRI,$20.6,1440792907990,"158,371",75% bearish,of 4 ratings,$24
ALSK,$2.15,1440792908012,"235,932",78% bullish,of 18 ratings,$2
AKER,$2.48,1440792908033,"28,755",Not yet rated,NULL,N/A
ABDC,$12.83,1440792908069,"24,564",Not yet rated,NULL,$15
ALDX,$7.06,1440792908169,"18,445",100% bearish,of 1 rating,$14.50
ALDR,$38.4789,1440792908197,"186,385",67% bearish,of 3 ratings,$62
ALXA,$1.13,1440792908347,"13,227",83% bullish,of 6 ratings,$2.125
ALXN,$178.86,1440792908425,"1,011,924",88% bullish,of 8 ratings,$223
ALGN,$57.27,1440792908484,"244,130",100% bearish,of 2 ratings,$73
ALCO,$42.25,1440792908510,"5,287",50% bullish,of 2 ratings,N/A
ALIM,$3.44,1440792908640,"27,001",80% bullish,of 5 ratings,$10
ALKS,$62.0942,1440792908734,"542,032",67% bullish,of 3 ratings,$75
ALGT,$208.41,1440792908835,"150,181",100% bearish,of 2 ratings,$235
ALLB,$22.72,1440792908870,797,Not yet rated,NULL,N/A
AHGP,$36.41,1440792908971,"88,951",67% bullish,of 3 ratings,N/A
AFOP,$18.9633,1440792909007,"104,057",75% bullish,of 8 ratings,$21
AHPI,$1.44,1440792909039,"1,714",50% bullish,of 2 ratings,N/A
AIQ,$14.35,1440792909061,"6,869",67% bullish,of 3 ratings,N/A
AMOT,$18.85,1440792909119,"86,885",100% bearish,of 1 rating,N/A
ARLP,$25.32,1440792909144,"280,083",67% bearish,of 3 ratings,$32
ALQA,$4.4,1440792909313,"19,390",75% bullish,of 4 ratings,$8.50
ALLT,$5.42,1440792909342,"187,497",75% bullish,of 4 ratings,$6.25
MDRX,$13.8,1440792909449,"809,538",60% bullish,of 5 ratings,$16
AFAM,$45.43,1440792909640,"41,722",50% bullish,of 2 ratings,$44
AOSL,$7.31,1440792909675,"49,801",67% bullish,of 3 ratings,$9
ALNY,$109.15,1440792909704,"353,972",67% bullish,of 3 ratings,$148.50
SMCP,NULL,1440792909734,0,Not yet rated,NULL,N/A
ATEC,$0.54,1440792909768,"81,514",100% bullish,of 1 rating,$2
ALTR,$48.61,1440792909795,"1,156,594",80% bearish,of 5 ratings,$54
ASPS,$25.904,1440792909832,"184,773",67% bullish,of 3 ratings,$46.50
AIMC,$24.94,1440792909865,"71,440",100% bearish,of 2 ratings,$28.50
AMAG,$65.5295,1440792910094,"315,459",100% bullish,of 2 ratings,$77.50
AMRK,$10.28,1440792910133,"2,016",50% bullish,of 2 ratings,$14
AYA,$20.7,1440792910159,"10,578",100% bearish,of 1 rating,$40
AMZN,$518.01,1440792910184,"1,537,049",81% bullish,of 264 ratings,$646
AMRN,$2.23,1440792910209,"1,409,147",85% bullish,of 39 ratings,$8
AMBC,$15.5175,1440792910340,"218,562",100% bearish,of 1 rating,$16.50
AMBA,$96.29,1440792910481,"1,950,816",83% bullish,of 12 ratings,$102.50
AMBCW,$7.65,1440792910512,"1,012",100% bearish,of 1 rating,N/A
EPAX,$2.69,1440792910542,"86,785",100% bearish,of 1 rating,N/A
AMCX,$73.6,1440792910571,"349,490",67% bullish,of 3 ratings,$87.50
AMED,$39.09,1440792910618,"188,101",100% bearish,of 1 rating,$42
DOX,$57.5658,1440792910651,"257,265",67% bearish,of 3 ratings,$60
AMDA,$0.4798,1440792910704,"643,528",90% bullish,of 10 ratings,$1
ASBI,$22.64,1440792910752,"1,069",Not yet rated,NULL,N/A
UHAL,$375.77,1440792910856,"28,990",100% bullish,of 2 ratings,$393.50
ATAX,$5.27,1440792910883,"73,836",100% bullish,of 1 rating,$6.50
AGNCP,$25.34,1440792911177,"6,144",Not yet rated,NULL,N/A
AGNC,$19.36,1440792911202,"1,933,870",71% bullish,of 28 ratings,$22
AMOV,$18.46,1440792911235,"2,614",100% bearish,of 1 rating,N/A
MTGEP,$24.5,1440792911275,583,Not yet rated,NULL,N/A
AAL,$38.62,1440792911330,"7,102,524",93% bullish,of 88 ratings,$57
MTGE,$15.29,1440792911370,"623,154",75% bullish,of 4 ratings,$19.50
AGNCB,$24.29,1440792911402,"19,098",Not yet rated,NULL,N/A
ANCI,$1.46,1440792911464,474,100% bearish,of 1 rating,N/A
ACAS,$13.8357,1440792911545,"897,392",60% bullish,of 5 ratings,$16.75
ACSF,$12.38,1440792911599,"29,182",100% bearish,of 1 rating,$15
AETI,$3.75,1440792911624,881,67% bearish,of 3 ratings,N/A
AMIC,NULL,1440792911677,0,Not yet rated,NULL,N/A
AMNB,$23.29,1440792911868,"4,498",Not yet rated,NULL,$25.50
ANAT,$100.2905,1440792911933,"25,752",100% bullish,of 1 rating,N/A
ARII,$40.76,1440792912006,"146,105",67% bearish,of 3 ratings,$45
AMSWA,$9.06,1440792912082,"131,088",100% bearish,of 2 ratings,$10.75
APEI,$22.36,1440792912115,"59,691",100% bearish,of 1 rating,$25.50
ASEI,$39.03,1440792912137,"21,358",100% bearish,of 1 rating,$52.50
AMSC,$4.67,1440792912215,"80,461",50% bullish,of 4 ratings,N/A
AMRB,$10.05,1440792912271,"2,153",Not yet rated,NULL,$11
AMWD,$66.55,1440792912344,"77,196",50% bullish,of 2 ratings,$70
ABCB,$26.8,1440792912406,"85,788",Not yet rated,NULL,$31
AMSF,$46.91,1440792912478,"49,707",Not yet rated,NULL,$57.50
CRMT,$36.0109,1440792912506,"40,411",100% bearish,of 1 rating,$39
ASRV,$3.22,1440792912535,"12,469",100% bullish,of 2 ratings,N/A
ASRVP,NULL,1440792912676,0,Not yet rated,NULL,N/A
ATLO,$23.59,1440792912702,"4,444",Not yet rated,NULL,N/A
AMGN,$155.89,1440792912836,"3,397,740",89% bullish,of 19 ratings,$185
FOLD,$14.87,1440792912862,"611,835",56% bullish,of 9 ratings,$21
AMSG,$80.06,1440792912990,"251,681",100% bearish,of 1 rating,$85.50
AMKR,$5.07,1440792913019,"1,269,675",100% bearish,of 2 ratings,$5
ASYS,$5.39,1440792913080,"36,672",67% bullish,of 3 ratings,$12
AMPH,$13.4129,1440792913105,"106,764",50% bullish,of 2 ratings,$20
AMSGP,$149.3,1440792913134,"33,058",Not yet rated,NULL,N/A
AMRS,$1.69,1440792913270,"51,285",70% bullish,of 10 ratings,N/A
ANAC,$135.0008,1440792913298,"264,175",80% bullish,of 5 ratings,$180.50
AFSI,$58.4071,1440792913329,"155,916",60% bullish,of 5 ratings,$72
ANAD,$0.33,1440792913434,"133,227",100% bullish,of 2 ratings,$.50
ALOG,$80.27,1440792913566,"65,492",100% bearish,of 2 ratings,$100.50
ADI,$56.45,1440792913595,"2,239,119",67% bullish,of 3 ratings,$69
ABCW,$40.28,1440792913847,"7,666",67% bullish,of 3 ratings,N/A
AMCF,$0.22,1440792913912,"1,426",100% bullish,of 7 ratings,N/A
ANGO,$14.67,1440792913944,"69,292",67% bullish,of 3 ratings,$19
ANCB,$21.98,1440792913970,"29,500",Not yet rated,NULL,$23
ANIK,$35.94,1440792914047,"99,663",60% bullish,of 5 ratings,$51.25
ANGI,$5.21,1440792914078,"313,148",64% bullish,of 11 ratings,$5.50
ANSS,$89.74,1440792914104,"244,250",100% bearish,of 1 rating,$100
ATRS,$1.79,1440792914179,"331,256",92% bullish,of 12 ratings,$4.50
ANIP,$52,1440792914311,"129,129",89% bullish,of 19 ratings,$66
ANTH,$7.3419,1440792914359,"469,163",80% bullish,of 10 ratings,$13
APOL,$11.47,1440792914750,"653,538",87% bearish,of 68 ratings,$14
ATNY,$2.26,1440792914780,"4,237",50% bullish,of 2 ratings,$3.75
AINV,$6.6,1440792914801,"696,100",50% bullish,of 4 ratings,$8
APIC,$6.91,1440792914836,"86,471",100% bearish,of 1 rating,$19
APOG,$50.82,1440792914857,"110,872",50% bullish,of 2 ratings,$67
ABAC,$0.75,1440792914890,"11,927",100% bearish,of 1 rating,N/A
APPF,$16.3,1440792914930,"22,796",50% bullish,of 2 ratings,$22
ARCI,NULL,1440792914987,0,Not yet rated,NULL,N/A
AAPL,$113.35,1440792915072,"32,351,041",86% bullish,of 2351 ratings,$150
APDN,$3.46,1440792915262,"72,814",Not yet rated,NULL,$9
AMCC,$5.77,1440792915334,"325,731",80% bullish,of 5 ratings,$8
APDNW,$1.27,1440792915359,"2,254",Not yet rated,NULL,N/A
AMAT,$15.99,1440792915391,"7,078,682",82% bullish,of 11 ratings,$23
AGTC,$16.7,1440792915424,"40,680",50% bullish,of 2 ratings,$33
AAOI,$21.0875,1440792915595,"169,188",50% bullish,of 4 ratings,$26
APTO,$5.28,1440792915697,"32,201",Not yet rated,NULL,$17
AREX,$2.17,1440792915720,"984,884",100% bearish,of 1 rating,$3
AQMS,$5.2,1440792915770,"53,706",Not yet rated,NULL,N/A
APRI,$1.35,1440792915828,"380,591",83% bullish,of 6 ratings,$4.86
AUMAU,NULL,1440792915849,0,Not yet rated,NULL,N/A
AUMA,$9.89,1440792915879,230,Not yet rated,NULL,N/A
AQXP,$17.24,1440792915907,"147,831",50% bullish,of 2 ratings,$2
AUMAW,NULL,1440792916111,0,Not yet rated,NULL,N/A
ARDM,NULL,1440792916161,0,100% bullish,of 1 rating,$26
PETX,$17.5088,1440792916268,"156,728",100% bearish,of 2 ratings,$26
ABUS,$7.36,1440792916306,"240,604",86% bullish,of 14 ratings,$23
ARCW,$3.63,1440792916333,"4,066",100% bearish,of 2 ratings,$10.50
RKDA,$6.36,1440792916482,"9,785",100% bearish,of 2 ratings,$10
ABIO,$0.89,1440792916511,"57,096",50% bullish,of 2 ratings,$3.75
ARDX,$18.75,1440792916543,"63,350",50% bullish,of 2 ratings,$24.50
ACAT,$26.55,1440792916640,"114,032",100% bearish,of 3 ratings,$33
ACGL,$68.17,1440792916665,"300,969",50% bullish,of 2 ratings,$72
ARNA,$2.71,1440792916707,"2,245,775",90% bullish,of 78 ratings,$5.50
ARCB,$29.04,1440792916808,"134,295",67% bearish,of 3 ratings,$39.50
ARCC,$15.6189,1440792916835,"1,375,235",67% bearish,of 3 ratings,$17.875
AGII,$54.7417,1440792916865,"101,148",Not yet rated,NULL,$59.50
AGIIL,$25.36,1440792916972,"11,027",Not yet rated,NULL,N/A
ARGS,$6.16,1440792917082,"18,498",50% bullish,of 2 ratings,$19.50
ARIA,$9.85,1440792917230,"22,245,251",87% bullish,of 46 ratings,$9
ARIS,$3.54,1440792917263,"40,749",Not yet rated,NULL,$4.50
ARMH,$42.62,1440792917289,"858,964",54% bearish,of 13 ratings,$60
ARTX,$1.45,1440792917314,"63,093",88% bullish,of 16 ratings,$4.50
ARKR,$24.54,1440792917360,604,50% bullish,of 2 ratings,N/A
ARWA,NULL,1440792917387,0,Not yet rated,NULL,N/A
ARWAR,NULL,1440792917443,0,Not yet rated,NULL,N/A
ARWAU,NULL,1440792917529,0,100% bullish,of 1 rating,N/A
ARWAW,NULL,1440792917667,0,Not yet rated,NULL,N/A
ARRY,$5.8871,1440792917717,"718,009",100% bullish,of 7 ratings,$10
ARQL,$1.76,1440792917768,"76,309",75% bullish,of 4 ratings,$5
ARRS,$26.82,1440792917924,"723,864",50% bullish,of 2 ratings,$38
ARWR,$5.7072,1440792917954,"437,189",75% bullish,of 4 ratings,$10.50
DWAT,$9.98,1440792917994,"2,550",100% bearish,of 1 rating,N/A
AROW,$27.26,1440792918060,"13,731",Not yet rated,NULL,N/A
ARTNA,$22.27,1440792918098,"8,464",100% bearish,of 1 rating,$29
ARTW,$4.27,1440792918229,"1,665",75% bearish,of 4 ratings,N/A
ASBB,$24.2,1440792918327,191,Not yet rated,NULL,N/A
ASCMA,$27.3642,1440792918364,"54,461",100% bearish,of 1 rating,$45
ASNA,$12,1440792918401,"3,324,411",50% bullish,of 2 ratings,$18
APWC,$1.91,1440792918429,"1,704",100% bearish,of 1 rating,N/A
ASND,$19.17,1440792918456,"58,087",100% bullish,of 1 rating,$30
ASTI,$0.1027,1440792918482,"1,274,925",83% bullish,of 6 ratings,$3
ASMI,NULL,1440792918614,0,NULL,NULL,NULL
AZPN,$37.8773,1440792918838,"470,612",50% bullish,of 2 ratings,$42
ASMB,$13.33,1440792918865,"39,990",67% bullish,of 3 ratings,N/A
ASFI,$8.9,1440792918949,"6,440",100% bullish,of 1 rating,N/A
ASTE,$37.12,1440792918995,"59,143",100% bearish,of 1 rating,$48
ASML,$91.98,1440792919055,"374,966",50% bullish,of 4 ratings,$127
ATRO,$52.8855,1440792919081,"104,321",100% bearish,of 2 ratings,$80
ALOT,$13.97,1440792919124,"5,000",100% bearish,of 1 rating,N/A
ASTC,$2.07,1440792919150,"13,827",100% bullish,of 5 ratings,N/A
ASUR,$5.97,1440792919224,"1,342",50% bullish,of 2 ratings,$8
ATRA,$39.662,1440792919498,"85,965",50% bullish,of 2 ratings,$68
ATHN,$136.0257,1440792919573,"144,258",67% bearish,of 3 ratings,$153
AFCB,$26.58,1440792919629,43,Not yet rated,NULL,N/A
ATAI,$2.53,1440792919674,"5,759",100% bearish,of 1 rating,N/A
ATHX,$1.15,1440792919705,"150,153",89% bullish,of 9 ratings,$5
AAPC,$10.1,1440792919730,524,Not yet rated,NULL,N/A
ATLC,$3.82,1440792919756,"1,000",67% bullish,of 3 ratings,N/A
AAME,$3.51,1440792919808,"1,614",Not yet rated,NULL,N/A
ATML,$8.21,1440792920023,"5,314,393",78% bullish,of 9 ratings,$9.50
ATRC,$25.4272,1440792920198,"74,843",100% bullish,of 1 rating,$30
AAWW,$41.57,1440792920236,"343,899",50% bullish,of 2 ratings,$65
ATOS,$0.76,1440792920262,"146,526",100% bullish,of 7 ratings,$7
ATNI,$71.89,1440792920302,"30,758",100% bearish,of 1 rating,$69.50
ACFC,$5.59,1440792920330,"23,302",100% bearish,of 1 rating,$6.50
AFH,$16.25,1440792920355,"45,375",Not yet rated,NULL,$21.50
ATRI,$390.57,1440792920490,"1,701",Not yet rated,NULL,N/A
ATTU,$13,1440792920642,"43,213",100% bearish,of 1 rating,$20.50
LIFE,$14.79,1440792920672,"59,947",86% bullish,of 7 ratings,$43
ATRM,$2.83,1440792920735,"5,169",50% bullish,of 2 ratings,N/A
AUDC,$3.34,1440792920756,"41,046",80% bullish,of 5 ratings,$5
AUBN,$26.68,1440792920786,652,Not yet rated,NULL,N/A
AUPH,$3.03,1440792920811,"48,213",100% bearish,of 1 rating,$8
ADAT,$0.2901,1440792920839,"286,619",100% bullish,of 2 ratings,N/A
ABTL,$17.48,1440792921026,"56,816",100% bullish,of 4 ratings,$20.25
EARS,$4.86,1440792921051,"61,876",100% bearish,of 2 ratings,$11.50
ADP,$78.41,1440792921103,"1,817,158",100% bearish,of 1 rating,$88
ADSK,$47.52,1440792921129,"7,655,672",67% bullish,of 6 ratings,$69.50
AAVL,$10.7331,1440792921198,"281,080",100% bearish,of 1 rating,$20
AVGO,$127.62,1440792921226,"2,355,180",88% bullish,of 8 ratings,$165
AVNU,$12.35,1440792921494,"4,686",Not yet rated,NULL,$14
AVID,$8.4616,1440792921520,"261,832",100% bearish,of 1 rating,$20
AVEO,$1.42,1440792921573,"525,234",75% bullish,of 8 ratings,$3
AVNW,$1.13,1440792921603,"120,526",50% bullish,of 2 ratings,$2.20
CAR,$44.26,1440792921679,"772,375",80% bullish,of 5 ratings,$60
AVGR,$14.96,1440792921705,"28,648",100% bearish,of 1 rating,$20
AWRE,$3.18,1440792921736,"9,746",67% bullish,of 3 ratings,N/A
ACLS,$3.17,1440792921835,"210,817",67% bullish,of 6 ratings,$4.75
AXPWW,NULL,1440792921919,0,Not yet rated,NULL,N/A
AXPW,$1.06,1440792921971,"50,386",83% bullish,of 6 ratings,N/A
AXGN,$4.88,1440792922057,"266,524",Not yet rated,NULL,$5
BCOM,$18.86,1440792922131,80,100% bearish,of 1 rating,N/A
AXTI,$2.2,1440792922160,"30,041",50% bullish,of 2 ratings,$2.75
RILY,NULL,1440792922235,0,Not yet rated,NULL,N/A
BOSC,$2.17,1440792922315,"2,700",50% bullish,of 2 ratings,N/A
BEAV,$49.39,1440792922340,"564,179",67% bearish,of 3 ratings,$59
BIDU,$152.3,1440792922481,"2,166,822",81% bullish,of 88 ratings,$210
BWINB,$23.05,1440792922583,"5,568",Not yet rated,NULL,N/A
BWINA,NULL,1440792922612,0,Not yet rated,NULL,N/A
BLDP,$1.28,1440792922715,"333,343",91% bullish,of 22 ratings,$2.50
BANF,$59.87,1440792922749,"10,826",Not yet rated,NULL,$68
BCPC,$58.23,1440792922843,"129,352",100% bearish,of 1 rating,$75
BANFP,NULL,1440792922876,0,Not yet rated,NULL,N/A
BKMU,$7.2,1440792922930,"105,763",Not yet rated,NULL,$8
BMRC,$47.78,1440792922956,"6,038",Not yet rated,NULL,$52
BOCH,$5.75,1440792923098,"7,098",Not yet rated,NULL,$6.50
BKSC,$16.38,1440792923170,"1,895",Not yet rated,NULL,N/A
BOTJ,$10.93,1440792923200,51,Not yet rated,NULL,N/A
OZRK,$41.65,1440792923271,"338,579",67% bullish,of 3 ratings,$49.50
BFIN,$11.98,1440792923373,"805,849",Not yet rated,NULL,$13
BWFG,$17.89,1440792923469,"86,221",100% bearish,of 1 rating,N/A
BANR,$43.67,1440792923495,"52,328",100% bullish,of 3 ratings,$50
BZUN,$5.28,1440792923576,"323,508",50% bullish,of 2 ratings,$11.50
TAPR,$31.36,1440792923718,"1,065",100% bearish,of 1 rating,N/A
BHACU,NULL,1440792923773,0,Not yet rated,NULL,N/A
BHACR,NULL,1440792923947,0,Not yet rated,NULL,N/A
BHAC,$9.81,1440792924085,400,Not yet rated,NULL,N/A
BHACW,NULL,1440792924109,0,Not yet rated,NULL,N/A
BBSI,$34.9954,1440792924137,"44,900",67% bearish,of 3 ratings,$62.50
BSET,$28.7004,1440792924538,"65,772",100% bearish,of 1 rating,$35
BYBK,$4.88,1440792924643,"12,262",100% bearish,of 1 rating,N/A
BV,$5.16,1440792924721,"390,505",67% bullish,of 6 ratings,$9
BCBP,$11.51,1440792924747,"2,786",Not yet rated,NULL,N/A
BYLK,$12.75,1440792924774,"3,944",Not yet rated,NULL,$14
BDCV,$4.92,1440792924955,"8,428",100% bearish,of 1 rating,$10.19
BBCN,$14.41,1440792924980,"234,894",100% bearish,of 1 rating,$16
BECN,$35.38,1440792925149,"318,736",50% bullish,of 2 ratings,$40
BBGI,$4.07,1440792925218,514,100% bullish,of 1 rating,N/A
BSF,$8.56,1440792925243,"14,227",Not yet rated,NULL,N/A
BEBE,$1.35,1440792925460,"2,507,600",75% bullish,of 4 ratings,$3.075
BBBY,$62.32,1440792925519,"1,490,588",71% bullish,of 7 ratings,$75
BLCM,$17.2827,1440792925549,"156,453",50% bullish,of 4 ratings,$40
BLPH,$5.04,1440792925588,"6,129",100% bearish,of 1 rating,$12.50
BELFB,$17.97,1440792925656,"23,001",100% bearish,of 1 rating,N/A
BELFA,$16.95,1440792925758,24,100% bearish,of 1 rating,N/A
BNFT,$36.2684,1440792925846,"83,559",67% bullish,of 3 ratings,$46
BNCL,$12.3924,1440792925954,"199,905",100% bullish,of 3 ratings,$12.50
BNTC,$7.95,1440792925981,"46,598",100% bullish,of 1 rating,N/A
BGCP,$8.7393,1440792926131,"653,722",88% bullish,of 8 ratings,$14
BGMD,$0.7251,1440792926303,"219,421",100% bullish,of 10 ratings,N/A
BGFV,$11.1,1440792926444,"85,884",57% bullish,of 7 ratings,$12
BIND,$4.45,1440792926471,"49,598",75% bullish,of 4 ratings,$13.50
BCRX,$11.42,1440792926608,"313,628",63% bullish,of 8 ratings,$18
ORPN,$5.97,1440792926638,"20,587",100% bullish,of 1 rating,$28.50
BIOC,$1.98,1440792926663,"102,773",83% bullish,of 6 ratings,$3.85
BASI,$1.6,1440792926693,"3,810",Not yet rated,NULL,N/A
BIIB,$303.69,1440792926720,"1,407,242",88% bullish,of 16 ratings,$400
BCDA,NULL,1440792926767,0,Not yet rated,NULL,N/A
BIOL,$1.43,1440792926978,"19,466",Not yet rated,NULL,N/A
BDSI,$6.8482,1440792927015,"492,731",88% bullish,of 8 ratings,$17
BLFS,$1.98,1440792927114,"21,237",100% bearish,of 1 rating,$4.75
BIOD,$0.6435,1440792927139,"49,279",80% bullish,of 5 ratings,$4
BLRX,$1.53,1440792927165,"208,226",100% bullish,of 12 ratings,$5
BMRN,$132.0147,1440792927186,"575,644",80% bullish,of 5 ratings,$160
BRLI,NULL,1440792927413,0,NULL,NULL,NULL
BVXV,$3.6325,1440792927438,"2,361",Not yet rated,NULL,N/A
BVXVW,$0.7,1440792927463,300,100% bearish,of 1 rating,N/A
BPTH,$1.11,1440792927489,"55,103",100% bullish,of 2 ratings,$5
BBC,$31.95,1440792927634,"9,881",Not yet rated,NULL,N/A
BIOS,$2.3701,1440792927707,"689,303",71% bullish,of 7 ratings,$4
BBP,$33.49,1440792927775,"19,458",Not yet rated,NULL,N/A
BSPM,$0.67,1440792927803,"65,101",50% bullish,of 2 ratings,N/A
BOTA,$2.08,1440792927833,"24,405",88% bullish,of 8 ratings,N/A
BSTC,$52.12,1440792927932,"40,767",100% bearish,of 1 rating,$76
BJRI,$44.26,1440792928340,"170,807",50% bullish,of 2 ratings,$55
BBOX,$15.07,1440792928373,"96,245",100% bearish,of 1 rating,N/A
BDE,$7.5,1440792928449,"75,356",50% bullish,of 2 ratings,$9
BITI,$17.095,1440792928476,"19,344",100% bullish,of 1 rating,$28
BEAT,$14.67,1440792928502,"218,450",67% bearish,of 3 ratings,$15
TECH,$96,1440792928533,"280,306",100% bullish,of 1 rating,$117
BLKB,$57.86,1440792928559,"156,296",100% bearish,of 2 ratings,$66
BBRY,$7.36,1440792928638,"3,499,684",61% bullish,of 330 ratings,$9
HAWK,$40.26,1440792928775,"238,869",91% bullish,of 11 ratings,$49
BKCC,$9.304,1440792928813,"302,275",50% bullish,of 2 ratings,$10
BDMS,$12.64,1440792928869,84,100% bearish,of 1 rating,N/A
ADRA,$27.5,1440792928947,"2,800",100% bearish,of 1 rating,N/A
ADRD,$22.21,1440792928976,"11,305",100% bearish,of 1 rating,N/A
ADRE,$30.08,1440792928997,"10,155",100% bearish,of 1 rating,N/A
ADRU,$21.9113,1440792929134,"1,280",100% bearish,of 1 rating,N/A
BLMN,$20.3629,1440792929245,"1,242,177",83% bullish,of 6 ratings,$27.50
BCOR,$13.81,1440792929290,"189,422",57% bullish,of 7 ratings,$15
BLBD,$11.77,1440792929327,"9,494",Not yet rated,NULL,N/A
BUFF,$26.31,1440792929421,"184,065",83% bullish,of 12 ratings,$31.50
BHBK,$13.84,1440792929449,"32,434",100% bullish,of 1 rating,$14.50
BBLU,$0.78,1440792929473,"112,994",100% bullish,of 2 ratings,$4.43
NILE,$34.3,1440792929529,"81,077",50% bullish,of 2 ratings,$34
BLUE,$137.47,1440792929633,"296,264",71% bullish,of 7 ratings,$217.50
BKEP,$6.34,1440792929767,"19,498",100% bearish,of 1 rating,$8.50
BPMC,$26.6997,1440792929795,"69,465",50% bullish,of 2 ratings,$47.50
BKEPP,$7.61,1440792929824,"6,200",100% bearish,of 1 rating,N/A
WIFI,$7.5753,1440792929999,"145,328",50% bullish,of 2 ratings,$13.50
BOFI,$117.62,1440792930131,"213,424",100% bullish,of 6 ratings,$144
BNCN,$20.56,1440792930187,"117,588",Not yet rated,NULL,$24
BOJA,$21.44,1440792930320,"58,000",100% bullish,of 1 rating,$30
BOKF,$62.38,1440792930346,"163,409",100% bearish,of 1 rating,$69
BNSO,$1.31,1440792930476,630,100% bearish,of 1 rating,N/A
BONA,$11.64,1440792930504,"107,333",75% bullish,of 4 ratings,$8.50
BOBE,$43.6,1440792930526,"117,666",75% bullish,of 4 ratings,$57
BAMM,$3.1,1440792930554,"24,796",60% bullish,of 5 ratings,N/A
BPFHP,$24.85,1440792930702,"11,250",100% bearish,of 1 rating,N/A
BPFH,$11.79,1440792930763,"249,903",100% bearish,of 1 rating,$14
BPFHW,$5.15,1440792930964,"3,330",100% bearish,of 1 rating,N/A
BCLI,$3.04,1440792931064,"50,501",80% bullish,of 5 ratings,$12
BBRG,$12.72,1440792931094,"68,939",67% bullish,of 3 ratings,$14.50
BDBD,$8.39,1440792931143,"451,593",60% bullish,of 5 ratings,$10
EPAY,$26.94,1440792931164,"177,625",100% bearish,of 2 ratings,$30
BBEP,$2.9,1440792931197,"2,794,158",69% bullish,of 13 ratings,$5.625
BDGE,$26.21,1440792931294,"17,067",Not yet rated,NULL,$31.75
BBEPP,$14.57,1440792931396,"48,044",100% bearish,of 1 rating,N/A
BLIN,$1.36,1440792931473,"5,087",100% bullish,of 2 ratings,$2.20
BSFT,$31.4895,1440792931508,"87,984",57% bullish,of 7 ratings,$40.50
BRCM,$51.79,1440792931529,"2,518,129",75% bullish,of 12 ratings,$56
BRID,NULL,1440792931564,0,100% bearish,of 1 rating,N/A
BCOV,$5.32,1440792931585,"68,472",67% bullish,of 3 ratings,$10.20
BVSN,$6.01,1440792931620,"13,669",60% bearish,of 5 ratings,N/A
BYFC,$1.36,1440792931881,"5,967",50% bullish,of 2 ratings,N/A
BRCD,$10.553,1440792932024,"2,104,384",92% bullish,of 13 ratings,$11.50
BMTC,$29.2,1440792932055,"97,946",Not yet rated,NULL,$34
BRKL,$10.51,1440792932083,"271,803",100% bearish,of 1 rating,$10.75
BWEN,$3.18,1440792932104,"34,309",100% bullish,of 3 ratings,$8
BRKS,$10.41,1440792932136,"127,110",67% bullish,of 3 ratings,$15.25
BSQR,$6.15,1440792932163,"55,497",67% bullish,of 3 ratings,N/A
BLMT,$20.6,1440792932238,"11,216",Not yet rated,NULL,N/A
BRKR,$18.4692,1440792932398,"392,981",100% bearish,of 2 ratings,$22
CFFI,$36.19,1440792932459,"7,589",100% bearish,of 1 rating,N/A
BWLD,$194.06,1440792932500,"166,131",82% bullish,of 11 ratings,$205
BUR,$1.74,1440792932544,"6,743",100% bearish,of 1 rating,$8
CHRW,$67.24,1440792932575,"1,365,633",Not yet rated,NULL,$72
BLDR,$14.4602,1440792932642,"484,488",67% bullish,of 3 ratings,$22
CA,$27.26,1440792932674,"2,292,587",50% bullish,of 4 ratings,$33
CCMP,$43.53,1440792932778,"79,453",50% bullish,of 2 ratings,$59
CDNS,$20.14,1440792933098,"1,264,434",75% bullish,of 4 ratings,$22.50
CACQ,$7.53,1440792933125,"56,051",100% bearish,of 1 rating,$12.25
CDZI,$8.14,1440792933151,"84,491",100% bearish,of 1 rating,N/A
CLBS,$1.44,1440792933180,"118,591",79% bullish,of 14 ratings,$4
CZR,$9.1161,1440792933211,"738,017",60% bearish,of 5 ratings,$10.50
PRSS,$4.55,1440792933232,"10,528",80% bullish,of 5 ratings,$4.50
CLMS,$10.61,1440792933266,"65,701",Not yet rated,NULL,$10.50
CSTE,$40.5,1440792933366,"114,834",50% bullish,of 2 ratings,$65
CCD,$19.38,1440792933590,"81,611",Not yet rated,NULL,N/A
CHI,$10.6,1440792933617,"101,782",100% bearish,of 1 rating,N/A
CFGE,NULL,1440792933637,0,Not yet rated,NULL,N/A
CHY,$11.47,1440792933666,"160,991",Not yet rated,NULL,N/A
CHW,$7.64,1440792933687,"278,918",100% bearish,of 1 rating,N/A
CGO,$12.01,1440792933871,"13,619",100% bearish,of 1 rating,N/A
CSQ,$9.96,1440792933904,"222,801",Not yet rated,NULL,N/A
CVGW,$59.23,1440792934002,"103,207",50% bullish,of 2 ratings,$58.50
CAMP,$16.59,1440792934047,"249,205",88% bullish,of 8 ratings,$25
CFNB,$13.31,1440792934081,301,100% bearish,of 1 rating,N/A
CALD,$15.95,1440792934102,"213,895",100% bearish,of 1 rating,$21
CALA,$5.772,1440792934123,"350,612",100% bullish,of 3 ratings,$19.50
CALM,$50.25,1440792934182,"271,927",80% bullish,of 5 ratings,$65
CLMT,$26.1156,1440792934315,"157,345",75% bullish,of 8 ratings,$31
ABCD,$5.29,1440792934447,"155,908",83% bullish,of 6 ratings,N/A
CAMB,$9.95,1440792934512,"3,000",Not yet rated,NULL,N/A
CAMBU,NULL,1440792934538,0,100% bearish,of 1 rating,N/A
CGIX,$9.96,1440792934777,"20,078",67% bullish,of 3 ratings,$14.375
CAMBW,NULL,1440792934802,0,Not yet rated,NULL,N/A
CAMT,$2.72,1440792934835,"11,795",73% bullish,of 11 ratings,$4
CSIQ,$18.9253,1440792934857,"1,536,120",86% bullish,of 28 ratings,$42.50
CAC,$40.25,1440792934893,"5,301",Not yet rated,NULL,N/A
CPHC,$10.3,1440792934914,"1,608",100% bearish,of 1 rating,N/A
CBNJ,$11.09,1440792934949,"17,605",100% bullish,of 1 rating,N/A
CPLA,$49.2,1440792935046,"111,293",67% bearish,of 3 ratings,$65
CCBG,$14.99,1440792935210,"17,998",Not yet rated,NULL,$17.25
CPLP,$6.85,1440792935237,"246,034",71% bullish,of 7 ratings,$11
CBF,$29.3354,1440792935279,"163,064",Not yet rated,NULL,$32
CSWC,$45.86,1440792935370,"14,727",Not yet rated,NULL,N/A
CFFN,$12.03,1440792935574,"443,827",Not yet rated,NULL,$12.75
CPTA,$13.69,1440792935600,"45,514",100% bearish,of 1 rating,$18.50
CAPN,$2.27,1440792935626,"216,917",100% bullish,of 1 rating,$10.85
CAPNW,NULL,1440792935754,0,Not yet rated,NULL,N/A
CBYL,$5.38,1440792935779,"28,733",100% bearish,of 1 rating,$20
CAPR,$4.28,1440792935805,"3,636",Not yet rated,NULL,$12
CARA,$19.25,1440792935826,"104,656",50% bullish,of 4 ratings,$25
CPST,$0.4111,1440792935857,"1,395,611",95% bullish,of 22 ratings,$1.25
CARB,$11.28,1440792935993,"80,278",75% bullish,of 4 ratings,$12
CRDC,$0.37,1440792936067,"98,459",100% bullish,of 1 rating,$1.25
CRME,$8.86,1440792936242,"6,283",89% bullish,of 9 ratings,$11.25
CFNL,$21.88,1440792936523,"97,281",Not yet rated,NULL,$24
CSII,$24.24,1440792936707,"97,568",100% bearish,of 2 ratings,$42.125
CATM,$34.65,1440792936734,"144,013",100% bearish,of 1 rating,$44
CART,$5.35,1440792936770,"1,687",100% bearish,of 1 rating,N/A
CDNA,$6.86,1440792936800,"9,849",100% bearish,of 1 rating,$9
CECO,$3.78,1440792936869,"325,367",67% bearish,of 3 ratings,$6
CRTN,$2.49,1440792936894,"4,420",100% bearish,of 1 rating,N/A
CKEC,$23.3515,1440792936921,"110,829",50% bullish,of 2 ratings,$35.915
CTRE,$11.32,1440792937147,"365,902",50% bullish,of 2 ratings,$13.50
CLBH,$12.7,1440792937177,"1,504",Not yet rated,NULL,$16.50
TAST,$12.6115,1440792937219,"294,684",Not yet rated,NULL,$14.25
CARO,$15.52,1440792937248,686,100% bearish,of 1 rating,$19
CASM,$1.13,1440792937312,"169,953",100% bullish,of 1 rating,$3.50
CRZO,$35.38,1440792937341,"1,679,272",67% bearish,of 3 ratings,$55
CARV,$7,1440792937367,"3,573",50% bullish,of 2 ratings,N/A
CWST,$6.25,1440792937628,"93,905",50% bullish,of 2 ratings,$7.25
CACB,$5.28,1440792937675,"28,254",Not yet rated,NULL,$5.50
CSCD,$14.9664,1440792937734,"29,238",100% bullish,of 2 ratings,$17
CASI,$1.45,1440792937791,"16,210",100% bullish,of 1 rating,$3.50
CASY,$106.08,1440792937866,"164,300",50% bullish,of 2 ratings,$99.50
CPRX,$3.64,1440792937893,"252,328",71% bullish,of 7 ratings,$7
CASS,$48.74,1440792938026,"12,119",100% bearish,of 1 rating,N/A
CATB,$12.3,1440792938053,"12,584",100% bearish,of 1 rating,$28
CATY,$29.47,1440792938097,"525,306",100% bearish,of 1 rating,$33.50
CVCO,$71.3865,1440792938277,"22,807",100% bearish,of 1 rating,N/A
CBFV,$20.23,1440792938335,"1,904",Not yet rated,NULL,$25
CATYW,NULL,1440792938360,0,100% bearish,of 1 rating,N/A
CAVM,$68.35,1440792938624,"257,651",67% bearish,of 3 ratings,$72
CNLM,$9.92,1440792938651,"5,100",Not yet rated,NULL,N/A
CNLMR,NULL,1440792938673,0,Not yet rated,NULL,N/A
CNLMU,NULL,1440792938705,0,100% bullish,of 1 rating,N/A
CDK,$49.69,1440792938809,"401,906",67% bearish,of 3 ratings,$50
CBOE,$63.82,1440792938841,"268,855",Not yet rated,NULL,$60
CDW,$39.9194,1440792938950,"680,971",75% bullish,of 4 ratings,$44
CNLMW,NULL,1440792939083,0,Not yet rated,NULL,N/A
CPXX,$2.09,1440792939112,"73,775",100% bullish,of 2 ratings,$7
CELG,$124.04,1440792939143,"3,105,280",92% bullish,of 13 ratings,$155.50
CECE,$9.72,1440792939165,"43,578",50% bullish,of 2 ratings,$16
CELGZ,$1.84,1440792939246,130,80% bullish,of 5 ratings,N/A
CLDN,$1.11,1440792939294,"380,623",71% bullish,of 7 ratings,$3
CLLS,$33.23,1440792939545,"43,557",75% bullish,of 4 ratings,$51.50
CLSN,$2.06,1440792939631,"73,145",80% bullish,of 10 ratings,$7.50
CLRBW,NULL,1440792939660,0,Not yet rated,NULL,N/A
CLRB,$3.07,1440792939682,"3,191",100% bearish,of 1 rating,N/A
CLTX,$2.42,1440792939710,"133,553",100% bullish,of 2 ratings,N/A
CLDX,$15.35,1440792939738,"795,214",89% bullish,of 9 ratings,$36
CBMG,$23.56,1440792939760,"37,972",50% bullish,of 2 ratings,N/A
CEMP,$35.8,1440792939918,"346,936",71% bullish,of 7 ratings,$52
CYAD,NULL,1440792939984,0,100% bullish,of 1 rating,$87.50
CETX,$2.36,1440792940019,"4,400",Not yet rated,NULL,$5.60
CETV,$2.14,1440792940116,"134,122",67% bullish,of 3 ratings,$2.80
CFBK,$1.37,1440792940147,"2,096",Not yet rated,NULL,N/A
CSFL,$13.59,1440792940203,"86,851",Not yet rated,NULL,$15
CENT,$12.18,1440792940248,"51,466",Not yet rated,NULL,$10
CENTA,$12.55,1440792940411,"406,561",Not yet rated,NULL,N/A
CVCY,$11.26,1440792940463,"19,319",Not yet rated,NULL,$12
CENX,$5.51,1440792940489,"2,143,150",67% bullish,of 6 ratings,$9
CNTY,$5.65,1440792940626,"30,032",80% bullish,of 5 ratings,$7.75
CNBKA,$41.6,1440792940658,"1,220",50% bullish,of 2 ratings,N/A
CPHD,$50.0918,1440792940679,"386,896",67% bearish,of 3 ratings,$66.50
CRNT,$1.43,1440792940812,"82,256",50% bullish,of 2 ratings,$2
CERE,$1.14,1440792940838,"230,627",88% bullish,of 8 ratings,N/A
CERN,$63.13,1440792940859,"1,639,892",67% bullish,of 3 ratings,$79
CERS,$4.85,1440792941002,"304,526",75% bullish,of 4 ratings,$7
CERU,$3.78,1440792941028,"42,073",75% bullish,of 4 ratings,$15
KOOL,$0.67,1440792941110,"40,840",100% bullish,of 5 ratings,$7
CYOU,$20.64,1440792941216,"99,352",50% bullish,of 6 ratings,$24
CEVA,$19.13,1440792941248,"98,591",100% bearish,of 1 rating,$25
HOTR,$1.42,1440792941353,"119,259",100% bullish,of 2 ratings,$5
CTHR,$1.3,1440792941381,"7,326",50% bullish,of 2 ratings,$2.50
GTLS,$24.36,1440792941412,"352,632",50% bullish,of 4 ratings,$40
HOTRW,NULL,1440792941441,0,Not yet rated,NULL,N/A
CHTR,$180.1921,1440792941545,"506,492",100% bearish,of 2 ratings,$196
CHKP,$78.7204,1440792941675,"690,963",50% bullish,of 4 ratings,$92
CHEK,$2.1,1440792941702,"3,047",Not yet rated,NULL,$7.75
CHFN,$12.38,1440792941764,"17,807",Not yet rated,NULL,$14
CEMI,$4.25,1440792941837,"18,500",50% bullish,of 2 ratings,$7.50
CHEKW,NULL,1440792941863,0,Not yet rated,NULL,N/A
CHFC,$31.4,1440792941890,"82,953",100% bearish,of 1 rating,$36
CCXI,$6.5,1440792942067,"58,014",67% bullish,of 3 ratings,$14
CHKE,$25.46,1440792942211,"11,580",100% bearish,of 1 rating,$32.50
CHMG,$26.15,1440792942248,520,Not yet rated,NULL,$30
CHEV,$14.42,1440792942295,"2,230",Not yet rated,NULL,N/A
PLCE,$59.63,1440792942341,"170,208",100% bearish,of 1 rating,$69
CHMA,$25.42,1440792942373,"56,946",Not yet rated,NULL,$40
CBNK,$16.25,1440792942394,"7,266",100% bearish,of 1 rating,N/A
CMRX,$49.9919,1440792942431,"232,973",50% bullish,of 2 ratings,$57
CADC,NULL,1440792942469,0,78% bullish,of 9 ratings,N/A
CALI,$0.89,1440792942760,"13,298",67% bullish,of 3 ratings,N/A
CAAS,$6.55,1440792942787,"22,438",93% bullish,of 14 ratings,$11.50
CBPO,$99.9369,1440792942861,"135,210",75% bullish,of 8 ratings,$140.50
JRJC,$3.64,1440792942920,"75,212",82% bullish,of 11 ratings,N/A
CBAK,$2.02,1440792942945,"47,677",67% bullish,of 9 ratings,N/A
CCCL,$0.783,1440792942990,"8,319",100% bullish,of 6 ratings,N/A
CCCR,$0.79,1440792943015,"1,440",67% bearish,of 3 ratings,N/A
CHOP,$1.16,1440792943147,"3,443",50% bullish,of 2 ratings,N/A
HGSH,$1.81,1440792943177,"5,114",67% bullish,of 3 ratings,N/A
CJJD,$1.87,1440792943306,"12,291",100% bullish,of 1 rating,N/A
CHLN,$1.99,1440792943470,"5,524",67% bullish,of 3 ratings,N/A
CNIT,$1.37,1440792943537,"110,498",67% bullish,of 6 ratings,N/A
CHNR,$1.57,1440792943603,"4,716",100% bearish,of 1 rating,N/A
HTHT,$25.57,1440792943628,"81,705",50% bullish,of 2 ratings,$28.40
CPGI,NULL,1440792943805,0,Not yet rated,NULL,N/A
CREG,$0.7,1440792943903,"37,457",100% bullish,of 3 ratings,N/A
CXDC,$5.72,1440792943946,"37,730",67% bearish,of 3 ratings,N/A
CCIH,$7.31,1440792943976,"195,215",67% bullish,of 6 ratings,$12.65
CNTF,$0.804,1440792944005,"91,538",Not yet rated,NULL,N/A
CNET,$0.898,1440792944034,"40,200",50% bullish,of 2 ratings,N/A
CSUN,$1.48,1440792944081,"12,166",80% bullish,of 5 ratings,N/A
CNYD,$3.35,1440792944137,"14,299",67% bullish,of 3 ratings,N/A
IMOS,$18.56,1440792944286,"157,340",60% bullish,of 5 ratings,$21.50
CHSCM,$26.12,1440792944335,"14,760",Not yet rated,NULL,N/A
CHSCL,$27.01,1440792944384,"14,960",Not yet rated,NULL,N/A
CHSCN,$27.27,1440792944561,"2,175",Not yet rated,NULL,N/A
CHSCO,$28.31,1440792944605,"2,888",Not yet rated,NULL,N/A
CHSCP,$30.51,1440792944665,"4,500",Not yet rated,NULL,N/A
CHDN,$133.2373,1440792944704,"100,807",Not yet rated,NULL,$165
CIFC,$7.04,1440792944763,"4,784",100% bearish,of 1 rating,N/A
CDTX,$14.67,1440792944791,"15,013",Not yet rated,NULL,$22
CHUY,$31.1764,1440792944861,"143,064",50% bullish,of 2 ratings,$34
CMCT,$15.3899,1440792944889,200,100% bearish,of 1 rating,N/A
CMPR,$72.2714,1440792944959,"272,169",50% bullish,of 2 ratings,$72.50
CINF,$52.79,1440792945103,"547,930",50% bullish,of 4 ratings,$50.50
CIDM,$0.5736,1440792945259,"95,380",50% bullish,of 2 ratings,$2.10
CPHR,$5.33,1440792945284,"49,892",100% bearish,of 1 rating,$17
CTAS,$85.37,1440792945310,"330,303",100% bearish,of 1 rating,$91
CZWI,$8.97,1440792945511,974,Not yet rated,NULL,N/A
CZNC,$19.84,1440792945538,"9,100",Not yet rated,NULL,N/A
CRUS,$30.21,1440792945559,"731,211",75% bullish,of 12 ratings,$44.50
CTRN,$26.73,1440792945595,"80,943",100% bearish,of 1 rating,$31.50
CSCO,$26.017,1440792945619,"21,215,759",84% bullish,of 209 ratings,$32
CTXS,$68.69,1440792945692,"1,228,813",86% bullish,of 7 ratings,$80
CZFC,NULL,1440792945863,0,Not yet rated,NULL,N/A
CIZN,$19.33,1440792945905,"2,439",Not yet rated,NULL,N/A
CIVBP,$33.21,1440792945997,353,Not yet rated,NULL,N/A
CIVB,$10.07,1440792946027,"6,435",Not yet rated,NULL,$11
CHCO,$47.25,1440792946135,"42,531",Not yet rated,NULL,$46
CDTI,$1.61,1440792946167,"54,168",75% bullish,of 4 ratings,$3.20
CLNE,$5.17,1440792946267,"954,740",80% bullish,of 15 ratings,$9
CLNT,$1.5,1440792946314,"17,654",75% bullish,of 8 ratings,N/A
CLRO,$11.51,1440792946347,"4,079",50% bullish,of 2 ratings,$14.25
CLFD,$17.21,1440792946447,"38,580",67% bullish,of 3 ratings,$18
CLIR,$4.67,1440792946507,"79,948",100% bullish,of 3 ratings,N/A
CBLI,$3.8,1440792946538,"30,681",60% bullish,of 5 ratings,N/A
CLVS,$80.54,1440792946635,"406,160",60% bullish,of 5 ratings,$101.50
CSBK,$13.62,1440792946675,"65,859",Not yet rated,NULL,N/A
CMFN,$11.17,1440792946728,"26,820",100% bearish,of 1 rating,$15.50
CME,$94.62,1440792946877,"1,002,794",67% bullish,of 3 ratings,$102
CISG,$7.81,1440792946905,"67,936",100% bullish,of 5 ratings,$10
CCNE,$16.98,1440792947036,"9,092",50% bullish,of 2 ratings,$21.50
CWAY,$11.11,1440792947069,"4,726",Not yet rated,NULL,N/A
CNV,$4.43,1440792947091,"28,444",50% bullish,of 2 ratings,$7.15
COKE,$154.0574,1440792947165,"23,889",79% bullish,of 19 ratings,N/A
COBZ,$12.84,1440792947263,"40,487",100% bullish,of 1 rating,$14
CDRB,$13.97,1440792947289,"13,016",67% bullish,of 3 ratings,N/A
CVLY,$20.32,1440792947314,722,Not yet rated,NULL,N/A
CDXS,$3.8,1440792947368,"19,698",64% bullish,of 11 ratings,$6
JVA,$4.63,1440792947466,"11,572",83% bullish,of 6 ratings,$7
CCOI,$27.3994,1440792947636,"445,162",50% bullish,of 4 ratings,$35
CGNT,$1.53,1440792947707,"56,889",100% bullish,of 2 ratings,$2
CTSH,$63.72,1440792947766,"2,757,522",90% bullish,of 10 ratings,$75
CGNX,$35.49,1440792947791,"359,216",50% bullish,of 2 ratings,$47
CHRS,$28.98,1440792947863,"79,515",67% bearish,of 3 ratings,$37
COHR,$57.83,1440792947888,"78,521",50% bullish,of 2 ratings,$72
COHU,$9.65,1440792948031,"127,518",100% bearish,of 1 rating,$14.25
CLRX,$0.54,1440792948078,"44,213",50% bullish,of 2 ratings,N/A
CLCT,$18.27,1440792948163,"26,338",100% bearish,of 1 rating,N/A
COLL,$15.34,1440792948218,"40,773",100% bearish,of 1 rating,$26
CIGI,$43.29,1440792948294,"40,937",100% bearish,of 1 rating,$52
CBAN,$8.75,1440792948320,"1,516",Not yet rated,NULL,N/A
COLB,$30.05,1440792948341,"147,988",Not yet rated,NULL,$36
CLCD,$6.63,1440792948372,"68,876",100% bearish,of 1 rating,$20.50
CMCO,$18.73,1440792948625,"73,387",60% bullish,of 5 ratings,$28
CBMX,$1.1,1440792948675,"19,525",83% bullish,of 6 ratings,$3.15
CMCSK,$57.62,1440792948758,"1,690,640",Not yet rated,NULL,$84
CMCSA,$56.78,1440792948794,"7,706,326",66% bullish,of 35 ratings,$69.50
CBSH,$44.59,1440792948822,"226,958",50% bullish,of 2 ratings,$46
COLM,$60.8308,1440792948843,"88,288",100% bearish,of 1 rating,$71
CUBN,NULL,1440792948889,0,Not yet rated,NULL,N/A
CBSHP,$25.42,1440792948915,"26,034",100% bearish,of 1 rating,N/A
CVGI,$4.96,1440792949184,"43,635",50% bullish,of 2 ratings,$6
JCS,$8.61,1440792949212,"7,525",67% bullish,of 3 ratings,N/A
CSAL,$20.6,1440792949255,"431,188",75% bullish,of 4 ratings,$30
ESXB,$5.06,1440792949340,"3,468",Not yet rated,NULL,N/A
COMM,$31.9,1440792949384,"725,355",67% bearish,of 3 ratings,$35
CYHHZ,$0.01,1440792949428,"76,000",100% bullish,of 1 rating,N/A
CTBI,$34.87,1440792949474,"53,035",Not yet rated,NULL,$36
CVLT,$35.7,1440792949523,"499,456",75% bullish,of 4 ratings,$44.50
CWBC,$6.7,1440792949673,"1,519",Not yet rated,NULL,N/A
COB,$10.44,1440792949759,"13,171",100% bullish,of 1 rating,$11.75
CIZ,$33.45,1440792949790,"1,507",100% bearish,of 1 rating,N/A
CIL,NULL,1440792949865,0,Not yet rated,NULL,N/A
CID,NULL,1440792949890,0,Not yet rated,NULL,N/A
CSA,NULL,1440792949919,0,Not yet rated,NULL,N/A
CDC,$34.78,1440792950050,"3,743",Not yet rated,NULL,N/A
CSF,$36.75,1440792950085,"4,489",100% bearish,of 1 rating,N/A
CFO,$35.63,1440792950318,"150,250",100% bearish,of 1 rating,N/A
CFA,$35.7,1440792950347,900,100% bearish,of 1 rating,N/A
CSB,$32.92,1440792950378,200,Not yet rated,NULL,N/A
CGEN,$5.2,1440792950412,"49,804",50% bullish,of 2 ratings,$11
CPSI,$45.63,1440792950449,"70,062",100% bearish,of 1 rating,$45.50
CDL,NULL,1440792950479,0,Not yet rated,NULL,N/A
SCOR,$53.46,1440792950518,"302,719",100% bearish,of 1 rating,$66
CTG,$6.51,1440792950654,"63,423",100% bearish,of 1 rating,$8.50
CNAT,$4.05,1440792950893,"58,100",83% bullish,of 6 ratings,$13
CMTL,$25.44,1440792950924,"131,983",100% bearish,of 2 ratings,$37
CHCI,$0.65,1440792950949,"20,669",50% bullish,of 2 ratings,N/A
CXRX,$75.05,1440792951029,"5,908",100% bearish,of 1 rating,$90
CNSI,$18.7571,1440792951059,"61,293",100% bearish,of 2 ratings,$29
CNCE,$15.7497,1440792951084,"103,378",75% bullish,of 4 ratings,$22
CCUR,$5.46,1440792951163,"80,309",75% bullish,of 4 ratings,N/A
CDOR,$1.35,1440792951265,"4,361",100% bullish,of 1 rating,N/A
CDORP,$7,1440792951367,400,100% bearish,of 1 rating,N/A
CDORO,$18.95,1440792951394,"1,200",100% bearish,of 1 rating,N/A
CFMS,$19.77,1440792951455,"86,468",Not yet rated,NULL,$27
CTWS,$34.5,1440792951526,"20,302",100% bearish,of 1 rating,$44
CNFR,$10.18,1440792951554,"11,241",Not yet rated,NULL,N/A
CNMD,$53.77,1440792951619,"78,708",Not yet rated,NULL,$59
CNOB,$19.01,1440792951686,"42,457",100% bullish,of 1 rating,$23.50
CNXR,$6.93,1440792951816,"72,825",100% bearish,of 1 rating,$12
CONN,$29.4223,1440792951857,"527,935",67% bullish,of 3 ratings,$48.50
CWCO,$10.94,1440792951952,"91,475",67% bullish,of 3 ratings,$14.50
CNSL,$19.76,1440792952083,"196,494",100% bearish,of 1 rating,$23
CFRX,$5.08,1440792952129,"7,722",Not yet rated,NULL,$14
CTCT,$25.04,1440792952173,"193,725",67% bullish,of 3 ratings,$37
CFRXW,$1.95,1440792952226,"2,650",100% bearish,of 1 rating,N/A
CPSS,$5.6,1440792952255,"22,982",100% bullish,of 1 rating,$10
CFRXZ,$0.599,1440792952330,600,Not yet rated,NULL,N/A
CTRL,$8.8052,1440792952415,"133,056",50% bullish,of 2 ratings,$11
CTRV,$3.68,1440792952461,"4,034",Not yet rated,NULL,$6.40
CPRT,$34.99,1440792952550,"286,932",67% bearish,of 3 ratings,$40
CORT,$5.18,1440792952600,"216,126",67% bullish,of 3 ratings,$12
CRBP,$1.92,1440792952651,"146,083",100% bullish,of 2 ratings,$6.25
BVA,$3.75,1440792952821,627,50% bullish,of 2 ratings,N/A
CORI,$10.45,1440792952894,"37,089",100% bearish,of 1 rating,$18
CORE,$59.5832,1440792952927,"118,061",100% bearish,of 1 rating,$72
CRVL,$30.91,1440792952995,"28,874",100% bearish,of 1 rating,N/A
COSI,$1.17,1440792953020,"158,610",100% bullish,of 1 rating,N/A
CSOD,$36.17,1440792953047,"272,842",50% bullish,of 2 ratings,$42
CSGP,$181.38,1440792953082,"68,173",50% bullish,of 2 ratings,$235
COST,$139.95,1440792953222,"1,437,036",79% bullish,of 24 ratings,$154.50
ICBK,$18.11,1440792953356,228,Not yet rated,NULL,$21
CPAH,$0.4301,1440792953407,"2,700",50% bullish,of 2 ratings,N/A
CVTI,$23.3165,1440792953437,"93,057",67% bearish,of 3 ratings,$39
COVS,$2.7,1440792953490,"62,906",67% bullish,of 3 ratings,N/A
COWN,$5.1719,1440792953545,"634,822",75% bullish,of 4 ratings,$7
COWNL,$26.65,1440792953647,"2,100",Not yet rated,NULL,N/A
CPSH,$2.18,1440792953690,"1,167",Not yet rated,NULL,N/A
CRAI,$22.05,1440792953778,"27,877",100% bearish,of 1 rating,$36
CBRL,$145.82,1440792953820,"141,899",50% bullish,of 2 ratings,$155
BREW,$7.97,1440792953914,"39,033",67% bullish,of 6 ratings,$15
CACC,$197.3499,1440792953989,"33,942",50% bullish,of 2 ratings,$158.50
SLVO,$10.04,1440792954020,"2,848",100% bearish,of 1 rating,N/A
GLDI,$11.01,1440792954046,"3,640",100% bearish,of 1 rating,N/A
CRAY,$20.7006,1440792954122,"249,952",83% bullish,of 6 ratings,$38.50
CREE,$26.99,1440792954282,"798,669",65% bullish,of 17 ratings,$29.50
CRESY,$10.35,1440792954350,"27,734",100% bearish,of 1 rating,$19
CRTO,$43.1,1440792954478,"295,607",67% bullish,of 6 ratings,$64
CRDS,$1,1440792954509,"42,738",75% bullish,of 4 ratings,$4.50
CCRN,$14.14,1440792954538,"141,792",100% bearish,of 1 rating,$14.25
CROX,$14.52,1440792954563,"656,400",63% bullish,of 8 ratings,$16.50
CRWS,$8.07,1440792954611,"4,508",Not yet rated,NULL,$10
CRWN,$4.47,1440792954672,"38,019",75% bullish,of 4 ratings,N/A
CYRX,$2.885,1440792954803,"11,794",Not yet rated,NULL,$9
CYRXW,$0.83,1440792954829,200,Not yet rated,NULL,N/A
CSGS,$31.14,1440792954961,"222,627",Not yet rated,NULL,$40
CCLP,$15.38,1440792954986,"30,912",67% bearish,of 3 ratings,$20
CSPI,$5.71,1440792955048,516,67% bullish,of 3 ratings,N/A
CTCM,$1.83,1440792955148,"114,360",80% bearish,of 5 ratings,$3.90
CTIB,$3.63,1440792955200,"3,890",100% bearish,of 1 rating,N/A
CTIC,$1.6,1440792955282,"645,503",84% bullish,of 76 ratings,$5.75
CUNB,$21.18,1440792955413,"14,139",Not yet rated,NULL,$24.50
CUI,$5.32,1440792955446,"29,604",50% bullish,of 2 ratings,$10
CTRP,$69.5,1440792955500,"1,207,112",75% bullish,of 8 ratings,$93
CMLS,$1.42,1440792955545,"373,375",50% bullish,of 4 ratings,$6
CPIX,$6.04,1440792955571,"5,828",Not yet rated,NULL,N/A
CRIS,$2.59,1440792955600,"166,122",100% bullish,of 8 ratings,$6
CUTR,$14.46,1440792955628,"32,735",67% bearish,of 3 ratings,$18
CVBF,$16.02,1440792955786,"490,738",Not yet rated,NULL,$18
CVV,$10.97,1440792955886,"7,294",100% bullish,of 5 ratings,N/A
CYAN,$7.6,1440792955963,"2,172",100% bearish,of 1 rating,N/A
CYBR,$52.4114,1440792955990,"680,145",75% bullish,of 8 ratings,$66
CYBE,$6.76,1440792956119,"22,725",100% bearish,of 1 rating,N/A
CYBX,$67,1440792956145,"196,367",50% bullish,of 4 ratings,$71.50
CYCC,$0.55,1440792956175,"63,851",73% bullish,of 11 ratings,N/A
CYCCP,NULL,1440792956200,0,100% bearish,of 1 rating,N/A
CBAY,$2.63,1440792956277,"56,866",100% bullish,of 1 rating,$4
CYNO,$31.49,1440792956375,"136,594",67% bearish,of 3 ratings,$45.50
CYNA,$16.17,1440792956404,"27,144",50% bullish,of 2 ratings,$31.50
CY,$10.09,1440792956430,"2,673,808",80% bullish,of 10 ratings,$15.50
CYRN,$1.7,1440792956503,"29,421",67% bullish,of 3 ratings,$4
CYTK,$6.9521,1440792956602,"179,914",71% bullish,of 14 ratings,$13.50
CONE,$32.1509,1440792956624,"246,175",67% bearish,of 3 ratings,$35.50
CYTX,$0.315,1440792956707,"2,360,173",83% bullish,of 12 ratings,$5.50
CYTR,$2.39,1440792956910,"317,826",67% bullish,of 6 ratings,$10
CTSO,$6.89,1440792956935,"27,244",Not yet rated,NULL,$15.625
TVIX,$13.23,1440792956991,"14,042,676",81% bullish,of 16 ratings,N/A
XIV,$27.16,1440792957070,"18,145,951",75% bearish,of 4 ratings,N/A
TVIZ,$19.51,1440792957101,"3,315",100% bearish,of 1 rating,N/A
DAEG,$0.35,1440792957128,"11,063",100% bearish,of 1 rating,N/A
ZIV,$40.18,1440792957204,"151,512",Not yet rated,NULL,N/A
DJCO,$191.42,1440792957262,502,Not yet rated,NULL,N/A
DARA,$0.86,1440792957340,"24,822",83% bullish,of 6 ratings,$1.50
DAKT,$8.64,1440792957408,"421,248",50% bullish,of 2 ratings,$12
DTLK,$5.85,1440792957488,"72,064",100% bearish,of 1 rating,$9
DAIO,$2.49,1440792957572,"4,973",Not yet rated,NULL,N/A
DRAM,$1.28,1440792957628,"16,449",78% bullish,of 9 ratings,N/A
DWCH,$5.26,1440792957703,"21,471",75% bullish,of 4 ratings,$8.25
DTEA,$13.15,1440792957851,"48,592",100% bearish,of 2 ratings,$24
TRAK,$62.85,1440792957887,"645,262",50% bullish,of 2 ratings,$62.50
DBVT,$41.26,1440792957924,"32,497",100% bearish,of 1 rating,$53
PLAY,$34.6204,1440792957945,"119,290",100% bullish,of 5 ratings,$42
DWSN,$4.54,1440792958016,"13,558",67% bullish,of 3 ratings,N/A
DHRM,$1.48,1440792958050,"7,227",Not yet rated,NULL,N/A
TACO,$13.1236,1440792958078,"97,042",75% bullish,of 4 ratings,$20
DFRG,$14.59,1440792958148,"99,740",100% bearish,of 1 rating,$20
TACOW,$4.05,1440792958354,"18,932",100% bullish,of 1 rating,N/A
DCTH,$0.4003,1440792958375,"122,121",78% bullish,of 9 ratings,N/A
DGAS,$20.12,1440792958457,"3,626",67% bearish,of 3 ratings,N/A
XRAY,$53.26,1440792958724,"439,575",100% bullish,of 1 rating,$58
DELT,$2.52,1440792958752,"6,000",Not yet rated,NULL,N/A
DEPO,$28.38,1440792958783,"492,382",60% bullish,of 5 ratings,$29
DENN,$11.486,1440792958804,"411,298",100% bullish,of 3 ratings,$15
DERM,$26.951,1440792958842,"101,722",100% bearish,of 1 rating,$33.50
DELTW,NULL,1440792958882,0,Not yet rated,NULL,N/A
DSCI,$5.93,1440792958937,"30,721",50% bullish,of 2 ratings,$16
DEST,$11.13,1440792958963,"20,183",50% bullish,of 2 ratings,N/A
DSWL,$1.71,1440792959149,"4,300",100% bullish,of 1 rating,N/A
DXM,$0.26,1440792959238,"140,456",50% bullish,of 2 ratings,N/A
DXLG,$5.62,1440792959263,"88,154",100% bearish,of 1 rating,$8
DXCM,$94.3009,1440792959288,"601,324",57% bullish,of 7 ratings,$98
DMND,$29.77,1440792959477,"136,979",75% bullish,of 12 ratings,$32
DHXM,$6.82,1440792959507,"1,035",Not yet rated,NULL,N/A
DHIL,$194.56,1440792959585,"3,474",Not yet rated,NULL,N/A
FANG,$67.4988,1440792959617,"926,475",50% bullish,of 2 ratings,$86.50
DCIX,$1.74,1440792959643,"50,106",50% bullish,of 4 ratings,$3.50
DMRC,$36.6101,1440792959685,"119,075",100% bearish,of 1 rating,$44
DGII,$10.06,1440792959711,"88,222",100% bearish,of 1 rating,$10
DRNA,$10.6913,1440792959774,"76,364",67% bearish,of 3 ratings,$25
DRAD,$3.7,1440792959845,"14,268",100% bullish,of 1 rating,$5.25
APPS,$2.43,1440792960007,"110,289",100% bearish,of 1 rating,$10.25
DGLY,$8.33,1440792960032,"107,978",50% bullish,of 6 ratings,$20
DCOM,$17.01,1440792960079,"121,079",100% bearish,of 2 ratings,$16.50
DIOD,$19.93,1440792960218,"99,831",75% bearish,of 4 ratings,$24
DPRX,$13.52,1440792960323,"8,669",100% bullish,of 2 ratings,$27.75
DVCR,$10.8,1440792960399,"5,362",100% bullish,of 1 rating,N/A
DISCA,$27.11,1440792960430,"1,466,779",67% bullish,of 3 ratings,$34
DISCB,NULL,1440792960457,0,100% bearish,of 1 rating,$35
DISH,$59.62,1440792960483,"664,719",69% bullish,of 13 ratings,$73
DISCK,$25.71,1440792960504,"1,433,509",100% bearish,of 1 rating,$32
DSCO,$0.42,1440792960537,"233,070",83% bullish,of 6 ratings,$2.75
BAGR,$2.77,1440792960725,"10,502",100% bearish,of 1 rating,$6
DLHC,$2.45,1440792960758,"2,228",100% bearish,of 1 rating,N/A
DNBF,$25.76,1440792960895,408,Not yet rated,NULL,$27.50
DLTR,$76.73,1440792961051,"1,692,343",82% bullish,of 11 ratings,$88
DGICA,$14.27,1440792961103,"10,031",100% bearish,of 1 rating,$17
HILL,$9.66,1440792961205,"1,225,542",60% bearish,of 5 ratings,$9.75
DGICB,NULL,1440792961236,0,100% bearish,of 1 rating,N/A
DRWI,$0.21,1440792961290,"608,108",60% bullish,of 5 ratings,$.45
DMLP,$14.39,1440792961316,"9,844",100% bearish,of 1 rating,N/A
DORM,$50.42,1440792961338,"213,759",100% bearish,of 1 rating,$56
DRWIW,$0.04,1440792961375,318,Not yet rated,NULL,N/A
DRYS,$0.44,1440792961469,"3,465,209",77% bullish,of 31 ratings,$.60
DSKX,$3.25,1440792961546,"269,494",100% bullish,of 1 rating,N/A
CADT,NULL,1440792961752,0,Not yet rated,NULL,N/A
DSPG,$8.55,1440792961903,"86,169",100% bearish,of 1 rating,$13.50
DWA,$20.29,1440792961929,"762,200",63% bullish,of 8 ratings,$26
DNKN,$51.69,1440792962060,"614,000",67% bullish,of 15 ratings,$56.50
CADTU,NULL,1440792962092,0,Not yet rated,NULL,N/A
CADTW,NULL,1440792962112,0,Not yet rated,NULL,N/A
CADTR,NULL,1440792962141,0,Not yet rated,NULL,N/A
DTSI,$27.07,1440792962194,"64,157",100% bearish,of 2 ratings,$39.50
DYAX,$23.4873,1440792962331,"449,669",89% bullish,of 9 ratings,$30
DXPE,$28.01,1440792962435,"198,304",50% bullish,of 2 ratings,N/A
DYNT,$3,1440792962510,"2,521",75% bullish,of 4 ratings,N/A
BOOM,$10.64,1440792962606,"121,109",67% bullish,of 3 ratings,$12
DYSL,$1.44,1440792962633,"9,241",100% bullish,of 2 ratings,N/A
DRRX,$2.1,1440792962654,"173,513",50% bullish,of 6 ratings,$3
DVAX,$29.76,1440792962707,"286,597",70% bullish,of 10 ratings,$40
ETFC,$26.53,1440792962790,"1,650,169",57% bullish,of 14 ratings,$32.50
EBMT,$11.54,1440792962916,"1,076",Not yet rated,NULL,$13.50
EGBN,$41.91,1440792962986,"45,249",Not yet rated,NULL,$48
EGLE,$6.51,1440792963014,"44,651",60% bullish,of 5 ratings,N/A
EROC,$1.54,1440792963149,"321,569",50% bullish,of 2 ratings,$3
EGRX,$82.8621,1440792963183,"183,519",67% bullish,of 3 ratings,$97
ELNK,$8.45,1440792963209,"506,574",60% bullish,of 5 ratings,$9.50
EWBC,$40.36,1440792963234,"521,415",100% bearish,of 1 rating,$50
EVBS,$6.6,1440792963426,"16,168",Not yet rated,NULL,$7
EML,$16.47,1440792963456,"7,046",Not yet rated,NULL,N/A
EBAY,$27.25,1440792963494,"6,615,870",81% bullish,of 117 ratings,$34
EACQU,NULL,1440792963520,0,Not yet rated,NULL,N/A
EBIX,$28.21,1440792963654,"195,340",69% bullish,of 13 ratings,$40
ELON,$0.5649,1440792963680,"28,406",50% bullish,of 2 ratings,N/A
ECHO,$23.01,1440792963719,"541,316",67% bearish,of 3 ratings,$35.50
ECTE,$1.46,1440792963821,"3,701",75% bullish,of 4 ratings,N/A
EEI,$11.15,1440792963952,"3,106",67% bearish,of 3 ratings,N/A
ECACU,$10.1,1440792963979,"3,602",Not yet rated,NULL,N/A
SATS,$44.59,1440792964013,"56,536",50% bullish,of 2 ratings,$60
ESES,$3.22,1440792964146,"2,164",100% bearish,of 1 rating,$7
EDAP,$3.6,1440792964167,"25,350",60% bullish,of 5 ratings,$4.50
EDUC,$5.55,1440792964240,"21,651",100% bearish,of 1 rating,N/A
EDGW,$7.01,1440792964270,"10,591",100% bearish,of 1 rating,N/A
EFUT,$4.63,1440792964335,700,Not yet rated,NULL,N/A
EHTH,$14.42,1440792964470,"158,764",50% bullish,of 4 ratings,$16.50
EGLT,$10.66,1440792964497,"20,932",50% bullish,of 2 ratings,$21
LOCO,$13.7082,1440792964649,"1,204,962",69% bullish,of 13 ratings,$20
EGAN,$3.64,1440792964713,"7,806",50% bullish,of 2 ratings,$6.25
ESLT,$76.65,1440792964749,"2,915",67% bullish,of 3 ratings,N/A
EMITF,$1.18,1440792964812,"3,474",75% bullish,of 4 ratings,N/A
ERI,$9.7,1440792964850,"144,058",100% bearish,of 1 rating,$10
ELRC,$10.71,1440792964877,"16,295",100% bearish,of 1 rating,N/A
EA,$67.8313,1440792964909,"2,042,812",77% bullish,of 35 ratings,$80
ESIO,$4.43,1440792965067,"140,326",50% bullish,of 2 ratings,$10
ELSE,$3.9999,1440792965093,500,60% bullish,of 5 ratings,N/A
ELEC,NULL,1440792965139,0,Not yet rated,NULL,N/A
EFII,$44.09,1440792965165,"126,788",80% bullish,of 5 ratings,$55
ELECW,NULL,1440792965383,0,Not yet rated,NULL,N/A
ELECU,NULL,1440792965431,0,Not yet rated,NULL,N/A
EBIO,$3.55,1440792965468,"154,084",100% bearish,of 2 ratings,$8.35
CAPX,$22.98,1440792965691,"3,900",Not yet rated,NULL,N/A
ESBK,$19.66,1440792965718,423,Not yet rated,NULL,N/A
LONG,$17.04,1440792965739,"9,996",67% bullish,of 3 ratings,$15.75
RDEN,$10.95,1440792965760,"74,134",100% bearish,of 4 ratings,$15
ELTK,$1.34,1440792965988,"144,213",67% bearish,of 3 ratings,N/A
EMCI,$23.2,1440792966024,"15,310",Not yet rated,NULL,N/A
EMMS,$1.12,1440792966057,"136,017",83% bullish,of 6 ratings,N/A
EMCF,$23.06,1440792966082,100,100% bearish,of 1 rating,N/A
EMMSP,$3,1440792966119,200,100% bearish,of 1 rating,N/A
NYNY,$4.37,1440792966148,"30,064",50% bullish,of 2 ratings,N/A
EMKR,$7.06,1440792966169,"64,951",75% bullish,of 4 ratings,$8.50
ERS,$2.83,1440792966309,"6,582",Not yet rated,NULL,N/A
ENTA,$41.18,1440792966413,"122,272",50% bullish,of 2 ratings,$42
ENDP,$78.7,1440792966549,"843,170",50% bullish,of 6 ratings,$104
WIRE,$31.67,1440792966576,"89,570",100% bearish,of 1 rating,$37
ECPG,$40.13,1440792966633,"153,215",100% bullish,of 2 ratings,$52
EIGI,$15.55,1440792966728,"197,192",67% bearish,of 3 ratings,$22.50
ELGX,$12.9772,1440792966812,"310,420",75% bullish,of 4 ratings,$17
ECYT,$5.28,1440792966863,"159,331",83% bullish,of 6 ratings,$12
WATT,$6.99,1440792966889,"124,032",50% bullish,of 2 ratings,$13
EFOI,$22,1440792966943,"907,367",50% bullish,of 2 ratings,$20.50
ERII,$2.69,1440792966974,"49,581",80% bullish,of 5 ratings,$2.50
EXXI,$1.81,1440792967029,"2,103,592",86% bullish,of 7 ratings,$3.50
ENOC,$9.0284,1440792967182,"300,546",75% bullish,of 4 ratings,$18
ENG,$1,1440792967208,"10,728",100% bullish,of 3 ratings,N/A
ENPH,$4.619,1440792967289,"408,612",75% bullish,of 4 ratings,$11
ESGR,$145.4751,1440792967432,"29,081",100% bearish,of 1 rating,$185
ENFC,$17.63,1440792967508,"14,896",Not yet rated,NULL,N/A
ENTG,$13.7,1440792967666,"497,304",100% bearish,of 1 rating,$18
EBTC,$21.14,1440792967696,"4,165",Not yet rated,NULL,N/A
EGT,$2.14,1440792967717,"13,092",100% bullish,of 1 rating,N/A
ENTL,$22.19,1440792967740,"11,188",Not yet rated,NULL,$28
EFSC,$23.84,1440792967773,"31,304",Not yet rated,NULL,$27
ETRM,$0.27,1440792967871,"540,107",69% bearish,of 35 ratings,$1.625
ENZN,$1.05,1440792967924,"191,259",100% bullish,of 9 ratings,N/A
ENVI,$1.85,1440792967955,"22,541",67% bullish,of 3 ratings,N/A
EPIQ,$12.94,1440792968131,"95,226",100% bearish,of 1 rating,$18
ENZY,$9.69,1440792968159,"20,091",67% bullish,of 3 ratings,$9.50
EPRS,$5.3,1440792968180,"65,326",82% bullish,of 11 ratings,$15
EPZM,$19.0342,1440792968210,"274,625",60% bullish,of 5 ratings,$34
PLUS,$76.75,1440792968342,"44,176",50% bullish,of 2 ratings,$88
EQIX,$268.78,1440792968469,"315,993",75% bullish,of 4 ratings,$312.50
EQFN,NULL,1440792968496,0,100% bearish,of 1 rating,N/A
EAC,$3.37,1440792968539,"4,106",100% bearish,of 1 rating,$8
ERIE,$82.4994,1440792968632,"22,795",Not yet rated,NULL,$73
ERIC,$9.95,1440792968661,"1,517,001",67% bullish,of 9 ratings,$12.20
ESCA,$18,1440792968682,"15,279",100% bearish,of 1 rating,$22
ESCR,$0.094,1440792968825,"312,869",50% bullish,of 2 ratings,N/A
ESCRP,$1.15,1440792968868,"3,261",100% bearish,of 1 rating,N/A
ESMC,$1.31,1440792968959,"1,148",Not yet rated,NULL,N/A
ESPR,$52.9011,1440792969000,"594,562",70% bearish,of 10 ratings,$123
ESSA,$12.81,1440792969025,"2,219",100% bearish,of 1 rating,N/A
EPIX,NULL,1440792969100,0,Not yet rated,NULL,N/A
ESND,$34.46,1440792969191,"109,824",100% bearish,of 2 ratings,$40
ETSY,$14.82,1440792969246,"411,169",80% bullish,of 5 ratings,$16
ESSX,$0.4461,1440792969274,"121,833",50% bullish,of 2 ratings,N/A
CLWT,NULL,1440792969425,0,100% bullish,of 1 rating,N/A
EVEP,$8.18,1440792969456,"368,198",50% bullish,of 2 ratings,$15
EEFT,$65.62,1440792969478,"156,443",100% bearish,of 1 rating,$67.50
ESEA,$5.37,1440792969498,"3,809",100% bullish,of 1 rating,$15
EVLV,$2.68,1440792969679,"224,462",60% bullish,of 5 ratings,$5.125
EVK,$3.75,1440792969707,267,75% bearish,of 4 ratings,N/A
EVOK,$3.75,1440792969763,"45,220",100% bearish,of 1 rating,$13.375
EXAS,$22.1497,1440792969935,"466,187",78% bullish,of 9 ratings,$31
EXA,$11.19,1440792969957,"12,872",100% bearish,of 1 rating,$13
EVOL,$5.98,1440792969989,"4,531",75% bullish,of 4 ratings,$10
EXAC,$18.64,1440792970036,"19,457",100% bearish,of 1 rating,$22.50
EXFO,$2.74,1440792970137,"3,109",67% bearish,of 3 ratings,$3.95
EXLS,$36.47,1440792970171,"100,422",50% bullish,of 2 ratings,$41
EXEL,$6.0492,1440792970197,"3,036,769",81% bullish,of 16 ratings,$6
EXPE,$116.51,1440792970218,"591,732",64% bullish,of 11 ratings,$130
EXPO,$42.71,1440792970401,"77,553",100% bearish,of 1 rating,$45.50
ESRX,$84.46,1440792970462,"2,106,065",67% bearish,of 6 ratings,$101
EXPD,$49.66,1440792970492,"1,275,119",80% bullish,of 5 ratings,$52
EXLP,$20.8232,1440792970535,"166,876",100% bearish,of 1 rating,$25
EXTR,$2.8,1440792970595,"436,711",80% bullish,of 5 ratings,$3
EYEG,$3.63,1440792970692,"8,530",Not yet rated,NULL,N/A
EYEGW,NULL,1440792970777,0,Not yet rated,NULL,N/A
EZPW,$5.83,1440792970917,"233,435",50% bullish,of 4 ratings,$7.50
FCS,$13.71,1440792970947,"592,459",67% bearish,of 3 ratings,$17
FB,$91,1440792970988,"21,235,606",73% bullish,of 1069 ratings,$111
EZCH,$22.5819,1440792971017,"100,750",75% bullish,of 8 ratings,$19.50
FFIV,$122.97,1440792971047,"535,513",63% bullish,of 8 ratings,$132
FRP,$16.22,1440792971122,"94,958",100% bearish,of 1 rating,$18
FWM,$2.25,1440792971196,"116,909",100% bearish,of 2 ratings,$3.20
DAVE,$15.36,1440792971324,"17,244",100% bearish,of 1 rating,$15.50
FALC,$1.76,1440792971399,"108,050",63% bearish,of 8 ratings,N/A
FARM,$22.94,1440792971426,"20,302",100% bearish,of 1 rating,$35
FFKT,$25.89,1440792971472,"7,859",Not yet rated,NULL,$29
FMNB,$8.27,1440792971497,"9,733",Not yet rated,NULL,N/A
FARO,$38.01,1440792971625,"102,494",50% bullish,of 2 ratings,$48
FATE,$7.21,1440792971704,"24,853",50% bullish,of 2 ratings,$11
FAST,$38.69,1440792971759,"1,512,129",80% bullish,of 5 ratings,$45.50
FBSS,$15.29,1440792971788,200,Not yet rated,NULL,N/A
FDML,$8.72,1440792971869,"236,697",50% bullish,of 4 ratings,$14
FBRC,$22.28,1440792971937,"11,421",100% bearish,of 1 rating,$29
FEIC,$75.72,1440792971962,"218,467",50% bullish,of 2 ratings,$95.50
FNHC,$21.3932,1440792972000,"82,865",100% bearish,of 1 rating,$35
FHCO,$1.37,1440792972222,"24,116",50% bullish,of 4 ratings,N/A
FENX,$9.97,1440792972274,"142,225",100% bullish,of 1 rating,$14.25
FCSC,$5.74,1440792972303,"84,467",100% bearish,of 1 rating,$8.125
FGEN,$24.2518,1440792972361,"153,520",100% bearish,of 1 rating,$39
LION,$19.0992,1440792972406,"73,891",100% bullish,of 1 rating,$20
ONEQ,$189.9,1440792972491,"11,934",100% bullish,of 1 rating,N/A
FRGI,$52.21,1440792972658,"104,985",50% bullish,of 2 ratings,$70
FSAM,$8.19,1440792972683,"10,985",100% bearish,of 1 rating,$10.25
FDUS,$14.64,1440792972724,"23,047",50% bullish,of 2 ratings,$18
FSCFL,$24.65,1440792972749,"6,848",Not yet rated,NULL,N/A
FSC,$6.45,1440792972829,"607,315",60% bullish,of 5 ratings,$8
FSFR,$8.89,1440792972894,"67,547",100% bearish,of 1 rating,$11.50
FITB,$19.97,1440792972923,"3,689,661",54% bullish,of 13 ratings,$22
FITBI,$27.525,1440792973054,"34,706",Not yet rated,NULL,N/A
FNGN,$33.23,1440792973122,"176,185",67% bullish,of 3 ratings,$47
FNSR,$15.7795,1440792973312,"515,197",71% bullish,of 7 ratings,$24.50
FNJN,$1.9,1440792973412,"33,173",100% bearish,of 1 rating,$5
FISI,$24.52,1440792973440,"15,055",100% bullish,of 2 ratings,$24.50
FNTC,NULL,1440792973473,0,Not yet rated,NULL,N/A
FNTCW,NULL,1440792973499,0,Not yet rated,NULL,N/A
FNTCU,NULL,1440792973570,0,Not yet rated,NULL,N/A
FEYE,$38.9791,1440792973595,"2,065,680",87% bullish,of 15 ratings,$55.50
FNLC,$18.73,1440792973735,"10,865",100% bullish,of 1 rating,N/A
FRBA,$6.08,1440792973868,"1,488",Not yet rated,NULL,$8
FBNC,$16.95,1440792973893,"17,095",100% bullish,of 1 rating,$20
BUSE,$6.36,1440792973949,"86,138",Not yet rated,NULL,$6.875
FBIZ,$44.1,1440792974046,"28,232",100% bearish,of 2 ratings,$52
FCAP,$26.77,1440792974071,402,Not yet rated,NULL,N/A
FCVA,$4.61,1440792974119,351,Not yet rated,NULL,N/A
FCFS,$39.83,1440792974282,"153,098",100% bearish,of 3 ratings,$48
FCNCA,$238.6,1440792974354,"15,000",Not yet rated,NULL,N/A
FCBC,$17.49,1440792974386,"17,320",Not yet rated,NULL,$18
FCLF,$9.05,1440792974412,"1,666",Not yet rated,NULL,N/A
FCCO,$12,1440792974489,"2,065",Not yet rated,NULL,$13.25
FCFP,$6.94,1440792974650,"3,000",Not yet rated,NULL,N/A
FBNK,$17.21,1440792974675,"22,720",100% bearish,of 1 rating,$17.50
FFNM,$6.19,1440792974743,"1,344",Not yet rated,NULL,N/A
FDEF,$37.44,1440792974822,"34,494",Not yet rated,NULL,$38
FFBC,$18.28,1440792974871,"148,881",67% bearish,of 3 ratings,$20.25
FFBCW,NULL,1440792974957,0,100% bearish,of 1 rating,N/A
THFF,$32.94,1440792974990,"24,328",Not yet rated,NULL,$35
FFIN,$30.67,1440792975011,"140,911",50% bullish,of 2 ratings,$31.75
INBK,$30.15,1440792975090,"10,430",50% bullish,of 2 ratings,$37
FFNW,$12.06,1440792975153,"10,423",Not yet rated,NULL,$14
FFWM,$21.37,1440792975334,"22,466",Not yet rated,NULL,$24
FIBK,$26.22,1440792975392,"81,735",Not yet rated,NULL,$32
FMBH,NULL,1440792975463,0,Not yet rated,NULL,N/A
FMBI,$17.43,1440792975526,"262,637",Not yet rated,NULL,$20
FRME,$25.92,1440792975556,"130,034",Not yet rated,NULL,$26.50
FNBC,$34.63,1440792975593,"62,959",Not yet rated,NULL,$40
FNFG,$9.155,1440792975658,"1,150,641",80% bullish,of 5 ratings,$9
FNWB,$11.85,1440792975797,"10,217",Not yet rated,NULL,N/A
FSGI,$2.47,1440792975829,"12,130",Not yet rated,NULL,N/A
FSFG,$30.07,1440792975854,71,Not yet rated,NULL,N/A
FSLR,$47.8,1440792975931,"1,169,945",72% bullish,of 39 ratings,$65
FSBK,$7.82,1440792975990,"5,412",100% bullish,of 1 rating,N/A
BICK,$19.69,1440792976060,"1,428",100% bullish,of 1 rating,N/A
FBZ,$10.144,1440792976132,600,Not yet rated,NULL,N/A
FCAN,$24.6,1440792976204,"6,052",Not yet rated,NULL,N/A
FCA,$20.44,1440792976303,"2,300",Not yet rated,NULL,N/A
FTCS,$36.63,1440792976387,"18,232",100% bearish,of 1 rating,N/A
FV,$23.71,1440792976517,"1,935,175",100% bearish,of 1 rating,N/A
IFV,$17.88,1440792976544,"555,778",100% bearish,of 1 rating,N/A
FEMB,NULL,1440792976564,0,Not yet rated,NULL,N/A
FEUZ,$31.5,1440792976595,"1,405",Not yet rated,NULL,N/A
FTSM,$59.85,1440792976620,"7,169",100% bearish,of 1 rating,N/A
MDIV,$19.23,1440792976761,"128,525",Not yet rated,NULL,N/A
TDIV,$24.9,1440792976805,"74,537",100% bearish,of 1 rating,N/A
FTGC,$22.39,1440792976892,"76,491",Not yet rated,NULL,N/A
FGM,$35.58,1440792976973,"2,324",Not yet rated,NULL,N/A
HYLS,$49.53,1440792977046,"35,104",100% bearish,of 1 rating,N/A
FTHI,$19.5399,1440792977071,640,Not yet rated,NULL,N/A
FHK,$33.3,1440792977117,"2,363",Not yet rated,NULL,N/A
FPXI,$27.29,1440792977353,500,Not yet rated,NULL,N/A
SKYY,$29.18,1440792977386,"46,046",100% bullish,of 1 rating,N/A
YDIV,$16.5742,1440792977411,"3,515",Not yet rated,NULL,N/A
PLTM,$6.38,1440792977460,"6,702",100% bearish,of 1 rating,N/A
CU,$13.21,1440792977490,"7,015",100% bearish,of 1 rating,N/A
FTLB,$19.3188,1440792977560,"3,260",100% bearish,of 1 rating,N/A
FJP,$47.81,1440792977585,"59,841",Not yet rated,NULL,N/A
LMBS,$49.77,1440792977664,"5,298",Not yet rated,NULL,N/A
FMB,$51.23,1440792977802,415,Not yet rated,NULL,N/A
CIBR,$18.04,1440792977886,"51,388",Not yet rated,NULL,N/A
QABA,$37.18,1440792977959,"8,586",100% bearish,of 1 rating,N/A
FONE,$35.29,1440792978025,950,Not yet rated,NULL,N/A
GRID,$33.09,1440792978097,705,100% bearish,of 1 rating,N/A
CARZ,$35.05,1440792978228,"1,904",100% bearish,of 1 rating,N/A
QCLN,$15.18,1440792978260,"16,517",Not yet rated,NULL,N/A
QQXT,$40.74,1440792978321,"18,704",Not yet rated,NULL,N/A
RDVY,$21.17,1440792978364,"2,849",Not yet rated,NULL,N/A
QTEC,$40.33,1440792978398,"26,311",Not yet rated,NULL,N/A
AIRR,$16.4,1440792978426,"2,252",100% bearish,of 1 rating,N/A
QINC,$20.2999,1440792978498,663,Not yet rated,NULL,N/A
QQEW,$42.1,1440792978526,"52,287",Not yet rated,NULL,N/A
FTSL,$48.74,1440792978750,"110,156",100% bearish,of 1 rating,N/A
FDIV,$46.09,1440792978820,302,100% bearish,of 1 rating,N/A
FKO,NULL,1440792978848,0,Not yet rated,NULL,N/A
FSZ,$39.19,1440792978955,"3,866",Not yet rated,NULL,N/A
TUSA,$25.08,1440792978981,300,Not yet rated,NULL,N/A
FTW,$31.91,1440792979145,230,Not yet rated,NULL,N/A
FKU,$41.82,1440792979199,"5,183",Not yet rated,NULL,N/A
FUNC,$8.12,1440792979225,"2,091",Not yet rated,NULL,N/A
SVVC,$9.43,1440792979262,"11,779",50% bullish,of 2 ratings,$26
FSV,$31.41,1440792979283,"12,183",Not yet rated,NULL,$33.60
FMER,$17.81,1440792979318,"730,061",50% bullish,of 2 ratings,$20
FPRX,$18.9125,1440792979357,"177,697",50% bullish,of 2 ratings,$35
FISV,$86.78,1440792979390,"796,917",100% bearish,of 3 ratings,$90
FIVE,$38.2,1440792979600,"859,540",75% bearish,of 4 ratings,$44
FIVN,$4.03,1440792979699,"81,145",100% bullish,of 1 rating,$8.50
FLML,$21.9746,1440792979725,"90,829",50% bullish,of 2 ratings,$30
FLKS,$12.41,1440792979855,"26,956",50% bullish,of 2 ratings,$27
FLXN,$24.9557,1440792979911,"48,943",100% bearish,of 1 rating,$40
MBSD,$25.02,1440792979993,"14,451",Not yet rated,NULL,N/A
SKOR,$50.3,1440792980024,"2,349",Not yet rated,NULL,N/A
FLEX,$10.6173,1440792980049,"1,114,885",63% bullish,of 8 ratings,$12
FLXS,$32.15,1440792980074,"13,463",100% bearish,of 2 ratings,N/A
FLDM,$11.6786,1440792980124,"260,066",67% bearish,of 3 ratings,$15
FFIC,$19.73,1440792980203,"77,235",Not yet rated,NULL,$21
FOMX,$10.18,1440792980359,"82,607",50% bullish,of 2 ratings,$23.50
FLIR,$28.57,1440792980387,"1,029,983",100% bearish,of 1 rating,$38.50
FOGO,$19.23,1440792980408,"34,672",50% bullish,of 2 ratings,$25.50
FONR,$9.7,1440792980440,"6,716",100% bullish,of 1 rating,N/A
FES,$0.9409,1440792980542,"94,182",50% bullish,of 2 ratings,$1
FORM,$6.53,1440792980742,"253,516",67% bullish,of 3 ratings,$10.50
FTNT,$42.96,1440792980774,"603,332",80% bullish,of 10 ratings,$52
FORTY,$30.33,1440792980796,"1,000",100% bearish,of 1 rating,N/A
FBIO,$2.88,1440792980833,"79,815",83% bullish,of 6 ratings,N/A
FORD,$1.73,1440792980859,"1,751,240",67% bullish,of 3 ratings,N/A
FORR,$31.88,1440792980884,"18,318",Not yet rated,NULL,N/A
FWRD,$45,1440792980939,"185,047",100% bearish,of 1 rating,$50
FOSL,$61.6,1440792981082,"709,887",60% bearish,of 5 ratings,$80
FWP,$27.02,1440792981153,"15,503",100% bearish,of 1 rating,$45
FMI,$23.769,1440792981184,"311,952",100% bearish,of 2 ratings,$27.50
FXCB,$17.02,1440792981289,"34,645",Not yet rated,NULL,$19
FOXF,$15.18,1440792981327,"24,042",100% bearish,of 1 rating,$19
FELE,$29.23,1440792981354,"216,301",50% bullish,of 4 ratings,$33
FRAN,$11.17,1440792981387,"366,068",50% bullish,of 4 ratings,$15
FREE,$0.378,1440792981561,"370,595",92% bullish,of 12 ratings,N/A
FRED,$13.06,1440792981596,"247,648",50% bullish,of 2 ratings,$16
RAIL,$20.4481,1440792981693,"70,721",100% bearish,of 1 rating,$24.50
FTR,$5.08,1440792981720,"11,159,897",78% bullish,of 27 ratings,$6.25
FEIM,$11,1440792981749,"3,049",100% bearish,of 1 rating,N/A
FRPT,$13.06,1440792981770,"298,230",67% bearish,of 3 ratings,$23.50
FTRPR,$100.8,1440792981909,"53,474",100% bearish,of 1 rating,N/A
FSBW,$23.2,1440792982014,991,Not yet rated,NULL,N/A
FRPH,$31.17,1440792982144,"4,964",100% bearish,of 1 rating,N/A
FTEK,$2.04,1440792982206,"51,368",75% bullish,of 4 ratings,N/A
FTD,$29.27,1440792982291,"102,013",100% bearish,of 1 rating,$40
FSYS,$6.63,1440792982316,"30,772",67% bullish,of 3 ratings,$10
FCEL,$0.8,1440792982378,"1,496,403",88% bullish,of 41 ratings,$2.65
FULLL,$24.9101,1440792982459,200,Not yet rated,NULL,N/A
FULL,$3.1,1440792982486,"30,227",67% bearish,of 3 ratings,$4.25
FLL,$1.51,1440792982544,"10,264",75% bullish,of 4 ratings,$3.50
FULT,$12.08,1440792982626,"623,316",100% bearish,of 1 rating,$13
FSNN,$2.18,1440792982660,"1,562",67% bullish,of 3 ratings,$6
FFHL,$1.05,1440792982759,"18,397",50% bullish,of 4 ratings,N/A
FXEN,$0.87,1440792982795,"69,159",75% bullish,of 4 ratings,$1.10
GK,$67.55,1440792982891,"59,789",Not yet rated,NULL,$78
FXENP,$15.76,1440792982917,"1,000",100% bearish,of 1 rating,N/A
WILC,$4.97,1440792983050,"6,120",100% bullish,of 2 ratings,N/A
GAIA,$5.9,1440792983122,"7,898",50% bullish,of 2 ratings,$8.50
GLPG,$60.49,1440792983179,"13,297",100% bullish,of 1 rating,$75
GALT,$1.96,1440792983336,"30,257",80% bullish,of 5 ratings,N/A
GALTW,NULL,1440792983394,0,100% bullish,of 1 rating,N/A
GLMD,$8.81,1440792983423,"11,506",67% bullish,of 3 ratings,$20.50
GALTU,NULL,1440792983443,0,100% bearish,of 1 rating,N/A
GALE,$1.5,1440792983465,"788,620",89% bullish,of 47 ratings,$4
GRMN,$37.99,1440792983637,"966,117",50% bullish,of 6 ratings,$46.50
GPIC,$9.64,1440792983664,710,100% bearish,of 1 rating,N/A
GLPI,$31.58,1440792983685,"322,901",100% bearish,of 1 rating,$37.50
GGAC,$9.89,1440792983914,"10,419",100% bearish,of 1 rating,N/A
GGACU,$10.27,1440792983939,"22,044",Not yet rated,NULL,N/A
GGACR,$0.3,1440792983964,"49,683",100% bullish,of 1 rating,N/A
GGACW,$0.14,1440792984128,"11,300",Not yet rated,NULL,N/A
GARS,$14.21,1440792984200,"22,022",Not yet rated,NULL,$16
GNCMA,$16.99,1440792984230,"119,680",100% bearish,of 1 rating,$12
GENC,$9.16,1440792984251,"11,573",100% bearish,of 1 rating,N/A
GFN,$3.95,1440792984284,"17,699",100% bearish,of 2 ratings,$8
GFNCP,$93.89,1440792984391,350,Not yet rated,NULL,N/A
GNMK,$9.925,1440792984456,"195,314",67% bullish,of 6 ratings,$14
GENE,$2.29,1440792984607,"182,762",100% bullish,of 12 ratings,N/A
GNCA,$12.2483,1440792984641,"103,234",100% bearish,of 1 rating,$20
GFNSL,$25.6,1440792984662,700,Not yet rated,NULL,N/A
GHDX,$27.4132,1440792984734,"193,116",50% bullish,of 2 ratings,$30
GNTX,$15.53,1440792984760,"1,032,340",Not yet rated,NULL,$20
THRM,$46.44,1440792984835,"366,275",75% bearish,of 4 ratings,$55.50
GEOS,$16.71,1440792985039,"121,026",100% bearish,of 3 ratings,$21
GTWN,NULL,1440792985064,0,Not yet rated,NULL,N/A
GNVC,$2.51,1440792985127,"10,917",90% bullish,of 10 ratings,$8.50
GABC,$29,1440792985156,"14,993",Not yet rated,NULL,$31
GEVO,$2.33,1440792985231,"332,274",75% bullish,of 12 ratings,$5
GERN,$3.23,1440792985259,"1,136,842",88% bullish,of 16 ratings,$5.25
GIGM,$0.5201,1440792985315,"76,762",100% bullish,of 2 ratings,N/A
GIGA,$1.42,1440792985449,"2,675",100% bearish,of 1 rating,N/A
ROCK,$16.51,1440792985510,"136,118",80% bullish,of 5 ratings,$24
GILD,$108.083,1440792985578,"5,960,407",91% bullish,of 87 ratings,$129
GILT,$4.3001,1440792985603,"1,700",50% bullish,of 2 ratings,N/A
GIII,$68.14,1440792985628,"173,905",67% bullish,of 3 ratings,$75
GBCI,$25.66,1440792985680,"242,848",50% bullish,of 2 ratings,$31
GLAD,$8.8,1440792985813,"171,130",50% bullish,of 2 ratings,$8.75
GOOD,$14.5789,1440792985877,"71,891",Not yet rated,NULL,$19
GLADO,$25.59,1440792985909,"1,700",Not yet rated,NULL,N/A
GOODP,NULL,1440792986071,0,Not yet rated,NULL,N/A
GOODO,$25,1440792986098,30,Not yet rated,NULL,N/A
GOODN,$25.407,1440792986124,400,Not yet rated,NULL,N/A
GAIN,$7.47,1440792986287,"107,125",100% bullish,of 2 ratings,$8.25
GAINN,$25.01,1440792986319,"56,593",Not yet rated,NULL,N/A
GAINO,$25.1728,1440792986454,490,Not yet rated,NULL,N/A
LAND,$9.16,1440792986480,"48,601",50% bullish,of 2 ratings,$13.75
GLBZ,NULL,1440792986508,0,Not yet rated,NULL,N/A
GAINP,$25.9,1440792986611,620,Not yet rated,NULL,N/A
ENT,$11.77,1440792986638,"70,637",100% bearish,of 1 rating,$18
GDEF,$10.53,1440792986665,600,Not yet rated,NULL,N/A
GBT,$45.44,1440792986812,"73,753",100% bearish,of 1 rating,N/A
GBLI,$26.99,1440792986913,"11,614",Not yet rated,NULL,N/A
GPACU,NULL,1440792986943,0,Not yet rated,NULL,N/A
GSOL,$8.0275,1440792986975,"18,239",100% bearish,of 1 rating,N/A
ACTX,NULL,1440792986999,0,100% bullish,of 1 rating,N/A
QQQC,$19.67,1440792987046,"3,061",100% bearish,of 1 rating,N/A
SOCL,$17.82,1440792987202,"24,218",100% bullish,of 2 ratings,N/A
ALTY,$14.44,1440792987269,600,Not yet rated,NULL,N/A
SRET,$13.25,1440792987375,"1,014",Not yet rated,NULL,N/A
GAI,$5.9,1440792987479,"1,400",50% bullish,of 2 ratings,N/A
YLCO,$11.95,1440792987507,"1,396",Not yet rated,NULL,N/A
GSM,$13.47,1440792987528,"395,501",50% bullish,of 2 ratings,$22
GBIM,$2.29,1440792987560,"19,199",50% bullish,of 2 ratings,N/A
GLBS,NULL,1440792987581,0,67% bullish,of 3 ratings,N/A
GLRI,$1.01,1440792987711,"23,180",100% bearish,of 1 rating,$4.25
GLUU,$4.4771,1440792987762,"785,573",92% bullish,of 26 ratings,$9
GLYC,$7.05,1440792987790,"16,674",50% bullish,of 2 ratings,$14
GLNG,$38.2739,1440792987922,"963,948",83% bullish,of 6 ratings,$58
GOGO,$15.67,1440792987950,"430,925",80% bullish,of 5 ratings,$25
GMLP,$18.7689,1440792987975,"222,288",50% bullish,of 4 ratings,$32.50
GLDC,$4,1440792988027,"5,513",50% bullish,of 2 ratings,N/A
GDEN,$8.96,1440792988207,"13,852",50% bullish,of 2 ratings,N/A
GTIM,$7.03,1440792988290,"31,867",Not yet rated,NULL,$11.50
GPRO,$48.24,1440792988366,"3,251,159",78% bullish,of 58 ratings,$72
GOGL,$3.14,1440792988397,"219,782",75% bullish,of 4 ratings,$5
GOOG,$630.597,1440792988424,"1,037,942",89% bullish,of 70 ratings,$825
GBDC,$16.66,1440792988454,"111,261",Not yet rated,NULL,$17.75
GOOGL,$659.69,1440792988479,"994,360",88% bullish,of 1081 ratings,$749
GMAN,$3.73,1440792988531,"210,604",60% bullish,of 5 ratings,$8.50
GPIA,$9.84,1440792988671,190,Not yet rated,NULL,N/A
GPIAU,NULL,1440792988742,0,Not yet rated,NULL,N/A
GPIAW,NULL,1440792988833,0,Not yet rated,NULL,N/A
LOPE,$37.48,1440792988858,"88,688",100% bearish,of 2 ratings,$50
GBSNU,NULL,1440792988935,0,NULL,NULL,NULL
GRVY,$3.16,1440792989070,125,50% bullish,of 2 ratings,N/A
GBSN,$0.371,1440792989203,"4,047,374",50% bullish,of 2 ratings,$8.25
GNBC,$11.86,1440792989300,"12,838",100% bearish,of 1 rating,$16.50
GRBK,$11.9858,1440792989332,"112,905",77% bullish,of 13 ratings,N/A
GSBC,$39.87,1440792989361,"19,550",100% bullish,of 1 rating,$44
GLDD,$5.42,1440792989388,"85,917",100% bearish,of 4 ratings,$7.75
GPP,$13.7,1440792989417,"33,561",Not yet rated,NULL,$20.50
GPRE,$20.55,1440792989443,"1,089,201",67% bullish,of 6 ratings,$28.50
GCBC,NULL,1440792989637,0,100% bullish,of 1 rating,N/A
GRIF,$32.61,1440792989738,308,100% bearish,of 1 rating,N/A
GLRE,$25.5037,1440792989768,"147,192",50% bullish,of 2 ratings,$41
GRPN,$4.6,1440792989825,"5,871,259",61% bullish,of 71 ratings,$6.75
GRFS,$30.5748,1440792989868,"206,103",50% bullish,of 2 ratings,$35
OMAB,$40.81,1440792990005,"12,578",100% bullish,of 1 rating,$44
GGAL,$19.4858,1440792990031,"118,461",80% bullish,of 5 ratings,$40
GSIG,$12.99,1440792990052,"26,241",100% bearish,of 2 ratings,N/A
GBNK,$15.79,1440792990229,"18,192",100% bearish,of 1 rating,$18
GTXI,$0.874,1440792990262,"20,930",100% bullish,of 5 ratings,$.75
GSIT,$4.62,1440792990296,"8,389",100% bearish,of 1 rating,N/A
GSVC,$8.72,1440792990325,"82,010",50% bullish,of 2 ratings,$14.50
GFED,$14.67,1440792990365,779,Not yet rated,NULL,$17
GUID,$7.28,1440792990397,"41,899",100% bearish,of 3 ratings,$10
GULTU,$0.3001,1440792990474,"1,330,535",100% bearish,of 1 rating,N/A
GIFI,$12.46,1440792990700,"46,311",100% bearish,of 1 rating,$16
GPOR,$35.04,1440792990798,"1,469,370",75% bullish,of 4 ratings,$55
GURE,$1.67,1440792990880,"85,776",88% bullish,of 8 ratings,N/A
GWPH,$109.0298,1440792990906,"112,013",78% bullish,of 9 ratings,$148.50
GYRO,$2.84,1440792991038,"6,150",100% bearish,of 1 rating,N/A
GWGH,$7.74,1440792991066,"1,171",100% bearish,of 1 rating,$15.05
HLG,$9.5,1440792991087,"2,247",100% bearish,of 1 rating,N/A
HEES,$18.8863,1440792991126,"313,856",67% bearish,of 3 ratings,$31
HNRG,$7.69,1440792991219,"67,636",100% bearish,of 1 rating,$10
HBK,$13.67,1440792991248,713,50% bullish,of 2 ratings,N/A
HALO,$18.41,1440792991274,"770,812",67% bullish,of 3 ratings,$22.50
HBHCL,$24.39,1440792991696,"26,203",Not yet rated,NULL,N/A
HMPR,$1.87,1440792991732,"27,431",100% bullish,of 1 rating,N/A
HNH,$25.45,1440792991758,"17,093",100% bullish,of 1 rating,N/A
HALL,$11.41,1440792991800,"17,684",Not yet rated,NULL,N/A
HAFC,$24.13,1440792991825,"107,736",100% bullish,of 2 ratings,$28.50
HNSN,$0.56,1440792991849,"56,801",88% bullish,of 8 ratings,$.40
HBHC,$27.4,1440792991886,"557,875",50% bullish,of 2 ratings,$30
HQCL,$12.9,1440792992035,"30,828",67% bullish,of 3 ratings,$14
HDNG,$10.04,1440792992120,"11,625",50% bullish,of 4 ratings,N/A
HRMNW,NULL,1440792992251,0,Not yet rated,NULL,N/A
HRMN,NULL,1440792992278,0,Not yet rated,NULL,N/A
TINY,$2.48,1440792992313,"19,385",50% bullish,of 2 ratings,$5.26
HLIT,$5.79,1440792992344,"245,585",100% bearish,of 1 rating,$6.50
HRMNU,NULL,1440792992437,0,Not yet rated,NULL,N/A
HBIO,$4.28,1440792992465,"35,731",100% bearish,of 1 rating,$10
HART,$1.04,1440792992490,"103,690",100% bearish,of 1 rating,N/A
HAS,$75.51,1440792992771,"715,623",63% bullish,of 8 ratings,$84.50
HCAP,$12.15,1440792992804,"4,513",50% bullish,of 2 ratings,$15
HA,$22.91,1440792992826,"540,546",67% bullish,of 9 ratings,$27
HCAPL,$25.7399,1440792992859,400,Not yet rated,NULL,N/A
HWKN,$37.33,1440792992904,"28,365",Not yet rated,NULL,N/A
HWBK,$13.24,1440792992961,100,100% bearish,of 1 rating,N/A
HAYN,$38.31,1440792992988,"42,804",100% bearish,of 1 rating,$59
HCOM,$21.82,1440792993013,"31,913",100% bearish,of 1 rating,$28
HDS,$33.29,1440792993220,"1,196,371",100% bearish,of 2 ratings,$39.50
HCSG,$33.32,1440792993251,"191,304",50% bullish,of 4 ratings,$35
HIIQ,$5.17,1440792993354,"32,371",50% bullish,of 2 ratings,$7
HSTM,$25.36,1440792993380,"85,178",50% bullish,of 2 ratings,$33.75
HQY,$29.51,1440792993407,"115,176",67% bullish,of 3 ratings,$32
HWAY,$11.95,1440792993536,"277,655",100% bearish,of 1 rating,$15
HTLD,$20.55,1440792993567,"340,610",Not yet rated,NULL,$22.50
HTLF,$35.88,1440792993629,"18,432",100% bullish,of 1 rating,$39.50
HTWR,$86.25,1440792993726,"146,919",50% bullish,of 2 ratings,$103
HTBX,$5.16,1440792993767,"3,070",50% bullish,of 2 ratings,$15.50
HMNY,$2.19,1440792993792,300,100% bearish,of 1 rating,N/A
HSII,$19.62,1440792993817,"52,414",100% bullish,of 3 ratings,$25
HELE,$85.56,1440792993870,"103,024",67% bearish,of 3 ratings,$100
HNNA,$24.865,1440792994017,"10,548",Not yet rated,NULL,N/A
HMTV,$13.72,1440792994047,"12,865",100% bearish,of 1 rating,$16
HCACU,$9.98,1440792994073,"100,000",Not yet rated,NULL,N/A
HERO,NULL,1440792994151,0,NULL,NULL,NULL
HSIC,$139.4,1440792994297,"342,367",83% bullish,of 6 ratings,$146
HTBK,$10.63,1440792994362,"33,672",Not yet rated,NULL,$12
HCCI,$11.25,1440792994425,"41,971",100% bearish,of 1 rating,$16.50
MLHR,$26.99,1440792994452,"309,640",50% bullish,of 2 ratings,$33.50
HEOP,$7.66,1440792994482,"15,664",Not yet rated,NULL,$8.50
HFWA,$17.59,1440792994582,"71,343",100% bullish,of 1 rating,$20
HRTX,$35.4697,1440792994663,"219,253",67% bullish,of 6 ratings,$41
HFFC,$15.77,1440792994688,"5,478",Not yet rated,NULL,N/A
HSKA,$33.74,1440792994837,"20,621",100% bearish,of 1 rating,$38
HIBB,$38.87,1440792994872,"223,232",100% bearish,of 1 rating,$46.50
HIHO,$3.81,1440792994973,"6,096",Not yet rated,NULL,N/A
HPJ,$2.21,1440792994998,"29,621",75% bullish,of 4 ratings,$12.43
HIMX,$6.906,1440792995130,"915,996",86% bullish,of 21 ratings,$8.50
HIFS,$115.91,1440792995230,"1,142",Not yet rated,NULL,N/A
HSGX,$6.05,1440792995261,"3,574",100% bearish,of 1 rating,$17
HMNF,$11.32,1440792995287,"2,016",Not yet rated,NULL,N/A
HMSY,$10.47,1440792995363,"808,790",67% bullish,of 3 ratings,$19.35
HBCP,$24.71,1440792995444,"2,436",Not yet rated,NULL,$29
HOLI,$17.78,1440792995495,"94,603",50% bullish,of 4 ratings,$27
HOLX,$39.76,1440792995521,"1,449,942",67% bullish,of 3 ratings,$42
HOMB,$37.97,1440792995580,"221,597",Not yet rated,NULL,$42
HFBL,$21.62,1440792995649,536,Not yet rated,NULL,N/A
AWAY,$29.19,1440792995754,"431,994",67% bullish,of 3 ratings,$36
HMIN,$26.7,1440792995828,"59,584",100% bearish,of 2 ratings,$35
HTBI,$18.1459,1440792995971,"26,491",67% bullish,of 3 ratings,$18.625
HMST,$21.8156,1440792995997,"74,708",100% bullish,of 2 ratings,$27
HBNC,$23.57,1440792996134,"11,951",100% bullish,of 1 rating,$27
HFBC,$11.22,1440792996164,"3,150",Not yet rated,NULL,N/A
HKTV,$4.76,1440792996185,200,100% bearish,of 1 rating,N/A
CETC,$0.76,1440792996218,"165,443",86% bullish,of 7 ratings,N/A
HOFT,$23.78,1440792996245,"18,807",100% bearish,of 1 rating,N/A
ZINC,$7.7809,1440792996318,"596,903",100% bearish,of 1 rating,$17
HRZN,$10.33,1440792996377,"33,944",50% bullish,of 2 ratings,$14.25
HDP,$24.0843,1440792996557,"194,175",67% bearish,of 3 ratings,$30.50
HMHC,$22.6128,1440792996583,"467,029",Not yet rated,NULL,$27
HZNP,$30.48,1440792996620,"1,069,487",85% bullish,of 20 ratings,$40
HWCC,$7.5,1440792996659,"82,097",100% bearish,of 1 rating,$9
HOVNP,$4.54,1440792996805,"1,000",100% bearish,of 1 rating,N/A
HBMD,$14.24,1440792996906,809,100% bearish,of 1 rating,N/A
HSNI,$62.38,1440792997006,"170,416",Not yet rated,NULL,$80
HUBG,$37.06,1440792997036,"387,408",100% bearish,of 1 rating,$43
HBAN,$10.91,1440792997058,"5,185,613",76% bullish,of 17 ratings,$12.29
HTGM,$5.69,1440792997090,"4,024",100% bearish,of 1 rating,$19.50
HCBK,$9.36,1440792997120,"1,252,200",83% bullish,of 6 ratings,$8.61
HSON,$2.55,1440792997270,"22,082",100% bearish,of 1 rating,$5
HBANP,NULL,1440792997330,0,100% bearish,of 1 rating,N/A
HDSN,$3.11,1440792997356,"27,087",100% bullish,of 1 rating,$6.25
HURC,$30.35,1440792997435,"11,751",100% bearish,of 1 rating,N/A
HURN,$73.185,1440792997507,"75,526",50% bullish,of 2 ratings,$80
HDRA,NULL,1440792997701,0,Not yet rated,NULL,N/A
HBP,$3.11,1440792997733,"3,775",100% bullish,of 1 rating,N/A
HDRAR,NULL,1440792997760,0,Not yet rated,NULL,N/A
HTCH,$1.56,1440792997782,"94,983",100% bearish,of 1 rating,$3.50
HDRAU,NULL,1440792997810,0,Not yet rated,NULL,N/A
HYGS,$9.55,1440792997844,"29,871",50% bullish,of 2 ratings,$13
HDRAW,NULL,1440792997914,0,Not yet rated,NULL,N/A
IACI,$71.44,1440792998153,"445,254",75% bullish,of 4 ratings,$90
IDSY,$3.91,1440792998183,"6,108",100% bearish,of 1 rating,$7
IKGH,$1.8,1440792998205,"10,231",75% bullish,of 4 ratings,N/A
IBKC,$60.36,1440792998226,"110,793",100% bullish,of 1 rating,$70
ICAD,$3.9,1440792998257,"83,344",100% bullish,of 2 ratings,$7.25
IEP,$74.19,1440792998470,"59,411",75% bullish,of 4 ratings,$99
INVE,$4.4,1440792998579,"78,490",75% bullish,of 4 ratings,$4
ICLR,$77.9507,1440792998615,"266,641",100% bearish,of 3 ratings,$85
ICON,$13.52,1440792998644,"466,297",50% bullish,of 2 ratings,$18.50
ICUI,$113.92,1440792998672,"46,068",Not yet rated,NULL,$122
IPWR,$7.28,1440792998695,"4,444",100% bullish,of 1 rating,$15
IDRA,$2.92,1440792998755,"600,869",89% bullish,of 9 ratings,$6.50
ICFI,$34.04,1440792998778,"48,226",50% bullish,of 2 ratings,$48.50
IDXX,$73.21,1440792998996,"346,247",100% bearish,of 1 rating,$77
DSKY,$10.9914,1440792999058,"128,718",67% bullish,of 6 ratings,$11.50
IROQ,$16.7,1440792999208,300,100% bullish,of 1 rating,N/A
RXDX,$13.82,1440792999308,"155,370",100% bullish,of 1 rating,$20
KANG,$15.8181,1440792999442,"158,725",50% bullish,of 2 ratings,$22.55
IRG,$4.78,1440792999464,"23,310",100% bearish,of 1 rating,$4.25
ISNS,$4,1440792999495,"15,572",50% bullish,of 2 ratings,N/A
IMMR,$11.7982,1440792999525,"72,570",80% bullish,of 5 ratings,$15.50
IIVI,$16.89,1440792999546,"154,740",100% bearish,of 1 rating,$22
IKNX,NULL,1440792999578,0,100% bearish,of 1 rating,N/A
ILMN,$201.023,1440792999714,"782,017",80% bullish,of 5 ratings,$245
IKAN,$2.72,1440792999745,"4,738",83% bullish,of 6 ratings,$5
IMNP,$1.36,1440792999877,"30,681",50% bullish,of 2 ratings,$6
IMGN,$14.28,1440792999915,"954,807",75% bullish,of 4 ratings,$17.50
ICCC,$7.21,1440792999972,"13,479",100% bullish,of 1 rating,N/A
IMDZ,$16.4471,1440793000008,"27,425",100% bearish,of 1 rating,$33
IMMU,$2.16,1440793000259,"703,356",86% bullish,of 7 ratings,$2
IPXL,$42.4,1440793000332,"457,281",67% bullish,of 3 ratings,$46.50
INCR,$41.8102,1440793000360,"221,630",50% bullish,of 2 ratings,$53
IMMY,$7.69,1440793000393,"4,471",100% bearish,of 1 rating,$11
INCY,$118.2366,1440793000420,"1,091,667",50% bullish,of 6 ratings,$125.50
INDB,$44.5,1440793000490,"202,162",Not yet rated,NULL,$44
IBCP,$14.16,1440793000518,"92,995",100% bullish,of 1 rating,$14.50
SAAS,$7.64,1440793000577,"241,851",50% bullish,of 2 ratings,$15
IDSA,$3.6,1440793000676,"2,730",Not yet rated,NULL,N/A
IBTX,$41.3245,1440793000802,"14,811",100% bullish,of 2 ratings,$47.25
INFN,$22.3034,1440793000903,"1,021,795",71% bullish,of 7 ratings,$28
IPCC,$77.31,1440793000936,"22,719",Not yet rated,NULL,$77.50
INFI,$9.28,1440793001034,"337,035",50% bullish,of 4 ratings,$18
IFON,$1.21,1440793001064,"24,493",75% bullish,of 4 ratings,N/A
III,$3.89,1440793001090,"95,856",57% bullish,of 7 ratings,$6
IMKTA,$50.28,1440793001174,"51,797",100% bearish,of 1 rating,N/A
INWK,$7.0587,1440793001279,"56,084",50% bullish,of 2 ratings,$10
INNL,$12.78,1440793001346,"1,348",100% bearish,of 1 rating,$16.50
INOD,$2.38,1440793001375,"4,694",100% bearish,of 1 rating,N/A
IPHS,$48.24,1440793001407,"75,359",100% bearish,of 1 rating,$60
IOSP,$48.17,1440793001473,"185,552",100% bearish,of 1 rating,N/A
ISSC,$2.78,1440793001578,"4,200",67% bearish,of 3 ratings,N/A
INGN,$49.78,1440793001835,"219,151",100% bearish,of 1 rating,$50.50
ITEK,$12.15,1440793001927,"249,011",100% bearish,of 3 ratings,$20
INO,$7.5986,1440793002018,"1,632,273",89% bullish,of 18 ratings,$20
INOV,$21.73,1440793002090,"735,420",100% bearish,of 1 rating,$33
ISIG,$2.71,1440793002147,"10,879",100% bearish,of 1 rating,N/A
INSM,$25.2268,1440793002231,"270,938",71% bullish,of 7 ratings,$31.50
NSIT,$25.8,1440793002258,"111,329",50% bullish,of 2 ratings,N/A
IIIN,$17.07,1440793002279,"16,257",100% bearish,of 2 ratings,N/A
NTEC,$5.75,1440793002317,"8,105",100% bearish,of 1 rating,N/A
INSY,$33.83,1440793002344,"270,545",75% bullish,of 4 ratings,$48
ISSI,$21.94,1440793002548,"133,452",67% bullish,of 3 ratings,$19.75
PODD,$29.5209,1440793002578,"209,569",67% bearish,of 3 ratings,$35
IESC,$7.02,1440793002640,"2,580",100% bearish,of 1 rating,N/A
INTC,$28.43,1440793002668,"25,215,799",82% bullish,of 238 ratings,$36
IART,$60.79,1440793002693,"177,769",100% bearish,of 2 ratings,$71.50
IDTI,$19.09,1440793002721,"1,454,562",60% bullish,of 5 ratings,$25
IQNT,$18.4333,1440793002956,"151,041",86% bullish,of 7 ratings,$20
ININ,$36.15,1440793003035,"85,018",67% bearish,of 3 ratings,$57
IBKR,$40.28,1440793003087,"604,319",100% bullish,of 1 rating,N/A
IPCI,$2.31,1440793003115,"76,615",67% bullish,of 6 ratings,$8
ICPT,$189.4643,1440793003143,"96,157",70% bullish,of 10 ratings,$359.50
ICLD,$1.85,1440793003171,"103,348",75% bullish,of 4 ratings,N/A
IPAR,$25.63,1440793003202,"79,790",67% bullish,of 3 ratings,$38
ICLDW,NULL,1440793003303,0,100% bearish,of 1 rating,N/A
IDCC,$49.46,1440793003433,"173,515",80% bullish,of 5 ratings,$63
TILE,$23.94,1440793003521,"430,551",100% bearish,of 3 ratings,$27
IMI,$2.13,1440793003566,"10,493",67% bullish,of 3 ratings,$2.22
INAP,$8.05,1440793003614,"239,453",75% bullish,of 4 ratings,$11
IBOC,$25.15,1440793003771,"153,814",100% bearish,of 1 rating,N/A
ISCA,$31.97,1440793003822,"101,419",100% bearish,of 1 rating,N/A
IGLD,$6.97,1440793003847,400,50% bullish,of 2 ratings,N/A
INPH,$0.32,1440793003925,"162,928",50% bullish,of 2 ratings,N/A
PTNT,$2.91,1440793004010,"2,723",Not yet rated,NULL,N/A
IIJI,$10,1440793004039,40,50% bullish,of 2 ratings,$11.50
INTX,$2.03,1440793004087,"97,223",67% bullish,of 3 ratings,N/A
ISIL,$10.61,1440793004187,"482,193",50% bullish,of 6 ratings,$15
XENT,$25.4056,1440793004264,"141,447",50% bullish,of 2 ratings,$36.50
IILG,$19.97,1440793004295,"102,968",100% bearish,of 1 rating,$29
IVAC,$4.86,1440793004401,"23,655",100% bearish,of 1 rating,$6.625
INTL,$25.81,1440793004483,"62,669",67% bearish,of 3 ratings,N/A
INTLL,$26.09,1440793004540,850,Not yet rated,NULL,N/A
IIN,$6.39,1440793004669,"2,100",100% bearish,of 1 rating,$12
ITCI,$26.2454,1440793004695,"275,489",75% bearish,of 4 ratings,$40
INVT,$0.303,1440793004725,"213,959",67% bullish,of 3 ratings,N/A
INTU,$86.21,1440793004755,"1,893,948",86% bullish,of 7 ratings,$107.50
ISRG,$514.24,1440793004824,"95,881",67% bullish,of 3 ratings,$600
SNAK,$8.68,1440793004853,"102,619",50% bullish,of 2 ratings,$14
ISBC,$11.75,1440793005158,"969,971",100% bullish,of 1 rating,$13.25
ISTR,$15.6,1440793005221,841,100% bearish,of 1 rating,$18.50
NVIV,$9.66,1440793005294,"133,094",50% bullish,of 4 ratings,$24.50
ITIC,$71.15,1440793005319,"1,300",100% bearish,of 2 ratings,N/A
IVTY,$14.61,1440793005365,"17,056",Not yet rated,NULL,$18
IPCM,$79.44,1440793005523,"119,674",50% bullish,of 2 ratings,$80.125
DTUL,NULL,1440793005552,0,Not yet rated,NULL,N/A
IPAS,$1.09,1440793005577,"49,183",67% bullish,of 3 ratings,N/A
IPGP,$85.88,1440793005653,"250,042",100% bearish,of 2 ratings,$109.50
IRMD,$25.04,1440793005744,"11,226",67% bearish,of 3 ratings,$25
IRIX,$6.89,1440793005774,"7,546",100% bearish,of 1 rating,N/A
DFVL,NULL,1440793005795,0,Not yet rated,NULL,N/A
IRDMB,$279.5,1440793005835,320,67% bearish,of 3 ratings,N/A
IRDM,$7.18,1440793005924,"399,873",60% bullish,of 5 ratings,$11.50
IRBT,$29.29,1440793005964,"166,262",67% bullish,of 6 ratings,$37
IRWD,$11.27,1440793006025,"1,081,546",100% bearish,of 1 rating,$13
FCHI,NULL,1440793006319,0,NULL,NULL,NULL
IRCP,NULL,1440793006372,0,100% bullish,of 2 ratings,N/A
IFAS,NULL,1440793006422,0,NULL,NULL,NULL
COMT,$33.62,1440793006444,"23,140",100% bearish,of 1 rating,N/A
GNMA,$50.32,1440793006464,"3,187",Not yet rated,NULL,N/A
IFEU,$37.74,1440793006484,"4,879",Not yet rated,NULL,N/A
IFNA,NULL,1440793006510,0,NULL,NULL,NULL
IFGL,$28.61,1440793006540,"191,698",Not yet rated,NULL,N/A
ACWX,$41.04,1440793007022,"692,879",100% bearish,of 1 rating,N/A
AAIT,NULL,1440793007045,0,NULL,NULL,NULL
ACWI,$56.3,1440793007070,"1,578,362",Not yet rated,NULL,N/A
AXJS,NULL,1440793007089,0,NULL,NULL,NULL
AAXJ,$53.62,1440793007116,"990,087",Not yet rated,NULL,N/A
EMDI,NULL,1440793007261,0,NULL,NULL,NULL
EEME,NULL,1440793007292,0,NULL,NULL,NULL
EMEY,NULL,1440793007384,0,NULL,NULL,NULL
EEML,$27.61,1440793007442,"9,700",Not yet rated,NULL,N/A
EGRW,NULL,1440793007486,0,NULL,NULL,NULL
EUFN,$21.85,1440793007518,"71,778",100% bearish,of 1 rating,N/A
IEUS,$45.4,1440793007548,"5,456",100% bearish,of 1 rating,N/A
EEMA,$50.47,1440793007578,"37,087",Not yet rated,NULL,N/A
QAT,$21.6,1440793007716,600,Not yet rated,NULL,N/A
EVAL,NULL,1440793007743,0,NULL,NULL,NULL
UAE,$18.6,1440793007850,"11,800",Not yet rated,NULL,N/A
IBB,$350.6785,1440793007984,"853,217",63% bullish,of 8 ratings,N/A
ICLN,$9.6,1440793008080,"14,518",50% bullish,of 2 ratings,N/A
EMIF,$28.87,1440793008120,"8,923",Not yet rated,NULL,N/A
INDY,$27.63,1440793008146,"140,732",50% bullish,of 2 ratings,N/A
WOOD,$48.3,1440793008221,"23,260",50% bullish,of 2 ratings,N/A
ISLE,$17.5869,1440793008281,"139,999",50% bullish,of 4 ratings,$16
SOXX,$83.25,1440793008307,"380,264",50% bullish,of 2 ratings,N/A
IGOV,$90.85,1440793008327,"16,643",100% bearish,of 1 rating,N/A
ISHG,$79.35,1440793008478,"9,098",100% bearish,of 1 rating,N/A
ISIS,$51.1753,1440793008506,"780,805",53% bullish,of 15 ratings,$67
ITRI,$30.03,1440793008658,"194,392",Not yet rated,NULL,$37
ISRL,$131.04,1440793008717,459,100% bearish,of 1 rating,N/A
ITRN,$24.11,1440793008762,"1,416",50% bullish,of 2 ratings,N/A
XXIA,$15.17,1440793008954,"471,587",71% bullish,of 7 ratings,$14.625
ITUS,$4.03,1440793008979,"7,850",Not yet rated,NULL,N/A
MAYS,$55.95,1440793009037,100,Not yet rated,NULL,N/A
JJSF,$114.72,1440793009068,"29,197",100% bearish,of 1 rating,N/A
IXYS,$11.0917,1440793009089,"103,597",50% bullish,of 4 ratings,N/A
JBHT,$73.51,1440793009110,"553,728",50% bullish,of 4 ratings,$89.50
JCOM,$69.71,1440793009145,"185,475",100% bullish,of 2 ratings,$77
JKHY,$68.78,1440793009414,"212,523",50% bullish,of 2 ratings,$72
JACK,$81.77,1440793009518,"189,483",83% bullish,of 6 ratings,$105
JXSB,NULL,1440793009544,0,Not yet rated,NULL,N/A
JAXB,$13.31,1440793009565,90,100% bullish,of 1 rating,N/A
JASO,$7.9,1440793009598,"747,475",82% bullish,of 17 ratings,$10
JAGX,$3.44,1440793009698,"8,574",Not yet rated,NULL,N/A
JAKK,$9.28,1440793009908,"492,480",60% bearish,of 5 ratings,$11
JRVR,$26.79,1440793009947,"37,718",Not yet rated,NULL,$32
JMBA,$13.95,1440793009969,"91,131",75% bullish,of 4 ratings,$18
JAZZ,$171.501,1440793010000,"167,566",80% bullish,of 15 ratings,$206.50
ERW,NULL,1440793010021,0,Not yet rated,NULL,N/A
JASNW,NULL,1440793010051,0,50% bullish,of 2 ratings,N/A
JASN,$4.93,1440793010073,"23,503",50% bullish,of 2 ratings,$9.50
JD,$26.8199,1440793010203,"4,894,669",75% bullish,of 16 ratings,$36
JBLU,$22.295,1440793010397,"2,624,212",94% bullish,of 18 ratings,$27
JTPY,$2.95,1440793010422,100,100% bearish,of 1 rating,N/A
JIVE,$4.51,1440793010788,"258,377",75% bullish,of 4 ratings,$5
JCTCF,NULL,1440793010824,0,100% bullish,of 1 rating,N/A
JST,$3.98,1440793010846,"7,252",75% bullish,of 4 ratings,N/A
JOEZ,$0.17,1440793010877,"97,593",92% bullish,of 12 ratings,N/A
DATE,$5.92,1440793010898,"93,636",75% bullish,of 4 ratings,$9
JNP,$10.93,1440793010919,"25,559",100% bullish,of 3 ratings,$15
WYIGU,$10.2,1440793010958,6,Not yet rated,NULL,N/A
JUNO,$38.0565,1440793010979,"680,645",73% bullish,of 11 ratings,$71.50
JBSS,$53.6446,1440793011185,"71,625",67% bearish,of 3 ratings,N/A
KBIO,$2.01,1440793011282,"19,373",50% bullish,of 4 ratings,N/A
KTWO,$21.54,1440793011313,"84,852",100% bearish,of 1 rating,$28.50
JOUT,$23.41,1440793011334,"5,162",100% bearish,of 1 rating,$34
KALU,$83.24,1440793011415,"129,441",67% bearish,of 3 ratings,$91
KMDA,$3.48,1440793011475,"19,288",50% bullish,of 2 ratings,$8
KNDI,$6.73,1440793011582,"253,973",86% bullish,of 22 ratings,N/A
