Symbol,Price,Date,Volume,Rating,RatingVoteCount,OneYearEstimate
TFSCU,NULL,1439846402318,0,Not yet rated,NULL,N/A
FCTY,$7.45,1439846402355,144,100% bullish,of 1 rating,$8.50
PIH,$7.71,1439846402379,"10,051",100% bearish,of 1 rating,N/A
TFSCR,$0.35,1439846402410,"1,600",Not yet rated,NULL,N/A
FLWS,$9.7419,1439846402432,"87,527",100% bullish,of 5 ratings,$15
FCCY,$11.58,1439846402464,"4,603",100% bullish,of 1 rating,$13
TFSCW,NULL,1439846402485,0,100% bearish,of 1 rating,N/A
TFSC,NULL,1439846402506,0,100% bearish,of 1 rating,N/A
VNET,$21.41,1439846402800,"634,213",60% bullish,of 5 ratings,$29.50
UGLD,$8.89,1439846402832,"59,661",100% bearish,of 1 rating,N/A
SRCE,$31.5063,1439846402854,"24,186",100% bullish,of 3 ratings,$33
TWOU,$36.0072,1439846402875,"514,473",50% bullish,of 2 ratings,$39
USLV,$14.8,1439846402924,"117,732",86% bullish,of 7 ratings,N/A
DGLD,$85.32,1439846403013,"1,394",100% bullish,of 1 rating,N/A
JOBS,$28.5,1439846403038,"75,895",50% bullish,of 4 ratings,$36
DSLV,$61.95,1439846403326,"8,732",100% bearish,of 1 rating,N/A
AVHI,$14.1328,1439846403495,"26,636",100% bearish,of 1 rating,$19
SIXD,$2.9706,1439846403525,"66,399",Not yet rated,NULL,N/A
SHLM,$35.5571,1439846403629,"91,015",100% bearish,of 1 rating,$50
ABAX,$48.2897,1439846403720,"99,859",100% bearish,of 1 rating,$60
EGHT,$8.5717,1439846403748,"219,866",82% bullish,of 17 ratings,$11
CAFD,$15.63,1439846403775,"64,963",Not yet rated,NULL,$25
ABY,$22.2044,1439846403829,"425,949",100% bearish,of 2 ratings,$46
ABEO,$5.4111,1439846403908,"90,302",67% bullish,of 3 ratings,$15.50
AAON,$23.0046,1439846404039,"76,304",100% bearish,of 1 rating,$24
ABEOW,$2.35,1439846404203,"1,570",100% bullish,of 1 rating,N/A
ABMD,$106.4713,1439846404274,"399,915",75% bullish,of 4 ratings,$86
AXAS,$1.8104,1439846404345,"462,651",78% bullish,of 9 ratings,$3.50
ABGB,$4.93,1439846404407,"48,912",67% bullish,of 3 ratings,$5.50
ACAD,$39.51,1439846404433,"645,907",85% bullish,of 20 ratings,$48
ACHC,$81.9498,1439846404454,"518,467",50% bullish,of 2 ratings,$92
ACTG,$8.9818,1439846404489,"337,075",67% bullish,of 3 ratings,$18.50
ACST,$0.3873,1439846404621,"30,004",100% bullish,of 2 ratings,N/A
AXDX,$19.5539,1439846404701,"101,233",100% bearish,of 1 rating,N/A
XLRN,$32.3565,1439846404830,"163,032",50% bullish,of 2 ratings,$57
ARAY,$6.1612,1439846404860,"497,204",100% bearish,of 1 rating,$10.50
VXUP,$16.92,1439846404933,"26,691",Not yet rated,NULL,N/A
ANCX,$19.1438,1439846404958,"22,570",Not yet rated,NULL,$19
VXDN,$17.02,1439846405003,"3,635",Not yet rated,NULL,N/A
ACRX,$4.43,1439846405174,"197,140",67% bearish,of 6 ratings,$5.50
AKAO,$7.23,1439846405306,"94,243",75% bullish,of 4 ratings,$15
ACHN,$8.7,1439846405436,"4,757,997",90% bullish,of 21 ratings,$16
ACIW,$23.1746,1439846405467,"250,628",50% bullish,of 2 ratings,$24
ACET,$25.4251,1439846405536,"65,418",75% bullish,of 4 ratings,$30
ACNB,$20.21,1439846405566,420,Not yet rated,NULL,N/A
ACOR,$32.3965,1439846405596,"202,550",67% bearish,of 3 ratings,$38.50
ACPW,$1.89,1439846405625,"9,703",100% bullish,of 4 ratings,$3.50
ATVI,$29.3,1439846405702,"3,246,623",68% bullish,of 84 ratings,$31.50
ACTS,$1.5,1439846405773,"40,135",100% bearish,of 1 rating,N/A
ACTA,$13.8728,1439846405930,"70,934",67% bearish,of 3 ratings,$25
ADAP,$15.53,1439846406179,"67,180",67% bullish,of 3 ratings,$22
ACUR,$0.62,1439846406205,"106,897",100% bullish,of 5 ratings,$1
ADMS,$21.9744,1439846406231,"46,938",100% bearish,of 2 ratings,$36
ACXM,$21.3043,1439846406262,"349,637",67% bullish,of 3 ratings,N/A
ADMP,$3.66,1439846406283,"31,670",50% bullish,of 2 ratings,$10
ADEP,$7.38,1439846406364,"12,883",50% bullish,of 2 ratings,$10.75
ADUS,$29.2859,1439846406436,"49,723",100% bearish,of 1 rating,$31
AEY,$2.32,1439846406497,"8,485",100% bearish,of 2 ratings,N/A
ADMA,$9.45,1439846406706,"9,434",Not yet rated,NULL,$19
ADTN,$16.2933,1439846406812,"246,386",67% bullish,of 3 ratings,$17.125
ADRO,$21.6043,1439846406837,"131,968",80% bullish,of 5 ratings,$45.50
ADBE,$86.77,1439846406874,"983,779",65% bullish,of 17 ratings,$90
AEIS,$26.5753,1439846407009,"215,633",50% bullish,of 2 ratings,$32.50
ADXS,$16.8834,1439846407043,"535,965",64% bullish,of 14 ratings,$27
AMD,$1.8004,1439846407065,"6,637,623",83% bullish,of 102 ratings,$2
ADXSW,$12.35,1439846407143,"1,685",100% bullish,of 1 rating,N/A
MULT,NULL,1439846407277,0,100% bearish,of 1 rating,N/A
YPRO,$23.06,1439846407310,"9,860",100% bearish,of 1 rating,N/A
AEGR,$18.3937,1439846407352,"313,957",50% bullish,of 6 ratings,$26
AEGN,$18.9938,1439846407408,"88,291",100% bearish,of 1 rating,$21
AEHR,$2.16,1439846407482,"13,006",50% bullish,of 2 ratings,N/A
AMTX,$3.4,1439846407550,"4,579",50% bullish,of 2 ratings,$26.11
AEPI,$57.9516,1439846407700,"17,754",100% bearish,of 1 rating,N/A
AEZS,$0.1148,1439846407844,"9,083,766",90% bullish,of 21 ratings,$1.625
AEMD,$6.89,1439846407876,"20,324",Not yet rated,NULL,$27.50
AERI,$16.2132,1439846407897,"183,078",75% bullish,of 4 ratings,$31.50
AVAV,$26.2753,1439846407980,"91,614",50% bullish,of 4 ratings,$31
AFFX,$9.972,1439846408066,"616,714",80% bullish,of 5 ratings,$12
AGEN,$7.7516,1439846408111,"682,255",85% bullish,of 13 ratings,$14
AFMD,$12.0924,1439846408138,"137,062",50% bullish,of 4 ratings,$15
AGRX,$8.9418,1439846408198,"12,771",100% bearish,of 1 rating,$18
AGYS,$9.5319,1439846408378,"18,009",100% bearish,of 1 rating,N/A
AIMT,$24.16,1439846408646,"166,672",Not yet rated,NULL,N/A
AGFS,$10.99,1439846408709,"61,849",100% bearish,of 1 rating,N/A
AIRM,$40.038,1439846408740,"174,280",80% bearish,of 5 ratings,$53
AGFSW,$2.44,1439846408761,"12,397",100% bearish,of 1 rating,N/A
AIRT,$22.18,1439846408791,"1,307",100% bullish,of 1 rating,N/A
AGIO,$96.14,1439846408812,"236,879",88% bullish,of 8 ratings,$114
ATSG,$9.792,1439846408843,"103,880",67% bullish,of 3 ratings,$13
AIXG,$6.01,1439846409051,"3,741",67% bearish,of 3 ratings,$6
AKRX,$44.3053,1439846409180,"364,943",78% bullish,of 9 ratings,$56
AKER,$3.78,1439846409211,"2,092",Not yet rated,NULL,N/A
AKAM,$73.57,1439846409249,"656,002",63% bullish,of 8 ratings,$77
AMCN,$5.13,1439846409279,"454,048",83% bullish,of 6 ratings,N/A
ALRM,$16.84,1439846409307,"48,878",100% bearish,of 1 rating,$22
AKBA,$7.2014,1439846409346,"118,308",100% bearish,of 1 rating,$18
ALSK,$2.12,1439846409372,"105,475",78% bullish,of 18 ratings,$2
AMRI,$20.9142,1439846409629,"130,991",75% bearish,of 4 ratings,$24
ABDC,$13.04,1439846409697,"47,070",Not yet rated,NULL,$15
ADHD,$9.23,1439846409727,"285,662",50% bullish,of 4 ratings,$18
ALDR,$38.4577,1439846409782,"438,890",67% bearish,of 3 ratings,$62
ALXN,$191.2429,1439846409860,"612,500",88% bullish,of 8 ratings,$223
ALXA,$1.1,1439846409887,"14,255",83% bullish,of 6 ratings,$2.125
ALDX,$8.07,1439846409909,"9,358",100% bearish,of 1 rating,$14.50
ALCO,$44.6089,1439846410050,"13,346",50% bullish,of 2 ratings,N/A
ALGN,$60.8873,1439846410082,"517,591",100% bearish,of 2 ratings,$73
ALGT,$234.0268,1439846410239,"100,954",100% bearish,of 1 rating,$235
ALIM,$3.9808,1439846410265,"55,314",80% bullish,of 5 ratings,$10
ALKS,$68.2082,1439846410294,"448,993",67% bullish,of 3 ratings,$75
ALLB,$23.8,1439846410454,"2,774",Not yet rated,NULL,N/A
AFOP,$19.1338,1439846410485,"52,095",75% bullish,of 8 ratings,$21
AIQ,$15.173,1439846410590,"7,930",67% bullish,of 3 ratings,N/A
AHGP,$36.1,1439846410645,"36,283",67% bullish,of 3 ratings,N/A
AHPI,$1.44,1439846410671,860,50% bullish,of 2 ratings,N/A
ARLP,$24.59,1439846410724,"280,550",67% bearish,of 3 ratings,$32
ALQA,$4.61,1439846410864,"29,272",75% bullish,of 4 ratings,$8.50
AMOT,$18.2537,1439846410892,"28,149",100% bearish,of 1 rating,N/A
ALLT,$5.1,1439846410917,"88,897",75% bullish,of 4 ratings,$6.25
MDRX,$14.24,1439846411085,"1,419,200",60% bullish,of 5 ratings,$16
ALNY,$111.4634,1439846411115,"342,497",67% bullish,of 3 ratings,$148.50
AOSL,$7.2915,1439846411167,"31,551",67% bullish,of 3 ratings,$9
AFAM,$49.5399,1439846411193,"49,691",50% bullish,of 2 ratings,$44
ATEC,$0.6596,1439846411327,"66,992",100% bullish,of 1 rating,$2
SMCP,NULL,1439846411354,0,Not yet rated,NULL,N/A
ALTR,$49.37,1439846411432,"648,534",80% bearish,of 5 ratings,$54
ASPS,$29.956,1439846411533,"67,803",67% bullish,of 3 ratings,$46.50
AIMC,$26.6153,1439846411562,"61,659",100% bearish,of 1 rating,$28.50
AMRN,$2.31,1439846411658,"533,430",85% bullish,of 39 ratings,$8
AMAG,$64.6329,1439846411762,"337,835",100% bullish,of 2 ratings,$75
AYA,$23.26,1439846411788,"14,346",100% bearish,of 1 rating,$40
AMZN,$535.3,1439846411915,"1,375,694",81% bullish,of 261 ratings,$646
AMBCW,$8.11,1439846412014,"2,512",100% bearish,of 1 rating,N/A
AMRK,$10.47,1439846412043,"2,512",50% bullish,of 2 ratings,$14
AMBC,$16.6333,1439846412075,"177,585",100% bearish,of 1 rating,$16.50
AMBA,$108.12,1439846412100,"822,702",83% bullish,of 12 ratings,$102.50
EPAX,$2.67,1439846412173,"197,623",100% bearish,of 1 rating,N/A
AMCX,$76.55,1439846412301,"435,664",67% bullish,of 3 ratings,$85.50
DOX,$60.49,1439846412328,"397,905",100% bullish,of 2 ratings,$60
AMDA,$0.5,1439846412389,"1,018,532",90% bullish,of 10 ratings,$1
AMED,$45.4791,1439846412486,"182,017",100% bearish,of 1 rating,$42
UHAL,$382.99,1439846412518,"14,109",100% bullish,of 2 ratings,$393.50
ASBI,$22.73,1439846412645,"1,099",Not yet rated,NULL,N/A
AMOV,$18.69,1439846412746,"12,088",100% bearish,of 1 rating,N/A
ATAX,$5.33,1439846412774,"49,442",100% bullish,of 1 rating,$6.50
AAL,$43.95,1439846412807,"4,707,667",93% bullish,of 87 ratings,$57
AGNC,$19.86,1439846412906,"3,744,263",75% bullish,of 28 ratings,$22
MTGE,$15.9932,1439846412932,"279,608",75% bullish,of 4 ratings,$19.50
AGNCB,$24.1,1439846412958,"11,066",Not yet rated,NULL,N/A
AGNCP,$25.29,1439846413155,"6,575",Not yet rated,NULL,N/A
MTGEP,$24.2587,1439846413185,400,Not yet rated,NULL,N/A
ACSF,$12.8,1439846413206,"19,291",100% bearish,of 1 rating,$15
ACAS,$14.35,1439846413235,"1,131,734",60% bullish,of 5 ratings,$16.75
AETI,$3.86,1439846413370,"6,355",67% bearish,of 3 ratings,N/A
AMIC,$10.14,1439846413503,264,Not yet rated,NULL,N/A
ANCI,$1.67,1439846413533,"2,570",100% bearish,of 1 rating,N/A
ANAT,$104.901,1439846413635,"11,014",100% bullish,of 1 rating,N/A
AMNB,$23.1346,1439846413698,"7,414",Not yet rated,NULL,$25.50
ASEI,$39.5779,1439846413761,"25,052",100% bearish,of 1 rating,$52.50
APEI,$22.4145,1439846413787,"80,753",100% bearish,of 1 rating,$29
ARII,$40.4981,1439846413863,"117,164",67% bearish,of 3 ratings,$45
AMRB,$10.06,1439846413956,"36,668",Not yet rated,NULL,$11
AMSWA,$9.4019,1439846413992,"13,876",100% bearish,of 2 ratings,$10.75
AMWD,$66.0179,1439846414022,"58,746",50% bullish,of 2 ratings,$58
AMSC,$4.11,1439846414047,"14,694",50% bullish,of 4 ratings,N/A
ABCB,$28.5057,1439846414255,"106,995",Not yet rated,NULL,$30.50
CRMT,$45.7992,1439846414287,"9,287",100% bearish,of 1 rating,$49
ASRVP,$27.51,1439846414392,178,Not yet rated,NULL,N/A
ASRV,$3.29,1439846414419,"28,067",100% bullish,of 2 ratings,N/A
AMGN,$169.8104,1439846414480,"1,409,459",89% bullish,of 19 ratings,$185
AMSF,$50.7902,1439846414505,"38,731",Not yet rated,NULL,$57.50
ATLO,$24.3049,1439846414550,"4,945",Not yet rated,NULL,N/A
FOLD,$16.6333,1439846414694,"719,195",56% bullish,of 9 ratings,$21
AMKR,$4.4809,1439846414719,"1,009,083",100% bearish,of 2 ratings,$5
AMSG,$86.0672,1439846414907,"165,993",100% bearish,of 1 rating,$85.50
AMPH,$14.813,1439846414935,"149,061",50% bullish,of 2 ratings,$20
AMRS,$1.67,1439846415103,"46,635",70% bullish,of 10 ratings,N/A
AMSGP,NULL,1439846415130,0,Not yet rated,NULL,N/A
AFSI,$63.0326,1439846415172,"733,329",60% bullish,of 5 ratings,$72
ANAC,$137.1674,1439846415202,"345,048",80% bullish,of 5 ratings,$180.50
ASYS,$5.78,1439846415365,"33,247",67% bullish,of 3 ratings,$12
ANAD,$0.3628,1439846415437,"676,363",100% bullish,of 2 ratings,$.50
ADI,$59.5,1439846415463,"865,027",67% bullish,of 3 ratings,$68
ALOG,$82.3365,1439846415494,"61,355",100% bearish,of 2 ratings,$100.50
ANGI,$4.5009,1439846415652,"263,030",64% bullish,of 11 ratings,$5.50
AMCF,$0.28,1439846415682,"16,967",100% bullish,of 7 ratings,N/A
ABCW,$41.5083,1439846415733,"8,188",67% bullish,of 3 ratings,N/A
ANCB,$22.41,1439846415817,300,Not yet rated,NULL,$23
ANIP,$56.9714,1439846415957,"218,553",89% bullish,of 19 ratings,$66
ANIK,$36.3573,1439846415986,"54,983",60% bullish,of 5 ratings,$51.25
ANGO,$14.973,1439846416007,"53,234",67% bullish,of 3 ratings,$19
ANSS,$96.51,1439846416189,"377,702",100% bearish,of 1 rating,$100
ANTH,$9.65,1439846416263,"346,588",80% bullish,of 10 ratings,$13
ATNY,$2.37,1439846416292,"4,563",50% bullish,of 2 ratings,$3.75
ATRS,$1.9404,1439846416332,"585,835",92% bullish,of 12 ratings,$4.50
ABAC,$0.88,1439846416359,"22,586",100% bearish,of 1 rating,N/A
APIC,$7.8116,1439846416441,"81,690",100% bearish,of 1 rating,$19
APOG,$54.5809,1439846416493,"111,827",100% bullish,of 1 rating,$62
APOL,$11.8324,1439846416576,"884,346",87% bearish,of 68 ratings,$14
AINV,$6.6,1439846416676,"3,387,698",50% bullish,of 4 ratings,$8
APPF,$17.43,1439846416744,"55,914",50% bullish,of 2 ratings,$22
AAPL,$117.2,1439846416780,"23,235,966",86% bullish,of 2332 ratings,$150
ARCI,$1.27,1439846416910,"11,508",Not yet rated,NULL,N/A
APDN,$3.3,1439846416968,"43,911",Not yet rated,NULL,$9
AGTC,$15.8732,1439846417067,"21,045",50% bullish,of 2 ratings,$33
APDNW,$1.33,1439846417096,"6,820",Not yet rated,NULL,N/A
APRI,$1.16,1439846417223,"46,539",83% bullish,of 6 ratings,$4.86
AAOI,$21.8744,1439846417286,"1,548,591",50% bullish,of 4 ratings,$26
AMAT,$17.03,1439846417322,"8,535,506",82% bullish,of 11 ratings,$23.50
AREX,$2.6705,1439846417352,"190,952",100% bearish,of 1 rating,$3
AMCC,$5.8412,1439846417382,"601,266",80% bullish,of 5 ratings,$8
AQMS,$5.5,1439846417483,"22,100",Not yet rated,NULL,N/A
APTO,$5.04,1439846417513,"2,502",Not yet rated,NULL,$17
AQXP,$20.65,1439846417547,"1,007,151",50% bullish,of 2 ratings,$2
AUMA,$9.75,1439846417708,"99,347",Not yet rated,NULL,N/A
AUMAW,NULL,1439846417784,0,Not yet rated,NULL,N/A
AUMAU,$9.9,1439846417840,2,Not yet rated,NULL,N/A
ARDM,$7.32,1439846417865,"1,238",100% bullish,of 1 rating,$26
PETX,$17.0634,1439846418081,"194,493",100% bearish,of 2 ratings,$26
ABUS,$8.77,1439846418107,"289,174",86% bullish,of 14 ratings,$23
ARCW,$3.61,1439846418143,"5,340",100% bearish,of 2 ratings,$10.50
RKDA,$5.2911,1439846418242,"22,705",100% bearish,of 2 ratings,$10
ARCB,$32.6865,1439846418267,"119,197",50% bullish,of 2 ratings,$39.50
ABIO,$0.92,1439846418300,"117,341",50% bullish,of 2 ratings,$3.75
ACAT,$30.076,1439846418352,"76,103",100% bearish,of 3 ratings,$33
ARDX,$18.8738,1439846418426,"85,425",50% bullish,of 2 ratings,$22
ARNA,$3.4307,1439846418615,"1,184,261",90% bullish,of 77 ratings,$5.50
ACGL,$73.8348,1439846418770,"142,523",50% bullish,of 2 ratings,$72
ARGS,$4.44,1439846418796,"12,600",50% bullish,of 2 ratings,$19.50
AGIIL,$25.38,1439846418821,"1,158",Not yet rated,NULL,N/A
ARCC,$16.08,1439846418847,"530,600",67% bearish,of 3 ratings,$17.875
AGII,$58.1616,1439846418876,"158,527",Not yet rated,NULL,$58
ARIS,$3.31,1439846418976,"8,498",Not yet rated,NULL,$4.50
ARIA,$7.5915,1439846419083,"1,266,775",87% bullish,of 46 ratings,$9
ARKR,$25.06,1439846419114,34,50% bullish,of 2 ratings,N/A
ARWAR,$0.275,1439846419326,"18,100",Not yet rated,NULL,N/A
ARWAU,NULL,1439846419351,0,100% bullish,of 1 rating,N/A
ARWA,NULL,1439846419376,0,Not yet rated,NULL,N/A
ARTX,$1.57,1439846419404,"63,438",88% bullish,of 16 ratings,$4.50
ARMH,$43.06,1439846419433,"2,047,928",54% bearish,of 13 ratings,$61
ARWAW,NULL,1439846419538,0,Not yet rated,NULL,N/A
ARQL,$1.72,1439846419674,"58,179",75% bullish,of 4 ratings,$5
DWAT,$10.5,1439846419802,"15,112",100% bearish,of 1 rating,N/A
ARRY,$5.8812,1439846419834,"546,728",100% bullish,of 7 ratings,$10
ARRS,$27.96,1439846419855,"612,420",50% bullish,of 2 ratings,$38
ARWR,$5.011,1439846419887,"740,553",75% bullish,of 4 ratings,$10.50
AROW,$27.7155,1439846419909,"10,650",Not yet rated,NULL,N/A
ARTW,$4.42,1439846420174,"1,382",75% bearish,of 4 ratings,N/A
ASBB,$23.48,1439846420237,"10,455",Not yet rated,NULL,N/A
ASND,$17.01,1439846420342,"51,904",100% bullish,of 1 rating,$30
ASNA,$12.4425,1439846420379,"762,553",50% bullish,of 2 ratings,$18
ASCMA,$28.5857,1439846420406,"105,994",100% bearish,of 1 rating,$45
ARTNA,$22.4845,1439846420433,"10,749",100% bearish,of 1 rating,$29
ASTI,$0.1615,1439846420569,"2,438,458",83% bullish,of 6 ratings,$3
APWC,$2.08,1439846420704,220,100% bearish,of 1 rating,N/A
ASML,$93.17,1439846420743,"664,260",67% bullish,of 3 ratings,$127
ASMI,$38.94,1439846420768,"1,269",50% bullish,of 2 ratings,N/A
AZPN,$39.3679,1439846420913,"934,369",50% bullish,of 2 ratings,$42
ASMB,$14.0728,1439846420941,"48,190",67% bullish,of 3 ratings,N/A
ASTE,$38.4077,1439846420970,"84,309",100% bearish,of 1 rating,$48
ASFI,$9.09,1439846421109,"9,752",100% bullish,of 1 rating,N/A
ATRO,$58.7417,1439846421172,"134,326",100% bearish,of 2 ratings,$80
ALOT,$13.75,1439846421197,"1,744",100% bearish,of 1 rating,N/A
ASTC,$2.32,1439846421342,"3,815",100% bullish,of 5 ratings,N/A
ASUR,$5.82,1439846421376,"7,892",Not yet rated,NULL,$8
ATRA,$50.07,1439846421402,"116,168",50% bullish,of 2 ratings,$68
ATAI,$3.1,1439846421533,"38,855",100% bearish,of 1 rating,N/A
AFCB,$27.8,1439846421628,17,Not yet rated,NULL,N/A
ATHN,$142.14,1439846421666,"214,433",67% bearish,of 3 ratings,$153
AAPC,$10.19,1439846421692,88,Not yet rated,NULL,N/A
ATHX,$1.17,1439846421717,"209,665",89% bullish,of 9 ratings,$5
ACFC,$6.54,1439846421761,"179,884",Not yet rated,NULL,$6.50
AAME,$3.6,1439846421787,833,Not yet rated,NULL,N/A
ATNI,$75.195,1439846421916,"51,729",100% bearish,of 1 rating,$69.50
ATLC,$3.97,1439846422019,"2,100",67% bullish,of 3 ratings,N/A
AAWW,$45.199,1439846422167,"154,317",50% bullish,of 2 ratings,$65
AFH,$17.1834,1439846422237,"6,656",Not yet rated,NULL,$21.50
ATML,$7.84,1439846422310,"2,406,251",78% bullish,of 9 ratings,$9.50
ATOS,$0.95,1439846422335,"37,217",100% bullish,of 7 ratings,$7
ATRC,$27.5455,1439846422371,"94,359",100% bullish,of 1 rating,$30
ATRM,$3.01,1439846422473,"1,066",50% bullish,of 2 ratings,N/A
ATRI,$399.96,1439846422503,"2,315",Not yet rated,NULL,N/A
LIFE,$16.1032,1439846422605,"65,774",86% bullish,of 7 ratings,$43
ATTU,$14.9,1439846422632,"27,448",100% bearish,of 1 rating,$20.50
AUDC,$3.28,1439846422773,"62,480",80% bullish,of 5 ratings,$5
AUPH,$3.59,1439846422834,"13,485",100% bearish,of 1 rating,$8
AUBN,$27.1,1439846422859,"1,090",Not yet rated,NULL,N/A
ADAT,$0.11,1439846422887,"23,691",100% bullish,of 2 ratings,N/A
EARS,$5.01,1439846422908,"17,163",100% bearish,of 2 ratings,$12
ABTL,$19.79,1439846423258,"66,902",100% bullish,of 4 ratings,$20.25
ADP,$84.0799,1439846423359,"2,100,333",100% bearish,of 1 rating,$88
AVNU,$13.05,1439846423392,102,Not yet rated,NULL,$14
AVEO,$1.69,1439846423414,"20,799,477",75% bullish,of 8 ratings,$3
AVGO,$125.52,1439846423439,"1,229,183",88% bullish,of 8 ratings,$160
ADSK,$55.4,1439846423470,"637,663",83% bullish,of 6 ratings,$69.50
AAVL,$10.65,1439846423496,"1,197,369",100% bearish,of 1 rating,$20
AVNW,$1.13,1439846423630,"34,941",50% bullish,of 2 ratings,$2.20
CAR,$46.9,1439846423806,"3,409,347",80% bullish,of 5 ratings,$60
AVID,$9.1018,1439846423829,"182,060",100% bearish,of 1 rating,$20
AVGR,$15.45,1439846423864,"24,838",100% bearish,of 1 rating,$20
AWRE,$3.26,1439846423908,"1,362",67% bullish,of 3 ratings,N/A
AXPW,$1.23,1439846423966,"55,318",83% bullish,of 6 ratings,N/A
ACLS,$3.2106,1439846423991,"334,929",67% bullish,of 6 ratings,$4.75
AXPWW,$1.47,1439846424041,384,Not yet rated,NULL,N/A
BCOM,$19.98,1439846424247,616,100% bearish,of 1 rating,N/A
AXGN,$3.95,1439846424315,"23,638",Not yet rated,NULL,$5
RILY,$10,1439846424344,100,Not yet rated,NULL,N/A
AXTI,$2.21,1439846424365,"32,884",50% bullish,of 2 ratings,$2.75
BEAV,$50.89,1439846424506,"478,145",67% bearish,of 3 ratings,$59
BCPC,$61.0422,1439846424553,"129,526",100% bearish,of 1 rating,$75
BIDU,$167.31,1439846424604,"2,140,197",81% bullish,of 88 ratings,$215
BOSC,$2.37,1439846424683,"7,876",50% bullish,of 2 ratings,N/A
BWINA,NULL,1439846424708,0,Not yet rated,NULL,N/A
BWINB,$23.4547,1439846424771,"19,244",Not yet rated,NULL,N/A
BLDP,$1.33,1439846424908,"95,733",91% bullish,of 22 ratings,$2.50
BANFP,$27.01,1439846424951,"3,100",Not yet rated,NULL,N/A
BANF,$64.3429,1439846425007,"9,285",Not yet rated,NULL,$68
BKMU,$7.3915,1439846425162,"40,864",Not yet rated,NULL,$8
BOCH,$5.78,1439846425195,"5,774",Not yet rated,NULL,$6.50
BMRC,$49.3899,1439846425216,"7,569",Not yet rated,NULL,$52
BKSC,$15.98,1439846425298,"3,700",Not yet rated,NULL,N/A
OZRK,$43.7788,1439846425372,"324,705",67% bullish,of 3 ratings,$49.50
BWFG,$18.12,1439846425431,928,100% bearish,of 1 rating,N/A
BOTJ,$11.19,1439846425490,"2,206",Not yet rated,NULL,N/A
BFIN,$12.4225,1439846425516,"12,260",Not yet rated,NULL,$13
BZUN,$7.74,1439846425563,"40,922",50% bullish,of 2 ratings,$13.85
BANR,$47.9496,1439846425590,"44,680",100% bullish,of 3 ratings,$50
BHAC,NULL,1439846425755,0,Not yet rated,NULL,N/A
TAPR,$30.99,1439846425780,"1,221",100% bearish,of 1 rating,N/A
BHACU,NULL,1439846425938,0,Not yet rated,NULL,N/A
BHACR,$0.269,1439846425967,"20,158",Not yet rated,NULL,N/A
BHACW,NULL,1439846426066,0,Not yet rated,NULL,N/A
BBSI,$37.9676,1439846426142,"41,246",67% bearish,of 3 ratings,$62.50
BSET,$31.7363,1439846426171,"49,336",100% bearish,of 1 rating,$35
BV,$5.3611,1439846426194,"193,443",67% bullish,of 6 ratings,$9
BYBK,$5.09,1439846426225,678,100% bearish,of 1 rating,N/A
BYLK,$12.9,1439846426246,"6,072",Not yet rated,NULL,$14
BBCN,$15.6331,1439846426455,"244,861",100% bearish,of 1 rating,$16
BCBP,$11.68,1439846426481,"4,603",Not yet rated,NULL,N/A
BECN,$36.1243,1439846426618,"156,278",50% bullish,of 2 ratings,$40
BDCV,$4.99,1439846426647,"22,071",100% bearish,of 1 rating,$10.19
BBGI,$4.88,1439846426694,333,100% bearish,of 1 rating,N/A
BSF,$9.1118,1439846426750,"5,884",Not yet rated,NULL,N/A
BBBY,$63.27,1439846426782,"931,463",71% bullish,of 7 ratings,$75
BEBE,$1.8604,1439846426917,"64,508",75% bullish,of 4 ratings,$3.075
BELFB,$20.174,1439846426988,"20,305",100% bearish,of 1 rating,N/A
BELFA,$17.31,1439846427017,657,100% bearish,of 1 rating,N/A
BLPH,$4.48,1439846427197,"25,170",100% bearish,of 1 rating,$12.50
BLCM,$19.0638,1439846427229,"220,637",50% bullish,of 4 ratings,$40
BNFT,$41.0582,1439846427278,"109,264",67% bullish,of 3 ratings,$46
BNCL,$13.0226,1439846427305,"397,258",100% bullish,of 3 ratings,$12.50
BNTC,NULL,1439846427331,0,100% bullish,of 1 rating,N/A
BGMD,$0.8605,1439846427460,"222,356",100% bullish,of 10 ratings,N/A
BGFV,$11.2322,1439846427713,"89,070",57% bullish,of 7 ratings,$12
BGCP,$9.7119,1439846427740,"761,591",88% bullish,of 8 ratings,$14
BASI,$1.5,1439846427872,950,Not yet rated,NULL,N/A
BIND,$4.5,1439846427899,"25,772",67% bullish,of 3 ratings,$13.50
ORPN,$5.77,1439846427920,"8,776",100% bullish,of 1 rating,$28.50
BCDA,NULL,1439846427951,0,Not yet rated,NULL,N/A
BIOC,$1.86,1439846428159,"209,268",83% bullish,of 6 ratings,$3.70
BCRX,$12.1824,1439846428218,"403,748",63% bullish,of 8 ratings,$18
BIOD,$0.71,1439846428249,"254,747",80% bullish,of 5 ratings,$4
BDSI,$6.7514,1439846428282,"861,286",88% bullish,of 8 ratings,$17
BIIB,$316.08,1439846428351,"868,176",88% bullish,of 16 ratings,$400
BIOL,$1.58,1439846428379,"79,712",Not yet rated,NULL,N/A
BLFS,$2.18,1439846428411,"5,899",100% bearish,of 1 rating,$4.75
BMRN,$139.4567,1439846428549,"439,536",80% bullish,of 5 ratings,$160
BLRX,$1.59,1439846428617,"232,252",100% bullish,of 12 ratings,$7
BVXVW,NULL,1439846428753,0,100% bearish,of 1 rating,N/A
BVXV,$4.16,1439846428797,"36,856",Not yet rated,NULL,N/A
BIOS,$1.5603,1439846428883,"1,560,311",71% bullish,of 7 ratings,$4
BPTH,$1.15,1439846428943,"30,590",100% bullish,of 2 ratings,$5
BBC,$33.57,1439846428972,"26,999",Not yet rated,NULL,N/A
BSTC,$51.6303,1439846429153,"65,561",100% bearish,of 1 rating,$76
BRLI,$35.9972,1439846429185,"128,661",83% bullish,of 6 ratings,$32
BBP,$34.57,1439846429217,"30,386",Not yet rated,NULL,N/A
BOTA,$2.31,1439846429239,"50,025",86% bullish,of 7 ratings,N/A
BSPM,$0.67,1439846429319,"14,222",50% bullish,of 2 ratings,N/A
BEAT,$12.3525,1439846429451,"169,874",67% bearish,of 3 ratings,$15
TECH,$106.5128,1439846429481,"134,885",100% bullish,of 1 rating,$117
BITI,$19.72,1439846429506,"27,777",100% bullish,of 1 rating,$28
BDMS,$12.72,1439846429667,3,100% bearish,of 1 rating,N/A
BJRI,$46.6193,1439846429693,"132,016",50% bullish,of 2 ratings,$55
BBOX,$15.9832,1439846429749,"41,312",100% bearish,of 1 rating,N/A
BDE,$7.6015,1439846429894,"87,312",50% bullish,of 2 ratings,$9
BBRY,$7.623,1439846429921,"1,978,573",61% bullish,of 330 ratings,$9
BLKB,$63.7427,1439846429978,"117,296",100% bearish,of 2 ratings,$66
HAWK,$44.3789,1439846430009,"405,721",90% bullish,of 10 ratings,$49
ADRA,NULL,1439846430109,0,Not yet rated,NULL,N/A
ADRD,$23.501,1439846430254,"4,514",100% bearish,of 1 rating,N/A
BKCC,$9.49,1439846430295,"147,602",100% bullish,of 2 ratings,$10
ADRU,$23.2492,1439846430389,"4,505",100% bearish,of 1 rating,N/A
ADRE,$31.41,1439846430414,"10,487",Not yet rated,NULL,N/A
BLBD,$13.0126,1439846430591,"11,552",Not yet rated,NULL,N/A
BLMN,$21.9244,1439846430622,"648,943",83% bullish,of 6 ratings,$27.50
BCOR,$13.7728,1439846430723,"123,961",57% bullish,of 7 ratings,$15
BBLU,$0.87,1439846430758,"98,084",100% bullish,of 2 ratings,$4.43
BUFF,$26.39,1439846430783,"423,865",83% bullish,of 12 ratings,N/A
BLUE,$131.69,1439846430809,"432,538",86% bullish,of 7 ratings,$217.50
NILE,$34.877,1439846430855,"66,575",50% bullish,of 2 ratings,$34
BKEP,$6.95,1439846430984,"18,481",100% bearish,of 1 rating,$8.50
BHBK,$14.4329,1439846431010,"30,646",100% bullish,of 1 rating,$14.50
BKEPP,NULL,1439846431035,0,100% bearish,of 1 rating,N/A
BPMC,$29.756,1439846431224,"204,869",50% bullish,of 2 ratings,$47.50
BNCN,$22.1344,1439846431333,"58,289",Not yet rated,NULL,$22
BOBE,$46.4293,1439846431473,"87,215",75% bullish,of 4 ratings,$57
BOFI,$131.4963,1439846431553,"107,553",100% bullish,of 6 ratings,$137.50
WIFI,$9.1818,1439846431585,"236,115",50% bullish,of 2 ratings,$13.50
BOKF,$66.1932,1439846431658,"102,463",100% bearish,of 1 rating,$71
BONA,$12.13,1439846431690,"271,770",75% bullish,of 4 ratings,$8.50
BOJA,$22.8346,1439846431719,"164,459",100% bullish,of 1 rating,$30
BNSO,$1.44,1439846431792,"70,474",100% bearish,of 1 rating,N/A
BAMM,$3.21,1439846431965,"6,305",60% bullish,of 5 ratings,N/A
BPFH,$12.4925,1439846431997,"232,232",100% bearish,of 1 rating,$14
BPFHP,$25.7,1439846432101,"2,300",100% bearish,of 1 rating,N/A
BPFHW,$6.4,1439846432132,"1,778",100% bearish,of 1 rating,N/A
EPAY,$26.6253,1439846432229,"76,258",100% bearish,of 2 ratings,$30
BDBD,$9.0618,1439846432326,"455,747",60% bullish,of 5 ratings,$10
BCLI,$2.96,1439846432351,"87,784",80% bullish,of 5 ratings,$12
BBEP,$2.59,1439846432384,"1,383,454",69% bullish,of 13 ratings,$5.625
BBRG,$13.2026,1439846432522,"70,636",67% bullish,of 3 ratings,$14.50
BDGE,$28.1256,1439846432655,"12,700",Not yet rated,NULL,$31.75
BBEPP,$13.89,1439846432706,"24,897",100% bearish,of 1 rating,N/A
BLIN,$1.35,1439846432732,"2,908",50% bullish,of 2 ratings,$2.80
BRID,NULL,1439846432763,0,100% bearish,of 1 rating,N/A
BCOV,$5.5011,1439846432784,"43,420",67% bullish,of 3 ratings,$10.20
BRCM,$51.49,1439846432869,"1,806,040",75% bullish,of 12 ratings,$56
BSFT,$34.1968,1439846433008,"82,308",57% bullish,of 7 ratings,$40.50
BVSN,$6.01,1439846433040,"1,438",60% bearish,of 5 ratings,N/A
BWEN,$3.6,1439846433144,"14,960",100% bullish,of 3 ratings,$8
BYFC,$1.4,1439846433182,"1,088",50% bullish,of 2 ratings,N/A
BRKL,$10.8722,1439846433227,"191,339",100% bearish,of 1 rating,$10.75
BRCD,$10.11,1439846433315,"1,563,128",92% bullish,of 13 ratings,$12.50
BRKR,$20.3724,1439846433487,"263,827",100% bearish,of 2 ratings,$22
BRKS,$10.9422,1439846433523,"141,226",67% bullish,of 3 ratings,$15.25
BMTC,$30.166,1439846433550,"80,144",Not yet rated,NULL,$34
BSQR,$7.24,1439846433624,"222,289",67% bullish,of 3 ratings,N/A
BLMT,$21.4643,1439846433649,"3,453",Not yet rated,NULL,N/A
BWLD,$198.1796,1439846433680,"135,989",82% bullish,of 11 ratings,$205
BUR,$2.09,1439846433812,"1,818",100% bearish,of 1 rating,$8
BLDR,$14.3717,1439846433839,"389,384",50% bullish,of 2 ratings,$22
CFFI,$36.61,1439846433918,"6,158",100% bearish,of 1 rating,N/A
CHRW,$69.69,1439846434050,"707,006",Not yet rated,NULL,$72
CCMP,$45.8192,1439846434153,"42,778",50% bullish,of 2 ratings,$59
CA,$29.64,1439846434254,"899,478",50% bullish,of 4 ratings,$33
CZR,$7.5015,1439846434441,"631,124",60% bearish,of 5 ratings,$10.50
CDNS,$21.8,1439846434468,"1,118,661",75% bullish,of 4 ratings,$22.50
CACQ,$7.5215,1439846434489,"63,286",100% bearish,of 1 rating,$12.25
CDZI,$7.25,1439846434520,"23,479",100% bearish,of 1 rating,N/A
PRSS,$4.685,1439846434685,"12,398",80% bullish,of 5 ratings,$4.50
CLBS,$1.4,1439846434711,"172,891",79% bullish,of 14 ratings,$4
CSTE,$48.53,1439846434736,"678,079",100% bearish,of 1 rating,$65
CLMS,$11.9124,1439846434872,"82,498",Not yet rated,NULL,$10.50
CHY,$11.85,1439846434942,"254,801",Not yet rated,NULL,N/A
CHI,$11.025,1439846434970,"239,719",100% bearish,of 1 rating,N/A
CCD,$20.85,1439846435033,"92,776",Not yet rated,NULL,N/A
CFGE,$11.0699,1439846435169,"2,000",Not yet rated,NULL,N/A
CHW,$8.11,1439846435221,"178,716",100% bearish,of 1 rating,N/A
CGO,$12.88,1439846435301,"22,032",100% bearish,of 1 rating,N/A
CSQ,$10.56,1439846435331,"268,855",Not yet rated,NULL,N/A
CAMP,$16.6733,1439846435438,"165,444",86% bullish,of 7 ratings,$25
CALD,$16.4833,1439846435577,"192,078",100% bearish,of 1 rating,$20.50
CALA,$5.4811,1439846435603,"158,892",100% bullish,of 3 ratings,$19.50
CVGW,$53.8508,1439846435625,"63,748",50% bullish,of 2 ratings,$58.50
CFNB,$13.29,1439846435657,100,100% bearish,of 1 rating,N/A
CLMT,$26.64,1439846435788,"577,635",75% bullish,of 8 ratings,$31
CAMB,NULL,1439846435970,0,Not yet rated,NULL,N/A
ABCD,$4.7009,1439846436074,"60,445",83% bullish,of 6 ratings,N/A
CALM,$52.1304,1439846436149,"386,853",80% bullish,of 5 ratings,$65
CAC,$40.8482,1439846436230,"5,966",Not yet rated,NULL,N/A
CAMBW,NULL,1439846436283,0,Not yet rated,NULL,N/A
CAMBU,NULL,1439846436362,0,100% bearish,of 1 rating,N/A
CGIX,$11.39,1439846436495,"19,233",67% bullish,of 3 ratings,$14.375
CAMT,$2.89,1439846436533,"27,866",73% bullish,of 11 ratings,$4
CSIQ,$24.35,1439846436629,"1,536,717",86% bullish,of 28 ratings,$45
CPHC,$10.45,1439846436658,8,100% bearish,of 1 rating,N/A
CBF,$30.5461,1439846436694,"53,518",Not yet rated,NULL,$32
CBNJ,$10.94,1439846436793,"42,611",100% bullish,of 1 rating,N/A
CCBG,$15.163,1439846436821,"17,929",Not yet rated,NULL,$17.25
CPLA,$49.6799,1439846436847,"48,891",50% bullish,of 2 ratings,$65
CFFN,$12.2024,1439846437214,"430,130",Not yet rated,NULL,$12.75
CSWC,$49.73,1439846437244,"31,280",Not yet rated,NULL,N/A
CAPN,$2.4,1439846437274,"421,062",100% bullish,of 1 rating,$10.85
CPTA,$15.13,1439846437300,"74,548",Not yet rated,NULL,$18.50
CPLP,$7.28,1439846437345,"324,751",71% bullish,of 7 ratings,$11
CPST,$0.395,1439846437374,"591,321",95% bullish,of 22 ratings,$1
CARA,$21.9944,1439846437707,"237,258",50% bullish,of 4 ratings,$27.50
CRDC,$0.37,1439846437735,"72,872",100% bullish,of 1 rating,$1.25
CAPNW,$0.6,1439846437770,"10,400",Not yet rated,NULL,N/A
CARB,$11.5923,1439846437795,"61,626",75% bullish,of 4 ratings,$12
CBYL,$6.4613,1439846437817,"18,674",100% bearish,of 1 rating,$20
CFNL,$23.5147,1439846437851,"106,900",Not yet rated,NULL,$24
CRME,$9.82,1439846437888,"5,417",89% bullish,of 9 ratings,$11.25
CAPR,$4.03,1439846437983,"17,722",Not yet rated,NULL,$12
CATM,$35.4371,1439846438175,"141,196",100% bearish,of 1 rating,$44
CSII,$24.1648,1439846438222,"136,020",100% bearish,of 2 ratings,$42.125
CKEC,$23.8148,1439846438406,"77,893",50% bullish,of 2 ratings,$35.915
CECO,$3.9608,1439846438434,"262,580",67% bearish,of 3 ratings,$6
CLBH,$12.71,1439846438462,81,Not yet rated,NULL,$16.50
CARO,$15.59,1439846438484,"26,398",100% bearish,of 1 rating,$19
CDNA,$6.05,1439846438516,710,100% bearish,of 1 rating,$9
CTRE,$11.4823,1439846438537,"258,801",50% bullish,of 2 ratings,N/A
TAST,$12.9926,1439846438682,"183,029",Not yet rated,NULL,$14.25
CRZO,$34.817,1439846438712,"400,506",67% bearish,of 3 ratings,$57
CART,$5.45,1439846438856,502,100% bearish,of 1 rating,N/A
CARV,$5.81,1439846438881,212,50% bullish,of 2 ratings,N/A
CRTN,NULL,1439846438908,0,100% bearish,of 1 rating,N/A
CASM,$1.1,1439846439038,"18,838",100% bullish,of 1 rating,$3.50
CACB,$5.5211,1439846439064,"19,968",Not yet rated,NULL,$5.50
CWST,$6.5013,1439846439276,"136,025",50% bullish,of 2 ratings,$7
CASY,$107.9316,1439846439303,"194,075",50% bullish,of 2 ratings,$99.50
CSCD,$14.1828,1439846439325,"55,365",100% bullish,of 2 ratings,$17
CATB,$12.07,1439846439361,"21,925",100% bearish,of 1 rating,$28
CASI,$1.46,1439846439382,"13,343",100% bullish,of 1 rating,$3.50
CPRX,$4.2008,1439846439411,"339,556",71% bullish,of 7 ratings,$7
CASS,$51.6803,1439846439637,"13,012",100% bearish,of 1 rating,N/A
CATY,$32.1964,1439846439699,"462,411",100% bearish,of 1 rating,$33.50
CVCO,$73.2088,1439846439830,"16,916",100% bearish,of 1 rating,N/A
CATYW,NULL,1439846439855,0,100% bearish,of 1 rating,N/A
CAVM,$74.0448,1439846440093,"401,812",67% bearish,of 3 ratings,$72
CNLMU,NULL,1439846440147,0,100% bullish,of 1 rating,N/A
CNLM,NULL,1439846440168,0,Not yet rated,NULL,N/A
CNLMR,NULL,1439846440197,0,Not yet rated,NULL,N/A
CNLMW,NULL,1439846440252,0,Not yet rated,NULL,N/A
CDK,$51.9,1439846440335,"999,399",67% bearish,of 3 ratings,$50
CBFV,$19.9,1439846440367,707,Not yet rated,NULL,N/A
CBOE,$64.3829,1439846440393,"304,190",Not yet rated,NULL,$60
CPXX,$2.19,1439846440467,"70,988",100% bullish,of 2 ratings,$7
CDW,$39.91,1439846440566,"780,500",75% bullish,of 4 ratings,$44
CELG,$131.2257,1439846440592,"2,071,900",92% bullish,of 13 ratings,$155.50
CECE,$10.6821,1439846440617,"131,484",50% bullish,of 2 ratings,$16
CELGZ,$2.07,1439846440933,"2,000",80% bullish,of 5 ratings,N/A
CLRB,$3.04,1439846440978,642,100% bearish,of 1 rating,N/A
CLRBW,NULL,1439846441028,0,Not yet rated,NULL,N/A
CLDN,$1.07,1439846441056,"236,719",71% bullish,of 7 ratings,$3
CLDX,$16.1532,1439846441084,"1,105,391",89% bullish,of 9 ratings,$36
CLSN,$2.19,1439846441109,"85,867",80% bullish,of 10 ratings,$7.50
CBMG,$22.4445,1439846441139,"37,214",50% bullish,of 2 ratings,N/A
CLLS,$32.81,1439846441161,"46,068",75% bullish,of 4 ratings,$51.50
CYAD,$54.42,1439846441346,201,100% bullish,of 1 rating,$87.50
CEMP,$37.6275,1439846441371,"512,144",71% bullish,of 7 ratings,$48.50
CLTX,$0.62,1439846441399,"12,445",100% bullish,of 2 ratings,N/A
CETX,$2.5,1439846441527,"62,553",Not yet rated,NULL,$5.60
CETV,$2.2304,1439846441553,"65,603",67% bullish,of 3 ratings,$2.80
CSFL,$14.2529,1439846441708,"92,458",Not yet rated,NULL,$15
CFBK,NULL,1439846441791,0,Not yet rated,NULL,N/A
CENTA,$12.3225,1439846441817,"58,209",Not yet rated,NULL,N/A
CENT,$11.53,1439846441889,"45,553",Not yet rated,NULL,$10
CVCY,$10.99,1439846441979,"1,974",Not yet rated,NULL,$12
CNBKA,$41.6983,1439846442035,"2,518",100% bullish,of 1 rating,N/A
CENX,$5.8262,1439846442061,"1,559,656",67% bullish,of 6 ratings,$9
CERE,$1.67,1439846442137,"539,197",88% bullish,of 8 ratings,N/A
CNTY,$6.3,1439846442244,"43,347",80% bullish,of 5 ratings,$7.75
CRNT,$1.49,1439846442273,"395,717",50% bullish,of 2 ratings,$2
CPHD,$51.4162,1439846442303,"421,428",50% bullish,of 2 ratings,$67
CERU,$3.49,1439846442409,"122,690",75% bullish,of 4 ratings,$15
CERN,$64.52,1439846442611,"1,337,619",67% bullish,of 3 ratings,$79
CERS,$4.891,1439846442681,"375,839",75% bullish,of 4 ratings,$7
CEVA,$19.3839,1439846442706,"67,992",100% bearish,of 1 rating,$25
KOOL,$0.6984,1439846442741,"14,615",100% bullish,of 5 ratings,$7
CYOU,$20.07,1439846442779,"200,009",50% bullish,of 6 ratings,$24
HOTRW,NULL,1439846442810,0,Not yet rated,NULL,N/A
CTHR,$1.21,1439846442873,"5,295",50% bullish,of 2 ratings,$2.50
HOTR,$1.53,1439846442917,"656,556",100% bullish,of 2 ratings,$5
CHFN,$12.5825,1439846443183,"12,912",Not yet rated,NULL,$14
CHTR,$186.98,1439846443213,"684,627",100% bearish,of 2 ratings,$196
CHKP,$82.21,1439846443236,"1,048,096",50% bullish,of 4 ratings,$92
CHEK,$3.3,1439846443290,550,Not yet rated,NULL,$7.75
CHEKW,$1.11,1439846443371,"1,625",Not yet rated,NULL,N/A
GTLS,$25.065,1439846443399,"210,387",50% bullish,of 4 ratings,$40
CEMI,$4.68,1439846443503,"3,912",50% bullish,of 2 ratings,$7.50
CCXI,$6.7914,1439846443569,"92,585",67% bullish,of 3 ratings,$14
CHFC,$32.9466,1439846443657,"40,105",100% bearish,of 1 rating,$36
CHMA,$27.72,1439846443756,"323,314",Not yet rated,NULL,$40
CHEV,$14.35,1439846443783,"8,515",Not yet rated,NULL,N/A
CHKE,$27.8356,1439846443809,"13,080",100% bearish,of 1 rating,$32.50
CHMG,$26.51,1439846443835,861,Not yet rated,NULL,$30
PLCE,$60.242,1439846444005,"178,826",100% bearish,of 1 rating,$71
CBNK,$16.44,1439846444076,252,100% bearish,of 1 rating,N/A
CMRX,$53.1406,1439846444283,"182,274",50% bullish,of 2 ratings,$57
CADC,NULL,1439846444314,0,78% bullish,of 9 ratings,N/A
CALI,$0.92,1439846444349,"48,219",67% bullish,of 3 ratings,N/A
CBAK,$2.36,1439846444449,"15,800",67% bullish,of 9 ratings,N/A
CAAS,$6.94,1439846444474,"46,705",93% bullish,of 14 ratings,$11.50
CCCR,$0.65,1439846444536,"15,255",67% bearish,of 3 ratings,N/A
CCCL,$0.92,1439846444633,"1,705",100% bullish,of 6 ratings,N/A
CBPO,$111.14,1439846444664,"120,741",75% bullish,of 8 ratings,$140.50
CHOP,$1.27,1439846444712,"6,126",50% bullish,of 2 ratings,N/A
CNIT,$1.83,1439846444952,"157,526",67% bullish,of 6 ratings,N/A
JRJC,$4.37,1439846444979,"30,826",82% bullish,of 11 ratings,N/A
CHLN,$1.39,1439846445012,"1,013",67% bullish,of 3 ratings,N/A
CJJD,$2.27,1439846445038,"61,476",100% bullish,of 1 rating,N/A
HGSH,$1.79,1439846445111,"7,863",67% bullish,of 3 ratings,N/A
HTHT,$24,1439846445170,"346,615",50% bullish,of 2 ratings,$28
CHNR,NULL,1439846445326,0,100% bearish,of 1 rating,N/A
CNTF,$0.92,1439846445410,"19,358",Not yet rated,NULL,N/A
CREG,$0.83,1439846445493,"38,606",100% bullish,of 3 ratings,N/A
CXDC,$6.22,1439846445649,"14,022",67% bullish,of 3 ratings,N/A
CCIH,$10.2,1439846445954,"54,225",67% bullish,of 6 ratings,$12.65
CPGI,$6.97,1439846445985,626,Not yet rated,NULL,N/A
CSUN,$1.54,1439846446006,"10,850",80% bullish,of 5 ratings,N/A
CNYD,$3.2,1439846446041,"4,314",67% bullish,of 3 ratings,N/A
IMOS,$16.63,1439846446086,"122,497",60% bullish,of 5 ratings,$21.50
CNET,$0.82,1439846446137,"100,491",50% bullish,of 2 ratings,N/A
CHSCM,$26.31,1439846446227,"19,787",Not yet rated,NULL,N/A
CHSCO,$28.54,1439846446423,"3,164",Not yet rated,NULL,N/A
CHSCL,$27.13,1439846446451,"41,113",Not yet rated,NULL,N/A
CHSCN,$27.47,1439846446476,"8,668",Not yet rated,NULL,N/A
CHSCP,$30.64,1439846446508,"1,912",Not yet rated,NULL,N/A
CHDN,$137.8676,1439846446586,"81,728",Not yet rated,NULL,$165
CHUY,$33.5567,1439846446639,"130,844",50% bullish,of 2 ratings,$34
CDTX,$14.7429,1439846446665,"31,101",Not yet rated,NULL,$22
CIFC,$7.3815,1439846446731,"1,250",Not yet rated,NULL,N/A
CMCT,$15.76,1439846447092,35,100% bearish,of 1 rating,N/A
CRUS,$29.63,1439846447223,"350,856",75% bullish,of 12 ratings,$44.50
CINF,$56.58,1439846447253,"318,455",50% bullish,of 4 ratings,$50.50
CIDM,$0.6606,1439846447274,"338,981",50% bullish,of 2 ratings,$2.10
CPHR,$7.07,1439846447307,"10,410",100% bearish,of 1 rating,$16
CMPR,$70.4641,1439846447403,"174,690",50% bullish,of 2 ratings,$72.50
CTAS,$89.14,1439846447435,"216,958",100% bearish,of 1 rating,$91
CZWI,$9,1439846447571,100,Not yet rated,NULL,N/A
CZNC,$20.2641,1439846447599,"7,874",Not yet rated,NULL,N/A
CSCO,$28.825,1439846447629,"14,490,430",84% bullish,of 208 ratings,$32.50
CIZN,$19.69,1439846447730,"1,676",Not yet rated,NULL,N/A
CTRN,$22.6345,1439846447781,"93,619",100% bearish,of 1 rating,$29.50
CZFC,$12.73,1439846447806,22,Not yet rated,NULL,N/A
CHCO,$48.7297,1439846447941,"28,283",Not yet rated,NULL,$46
CTXS,$77.74,1439846447995,"928,655",86% bullish,of 7 ratings,$80
CIVB,$10.26,1439846448212,838,Not yet rated,NULL,$11
CLNE,$4.7209,1439846448303,"923,994",80% bullish,of 15 ratings,$9
CLFD,$18.5337,1439846448331,"19,158",67% bullish,of 3 ratings,$18
CIVBP,NULL,1439846448358,0,Not yet rated,NULL,N/A
CDTI,$1.71,1439846448379,"160,713",75% bullish,of 4 ratings,$3.25
CLRO,$11.82,1439846448408,"4,465",50% bullish,of 2 ratings,$14.25
CLNT,$1.99,1439846448541,"44,739",75% bullish,of 8 ratings,N/A
CBLI,$3.72,1439846448567,"45,178",60% bullish,of 5 ratings,N/A
CLIR,$5.38,1439846448709,"58,717",100% bullish,of 3 ratings,N/A
CLVS,$80.3361,1439846448757,"211,798",60% bullish,of 5 ratings,$101.50
CMFN,$10.99,1439846448786,"20,874",100% bearish,of 1 rating,$15.50
CSBK,$14.0228,1439846448811,"60,911",Not yet rated,NULL,N/A
CME,$98.25,1439846449001,"584,127",67% bullish,of 3 ratings,$102
CCNE,$17.7536,1439846449032,"11,381",50% bullish,of 2 ratings,$21.50
CNV,$4.83,1439846449478,"18,585",50% bullish,of 2 ratings,$7.15
CISG,$8.57,1439846449505,"65,522",100% bullish,of 5 ratings,$10
COBZ,$13.1126,1439846449526,"79,386",100% bullish,of 1 rating,$14
CWAY,$11.51,1439846449664,980,Not yet rated,NULL,N/A
CDXS,$3.91,1439846449935,"97,426",64% bullish,of 11 ratings,$6
COKE,$166.3533,1439846449961,"11,524",79% bullish,of 19 ratings,N/A
CVLY,$20.59,1439846450397,89,Not yet rated,NULL,N/A
CDRB,$13.5,1439846450532,"13,873",67% bullish,of 3 ratings,N/A
CGNX,$37,1439846450723,"507,677",50% bullish,of 2 ratings,$47
CCOI,$29.2559,1439846450765,"286,167",50% bullish,of 4 ratings,$35
COHU,$9.4519,1439846450810,"60,065",100% bearish,of 1 rating,$14.25
JVA,$4.73,1439846450843,"2,435",83% bullish,of 6 ratings,$7
CTSH,$67.65,1439846450900,"1,709,412",90% bullish,of 10 ratings,$74.50
CGNT,$1.59,1439846450939,"42,643",100% bullish,of 2 ratings,$2
COHR,$59.2518,1439846450963,"78,149",50% bullish,of 2 ratings,$72
CHRS,$33.2066,1439846451161,"109,405",67% bearish,of 3 ratings,$37
CLRX,$0.49,1439846451189,"22,824",50% bullish,of 2 ratings,$1.85
CLCT,$19.75,1439846451215,"9,102",100% bearish,of 1 rating,N/A
COLL,$16.4933,1439846451578,"49,526",100% bearish,of 1 rating,$26
CLCD,$7.72,1439846451748,"24,610",100% bearish,of 1 rating,$20.50
CIGI,$46.96,1439846451879,"8,913",100% bearish,of 1 rating,$52
CBAN,$8.85,1439846451949,300,Not yet rated,NULL,N/A
COLM,$66.2733,1439846452010,"90,571",100% bearish,of 1 rating,$71
COLB,$33.4667,1439846452037,"215,426",Not yet rated,NULL,$36
CBMX,$1.3,1439846452172,"15,544",83% bullish,of 6 ratings,$3.15
CMCO,$21.9044,1439846452198,"29,347",60% bullish,of 5 ratings,$28
CMCSK,$60.79,1439846452236,"2,304,256",Not yet rated,NULL,$84
CMCSA,$60.41,1439846452459,"7,937,441",66% bullish,of 35 ratings,$69.50
CUBN,$13.85,1439846452487,"16,240",Not yet rated,NULL,N/A
CVGI,$4.6509,1439846452592,"206,641",50% bullish,of 2 ratings,$6
CBSH,$47.63,1439846452620,"343,691",50% bullish,of 2 ratings,$46
CBSHP,$25.39,1439846452653,"5,104",100% bearish,of 1 rating,N/A
CSAL,$23.26,1439846452754,"568,045",75% bullish,of 4 ratings,$30
COMM,$31.82,1439846452779,"551,095",67% bearish,of 3 ratings,$35
CYHHZ,$0.0115,1439846453129,"114,200",100% bullish,of 1 rating,N/A
ESXB,$5.08,1439846453157,"26,017",Not yet rated,NULL,N/A
JCS,$9.98,1439846453187,"1,685",67% bullish,of 3 ratings,N/A
CTBI,$35.2871,1439846453293,"21,638",Not yet rated,NULL,$36
CVLT,$37.9476,1439846453499,"495,873",75% bullish,of 4 ratings,$44.50
CWBC,$6.74,1439846453773,"3,827",Not yet rated,NULL,N/A
CIZ,$35.26,1439846453813,"4,332",100% bearish,of 1 rating,N/A
CSA,NULL,1439846453906,0,Not yet rated,NULL,N/A
COB,$10.8122,1439846453957,"7,585",100% bullish,of 1 rating,$11.50
CIL,NULL,1439846454037,0,Not yet rated,NULL,N/A
CID,NULL,1439846454063,0,Not yet rated,NULL,N/A
CDC,$36.86,1439846454206,"5,355",Not yet rated,NULL,N/A
CSF,$38.59,1439846454278,711,100% bearish,of 1 rating,N/A
CFO,$37.72,1439846454308,"10,381",100% bearish,of 1 rating,N/A
CDL,NULL,1439846454409,0,Not yet rated,NULL,N/A
CFA,$37.7189,1439846454495,782,100% bearish,of 1 rating,N/A
CPSI,$46.3693,1439846454627,"38,487",100% bearish,of 1 rating,$45.50
CGEN,$5.69,1439846454651,"107,868",50% bullish,of 2 ratings,$11
CSB,NULL,1439846454948,0,Not yet rated,NULL,N/A
SCOR,$64.6529,1439846455298,"175,498",100% bearish,of 1 rating,$66
CTG,$6.49,1439846455324,"80,918",100% bearish,of 1 rating,$8.50
CHCI,$0.54,1439846455384,"27,360",50% bullish,of 2 ratings,N/A
CMTL,$28.3857,1439846455414,"35,324",100% bearish,of 2 ratings,$37
CNSI,$19.6439,1439846455440,"66,417",100% bearish,of 2 ratings,$29
CNCE,$16.42,1439846455516,"157,930",75% bullish,of 4 ratings,$22
CNAT,$4.21,1439846455547,"67,777",83% bullish,of 6 ratings,$13
CXRX,$78.47,1439846455652,"4,500",Not yet rated,NULL,$90
CDORO,$18.75,1439846455790,870,100% bearish,of 1 rating,N/A
CDOR,$1.42,1439846455816,"9,322",100% bullish,of 1 rating,N/A
CCUR,$5.11,1439846455867,"17,356",75% bullish,of 4 ratings,N/A
CDORP,$7.25,1439846455945,600,100% bearish,of 1 rating,N/A
CFMS,$22.31,1439846456033,"179,794",Not yet rated,NULL,$27
CNFR,$10.58,1439846456238,"21,041",Not yet rated,NULL,N/A
CNXR,$6.9014,1439846456293,"21,296",100% bearish,of 1 rating,$12
CTWS,$35.187,1439846456326,"10,288",100% bearish,of 1 rating,$44
CNMD,$56.9114,1439846456347,"53,866",Not yet rated,NULL,$59
CNOB,$20.4341,1439846456368,"41,410",100% bullish,of 1 rating,$23.50
CONN,$34.3969,1439846456423,"257,987",67% bullish,of 3 ratings,$48.50
CNSL,$20.5941,1439846456498,"96,226",100% bearish,of 1 rating,$23
CWCO,$12.1024,1439846456635,"53,272",67% bullish,of 3 ratings,$14.50
CFRX,$5.45,1439846456764,"111,457",Not yet rated,NULL,$14
CTCT,$24.7049,1439846456800,"138,782",67% bullish,of 3 ratings,$37
CPSS,$5.72,1439846456831,"22,939",100% bullish,of 1 rating,$10
CFRXW,$2,1439846457090,"14,281",100% bearish,of 1 rating,N/A
CTRL,$8.5717,1439846457120,"96,310",50% bullish,of 2 ratings,$11
CFRXZ,$0.71,1439846457146,"38,780",Not yet rated,NULL,N/A
CORT,$5.4811,1439846457192,"168,345",67% bullish,of 3 ratings,$12
CTRV,$4.53,1439846457218,"12,131",Not yet rated,NULL,$6.40
CPRT,$36.74,1439846457291,"201,755",67% bearish,of 3 ratings,$40
CRBP,$1.92,1439846457493,"44,801",100% bullish,of 1 rating,$6.25
BVA,$3.91,1439846457542,281,50% bullish,of 2 ratings,N/A
CORE,$64.4829,1439846457598,"70,713",100% bearish,of 1 rating,$72
CSOD,$38.4877,1439846457629,"267,373",50% bullish,of 2 ratings,$42
CORI,$11.7524,1439846457650,"40,330",100% bearish,of 1 rating,$18
COSI,$1.2,1439846457733,"129,166",100% bullish,of 1 rating,N/A
CRVL,$33.4967,1439846457783,"13,000",100% bearish,of 1 rating,N/A
CSGP,$196.16,1439846458013,"61,631",50% bullish,of 2 ratings,$235
COST,$146.09,1439846458122,"570,157",83% bullish,of 24 ratings,$154.50
ICBK,$18.23,1439846458232,"1,422",Not yet rated,NULL,$21
CVTI,$25.7752,1439846458260,"58,292",67% bearish,of 3 ratings,$39
CPAH,$0.45,1439846458294,"3,070",50% bullish,of 2 ratings,N/A
CPSH,$2.4,1439846458430,493,Not yet rated,NULL,N/A
COWN,$5.5511,1439846458468,"1,128,944",75% bullish,of 4 ratings,$7
COVS,$2.81,1439846458496,"137,902",67% bullish,of 3 ratings,N/A
CRAI,$23.5747,1439846458524,"32,355",Not yet rated,NULL,$36
COWNL,$26.78,1439846458676,"1,400",Not yet rated,NULL,N/A
CBRL,$152.2805,1439846458704,"159,589",50% bullish,of 2 ratings,$155
BREW,$8.1716,1439846458732,"48,486",67% bullish,of 6 ratings,$15
CRAY,$22.8646,1439846458863,"165,336",83% bullish,of 6 ratings,$38.50
GLDI,$11.05,1439846458991,"1,582",100% bearish,of 1 rating,N/A
SLVO,$10.57,1439846459091,"2,714",100% bearish,of 1 rating,N/A
CACC,$206.8414,1439846459149,"70,986",50% bullish,of 2 ratings,$158.50
CRESY,$11.67,1439846459223,"13,229",100% bearish,of 1 rating,$19
CREE,$27.56,1439846459250,"844,120",65% bullish,of 17 ratings,$28.50
CRTO,$46.88,1439846459275,"173,747",67% bullish,of 6 ratings,$64
CROX,$14.823,1439846459304,"705,703",63% bullish,of 8 ratings,$16.50
CRWS,$8.1,1439846459496,"6,153",Not yet rated,NULL,$10
CCRN,$14.2028,1439846459524,"178,610",100% bearish,of 1 rating,$14.25
CRWN,$4.811,1439846459654,"62,576",75% bullish,of 4 ratings,N/A
CYRXW,$0.85,1439846459922,"49,571",Not yet rated,NULL,N/A
CSGS,$32.2865,1439846460033,"81,862",Not yet rated,NULL,$40
CYRX,$2.87,1439846460085,"70,741",Not yet rated,NULL,$9
CCLP,$14.85,1439846460111,"31,194",67% bearish,of 3 ratings,$21
CRDS,$1.11,1439846460143,"18,145",50% bullish,of 4 ratings,$4.50
CTIC,$1.8304,1439846460243,"404,599",84% bullish,of 76 ratings,$5.75
CTCM,$1.76,1439846460320,"191,724",80% bearish,of 5 ratings,$3.90
CSPI,$6.12,1439846460426,"5,008",67% bullish,of 3 ratings,N/A
CTIB,NULL,1439846460454,0,100% bearish,of 1 rating,N/A
CTRP,$72.79,1439846460590,"473,239",75% bullish,of 8 ratings,$92
CUNB,$22.6445,1439846460618,"8,623",Not yet rated,NULL,$24.50
CUI,$5.56,1439846460750,"65,384",50% bullish,of 2 ratings,$10
CMLS,$1.2803,1439846460776,"605,534",50% bullish,of 4 ratings,$6
CPIX,$6.01,1439846460801,"9,690",Not yet rated,NULL,N/A
CRIS,$2.9206,1439846460937,"309,555",100% bullish,of 8 ratings,$6
CUTR,$15.053,1439846461021,"33,196",67% bearish,of 3 ratings,$18
CVBF,$17.5435,1439846461181,"235,963",Not yet rated,NULL,$18
CYBR,$59.98,1439846461212,"1,098,940",86% bullish,of 7 ratings,$66
CVV,$12.65,1439846461239,"150,610",100% bullish,of 5 ratings,N/A
CYAN,$7.68,1439846461260,"1,460",100% bearish,of 1 rating,N/A
CYBX,$59.4419,1439846461297,"195,102",50% bullish,of 4 ratings,$70
CYBE,$5.6,1439846461343,"10,893",100% bearish,of 1 rating,N/A
CYCC,$0.6,1439846461405,"63,043",73% bullish,of 11 ratings,N/A
CYCCP,NULL,1439846461435,0,100% bearish,of 1 rating,N/A
CBAY,$2.72,1439846461642,"110,276",100% bullish,of 1 rating,$4
CYNA,$15.01,1439846461742,"6,891",100% bullish,of 1 rating,$33
CY,$10.31,1439846461957,"3,113,480",80% bullish,of 10 ratings,$15.50
CONE,$34.4369,1439846461983,"674,961",67% bearish,of 3 ratings,$35
CYRN,$1.67,1439846462014,"316,176",67% bullish,of 3 ratings,$4
CYTX,$0.3831,1439846462035,"583,336",83% bullish,of 12 ratings,$5.50
CYNO,$34.4269,1439846462114,"102,093",67% bearish,of 3 ratings,$45.50
CYTK,$6.7514,1439846462168,"133,124",71% bullish,of 14 ratings,$13.50
CTSO,$7.647,1439846462306,"194,714",Not yet rated,NULL,$15.625
CYTR,$2.4405,1439846462367,"381,625",67% bullish,of 6 ratings,$10
TVIX,$5.52,1439846462467,"2,886,321",81% bullish,of 16 ratings,N/A
ZIV,$50.16,1439846462533,"78,215",Not yet rated,NULL,N/A
DAEG,$0.35,1439846462569,"33,300",100% bearish,of 1 rating,N/A
TVIZ,NULL,1439846462595,0,100% bearish,of 1 rating,N/A
XIV,$48.3601,1439846462625,"4,631,878",75% bearish,of 4 ratings,N/A
DJCO,$211.5423,1439846462727,"11,697",Not yet rated,NULL,N/A
DARA,$0.9,1439846462929,"50,047",83% bullish,of 6 ratings,$1.50
DAKT,$12.2424,1439846462959,"101,873",50% bullish,of 2 ratings,$14
DAIO,$2.63,1439846463059,"1,974",Not yet rated,NULL,N/A
DWCH,$5.22,1439846463145,"22,898",75% bullish,of 4 ratings,$8.25
DTLK,$6.0712,1439846463173,"38,785",100% bearish,of 1 rating,$9
DRAM,$1.49,1439846463194,"5,102",78% bullish,of 9 ratings,N/A
PLAY,$37.2775,1439846463224,"102,563",100% bullish,of 5 ratings,$42
DWSN,$5.11,1439846463372,"56,245",67% bullish,of 3 ratings,$6
DTEA,$13.49,1439846463444,"135,629",100% bearish,of 2 ratings,$24
TRAK,$62.4225,1439846463536,"126,847",50% bullish,of 2 ratings,$62.50
DBVT,$41.36,1439846463574,"62,767",100% bearish,of 1 rating,$53
DHRM,$1.73,1439846463641,150,Not yet rated,NULL,N/A
DFRG,$15.4531,1439846463667,"86,600",100% bearish,of 1 rating,$20
TACO,$13.69,1439846463751,"357,115",100% bullish,of 3 ratings,$20
TACOW,$4.45,1439846464019,"29,709",100% bullish,of 1 rating,N/A
DGAS,$20.19,1439846464044,"3,996",67% bearish,of 3 ratings,N/A
XRAY,$56.7468,1439846464174,"517,713",100% bullish,of 1 rating,$58
DELT,$2.43,1439846464237,"2,158",Not yet rated,NULL,N/A
DELTW,$0.17,1439846464268,"21,000",Not yet rated,NULL,N/A
DCTH,$0.49,1439846464295,"174,873",78% bullish,of 9 ratings,N/A
DENN,$12.5625,1439846464336,"302,360",100% bullish,of 3 ratings,$15
DEPO,$31.4263,1439846464363,"712,586",60% bullish,of 5 ratings,$32
DSCI,$6.49,1439846464441,"93,108",50% bullish,of 2 ratings,$16
DERM,$25.155,1439846464599,"107,046",100% bearish,of 1 rating,$23
DXLG,$4.881,1439846464855,"21,441",100% bearish,of 1 rating,$8
DEST,$12.36,1439846464898,"51,317",50% bullish,of 2 ratings,N/A
DSWL,$1.767,1439846464946,347,100% bullish,of 1 rating,N/A
DXM,$0.32,1439846464985,"143,221",50% bullish,of 2 ratings,N/A
DXCM,$98.1218,1439846465033,"528,778",57% bullish,of 7 ratings,$98
DHXM,NULL,1439846465114,0,Not yet rated,NULL,N/A
DMND,$32.2364,1439846465167,"86,893",75% bullish,of 12 ratings,$32
DHIL,$193.6387,1439846465352,"3,891",Not yet rated,NULL,N/A
DCIX,$1.9,1439846465391,"15,632",50% bullish,of 4 ratings,$3.50
DRNA,$11.0922,1439846465419,"52,799",67% bearish,of 3 ratings,$25
FANG,$72.21,1439846465444,"570,279",50% bullish,of 2 ratings,$86
DGII,$10.082,1439846465472,"40,789",100% bearish,of 1 rating,$10
DMRC,$37.9576,1439846465599,"39,090",100% bearish,of 1 rating,$44
DRAD,$4.11,1439846465699,"17,711",100% bullish,of 1 rating,$5.25
DGLY,$7.78,1439846465774,"102,342",50% bullish,of 6 ratings,$20
APPS,$2.3505,1439846465900,"98,397",100% bearish,of 1 rating,$10.25
DCOM,$17.3835,1439846465926,"65,714",100% bearish,of 2 ratings,$16.50
DIOD,$20.5041,1439846466001,"123,187",75% bearish,of 4 ratings,$24
DISCA,$29.29,1439846466144,"1,767,365",67% bullish,of 3 ratings,$34
DSCO,$0.47,1439846466176,"315,173",83% bullish,of 6 ratings,$2.75
DPRX,$13.24,1439846466202,"17,428",100% bullish,of 2 ratings,$27.75
DISCK,$27.67,1439846466227,"1,059,631",100% bearish,of 1 rating,$40
DISCB,NULL,1439846466274,0,100% bearish,of 1 rating,$35
DISH,$67.09,1439846466358,"605,505",69% bullish,of 13 ratings,$73
BAGR,$3,1439846466426,"13,882",100% bearish,of 1 rating,$6
DVCR,$11.82,1439846466513,"2,875",100% bullish,of 1 rating,N/A
DLHC,$2.51,1439846466585,"1,052",100% bearish,of 1 rating,N/A
DNBF,$26.54,1439846466746,"1,282",Not yet rated,NULL,$27.50
DLTR,$78.48,1439846466797,"678,071",82% bullish,of 11 ratings,$88
DGICA,$14.7429,1439846466930,"14,759",100% bearish,of 1 rating,$17
DGICB,$21.37,1439846466961,8,100% bearish,of 1 rating,N/A
DMLP,$14.79,1439846467036,"32,002",100% bearish,of 1 rating,N/A
HILL,$5.4411,1439846467062,"295,895",60% bearish,of 5 ratings,$8
DRWI,$0.3014,1439846467128,"76,600",60% bullish,of 5 ratings,$.45
DORM,$52.1604,1439846467191,"130,448",100% bearish,of 1 rating,$56
DRWIW,NULL,1439846467216,0,Not yet rated,NULL,N/A
DRYS,$0.3799,1439846467246,"2,626,186",77% bullish,of 31 ratings,$.60
DWA,$19.6539,1439846467376,"266,119",63% bullish,of 8 ratings,$26
DSKX,$3.77,1439846467410,"1,183,723",100% bullish,of 1 rating,N/A
DSPG,$8.8918,1439846467503,"33,532",100% bearish,of 1 rating,$13.50
CADT,NULL,1439846467540,0,Not yet rated,NULL,N/A
CADTR,$0.195,1439846467681,400,Not yet rated,NULL,N/A
DTSI,$27.8056,1439846467985,"65,350",100% bearish,of 2 ratings,$39.50
CADTU,NULL,1439846468027,0,Not yet rated,NULL,N/A
CADTW,NULL,1439846468056,0,Not yet rated,NULL,N/A
DNKN,$52.47,1439846468077,"333,428",67% bullish,of 15 ratings,$56.50
BOOM,$10.11,1439846468099,"33,039",67% bullish,of 3 ratings,$12
DYAX,$23.4847,1439846468138,"528,953",89% bullish,of 9 ratings,$30
DXPE,$29.756,1439846468159,"113,976",50% bullish,of 2 ratings,N/A
DRRX,$2.2605,1439846468234,"226,269",50% bullish,of 6 ratings,$3
DVAX,$30.156,1439846468427,"229,105",70% bullish,of 10 ratings,$40
DYSL,NULL,1439846468459,0,100% bullish,of 2 ratings,N/A
DYNT,$3,1439846468486,"3,718",75% bullish,of 4 ratings,N/A
ETFC,$28.63,1439846468511,"1,040,079",57% bullish,of 14 ratings,$33
EBMT,$11.44,1439846468558,65,Not yet rated,NULL,$13.50
EGBN,$45.069,1439846468818,"157,273",Not yet rated,NULL,$48
EGLE,$7.5415,1439846468850,"27,243",60% bullish,of 5 ratings,N/A
EGRX,$72.0444,1439846468871,"277,974",67% bullish,of 3 ratings,$97
EACQU,$10.01,1439846468954,"1,100",Not yet rated,NULL,N/A
EWBC,$45.22,1439846469001,"1,068,466",100% bearish,of 1 rating,$50
ELNK,$9.2318,1439846469033,"789,272",80% bullish,of 5 ratings,$9.50
EROC,$1.49,1439846469054,"240,270",50% bullish,of 2 ratings,$3
EML,$17.26,1439846469100,"2,983",Not yet rated,NULL,N/A
EVBS,$6.3,1439846469333,126,Not yet rated,NULL,$7
EBAY,$28.29,1439846469358,"6,621,784",81% bullish,of 117 ratings,$48
EBIX,$30.9862,1439846469434,"86,662",69% bullish,of 13 ratings,$40
ECHO,$25.085,1439846469591,"148,666",67% bearish,of 3 ratings,$36
SATS,$46.75,1439846469635,"55,180",50% bullish,of 2 ratings,$60
ELON,$0.5335,1439846469663,"39,260",50% bullish,of 2 ratings,N/A
EEI,$11.16,1439846469684,"1,484",67% bearish,of 3 ratings,N/A
ECTE,$1.73,1439846469718,"129,674",75% bullish,of 4 ratings,N/A
ESES,$3.56,1439846469817,"7,219",100% bearish,of 1 rating,$7
ECACU,$10.02,1439846469858,"1,200",Not yet rated,NULL,N/A
EDGW,$7.11,1439846469883,654,100% bearish,of 1 rating,N/A
EDAP,$3.65,1439846470058,"23,653",60% bullish,of 5 ratings,$4.50
EFUT,$4.61,1439846470226,"4,308",Not yet rated,NULL,N/A
EGAN,$3.48,1439846470252,"90,117",50% bullish,of 2 ratings,$6.25
EGLT,$12.85,1439846470281,"54,167",50% bullish,of 2 ratings,$21
EDUC,$4.67,1439846470385,"2,026",100% bearish,of 1 rating,N/A
EHTH,$14.953,1439846470430,"94,176",50% bullish,of 4 ratings,$16.50
LOCO,$14.6929,1439846470456,"1,371,261",69% bullish,of 13 ratings,$23
EMITF,$1.29,1439846470524,"10,708",75% bullish,of 4 ratings,N/A
ERI,$9.792,1439846470622,"196,529",100% bearish,of 1 rating,$10
ELRC,$10.3121,1439846470658,"17,349",100% bearish,of 1 rating,N/A
ESLT,$81.99,1439846470679,"6,250",100% bullish,of 2 ratings,N/A
ESIO,$4.67,1439846470753,"88,314",50% bullish,of 2 ratings,$10
EA,$73.7,1439846470817,"1,687,593",77% bullish,of 35 ratings,$80
ELEC,NULL,1439846470910,0,Not yet rated,NULL,N/A
ELSE,$4.32,1439846470948,"5,393",60% bullish,of 5 ratings,N/A
EFII,$46.1692,1439846470977,"122,414",80% bullish,of 5 ratings,$55
ELECU,NULL,1439846471206,0,Not yet rated,NULL,N/A
LONG,$17.1,1439846471374,"92,990",67% bullish,of 3 ratings,$15.75
RDEN,$10.3321,1439846471396,"87,331",100% bearish,of 4 ratings,$15
EBIO,$3.97,1439846471475,"1,231,288",100% bearish,of 2 ratings,$8.35
CAPX,NULL,1439846471500,0,Not yet rated,NULL,N/A
ELECW,NULL,1439846471529,0,Not yet rated,NULL,N/A
ELTK,$1.13,1439846471550,"10,895",67% bearish,of 3 ratings,N/A
ESBK,$19.55,1439846471793,48,Not yet rated,NULL,N/A
EMKR,$7.3615,1439846471822,"654,358",75% bullish,of 4 ratings,$8.50
EMMSP,$3.38,1439846471956,400,100% bearish,of 1 rating,N/A
NYNY,$4.5009,1439846471985,"34,641",50% bullish,of 2 ratings,N/A
EMCI,$24.3049,1439846472015,"9,540",Not yet rated,NULL,N/A
EMCF,$23.9899,1439846472036,363,100% bearish,of 1 rating,N/A
EMMS,$1.21,1439846472086,"43,943",67% bullish,of 6 ratings,N/A
ERS,$3,1439846472368,"16,026",Not yet rated,NULL,N/A
ECPG,$40.9382,1439846472457,"108,154",100% bullish,of 2 ratings,$52
ENTA,$41.2983,1439846472488,"119,379",50% bullish,of 2 ratings,$42
WIRE,$33.8868,1439846472517,"64,063",100% bearish,of 1 rating,$41
ELGX,$13.0526,1439846472543,"939,268",75% bullish,of 4 ratings,$17
ECYT,$5.4611,1439846472588,"179,380",83% bullish,of 6 ratings,$12
ENDP,$86.3704,1439846472675,"904,547",50% bullish,of 6 ratings,$104
EIGI,$16.2833,1439846472702,"486,630",67% bearish,of 3 ratings,$20
WATT,$7.03,1439846472850,"90,862",50% bullish,of 2 ratings,$13
EFOI,$16.35,1439846472913,"894,709",50% bullish,of 2 ratings,$17
ENG,$1.09,1439846473141,"15,642",100% bullish,of 3 ratings,N/A
EXXI,$1.7003,1439846473170,"552,713",86% bullish,of 7 ratings,$3.50
ERII,$2.91,1439846473191,"49,644",80% bullish,of 5 ratings,$2.50
ENPH,$5.6,1439846473224,"304,919",75% bullish,of 4 ratings,$11
ENOC,$8.9718,1439846473253,"150,322",75% bullish,of 4 ratings,$18
ENTG,$14.7129,1439846473323,"443,534",100% bearish,of 1 rating,$18
ENFC,$18.32,1439846473397,120,Not yet rated,NULL,N/A
ESGR,$161.8724,1439846473461,"32,381",100% bearish,of 1 rating,$185
ETRM,$0.27,1439846473559,"650,802",69% bearish,of 35 ratings,$1.625
ENTL,$22.7746,1439846473588,"15,521",Not yet rated,NULL,$28
EBTC,$21.2042,1439846473782,"2,664",Not yet rated,NULL,N/A
EFSC,$24.815,1439846473841,"22,763",Not yet rated,NULL,$27
EGT,$2.26,1439846473866,"1,895",100% bullish,of 1 rating,N/A
ENVI,$1.85,1439846473913,"26,182",67% bullish,of 3 ratings,N/A
ENZN,$1.11,1439846474008,"846,923",100% bullish,of 9 ratings,N/A
ENZY,$8.85,1439846474034,"24,458",67% bullish,of 3 ratings,$9.50
EPIQ,$14.0228,1439846474199,"60,808",100% bearish,of 1 rating,$18
EPZM,$18.6437,1439846474230,"179,528",60% bullish,of 5 ratings,$34
EPRS,$5.14,1439846474263,"52,227",82% bullish,of 11 ratings,$15
EQIX,$284.51,1439846474331,"213,609",67% bullish,of 3 ratings,$312.50
EQFN,$8.35,1439846474394,"3,400",Not yet rated,NULL,N/A
EAC,$3.35,1439846474425,"4,047",100% bearish,of 1 rating,$7.50
PLUS,$75.7351,1439846474485,"48,870",50% bullish,of 2 ratings,$88
ERIC,$10.42,1439846474523,"923,314",63% bullish,of 8 ratings,$13.30
ERIE,$87.5475,1439846474762,"20,574",Not yet rated,NULL,$73
ESMC,$1.39,1439846474911,709,Not yet rated,NULL,N/A
ESCA,$18.7337,1439846474939,"8,302",100% bearish,of 1 rating,$22
ESPR,$81,1439846474962,"1,178,698",56% bearish,of 9 ratings,$130
ESCR,$0.2388,1439846475008,"7,431",50% bullish,of 2 ratings,N/A
ESCRP,$1.63,1439846475035,"5,735",100% bearish,of 1 rating,N/A
ESSA,$12.73,1439846475107,"4,211",100% bearish,of 1 rating,N/A
EPIX,NULL,1439846475170,0,Not yet rated,NULL,N/A
ESSX,$0.4947,1439846475200,"35,073",50% bullish,of 2 ratings,N/A
ESND,$36.1472,1439846475327,"98,126",100% bearish,of 1 rating,$40
ETSY,$17.3535,1439846475431,"712,252",80% bullish,of 5 ratings,$16
ESEA,$6.41,1439846475460,284,100% bullish,of 1 rating,$15
CLWT,$2.45,1439846475568,310,100% bearish,of 1 rating,N/A
EEFT,$68.9138,1439846475674,"130,649",100% bearish,of 1 rating,$67.50
EVEP,$9.03,1439846475698,"299,786",50% bullish,of 2 ratings,$15
EVK,$3.81,1439846475852,"3,424",75% bearish,of 4 ratings,N/A
EVLV,$2.3605,1439846475906,"102,642",60% bullish,of 5 ratings,$6.50
EVOK,$4.63,1439846476038,"8,194",100% bearish,of 1 rating,$13.75
EVOL,$6.31,1439846476068,"19,951",75% bullish,of 4 ratings,$10
EXA,$10.74,1439846476097,"35,141",100% bearish,of 1 rating,$13
EXAS,$23.7347,1439846476139,"377,634",78% bullish,of 9 ratings,$31
EXAC,$18.8438,1439846476171,"40,825",100% bearish,of 1 rating,$22.50
EXEL,$6.023,1439846476272,"1,699,508",81% bullish,of 16 ratings,$6
EXFO,$2.79,1439846476376,"1,900",67% bearish,of 3 ratings,$3.95
EXPE,$122.86,1439846476504,"464,308",64% bullish,of 11 ratings,$130
EXLS,$37.6175,1439846476668,"61,533",100% bullish,of 1 rating,$41
EXPD,$49.25,1439846476724,"547,790",80% bullish,of 5 ratings,$50.50
ESRX,$89.1307,1439846476755,"1,276,614",67% bearish,of 6 ratings,$101
EXPO,$44.1788,1439846476784,"52,159",100% bearish,of 1 rating,$45.50
EXTR,$2.9806,1439846476805,"436,564",80% bullish,of 5 ratings,$3
EXLP,$20.67,1439846476856,"89,763",100% bearish,of 1 rating,$27
EYEGW,NULL,1439846476955,0,Not yet rated,NULL,N/A
EYEG,$4.63,1439846477036,"76,246",Not yet rated,NULL,N/A
EZCH,$21.71,1439846477178,"146,299",75% bullish,of 8 ratings,$19.50
EZPW,$6.1412,1439846477217,"257,017",50% bullish,of 4 ratings,$7.50
FB,$93.93,1439846477278,"11,625,415",73% bullish,of 1063 ratings,$111
FFIV,$133.86,1439846477361,"418,577",71% bullish,of 7 ratings,$132
FCS,$14.5629,1439846477391,"462,404",67% bearish,of 3 ratings,$17
FWM,$2.4205,1439846477496,"157,327",100% bearish,of 2 ratings,$3.20
FRP,$17.9936,1439846477527,"100,314",100% bearish,of 1 rating,$18
FALC,$1.68,1439846477603,"36,827",63% bearish,of 8 ratings,N/A
FARM,$23.2446,1439846477706,"11,077",100% bearish,of 1 rating,$35
DAVE,$15.3,1439846477763,"40,257",100% bearish,of 1 rating,$15.50
FFKT,$27.4855,1439846477811,"12,659",Not yet rated,NULL,$29
FARO,$42.2585,1439846477839,"63,002",50% bullish,of 2 ratings,$48
FMNB,$8.09,1439846477867,"12,852",Not yet rated,NULL,N/A
FAST,$40.36,1439846478001,"747,654",80% bullish,of 5 ratings,$46
FATE,$7.675,1439846478036,"17,437",100% bearish,of 1 rating,$11
FBSS,$15.46,1439846478170,64,Not yet rated,NULL,N/A
FBRC,$23.52,1439846478299,"11,446",100% bearish,of 1 rating,$29
FNHC,$24.0748,1439846478327,"55,126",100% bearish,of 1 rating,$35
FDML,$9.782,1439846478361,"126,592",50% bullish,of 4 ratings,$14
FEIC,$81.7463,1439846478396,"259,825",50% bullish,of 2 ratings,$95.50
FHCO,$1.5,1439846478491,"23,020",50% bullish,of 4 ratings,N/A
FENX,$9.842,1439846478561,"48,926",100% bullish,of 1 rating,$14.25
FGEN,$25.5151,1439846478623,"416,951",100% bearish,of 1 rating,$39
FCSC,$6.6013,1439846478649,"77,731",100% bearish,of 1 rating,$8.125
ONEQ,$199.7917,1439846478782,"44,112",100% bullish,of 1 rating,N/A
FDUS,$15,1439846478807,"22,852",100% bullish,of 1 rating,$18
LION,$20.4441,1439846478858,"162,517",100% bullish,of 1 rating,$20
FSAM,$8.9218,1439846478961,"15,303",100% bearish,of 1 rating,$11
FRGI,$55.5111,1439846478986,"125,379",50% bullish,of 2 ratings,$70
FSC,$6.53,1439846479191,"459,300",75% bullish,of 4 ratings,$8
FSCFL,$25.07,1439846479220,"3,150",Not yet rated,NULL,N/A
FITB,$21.13,1439846479242,"2,569,540",54% bullish,of 13 ratings,$22
FSFR,$9.17,1439846479272,"108,058",100% bearish,of 1 rating,$11.50
FITBI,$27.83,1439846479406,"10,049",Not yet rated,NULL,N/A
FISI,$24.815,1439846479437,"113,197",100% bullish,of 2 ratings,$24.50
FNGN,$36.6673,1439846479458,"179,675",67% bullish,of 3 ratings,$47
FNSR,$17.6735,1439846479558,"605,431",86% bullish,of 7 ratings,$25
FNTC,$9.75,1439846479597,50,Not yet rated,NULL,N/A
FNJN,$1.76,1439846479624,"22,867",100% bearish,of 1 rating,$5
FEYE,$43.65,1439846479787,"1,713,696",87% bullish,of 15 ratings,$55.50
FNTCU,NULL,1439846479822,0,Not yet rated,NULL,N/A
FNTCW,NULL,1439846479848,0,Not yet rated,NULL,N/A
FNLC,$18.9138,1439846479989,"12,319",100% bullish,of 1 rating,N/A
FBNC,$17.1734,1439846480064,"18,076",100% bullish,of 1 rating,$20
FRBA,$6,1439846480203,"5,788",Not yet rated,NULL,$8
FBIZ,$44.0788,1439846480235,"7,851",100% bearish,of 2 ratings,$52
FCAP,$26.31,1439846480307,"4,814",Not yet rated,NULL,N/A
FCFS,$38.3477,1439846480334,"63,966",100% bearish,of 2 ratings,$48
FCVA,$4.59,1439846480367,469,Not yet rated,NULL,N/A
FCLF,$9.15,1439846480466,"1,408",Not yet rated,NULL,N/A
BUSE,$6.4313,1439846480491,"46,280",Not yet rated,NULL,$6.875
FCFP,$7,1439846480638,"1,400",Not yet rated,NULL,N/A
FCNCA,$251.2702,1439846480667,"24,985",Not yet rated,NULL,N/A
FCBC,$18.1836,1439846480712,"18,889",Not yet rated,NULL,$17
FBNK,$16.3433,1439846480769,"10,389",100% bearish,of 1 rating,$17.50
FDEF,$37.7876,1439846480899,"20,486",Not yet rated,NULL,$38
FCCO,$12.01,1439846480932,"1,532",Not yet rated,NULL,$13.25
FFNM,$6.31,1439846481030,488,Not yet rated,NULL,N/A
FFBC,$19.2639,1439846481107,"142,457",67% bearish,of 3 ratings,$20.25
FFBCW,NULL,1439846481208,0,100% bearish,of 1 rating,N/A
THFF,$33.8568,1439846481250,"13,601",Not yet rated,NULL,$35
FFIN,$32.7165,1439846481293,"93,146",50% bullish,of 2 ratings,$31.75
FFNW,$12.51,1439846481493,"5,814",Not yet rated,NULL,$14
FRME,$26.2753,1439846481524,"209,798",Not yet rated,NULL,$26.50
FIBK,$28.0656,1439846481546,"64,006",Not yet rated,NULL,$32
INBK,$36.11,1439846481567,"21,201",50% bullish,of 2 ratings,$37
FFWM,$21.33,1439846481711,"31,363",Not yet rated,NULL,$24
FMBI,$18.5537,1439846481738,"206,047",Not yet rated,NULL,$20
FNBC,$36.6573,1439846481759,"67,751",Not yet rated,NULL,$41
FMBH,$21.86,1439846481788,"3,257",Not yet rated,NULL,N/A
FNFG,$9.72,1439846482004,"1,741,094",80% bullish,of 5 ratings,$9
FNWB,$12.28,1439846482181,"3,880",Not yet rated,NULL,N/A
FSLR,$51.74,1439846482213,"796,116",74% bullish,of 39 ratings,$65
FSFG,$31.49,1439846482237,"4,668",Not yet rated,NULL,N/A
FSBK,$7.83,1439846482259,"6,814",100% bullish,of 1 rating,N/A
FSGI,$2.45,1439846482290,"6,966",Not yet rated,NULL,N/A
BICK,NULL,1439846482323,0,100% bullish,of 1 rating,N/A
FBZ,NULL,1439846482393,0,Not yet rated,NULL,N/A
FCA,$23,1439846482603,"5,787",Not yet rated,NULL,N/A
FV,$24.96,1439846482633,"1,093,141",Not yet rated,NULL,N/A
FCAN,$25.77,1439846482654,"1,965",Not yet rated,NULL,N/A
FTCS,$38.73,1439846482684,"24,963",Not yet rated,NULL,N/A
IFV,$18.86,1439846482710,"407,975",100% bearish,of 1 rating,N/A
FEMB,NULL,1439846482781,0,Not yet rated,NULL,N/A
FTSM,$59.95,1439846482985,"17,704",100% bearish,of 1 rating,N/A
FEUZ,$32.5,1439846483035,200,Not yet rated,NULL,N/A
MDIV,$19.92,1439846483060,"121,063",Not yet rated,NULL,N/A
TDIV,$26.15,1439846483088,"34,583",100% bearish,of 1 rating,N/A
FTGC,$22.8,1439846483221,"204,230",Not yet rated,NULL,N/A
FGM,$37.26,1439846483280,"3,305",Not yet rated,NULL,N/A
HYLS,$49.77,1439846483381,"232,360",100% bearish,of 1 rating,N/A
FTHI,$20.65,1439846483409,"1,218",Not yet rated,NULL,N/A
FHK,$35.96,1439846483438,"3,540",Not yet rated,NULL,N/A
YDIV,$17.206,1439846483464,"1,175",Not yet rated,NULL,N/A
SKYY,$30.65,1439846483697,"36,252",100% bullish,of 1 rating,N/A
PLTM,$6.46,1439846483723,"2,148",100% bearish,of 1 rating,N/A
FJP,$50.59,1439846483797,"35,227",Not yet rated,NULL,N/A
CU,$13.33,1439846483857,"2,441",100% bearish,of 1 rating,N/A
FPXI,NULL,1439846483881,0,Not yet rated,NULL,N/A
FTLB,NULL,1439846484041,0,100% bearish,of 1 rating,N/A
QABA,$39.69,1439846484190,"15,200",100% bearish,of 1 rating,N/A
QCLN,$16.28,1439846484219,"13,771",Not yet rated,NULL,N/A
FMB,$51.32,1439846484245,206,Not yet rated,NULL,N/A
CIBR,$19.77,1439846484283,"71,097",Not yet rated,NULL,N/A
FONE,$36.47,1439846484310,320,Not yet rated,NULL,N/A
LMBS,NULL,1439846484374,0,Not yet rated,NULL,N/A
GRID,$34.6299,1439846484457,107,100% bearish,of 1 rating,N/A
CARZ,$36.87,1439846484590,"2,563",100% bearish,of 1 rating,N/A
RDVY,$22.46,1439846484637,"11,018",Not yet rated,NULL,N/A
QQEW,$44.43,1439846484662,"28,509",Not yet rated,NULL,N/A
QTEC,$42.55,1439846484901,"112,983",Not yet rated,NULL,N/A
AIRR,$17.08,1439846484932,"20,532",100% bearish,of 1 rating,N/A
FKO,NULL,1439846485005,0,Not yet rated,NULL,N/A
QINC,$21.62,1439846485038,"6,508",Not yet rated,NULL,N/A
FTSL,$48.98,1439846485064,"38,551",100% bearish,of 1 rating,N/A
FDIV,$47.39,1439846485090,"9,239",100% bearish,of 1 rating,N/A
QQXT,$42.56,1439846485117,"4,409",Not yet rated,NULL,N/A
FSZ,$40.69,1439846485145,"2,025",Not yet rated,NULL,N/A
TUSA,$26.4352,1439846485367,550,Not yet rated,NULL,N/A
FKU,$44.04,1439846485471,"42,983",Not yet rated,NULL,N/A
FTW,$31.91,1439846485529,"2,786",Not yet rated,NULL,N/A
SVVC,$10.66,1439846485599,"11,352",100% bullish,of 1 rating,$26
FUNC,$8.27,1439846485631,"1,023",Not yet rated,NULL,N/A
FSV,$33.9673,1439846485765,"22,712",Not yet rated,NULL,$33.60
FMER,$18.6737,1439846485850,"1,133,205",50% bullish,of 2 ratings,$20
FPRX,$19.2539,1439846485921,"245,567",50% bullish,of 2 ratings,$35
FIVN,$4.4509,1439846485949,"113,429",100% bullish,of 1 rating,$8.50
FIVE,$37.7876,1439846485971,"332,835",75% bearish,of 4 ratings,$44
FISV,$90.11,1439846486012,"510,134",100% bearish,of 3 ratings,$90
FLML,$21.51,1439846486105,"170,130",50% bullish,of 2 ratings,$30
FLKS,$14.4429,1439846486155,"20,714",50% bullish,of 2 ratings,$27
FLXN,$24.1748,1439846486188,"60,637",100% bearish,of 1 rating,$39.50
MBSD,NULL,1439846486412,0,Not yet rated,NULL,N/A
SKOR,$50.43,1439846486440,40,Not yet rated,NULL,N/A
FLIR,$30.57,1439846486595,"260,140",100% bearish,of 1 rating,$38.50
FLXS,$41.6983,1439846486622,"19,460",100% bearish,of 2 ratings,N/A
FLDM,$12.8926,1439846486648,"291,478",67% bearish,of 3 ratings,$21.50
FLEX,$11.18,1439846486673,"1,358,275",63% bullish,of 8 ratings,$12
FOMX,$10.6021,1439846486918,"90,323",50% bullish,of 2 ratings,$23.50
FOGO,$18.37,1439846486947,"103,767",50% bullish,of 2 ratings,$25.50
FFIC,$20.9542,1439846486968,"34,304",Not yet rated,NULL,$21
FES,$0.99,1439846486999,"1,870",50% bullish,of 2 ratings,$1
FORTY,$35,1439846487142,600,Not yet rated,NULL,N/A
FORM,$6.5913,1439846487169,"207,122",67% bullish,of 3 ratings,$10.50
FORR,$32.2665,1439846487196,"23,001",Not yet rated,NULL,N/A
FTNT,$49.52,1439846487221,"859,249",80% bullish,of 10 ratings,$52
FBIO,$3.1,1439846487358,"56,996",83% bullish,of 6 ratings,N/A
FONR,$9.57,1439846487385,"1,472",100% bullish,of 1 rating,N/A
FWRD,$48.6997,1439846487445,"98,786",100% bearish,of 1 rating,$50
FWP,$25.5,1439846487591,"39,684",100% bearish,of 1 rating,$45
FXCB,$17.5535,1439846487633,"5,055",Not yet rated,NULL,$19
FOSL,$62.42,1439846487661,"552,473",50% bullish,of 4 ratings,$70
FMI,$20.234,1439846487722,"194,913",100% bearish,of 2 ratings,$27.50
FORD,$1.15,1439846487750,"616,092",50% bullish,of 2 ratings,N/A
FELE,$30.206,1439846487940,"131,177",50% bullish,of 4 ratings,$33
FOXF,$15.8032,1439846487962,"30,249",100% bearish,of 1 rating,$19
FRAN,$11.2723,1439846487992,"520,303",50% bullish,of 4 ratings,$15
FRED,$14.6029,1439846488045,"111,449",50% bullish,of 2 ratings,$16.50
FREE,$0.5109,1439846488200,"1,380,895",92% bullish,of 12 ratings,N/A
RAIL,$22.0444,1439846488237,"63,976",100% bearish,of 1 rating,$24.50
FRPT,$14.5229,1439846488334,"208,501",67% bearish,of 3 ratings,$23.50
FEIM,$10.86,1439846488369,"2,202",100% bearish,of 1 rating,N/A
FTR,$5.58,1439846488466,"11,171,508",78% bullish,of 27 ratings,$6.25
FTRPR,$109.28,1439846488538,"109,543",100% bearish,of 1 rating,N/A
FRPH,$31.6363,1439846488569,"2,793",100% bearish,of 1 rating,N/A
FSYS,$6.71,1439846488674,"24,891",67% bullish,of 3 ratings,$10
FTEK,$2.28,1439846488713,"29,540",75% bullish,of 4 ratings,N/A
FSBW,$23.4,1439846488783,"4,064",Not yet rated,NULL,N/A
FTD,$30.5561,1439846488852,"120,557",100% bearish,of 1 rating,$40
FCEL,$0.8002,1439846488883,"558,034",88% bullish,of 40 ratings,$2.65
FULL,$3.2,1439846488911,"55,891",67% bearish,of 3 ratings,$4.25
FULLL,$25.5,1439846488983,500,Not yet rated,NULL,N/A
FLL,$1.58,1439846489166,"18,579",75% bullish,of 4 ratings,$2.825
FFHL,$0.88,1439846489232,60,50% bullish,of 4 ratings,N/A
FULT,$13.1126,1439846489261,"861,751",100% bearish,of 1 rating,$13
FSNN,$2.58,1439846489366,"2,880",67% bullish,of 3 ratings,$6
FXEN,$1,1439846489412,"254,472",75% bullish,of 4 ratings,$1.10
GK,$72.5745,1439846489437,"51,659",Not yet rated,NULL,$78
FXENP,$16.5,1439846489570,350,100% bearish,of 1 rating,N/A
GAIA,$5.81,1439846489597,"43,707",50% bullish,of 2 ratings,$8.50
GLPG,$59.9,1439846489628,"6,717",100% bullish,of 1 rating,$75
WILC,$5.25,1439846489649,"3,955",100% bullish,of 2 ratings,N/A
GALT,$2.24,1439846489785,"157,189",80% bullish,of 5 ratings,N/A
GALE,$1.47,1439846489912,"503,468",89% bullish,of 47 ratings,$4
GLMD,$8.7,1439846489958,"10,491",67% bullish,of 3 ratings,$20.50
GLPI,$33.5367,1439846490015,"271,460",100% bearish,of 1 rating,$37.50
GALTU,NULL,1439846490233,0,100% bearish,of 1 rating,N/A
GRMN,$40.42,1439846490267,"438,237",50% bullish,of 6 ratings,$48
GALTW,$0.7131,1439846490295,999,100% bullish,of 1 rating,N/A
GPIC,$10.5,1439846490363,938,100% bearish,of 1 rating,N/A
GGAC,$9.82,1439846490391,300,100% bearish,of 1 rating,N/A
GGACU,NULL,1439846490421,0,Not yet rated,NULL,N/A
GGACR,NULL,1439846490446,0,100% bullish,of 1 rating,N/A
GARS,$14.84,1439846490468,"10,269",Not yet rated,NULL,$16
GGACW,NULL,1439846490631,0,Not yet rated,NULL,N/A
GNCMA,$18.0736,1439846490831,"71,449",100% bearish,of 1 rating,$12
GFN,$4.04,1439846490963,"35,161",100% bearish,of 2 ratings,$8
GFNCP,$93.77,1439846490988,200,Not yet rated,NULL,N/A
GENC,$9.45,1439846491025,403,100% bearish,of 1 rating,N/A
GFNSL,$25.8,1439846491156,"3,600",Not yet rated,NULL,N/A
GENE,$2.71,1439846491186,"103,195",100% bullish,of 12 ratings,N/A
GNMK,$9.5719,1439846491209,"66,688",67% bullish,of 6 ratings,$14
GNCA,$13.1126,1439846491241,"100,246",100% bearish,of 1 rating,$20
GNTX,$16.04,1439846491287,"1,375,365",Not yet rated,NULL,$20
GNVC,$2.38,1439846491443,"9,005",90% bullish,of 10 ratings,$8.50
GHDX,$26.7954,1439846491520,"216,211",50% bullish,of 2 ratings,$30
THRM,$48.6197,1439846491573,"154,298",75% bearish,of 4 ratings,$55.50
GEOS,$15.9532,1439846491602,"66,174",100% bearish,of 3 ratings,$25.50
GTWN,$18.1,1439846491651,27,Not yet rated,NULL,N/A
GABC,$29.756,1439846491736,"13,481",Not yet rated,NULL,$31.50
GERN,$3.48,1439846491867,"1,607,512",88% bullish,of 16 ratings,$5.25
GEVO,$2.16,1439846491904,"170,634",75% bullish,of 12 ratings,N/A
GIGM,$0.63,1439846491933,"62,913",100% bullish,of 2 ratings,N/A
ROCK,$18.6837,1439846491966,"247,216",80% bullish,of 5 ratings,$24
GIGA,$1.45,1439846492040,"14,786",100% bearish,of 1 rating,N/A
GIII,$70.084,1439846492073,"114,599",67% bullish,of 3 ratings,$75
GILT,$4.57,1439846492099,"5,594",50% bullish,of 2 ratings,N/A
GLAD,$8.37,1439846492258,"73,936",50% bullish,of 2 ratings,$8.75
GBCI,$28.1156,1439846492329,"321,564",50% bullish,of 2 ratings,$31
GOOD,$15.9532,1439846492465,"56,563",Not yet rated,NULL,$19
GLADO,$25.59,1439846492491,"3,790",Not yet rated,NULL,N/A
GILD,$116.3,1439846492513,"5,239,247",91% bullish,of 86 ratings,$129
GOODN,$25.65,1439846492568,800,Not yet rated,NULL,N/A
GOODO,$25.223,1439846492643,550,Not yet rated,NULL,N/A
GOODP,$25.3,1439846492726,"1,363",Not yet rated,NULL,N/A
GAIN,$7.97,1439846492776,"136,104",100% bullish,of 2 ratings,$8.25
GAINP,$26.14,1439846492940,"1,512",Not yet rated,NULL,N/A
GAINN,$25.44,1439846492961,"70,595",Not yet rated,NULL,N/A
LAND,$9.55,1439846492994,"8,368",50% bullish,of 2 ratings,$13.75
GAINO,$25.59,1439846493022,"3,660",Not yet rated,NULL,N/A
GLBZ,$12.1,1439846493043,"2,112",Not yet rated,NULL,N/A
GBT,$53,1439846493096,"375,926",Not yet rated,NULL,N/A
GDEF,$10.54,1439846493267,2,Not yet rated,NULL,N/A
GPACU,$10.08,1439846493473,300,Not yet rated,NULL,N/A
ACTX,NULL,1439846493541,0,100% bullish,of 1 rating,N/A
GSOL,$8.47,1439846493574,"20,591",100% bearish,of 1 rating,N/A
GBLI,$27.3255,1439846493595,"12,668",Not yet rated,NULL,N/A
QQQC,$21.57,1439846493616,"8,733",100% bearish,of 1 rating,N/A
ENT,$13.1226,1439846493656,"282,092",100% bearish,of 1 rating,$18
SOCL,$18.74,1439846493752,"15,387",100% bullish,of 2 ratings,N/A
ALTY,NULL,1439846493777,0,Not yet rated,NULL,N/A
SRET,$13.8,1439846493860,"3,731",Not yet rated,NULL,N/A
GSM,$14.3429,1439846493944,"191,015",50% bullish,of 2 ratings,$24.50
GAI,$5.51,1439846493975,912,50% bullish,of 2 ratings,N/A
GBIM,$2.35,1439846494000,"85,695",50% bullish,of 2 ratings,N/A
YLCO,$12.3,1439846494051,915,Not yet rated,NULL,N/A
GLBS,$1.23,1439846494186,"3,236",67% bullish,of 3 ratings,N/A
GLRI,$1.19,1439846494326,"7,372",100% bearish,of 1 rating,$6
GLUU,$4.821,1439846494377,"1,180,565",92% bullish,of 26 ratings,$9
GLYC,$7.4,1439846494410,"9,082",50% bullish,of 2 ratings,$14
GLNG,$39.18,1439846494464,"705,523",83% bullish,of 6 ratings,$58
GOGO,$16.4433,1439846494489,"335,737",80% bullish,of 5 ratings,$25
GLDC,$4.07,1439846494520,282,50% bullish,of 2 ratings,N/A
GMLP,$20.63,1439846494541,"79,167",50% bullish,of 4 ratings,$33
GDEN,$9.01,1439846494712,"3,245",50% bullish,of 2 ratings,N/A
GOGL,$3.6207,1439846494770,"160,187",75% bullish,of 4 ratings,$5
GBDC,$16.55,1439846494875,"90,668",Not yet rated,NULL,$17.75
GTIM,$7.22,1439846494945,"55,057",Not yet rated,NULL,$11.50
GOOG,$660.87,1439846494970,"536,430",89% bullish,of 64 ratings,$795
GPRO,$58.4,1439846495002,"2,683,116",79% bullish,of 58 ratings,$72
GOOGL,$694,1439846495800,"674,384",88% bullish,of 1078 ratings,$747
GPIA,NULL,1439846495846,0,Not yet rated,NULL,N/A
GPIAW,NULL,1439846496036,0,Not yet rated,NULL,N/A
GMAN,$4.72,1439846496069,"52,552",60% bullish,of 5 ratings,$8
GBSN,$2.4292,1439846496090,"45,595",100% bearish,of 1 rating,$8.25
GRVY,$3.55,1439846496111,928,50% bullish,of 2 ratings,N/A
LOPE,$39.5279,1439846496150,"156,419",100% bearish,of 2 ratings,$50
GBSNU,$16.5,1439846496255,"15,850",Not yet rated,NULL,N/A
GNBC,$13.5027,1439846496436,"16,399",100% bearish,of 1 rating,$17
GSBC,$42.5585,1439846496463,"16,002",100% bullish,of 1 rating,$44
GPIAU,NULL,1439846496483,0,Not yet rated,NULL,N/A
GPP,$14.99,1439846496640,"12,758",Not yet rated,NULL,$20.50
GLDD,$5.5811,1439846496670,"94,885",100% bearish,of 4 ratings,$7.75
GRBK,$14.5529,1439846496739,"219,572",77% bullish,of 13 ratings,N/A
GPRE,$22.5845,1439846496767,"596,411",67% bullish,of 6 ratings,$28.50
GCBC,$27.65,1439846496797,35,100% bullish,of 1 rating,N/A
GLRE,$26.6353,1439846496845,"96,089",100% bullish,of 1 rating,$41
GRIF,$30.61,1439846496901,52,100% bearish,of 1 rating,N/A
GRFS,$32.09,1439846497032,"277,535",50% bullish,of 2 ratings,$35
OMAB,$43.45,1439846497262,"28,692",100% bullish,of 1 rating,$44
GGAL,$21.1,1439846497322,"129,354",80% bullish,of 5 ratings,$40
GSIT,$5.01,1439846497391,"7,320",100% bearish,of 1 rating,N/A
GSIG,$13.6927,1439846497455,"23,741",100% bearish,of 2 ratings,N/A
GRPN,$4.35,1439846497481,"7,669,779",61% bullish,of 71 ratings,$6.75
GSVC,$9.54,1439846497502,"23,955",50% bullish,of 2 ratings,$14.50
GTXI,$0.99,1439846497531,"38,664",100% bullish,of 5 ratings,$.75
GUID,$9.2118,1439846497703,"46,550",100% bearish,of 3 ratings,$10
GIFI,$12.22,1439846497850,"29,675",100% bearish,of 1 rating,$16
GWPH,$114.21,1439846497881,"103,750",78% bullish,of 9 ratings,$148.50
GURE,$1.83,1439846497902,"74,653",88% bullish,of 8 ratings,N/A
GULTU,$0.33,1439846497936,"879,412",100% bearish,of 1 rating,N/A
GPOR,$35.76,1439846497957,"1,364,157",75% bullish,of 4 ratings,$55.50
GFED,$14.84,1439846498089,100,Not yet rated,NULL,$17
GBNK,$16.4833,1439846498137,"23,774",100% bearish,of 1 rating,$18
GWGH,$7.78,1439846498279,106,100% bearish,of 1 rating,$15.05
GYRO,$2.87,1439846498333,"2,400",100% bearish,of 1 rating,N/A
HEES,$17.3035,1439846498442,"164,083",67% bearish,of 3 ratings,$31
HNRG,$7.6915,1439846498476,"61,737",100% bearish,of 1 rating,$10
HBK,$13.6,1439846498505,916,50% bullish,of 2 ratings,N/A
HALO,$19.774,1439846498539,"831,855",67% bullish,of 3 ratings,$22.50
HLG,$9.44,1439846498641,906,100% bearish,of 1 rating,N/A
HALL,$11.7924,1439846498773,"40,276",Not yet rated,NULL,N/A
HMPR,$1.9604,1439846498803,"17,777",100% bullish,of 1 rating,N/A
HBHCL,$24.6,1439846498824,"24,259",Not yet rated,NULL,N/A
HAFC,$25.9652,1439846498965,"84,547",100% bullish,of 2 ratings,$28.50
HNSN,$0.52,1439846498994,"116,823",88% bullish,of 8 ratings,$.40
HNH,$29.1058,1439846499073,"3,115",100% bullish,of 1 rating,N/A
HBHC,$29.1558,1439846499125,"411,517",50% bullish,of 2 ratings,$30
HQCL,$11.11,1439846499233,"4,270",67% bullish,of 3 ratings,N/A
HDNG,$10.2,1439846499362,"11,609",50% bullish,of 4 ratings,N/A
HLIT,$5.8112,1439846499409,"340,030",100% bearish,of 1 rating,$6.50
HRMNU,NULL,1439846499437,0,Not yet rated,NULL,N/A
HART,$0.6351,1439846499566,"287,062",100% bearish,of 1 rating,N/A
HRMN,NULL,1439846499622,0,Not yet rated,NULL,N/A
TINY,$2.58,1439846499692,"23,901",50% bullish,of 2 ratings,$5.26
HRMNW,NULL,1439846499721,0,Not yet rated,NULL,N/A
HBIO,$4.6309,1439846499798,"62,464",Not yet rated,NULL,$10
HCAP,$12.49,1439846499824,"8,176",50% bullish,of 2 ratings,$15
HAS,$80.62,1439846499902,"371,390",63% bullish,of 8 ratings,$84.50
HA,$25.9452,1439846500061,"680,409",67% bullish,of 9 ratings,$27
HCAPL,$25.74,1439846500098,"2,100",Not yet rated,NULL,N/A
HCOM,$23.4947,1439846500250,"11,354",100% bearish,of 1 rating,$28
HWBK,$13.62,1439846500276,704,100% bearish,of 1 rating,N/A
HAYN,$41.0282,1439846500333,"41,221",100% bearish,of 1 rating,$59
HWKN,$37.7375,1439846500407,"12,971",Not yet rated,NULL,N/A
HDS,$34.8,1439846500464,"714,923",100% bearish,of 2 ratings,$39.50
HCSG,$34.7242,1439846500496,"122,251",50% bullish,of 4 ratings,$35
HIIQ,$4.92,1439846500598,"50,123",50% bullish,of 2 ratings,$7
HQY,$33.7067,1439846500730,"209,100",67% bullish,of 3 ratings,$31
HWAY,$12.4925,1439846500784,"170,382",100% bearish,of 1 rating,$15
HTLD,$21.3143,1439846500933,"164,672",Not yet rated,NULL,$22.50
HTBX,$5.55,1439846500979,"15,459",50% bullish,of 2 ratings,$15.50
HSTM,$25.7552,1439846501010,"125,543",50% bullish,of 2 ratings,$33.75
HTLF,$37.7175,1439846501063,"22,551",100% bullish,of 1 rating,$39.50
HTWR,$89.4579,1439846501151,"118,228",50% bullish,of 2 ratings,$103
HSII,$20.3141,1439846501293,"55,010",100% bullish,of 3 ratings,$25
HMNY,$2.29,1439846501391,4,100% bearish,of 1 rating,N/A
HSIC,$145.8775,1439846501486,"250,312",83% bullish,of 6 ratings,$146
HELE,$91.9084,1439846501514,"78,212",67% bearish,of 3 ratings,$100
HNNA,$23.31,1439846501544,603,Not yet rated,NULL,N/A
HMTV,$13.5427,1439846501566,"6,414",100% bearish,of 1 rating,$16
HCACU,$10.02,1439846501592,"1,834",Not yet rated,NULL,N/A
HCCI,$12.8526,1439846501911,"21,245",100% bearish,of 1 rating,$16.50
HERO,$0.0634,1439846501942,"3,000,960",81% bullish,of 16 ratings,$.75
HEOP,$8.0816,1439846502013,"17,327",Not yet rated,NULL,$8.50
HFWA,$18.5637,1439846502045,"37,066",100% bullish,of 1 rating,$20
HTBK,$11.1122,1439846502066,"24,338",Not yet rated,NULL,$12
MLHR,$29.4459,1439846502095,"233,418",100% bullish,of 1 rating,$33.50
HRTX,$31.6663,1439846502146,"278,803",67% bullish,of 6 ratings,$41
HIBB,$41.1782,1439846502365,"256,586",100% bearish,of 1 rating,$48.50
HPJ,$2.88,1439846502399,"15,896",75% bullish,of 4 ratings,$12.43
HFFC,$16.31,1439846502429,808,Not yet rated,NULL,N/A
HSKA,$34.7269,1439846502495,"36,967",100% bearish,of 1 rating,$38
HIFS,$119.2238,1439846502521,"1,527",Not yet rated,NULL,N/A
HIHO,$4.3,1439846502557,"15,366",Not yet rated,NULL,N/A
HIMX,$6.88,1439846502583,"759,081",85% bullish,of 20 ratings,$8.50
HSGX,$6.78,1439846502726,"9,546",100% bearish,of 1 rating,$17
HMNF,$11.61,1439846502901,214,Not yet rated,NULL,N/A
HMSY,$9.5311,1439846502960,"985,951",67% bullish,of 3 ratings,$19.35
HOLX,$42.9252,1439846503061,"1,986,768",67% bullish,of 3 ratings,$42
HBCP,$24.49,1439846503087,"1,823",Not yet rated,NULL,$29
HOMB,$41.1082,1439846503113,"200,648",Not yet rated,NULL,$41
HOLI,$18.7,1439846503134,"442,684",50% bullish,of 4 ratings,$27
HTBI,$18.6137,1439846503274,"44,048",67% bullish,of 3 ratings,$18.625
HMIN,$29.5,1439846503305,"56,475",100% bearish,of 2 ratings,$35
AWAY,$31.25,1439846503401,"536,034",67% bullish,of 3 ratings,$36
HMST,$22.0044,1439846503440,"35,293",100% bullish,of 2 ratings,$27
CETC,$0.96,1439846503500,"81,341",86% bullish,of 7 ratings,N/A
HKTV,$5.21,1439846503544,"3,068",100% bearish,of 1 rating,N/A
HOFT,$25.6251,1439846503601,"25,065",100% bearish,of 1 rating,N/A
HFBL,$21.47,1439846503626,32,Not yet rated,NULL,N/A
HFBC,$11.67,1439846503693,"3,580",Not yet rated,NULL,N/A
HBNC,$24.945,1439846503903,"17,255",100% bullish,of 1 rating,$27
HZNP,$31.9,1439846504001,"1,362,433",85% bullish,of 20 ratings,$40
HRZN,$11.31,1439846504030,"29,111",100% bearish,of 1 rating,$14.25
ZINC,$8.8118,1439846504066,"260,605",100% bearish,of 1 rating,$17
HDP,$26.2953,1439846504088,"205,082",67% bearish,of 3 ratings,$30.50
HMHC,$23.6647,1439846504109,"284,382",Not yet rated,NULL,$27
HBMD,$14.51,1439846504163,808,100% bearish,of 1 rating,N/A
HOVNP,$5.32,1439846504188,"1,602",100% bearish,of 1 rating,N/A
HSNI,$63.6927,1439846504444,"236,473",Not yet rated,NULL,$80
HWCC,$7.14,1439846504490,"99,509",100% bearish,of 1 rating,$9
HTGM,$5.73,1439846504522,"15,877",100% bearish,of 1 rating,$19.50
HCBK,$10.33,1439846504548,"1,160,945",83% bullish,of 6 ratings,$8.61
HUBG,$41.2983,1439846504619,"90,157",100% bearish,of 1 rating,$43
HSON,$2.86,1439846504688,"38,352",100% bearish,of 1 rating,$5
HBAN,$11.79,1439846504751,"5,617,120",76% bullish,of 17 ratings,$12.50
HDSN,$3.18,1439846504889,"12,354",100% bullish,of 1 rating,$6.25
HBANP,$1345,1439846504930,42,100% bearish,of 1 rating,N/A
HURC,$31.0562,1439846504961,"12,613",100% bearish,of 1 rating,N/A
HURN,$75.9052,1439846504992,"98,893",50% bullish,of 2 ratings,$80
HTCH,$1.68,1439846505097,"25,969",100% bearish,of 1 rating,$3.50
HDRA,NULL,1439846505230,0,Not yet rated,NULL,N/A
HDRAR,NULL,1439846505289,0,Not yet rated,NULL,N/A
HBP,$3.13,1439846505318,"21,674",100% bullish,of 1 rating,N/A
HDRAW,NULL,1439846505447,0,Not yet rated,NULL,N/A
HYGS,$7.71,1439846505505,"19,586",50% bullish,of 2 ratings,$13
HDRAU,NULL,1439846505578,0,Not yet rated,NULL,N/A
ICAD,$3.68,1439846505729,"102,343",50% bullish,of 2 ratings,$7.25
IDSY,$4,1439846505763,"5,506",100% bearish,of 1 rating,$7
IACI,$75.04,1439846505825,"579,373",75% bullish,of 4 ratings,$90
IKGH,$1.69,1439846505860,"39,143",75% bullish,of 4 ratings,N/A
IEP,$73.62,1439846505887,"84,655",75% bullish,of 4 ratings,$99
IBKC,$63.6927,1439846505924,"181,910",100% bullish,of 1 rating,$70
ICLR,$80.39,1439846506297,"1,412,269",100% bearish,of 3 ratings,$82
ICFI,$35.3171,1439846506329,"33,346",50% bullish,of 2 ratings,$48.50
ICON,$13.7528,1439846506350,"591,532",50% bullish,of 2 ratings,$18.50
ICUI,$123.1146,1439846506388,"77,777",Not yet rated,NULL,$122
IDRA,$2.7806,1439846506426,"913,329",89% bullish,of 9 ratings,$6.50
INVE,$4.56,1439846506486,"140,488",75% bullish,of 4 ratings,$4
IPWR,$7.67,1439846506512,"4,883",100% bullish,of 1 rating,$15
IROQ,$16.65,1439846506724,"6,979",100% bullish,of 1 rating,N/A
IRG,$4.51,1439846506784,"7,222",100% bearish,of 1 rating,$4.50
IDXX,$78.6694,1439846506818,"388,090",100% bearish,of 1 rating,$77
RXDX,$13.7828,1439846506855,"122,492",100% bullish,of 1 rating,$20
DSKY,$12.5,1439846506885,"99,097",67% bullish,of 6 ratings,$11.50
IIVI,$17.9036,1439846506935,"185,314",100% bearish,of 1 rating,$22
KANG,$16.82,1439846506985,"113,514",50% bullish,of 2 ratings,$22.55
IKAN,$2.73,1439846507078,"35,774",83% bullish,of 6 ratings,$5
IKNX,$11.26,1439846507111,"5,720",100% bearish,of 1 rating,N/A
ILMN,$207.9349,1439846507213,"916,944",80% bullish,of 5 ratings,$240
ISNS,$4.06,1439846507342,"16,704",50% bullish,of 2 ratings,N/A
ICCC,$8.82,1439846507370,"8,540",100% bullish,of 1 rating,N/A
IMMR,$12.4725,1439846507392,"73,041",80% bullish,of 5 ratings,$15.50
IMNP,$1.59,1439846507523,"83,275",50% bullish,of 2 ratings,$6
IMGN,$14.5629,1439846507551,"782,583",75% bullish,of 4 ratings,$17.50
IMDZ,$16.6133,1439846507579,"40,985",100% bearish,of 1 rating,$33
IMMU,$1.8504,1439846507605,"279,400",86% bullish,of 7 ratings,$2
IPXL,$46.8356,1439846507774,"451,632",67% bullish,of 3 ratings,$46.50
IMMY,$7.7,1439846507808,"12,434",100% bearish,of 1 rating,$11
SAAS,$8.0416,1439846507861,"349,449",50% bullish,of 2 ratings,$15
INDB,$48.9098,1439846507991,"107,337",Not yet rated,NULL,$44
INCY,$114.6138,1439846508016,"1,560,990",50% bullish,of 6 ratings,$125.50
INCR,$44.4589,1439846508042,"555,821",50% bullish,of 2 ratings,$53
IBCP,$14.773,1439846508067,"44,925",100% bullish,of 1 rating,$14.50
IBTX,$44.5589,1439846508196,"13,484",100% bullish,of 2 ratings,$47.25
IDSA,$3.54,1439846508255,"9,185",Not yet rated,NULL,N/A
INFN,$24.7249,1439846508650,"1,033,264",71% bullish,of 7 ratings,$27.50
INFI,$9.5919,1439846508723,"350,168",50% bullish,of 4 ratings,$18
IPCC,$80.2861,1439846508855,"33,925",Not yet rated,NULL,$77
IFON,$1.35,1439846508888,"113,667",75% bullish,of 4 ratings,N/A
III,$4.21,1439846508980,"104,462",57% bullish,of 7 ratings,$6
IMKTA,$55.9112,1439846509007,"70,472",100% bearish,of 1 rating,N/A
INNL,$11.96,1439846509086,"1,800",100% bearish,of 1 rating,$16.50
INOD,$2.54,1439846509148,"2,863",100% bearish,of 1 rating,N/A
INWK,$7.8216,1439846509180,"96,460",50% bullish,of 2 ratings,$10
IPHS,$51.5203,1439846509230,"122,512",100% bearish,of 1 rating,$60
IOSP,$46.6593,1439846509279,"57,737",100% bearish,of 1 rating,N/A
ISSC,$2.99,1439846509307,"4,378",67% bearish,of 3 ratings,N/A
INGN,$50,1439846509442,"325,692",100% bearish,of 1 rating,$50.50
ITEK,$15.12,1439846509525,"1,416,272",67% bearish,of 3 ratings,$20
INO,$7.8816,1439846509578,"905,628",89% bullish,of 18 ratings,$20
INOV,$21.26,1439846509658,"184,801",100% bearish,of 1 rating,$33
NSIT,$26.8354,1439846509831,"72,630",50% bullish,of 2 ratings,N/A
ISIG,$2.63,1439846509862,"1,168",100% bearish,of 1 rating,N/A
IIIN,$18.0536,1439846509895,"15,198",100% bearish,of 2 ratings,N/A
INSM,$27.0854,1439846509963,"257,068",71% bullish,of 7 ratings,$32
IART,$62.7626,1439846509994,"131,073",100% bearish,of 1 rating,$71.50
INSY,$36.27,1439846510015,"507,493",75% bullish,of 4 ratings,$48
PODD,$30.2961,1439846510049,"463,851",50% bullish,of 2 ratings,$35
NTEC,$6.09,1439846510070,"14,040",Not yet rated,NULL,N/A
IDTI,$19.6139,1439846510271,"965,539",60% bullish,of 5 ratings,$25
INTC,$29.08,1439846510400,"11,516,505",82% bullish,of 238 ratings,$36
ISSI,$22.4045,1439846510429,"245,513",67% bullish,of 3 ratings,$19.75
IESC,$7.03,1439846510486,"11,638",100% bearish,of 1 rating,N/A
IQNT,$17.8436,1439846510530,"93,120",86% bullish,of 7 ratings,$20
IPCI,$2.27,1439846510622,"76,664",67% bullish,of 6 ratings,$7.75
IPAR,$28.5857,1439846510703,"97,104",67% bullish,of 3 ratings,$38
ININ,$40.5881,1439846510731,"30,181",67% bearish,of 3 ratings,$57
IBKR,$42.8686,1439846510759,"311,806",100% bullish,of 1 rating,N/A
ICLD,$2.01,1439846510788,"1,312,812",75% bullish,of 4 ratings,N/A
ICPT,$212.8,1439846510809,"135,026",70% bullish,of 10 ratings,$363
IDCC,$50.6301,1439846510945,"235,501",75% bullish,of 4 ratings,$63
ICLDW,$0.961,1439846511013,401,100% bearish,of 1 rating,N/A
TILE,$26.2553,1439846511044,"690,556",67% bearish,of 3 ratings,$27
IMI,$2.08,1439846511147,"15,807",67% bullish,of 3 ratings,$2.22
INAP,$8.7918,1439846511172,"89,637",75% bullish,of 4 ratings,$11
IBOC,$27.7455,1439846511438,"143,796",100% bearish,of 1 rating,N/A
ISCA,$33.8168,1439846511498,"78,185",100% bearish,of 1 rating,N/A
ISIL,$11.0922,1439846511538,"380,002",50% bullish,of 6 ratings,$15
PTNT,$3.01,1439846511565,"2,970",Not yet rated,NULL,N/A
INPH,$0.348,1439846511594,"8,252",50% bullish,of 2 ratings,N/A
IIJI,NULL,1439846511628,0,50% bullish,of 2 ratings,$11.50
IILG,$21.5443,1439846511653,"57,420",100% bearish,of 1 rating,$30.50
IGLD,$7.82,1439846511817,"3,480",50% bullish,of 2 ratings,N/A
XENT,$28.7257,1439846511991,"79,494",50% bullish,of 2 ratings,$36.50
IVAC,$5.1,1439846512075,"7,616",Not yet rated,NULL,$6.625
INTLL,$25.7,1439846512121,"4,190",Not yet rated,NULL,N/A
INTL,$28.4057,1439846512147,"60,102",67% bearish,of 3 ratings,N/A
INTX,$2.59,1439846512204,"35,566",67% bullish,of 3 ratings,N/A
ITCI,$31.4463,1439846512229,"305,012",75% bearish,of 4 ratings,$40
IIN,$6.25,1439846512395,"1,886",100% bearish,of 1 rating,$12
ISRG,$533.114,1439846512634,"83,520",67% bullish,of 3 ratings,$600
ISTR,$15.81,1439846512831,741,100% bearish,of 1 rating,$18.50
SNAK,$8.7918,1439846512868,"51,149",50% bullish,of 2 ratings,$14
INVT,$0.295,1439846512903,"165,309",67% bullish,of 3 ratings,N/A
NVIV,$12.3125,1439846512931,"155,602",50% bullish,of 4 ratings,$24.50
ISBC,$12.4025,1439846512963,"1,567,997",100% bullish,of 1 rating,$13.25
INTU,$105.56,1439846512994,"501,990",100% bullish,of 7 ratings,$107.50
ITIC,$70.15,1439846513065,"8,747",100% bearish,of 2 ratings,N/A
DFVL,NULL,1439846513391,0,Not yet rated,NULL,N/A
IPCM,$79.6859,1439846513438,"108,167",50% bullish,of 2 ratings,$80.125
IPAS,$1.1,1439846513472,"57,051",67% bullish,of 3 ratings,N/A
IVTY,$11.97,1439846513493,"16,053",Not yet rated,NULL,$18
DTUL,NULL,1439846513526,0,Not yet rated,NULL,N/A
IPGP,$91.97,1439846513554,"147,284",100% bearish,of 2 ratings,$109.50
IRMD,$26.3353,1439846513583,"12,307",67% bearish,of 3 ratings,$25
IRIX,$7.11,1439846513624,"10,302",100% bearish,of 1 rating,N/A
IRDM,$6.9814,1439846513840,"281,884",60% bullish,of 5 ratings,$11.50
IRDMB,$275.05,1439846513871,"1,050",67% bearish,of 3 ratings,N/A
IRBT,$31.2863,1439846513904,"140,101",67% bullish,of 6 ratings,$37
IRWD,$11.6323,1439846513971,"1,031,565",100% bearish,of 1 rating,$13
IRCP,NULL,1439846513997,0,100% bullish,of 2 ratings,N/A
COMT,$33.73,1439846514062,"15,272",100% bearish,of 1 rating,N/A
GNMA,$50.15,1439846514209,"3,426",Not yet rated,NULL,N/A
FCHI,$50.78,1439846514240,"1,108",Not yet rated,NULL,N/A
IFAS,$29.14,1439846514341,600,Not yet rated,NULL,N/A
IFEU,$40.5,1439846514403,"9,904",Not yet rated,NULL,N/A
IFGL,$30.17,1439846514432,"84,697",Not yet rated,NULL,N/A
IFNA,NULL,1439846514452,0,Not yet rated,NULL,N/A
ACWX,$43.19,1439846514487,"739,997",100% bearish,of 1 rating,N/A
ACWI,$59.31,1439846514584,"2,334,268",Not yet rated,NULL,N/A
AAXJ,$56.49,1439846514665,"333,755",Not yet rated,NULL,N/A
AXJS,NULL,1439846514730,0,Not yet rated,NULL,N/A
EMDI,NULL,1439846514861,0,Not yet rated,NULL,N/A
AAIT,$30.622,1439846514888,200,100% bullish,of 1 rating,N/A
EEME,$39.51,1439846514953,"4,330",100% bearish,of 1 rating,N/A
EEMA,$53.25,1439846514974,"27,829",Not yet rated,NULL,N/A
EGRW,$48.35,1439846515047,"3,909",Not yet rated,NULL,N/A
EMEY,$25.71,1439846515077,271,Not yet rated,NULL,N/A
EVAL,$37.1,1439846515176,"2,127",Not yet rated,NULL,N/A
EEML,$28.58,1439846515203,634,Not yet rated,NULL,N/A
EUFN,$23.22,1439846515329,"121,007",100% bearish,of 1 rating,N/A
UAE,$19.47,1439846515394,"1,950",Not yet rated,NULL,N/A
IEUS,$47.3,1439846515424,"5,324",100% bearish,of 1 rating,N/A
QAT,$21.62,1439846515458,"1,690",Not yet rated,NULL,N/A
IBB,$371.34,1439846515526,"670,327",63% bullish,of 8 ratings,N/A
SOXX,$86.28,1439846515624,"168,449",50% bullish,of 2 ratings,N/A
EMIF,$30.37,1439846515695,"3,936",Not yet rated,NULL,N/A
ICLN,$10.34,1439846515826,"33,055",50% bullish,of 2 ratings,N/A
ISHG,$78.68,1439846515886,"48,378",100% bearish,of 1 rating,N/A
INDY,$29.71,1439846516021,"360,409",100% bullish,of 1 rating,N/A
WOOD,$51.43,1439846516081,"12,043",50% bullish,of 2 ratings,N/A
ISIS,$51.5662,1439846516124,"616,140",53% bullish,of 15 ratings,$67
ISLE,$19.2639,1439846516151,"178,160",50% bullish,of 4 ratings,$16
IGOV,$90.34,1439846516177,"17,569",100% bearish,of 1 rating,N/A
ISRL,$138.8178,1439846516206,187,100% bearish,of 1 rating,N/A
ITRI,$33.6267,1439846516341,"125,552",Not yet rated,NULL,$37
ITRN,$25.84,1439846516499,"5,646",50% bullish,of 2 ratings,N/A
ITUS,$4.2,1439846516570,"2,512",Not yet rated,NULL,N/A
JJSF,$119.1838,1439846516631,"27,640",100% bearish,of 1 rating,N/A
IXYS,$11.1222,1439846516656,"78,394",50% bullish,of 4 ratings,N/A
XXIA,$15.7031,1439846516713,"354,585",71% bullish,of 7 ratings,$14.625
JCOM,$73.7848,1439846516931,"168,148",100% bullish,of 2 ratings,$77
JBHT,$80.15,1439846516958,"298,650",50% bullish,of 4 ratings,$89.50
MAYS,NULL,1439846516979,0,Not yet rated,NULL,N/A
JKHY,$71.6443,1439846517110,"223,034",50% bullish,of 2 ratings,$72
JASO,$8.42,1439846517141,"974,080",82% bullish,of 17 ratings,$10
JXSB,$24.09,1439846517164,100,Not yet rated,NULL,N/A
JACK,$87.4175,1439846517196,"353,576",83% bullish,of 6 ratings,$105
JAXB,$13.01,1439846517217,346,100% bullish,of 1 rating,N/A
JAGX,$2.96,1439846517351,"1,800",Not yet rated,NULL,N/A
JAKK,$9.782,1439846517494,"151,330",60% bearish,of 5 ratings,$10.50
JRVR,$27.1954,1439846517545,"23,807",Not yet rated,NULL,$27
JMBA,$14.0928,1439846517571,"137,316",75% bullish,of 4 ratings,$18
ERW,$52.44,1439846517708,30,Not yet rated,NULL,N/A
JBLU,$24.44,1439846517916,"3,566,789",94% bullish,of 16 ratings,$27
JASNW,$0.3,1439846517945,"15,050",50% bullish,of 2 ratings,N/A
JD,$27.33,1439846517974,"9,072,899",75% bullish,of 16 ratings,$36
JST,$4.4,1439846518007,"17,195",75% bullish,of 4 ratings,N/A
JTPY,$2.91,1439846518034,"1,517",100% bearish,of 1 rating,N/A
