Symbol,Price,Date,Volume,Rating,RatingVoteCount,OneYearEstimate
PIH,$7.22,1440620402454,"6,200",100% bearish,of 1 rating,N/A
TFSCR,NULL,1440620402543,0,Not yet rated,NULL,N/A
TFSC,$9.73,1440620402572,"11,900",100% bearish,of 1 rating,N/A
TFSCU,NULL,1440620402615,0,Not yet rated,NULL,N/A
FCCY,$11.6,1440620402672,"2,264",100% bullish,of 1 rating,$13
TFSCW,NULL,1440620402747,0,100% bearish,of 1 rating,N/A
FCTY,$8.01,1440620402797,"4,467",100% bullish,of 1 rating,$8.50
SRCE,$29.15,1440620402851,"45,040",100% bullish,of 3 ratings,$33
VNET,$15.5,1440620402899,"926,800",60% bullish,of 5 ratings,$29.50
FLWS,$9.6,1440620402924,"358,410",100% bullish,of 5 ratings,$15
TWOU,$34.59,1440620402953,"165,529",50% bullish,of 2 ratings,$39
DSLV,$76.25,1440620403114,"20,579",100% bearish,of 1 rating,N/A
UGLD,$9.01,1440620403207,"171,028",100% bearish,of 1 rating,N/A
JOBS,$27.03,1440620403273,"83,386",50% bullish,of 4 ratings,$36
DGLD,$83.54,1440620403379,"18,113",100% bullish,of 1 rating,N/A
USLV,$11.2611,1440620403439,"674,494",86% bullish,of 7 ratings,N/A
CAFD,$14.21,1440620403594,"228,939",Not yet rated,NULL,$25
SIXD,$2.89,1440620403629,"405,831",Not yet rated,NULL,N/A
SHLM,$33.24,1440620403676,"108,477",100% bearish,of 1 rating,$50
AVHI,$13.96,1440620403707,"26,737",100% bearish,of 1 rating,$19
AAON,$20.13,1440620403732,"160,353",100% bearish,of 1 rating,$24
EGHT,$7.725,1440620403810,"455,973",82% bullish,of 17 ratings,$11
ABGB,$6.58,1440620403954,"267,694",67% bullish,of 3 ratings,$5.50
ABEO,$4.58,1440620403982,"97,926",50% bullish,of 4 ratings,$15.50
ABAX,$46.96,1440620404075,"125,316",100% bearish,of 1 rating,$60
ABEOW,$1.85,1440620404147,"2,345",100% bullish,of 1 rating,N/A
ABY,$21.3,1440620404175,"797,220",100% bearish,of 2 ratings,$46
ABMD,$97.29,1440620404351,"350,207",75% bullish,of 4 ratings,$100.50
AXAS,$1.59,1440620404411,"733,303",78% bullish,of 9 ratings,$3.50
ACAD,$36.38,1440620404436,"685,629",80% bullish,of 20 ratings,$48
ANCX,$19.7,1440620404686,"27,793",Not yet rated,NULL,$20
XLRN,$27.957,1440620404712,"167,586",50% bullish,of 2 ratings,$57
ACHC,$70.41,1440620404763,"623,129",50% bullish,of 2 ratings,$92
ACTG,$8.935,1440620404793,"275,600",67% bullish,of 3 ratings,$18.50
ACST,$0.34,1440620404841,"21,805",100% bullish,of 2 ratings,N/A
ARAY,$6.42,1440620404867,"820,858",100% bearish,of 1 rating,$10.50
AXDX,$18.59,1440620404900,"156,982",100% bearish,of 1 rating,N/A
VXDN,$1.97,1440620404998,"42,365",100% bearish,of 1 rating,N/A
ACRX,$4.21,1440620405143,"173,012",67% bearish,of 6 ratings,$5.50
AKAO,$6.71,1440620405275,"120,839",75% bullish,of 4 ratings,$15
VXUP,$1.47,1440620405301,"68,784",100% bearish,of 1 rating,N/A
ACHN,$7.34,1440620405432,"1,693,401",90% bullish,of 21 ratings,$16
ACET,$22.68,1440620405489,"81,975",75% bullish,of 4 ratings,$30
ACPW,$1.8,1440620405586,"36,556",100% bullish,of 4 ratings,$3.50
ACOR,$31.96,1440620405628,"818,763",67% bearish,of 3 ratings,$38.50
ACIW,$21.08,1440620405730,"478,721",67% bearish,of 3 ratings,$24
ACTS,$1.57,1440620405757,"21,329",100% bearish,of 1 rating,N/A
ATVI,$27.29,1440620405784,"4,762,351",68% bullish,of 84 ratings,$31.50
ACNB,$19.76,1440620405815,"4,700",Not yet rated,NULL,N/A
ACTA,$13,1440620405836,"69,109",67% bearish,of 3 ratings,$25
ACXM,$20.37,1440620406042,"309,693",67% bullish,of 3 ratings,N/A
ADMS,$19.73,1440620406067,"44,931",100% bearish,of 2 ratings,$36
ACUR,$0.51,1440620406092,"48,034",100% bullish,of 5 ratings,$1
ADMP,$3.46,1440620406226,"26,598",50% bullish,of 2 ratings,$10
AEY,$2.3,1440620406476,"2,445",100% bearish,of 2 ratings,N/A
ADAP,$11.45,1440620406504,"197,620",67% bullish,of 3 ratings,$22
ADBE,$77.33,1440620406535,"2,737,206",65% bullish,of 17 ratings,$90
ADMA,$9.05,1440620406565,"4,747",Not yet rated,NULL,$19
ADTN,$15.345,1440620406633,"268,563",67% bullish,of 3 ratings,$17.125
AEIS,$24.11,1440620406662,"121,585",50% bullish,of 2 ratings,$32.50
ADEP,$6.5,1440620406707,"37,513",50% bullish,of 2 ratings,$10.75
ADUS,$28.29,1440620406763,"53,671",100% bearish,of 1 rating,$31
ADRO,$19.34,1440620407048,"226,151",80% bullish,of 5 ratings,$45.50
ADXS,$13.65,1440620407103,"843,156",64% bullish,of 14 ratings,$27
AMD,$1.72,1440620407146,"7,279,600",83% bullish,of 103 ratings,$2
ADXSW,$9.12,1440620407205,"32,595",100% bullish,of 1 rating,N/A
YPRO,$22.97,1440620407339,"2,612",100% bearish,of 1 rating,N/A
AEGR,$17.7,1440620407377,"284,565",50% bullish,of 6 ratings,$26
MULT,NULL,1440620407478,0,100% bearish,of 1 rating,N/A
AMTX,$2.48,1440620407580,"28,939",50% bullish,of 2 ratings,$26.11
AEHR,$2.32,1440620407605,"3,124",50% bullish,of 2 ratings,N/A
AEGN,$17.96,1440620407648,"116,710",100% bearish,of 2 ratings,$21
AERI,$15.63,1440620407748,"234,602",75% bullish,of 4 ratings,$31.50
AVAV,$23.41,1440620407779,"75,051",50% bullish,of 4 ratings,$31
AEPI,$54.3,1440620407806,"9,480",100% bearish,of 1 rating,N/A
AEZS,$0.0802,1440620407880,"4,829,729",90% bullish,of 21 ratings,$1.50
AEMD,$6.92,1440620408150,"19,705",Not yet rated,NULL,$27.50
AFMD,$10.04,1440620408175,"168,619",50% bullish,of 4 ratings,$15
AFFX,$9.24,1440620408310,"344,725",80% bullish,of 5 ratings,$12
AGEN,$6.91,1440620408591,"878,911",85% bullish,of 13 ratings,$14
AGRX,$8.42,1440620408639,"13,288",100% bearish,of 1 rating,$17.50
AGFS,$10.05,1440620408664,"42,033",100% bearish,of 1 rating,N/A
AGFSW,$1.89,1440620408696,"17,243",100% bearish,of 2 ratings,N/A
AGYS,$9.54,1440620408718,"40,084",100% bearish,of 1 rating,N/A
AIRM,$35.85,1440620408802,"213,803",80% bearish,of 5 ratings,$53
AGIO,$86.6471,1440620408852,"398,045",88% bullish,of 8 ratings,$114
ATSG,$8.73,1440620408935,"225,152",67% bullish,of 3 ratings,$13
AIMT,$22.67,1440620409114,"128,544",Not yet rated,NULL,N/A
AKAM,$68.17,1440620409146,"1,268,824",63% bullish,of 8 ratings,$77
AIRT,$22.68,1440620409167,885,100% bullish,of 1 rating,N/A
AMCN,$4.49,1440620409198,"503,016",83% bullish,of 6 ratings,N/A
AIXG,$5.81,1440620409219,"15,318",67% bearish,of 3 ratings,$5.25
AKBA,$6.35,1440620409426,"176,787",100% bearish,of 1 rating,$18
AKRX,$39.01,1440620409561,"746,839",78% bullish,of 9 ratings,$56
AKER,$2.52,1440620409631,"79,700",Not yet rated,NULL,N/A
ALRM,$16.29,1440620409658,"202,192",100% bearish,of 1 rating,$22
ABDC,$11.74,1440620409728,"60,064",Not yet rated,NULL,$15
ADHD,$7.84,1440620409790,"134,132",50% bullish,of 4 ratings,$18
AMRI,$20.02,1440620409818,"533,145",75% bearish,of 4 ratings,$24
ALSK,$2.03,1440620409870,"100,565",78% bullish,of 18 ratings,$2
ALDX,$6.77,1440620409901,"7,837",100% bearish,of 1 rating,$14.50
ALXN,$173.54,1440620410006,"1,227,636",88% bullish,of 8 ratings,$223
ALCO,$41.7,1440620410114,"7,644",50% bullish,of 2 ratings,N/A
ALDR,$37.2812,1440620410142,"279,556",67% bearish,of 3 ratings,$62
ALXA,$1.11,1440620410164,"15,709",83% bullish,of 6 ratings,$2.125
ALKS,$60.07,1440620410215,"552,369",67% bullish,of 3 ratings,$75
ALGN,$55.95,1440620410292,"477,856",100% bearish,of 2 ratings,$73
ALIM,$3.23,1440620410317,"83,388",80% bullish,of 5 ratings,$10
ALGT,$215.93,1440620410534,"76,907",100% bearish,of 2 ratings,$235
AIQ,$13.61,1440620410662,"15,772",67% bullish,of 3 ratings,N/A
ALLB,$22.52,1440620410693,705,Not yet rated,NULL,N/A
AFOP,$18.51,1440620410725,"124,122",75% bullish,of 8 ratings,$21
ARLP,$24.429,1440620410746,"92,950",67% bearish,of 3 ratings,$32
AHGP,$35.02,1440620410796,"36,889",67% bullish,of 3 ratings,N/A
AMOT,$18.6,1440620410821,"64,594",100% bearish,of 1 rating,N/A
AHPI,$1.5,1440620411050,"1,200",50% bullish,of 2 ratings,N/A
ALQA,$4.2,1440620411107,"30,733",75% bullish,of 4 ratings,$8.50
ALLT,$4.95,1440620411190,"157,608",75% bullish,of 4 ratings,$6.25
MDRX,$13.57,1440620411221,"2,179,105",60% bullish,of 5 ratings,$16
ALNY,$102.25,1440620411249,"463,655",67% bullish,of 3 ratings,$148.50
AFAM,$45.24,1440620411357,"65,123",50% bullish,of 2 ratings,$44
AOSL,$7.22,1440620411382,"71,671",67% bullish,of 3 ratings,$9
ATEC,$0.5795,1440620411539,"131,134",100% bullish,of 1 rating,$2
SMCP,$22.33,1440620411626,600,Not yet rated,NULL,N/A
ALTR,$47.91,1440620411804,"2,474,989",80% bearish,of 5 ratings,$54
ASPS,$24.9779,1440620411936,"230,505",67% bullish,of 3 ratings,$46.50
AMAG,$63.26,1440620411988,"544,500",100% bullish,of 2 ratings,$77.50
AMRN,$1.9,1440620412015,"1,047,072",85% bullish,of 39 ratings,$8
AYA,$19.82,1440620412040,"14,095",100% bearish,of 1 rating,$40
AIMC,$24.33,1440620412070,"77,669",100% bearish,of 2 ratings,$28.50
AMBC,$15.56,1440620412096,"376,747",100% bearish,of 1 rating,$16.50
AMRK,$10.35,1440620412150,"2,070",50% bullish,of 2 ratings,$14
AMZN,$500.5,1440620412226,"3,484,411",81% bullish,of 264 ratings,$646
DOX,$56.4,1440620412439,"578,823",67% bearish,of 3 ratings,$60
EPAX,$2.68,1440620412464,"120,564",100% bearish,of 1 rating,N/A
AMBCW,$7,1440620412535,"6,500",100% bearish,of 1 rating,N/A
AMBA,$89.603,1440620412600,"1,677,708",83% bullish,of 12 ratings,$102.50
AMCX,$69.72,1440620412703,"707,803",67% bullish,of 3 ratings,$87.50
AMDA,$0.4749,1440620412770,"879,262",90% bullish,of 10 ratings,$1
UHAL,$367.96,1440620412870,"11,822",100% bullish,of 2 ratings,$393.50
AMOV,$17.49,1440620412901,"8,473",100% bearish,of 1 rating,N/A
AMED,$38.52,1440620412928,"148,963",100% bearish,of 1 rating,$42
ASBI,$22.34,1440620413002,"8,323",Not yet rated,NULL,N/A
AAL,$38.85,1440620413172,"9,658,574",93% bullish,of 88 ratings,$57
AGNCB,$24.18,1440620413238,"17,136",Not yet rated,NULL,N/A
ATAX,$5.15,1440620413268,"135,079",100% bullish,of 1 rating,$6.50
AGNCP,$25.25,1440620413303,"3,450",Not yet rated,NULL,N/A
AGNC,$19.315,1440620413328,"3,127,552",71% bullish,of 28 ratings,$22
MTGE,$15.39,1440620413375,"333,796",75% bullish,of 4 ratings,$19.50
MTGEP,$24.58,1440620413546,"5,900",Not yet rated,NULL,N/A
ACSF,$12.06,1440620413618,"21,371",100% bearish,of 1 rating,$15
ACAS,$13.2189,1440620413723,"2,274,742",60% bullish,of 5 ratings,$16.75
AMIC,$9.66,1440620413855,3,Not yet rated,NULL,N/A
ANCI,$1.53,1440620413885,"2,800",100% bearish,of 1 rating,N/A
ANAT,$99.65,1440620413906,"31,903",100% bullish,of 1 rating,N/A
AETI,$3.8,1440620413984,"1,244",67% bearish,of 3 ratings,N/A
AMNB,$22.9,1440620414048,"9,065",Not yet rated,NULL,$25.50
ARII,$37.99,1440620414085,"183,965",67% bearish,of 3 ratings,$45
APEI,$21.3,1440620414216,"38,423",100% bearish,of 1 rating,$25.50
ASEI,$37.18,1440620414250,"32,813",100% bearish,of 1 rating,$52.50
AMRB,$10.05,1440620414387,"19,704",Not yet rated,NULL,$11
AMSC,$4.11,1440620414455,"95,507",50% bullish,of 4 ratings,N/A
AMSWA,$8.54,1440620414480,"38,586",100% bearish,of 2 ratings,$10.75
CRMT,$36.361,1440620414612,"32,033",100% bearish,of 1 rating,$39
AMSF,$47.04,1440620414637,"43,973",Not yet rated,NULL,$57.50
AMWD,$65.17,1440620414662,"113,003",50% bullish,of 2 ratings,$70
ABCB,$26.62,1440620414812,"96,668",Not yet rated,NULL,$31
ASRV,$3.23,1440620414841,"42,971",100% bullish,of 2 ratings,N/A
ATLO,$23.4,1440620414975,"8,252",Not yet rated,NULL,N/A
ASRVP,NULL,1440620415002,0,Not yet rated,NULL,N/A
FOLD,$14.375,1440620415052,"1,134,690",56% bullish,of 9 ratings,$21
AMGN,$153.98,1440620415081,"3,369,086",89% bullish,of 19 ratings,$185
AMKR,$4.62,1440620415222,"1,608,898",100% bearish,of 2 ratings,$5
AMPH,$13.53,1440620415251,"217,160",50% bullish,of 2 ratings,$20
AMSG,$79.03,1440620415424,"474,625",100% bearish,of 1 rating,$85.50
AMSGP,NULL,1440620415486,0,Not yet rated,NULL,N/A
AFSI,$57.7418,1440620415561,"497,850",60% bullish,of 5 ratings,$72
AMRS,$1.59,1440620415622,"57,126",70% bullish,of 10 ratings,N/A
ANAC,$132.24,1440620415727,"321,663",80% bullish,of 5 ratings,$180.50
ASYS,$4.97,1440620415810,"64,605",67% bullish,of 3 ratings,$12
ANAD,$0.329,1440620415858,"206,065",100% bullish,of 2 ratings,$.50
ANCB,$22.2,1440620415949,"1,232",Not yet rated,NULL,$23
ALOG,$78.97,1440620415971,"49,171",100% bearish,of 2 ratings,$100.50
ADI,$54.22,1440620416002,"3,147,946",67% bullish,of 3 ratings,$69
AMCF,$0.244,1440620416044,"2,516",100% bullish,of 7 ratings,N/A
ABCW,$39.78,1440620416073,"11,378",67% bullish,of 3 ratings,N/A
ANGO,$14.79,1440620416432,"73,769",67% bullish,of 3 ratings,$19
ANIK,$33.8268,1440620416495,"60,846",60% bullish,of 5 ratings,$51.25
ANGI,$4.82,1440620416528,"460,075",64% bullish,of 11 ratings,$5.50
ANSS,$87.75,1440620416560,"412,785",100% bearish,of 1 rating,$100
ANTH,$6.82,1440620416747,"759,696",80% bullish,of 10 ratings,$13
ANIP,$50.06,1440620416802,"148,521",89% bullish,of 19 ratings,$66
ATRS,$1.69,1440620416879,"662,907",92% bullish,of 12 ratings,$4.50
ABAC,$0.7392,1440620416903,"2,300",100% bearish,of 1 rating,N/A
ATNY,$2.33,1440620417036,"24,500",50% bullish,of 2 ratings,$3.75
APOL,$10.84,1440620417086,"1,010,343",87% bearish,of 68 ratings,$14
APOG,$49.6,1440620417111,"171,186",50% bullish,of 2 ratings,$67
APPF,$17.01,1440620417321,"28,456",50% bullish,of 2 ratings,$22
AINV,$6.38,1440620417425,"735,887",50% bullish,of 4 ratings,$8
ARCI,NULL,1440620417465,0,Not yet rated,NULL,N/A
APIC,$6.2,1440620417505,"76,869",100% bearish,of 1 rating,$19
AAPL,$109.82,1440620417569,"59,405,387",86% bullish,of 2349 ratings,$150
APDN,$3.2,1440620417705,"28,635",Not yet rated,NULL,$9
APDNW,$1.08,1440620417734,"18,930",Not yet rated,NULL,N/A
AMAT,$15.24,1440620417761,"21,260,188",82% bullish,of 11 ratings,$23
AGTC,$15.48,1440620417838,"110,047",50% bullish,of 2 ratings,$33
AREX,$1.71,1440620417909,"451,107",100% bearish,of 1 rating,$3
APTO,$4.91,1440620418173,"3,633",Not yet rated,NULL,$17
AMCC,$5.48,1440620418198,"441,064",80% bullish,of 5 ratings,$8
AQMS,$5,1440620418244,"17,667",Not yet rated,NULL,N/A
AQXP,$18.3,1440620418269,"240,370",50% bullish,of 2 ratings,$2
APRI,$1.24,1440620418296,"70,371",83% bullish,of 6 ratings,$4.86
AAOI,$19.4567,1440620418342,"221,495",50% bullish,of 4 ratings,$26
AUMAW,NULL,1440620418673,0,Not yet rated,NULL,N/A
AUMAU,NULL,1440620418724,0,Not yet rated,NULL,N/A
ARDM,$6.95,1440620418776,777,100% bullish,of 1 rating,$26
AUMA,NULL,1440620418800,0,Not yet rated,NULL,N/A
ABUS,$6.7873,1440620418825,"391,178",86% bullish,of 14 ratings,$23
ABIO,$0.8789,1440620419112,"70,827",50% bullish,of 2 ratings,$3.75
ARCB,$28.15,1440620419174,"196,484",67% bearish,of 3 ratings,$39.50
PETX,$17.3,1440620419202,"338,475",100% bearish,of 2 ratings,$26
ACAT,$25.57,1440620419242,"76,604",100% bearish,of 3 ratings,$33
RKDA,$5.88,1440620419295,"12,501",100% bearish,of 2 ratings,$10
ARCW,$3.49,1440620419317,"17,623",100% bearish,of 2 ratings,$10.50
ACGL,$67.23,1440620419347,"315,815",50% bullish,of 2 ratings,$72
ARDX,$17.7,1440620419447,"90,631",50% bullish,of 2 ratings,$24.50
ARNA,$2.72,1440620419626,"2,564,720",90% bullish,of 77 ratings,$5.50
ARCC,$14.8748,1440620419673,"1,935,325",67% bearish,of 3 ratings,$17.875
AGII,$55.79,1440620419721,"128,173",Not yet rated,NULL,$59.50
AGIIL,$25.68,1440620419774,"12,689",Not yet rated,NULL,N/A
ARGS,$6.14,1440620419883,"32,281",50% bullish,of 2 ratings,$19.50
ARIA,$6.69,1440620419963,"2,493,147",87% bullish,of 46 ratings,$9
ARIS,$3.95,1440620419991,"153,082",Not yet rated,NULL,$4.50
ARKR,$24.5,1440620420020,510,50% bullish,of 2 ratings,N/A
ARTX,$1.35,1440620420125,"200,307",88% bullish,of 16 ratings,$4.50
ARWA,NULL,1440620420201,0,Not yet rated,NULL,N/A
ARMH,$41.21,1440620420278,"3,581,357",54% bearish,of 13 ratings,$61
ARQL,$1.66,1440620420344,"171,139",75% bullish,of 4 ratings,$5
ARWAU,NULL,1440620420370,0,100% bullish,of 1 rating,N/A
ARWAR,$0.27,1440620420441,900,Not yet rated,NULL,N/A
ARWAW,NULL,1440620420470,0,Not yet rated,NULL,N/A
ARRY,$5.68,1440620420603,"1,168,863",100% bullish,of 7 ratings,$10
ARRS,$25.66,1440620420708,"617,756",50% bullish,of 2 ratings,$38
AROW,$26.85,1440620420790,"21,825",Not yet rated,NULL,N/A
DWAT,$9.64,1440620420814,"1,015",100% bearish,of 1 rating,N/A
ARWR,$5.53,1440620420839,"606,218",75% bullish,of 4 ratings,$10.50
ARTW,$4.28,1440620421023,"3,718",75% bearish,of 4 ratings,N/A
ASND,$20.86,1440620421049,"103,989",100% bullish,of 1 rating,$30
ASNA,$11.27,1440620421083,"2,320,060",50% bullish,of 2 ratings,$18
ASBB,$24.12,1440620421109,300,Not yet rated,NULL,N/A
APWC,$1.91,1440620421245,300,100% bearish,of 1 rating,N/A
ASCMA,$26.6139,1440620421325,"42,947",100% bearish,of 1 rating,$45
ASTI,$0.1231,1440620421352,"1,266,904",83% bullish,of 6 ratings,$3
ARTNA,$22.16,1440620421378,"17,418",100% bearish,of 1 rating,$29
ASMI,NULL,1440620421519,0,NULL,NULL,NULL
ASML,$88.4,1440620421727,"778,283",50% bullish,of 4 ratings,$127
ASTE,$36.33,1440620421776,"45,210",100% bearish,of 1 rating,$48
ASFI,$8.89,1440620421832,"13,517",100% bullish,of 1 rating,N/A
ASMB,$12.83,1440620421863,"36,657",67% bullish,of 3 ratings,N/A
ALOT,$12.71,1440620421932,"19,797",100% bearish,of 1 rating,N/A
AZPN,$36.99,1440620421961,"702,386",50% bullish,of 2 ratings,$42
ASTC,$1.86,1440620422018,"23,264",100% bullish,of 5 ratings,N/A
ATRO,$50.41,1440620422067,"136,829",100% bearish,of 2 ratings,$80
ASUR,$5.29,1440620422214,"9,925",50% bullish,of 2 ratings,$8
ATAI,$2.25,1440620422242,"8,028",100% bearish,of 1 rating,N/A
ATHN,$131.42,1440620422267,"169,081",67% bearish,of 3 ratings,$153
ATRA,$39.2423,1440620422292,"80,111",50% bullish,of 2 ratings,$68
AFCB,$27.3,1440620422423,200,Not yet rated,NULL,N/A
AAME,$3.46,1440620422636,"1,098",Not yet rated,NULL,N/A
ATLC,$3.77,1440620422663,"9,762",67% bullish,of 3 ratings,N/A
ACFC,$5.78,1440620422689,"87,419",Not yet rated,NULL,$6.50
AAWW,$39.46,1440620422739,"402,887",50% bullish,of 2 ratings,$65
ATHX,$1.11,1440620422764,"176,627",89% bullish,of 9 ratings,$5
AAPC,NULL,1440620422818,0,Not yet rated,NULL,N/A
ATNI,$70.76,1440620422905,"44,778",100% bearish,of 1 rating,$69.50
AFH,$16.32,1440620423002,"38,893",Not yet rated,NULL,$21.50
ATOS,$0.72,1440620423105,"157,849",100% bullish,of 7 ratings,$7
ATRC,$25.5,1440620423136,"139,695",100% bullish,of 1 rating,$30
ATTU,$13.25,1440620423234,"51,592",100% bearish,of 1 rating,$20.50
ATML,$7.76,1440620423273,"5,942,532",78% bullish,of 9 ratings,$9.50
ATRM,$2.83,1440620423480,500,50% bullish,of 2 ratings,N/A
AUBN,$26.5,1440620423524,"2,992",Not yet rated,NULL,N/A
ATRI,$380.37,1440620423550,"2,818",Not yet rated,NULL,N/A
AUDC,$3.11,1440620423608,"26,577",80% bullish,of 5 ratings,$5
LIFE,$14.3,1440620423636,"29,969",86% bullish,of 7 ratings,$43
AUPH,$3.01,1440620423769,"14,135",100% bearish,of 1 rating,$8
EARS,$4.77,1440620423952,"8,959",100% bearish,of 2 ratings,$11.50
ADAT,$0.35,1440620423973,"1,765,247",100% bullish,of 2 ratings,N/A
ADSK,$49.13,1440620424054,"2,878,520",67% bullish,of 6 ratings,$69.50
ABTL,$17.14,1440620424105,"51,123",100% bullish,of 4 ratings,$20.25
AVGO,$119.15,1440620424130,"3,404,615",88% bullish,of 8 ratings,$165
ADP,$77.8,1440620424297,"3,074,080",100% bearish,of 1 rating,$88
AAVL,$10.183,1440620424327,"281,067",100% bearish,of 1 rating,$20
AVEO,$1.34,1440620424377,"993,684",75% bullish,of 8 ratings,$3
AVNU,$12.25,1440620424431,"13,073",Not yet rated,NULL,$14
AVNW,$1.14,1440620424514,"28,033",50% bullish,of 2 ratings,$2.20
AVID,$7.995,1440620424564,"263,966",100% bearish,of 1 rating,$20
AVGR,$14.13,1440620424591,"16,638",100% bearish,of 1 rating,$20
CAR,$41.2,1440620424616,"2,168,540",80% bullish,of 5 ratings,$60
AXPW,$1.05,1440620425245,"49,248",83% bullish,of 6 ratings,N/A
AXTI,$2.16,1440620425276,"55,416",50% bullish,of 2 ratings,$2.75
AXGN,$3.8,1440620425302,"36,788",Not yet rated,NULL,$5
AXPWW,$0.9,1440620425326,"1,665",Not yet rated,NULL,N/A
AWRE,$3.06,1440620425373,"11,568",67% bullish,of 3 ratings,N/A
RILY,$9.99,1440620425516,"1,891",Not yet rated,NULL,N/A
ACLS,$3.08,1440620425578,"447,146",67% bullish,of 6 ratings,$4.75
BOSC,$2.22,1440620425713,944,50% bullish,of 2 ratings,N/A
BEAV,$47,1440620425742,"740,760",67% bearish,of 3 ratings,$59
BIDU,$142.5,1440620425763,"4,698,814",81% bullish,of 88 ratings,$210
BCOM,$19.34,1440620425785,"3,530",100% bearish,of 1 rating,N/A
BWINA,$23.31,1440620425826,100,Not yet rated,NULL,N/A
BCPC,$56.72,1440620425849,"81,064",100% bearish,of 1 rating,$75
BWINB,$22.85,1440620426115,"12,288",Not yet rated,NULL,N/A
BLDP,$1.17,1440620426145,"476,393",91% bullish,of 22 ratings,$2.50
BANFP,$27,1440620426169,200,Not yet rated,NULL,N/A
BANF,$58.17,1440620426194,"9,988",Not yet rated,NULL,$68
BOCH,$5.8,1440620426442,"9,563",Not yet rated,NULL,$6.50
BKMU,$6.91,1440620426476,"61,132",Not yet rated,NULL,$8
OZRK,$41.35,1440620426503,"467,340",67% bullish,of 3 ratings,$49.50
BMRC,$47.855,1440620426551,"12,182",Not yet rated,NULL,$52
BFIN,$11.96,1440620426684,"19,028",Not yet rated,NULL,$13
BWFG,$17.85,1440620426709,"12,662",100% bearish,of 1 rating,N/A
BKSC,$15.42,1440620426757,"1,197",Not yet rated,NULL,N/A
BANR,$43.7,1440620426847,"36,555",100% bullish,of 3 ratings,$50
BOTJ,NULL,1440620426916,0,Not yet rated,NULL,N/A
TAPR,$32.26,1440620426945,"6,117",100% bearish,of 1 rating,N/A
BZUN,$4.69,1440620426973,"248,535",50% bullish,of 2 ratings,$11.50
BHAC,NULL,1440620427000,0,Not yet rated,NULL,N/A
BHACR,NULL,1440620427294,0,Not yet rated,NULL,N/A
BHACU,NULL,1440620427321,0,Not yet rated,NULL,N/A
BBSI,$34.28,1440620427359,"56,126",67% bearish,of 3 ratings,$62.50
BHACW,NULL,1440620427449,0,Not yet rated,NULL,N/A
BYBK,$4.9,1440620427475,575,100% bearish,of 1 rating,N/A
BV,$4.95,1440620427496,"423,481",67% bullish,of 6 ratings,$9
BYLK,$12.7,1440620427534,"2,428",Not yet rated,NULL,$14
BSET,$29.79,1440620427630,"59,276",100% bearish,of 1 rating,$35
BBCN,$14.295,1440620427698,"239,458",100% bearish,of 1 rating,$16
BDCV,$4.8,1440620427799,"29,078",100% bearish,of 1 rating,$10.19
BECN,$34.73,1440620427991,"385,020",50% bullish,of 2 ratings,$40
BBGI,$4.11,1440620428019,500,100% bearish,of 1 rating,N/A
BCBP,$11.43,1440620428047,"1,782",Not yet rated,NULL,N/A
BELFA,$15.35,1440620428148,"8,595",100% bearish,of 1 rating,N/A
BELFB,$17.95,1440620428176,"22,380",100% bearish,of 1 rating,N/A
BLPH,$4.87,1440620428362,"25,489",100% bearish,of 1 rating,$12.50
BEBE,$1.72,1440620428390,"81,168",75% bullish,of 4 ratings,$3.075
BBBY,$61.21,1440620428459,"2,218,245",71% bullish,of 7 ratings,$75
BLCM,$16.68,1440620428522,"168,367",50% bullish,of 4 ratings,$40
BSF,$8.45,1440620428548,"12,883",Not yet rated,NULL,N/A
BNCL,$12.4,1440620428579,"424,055",100% bullish,of 3 ratings,$12.50
BNFT,$34.67,1440620428600,"110,242",67% bullish,of 3 ratings,$46
BNTC,$7.9,1440620428621,"17,297",100% bullish,of 1 rating,N/A
BGMD,$0.751,1440620428891,"76,835",100% bullish,of 10 ratings,N/A
BGCP,$8.61,1440620428974,"1,076,488",88% bullish,of 8 ratings,$14
BCDA,NULL,1440620429124,0,Not yet rated,NULL,N/A
BIND,$4.34,1440620429149,"66,919",75% bullish,of 4 ratings,$13.50
BCRX,$10.98,1440620429222,"569,891",63% bullish,of 8 ratings,$18
BASI,$1.58,1440620429243,"3,502",Not yet rated,NULL,N/A
ORPN,$5.12,1440620429321,"6,991",100% bullish,of 1 rating,$28.50
BIOC,$1.83,1440620429395,"235,891",83% bullish,of 6 ratings,$3.85
BDSI,$6.445,1440620429420,"741,587",88% bullish,of 8 ratings,$17
BGFV,$10.68,1440620429455,"87,936",57% bullish,of 7 ratings,$12
BIIB,$291.0857,1440620429551,"1,829,814",88% bullish,of 16 ratings,$400
BIOL,$1.37,1440620429582,"31,468",Not yet rated,NULL,N/A
BIOD,$0.654,1440620429608,"52,121",80% bullish,of 5 ratings,$4
BLRX,$1.29,1440620429754,"78,804",100% bullish,of 12 ratings,$5
BMRN,$128.1,1440620430125,"717,087",80% bullish,of 5 ratings,$160
BIOS,$2.27,1440620430258,"1,125,700",71% bullish,of 7 ratings,$4
BVXV,$3.69,1440620430293,"4,696",Not yet rated,NULL,N/A
BVXVW,$0.87,1440620430314,"1,200",100% bearish,of 1 rating,N/A
BBC,$30.28,1440620430335,"18,049",Not yet rated,NULL,N/A
BLFS,$1.98,1440620430356,"7,018",100% bearish,of 1 rating,$4.75
BBP,$31.93,1440620430381,"12,420",Not yet rated,NULL,N/A
BPTH,$1,1440620430415,"85,006",100% bullish,of 2 ratings,$5
BRLI,NULL,1440620430628,0,NULL,NULL,NULL
BSTC,$48.5,1440620430688,"36,170",100% bearish,of 1 rating,$76
BITI,$16.77,1440620430713,"38,769",100% bullish,of 1 rating,$28
BEAT,$14.36,1440620430740,"449,686",67% bearish,of 3 ratings,$15
BOTA,$2.1,1440620430767,"63,092",88% bullish,of 8 ratings,N/A
BSPM,$0.64,1440620430802,"20,148",50% bullish,of 2 ratings,N/A
TECH,$95.5,1440620430901,"158,535",100% bullish,of 1 rating,$117
BDMS,NULL,1440620431194,0,100% bearish,of 1 rating,N/A
BJRI,$43.6515,1440620431241,"203,510",50% bullish,of 2 ratings,$55
BBOX,$15.32,1440620431265,"106,090",100% bearish,of 1 rating,N/A
BBRY,$6.8,1440620431290,"3,246,655",61% bullish,of 330 ratings,$9
BDE,$7.16,1440620431315,"79,420",50% bullish,of 2 ratings,$9
ADRA,$26.37,1440620431527,938,100% bearish,of 1 rating,N/A
BLKB,$58.28,1440620431553,"139,493",100% bearish,of 2 ratings,$66
ADRE,$29.04,1440620431588,"17,087",100% bearish,of 1 rating,N/A
BKCC,$9.0766,1440620431617,"268,597",100% bullish,of 2 ratings,$10
ADRD,$21.7,1440620431642,"9,611",100% bearish,of 1 rating,N/A
HAWK,$40.1238,1440620431682,"614,144",91% bullish,of 11 ratings,$49
BLMN,$19.57,1440620431707,"1,057,678",83% bullish,of 6 ratings,$27.50
ADRU,$21.75,1440620431915,809,100% bearish,of 1 rating,N/A
BLBD,$12.23,1440620431942,"19,553",Not yet rated,NULL,N/A
BCOR,$13.42,1440620431996,"174,408",57% bullish,of 7 ratings,$15
BUFF,$25.99,1440620432131,"177,300",83% bullish,of 12 ratings,$31.50
BHBK,$13.88,1440620432263,"95,992",100% bullish,of 1 rating,$14.50
NILE,$32.93,1440620432290,"92,644",50% bullish,of 2 ratings,$34
BKEP,$5.78,1440620432326,"39,004",100% bearish,of 1 rating,$8.50
BBLU,$0.77,1440620432351,"93,697",100% bullish,of 2 ratings,$4.43
BKEPP,$7.09,1440620432420,"43,063",100% bearish,of 1 rating,N/A
BPMC,$25.9091,1440620432610,"93,867",50% bullish,of 2 ratings,$47.50
BNCN,$20.35,1440620432645,"109,812",Not yet rated,NULL,$24
BOBE,$43.33,1440620432679,"106,801",75% bullish,of 4 ratings,$57
BLUE,$129.67,1440620432700,"381,769",71% bullish,of 7 ratings,$217.50
BOFI,$119.0377,1440620432754,"167,570",100% bullish,of 6 ratings,$144
WIFI,$7.44,1440620432783,"228,676",50% bullish,of 2 ratings,$13.50
BOJA,$20.67,1440620432994,"159,786",100% bullish,of 1 rating,$30
BONA,$11.61,1440620433139,"76,973",75% bullish,of 4 ratings,$8.50
BOKF,$59.17,1440620433166,"241,464",100% bearish,of 1 rating,$69
BNSO,$1.25,1440620433186,420,100% bearish,of 1 rating,N/A
BPFHP,$25.05,1440620433315,"1,000",100% bearish,of 1 rating,N/A
BPFH,$11.74,1440620433409,"358,272",100% bearish,of 1 rating,$14
EPAY,$25.17,1440620433464,"121,495",100% bearish,of 2 ratings,$30
BPFHW,$4.54,1440620433492,"2,503",100% bearish,of 1 rating,N/A
BCLI,$2.86,1440620433519,"32,711",80% bullish,of 5 ratings,$12
BDBD,$8.02,1440620433539,"567,753",60% bullish,of 5 ratings,$10
BAMM,$3.15,1440620433577,"2,076",60% bullish,of 5 ratings,N/A
BBEP,$2.48,1440620433671,"1,193,538",69% bullish,of 13 ratings,$5.625
BBRG,$12.51,1440620433706,"77,721",67% bullish,of 3 ratings,$14.50
BBEPP,$13.1,1440620433991,"23,401",100% bearish,of 1 rating,N/A
BDGE,$26.62,1440620434057,"18,955",Not yet rated,NULL,$31.75
BLIN,$1.312,1440620434082,"4,700",50% bullish,of 2 ratings,$2.20
BRID,NULL,1440620434111,0,100% bearish,of 1 rating,N/A
BRCM,$49.85,1440620434156,"5,170,462",75% bullish,of 12 ratings,$56
BCOV,$5.22,1440620434212,"70,105",67% bullish,of 3 ratings,$10.20
BSFT,$30.79,1440620434388,"193,445",57% bullish,of 7 ratings,$40.50
BRCD,$10.3832,1440620434524,"6,331,504",92% bullish,of 13 ratings,$11.50
BRKS,$10.17,1440620434551,"134,279",67% bullish,of 3 ratings,$15.25
BVSN,$5.75,1440620434582,"4,401",60% bearish,of 5 ratings,N/A
BWEN,$3.14,1440620434607,"18,414",100% bullish,of 3 ratings,$8
BRKL,$10.54,1440620434634,"216,192",100% bearish,of 1 rating,$10.75
BYFC,$1.38,1440620434915,"1,500",50% bullish,of 2 ratings,N/A
BRKR,$18.52,1440620434992,"395,432",100% bearish,of 2 ratings,$22
BLMT,$20.73,1440620435018,"5,959",Not yet rated,NULL,N/A
BMTC,$28.23,1440620435058,"81,241",Not yet rated,NULL,$34
BSQR,$5.93,1440620435146,"36,551",67% bullish,of 3 ratings,N/A
BWLD,$193.09,1440620435245,"262,404",82% bullish,of 11 ratings,$205
BLDR,$13.83,1440620435272,"776,198",50% bullish,of 2 ratings,$22
CHRW,$67.26,1440620435347,"1,717,415",Not yet rated,NULL,$72
BUR,$1.78,1440620435401,"10,292",100% bearish,of 1 rating,$8
CDNS,$19.51,1440620435497,"1,270,512",75% bullish,of 4 ratings,$22.50
CFFI,$35.1,1440620435528,"1,722",100% bearish,of 1 rating,N/A
CDZI,$7.75,1440620435553,"48,750",100% bearish,of 1 rating,N/A
CA,$26.61,1440620435593,"2,912,354",50% bullish,of 4 ratings,$33
CCMP,$42.9,1440620435624,"68,524",50% bullish,of 2 ratings,$59
CACQ,$6.93,1440620435722,"58,838",100% bearish,of 1 rating,$12.25
CZR,$8.455,1440620435855,"536,154",60% bearish,of 5 ratings,$10.50
CSTE,$39.0802,1440620436129,"866,572",100% bearish,of 1 rating,$65
CCD,$18.76,1440620436230,"331,677",Not yet rated,NULL,N/A
CHW,$7.47,1440620436263,"181,099",100% bearish,of 1 rating,N/A
CFGE,NULL,1440620436288,0,Not yet rated,NULL,N/A
CLBS,$1.26,1440620436314,"90,190",79% bullish,of 14 ratings,$4
CGO,$11.9,1440620436365,"27,751",100% bearish,of 1 rating,N/A
CHY,$11.15,1440620436392,"260,846",Not yet rated,NULL,N/A
PRSS,$4.38,1440620436448,"5,570",80% bullish,of 5 ratings,$4.50
CLMS,$10.4,1440620436638,"54,920",Not yet rated,NULL,$10.50
CAMP,$15.76,1440620436668,"249,967",88% bullish,of 8 ratings,$25
CHI,$10.48,1440620436699,"284,662",100% bearish,of 1 rating,N/A
CSQ,$9.7,1440620436728,"445,511",Not yet rated,NULL,N/A
CVGW,$57.7075,1440620436758,"194,294",50% bullish,of 2 ratings,$58.50
CFNB,$13.45,1440620436803,155,100% bearish,of 1 rating,N/A
CALA,$4.8,1440620436893,"310,896",100% bullish,of 3 ratings,$19.50
CALD,$15.52,1440620437278,"332,836",100% bearish,of 1 rating,$20.50
ABCD,$4.96,1440620437309,"81,702",83% bullish,of 6 ratings,N/A
CAMBW,NULL,1440620437329,0,Not yet rated,NULL,N/A
CALM,$48.0472,1440620437359,"605,340",80% bullish,of 5 ratings,$65
CAMB,$10.05,1440620437409,400,Not yet rated,NULL,N/A
CAC,$40.05,1440620437495,"8,296",Not yet rated,NULL,N/A
CLMT,$24.6184,1440620437567,"260,501",75% bullish,of 8 ratings,$31
CSIQ,$17.15,1440620437627,"2,453,718",86% bullish,of 28 ratings,$42.50
CAMT,$2.57,1440620437657,"36,380",73% bullish,of 11 ratings,$4
CAMBU,NULL,1440620437752,0,100% bearish,of 1 rating,N/A
CGIX,$9.92,1440620437848,"40,791",67% bullish,of 3 ratings,$14.375
CPLA,$47.79,1440620437880,"75,631",67% bearish,of 3 ratings,$65
CBNJ,$10.97,1440620437952,"28,577",100% bullish,of 1 rating,N/A
CPHC,$10.23,1440620438011,200,100% bearish,of 1 rating,N/A
CCBG,$14.77,1440620438229,"14,024",Not yet rated,NULL,$17.25
CBF,$28.88,1440620438298,"118,150",Not yet rated,NULL,$32
CSWC,$44.68,1440620438323,"12,407",Not yet rated,NULL,N/A
CPTA,$13.72,1440620438354,"74,326",100% bearish,of 1 rating,$18.50
CPLP,$6.47,1440620438380,"441,355",71% bullish,of 7 ratings,$11
CFFN,$11.92,1440620438401,"663,756",Not yet rated,NULL,$12.75
CAPNW,$0.49,1440620438533,"14,000",Not yet rated,NULL,N/A
CAPN,$1.88,1440620438598,"117,772",100% bullish,of 1 rating,$10.85
CAPR,$4.1,1440620438766,"25,952",Not yet rated,NULL,$12
CPST,$0.3564,1440620438827,"502,648",95% bullish,of 22 ratings,$1.25
CBYL,$5.36,1440620438859,"20,442",100% bearish,of 1 rating,$20
CARA,$17.9338,1440620438897,"418,999",50% bullish,of 4 ratings,$25
CARB,$11.09,1440620438929,"92,963",75% bullish,of 4 ratings,$12
CRDC,$0.36,1440620438964,"320,677",100% bullish,of 1 rating,$1.25
CRME,$8.78,1440620439162,"12,412",89% bullish,of 9 ratings,$11.25
CDNA,$6.5,1440620439211,"9,461",100% bearish,of 1 rating,$9
CSII,$23.04,1440620439236,"140,801",100% bearish,of 2 ratings,$42.125
CKEC,$22.53,1440620439366,"122,856",50% bullish,of 2 ratings,$35.915
CATM,$34.22,1440620439394,"152,161",100% bearish,of 1 rating,$44
CTRE,$11.52,1440620439415,"258,183",50% bullish,of 2 ratings,$13.50
CFNL,$21.87,1440620439447,"72,948",Not yet rated,NULL,$24
CARO,$15.66,1440620439773,"1,130",100% bearish,of 1 rating,$19
CECO,$3.49,1440620439799,"235,859",67% bearish,of 3 ratings,$6
CLBH,$12.52,1440620439820,"2,799",Not yet rated,NULL,$16.50
CART,$5.35,1440620439953,310,100% bearish,of 1 rating,N/A
TAST,$12.225,1440620440109,"210,389",Not yet rated,NULL,$14.25
CRZO,$28.69,1440620440139,"617,537",67% bearish,of 3 ratings,$55.50
CRTN,$2.51,1440620440179,600,100% bearish,of 1 rating,N/A
CACB,$5.3,1440620440241,"60,398",Not yet rated,NULL,$5.50
CSCD,$14.95,1440620440268,"66,086",100% bullish,of 2 ratings,$17
CASM,$1.11,1440620440296,"7,400",100% bullish,of 1 rating,$3.50
CARV,$7.23,1440620440320,"18,150",50% bullish,of 2 ratings,N/A
CWST,$6.01,1440620440458,"65,739",50% bullish,of 2 ratings,$7.25
CASY,$105.91,1440620440487,"213,467",50% bullish,of 2 ratings,$99.50
CASI,$1.43,1440620440590,"1,790",100% bullish,of 1 rating,$3.50
CASS,$49.08,1440620440754,"21,656",100% bearish,of 1 rating,N/A
CPRX,$3.46,1440620440865,"449,046",71% bullish,of 7 ratings,$7
CATB,$11.13,1440620440891,"19,771",100% bearish,of 1 rating,$28
CATY,$28.9,1440620440920,"427,035",100% bearish,of 1 rating,$33.50
CATYW,NULL,1440620441016,0,100% bearish,of 1 rating,N/A
CVCO,$70.6476,1440620441052,"23,734",100% bearish,of 1 rating,N/A
CAVM,$67.497,1440620441094,"488,559",67% bearish,of 3 ratings,$72
CBFV,$20.25,1440620441224,"7,575",Not yet rated,NULL,$25
CBOE,$61.8556,1440620441387,"528,570",Not yet rated,NULL,$60
CNLMR,NULL,1440620441422,0,Not yet rated,NULL,N/A
CNLM,NULL,1440620441478,0,Not yet rated,NULL,N/A
CDK,$47.65,1440620441518,"702,068",67% bearish,of 3 ratings,$50
CNLMU,NULL,1440620441543,0,100% bullish,of 1 rating,N/A
CNLMW,NULL,1440620441622,0,Not yet rated,NULL,N/A
CDW,$39.48,1440620441815,"959,254",75% bullish,of 4 ratings,$44
CELG,$119.39,1440620441869,"4,344,475",92% bullish,of 13 ratings,$155.50
CECE,$9.25,1440620441947,"68,329",50% bullish,of 2 ratings,$16
CPXX,$2.01,1440620442005,"126,837",100% bullish,of 2 ratings,$7
CLDN,$1.03,1440620442166,"83,449",71% bullish,of 7 ratings,$3
CLDX,$14.36,1440620442194,"1,118,426",89% bullish,of 9 ratings,$36
CELGZ,$1.68,1440620442216,"32,700",80% bullish,of 5 ratings,N/A
CLRB,$3.13,1440620442270,"1,203",100% bearish,of 1 rating,N/A
CLRBW,$0.935,1440620442353,800,Not yet rated,NULL,N/A
CLLS,$30.54,1440620442491,"107,764",75% bullish,of 4 ratings,$51.50
CLSN,$1.9,1440620442545,"113,758",80% bullish,of 10 ratings,$7.50
CBMG,$22.65,1440620442618,"49,731",50% bullish,of 2 ratings,N/A
CYAD,$50.8,1440620442649,"2,019",100% bullish,of 1 rating,$87.50
CLTX,$2.17,1440620442711,"306,725",100% bullish,of 2 ratings,N/A
CEMP,$34.25,1440620442746,"468,701",71% bullish,of 7 ratings,$52
CETX,$2.27,1440620442907,"6,300",Not yet rated,NULL,$5.60
CSFL,$13.83,1440620442935,"92,520",Not yet rated,NULL,$15
CFBK,$1.37,1440620443038,"3,310",Not yet rated,NULL,N/A
CENT,$11.88,1440620443110,"57,119",Not yet rated,NULL,$10
CETV,$2.11,1440620443218,"157,435",67% bullish,of 3 ratings,$2.80
CENTA,$12.35,1440620443269,"228,681",Not yet rated,NULL,N/A
CVCY,$11.21,1440620443411,"4,282",Not yet rated,NULL,$12
CNBKA,$41.05,1440620443438,"3,578",50% bullish,of 2 ratings,N/A
CNTY,$5.85,1440620443469,"18,386",80% bullish,of 5 ratings,$7.75
CENX,$4.37,1440620443490,"1,657,438",67% bullish,of 6 ratings,$9
CRNT,$1.35,1440620443518,"39,184",50% bullish,of 2 ratings,$2
CPHD,$48.615,1440620443733,"443,380",67% bearish,of 3 ratings,$66.50
CERE,$1.2,1440620443761,"222,931",88% bullish,of 8 ratings,N/A
CERN,$61.63,1440620443833,"2,128,130",67% bullish,of 3 ratings,$79
CEVA,$18.1,1440620444014,"58,503",100% bearish,of 1 rating,$25
CERS,$4.77,1440620444043,"374,861",75% bullish,of 4 ratings,$7
KOOL,$0.615,1440620444064,"56,021",100% bullish,of 5 ratings,$7
CERU,$3.5,1440620444095,"24,815",75% bullish,of 4 ratings,$15
CYOU,$19.44,1440620444266,"129,686",50% bullish,of 6 ratings,$24
HOTRW,NULL,1440620444306,0,Not yet rated,NULL,N/A
HOTR,$1.46,1440620444331,"100,583",100% bullish,of 2 ratings,$5
GTLS,$21.96,1440620444467,"143,857",50% bullish,of 4 ratings,$40
CHEK,$1.94,1440620444662,"48,083",Not yet rated,NULL,$7.75
CHFN,$12.41,1440620444699,"19,158",Not yet rated,NULL,$14
CHKP,$78.8485,1440620444724,"1,116,451",50% bullish,of 4 ratings,$92
CHTR,$175.8261,1440620444760,"693,987",100% bearish,of 2 ratings,$196
CTHR,$1.3,1440620444860,"4,396",50% bullish,of 2 ratings,$2.50
CHEKW,NULL,1440620445114,0,Not yet rated,NULL,N/A
CHFC,$31.24,1440620445147,"49,988",100% bearish,of 1 rating,$36
CEMI,$3.66,1440620445173,"74,853",50% bullish,of 2 ratings,$7.50
CCXI,$7.09,1440620445204,"68,837",67% bullish,of 3 ratings,$14
CHMG,$26.2,1440620445376,"1,772",Not yet rated,NULL,$30
CHKE,$25.94,1440620445453,"26,288",100% bearish,of 1 rating,$32.50
CHEV,$14.3,1440620445513,"2,182",Not yet rated,NULL,N/A
PLCE,$58.05,1440620445548,"451,450",100% bearish,of 1 rating,$71
CBNK,$16.15,1440620445573,"12,165",100% bearish,of 1 rating,N/A
CHMA,$24.12,1440620445607,"44,626",Not yet rated,NULL,$40
CMRX,$50.42,1440620445768,"326,725",50% bullish,of 2 ratings,$57
CADC,NULL,1440620445954,0,78% bullish,of 9 ratings,N/A
CALI,$0.89,1440620445987,"4,723",67% bullish,of 3 ratings,N/A
CAAS,$5.89,1440620446017,"23,312",93% bullish,of 14 ratings,$11.50
CBPO,$96.4576,1440620446042,"139,648",75% bullish,of 8 ratings,$140.50
CBAK,$1.79,1440620446122,"38,481",67% bullish,of 9 ratings,N/A
CCCR,$0.86,1440620446182,"16,434",67% bearish,of 3 ratings,N/A
CCCL,$0.74,1440620446340,"32,400",100% bullish,of 6 ratings,N/A
HGSH,$1.67,1440620446383,"6,100",67% bullish,of 3 ratings,N/A
JRJC,$3.03,1440620446412,"165,008",82% bullish,of 11 ratings,N/A
CHOP,$1.26,1440620446437,"15,880",50% bullish,of 2 ratings,N/A
CHLN,$2.08,1440620446485,"7,911",67% bullish,of 3 ratings,N/A
CNIT,$1.37,1440620446627,"51,274",67% bullish,of 6 ratings,N/A
CJJD,$1.74,1440620446652,"29,210",100% bullish,of 1 rating,N/A
HTHT,$24.43,1440620446843,"160,987",50% bullish,of 2 ratings,$28.40
CHNR,$1.67,1440620446868,"4,392",100% bearish,of 1 rating,N/A
CPGI,$6.88,1440620447022,500,Not yet rated,NULL,N/A
CREG,$0.68,1440620447047,"33,955",100% bullish,of 3 ratings,N/A
CNTF,$0.76,1440620447118,"56,806",Not yet rated,NULL,N/A
CSUN,$1.31,1440620447182,"27,125",80% bullish,of 5 ratings,N/A
CXDC,$5.75,1440620447208,"42,248",67% bearish,of 3 ratings,N/A
CNET,$0.78,1440620447244,"23,413",50% bullish,of 2 ratings,N/A
CCIH,$6.2,1440620447345,"253,721",67% bullish,of 6 ratings,$12.65
CHSCM,$25.82,1440620447523,"18,839",Not yet rated,NULL,N/A
CNYD,$2.96,1440620447551,"3,016",67% bullish,of 3 ratings,N/A
CHSCL,$26.99,1440620447582,"21,349",Not yet rated,NULL,N/A
IMOS,$16.4608,1440620447610,"178,735",60% bullish,of 5 ratings,$21.50
CHSCN,$26.56,1440620447889,"5,476",Not yet rated,NULL,N/A
CHSCO,$28.36,1440620447935,"14,241",Not yet rated,NULL,N/A
CHDN,$132.2437,1440620447994,"30,069",Not yet rated,NULL,$165
CHSCP,$30.5,1440620448023,"4,633",Not yet rated,NULL,N/A
CMCT,$15.8,1440620448065,803,100% bearish,of 1 rating,N/A
CDTX,$14.26,1440620448124,"12,260",Not yet rated,NULL,$22
CHUY,$30.91,1440620448222,"136,361",50% bullish,of 2 ratings,$34
CIFC,$7.21,1440620448317,"5,472",100% bearish,of 1 rating,N/A
CMPR,$68.21,1440620448419,"215,616",50% bullish,of 2 ratings,$72.50
CIDM,$0.5615,1440620448482,"122,770",50% bullish,of 2 ratings,$2.10
CTAS,$83.1738,1440620448520,"567,039",100% bearish,of 1 rating,$91
CRUS,$28.0719,1440620448799,"829,477",75% bullish,of 12 ratings,$44.50
CSCO,$25.7,1440620448847,"33,271,784",84% bullish,of 208 ratings,$32
CINF,$52.18,1440620448872,"739,026",50% bullish,of 4 ratings,$50.50
CPHR,$5.8,1440620448999,"11,999",100% bearish,of 1 rating,$17
CZWI,$8.99,1440620449049,784,Not yet rated,NULL,N/A
CTRN,$26.78,1440620449077,"108,940",100% bearish,of 1 rating,$31.50
CZNC,$19.525,1440620449102,"18,064",Not yet rated,NULL,N/A
CIZN,$19.38,1440620449236,"1,114",Not yet rated,NULL,N/A
CTXS,$68.41,1440620449281,"2,122,398",86% bullish,of 7 ratings,$80
CZFC,NULL,1440620449306,0,Not yet rated,NULL,N/A
CHCO,$47.15,1440620449327,"32,927",Not yet rated,NULL,$46
CIVBP,NULL,1440620449458,0,Not yet rated,NULL,N/A
CDTI,$1.52,1440620449591,"45,538",75% bullish,of 4 ratings,$3.20
CIVB,$10.26,1440620449629,"3,708",Not yet rated,NULL,$11
CLNE,$4.43,1440620449760,"815,013",80% bullish,of 15 ratings,$9
CLFD,$16.98,1440620449784,"39,114",67% bullish,of 3 ratings,$18
CLNT,$1.37,1440620449817,"7,162",75% bullish,of 8 ratings,N/A
CLRO,$11.5,1440620449915,"38,212",50% bullish,of 2 ratings,$14.25
CLIR,$4.63,1440620449940,"46,731",100% bullish,of 3 ratings,N/A
CBLI,$3.66,1440620450082,"40,955",60% bullish,of 5 ratings,N/A
CSBK,$13.75,1440620450144,"83,164",Not yet rated,NULL,N/A
CLVS,$71.51,1440620450215,"615,273",60% bullish,of 5 ratings,$101.50
CME,$91.74,1440620450254,"1,337,316",67% bullish,of 3 ratings,$102
CCNE,$16.595,1440620450280,"13,115",50% bullish,of 2 ratings,$21.50
CNV,$4.405,1440620450343,"64,109",50% bullish,of 2 ratings,$7.15
CMFN,$10.9,1440620450368,"24,903",100% bearish,of 1 rating,$15.50
CISG,$7.43,1440620450432,"110,746",100% bullish,of 5 ratings,$10
CWAY,$11.21,1440620450647,"2,848",Not yet rated,NULL,N/A
CCOI,$27.52,1440620450799,"434,130",50% bullish,of 4 ratings,$35
CVLY,$20.32,1440620450830,"1,022",Not yet rated,NULL,N/A
COKE,$161.8,1440620450851,"23,295",79% bullish,of 19 ratings,N/A
CDXS,$3.4,1440620450883,"35,651",64% bullish,of 11 ratings,$6
COBZ,$12.87,1440620450909,"47,066",100% bullish,of 1 rating,$14
CDRB,$12.39,1440620450937,"14,211",67% bullish,of 3 ratings,N/A
JVA,$4.37,1440620451018,"7,270",83% bullish,of 6 ratings,$7
COHR,$55.93,1440620451171,"101,768",50% bullish,of 2 ratings,$72
CGNT,$1.46,1440620451260,"23,535",100% bullish,of 2 ratings,$2
CGNX,$33.83,1440620451358,"724,481",50% bullish,of 2 ratings,$47
CTSH,$62.16,1440620451385,"3,416,426",90% bullish,of 10 ratings,$75
COHU,$9.25,1440620451654,"151,229",100% bearish,of 1 rating,$14.25
CHRS,$27.4,1440620451702,"200,156",67% bearish,of 3 ratings,$37
CLCT,$18.37,1440620451728,"10,634",100% bearish,of 1 rating,N/A
COLL,$15.09,1440620451859,"37,426",100% bearish,of 1 rating,$26
CLRX,$0.5146,1440620451887,"37,117",50% bullish,of 2 ratings,N/A
CLCD,$6.23,1440620451914,"79,054",100% bearish,of 1 rating,$20.50
CBAN,$8.77,1440620451939,200,Not yet rated,NULL,N/A
CIGI,$42.29,1440620451966,"15,627",100% bearish,of 1 rating,$52
CMCO,$18,1440620452122,"62,677",60% bullish,of 5 ratings,$28
COLB,$29.68,1440620452204,"120,855",Not yet rated,NULL,$36
COLM,$60.86,1440620452290,"100,750",100% bearish,of 1 rating,$71
CMCSA,$55.4,1440620452460,"9,390,495",66% bullish,of 35 ratings,$69.50
CBMX,$1.05,1440620452591,"24,537",83% bullish,of 6 ratings,$3.15
CMCSK,$55.72,1440620452616,"4,556,911",Not yet rated,NULL,$84
CBSH,$43.75,1440620452859,"231,666",50% bullish,of 2 ratings,$46
CUBN,$13.5,1440620452987,"5,624",Not yet rated,NULL,N/A
CBSHP,$25.31,1440620453020,"1,735",100% bearish,of 1 rating,N/A
CVGI,$4.81,1440620453166,"135,126",50% bullish,of 2 ratings,$6
COMM,$29.5,1440620453303,"619,425",67% bearish,of 3 ratings,$35
JCS,$8.63,1440620453551,"1,778",67% bullish,of 3 ratings,N/A
ESXB,$5.06,1440620453722,"2,788",Not yet rated,NULL,N/A
CSAL,$20.19,1440620453791,"434,991",75% bullish,of 4 ratings,$30
CYHHZ,$0.011,1440620454077,"88,798",100% bullish,of 1 rating,N/A
CWBC,$6.79,1440620454259,"16,855",Not yet rated,NULL,N/A
CTBI,$34.075,1440620454288,"24,506",Not yet rated,NULL,$36
COB,$10.37,1440620454391,"10,084",100% bullish,of 1 rating,$11.75
CVLT,$35.14,1440620454417,"417,099",75% bullish,of 4 ratings,$44.50
CIL,$32.83,1440620454634,600,Not yet rated,NULL,N/A
CIZ,$33.65,1440620454661,"8,967",100% bearish,of 1 rating,N/A
CSA,$31.8999,1440620454832,150,Not yet rated,NULL,N/A
CSF,$36.02,1440620454862,"7,544",100% bearish,of 1 rating,N/A
CID,$33.02,1440620454882,900,Not yet rated,NULL,N/A
CFO,$34.88,1440620454903,"15,381",100% bearish,of 1 rating,N/A
CDC,$34.06,1440620454937,"17,390",Not yet rated,NULL,N/A
CFA,$34.18,1440620455075,"8,250",100% bearish,of 1 rating,N/A
CDL,NULL,1440620455106,0,Not yet rated,NULL,N/A
CSB,$32.44,1440620455207,2,Not yet rated,NULL,N/A
CGEN,$4.95,1440620455231,"118,852",50% bullish,of 2 ratings,$11
CPSI,$45.14,1440620455259,"56,905",100% bearish,of 1 rating,$45.50
CTG,$6.47,1440620455393,"38,329",100% bearish,of 1 rating,$8.50
SCOR,$53.42,1440620455422,"322,556",100% bearish,of 1 rating,$66
CHCI,$0.7192,1440620455448,"41,447",50% bullish,of 2 ratings,N/A
CNAT,$3.53,1440620455655,"80,660",83% bullish,of 6 ratings,$13
CNSI,$18.5,1440620455761,"205,392",100% bearish,of 2 ratings,$29
CNCE,$15.74,1440620455786,"100,081",75% bullish,of 4 ratings,$22
CCUR,$4.61,1440620455916,"63,040",75% bullish,of 4 ratings,N/A
CXRX,$71,1440620455950,"3,418",100% bearish,of 1 rating,$90
CMTL,$25.42,1440620455994,"65,604",100% bearish,of 2 ratings,$37
CDORO,NULL,1440620456079,0,100% bearish,of 1 rating,N/A
CDORP,$6.37,1440620456104,"1,310",100% bearish,of 1 rating,N/A
CDOR,$1.27,1440620456132,"3,270",100% bullish,of 1 rating,N/A
CFMS,$19.35,1440620456263,"216,038",Not yet rated,NULL,$27
CNFR,$10.48,1440620456322,"24,311",Not yet rated,NULL,N/A
CNMD,$53.11,1440620456347,"112,558",Not yet rated,NULL,$59
CTWS,$34.43,1440620456479,"16,206",100% bearish,of 1 rating,$44
CNOB,$19.19,1440620456622,"38,742",100% bullish,of 1 rating,$23.50
CONN,$30.27,1440620456647,"549,870",67% bullish,of 3 ratings,$48.50
CNSL,$19.43,1440620456684,"154,101",100% bearish,of 1 rating,$23
CNXR,$6.38,1440620456709,"39,126",100% bearish,of 1 rating,$12
CWCO,$10.2,1440620456840,"53,406",67% bullish,of 3 ratings,$14.50
CTCT,$24.17,1440620456893,"197,299",67% bullish,of 3 ratings,$37
CFRXW,$1.89,1440620457237,"1,200",100% bearish,of 1 rating,N/A
CTRL,$7.85,1440620457269,"104,670",50% bullish,of 2 ratings,$11
CFRX,$5.06,1440620457289,"32,965",Not yet rated,NULL,$14
CFRXZ,NULL,1440620457310,0,Not yet rated,NULL,N/A
CTRV,$3.75,1440620457349,"11,242",Not yet rated,NULL,$6.40
CPSS,$5.77,1440620457370,"33,059",100% bullish,of 1 rating,$10
CPRT,$34.12,1440620457440,"247,007",67% bearish,of 3 ratings,$40
CRBP,$1.85,1440620457616,"271,943",100% bullish,of 2 ratings,$6.25
CORE,$59.56,1440620457704,"112,070",100% bearish,of 1 rating,$72
BVA,$3.85,1440620457748,300,50% bullish,of 2 ratings,N/A
CORT,$5,1440620457773,"437,001",67% bullish,of 3 ratings,$12
CORI,$10.35,1440620458110,"51,214",100% bearish,of 1 rating,$18
CSOD,$35.67,1440620458144,"360,153",50% bullish,of 2 ratings,$42
COSI,$1.06,1440620458242,"203,920",100% bullish,of 1 rating,N/A
CRVL,$30.88,1440620458267,"27,484",100% bearish,of 1 rating,N/A
CSGP,$174.2756,1440620458298,"126,896",50% bullish,of 2 ratings,$235
COST,$138.36,1440620458399,"2,006,930",79% bullish,of 24 ratings,$154.50
CPAH,$0.41,1440620458711,"10,200",50% bullish,of 2 ratings,N/A
COVS,$2.53,1440620458862,"65,843",67% bullish,of 3 ratings,N/A
ICBK,$18.55,1440620458932,400,Not yet rated,NULL,$21
COWN,$5,1440620458997,"2,038,467",75% bullish,of 4 ratings,$7
CVTI,$22.46,1440620459024,"140,269",67% bearish,of 3 ratings,$39
COWNL,$27,1440620459189,"9,195",Not yet rated,NULL,N/A
CPSH,$2.19,1440620459393,"16,164",Not yet rated,NULL,N/A
CBRL,$143.19,1440620459419,"207,143",50% bullish,of 2 ratings,$155
CRAY,$19.85,1440620459440,"294,685",83% bullish,of 6 ratings,$38.50
CRAI,$21.81,1440620459461,"32,125",100% bearish,of 1 rating,$36
GLDI,$11.04,1440620459637,"17,569",100% bearish,of 1 rating,N/A
CACC,$196.7669,1440620459663,"92,765",50% bullish,of 2 ratings,$158.50
SLVO,$9.72,1440620459685,"66,977",100% bearish,of 1 rating,N/A
BREW,$7.25,1440620459718,"64,361",67% bullish,of 6 ratings,$15
CREE,$25.66,1440620459852,"1,190,663",65% bullish,of 17 ratings,$29.50
CRESY,$10.01,1440620459877,"139,841",100% bearish,of 1 rating,$19
CRTO,$42.42,1440620459907,"233,020",67% bullish,of 6 ratings,$64
CROX,$13.995,1440620460008,"1,015,501",63% bullish,of 8 ratings,$16.50
CCRN,$13.75,1440620460163,"119,804",100% bearish,of 1 rating,$14.25
CRWS,$7.95,1440620460247,"10,000",Not yet rated,NULL,$10
CYRX,$2.89,1440620460410,"19,892",Not yet rated,NULL,$9
CYRXW,$0.811,1440620460435,"34,000",Not yet rated,NULL,N/A
CSGS,$30.03,1440620460459,"120,969",Not yet rated,NULL,$40
CRDS,$1.02,1440620460502,"25,986",50% bullish,of 4 ratings,$4.50
CRWN,$4.53,1440620460631,"93,286",75% bullish,of 4 ratings,N/A
CCLP,$13.67,1440620460859,"56,337",67% bearish,of 3 ratings,$20
CSPI,$5.88,1440620460887,"1,150",67% bullish,of 3 ratings,N/A
CTCM,$1.7,1440620460953,"161,388",80% bearish,of 5 ratings,$3.90
CTIB,$3.556,1440620460986,400,100% bearish,of 1 rating,N/A
CTIC,$1.51,1440620461047,"1,744,467",84% bullish,of 76 ratings,$5.75
CTRP,$64.08,1440620461122,"1,414,430",75% bullish,of 8 ratings,$92
CUNB,$21.08,1440620461255,"20,146",Not yet rated,NULL,$24.50
CMLS,$1.39,1440620461389,"707,064",50% bullish,of 4 ratings,$6
CUI,$5.13,1440620461418,"23,888",50% bullish,of 2 ratings,$10
CPIX,$6.01,1440620461452,"65,500",Not yet rated,NULL,N/A
CUTR,$14.25,1440620461491,"49,771",67% bearish,of 3 ratings,$18
CVBF,$15.76,1440620461549,"461,259",Not yet rated,NULL,$18
CRIS,$2.38,1440620461577,"436,462",100% bullish,of 8 ratings,$6
CVV,$10.75,1440620461638,"15,662",100% bullish,of 5 ratings,N/A
CYAN,$7.26,1440620461711,970,100% bearish,of 1 rating,N/A
CYBR,$50,1440620461782,"1,156,191",71% bullish,of 7 ratings,$66
CYBX,$67.07,1440620461915,"319,550",50% bullish,of 4 ratings,$71.50
CYCC,$0.5098,1440620462047,"145,759",73% bullish,of 11 ratings,N/A
CYBE,$5.92,1440620462073,"7,259",100% bearish,of 1 rating,N/A
CYNA,$16.29,1440620462099,"37,680",100% bullish,of 1 rating,$31.50
CY,$9.3,1440620462232,"4,481,851",80% bullish,of 10 ratings,$15.50
CYCCP,$5.5,1440620462257,340,100% bearish,of 1 rating,N/A
CBAY,$2.6,1440620462283,"64,711",100% bullish,of 1 rating,$4
CYNO,$32.51,1440620462313,"100,954",67% bearish,of 3 ratings,$45.50
CONE,$31.0579,1440620462448,"281,608",67% bearish,of 3 ratings,$35
CYTK,$6.73,1440620462493,"148,251",71% bullish,of 14 ratings,$13.50
CYRN,$1.69,1440620462518,"54,366",67% bullish,of 3 ratings,$4
CYTX,$0.3261,1440620462584,"1,420,125",83% bullish,of 12 ratings,$5.50
CTSO,$6.5,1440620462718,"54,541",Not yet rated,NULL,$15.625
CYTR,$2.18,1440620462924,"465,992",67% bullish,of 6 ratings,$10
TVIZ,$17.26,1440620462965,"9,420",100% bearish,of 1 rating,N/A
TVIX,$12.37,1440620462992,"24,976,467",81% bullish,of 16 ratings,N/A
DAEG,$0.35,1440620463066,"9,296",100% bearish,of 1 rating,N/A
XIV,$28.25,1440620463121,"27,962,959",75% bearish,of 4 ratings,N/A
ZIV,$42.2,1440620463150,"112,619",Not yet rated,NULL,N/A
DJCO,$195,1440620463257,"2,265",Not yet rated,NULL,N/A
DAIO,$2.57,1440620463290,"6,200",Not yet rated,NULL,N/A
DAKT,$8.2,1440620463391,"519,817",50% bullish,of 2 ratings,$14
DARA,$0.85,1440620463474,"92,983",83% bullish,of 6 ratings,$1.50
DWCH,$4.86,1440620463727,"22,538",75% bullish,of 4 ratings,$8.25
DTLK,$5.48,1440620463753,"100,250",100% bearish,of 1 rating,$9
DRAM,$1.13,1440620463778,"34,850",78% bullish,of 9 ratings,N/A
PLAY,$33.46,1440620463813,"235,703",100% bullish,of 5 ratings,$42
DTEA,$12.91,1440620463943,"62,141",100% bearish,of 2 ratings,$24
DBVT,$38.2781,1440620463994,"55,592",100% bearish,of 1 rating,$53
DHRM,$1.46,1440620464075,"5,006",Not yet rated,NULL,N/A
DFRG,$14.38,1440620464144,"165,780",100% bearish,of 1 rating,$20
DWSN,$4.26,1440620464172,"26,351",67% bullish,of 3 ratings,N/A
TRAK,$62.875,1440620464243,"539,545",50% bullish,of 2 ratings,$62.50
TACOW,$4.04,1440620464305,"161,305",100% bullish,of 1 rating,N/A
TACO,$12,1440620464333,"267,157",75% bullish,of 4 ratings,$20
DCTH,$0.3902,1440620464371,"503,575",78% bullish,of 9 ratings,N/A
DELT,$2.5,1440620464486,"1,400",Not yet rated,NULL,N/A
DGAS,$20.12,1440620464555,"16,397",67% bearish,of 3 ratings,N/A
DELTW,NULL,1440620464755,0,Not yet rated,NULL,N/A
DEPO,$28.395,1440620464843,"493,972",60% bullish,of 5 ratings,$29
XRAY,$52.65,1440620464867,"935,874",100% bullish,of 1 rating,$58
DENN,$11.45,1440620464893,"321,226",100% bullish,of 3 ratings,$15
DXLG,$4.43,1440620465029,"244,769",100% bearish,of 1 rating,$8
DEST,$11.37,1440620465093,"79,340",50% bullish,of 2 ratings,N/A
DSCI,$5.81,1440620465130,"53,355",50% bullish,of 2 ratings,$16
DSWL,$1.7,1440620465226,"59,272",100% bullish,of 1 rating,N/A
DHXM,NULL,1440620465286,0,Not yet rated,NULL,N/A
DXCM,$91.53,1440620465315,"532,563",57% bullish,of 7 ratings,$98
DXM,$0.3,1440620465336,"80,435",50% bullish,of 2 ratings,N/A
DERM,$25.08,1440620465357,"89,086",100% bearish,of 1 rating,$33.50
DHIL,$192,1440620465539,"3,906",Not yet rated,NULL,N/A
DMND,$27.93,1440620465572,"325,577",75% bullish,of 12 ratings,$32
FANG,$62.09,1440620465674,"568,911",50% bullish,of 2 ratings,$86.50
DRNA,$10.1425,1440620465729,"58,977",67% bearish,of 3 ratings,$25
DCIX,$1.67,1440620465754,"83,742",50% bullish,of 4 ratings,$3.50
DGII,$9.7,1440620465899,"42,213",100% bearish,of 1 rating,$10
DMRC,$34.3,1440620465929,"121,962",100% bearish,of 1 rating,$44
DRAD,$3.69,1440620466030,"6,870",100% bullish,of 1 rating,$5.25
DCOM,$16.6,1440620466109,"105,929",100% bearish,of 2 ratings,$16.50
DPRX,$12.25,1440620466206,"4,758",100% bullish,of 2 ratings,$27.75
DIOD,$19.5,1440620466272,"121,820",75% bearish,of 4 ratings,$24
DGLY,$8.14,1440620466334,"431,147",50% bullish,of 6 ratings,$20
DISCK,$25.1,1440620466359,"1,831,459",100% bearish,of 1 rating,$32
APPS,$2.32,1440620466399,"175,978",100% bearish,of 1 rating,$10.25
DISCA,$26.52,1440620466435,"2,021,185",67% bullish,of 3 ratings,$34
DISCB,$25.45,1440620466577,18,100% bearish,of 1 rating,$35
DSCO,$0.3625,1440620466899,"225,517",83% bullish,of 6 ratings,$2.75
DISH,$58.57,1440620466975,"1,915,557",69% bullish,of 13 ratings,$73
BAGR,$2.66,1440620467001,"46,146",100% bearish,of 1 rating,$6
DNBF,$26.15,1440620467063,"2,494",Not yet rated,NULL,$27.50
DLHC,$2.5,1440620467088,"5,421",100% bearish,of 1 rating,N/A
DVCR,$10.6,1440620467129,"1,363",100% bullish,of 1 rating,N/A
DGICB,NULL,1440620467219,0,100% bearish,of 1 rating,N/A
DGICA,$14.2,1440620467303,"12,056",100% bearish,of 1 rating,$17
DMLP,$13.75,1440620467433,"29,206",100% bearish,of 1 rating,N/A
DORM,$50.7,1440620467463,"223,207",100% bearish,of 1 rating,$56
DLTR,$77.34,1440620467533,"1,932,499",82% bullish,of 11 ratings,$88
HILL,$9.68,1440620467561,"3,179,327",60% bearish,of 5 ratings,$9.75
DRWI,$0.2288,1440620467666,"82,315",60% bullish,of 5 ratings,$.45
DRWIW,$0.045,1440620467691,"2,102",Not yet rated,NULL,N/A
DWA,$19.75,1440620467878,"833,965",63% bullish,of 8 ratings,$26
DSKX,$3.14,1440620467905,"128,795",100% bullish,of 1 rating,N/A
DRYS,$0.3577,1440620467950,"1,771,931",77% bullish,of 31 ratings,$.60
CADT,NULL,1440620468083,0,Not yet rated,NULL,N/A
DSPG,$8.57,1440620468111,"55,653",100% bearish,of 1 rating,$13.50
CADTR,NULL,1440620468139,0,Not yet rated,NULL,N/A
CADTU,$10.05,1440620468240,"1,000",Not yet rated,NULL,N/A
CADTW,NULL,1440620468338,0,Not yet rated,NULL,N/A
DTSI,$26.39,1440620468372,"54,310",100% bearish,of 2 ratings,$39.50
DRRX,$1.96,1440620468547,"910,114",50% bullish,of 6 ratings,$3
DYAX,$23.16,1440620468634,"637,175",89% bullish,of 9 ratings,$30
DNKN,$50.85,1440620468686,"732,056",67% bullish,of 15 ratings,$56.50
DXPE,$26.53,1440620468767,"160,656",50% bullish,of 2 ratings,N/A
BOOM,$9.01,1440620468796,"66,131",67% bullish,of 3 ratings,$12
DYSL,$1.39,1440620468824,"159,112",100% bullish,of 2 ratings,N/A
ETFC,$25.26,1440620468900,"2,693,509",57% bullish,of 14 ratings,$33
DYNT,$2.95,1440620468958,"3,648",75% bullish,of 4 ratings,N/A
DVAX,$27.06,1440620469031,"207,888",70% bullish,of 10 ratings,$40
EBMT,$11.14,1440620469162,"2,645",Not yet rated,NULL,$13.50
EGRX,$75.3582,1440620469191,"365,270",67% bullish,of 3 ratings,$97
EGBN,$41.48,1440620469212,"110,040",Not yet rated,NULL,$48
EGLE,$6.46,1440620469243,"28,594",60% bullish,of 5 ratings,N/A
ELNK,$8.24,1440620469406,"579,702",60% bullish,of 5 ratings,$9.50
EROC,$1.26,1440620469431,"396,160",50% bullish,of 2 ratings,$3
EWBC,$38.58,1440620469560,"2,087,940",100% bearish,of 1 rating,$50
EML,$16.74,1440620469598,"4,377",Not yet rated,NULL,N/A
EACQU,$10.2,1440620469639,"9,200",Not yet rated,NULL,N/A
EVBS,$6.49,1440620469665,"6,318",Not yet rated,NULL,$7
ELON,$0.6097,1440620469833,"72,843",50% bullish,of 2 ratings,N/A
ECHO,$22.89,1440620469920,"227,345",67% bearish,of 3 ratings,$35.50
EBAY,$26.17,1440620469953,"9,518,660",81% bullish,of 117 ratings,$48
SATS,$43.37,1440620469978,"99,943",50% bullish,of 2 ratings,$60
EBIX,$27.3196,1440620470013,"269,053",69% bullish,of 13 ratings,$40
ECTE,$1.52,1440620470049,"13,086",75% bullish,of 4 ratings,N/A
EEI,$10.97,1440620470183,824,67% bearish,of 3 ratings,N/A
ECACU,$10.06,1440620470210,"6,100",Not yet rated,NULL,N/A
ESES,$3.46,1440620470238,"2,632",100% bearish,of 1 rating,$7
EDAP,$3.66,1440620470462,"109,165",60% bullish,of 5 ratings,$4.50
EDUC,$4.97,1440620470491,"1,733",100% bearish,of 1 rating,N/A
EDGW,$6.69,1440620470567,"17,455",100% bearish,of 1 rating,N/A
EFUT,$4.21,1440620470624,500,Not yet rated,NULL,N/A
EGLT,$10.35,1440620470700,"43,493",50% bullish,of 2 ratings,$21
EHTH,$13.76,1440620470782,"77,543",50% bullish,of 4 ratings,$16.50
EGAN,$3.26,1440620470880,"29,476",50% bullish,of 2 ratings,$6.25
EMITF,$1.27,1440620470939,"14,165",75% bullish,of 4 ratings,N/A
LOCO,$11.7925,1440620471005,"578,509",69% bullish,of 13 ratings,$20
ERI,$9.27,1440620471032,"87,351",100% bearish,of 1 rating,$10
ELRC,$10.36,1440620471053,"38,028",100% bearish,of 1 rating,N/A
ESIO,$4.21,1440620471080,"170,455",50% bullish,of 2 ratings,$10
ESLT,$74.93,1440620471105,"21,044",67% bullish,of 3 ratings,N/A
EA,$66.34,1440620471576,"2,770,035",77% bullish,of 35 ratings,$80
ELSE,$3.85,1440620471632,309,60% bullish,of 5 ratings,N/A
ELEC,NULL,1440620471708,0,Not yet rated,NULL,N/A
ELECU,$10.02,1440620471737,"2,867",Not yet rated,NULL,N/A
EFII,$43.15,1440620471775,"277,754",80% bullish,of 5 ratings,$55
ELECW,NULL,1440620471822,0,Not yet rated,NULL,N/A
CAPX,$22.0116,1440620471848,100,Not yet rated,NULL,N/A
EBIO,$3.23,1440620471869,"424,066",100% bearish,of 2 ratings,$8.35
RDEN,$10.5,1440620472022,"89,442",100% bearish,of 4 ratings,$15
LONG,$16.88,1440620472150,"86,829",67% bullish,of 3 ratings,$15.75
ELTK,$1.16,1440620472175,"39,333",67% bearish,of 3 ratings,N/A
ESBK,$19.51,1440620472241,"3,000",Not yet rated,NULL,N/A
EMKR,$6.9,1440620472266,"181,295",75% bullish,of 4 ratings,$8.50
EMCF,NULL,1440620472343,0,100% bearish,of 1 rating,N/A
EMCI,$22.295,1440620472393,"20,388",Not yet rated,NULL,N/A
EMMS,$1.11,1440620472450,"57,980",67% bullish,of 6 ratings,N/A
EMMSP,$3,1440620472700,"5,998",100% bearish,of 1 rating,N/A
ECPG,$38.84,1440620472754,"125,242",100% bullish,of 2 ratings,$52
ERS,$2.8,1440620472795,"7,800",Not yet rated,NULL,N/A
NYNY,$4.19,1440620472855,"58,919",50% bullish,of 2 ratings,N/A
ECYT,$5.05,1440620472953,"253,892",83% bullish,of 6 ratings,$12
ENTA,$41.39,1440620473042,"172,626",50% bullish,of 2 ratings,$42
ELGX,$12.62,1440620473106,"517,225",75% bullish,of 4 ratings,$17
ENDP,$76.38,1440620473144,"1,340,100",50% bullish,of 6 ratings,$104
WIRE,$30.8,1440620473198,"60,017",100% bearish,of 1 rating,$37
EIGI,$15.2,1440620473232,"716,313",67% bearish,of 3 ratings,$22.50
WATT,$6.21,1440620473328,"157,074",50% bullish,of 2 ratings,$13
ERII,$2.67,1440620473354,"65,403",80% bullish,of 5 ratings,$2.50
EFOI,$18.6,1440620473380,"928,390",50% bullish,of 2 ratings,$20.50
EXXI,$1.46,1440620473517,"1,018,081",86% bullish,of 7 ratings,$3.50
ENOC,$8.3,1440620473616,"151,769",75% bullish,of 4 ratings,$18
ENG,$0.98,1440620473746,"46,750",100% bullish,of 3 ratings,N/A
ENFC,$17.83,1440620473830,928,Not yet rated,NULL,N/A
ENTG,$13.47,1440620473883,"482,411",100% bearish,of 1 rating,$18
ENTL,$21.83,1440620473909,"21,492",Not yet rated,NULL,$28
ETRM,$0.249,1440620474043,"630,704",69% bearish,of 35 ratings,$1.625
EFSC,$23.415,1440620474141,"54,268",Not yet rated,NULL,$27
ENPH,$4.48,1440620474170,"501,807",75% bullish,of 4 ratings,$11
ESGR,$144.86,1440620474230,"39,801",100% bearish,of 1 rating,$185
EGT,$2.09,1440620474270,986,100% bullish,of 1 rating,N/A
EBTC,$21.25,1440620474303,"6,493",Not yet rated,NULL,N/A
ENVI,$1.86,1440620474330,"13,856",67% bullish,of 3 ratings,N/A
ENZN,$0.97,1440620474402,"304,733",100% bullish,of 9 ratings,N/A
ENZY,$9.06,1440620474484,"7,267",67% bullish,of 3 ratings,$9.50
EPIQ,$13.22,1440620474659,"73,572",100% bearish,of 1 rating,$18
EPRS,$4.75,1440620474685,"68,302",82% bullish,of 11 ratings,$15
EAC,$3.14,1440620474856,"9,802",100% bearish,of 1 rating,$8
PLUS,$75.82,1440620474902,"43,400",50% bullish,of 2 ratings,$88
EQIX,$260.8,1440620474991,"496,307",75% bullish,of 4 ratings,$312.50
ERIE,$81.92,1440620475034,"17,926",Not yet rated,NULL,$73
ESCA,$17.04,1440620475061,"13,140",100% bearish,of 1 rating,$22
EQFN,NULL,1440620475141,0,100% bearish,of 1 rating,N/A
EPZM,$17.52,1440620475222,"217,579",60% bullish,of 5 ratings,$34
ESCR,$0.17,1440620475251,"5,478",50% bullish,of 2 ratings,N/A
ERIC,$9.7,1440620475292,"2,532,359",67% bullish,of 9 ratings,$12.20
ESMC,$1.3,1440620475425,200,Not yet rated,NULL,N/A
ESPR,$52.85,1440620475450,"680,093",70% bearish,of 10 ratings,$123
ESCRP,$1.19,1440620475479,"7,202",100% bearish,of 1 rating,N/A
ESSA,$12.71,1440620475582,"6,470",100% bearish,of 1 rating,N/A
EPIX,$4.85,1440620475744,"2,140",Not yet rated,NULL,N/A
ETSY,$13.04,1440620475875,"348,026",80% bullish,of 5 ratings,$16
CLWT,$2.56,1440620475905,500,100% bearish,of 1 rating,N/A
ESND,$33.64,1440620475931,"91,770",100% bearish,of 2 ratings,$40
ESEA,$5.69,1440620475979,400,100% bullish,of 1 rating,$15
ESSX,$0.3801,1440620476007,"25,826",50% bullish,of 2 ratings,N/A
EEFT,$64.22,1440620476063,"255,809",100% bearish,of 1 rating,$67.50
EVEP,$7.07,1440620476136,"431,109",50% bullish,of 2 ratings,$15
EVOK,$3.9,1440620476424,"58,894",100% bearish,of 1 rating,$13.375
EVK,$3.63,1440620476452,"4,850",75% bearish,of 4 ratings,N/A
EVOL,$6.07,1440620476473,"10,668",75% bullish,of 4 ratings,$10
EVLV,$2.23,1440620476511,"195,488",60% bullish,of 5 ratings,$6.50
EXA,$11.01,1440620476532,"20,773",100% bearish,of 1 rating,$13
EXAS,$21.06,1440620476663,"770,339",78% bullish,of 9 ratings,$31
EXAC,$18.15,1440620476855,"25,297",100% bearish,of 1 rating,$22.50
EXPE,$115.24,1440620477018,"1,100,143",64% bullish,of 11 ratings,$130
EXEL,$5.64,1440620477048,"3,757,990",81% bullish,of 16 ratings,$6
EXLS,$35.66,1440620477069,"73,187",50% bullish,of 2 ratings,$41
EXFO,$2.65,1440620477116,"5,000",67% bearish,of 3 ratings,$3.95
EXLP,$18.6281,1440620477144,"263,853",100% bearish,of 1 rating,$25
EXTR,$2.68,1440620477313,"486,979",80% bullish,of 5 ratings,$3
EYEGW,NULL,1440620477410,0,Not yet rated,NULL,N/A
EXPO,$42.09,1440620477441,"76,373",100% bearish,of 1 rating,$45.50
EYEG,$3.74,1440620477491,"34,173",Not yet rated,NULL,N/A
EXPD,$48.94,1440620477521,"1,472,043",80% bullish,of 5 ratings,$52
ESRX,$83.4607,1440620477550,"5,068,771",67% bearish,of 6 ratings,$101
EZCH,$20.6228,1440620477579,"79,189",75% bullish,of 8 ratings,$19.50
EZPW,$5.78,1440620477684,"366,643",50% bullish,of 4 ratings,$7.50
FFIV,$122.45,1440620477815,"711,383",63% bullish,of 8 ratings,$132
FB,$87.15,1440620478055,"28,166,829",73% bullish,of 1066 ratings,$111
FWM,$2.4,1440620478098,"87,947",100% bearish,of 2 ratings,$3.20
FCS,$13.3,1440620478123,"599,102",67% bearish,of 3 ratings,$17
FALC,$1.59,1440620478148,"25,982",63% bearish,of 8 ratings,N/A
FARM,$21.91,1440620478199,"26,016",100% bearish,of 1 rating,$35
FRP,$15.52,1440620478332,"140,807",100% bearish,of 1 rating,$18
FFKT,$26.01,1440620478361,"11,875",Not yet rated,NULL,$29
DAVE,$14.34,1440620478462,"10,517",100% bearish,of 1 rating,$15.50
FATE,$6.61,1440620478534,"42,384",50% bullish,of 2 ratings,$11
FBSS,$15.5,1440620478601,409,Not yet rated,NULL,N/A
FARO,$37.56,1440620478631,"66,952",50% bullish,of 2 ratings,$48
FMNB,$8.03,1440620478651,"2,736",Not yet rated,NULL,N/A
FAST,$38.08,1440620478684,"2,022,419",80% bullish,of 5 ratings,$45.50
FBRC,$22.04,1440620478822,"22,764",100% bearish,of 1 rating,$29
FDML,$8.29,1440620479028,"231,284",50% bullish,of 4 ratings,$14
FEIC,$73.99,1440620479162,"232,068",50% bullish,of 2 ratings,$95.50
FHCO,$1.32,1440620479187,"29,680",50% bullish,of 4 ratings,N/A
FCSC,$5.43,1440620479213,"125,530",100% bearish,of 1 rating,$8.125
FENX,$9.51,1440620479234,"82,337",100% bullish,of 1 rating,$14.25
FNHC,$21.7381,1440620479268,"114,399",100% bearish,of 1 rating,$35
LION,$18.5245,1440620479362,"92,363",100% bullish,of 1 rating,$20
FGEN,$23.04,1440620479412,"166,992",100% bearish,of 1 rating,$39
ONEQ,$184.87,1440620479446,"33,020",100% bullish,of 1 rating,N/A
FSAM,$8.35,1440620479543,"19,623",100% bearish,of 1 rating,$10.25
FDUS,$14.15,1440620479595,"45,548",50% bullish,of 2 ratings,$18
FRGI,$51.26,1440620479700,"112,361",50% bullish,of 2 ratings,$70
FSC,$6.21,1440620479781,"743,601",60% bullish,of 5 ratings,$8
FSCFL,$24.11,1440620479828,"5,070",Not yet rated,NULL,N/A
FSFR,$8.73,1440620479866,"72,715",100% bearish,of 1 rating,$11.50
FITB,$19.19,1440620479921,"9,062,296",54% bullish,of 13 ratings,$22
FITBI,$27.51,1440620480114,"9,896",Not yet rated,NULL,N/A
FNGN,$31.86,1440620480151,"410,030",67% bullish,of 3 ratings,$47
FISI,$24.29,1440620480203,"19,542",100% bullish,of 2 ratings,$24.50
FNJN,$1.6,1440620480229,"21,109",100% bearish,of 1 rating,$5
FNTCW,NULL,1440620480292,0,Not yet rated,NULL,N/A
FNTCU,$10.15,1440620480395,20,Not yet rated,NULL,N/A
FNTC,NULL,1440620480460,0,Not yet rated,NULL,N/A
FNSR,$15.415,1440620480562,"1,014,981",71% bullish,of 7 ratings,$24.50
FBNC,$16.87,1440620480589,"15,368",100% bullish,of 1 rating,$20
FEYE,$38,1440620480614,"2,889,537",87% bullish,of 15 ratings,$55.50
FNLC,$18.68,1440620480783,"15,503",100% bullish,of 1 rating,N/A
FCVA,$4.6,1440620480909,"1,345",Not yet rated,NULL,N/A
FBIZ,$44.2,1440620481008,"42,805",100% bearish,of 2 ratings,$52
BUSE,$6.33,1440620481034,"65,679",Not yet rated,NULL,$6.875
FCFS,$39.15,1440620481062,"232,348",100% bearish,of 3 ratings,$48
FCAP,$27.02,1440620481083,404,Not yet rated,NULL,N/A
FRBA,$6.05,1440620481213,"11,000",Not yet rated,NULL,$8
FCBC,$17.42,1440620481243,"34,595",Not yet rated,NULL,$18
FCNCA,$234.56,1440620481270,"8,009",Not yet rated,NULL,N/A
FCLF,$9.07,1440620481294,600,Not yet rated,NULL,N/A
FCCO,$11.95,1440620481445,"2,304",Not yet rated,NULL,$13.25
FCFP,$6.9,1440620481472,402,Not yet rated,NULL,N/A
FBNK,$16.75,1440620481654,"35,648",100% bearish,of 1 rating,$17.50
FDEF,$36.895,1440620481680,"25,338",Not yet rated,NULL,$38
FFNM,$6.38,1440620481862,205,Not yet rated,NULL,N/A
FFBC,$18.05,1440620481895,"222,553",67% bearish,of 3 ratings,$20.25
FFNW,$11.88,1440620481917,"22,493",Not yet rated,NULL,$14
FFBCW,NULL,1440620481951,0,100% bearish,of 1 rating,N/A
FFIN,$30.34,1440620481996,"143,757",50% bullish,of 2 ratings,$31.75
FFWM,$20.48,1440620482022,"21,268",Not yet rated,NULL,$24
INBK,$29.66,1440620482047,"7,885",50% bullish,of 2 ratings,$37
THFF,$33.12,1440620482093,"17,457",Not yet rated,NULL,$35
FIBK,$26.135,1440620482320,"100,289",Not yet rated,NULL,$32
FMBH,$21.56,1440620482713,174,Not yet rated,NULL,N/A
FRME,$25.58,1440620482738,"137,170",Not yet rated,NULL,$26.50
FMBI,$17.25,1440620482819,"229,707",Not yet rated,NULL,$20
FNFG,$8.85,1440620482878,"2,847,232",80% bullish,of 5 ratings,$9
FNBC,$34.14,1440620482951,"63,794",Not yet rated,NULL,$40
FNWB,$11.85,1440620483058,"21,898",Not yet rated,NULL,N/A
FSFG,$30.03,1440620483117,980,Not yet rated,NULL,N/A
BICK,$18.78,1440620483257,300,100% bullish,of 1 rating,N/A
FSLR,$46.09,1440620483282,"1,199,837",74% bullish,of 39 ratings,$65
FSGI,$2.45,1440620483312,"15,668",Not yet rated,NULL,N/A
FSBK,$7.58,1440620483343,"4,964",100% bullish,of 1 rating,N/A
FBZ,$9.74,1440620483420,400,Not yet rated,NULL,N/A
FTCS,$36,1440620483480,"15,817",100% bearish,of 1 rating,N/A
FCAN,$22.9399,1440620483528,225,Not yet rated,NULL,N/A
FV,$23.04,1440620483581,"3,423,148",100% bearish,of 1 rating,N/A
FCA,$18.82,1440620483838,"4,557",Not yet rated,NULL,N/A
IFV,$17.66,1440620483917,"780,250",100% bearish,of 1 rating,N/A
FTSM,$59.89,1440620484053,"11,391",100% bearish,of 1 rating,N/A
FTHI,$18.78,1440620484082,"10,900",Not yet rated,NULL,N/A
TDIV,$24.21,1440620484107,"270,562",100% bearish,of 1 rating,N/A
FEMB,$41.88,1440620484195,36,Not yet rated,NULL,N/A
FEUZ,$31.2,1440620484244,"11,010",Not yet rated,NULL,N/A
FTGC,$21.66,1440620484300,"22,287",Not yet rated,NULL,N/A
MDIV,$18.89,1440620484325,"283,690",Not yet rated,NULL,N/A
FGM,$35.73,1440620484406,"42,376",Not yet rated,NULL,N/A
HYLS,$48.94,1440620484470,"36,704",100% bearish,of 1 rating,N/A
FPXI,NULL,1440620484603,0,Not yet rated,NULL,N/A
FHK,$32.53,1440620484690,"56,942",Not yet rated,NULL,N/A
YDIV,$16,1440620484822,"2,817",Not yet rated,NULL,N/A
SKYY,$29.08,1440620484850,"63,510",100% bullish,of 1 rating,N/A
PLTM,$6.14,1440620484981,"7,391",100% bearish,of 1 rating,N/A
CU,$12.27,1440620485009,"7,676",100% bearish,of 1 rating,N/A
LMBS,$50.1,1440620485036,244,Not yet rated,NULL,N/A
FTLB,$18.9859,1440620485080,"14,350",100% bearish,of 1 rating,N/A
FJP,$46.52,1440620485110,"58,147",Not yet rated,NULL,N/A
FMB,$51.04,1440620485206,450,Not yet rated,NULL,N/A
CIBR,$17.84,1440620485309,"97,767",Not yet rated,NULL,N/A
FONE,$33.7899,1440620485386,100,Not yet rated,NULL,N/A
GRID,NULL,1440620485440,0,100% bearish,of 1 rating,N/A
QCLN,$14.43,1440620485464,"20,894",Not yet rated,NULL,N/A
QABA,$36.36,1440620485518,"11,496",100% bearish,of 1 rating,N/A
CARZ,$34.42,1440620485760,"8,324",100% bearish,of 1 rating,N/A
QQXT,$39.81,1440620485791,"39,437",Not yet rated,NULL,N/A
QQEW,$41.01,1440620485846,"126,951",Not yet rated,NULL,N/A
AIRR,$15.66,1440620485886,"2,408",100% bearish,of 1 rating,N/A
QTEC,$39.11,1440620485912,"148,578",Not yet rated,NULL,N/A
RDVY,$20.44,1440620485975,"11,098",Not yet rated,NULL,N/A
FTSL,$48.48,1440620486140,"84,886",100% bearish,of 1 rating,N/A
FDIV,$46.42,1440620486171,934,100% bearish,of 1 rating,N/A
FKO,$22.59,1440620486191,600,Not yet rated,NULL,N/A
QINC,$19.83,1440620486223,"6,431",Not yet rated,NULL,N/A
FSZ,$39.2,1440620486325,"51,910",Not yet rated,NULL,N/A
FTW,NULL,1440620486389,0,Not yet rated,NULL,N/A
TUSA,$24.4,1440620486867,"10,278",Not yet rated,NULL,N/A
FSV,$31.24,1440620486894,"20,062",Not yet rated,NULL,$33.60
FPRX,$18.2063,1440620486934,"340,674",50% bullish,of 2 ratings,$35
FKU,$41.38,1440620486971,"47,137",Not yet rated,NULL,N/A
FMER,$17.61,1440620487041,"1,302,180",50% bullish,of 2 ratings,$20
FUNC,$8.15,1440620487106,730,Not yet rated,NULL,N/A
SVVC,$9.32,1440620487173,"10,466",50% bullish,of 2 ratings,$26
FISV,$84.63,1440620487211,"1,542,007",100% bearish,of 3 ratings,$90
FIVE,$36.16,1440620487242,"576,363",75% bearish,of 4 ratings,$44
FLKS,$12.32,1440620487345,"44,749",50% bullish,of 2 ratings,$27
FIVN,$4.05,1440620487377,"154,833",100% bullish,of 1 rating,$8.50
FLML,$21.69,1440620487475,"125,423",50% bullish,of 2 ratings,$30
FLXN,$23.2777,1440620487546,"64,980",100% bearish,of 1 rating,$40
SKOR,$50.2,1440620487631,200,Not yet rated,NULL,N/A
MBSD,$24.9,1440620487685,"1,000",Not yet rated,NULL,N/A
FLXS,$30.9863,1440620487785,"17,963",100% bearish,of 2 ratings,N/A
FLIR,$27.63,1440620487915,"858,149",100% bearish,of 1 rating,$38.50
FLDM,$11.75,1440620487939,"318,044",67% bearish,of 3 ratings,$21.50
FOMX,$9.67,1440620488015,"92,570",50% bullish,of 2 ratings,$23.50
FFIC,$19.91,1440620488099,"113,997",Not yet rated,NULL,$21
FOGO,$18.15,1440620488206,"35,414",50% bullish,of 2 ratings,$25.50
FLEX,$10.32,1440620488254,"2,175,889",63% bullish,of 8 ratings,$12
FONR,$9.62,1440620488337,"34,439",100% bullish,of 1 rating,N/A
FORM,$6.18,1440620488411,"231,043",67% bullish,of 3 ratings,$10.50
FORTY,$30,1440620488441,847,100% bearish,of 1 rating,N/A
FES,$0.93,1440620488462,"30,680",50% bullish,of 2 ratings,$1
FORR,$31.63,1440620488602,"37,610",Not yet rated,NULL,N/A
FBIO,$2.46,1440620488651,"81,054",83% bullish,of 6 ratings,N/A
FTNT,$42.54,1440620488686,"885,300",80% bullish,of 10 ratings,$52
FORD,$1.88,1440620488779,"9,897,648",67% bullish,of 3 ratings,N/A
FWRD,$44.99,1440620488822,"132,454",100% bearish,of 1 rating,$50
FWP,$25.73,1440620488873,"70,849",100% bearish,of 1 rating,$45
FMI,$21.0936,1440620489004,"178,080",100% bearish,of 2 ratings,$27.50
FOSL,$58.56,1440620489030,"736,013",60% bearish,of 5 ratings,$80
FXCB,$17.06,1440620489055,"14,722",Not yet rated,NULL,$19
FRAN,$10.835,1440620489200,"559,098",50% bullish,of 4 ratings,$15
FOXF,$15.35,1440620489257,"61,841",100% bearish,of 1 rating,$19
FRED,$12.9,1440620489303,"186,880",50% bullish,of 2 ratings,$16.50
FELE,$28.03,1440620489328,"131,674",50% bullish,of 4 ratings,$33
FREE,$0.352,1440620489391,"245,672",92% bullish,of 12 ratings,N/A
RAIL,$19.5,1440620489461,"91,234",100% bearish,of 1 rating,$24.50
FEIM,$10.75,1440620489591,"5,202",100% bearish,of 1 rating,N/A
FRPH,$30.65,1440620489720,"6,201",100% bearish,of 1 rating,N/A
FTRPR,$97.27,1440620489747,"59,476",100% bearish,of 1 rating,N/A
FRPT,$12.38,1440620489777,"277,499",67% bearish,of 3 ratings,$23.50
FTR,$4.84,1440620489807,"18,974,830",78% bullish,of 27 ratings,$6.25
FSBW,$23.18,1440620489878,"1,438",Not yet rated,NULL,N/A
FTD,$29.41,1440620489903,"74,309",100% bearish,of 1 rating,$40
FTEK,$2.03,1440620490115,"64,548",75% bullish,of 4 ratings,N/A
FSYS,$6.17,1440620490142,"29,616",67% bullish,of 3 ratings,$10
FULL,$3.07,1440620490208,"17,601",67% bearish,of 3 ratings,$4.25
FCEL,$0.7261,1440620490234,"696,405",88% bullish,of 41 ratings,$2.65
FULLL,$25.15,1440620490306,372,Not yet rated,NULL,N/A
FULT,$11.94,1440620490399,"776,573",100% bearish,of 1 rating,$13
FLL,$1.48,1440620490489,"22,759",75% bullish,of 4 ratings,$3.50
FSNN,$2.23,1440620490546,"14,000",67% bullish,of 3 ratings,$6
FFHL,$0.883,1440620490571,"1,100",50% bullish,of 4 ratings,N/A
FXENP,$15.82,1440620490598,860,100% bearish,of 1 rating,N/A
GAIA,$5.85,1440620490970,"11,049",50% bullish,of 2 ratings,$8.50
GK,$67.67,1440620491042,"79,209",Not yet rated,NULL,$78
GALT,$1.86,1440620491067,"90,387",80% bullish,of 5 ratings,N/A
FXEN,$0.81,1440620491096,"58,703",75% bullish,of 4 ratings,$1.10
WILC,$4.8,1440620491133,"8,011",100% bullish,of 2 ratings,N/A
GLPG,$61.16,1440620491198,"47,170",100% bullish,of 1 rating,$75
GALTU,NULL,1440620491222,0,100% bearish,of 1 rating,N/A
GALTW,NULL,1440620491293,0,100% bullish,of 1 rating,N/A
GALE,$1.49,1440620491363,"1,620,019",89% bullish,of 47 ratings,$4
GLPI,$31.39,1440620491502,"504,233",100% bearish,of 1 rating,$37.50
GLMD,$8.86,1440620491596,"57,273",67% bullish,of 3 ratings,$20.50
GGACR,$0.2,1440620491626,"60,100",100% bullish,of 1 rating,N/A
GGACU,$10.02,1440620491686,"1,744",Not yet rated,NULL,N/A
GGAC,$9.85,1440620491849,378,100% bearish,of 1 rating,N/A
GPIC,$9.79,1440620491914,471,100% bearish,of 1 rating,N/A
GRMN,$37.72,1440620491977,"922,716",50% bullish,of 6 ratings,$46.50
GARS,$14.05,1440620492050,"28,260",Not yet rated,NULL,$16
GGACW,$0.11,1440620492075,"18,010",Not yet rated,NULL,N/A
GNCMA,$16.78,1440620492211,"148,428",100% bearish,of 1 rating,$12
GENC,$9.21,1440620492246,654,100% bearish,of 1 rating,N/A
GFN,$3.45,1440620492316,"20,300",100% bearish,of 2 ratings,$8
GFNCP,$94.18,1440620492344,700,Not yet rated,NULL,N/A
GENE,$2.04,1440620492445,"185,394",100% bullish,of 12 ratings,N/A
GHDX,$25.1202,1440620492600,"148,936",50% bullish,of 2 ratings,$30
GNMK,$9.46,1440620492625,"163,684",67% bullish,of 6 ratings,$14
GNCA,$12.2965,1440620492650,"106,376",100% bearish,of 1 rating,$20
GFNSL,$25.66,1440620492693,"1,935",Not yet rated,NULL,N/A
THRM,$42.87,1440620492921,"378,242",75% bearish,of 4 ratings,$55.50
GTWN,NULL,1440620493018,0,Not yet rated,NULL,N/A
GNVC,$2.39,1440620493050,"19,008",90% bullish,of 10 ratings,$8.50
GABC,$28.83,1440620493079,"17,205",Not yet rated,NULL,$31
GEOS,$14.14,1440620493103,"110,098",100% bearish,of 3 ratings,$21
GEVO,$2.2,1440620493392,"514,637",75% bullish,of 12 ratings,$5
GIGM,$0.5651,1440620493523,"9,100",100% bullish,of 2 ratings,N/A
GIGA,$1.44,1440620493550,"9,068",100% bearish,of 1 rating,N/A
GNTX,$15.27,1440620493726,"1,767,237",Not yet rated,NULL,$20
ROCK,$16.37,1440620493804,"93,465",80% bullish,of 5 ratings,$24
GERN,$3.05,1440620493895,"1,914,131",88% bullish,of 16 ratings,$5.25
GLAD,$8.235,1440620493921,"126,242",50% bullish,of 2 ratings,$8.75
GILT,$4.26,1440620493942,"7,561",50% bullish,of 2 ratings,N/A
GOODN,$25.27,1440620494243,600,Not yet rated,NULL,N/A
GOODO,$25,1440620494268,582,Not yet rated,NULL,N/A
GLADO,$25.49,1440620494425,"6,175",Not yet rated,NULL,N/A
GIII,$65.65,1440620494496,"166,474",67% bullish,of 3 ratings,$75
GOODP,$25.25,1440620494521,30,Not yet rated,NULL,N/A
GILD,$106.6,1440620494548,"10,141,506",91% bullish,of 87 ratings,$129
GOOD,$14.24,1440620494573,"111,680",Not yet rated,NULL,$19
GAIN,$7.3,1440620494733,"166,118",100% bullish,of 2 ratings,$8.25
GBCI,$25.11,1440620494904,"362,072",50% bullish,of 2 ratings,$31
LAND,$9.555,1440620494949,"19,432",50% bullish,of 2 ratings,$13.75
GAINN,$25.15,1440620495090,"20,189",Not yet rated,NULL,N/A
GBT,$40.75,1440620495115,"167,788",100% bearish,of 1 rating,N/A
GLBZ,$12.05,1440620495140,899,Not yet rated,NULL,N/A
GAINO,$25.21,1440620495165,"4,708",Not yet rated,NULL,N/A
GAINP,$25.63,1440620495192,"2,814",Not yet rated,NULL,N/A
GDEF,NULL,1440620495392,0,Not yet rated,NULL,N/A
ENT,$11.0638,1440620495434,"612,108",100% bearish,of 1 rating,$18
GPACU,$9.98,1440620495494,3,Not yet rated,NULL,N/A
GBLI,$26.72,1440620495518,"9,796",Not yet rated,NULL,N/A
GSOL,$8.13,1440620495567,"20,477",100% bearish,of 1 rating,N/A
ACTX,$12.83,1440620495800,102,100% bullish,of 1 rating,N/A
ALTY,$14.218,1440620495919,180,Not yet rated,NULL,N/A
YLCO,NULL,1440620495975,0,Not yet rated,NULL,N/A
SOCL,$17.11,1440620496004,"48,160",100% bullish,of 2 ratings,N/A
SRET,NULL,1440620496053,0,Not yet rated,NULL,N/A
GSM,$12.54,1440620496077,"547,207",50% bullish,of 2 ratings,$23
QQQC,$18.42,1440620496103,"4,690",100% bearish,of 1 rating,N/A
GAI,$5.81,1440620496234,"1,346",50% bullish,of 2 ratings,N/A
GLBS,$1.13,1440620496664,"4,100",67% bullish,of 3 ratings,N/A
GLRI,$0.9,1440620496700,"26,800",100% bearish,of 1 rating,$4.25
GBIM,$2.1,1440620496734,"20,003",50% bullish,of 2 ratings,N/A
GLUU,$4.2,1440620496765,"1,355,846",92% bullish,of 26 ratings,$9
GOGO,$15.4,1440620496792,"749,972",80% bullish,of 5 ratings,$25
GLYC,$6.73,1440620496817,"13,117",50% bullish,of 2 ratings,$14
GLNG,$33.8138,1440620496841,"626,380",83% bullish,of 6 ratings,$58
GMLP,$17.25,1440620496979,"171,174",50% bullish,of 4 ratings,$32.50
GBDC,$16.48,1440620497244,"152,632",Not yet rated,NULL,$17.75
GDEN,$9.05,1440620497271,"21,943",50% bullish,of 2 ratings,N/A
GLDC,$3.96,1440620497297,"1,180",50% bullish,of 2 ratings,N/A
GOOG,$627,1440620497318,"2,116,325",89% bullish,of 70 ratings,$825
GOGL,$2.57,1440620497346,"302,712",75% bullish,of 4 ratings,$5
GOOGL,$658,1440620497492,"2,265,235",88% bullish,of 1080 ratings,$749
GTIM,$6.36,1440620497517,"31,154",Not yet rated,NULL,$11.50
GPRO,$46.45,1440620497681,"7,620,534",78% bullish,of 58 ratings,$72
GPIA,NULL,1440620497784,0,Not yet rated,NULL,N/A
GPIAU,NULL,1440620497813,0,Not yet rated,NULL,N/A
GMAN,$4.11,1440620497839,"88,751",60% bullish,of 5 ratings,$8.50
GPIAW,NULL,1440620497865,0,Not yet rated,NULL,N/A
LOPE,$36.49,1440620497915,"148,529",100% bearish,of 2 ratings,$50
GRVY,$3.25,1440620498097,"1,075",50% bullish,of 2 ratings,N/A
GBSNU,NULL,1440620498225,0,NULL,NULL,NULL
GSBC,$38.575,1440620498261,"20,744",100% bullish,of 1 rating,$44
GNBC,$11.44,1440620498395,"17,415",100% bearish,of 1 rating,$16.50
GLDD,$5.29,1440620498421,"205,434",100% bearish,of 4 ratings,$7.75
GRBK,$12.38,1440620498473,"168,292",77% bullish,of 13 ratings,N/A
GPP,$13.2,1440620498498,"63,840",Not yet rated,NULL,$20.50
GBSN,$0.36,1440620498551,"6,871,419",100% bearish,of 1 rating,$8.25
GCBC,$28.5,1440620498633,28,100% bullish,of 1 rating,N/A
GLRE,$23.74,1440620498828,"180,523",50% bullish,of 2 ratings,$41
GPRE,$18.19,1440620498856,"432,900",67% bullish,of 6 ratings,$28.50
GRIF,$28.2,1440620498877,434,100% bearish,of 1 rating,N/A
GRPN,$4.27,1440620498908,"8,938,460",61% bullish,of 71 ratings,$6.75
OMAB,$38.74,1440620499138,"29,220",100% bullish,of 1 rating,$44
GGAL,$18.57,1440620499207,"186,951",80% bullish,of 5 ratings,$40
GSIG,$12.87,1440620499239,"67,381",100% bearish,of 2 ratings,N/A
GRFS,$30.467,1440620499266,"160,337",50% bullish,of 2 ratings,$35
GSVC,$8.66,1440620499311,"74,164",50% bullish,of 2 ratings,$14.50
GSIT,$4.65,1440620499342,"6,253",100% bearish,of 1 rating,N/A
GBNK,$15.65,1440620499440,"20,048",100% bearish,of 1 rating,$18
GTXI,$0.818,1440620499467,"27,180",100% bullish,of 5 ratings,$.75
GFED,$14.6,1440620499650,614,Not yet rated,NULL,$17
GULTU,$0.2901,1440620499712,"65,390",100% bearish,of 1 rating,N/A
GIFI,$11.23,1440620499737,"40,521",100% bearish,of 1 rating,$16
GUID,$6.93,1440620499811,"106,251",100% bearish,of 3 ratings,$10
GWPH,$103.65,1440620500181,"119,817",78% bullish,of 9 ratings,$148.50
GPOR,$32.7342,1440620500270,"1,287,286",75% bullish,of 4 ratings,$55
GWGH,$7.25,1440620500299,"1,600",100% bearish,of 1 rating,$15.05
GURE,$1.59,1440620500332,"30,220",88% bullish,of 8 ratings,N/A
GYRO,NULL,1440620500353,0,100% bearish,of 1 rating,N/A
HEES,$17.09,1440620500434,"339,049",67% bearish,of 3 ratings,$31
HLG,NULL,1440620500481,0,100% bearish,of 1 rating,N/A
HNRG,$7.49,1440620500610,"116,950",100% bearish,of 1 rating,$10
HALO,$17.46,1440620500746,"949,940",67% bullish,of 3 ratings,$22.50
HMPR,$1.85,1440620500793,"50,107",100% bullish,of 1 rating,N/A
HBK,$13.74,1440620500817,504,50% bullish,of 2 ratings,N/A
HBHC,$26.39,1440620500975,"332,345",50% bullish,of 2 ratings,$30
HAFC,$23.8,1440620501113,"134,421",100% bullish,of 2 ratings,$28.50
HBHCL,$24.33,1440620501204,"28,183",Not yet rated,NULL,N/A
HNSN,$0.51,1440620501241,"48,574",88% bullish,of 8 ratings,$.40
HQCL,$11.8,1440620501274,"56,752",67% bullish,of 3 ratings,$14
HNH,$25.985,1440620501295,"8,482",100% bullish,of 1 rating,N/A
HLIT,$5.61,1440620501332,"285,247",100% bearish,of 1 rating,$6.50
HDNG,$9.6,1440620501357,"15,379",50% bullish,of 4 ratings,N/A
HRMN,NULL,1440620501381,0,Not yet rated,NULL,N/A
HALL,$11.15,1440620501628,"21,984",Not yet rated,NULL,N/A
HRMNU,NULL,1440620501654,0,Not yet rated,NULL,N/A
HRMNW,NULL,1440620501729,0,Not yet rated,NULL,N/A
HBIO,$4.56,1440620501874,"79,032",Not yet rated,NULL,$10
TINY,$2.48,1440620501901,"11,319",50% bullish,of 2 ratings,$5.26
HART,$0.88,1440620501928,"97,940",100% bearish,of 1 rating,N/A
HCAP,$12.07,1440620502058,"5,084",50% bullish,of 2 ratings,$15
HA,$22.79,1440620502087,"437,212",67% bullish,of 9 ratings,$27
HCAPL,$25.2,1440620502112,"4,214",Not yet rated,NULL,N/A
HAS,$72.79,1440620502191,"1,232,830",63% bullish,of 8 ratings,$84.50
HWKN,$35.88,1440620502285,"21,250",Not yet rated,NULL,N/A
HCOM,$22,1440620502324,"18,450",100% bearish,of 1 rating,$28
HWBK,$13.5001,1440620502377,200,100% bearish,of 1 rating,N/A
HDS,$31.4472,1440620502451,"2,454,172",100% bearish,of 2 ratings,$39.50
HAYN,$36.37,1440620502476,"41,173",100% bearish,of 1 rating,$59
HIIQ,$4.35,1440620502557,"18,388",50% bullish,of 2 ratings,$7
HCSG,$33.3,1440620502689,"221,244",50% bullish,of 4 ratings,$35
HQY,$28.69,1440620502760,"117,321",67% bullish,of 3 ratings,$31
HSTM,$24.44,1440620502823,"55,322",50% bullish,of 2 ratings,$33.75
HWAY,$11.99,1440620502851,"238,413",100% bearish,of 1 rating,$15
HTLF,$35.11,1440620502952,"29,098",100% bullish,of 1 rating,$39.50
HTLD,$20.45,1440620503052,"372,433",Not yet rated,NULL,$22.50
HTWR,$80.9123,1440620503081,"133,409",50% bullish,of 2 ratings,$103
HTBX,$5.01,1440620503183,"19,016",50% bullish,of 2 ratings,$15.50
HELE,$84.83,1440620503211,"189,975",67% bearish,of 3 ratings,$100
HSII,$19.85,1440620503241,"83,238",100% bullish,of 3 ratings,$25
HMNY,$2.27,1440620503291,300,100% bearish,of 1 rating,N/A
HMTV,$13.54,1440620503364,"55,018",100% bearish,of 1 rating,$16
HNNA,$24.51,1440620503390,"5,843",Not yet rated,NULL,N/A
HCACU,$9.92,1440620503471,"3,850",Not yet rated,NULL,N/A
HERO,NULL,1440620503600,0,NULL,NULL,NULL
HSIC,$137.27,1440620503624,"345,369",83% bullish,of 6 ratings,$146
HEOP,$7.81,1440620503806,"17,704",Not yet rated,NULL,$8.50
HFWA,$17.59,1440620503833,"31,014",100% bullish,of 1 rating,$20
HTBK,$10.74,1440620503854,"32,968",Not yet rated,NULL,$12
MLHR,$26.81,1440620504008,"308,393",50% bullish,of 2 ratings,$33.50
HCCI,$11,1440620504035,"37,523",100% bearish,of 1 rating,$16.50
HRTX,$33.4,1440620504063,"711,000",67% bullish,of 6 ratings,$41
HSKA,$34.15,1440620504115,"29,166",100% bearish,of 1 rating,$38
HFFC,$15.82,1440620504168,"2,940",Not yet rated,NULL,N/A
HPJ,$2.19,1440620504219,"20,759",75% bullish,of 4 ratings,$12.43
HIBB,$38.13,1440620504302,"330,810",100% bearish,of 1 rating,$46.50
HIMX,$6.4,1440620504363,"700,477",86% bullish,of 21 ratings,$8.50
HIFS,$116.86,1440620504458,"2,734",Not yet rated,NULL,N/A
HIHO,$3.65,1440620504491,"12,452",Not yet rated,NULL,N/A
HMNF,$11.15,1440620504673,"2,877",Not yet rated,NULL,N/A
HOLI,$16.922,1440620504834,"225,725",50% bullish,of 4 ratings,$27
HMSY,$10.04,1440620504862,"1,372,406",67% bullish,of 3 ratings,$19.35
HSGX,$5.78,1440620504891,"3,624",100% bearish,of 1 rating,$17
HOLX,$38.72,1440620504916,"2,136,919",67% bullish,of 3 ratings,$42
HOMB,$37.7,1440620504946,"162,599",Not yet rated,NULL,$42
HBCP,$24.52,1440620504967,"2,465",Not yet rated,NULL,$29
HFBL,$21.54,1440620505101,300,Not yet rated,NULL,N/A
HMST,$21.93,1440620505285,"132,883",100% bullish,of 2 ratings,$27
HTBI,$18.01,1440620505311,"31,479",67% bullish,of 3 ratings,$18.625
HMIN,$27.05,1440620505335,"131,237",100% bearish,of 2 ratings,$35
AWAY,$27.533,1440620505360,"716,138",67% bullish,of 3 ratings,$36
HKTV,$4.44,1440620505385,"24,132",100% bearish,of 1 rating,N/A
CETC,$0.698,1440620505755,"55,669",86% bullish,of 7 ratings,N/A
HBNC,$22.7,1440620505956,"17,889",100% bullish,of 1 rating,$27
ZINC,$7.04,1440620505987,"513,789",100% bearish,of 1 rating,$17
HZNP,$29.07,1440620506015,"1,359,319",85% bullish,of 20 ratings,$40
HFBC,$11.02,1440620506036,"5,017",Not yet rated,NULL,N/A
HOFT,$23.5,1440620506064,"28,109",100% bearish,of 1 rating,N/A
HRZN,$10.06,1440620506090,"48,276",50% bullish,of 2 ratings,$14.25
HOVNP,$4.49,1440620506354,"5,400",100% bearish,of 1 rating,N/A
HWCC,$7.21,1440620506388,"41,510",100% bearish,of 1 rating,$9
HBMD,$14.25,1440620506415,700,100% bearish,of 1 rating,N/A
HSNI,$61.15,1440620506445,"189,812",Not yet rated,NULL,$80
HMHC,$22.53,1440620506482,"1,004,761",Not yet rated,NULL,$27
HTGM,$5.72,1440620506514,"18,927",100% bearish,of 1 rating,$19.50
HDP,$23.0661,1440620506613,"352,561",67% bearish,of 3 ratings,$30.50
HUBG,$37.71,1440620506639,"156,105",100% bearish,of 1 rating,$43
HCBK,$9.21,1440620506781,"2,721,751",83% bullish,of 6 ratings,$8.61
HSON,$2.58,1440620506942,"4,803",100% bearish,of 1 rating,$5
HBAN,$10.58,1440620507108,"6,230,455",76% bullish,of 17 ratings,$12.29
HDSN,$3.05,1440620507138,"177,447",100% bullish,of 1 rating,$6.25
HBANP,$1328.5,1440620507159,27,100% bearish,of 1 rating,N/A
HURC,$29.42,1440620507237,"9,249",100% bearish,of 1 rating,N/A
HBP,$3.06,1440620507291,"6,843",100% bullish,of 1 rating,N/A
HURN,$73.53,1440620507316,"153,463",50% bullish,of 2 ratings,$80
HTCH,$1.45,1440620507343,"58,708",100% bearish,of 1 rating,$3.50
HDRA,NULL,1440620507373,0,Not yet rated,NULL,N/A
HDRAR,NULL,1440620507476,0,Not yet rated,NULL,N/A
HDRAU,NULL,1440620507505,0,Not yet rated,NULL,N/A
HDRAW,NULL,1440620507607,0,Not yet rated,NULL,N/A
HYGS,$7.84,1440620507758,"22,409",50% bullish,of 2 ratings,$13
IDSY,$3.76,1440620507807,"80,121",100% bearish,of 1 rating,$7
IACI,$69.72,1440620507833,"694,242",75% bullish,of 4 ratings,$90
IKGH,$1.5,1440620507997,"74,483",75% bullish,of 4 ratings,N/A
IBKC,$58.9,1440620508023,"129,016",100% bullish,of 1 rating,$70
ICAD,$3.4,1440620508044,"80,734",50% bullish,of 2 ratings,$7.25
IEP,$69.6018,1440620508077,"94,040",75% bullish,of 4 ratings,$99
ICLR,$77.5387,1440620508212,"447,543",100% bearish,of 3 ratings,$85
ICFI,$34.3379,1440620508236,"57,014",50% bullish,of 2 ratings,$48.50
ICUI,$118.5,1440620508378,"59,423",Not yet rated,NULL,$122
IPWR,$7.16,1440620508429,"16,559",100% bullish,of 1 rating,$15
INVE,$4.27,1440620508453,"21,964",75% bullish,of 4 ratings,$4
ICON,$12.6,1440620508504,"883,578",50% bullish,of 2 ratings,$18.50
IDRA,$2.83,1440620508531,"973,172",89% bullish,of 9 ratings,$6.50
IDXX,$71.93,1440620508606,"277,302",100% bearish,of 1 rating,$77
DSKY,$10.88,1440620508813,"121,836",67% bullish,of 6 ratings,$11.50
IRG,$4.56,1440620508841,"23,851",100% bearish,of 1 rating,$4.50
RXDX,$12.7281,1440620508925,"106,554",100% bullish,of 1 rating,$20
IROQ,$16.77,1440620508971,"1,635",100% bullish,of 1 rating,N/A
KANG,$14.9007,1440620509027,"443,362",50% bullish,of 2 ratings,$22.55
IKAN,$2.73,1440620509102,"40,462",83% bullish,of 6 ratings,$5
IIVI,$16.96,1440620509171,"135,303",100% bearish,of 1 rating,$22
IKNX,$11.96,1440620509200,710,100% bearish,of 1 rating,N/A
ILMN,$195.7,1440620509227,"1,954,992",80% bullish,of 5 ratings,$240
IMMR,$11.75,1440620509420,"96,535",80% bullish,of 5 ratings,$15.50
ISNS,$3.95,1440620509507,"13,845",50% bullish,of 2 ratings,N/A
ICCC,$7.54,1440620509554,"13,143",100% bullish,of 1 rating,N/A
IMDZ,$14.7377,1440620509582,"71,249",100% bearish,of 1 rating,$33
IMNP,$1.21,1440620509608,"118,881",50% bullish,of 2 ratings,$6
IMGN,$13.78,1440620509687,"806,793",75% bullish,of 4 ratings,$17.50
IMMU,$1.89,1440620509736,"552,716",86% bullish,of 7 ratings,$2
INCY,$108.49,1440620509974,"993,683",50% bullish,of 6 ratings,$125.50
SAAS,$7.385,1440620510005,"238,277",50% bullish,of 2 ratings,$15
IPXL,$43.43,1440620510026,"513,016",67% bullish,of 3 ratings,$46.50
IMMY,$7.32,1440620510047,"9,404",100% bearish,of 1 rating,$11
IBTX,$40.04,1440620510205,"32,103",100% bullish,of 2 ratings,$47.25
INDB,$44.07,1440620510232,"95,046",Not yet rated,NULL,$44
INCR,$41.4573,1440620510282,"209,642",50% bullish,of 2 ratings,$53
IBCP,$14.15,1440620510302,"79,159",100% bullish,of 1 rating,$14.50
INFN,$21.025,1440620510517,"1,954,422",71% bullish,of 7 ratings,$28
INFI,$8.87,1440620510563,"419,415",50% bullish,of 4 ratings,$18
IDSA,$3.4,1440620510621,"5,256",Not yet rated,NULL,N/A
IPCC,$77.82,1440620510842,"25,912",Not yet rated,NULL,$77.50
III,$3.96,1440620510941,"15,261",57% bullish,of 7 ratings,$6
IMKTA,$50.9325,1440620510968,"67,101",100% bearish,of 1 rating,N/A
IFON,$1.21,1440620511041,"26,171",75% bullish,of 4 ratings,N/A
IPHS,$46.64,1440620511075,"80,758",100% bearish,of 1 rating,$60
INOD,$2.35,1440620511174,"22,434",100% bearish,of 1 rating,N/A
INNL,$11.8,1440620511204,"1,944",100% bearish,of 1 rating,$16.50
INWK,$6.97,1440620511304,"141,714",50% bullish,of 2 ratings,$10
ISSC,$2.82,1440620511381,"5,961",67% bearish,of 3 ratings,N/A
IOSP,$47.59,1440620511413,"253,504",100% bearish,of 1 rating,N/A
INGN,$47.04,1440620511443,"122,893",100% bearish,of 1 rating,$50.50
INOV,$20.91,1440620511513,"390,878",100% bearish,of 1 rating,$33
ITEK,$12.04,1440620511618,"396,251",100% bearish,of 3 ratings,$20
ISIG,$2.51,1440620511770,"9,900",100% bearish,of 1 rating,N/A
INSM,$24.21,1440620511855,"344,463",71% bullish,of 7 ratings,$31.50
PODD,$29.155,1440620511958,"229,469",67% bearish,of 3 ratings,$35
NSIT,$25.64,1440620511991,"162,239",50% bullish,of 2 ratings,N/A
INSY,$32.84,1440620512021,"485,499",75% bullish,of 4 ratings,$48
INO,$6.8,1440620512091,"775,805",89% bullish,of 18 ratings,$20
NTEC,$5.75,1440620512111,"43,099",100% bearish,of 1 rating,N/A
IIIN,$17,1440620512145,"43,030",100% bearish,of 2 ratings,N/A
IART,$59.71,1440620512241,"284,265",100% bearish,of 1 rating,$71.50
IDTI,$17.5225,1440620512304,"1,888,613",60% bullish,of 5 ratings,$25
IESC,$7.25,1440620512447,"2,693",100% bearish,of 1 rating,N/A
IQNT,$18.8,1440620512577,"278,546",86% bullish,of 7 ratings,$20
IPCI,$2.08,1440620512638,"94,388",67% bullish,of 6 ratings,$8
ISSI,$22,1440620512666,"194,901",67% bullish,of 3 ratings,$19.75
IPAR,$26.02,1440620512695,"53,120",67% bullish,of 3 ratings,$38
INTC,$27.3,1440620512724,"29,383,920",82% bullish,of 238 ratings,$36
IBKR,$38.18,1440620512793,"526,168",100% bullish,of 1 rating,N/A
ICPT,$184.97,1440620512821,"244,558",70% bullish,of 10 ratings,$359.50
ININ,$35.185,1440620512954,"75,824",67% bearish,of 3 ratings,$57
ICLD,$1.8,1440620513110,"173,347",75% bullish,of 4 ratings,N/A
IDCC,$48.32,1440620513191,"252,048",80% bullish,of 5 ratings,$63
IMI,$2.02,1440620513243,"102,978",67% bullish,of 3 ratings,$2.22
INAP,$7.91,1440620513267,"236,117",75% bullish,of 4 ratings,$11
TILE,$23.71,1440620513294,"494,898",100% bearish,of 3 ratings,$27
ICLDW,NULL,1440620513323,0,100% bearish,of 1 rating,N/A
IBOC,$24.92,1440620513429,"114,950",100% bearish,of 1 rating,N/A
ISCA,$30.79,1440620513573,"137,488",100% bearish,of 1 rating,N/A
IIJI,$8.87,1440620513602,105,50% bullish,of 2 ratings,$11.50
PTNT,$2.97,1440620513627,"11,202",Not yet rated,NULL,N/A
IGLD,$6.92,1440620513654,"4,336",50% bullish,of 2 ratings,N/A
INTX,$2.03,1440620513810,"152,536",67% bullish,of 3 ratings,N/A
XENT,$25.5236,1440620513839,"158,206",50% bullish,of 2 ratings,$36.50
ISIL,$10.27,1440620513864,"589,096",50% bullish,of 6 ratings,$15
INPH,$0.29,1440620513891,"15,595",50% bullish,of 2 ratings,N/A
IILG,$19.61,1440620514021,"129,427",100% bearish,of 1 rating,$29
INTL,$25.555,1440620514236,"88,170",67% bearish,of 3 ratings,N/A
IVAC,$4.61,1440620514272,"19,709",100% bearish,of 1 rating,$6.625
INTLL,$25.78,1440620514294,"4,025",Not yet rated,NULL,N/A
ITCI,$25.98,1440620514368,"406,708",75% bearish,of 4 ratings,$40
INTU,$83.29,1440620514393,"3,458,040",86% bullish,of 7 ratings,$107.50
IIN,$6.02,1440620514520,200,100% bearish,of 1 rating,$12
ISRG,$508.45,1440620514590,"193,628",67% bullish,of 3 ratings,$600
SNAK,$8.37,1440620514618,"144,357",50% bullish,of 2 ratings,$14
INVT,$0.272,1440620514644,"65,603",67% bullish,of 3 ratings,N/A
ISTR,$15.52,1440620514724,"7,402",100% bearish,of 1 rating,$18.50
NVIV,$9.66,1440620514856,"167,949",50% bullish,of 4 ratings,$24.50
ISBC,$11.57,1440620514885,"1,856,880",100% bullish,of 1 rating,$13.25
ITIC,$70.26,1440620514954,"1,020",100% bearish,of 2 ratings,N/A
IVTY,$13.33,1440620515215,"6,722",Not yet rated,NULL,$18
IPAS,$1.02,1440620515243,"3,574",67% bullish,of 3 ratings,N/A
DTUL,NULL,1440620515302,0,Not yet rated,NULL,N/A
DFVL,NULL,1440620515374,0,Not yet rated,NULL,N/A
IPCM,$79.05,1440620515437,"141,969",50% bullish,of 2 ratings,$80.125
IRMD,$25.99,1440620515508,"7,234",67% bearish,of 3 ratings,$25
IRIX,$6.71,1440620515535,"38,652",100% bearish,of 1 rating,N/A
IRDM,$6.91,1440620515693,"526,604",60% bullish,of 5 ratings,$11.50
IRWD,$11,1440620515718,"932,418",100% bearish,of 1 rating,$13
IRBT,$27.81,1440620515751,"281,734",67% bullish,of 6 ratings,$37
IPGP,$84.77,1440620515780,"314,857",100% bearish,of 2 ratings,$109.50
IRDMB,$273,1440620515805,"1,046",67% bearish,of 3 ratings,N/A
IRCP,NULL,1440620515883,0,100% bullish,of 2 ratings,N/A
FCHI,NULL,1440620516009,0,NULL,NULL,NULL
COMT,$31.29,1440620516034,"20,114",100% bearish,of 1 rating,N/A
GNMA,$50.15,1440620516083,"3,345",Not yet rated,NULL,N/A
IFAS,NULL,1440620516212,0,NULL,NULL,NULL
IFNA,NULL,1440620516352,0,NULL,NULL,NULL
IFEU,$37.95,1440620516483,"38,349",Not yet rated,NULL,N/A
AXJS,NULL,1440620516511,0,NULL,NULL,NULL
IFGL,$28.32,1440620516532,"88,237",Not yet rated,NULL,N/A
ACWI,$54.3749,1440620516552,"3,873,008",Not yet rated,NULL,N/A
ACWX,$40.36,1440620516588,"1,432,836",100% bearish,of 1 rating,N/A
AAXJ,$52.36,1440620516622,"2,269,143",Not yet rated,NULL,N/A
EEMA,$48.91,1440620516716,"11,167",Not yet rated,NULL,N/A
AAIT,NULL,1440620516745,0,NULL,NULL,NULL
EEME,NULL,1440620516812,0,NULL,NULL,NULL
EMEY,NULL,1440620516874,0,NULL,NULL,NULL
EMDI,NULL,1440620516977,0,NULL,NULL,NULL
EGRW,NULL,1440620517030,0,NULL,NULL,NULL
EVAL,NULL,1440620517135,0,NULL,NULL,NULL
EEML,$26.31,1440620517160,"10,348",Not yet rated,NULL,N/A
EUFN,$21.82,1440620517295,"355,763",100% bearish,of 1 rating,N/A
QAT,$20.01,1440620517322,824,Not yet rated,NULL,N/A
IEUS,$45.39,1440620517348,"11,415",100% bearish,of 1 rating,N/A
UAE,$17.62,1440620517423,500,Not yet rated,NULL,N/A
EMIF,$28.12,1440620517518,"31,901",Not yet rated,NULL,N/A
SOXX,$79.8,1440620517543,"438,451",50% bullish,of 2 ratings,N/A
IBB,$342.1008,1440620517564,"1,274,497",63% bullish,of 8 ratings,N/A
ICLN,$9.28,1440620517597,"11,121",50% bullish,of 2 ratings,N/A
INDY,$27.34,1440620517729,"126,601",50% bullish,of 2 ratings,N/A
WOOD,$46.84,1440620517754,"12,539",50% bullish,of 2 ratings,N/A
ISHG,$80.31,1440620517811,"24,147",100% bearish,of 1 rating,N/A
ISIS,$49.02,1440620518002,"1,230,839",53% bullish,of 15 ratings,$67
IGOV,$91.55,1440620518029,"53,081",100% bearish,of 1 rating,N/A
ISLE,$16.36,1440620518055,"202,665",50% bullish,of 4 ratings,$16
ISRL,$133,1440620518238,927,100% bearish,of 1 rating,N/A
IXYS,$10.59,1440620518273,"97,559",50% bullish,of 4 ratings,N/A
ITRN,$23.77,1440620518295,"1,477",50% bullish,of 2 ratings,N/A
XXIA,$15.02,1440620518326,"303,992",71% bullish,of 7 ratings,$14.625
ITRI,$29.5,1440620518347,"338,177",Not yet rated,NULL,$37
ITUS,$4.09,1440620518378,300,Not yet rated,NULL,N/A
JJSF,$114.15,1440620518751,"39,819",100% bearish,of 1 rating,N/A
JASO,$7.51,1440620518777,"675,704",82% bullish,of 17 ratings,$10
JCOM,$67.64,1440620518799,"383,211",100% bullish,of 2 ratings,$77
JBHT,$72.87,1440620518854,"1,317,872",50% bullish,of 4 ratings,$89.50
MAYS,NULL,1440620518926,0,Not yet rated,NULL,N/A
JACK,$79.93,1440620518952,"346,877",83% bullish,of 6 ratings,$105
JKHY,$68.71,1440620518980,"779,845",50% bullish,of 2 ratings,$72
JAXB,$12.8,1440620519016,"64,800",100% bullish,of 1 rating,N/A
JAGX,$3.24,1440620519146,"3,429",Not yet rated,NULL,N/A
JXSB,$23.51,1440620519239,"4,194",Not yet rated,NULL,N/A
JRVR,$26.42,1440620519276,"60,211",Not yet rated,NULL,$32
JMBA,$13.3387,1440620519302,"161,718",75% bullish,of 4 ratings,$18
JAKK,$9.36,1440620519456,"351,786",60% bearish,of 5 ratings,$11
ERW,NULL,1440620519509,0,Not yet rated,NULL,N/A
JASNW,NULL,1440620519535,0,50% bullish,of 2 ratings,N/A
JASN,$4.8,1440620519599,"16,026",50% bullish,of 2 ratings,$9.50
JAZZ,$165.37,1440620519733,"314,103",80% bullish,of 15 ratings,$206.50
JD,$25.64,1440620519762,"9,292,819",75% bullish,of 16 ratings,$36
JBLU,$22.21,1440620519862,"4,391,156",94% bullish,of 18 ratings,$27
JTPY,$2.92,1440620519909,"2,620",100% bearish,of 1 rating,N/A
JIVE,$4.27,1440620519958,"369,967",75% bullish,of 4 ratings,$5
DATE,$5.69,1440620520084,"109,332",75% bullish,of 4 ratings,$9
JCTCF,$9.5,1440620520140,100,100% bullish,of 1 rating,N/A
JST,$3.81,1440620520186,"32,079",75% bullish,of 4 ratings,N/A
WYIGU,$10,1440620520210,"67,255",Not yet rated,NULL,N/A
JOEZ,$0.1601,1440620520236,"241,695",92% bullish,of 12 ratings,N/A
JBSS,$52.2423,1440620520426,"49,790",67% bearish,of 3 ratings,N/A
JOUT,$22.59,1440620520618,"10,785",100% bearish,of 1 rating,$34
JUNO,$36.5,1440620520818,"940,115",73% bullish,of 11 ratings,$71.50
JNP,$9.725,1440620520896,"24,340",100% bullish,of 3 ratings,$15
KTWO,$21.1376,1440620520952,"107,061",100% bearish,of 1 rating,$28.50
KBIO,$1.94,1440620521027,"167,770",50% bullish,of 4 ratings,N/A
