Symbol,Price,Date,Volume,Rating,RatingVoteCount,OneYearEstimate
FLWS,$8.91,1440796202096,"687,314",80% bullish,of 5 ratings,$15
TFSCW,$0.21,1440796202125,"1,300",100% bearish,of 1 rating,N/A
TFSCU,NULL,1440796202151,0,Not yet rated,NULL,N/A
TFSCR,NULL,1440796202227,0,Not yet rated,NULL,N/A
PIH,$7.54,1440796202281,"9,402",100% bearish,of 1 rating,N/A
FCCY,$11.54,1440796202306,933,100% bullish,of 1 rating,$13
TFSC,NULL,1440796202357,0,100% bearish,of 1 rating,N/A
FCTY,$7.96,1440796202382,"3,400",100% bullish,of 1 rating,$8.50
VNET,$18.05,1440796202519,"541,289",60% bullish,of 5 ratings,$35
DGLD,$81.1,1440796202598,"16,958",100% bullish,of 1 rating,N/A
TWOU,$34.99,1440796202634,"129,143",50% bullish,of 2 ratings,$39
SRCE,$29.44,1440796202664,"29,029",100% bullish,of 3 ratings,$33
USLV,$12.45,1440796202735,"242,677",86% bullish,of 7 ratings,N/A
JOBS,$27.019,1440796202765,"69,549",50% bullish,of 4 ratings,$36
UGLD,$9.31,1440796202840,"340,880",100% bearish,of 1 rating,N/A
DSLV,$69.51,1440796202865,"9,311",100% bearish,of 1 rating,N/A
SIXD,$2.72,1440796203103,"111,232",Not yet rated,NULL,N/A
CAFD,$15.0196,1440796203128,"242,552",Not yet rated,NULL,$25
EGHT,$7.84,1440796203281,"384,316",82% bullish,of 17 ratings,$11
SHLM,$34.06,1440796203344,"65,672",100% bearish,of 1 rating,$47
AAON,$20.51,1440796203369,"107,410",100% bearish,of 1 rating,$24
ABAX,$47.89,1440796203402,"108,826",100% bearish,of 1 rating,$60
AVHI,$13.96,1440796203456,"12,911",100% bearish,of 1 rating,$19
ABY,$23.04,1440796203501,"423,555",100% bearish,of 2 ratings,$46
ABGB,$5.71,1440796203528,"37,255",67% bullish,of 3 ratings,$5.50
ABEO,$4.82,1440796203556,"47,964",50% bullish,of 4 ratings,$15.50
ABMD,$98.23,1440796203757,"317,770",75% bullish,of 4 ratings,$100.50
AXAS,$1.92,1440796203802,"949,481",78% bullish,of 9 ratings,$3.50
ABEOW,$1.83,1440796203834,"2,361",100% bullish,of 1 rating,N/A
ACTG,$9.43,1440796203937,"194,247",67% bullish,of 3 ratings,$18.50
ACHC,$74.2503,1440796203962,"344,347",50% bullish,of 2 ratings,$92
ACAD,$38.17,1440796204016,"436,567",80% bullish,of 20 ratings,$48
ACST,$0.3694,1440796204098,"9,260",100% bullish,of 2 ratings,N/A
AXDX,$19.1,1440796204243,"112,407",100% bearish,of 1 rating,N/A
ANCX,$20.01,1440796204296,"20,165",Not yet rated,NULL,$20
XLRN,$29.71,1440796204518,"89,309",50% bullish,of 2 ratings,$57
VXDN,$1.96,1440796204566,"24,710",100% bearish,of 1 rating,N/A
VXUP,$1.6,1440796204664,"49,007",100% bearish,of 1 rating,N/A
ACRX,$4.24,1440796204727,"310,833",67% bearish,of 6 ratings,$5.50
ARAY,$6.77,1440796204758,"691,224",100% bearish,of 1 rating,$10.50
AKAO,$6.99,1440796204835,"38,455",75% bullish,of 4 ratings,$15
ACET,$22.76,1440796204862,"83,357",75% bullish,of 4 ratings,$30
ACHN,$7.76,1440796205034,"1,462,742",90% bullish,of 21 ratings,$16
ACOR,$32.73,1440796205125,"557,265",67% bearish,of 3 ratings,$38.50
ACNB,$19.85,1440796205154,"4,210",Not yet rated,NULL,N/A
ACIW,$21.38,1440796205179,"288,136",67% bearish,of 3 ratings,$24
ACTS,$1.6,1440796205204,"49,648",100% bearish,of 1 rating,N/A
ATVI,$29.28,1440796205393,"135,593,796",68% bullish,of 84 ratings,$31.50
ACPW,$1.81,1440796205424,"38,604",100% bullish,of 4 ratings,$3.50
ACTA,$14.02,1440796205479,"90,621",67% bearish,of 3 ratings,$25
ACUR,$2.83,1440796205524,"48,939",100% bullish,of 5 ratings,$1
ADMS,$20.61,1440796205610,"60,583",100% bearish,of 2 ratings,$36
ADMP,$3.69,1440796205654,"11,630",50% bullish,of 2 ratings,$10
ADAP,$11.66,1440796205755,"84,789",67% bullish,of 3 ratings,$22
ACXM,$21.15,1440796205890,"258,695",67% bullish,of 3 ratings,N/A
ADUS,$28.71,1440796205996,"18,242",100% bearish,of 1 rating,$31
AEY,$2.3,1440796206021,"7,434",100% bearish,of 2 ratings,N/A
ADMA,$9.37,1440796206056,"14,766",Not yet rated,NULL,$19
ADBE,$79.4,1440796206152,"2,172,613",65% bullish,of 17 ratings,$90
ADEP,$6.87,1440796206177,"20,312",50% bullish,of 2 ratings,$10.75
ADRO,$20.61,1440796206312,"147,897",80% bullish,of 5 ratings,$45.50
AEIS,$24.42,1440796206466,"174,991",50% bullish,of 2 ratings,$32.50
AMD,$1.85,1440796206497,"6,623,181",83% bullish,of 103 ratings,$2
ADTN,$15.7,1440796206533,"386,714",67% bullish,of 3 ratings,$17.125
ADXS,$15.11,1440796206567,"467,815",64% bullish,of 14 ratings,$27
ADXSW,$10.47,1440796206598,"1,850",100% bullish,of 1 rating,N/A
MULT,NULL,1440796206662,0,100% bearish,of 1 rating,N/A
AEGN,$18.28,1440796206910,"94,812",100% bearish,of 2 ratings,$21
YPRO,$22.79,1440796206943,"3,532",100% bearish,of 1 rating,N/A
AMTX,$3.11,1440796206964,"28,001",50% bullish,of 2 ratings,$26.11
AEGR,$17.66,1440796206995,"331,111",50% bullish,of 6 ratings,$26
AEPI,$53.89,1440796207022,"11,740",100% bearish,of 1 rating,N/A
AEHR,$2.27,1440796207048,"2,346",50% bullish,of 2 ratings,N/A
AEZS,$0.088,1440796207182,"10,110,751",90% bullish,of 21 ratings,$1.50
AERI,$16.49,1440796207207,"376,040",75% bullish,of 4 ratings,$31.50
AEMD,$6.95,1440796207339,"91,259",Not yet rated,NULL,$27.50
AVAV,$24,1440796207412,"75,229",50% bullish,of 4 ratings,$31
AFFX,$9.48,1440796207493,"279,489",80% bullish,of 5 ratings,$12.50
AFMD,$10.43,1440796207541,"107,629",50% bullish,of 4 ratings,$15
AGEN,$7.26,1440796207566,"602,072",85% bullish,of 13 ratings,$14
AGFS,$10.1318,1440796207710,"137,593",100% bearish,of 1 rating,N/A
AGYS,$10.21,1440796207739,"23,032",100% bearish,of 1 rating,N/A
AGRX,$9.16,1440796207760,"22,184",100% bearish,of 1 rating,$17.50
AGIO,$90.62,1440796207892,"186,340",88% bullish,of 8 ratings,$114
AGFSW,$1.95,1440796207921,"8,300",100% bearish,of 2 ratings,N/A
AIMT,$21.11,1440796207947,"136,933",Not yet rated,NULL,N/A
AIRM,$37.86,1440796207975,"199,407",80% bearish,of 5 ratings,$53
AIRT,$22.16,1440796208132,376,100% bullish,of 1 rating,N/A
ATSG,$8.95,1440796208159,"126,980",67% bullish,of 3 ratings,$13
AMCN,$4.59,1440796208333,"108,503",83% bullish,of 6 ratings,N/A
AKAM,$71.9,1440796208400,"1,710,795",63% bullish,of 8 ratings,$77
AKBA,$7,1440796208434,"105,064",100% bearish,of 1 rating,$18
AIXG,$6.38,1440796208455,"27,231",67% bearish,of 3 ratings,$5.25
AKER,$2.48,1440796208534,"28,755",Not yet rated,NULL,N/A
AKRX,$41.03,1440796208564,"401,819",78% bullish,of 9 ratings,$56
AMRI,$20.6,1440796208670,"158,563",75% bearish,of 4 ratings,$24
ALSK,$2.15,1440796208727,"235,932",78% bullish,of 18 ratings,$2
ALRM,$16.8,1440796208812,"126,608",100% bearish,of 1 rating,$22
ADHD,$7.94,1440796208837,"131,054",50% bullish,of 4 ratings,$18
ABDC,$12.83,1440796208869,"24,564",Not yet rated,NULL,$15
ALDX,$7.06,1440796208971,"18,445",100% bearish,of 1 rating,$14.50
ALXN,$178.86,1440796208996,"1,012,132",88% bullish,of 8 ratings,$223
ALDR,$38.61,1440796209175,"186,540",67% bearish,of 3 ratings,$62
ALCO,$42.25,1440796209255,"5,313",50% bullish,of 2 ratings,N/A
ALXA,$1.13,1440796209344,"13,227",83% bullish,of 6 ratings,$2.125
ALKS,$62.0942,1440796209502,"542,032",67% bullish,of 3 ratings,$75
ALGT,$208.41,1440796209557,"150,284",100% bearish,of 2 ratings,$235
ALLB,$22.72,1440796209654,797,Not yet rated,NULL,N/A
AIQ,$14.35,1440796209686,"6,903",67% bullish,of 3 ratings,N/A
ALIM,$3.44,1440796209724,"27,203",80% bullish,of 5 ratings,$10
ALGN,$57.27,1440796209757,"244,131",100% bearish,of 2 ratings,$73
AHPI,$1.44,1440796209783,"1,714",50% bullish,of 2 ratings,N/A
AFOP,$19.05,1440796209853,"104,154",75% bullish,of 8 ratings,$21
AHGP,$36.41,1440796209960,"89,083",67% bullish,of 3 ratings,N/A
AMOT,$18.85,1440796209987,"86,927",100% bearish,of 1 rating,N/A
ARLP,$25.32,1440796210014,"280,083",67% bearish,of 3 ratings,$32
ALLT,$5.42,1440796210203,"187,497",75% bullish,of 4 ratings,$6.25
ALQA,$4.4,1440796210228,"19,390",75% bullish,of 4 ratings,$8.50
MDRX,$13.8,1440796210303,"810,640",60% bullish,of 5 ratings,$16
ALNY,$109.07,1440796210360,"357,072",67% bullish,of 3 ratings,$148.50
AFAM,$45.43,1440796210389,"41,778",50% bullish,of 2 ratings,$44
SMCP,NULL,1440796210494,0,Not yet rated,NULL,N/A
ATEC,$0.54,1440796210523,"81,514",100% bullish,of 1 rating,$2
AOSL,$7.31,1440796210674,"49,947",67% bullish,of 3 ratings,$9
ASPS,$25.48,1440796210719,"184,857",67% bullish,of 3 ratings,$46.50
AIMC,$24.94,1440796210745,"71,616",100% bearish,of 2 ratings,$28.50
AMAG,$65.85,1440796210766,"315,677",100% bullish,of 2 ratings,$77.50
ALTR,$48.61,1440796210802,"1,182,479",80% bearish,of 5 ratings,$54
AMRN,$2.23,1440796210895,"1,409,147",85% bullish,of 39 ratings,$8
AYA,$20.7,1440796210961,"10,578",100% bearish,of 1 rating,$40
AMRK,$10.28,1440796211113,"2,016",50% bullish,of 2 ratings,$14
AMZN,$519.11,1440796211247,"1,552,019",81% bullish,of 264 ratings,$646
AMBCW,$7.65,1440796211271,"1,012",100% bearish,of 1 rating,N/A
AMBC,$15.61,1440796211296,"222,561",100% bearish,of 1 rating,$16.50
AMBA,$96.86,1440796211338,"1,954,335",83% bullish,of 12 ratings,$102.50
EPAX,$2.69,1440796211469,"86,785",100% bearish,of 1 rating,N/A
AMDA,$0.4798,1440796211524,"643,528",90% bullish,of 10 ratings,$1
AMCX,$73.6,1440796211595,"349,491",67% bullish,of 3 ratings,$87.50
DOX,$57.75,1440796211695,"257,565",67% bearish,of 3 ratings,$60
UHAL,$375.77,1440796211721,"28,990",100% bullish,of 2 ratings,$393.50
ASBI,$22.64,1440796211851,"1,069",Not yet rated,NULL,N/A
AMOV,$18.46,1440796211878,"2,614",100% bearish,of 1 rating,N/A
AMED,$39.09,1440796211899,"188,323",100% bearish,of 1 rating,$42
ATAX,$5.27,1440796211928,"73,836",100% bullish,of 1 rating,$6.50
AGNC,$19.36,1440796212148,"1,941,092",71% bullish,of 28 ratings,$22
AGNCB,$24.29,1440796212234,"19,098",Not yet rated,NULL,N/A
AAL,$38.62,1440796212260,"7,108,187",93% bullish,of 88 ratings,$57
MTGE,$15.29,1440796212286,"623,994",75% bullish,of 4 ratings,$19.50
AGNCP,$25.34,1440796212319,"6,144",Not yet rated,NULL,N/A
ACSF,$12.38,1440796212421,"29,182",100% bearish,of 1 rating,$15
MTGEP,$24.5,1440796212449,583,Not yet rated,NULL,N/A
ACAS,$13.8357,1440796212550,"897,392",60% bullish,of 5 ratings,$16.75
ANCI,$1.46,1440796212803,474,100% bearish,of 1 rating,N/A
AETI,$3.75,1440796212908,881,67% bearish,of 3 ratings,N/A
AMIC,NULL,1440796212951,0,Not yet rated,NULL,N/A
AMNB,$23.29,1440796212976,"4,556",Not yet rated,NULL,$25.50
ANAT,$100.8502,1440796213039,"25,880",100% bullish,of 1 rating,N/A
ARII,$40.76,1440796213123,"146,168",67% bearish,of 3 ratings,$45
APEI,$22.36,1440796213184,"59,822",100% bearish,of 1 rating,$25.50
AMSWA,$9.06,1440796213260,"131,254",100% bearish,of 2 ratings,$10.75
AMRB,$10.05,1440796213351,"2,153",Not yet rated,NULL,$11
AMWD,$66.55,1440796213420,"77,289",50% bullish,of 2 ratings,$70
AMSC,$4.67,1440796213452,"80,461",50% bullish,of 4 ratings,N/A
CRMT,$35.97,1440796213481,"40,468",100% bearish,of 1 rating,$39
ASEI,$39.03,1440796213511,"21,414",100% bearish,of 1 rating,$52.50
AMSF,$46.91,1440796213541,"49,852",Not yet rated,NULL,$57.50
ABCB,$26.8,1440796213612,"86,002",Not yet rated,NULL,$31
ASRV,$3.22,1440796213699,"12,469",100% bullish,of 2 ratings,N/A
ASRVP,NULL,1440796213907,0,Not yet rated,NULL,N/A
ATLO,$23.59,1440796213968,"4,506",Not yet rated,NULL,N/A
FOLD,$14.87,1440796214075,"612,656",56% bullish,of 9 ratings,$21
AMGN,$155.89,1440796214108,"3,399,693",89% bullish,of 19 ratings,$185
AMKR,$5.07,1440796214129,"1,277,833",100% bearish,of 2 ratings,$5
AMSG,$80.06,1440796214205,"252,052",100% bearish,of 1 rating,$85.50
AMSGP,$149.3,1440796214266,"33,058",Not yet rated,NULL,N/A
AMPH,$13.39,1440796214297,"106,975",50% bullish,of 2 ratings,$20
ASYS,$5.39,1440796214370,"36,672",67% bullish,of 3 ratings,$12
AFSI,$58.4717,1440796214403,"168,515",60% bullish,of 5 ratings,$72
AMRS,$1.69,1440796214497,"51,285",70% bullish,of 10 ratings,N/A
ANAC,$135.45,1440796214522,"264,448",80% bullish,of 5 ratings,$180.50
ADI,$56.45,1440796214654,"2,245,427",67% bullish,of 3 ratings,$69
ANAD,$0.33,1440796214693,"133,227",100% bullish,of 2 ratings,$.50
ALOG,$80.27,1440796214794,"65,588",100% bearish,of 2 ratings,$100.50
ABCW,$40.28,1440796214896,"7,717",67% bullish,of 3 ratings,N/A
AMCF,$0.22,1440796214934,"1,426",100% bullish,of 7 ratings,N/A
ANCB,$21.98,1440796214967,"29,500",Not yet rated,NULL,$23
ANIP,$52,1440796215060,"129,189",89% bullish,of 19 ratings,$66
ANGI,$5.21,1440796215087,"319,439",64% bullish,of 11 ratings,$5.50
ANGO,$14.67,1440796215164,"69,486",67% bullish,of 3 ratings,$19
ANIK,$35.94,1440796215222,"100,275",60% bullish,of 5 ratings,$51.25
ANSS,$89.74,1440796215310,"244,251",100% bearish,of 1 rating,$100
ANTH,$7.41,1440796215351,"469,427",80% bullish,of 10 ratings,$13
ABAC,$0.75,1440796215377,"11,927",100% bearish,of 1 rating,N/A
ATRS,$1.79,1440796215398,"332,285",92% bullish,of 12 ratings,$4.50
ATNY,$2.26,1440796215537,"4,237",50% bullish,of 2 ratings,$3.75
APIC,$6.91,1440796215608,"86,505",100% bearish,of 1 rating,$19
APPF,$16.3,1440796215735,"22,796",50% bullish,of 2 ratings,$22
AINV,$6.6,1440796215761,"696,100",50% bullish,of 4 ratings,$8
APOL,$11.47,1440796215790,"654,267",87% bearish,of 68 ratings,$14
APOG,$50.82,1440796215819,"111,095",50% bullish,of 2 ratings,$67
AAPL,$113.15,1440796215845,"32,481,310",86% bullish,of 2351 ratings,$150
ARCI,NULL,1440796215918,0,Not yet rated,NULL,N/A
APDNW,$1.27,1440796216015,"2,254",Not yet rated,NULL,N/A
APDN,$3.46,1440796216044,"72,814",Not yet rated,NULL,$9
AMAT,$15.9916,1440796216220,"7,111,784",82% bullish,of 11 ratings,$23
AMCC,$5.77,1440796216247,"326,270",80% bullish,of 5 ratings,$8
AGTC,$16.69,1440796216268,"40,739",50% bullish,of 2 ratings,$33
APRI,$1.35,1440796216447,"380,591",83% bullish,of 6 ratings,$4.86
AAOI,$21.11,1440796216483,"169,287",50% bullish,of 4 ratings,$26
AREX,$2.17,1440796216513,"985,162",100% bearish,of 1 rating,$3
AUMA,$9.89,1440796216615,230,Not yet rated,NULL,N/A
APTO,$5.28,1440796216645,"32,201",Not yet rated,NULL,$17
AQXP,$16.76,1440796216774,"147,931",50% bullish,of 2 ratings,$2
AUMAW,NULL,1440796217051,0,Not yet rated,NULL,N/A
AUMAU,NULL,1440796217079,0,Not yet rated,NULL,N/A
AQMS,$5.2,1440796217100,"53,706",Not yet rated,NULL,N/A
PETX,$17.64,1440796217132,"156,925",100% bearish,of 2 ratings,$26
ARDM,NULL,1440796217231,0,100% bullish,of 1 rating,$26
ABUS,$7.36,1440796217298,"240,604",86% bullish,of 14 ratings,$23
ARCW,$3.63,1440796217329,"4,066",100% bearish,of 2 ratings,$10.50
RKDA,$6.36,1440796217357,"9,839",100% bearish,of 2 ratings,$10
ABIO,$0.89,1440796217426,"57,096",50% bullish,of 2 ratings,$3.75
ARCB,$29.04,1440796217495,"134,492",67% bearish,of 3 ratings,$39.50
ACAT,$26.55,1440796217522,"114,131",100% bearish,of 3 ratings,$33
ACGL,$68.1836,1440796217575,"313,921",50% bullish,of 2 ratings,$72
ARCC,$15.6189,1440796217710,"1,375,235",67% bearish,of 3 ratings,$17.875
ARNA,$2.71,1440796217760,"2,247,385",90% bullish,of 78 ratings,$5.50
ARDX,$18.75,1440796217792,"63,461",50% bullish,of 2 ratings,$24.50
AGII,$54.77,1440796217891,"101,334",Not yet rated,NULL,$59.50
AGIIL,$25.36,1440796218019,"11,027",Not yet rated,NULL,N/A
ARIS,$3.54,1440796218108,"40,749",Not yet rated,NULL,$4.50
ARGS,$6.16,1440796218138,"18,498",50% bullish,of 2 ratings,$19.50
ARMH,$42.62,1440796218244,"865,391",54% bearish,of 13 ratings,$60
ARTX,$1.45,1440796218277,"63,093",88% bullish,of 16 ratings,$4.50
ARWA,NULL,1440796218322,0,Not yet rated,NULL,N/A
ARIA,$9.77,1440796218347,"22,269,585",87% bullish,of 46 ratings,$9
ARKR,$24.54,1440796218409,604,50% bullish,of 2 ratings,N/A
ARWAR,NULL,1440796218558,0,Not yet rated,NULL,N/A
ARWAU,NULL,1440796218585,0,100% bullish,of 1 rating,N/A
ARWAW,NULL,1440796218636,0,Not yet rated,NULL,N/A
ARRY,$5.94,1440796218797,"718,947",100% bullish,of 7 ratings,$10
ARQL,$1.76,1440796218868,"76,309",75% bullish,of 4 ratings,$5
ARRS,$26.82,1440796218968,"723,865",50% bullish,of 2 ratings,$38
AROW,$27.26,1440796219060,"13,804",Not yet rated,NULL,N/A
DWAT,$9.98,1440796219099,"2,550",100% bearish,of 1 rating,N/A
ARWR,$5.77,1440796219198,"437,585",75% bullish,of 4 ratings,$10.50
ASBB,$24.2,1440796219226,191,Not yet rated,NULL,N/A
ARTNA,$22.24,1440796219254,"8,516",100% bearish,of 1 rating,$29
ARTW,$4.27,1440796219363,"1,665",75% bearish,of 4 ratings,N/A
ASND,$19.17,1440796219391,"58,087",100% bullish,of 1 rating,$30
ASNA,$12,1440796219523,"3,325,555",50% bullish,of 2 ratings,$18
ASTI,$0.1027,1440796219554,"1,274,925",83% bullish,of 6 ratings,$3
ASCMA,$27.4,1440796219583,"54,550",100% bearish,of 1 rating,$45
ASMI,NULL,1440796219649,0,NULL,NULL,NULL
APWC,$1.91,1440796219733,"1,704",100% bearish,of 1 rating,N/A
ASML,$91.98,1440796219868,"376,653",50% bullish,of 4 ratings,$127
ASMB,$13.33,1440796219894,"40,085",67% bullish,of 3 ratings,N/A
ASFI,$8.9,1440796219944,"6,440",100% bullish,of 1 rating,N/A
ATRO,$52.84,1440796220027,"104,448",100% bearish,of 2 ratings,$80
ALOT,$13.97,1440796220113,"5,000",100% bearish,of 1 rating,N/A
AZPN,$37.9,1440796220176,"471,280",50% bullish,of 2 ratings,$42
ASTE,$37.12,1440796220203,"59,288",100% bearish,of 1 rating,$48
ASUR,$5.97,1440796220277,"1,342",50% bullish,of 2 ratings,$8
ATAI,$2.53,1440796220335,"5,759",100% bearish,of 1 rating,N/A
ATRA,$40.22,1440796220467,"86,077",50% bullish,of 2 ratings,$68
ASTC,$2.07,1440796220498,"13,827",100% bullish,of 5 ratings,N/A
ATHN,$134.56,1440796220599,"144,558",67% bearish,of 3 ratings,$153
AFCB,$26.58,1440796220627,43,Not yet rated,NULL,N/A
AAPC,$10.1,1440796220667,524,Not yet rated,NULL,N/A
ACFC,$5.59,1440796220758,"23,302",100% bearish,of 1 rating,$6.50
ATHX,$1.15,1440796220820,"150,153",89% bullish,of 9 ratings,$5
ATNI,$71.89,1440796220893,"30,836",100% bearish,of 1 rating,$69.50
AAME,$3.51,1440796220925,"1,614",Not yet rated,NULL,N/A
ATLC,$3.82,1440796220946,"1,000",67% bullish,of 3 ratings,N/A
AFH,$16.25,1440796221082,"45,444",Not yet rated,NULL,$21.50
AAWW,$41.57,1440796221110,"344,090",50% bullish,of 2 ratings,$65
ATML,$8.21,1440796221135,"5,323,862",78% bullish,of 9 ratings,$9.50
ATOS,$0.76,1440796221318,"146,526",100% bullish,of 7 ratings,$7
ATRC,$25.5,1440796221388,"75,032",100% bullish,of 1 rating,$30
ATRM,$2.83,1440796221468,"5,169",50% bullish,of 2 ratings,N/A
ATRI,$390.57,1440796221521,"1,710",Not yet rated,NULL,N/A
LIFE,$14.79,1440796221595,"59,987",86% bullish,of 7 ratings,$43
AUBN,$26.68,1440796221628,652,Not yet rated,NULL,N/A
AUDC,$3.34,1440796221649,"41,046",80% bullish,of 5 ratings,$5
ATTU,$13,1440796221670,"43,213",100% bearish,of 1 rating,$20.50
EARS,$4.86,1440796221830,"61,876",100% bearish,of 2 ratings,$11.50
AUPH,$3.03,1440796221858,"48,213",100% bearish,of 1 rating,$8
ADAT,$0.2901,1440796222030,"286,619",100% bullish,of 2 ratings,N/A
ADSK,$47.52,1440796222074,"7,664,747",67% bullish,of 6 ratings,$69.50
ABTL,$17.48,1440796222127,"56,816",100% bullish,of 4 ratings,$20.25
AVGO,$127.62,1440796222200,"2,365,044",88% bullish,of 8 ratings,$165
ADP,$78.41,1440796222227,"1,833,355",100% bearish,of 1 rating,$88
AVEO,$1.42,1440796222302,"525,234",75% bullish,of 8 ratings,$3
AAVL,$10.78,1440796222641,"281,210",100% bearish,of 1 rating,$20
AVNU,$12.35,1440796222678,"4,686",Not yet rated,NULL,$14
AVNW,$1.13,1440796222710,"120,526",50% bullish,of 2 ratings,$2.20
AVGR,$14.96,1440796222776,"28,648",100% bearish,of 1 rating,$20
CAR,$43.59,1440796222806,"772,875",80% bullish,of 5 ratings,$60
AVID,$8.51,1440796222835,"262,047",100% bearish,of 1 rating,$20
ACLS,$3.17,1440796222861,"211,572",67% bullish,of 6 ratings,$4.75
AWRE,$3.18,1440796222937,"9,746",67% bullish,of 3 ratings,N/A
AXPW,$1.06,1440796223130,"50,386",83% bullish,of 6 ratings,N/A
AXPWW,NULL,1440796223206,0,Not yet rated,NULL,N/A
AXGN,$4.88,1440796223258,"266,524",Not yet rated,NULL,$5
BCOM,$18.86,1440796223310,80,100% bearish,of 1 rating,N/A
AXTI,$2.2,1440796223336,"30,041",50% bullish,of 2 ratings,$2.75
RILY,NULL,1440796223360,0,Not yet rated,NULL,N/A
BOSC,$2.17,1440796223585,"2,700",50% bullish,of 2 ratings,N/A
BEAV,$49.39,1440796223804,"564,180",67% bearish,of 3 ratings,$59
BCPC,$58.23,1440796223939,"129,590",100% bearish,of 1 rating,$75
BWINA,NULL,1440796223961,0,Not yet rated,NULL,N/A
BWINB,$23.05,1440796223985,"5,630",Not yet rated,NULL,N/A
BIDU,$152.46,1440796224043,"2,191,539",81% bullish,of 88 ratings,$210
BLDP,$1.28,1440796224355,"333,343",91% bullish,of 22 ratings,$2.50
BANF,$59.87,1440796224535,"10,874",Not yet rated,NULL,$68
BOCH,$5.75,1440796224616,"7,098",Not yet rated,NULL,$6.50
BMRC,$47.78,1440796224641,"6,078",Not yet rated,NULL,$52
BANFP,NULL,1440796224691,0,Not yet rated,NULL,N/A
BKMU,$7.2,1440796224716,"106,117",Not yet rated,NULL,$8
BKSC,$16.38,1440796225013,"1,895",Not yet rated,NULL,N/A
BOTJ,$10.93,1440796225158,51,Not yet rated,NULL,N/A
BFIN,$11.98,1440796225297,"805,971",Not yet rated,NULL,$13
BWFG,$17.89,1440796225332,"86,221",100% bearish,of 1 rating,N/A
BANR,$43.67,1440796225362,"52,487",100% bullish,of 3 ratings,$50
TAPR,$31.36,1440796225433,"1,065",100% bearish,of 1 rating,N/A
OZRK,$41.65,1440796225465,"340,296",67% bullish,of 3 ratings,$49.50
BZUN,$5.29,1440796225486,"324,008",50% bullish,of 2 ratings,$11.50
BHAC,$9.81,1440796225564,400,Not yet rated,NULL,N/A
BHACR,NULL,1440796225745,0,Not yet rated,NULL,N/A
BHACW,NULL,1440796225796,0,Not yet rated,NULL,N/A
BHACU,NULL,1440796225817,0,Not yet rated,NULL,N/A
BBSI,$35.46,1440796225875,"44,948",67% bearish,of 3 ratings,$62.50
BYBK,$4.88,1440796225951,"12,262",100% bearish,of 1 rating,N/A
BYLK,$12.75,1440796226092,"3,944",Not yet rated,NULL,$14
BSET,$28.97,1440796226141,"65,844",100% bearish,of 1 rating,$35
BBCN,$14.41,1440796226200,"235,503",100% bearish,of 1 rating,$16
BV,$5.16,1440796226243,"390,911",67% bullish,of 6 ratings,$9
BDCV,$4.92,1440796226373,"8,428",100% bearish,of 1 rating,$10.19
BCBP,$11.51,1440796226399,"2,786",Not yet rated,NULL,N/A
BECN,$35.38,1440796226441,"319,053",50% bullish,of 2 ratings,$40
BBGI,$4.07,1440796226539,514,100% bullish,of 1 rating,N/A
BEBE,$1.35,1440796226565,"2,507,789",75% bullish,of 4 ratings,$3.075
BSF,$8.56,1440796226589,"14,316",Not yet rated,NULL,N/A
BBBY,$62.32,1440796226619,"1,490,780",71% bullish,of 7 ratings,$75
BELFA,$16.95,1440796226828,24,100% bearish,of 1 rating,N/A
BLPH,$5.04,1440796226899,"6,129",100% bearish,of 1 rating,$12.50
BELFB,$17.97,1440796226925,"23,081",100% bearish,of 1 rating,N/A
BNFT,$36.35,1440796227060,"83,611",67% bullish,of 3 ratings,$46
BNCL,$12.42,1440796227090,"203,255",100% bullish,of 3 ratings,$12.50
BLCM,$17.34,1440796227123,"156,508",50% bullish,of 4 ratings,$40
BNTC,$7.9937,1440796227193,"46,904",100% bullish,of 1 rating,N/A
BGMD,$0.7251,1440796227271,"219,421",100% bullish,of 10 ratings,N/A
BGCP,$8.735,1440796227330,"654,941",88% bullish,of 8 ratings,$14
BGFV,$11.1,1440796227400,"86,024",57% bullish,of 7 ratings,$12
BIND,$4.45,1440796227503,"49,598",75% bullish,of 4 ratings,$13.50
ORPN,$5.97,1440796227570,"20,587",100% bullish,of 1 rating,$28.50
BCDA,NULL,1440796227596,0,Not yet rated,NULL,N/A
BIOC,$1.98,1440796227633,"102,773",83% bullish,of 6 ratings,$3.85
BASI,$1.6,1440796227658,"3,810",Not yet rated,NULL,N/A
BCRX,$11.42,1440796227826,"314,110",63% bullish,of 8 ratings,$18
BIIB,$303.69,1440796227978,"1,407,281",88% bullish,of 16 ratings,$400
BIOD,$0.6435,1440796228005,"49,279",80% bullish,of 5 ratings,$4
BDSI,$6.87,1440796228042,"493,039",88% bullish,of 8 ratings,$17
BLRX,$1.53,1440796228064,"208,226",100% bullish,of 12 ratings,$5
BIOL,$1.43,1440796228094,"19,466",Not yet rated,NULL,N/A
BLFS,$1.98,1440796228132,"21,237",100% bearish,of 1 rating,$4.75
BMRN,$132.0147,1440796228162,"575,644",80% bullish,of 5 ratings,$160
BVXVW,$0.7,1440796228373,300,100% bearish,of 1 rating,N/A
BVXV,$3.6325,1440796228406,"2,361",Not yet rated,NULL,N/A
BPTH,$1.11,1440796228431,"55,103",100% bullish,of 2 ratings,$5
BRLI,NULL,1440796228508,0,NULL,NULL,NULL
BBC,$31.95,1440796228639,"9,881",Not yet rated,NULL,N/A
BIOS,$2.46,1440796228668,"689,760",71% bullish,of 7 ratings,$4
BSPM,$0.67,1440796228767,"65,101",50% bullish,of 2 ratings,N/A
BSTC,$52.12,1440796228798,"40,800",100% bearish,of 1 rating,$76
TECH,$96.5,1440796228978,"280,906",100% bullish,of 1 rating,$117
BEAT,$14.67,1440796229009,"218,630",67% bearish,of 3 ratings,$15
BBP,$32.7,1440796229036,"19,483",Not yet rated,NULL,N/A
BITI,$17.095,1440796229059,"19,344",100% bullish,of 1 rating,$28
BOTA,$2.08,1440796229106,"24,405",88% bullish,of 8 ratings,N/A
BBOX,$15.07,1440796229236,"96,363",100% bearish,of 1 rating,N/A
BDMS,$12.64,1440796229337,84,100% bearish,of 1 rating,N/A
BDE,$7.5,1440796229440,"75,507",50% bullish,of 2 ratings,$9
BLKB,$57.86,1440796229574,"156,655",100% bearish,of 2 ratings,$66
BBRY,$7.36,1440796229599,"3,499,684",61% bullish,of 330 ratings,$9
BJRI,$44.26,1440796229629,"170,972",50% bullish,of 2 ratings,$55
HAWK,$40.26,1440796229953,"239,630",91% bullish,of 11 ratings,$49
ADRE,$30.08,1440796230058,"10,155",100% bearish,of 1 rating,N/A
ADRU,$21.9113,1440796230086,"1,280",100% bearish,of 1 rating,N/A
ADRA,$27.5,1440796230115,"2,800",100% bearish,of 1 rating,N/A
ADRD,$22.21,1440796230141,"11,305",100% bearish,of 1 rating,N/A
BKCC,$9.304,1440796230162,"302,275",50% bullish,of 2 ratings,$10
BLBD,$11.96,1440796230199,"9,660",Not yet rated,NULL,N/A
BCOR,$13.81,1440796230307,"189,735",57% bullish,of 7 ratings,$15
BLMN,$20.51,1440796230485,"1,243,002",83% bullish,of 6 ratings,$27.50
BBLU,$0.78,1440796230541,"112,994",100% bullish,of 2 ratings,$4.43
BUFF,$26.31,1440796230565,"184,065",83% bullish,of 12 ratings,$31.50
BHBK,$13.84,1440796230702,"32,621",100% bullish,of 1 rating,$14.50
NILE,$34.3,1440796230835,"81,168",50% bullish,of 2 ratings,$34
BKEP,$6.34,1440796230867,"19,498",100% bearish,of 1 rating,$8.50
BPMC,$26.84,1440796230888,"69,527",50% bullish,of 2 ratings,$47.50
BLUE,$137.47,1440796230909,"296,264",71% bullish,of 7 ratings,$217.50
BKEPP,$7.61,1440796230954,"6,200",100% bearish,of 1 rating,N/A
BOFI,$117.62,1440796231040,"213,540",100% bullish,of 6 ratings,$144
BNCN,$20.56,1440796231065,"117,776",Not yet rated,NULL,$24
BOJA,$21.44,1440796231242,"58,055",100% bullish,of 1 rating,$30
BOKF,$62.3925,1440796231298,"164,013",100% bearish,of 1 rating,$69
WIFI,$7.62,1440796231327,"145,572",50% bullish,of 2 ratings,$13.50
BOBE,$43.6,1440796231348,"117,836",75% bullish,of 4 ratings,$57
BONA,$11.64,1440796231482,"107,333",75% bullish,of 4 ratings,$8.50
BPFHP,$24.85,1440796231656,"11,250",100% bearish,of 1 rating,N/A
BAMM,$3.1,1440796231687,"24,796",60% bullish,of 5 ratings,N/A
BNSO,$1.31,1440796231709,630,100% bearish,of 1 rating,N/A
BPFH,$11.79,1440796231735,"250,539",100% bearish,of 1 rating,$14
BPFHW,$5.15,1440796231768,"3,330",100% bearish,of 1 rating,N/A
BCLI,$3.04,1440796231867,"50,501",80% bullish,of 5 ratings,$12
BDBD,$8.39,1440796231894,"451,957",60% bullish,of 5 ratings,$10
EPAY,$26.94,1440796231919,"177,935",100% bearish,of 2 ratings,$30
BBRG,$12.72,1440796232086,"69,040",67% bullish,of 3 ratings,$14.50
BBEPP,$13.4,1440796232191,"61,890",100% bearish,of 1 rating,N/A
BBEP,$2.9,1440796232228,"2,794,158",69% bullish,of 13 ratings,$5.625
BRID,NULL,1440796232359,0,100% bearish,of 1 rating,N/A
BDGE,$26.21,1440796232406,"17,166",Not yet rated,NULL,$31.75
BLIN,$1.36,1440796232532,"5,087",100% bullish,of 2 ratings,$2.20
BCOV,$5.32,1440796232557,"68,688",67% bullish,of 3 ratings,$10.20
BSFT,$31.63,1440796232584,"88,378",57% bullish,of 7 ratings,$40.50
BYFC,$1.36,1440796232636,"5,967",50% bullish,of 2 ratings,N/A
BWEN,$3.18,1440796232765,"34,309",100% bullish,of 3 ratings,$8
BRCM,$51.79,1440796232815,"2,529,830",75% bullish,of 12 ratings,$56
BVSN,$6.01,1440796232849,"13,669",60% bearish,of 5 ratings,N/A
BRCD,$10.553,1440796232876,"2,104,384",92% bullish,of 13 ratings,$11.50
BRKL,$10.51,1440796232953,"272,340",100% bearish,of 1 rating,$10.75
BRKS,$10.41,1440796233054,"127,627",67% bullish,of 3 ratings,$15.25
BRKR,$18.4692,1440796233152,"392,981",100% bearish,of 2 ratings,$22
BMTC,$29.2,1440796233367,"98,064",Not yet rated,NULL,$34
BLMT,$20.6,1440796233498,"11,270",Not yet rated,NULL,N/A
BSQR,$6.15,1440796233528,"55,497",67% bullish,of 3 ratings,N/A
BLDR,$14.48,1440796233549,"484,766",67% bullish,of 3 ratings,$22
BWLD,$194.06,1440796233583,"166,257",82% bullish,of 11 ratings,$205
CHRW,$67.2467,1440796233688,"1,365,634",Not yet rated,NULL,$72
CFFI,$36.19,1440796233713,"7,589",100% bearish,of 1 rating,N/A
CA,$27.26,1440796233744,"2,293,564",50% bullish,of 4 ratings,$33
BUR,$1.74,1440796233774,"6,743",100% bearish,of 1 rating,$8
CDNS,$20.14,1440796233990,"1,265,237",75% bullish,of 4 ratings,$22.50
CACQ,$7.53,1440796234026,"56,359",100% bearish,of 1 rating,$12.25
CCMP,$43.53,1440796234054,"79,642",50% bullish,of 2 ratings,$59
CDZI,$8.14,1440796234075,"84,491",100% bearish,of 1 rating,N/A
CSTE,$40.5,1440796234207,"114,834",50% bullish,of 2 ratings,$65
PRSS,$4.55,1440796234436,"10,528",80% bullish,of 5 ratings,$4.50
CLBS,$1.44,1440796234465,"118,591",79% bullish,of 14 ratings,$4
CZR,$9.17,1440796234494,"738,436",60% bearish,of 5 ratings,$10.50
CCD,$19.38,1440796234524,"81,611",Not yet rated,NULL,N/A
CHY,$11.47,1440796234594,"160,991",Not yet rated,NULL,N/A
CHI,$10.6,1440796234620,"101,782",100% bearish,of 1 rating,N/A
CFGE,NULL,1440796234770,0,Not yet rated,NULL,N/A
CLMS,$10.61,1440796234797,"65,837",Not yet rated,NULL,$10.50
CHW,$7.64,1440796234840,"278,918",100% bearish,of 1 rating,N/A
CGO,$12.01,1440796234937,"13,619",100% bearish,of 1 rating,N/A
CSQ,$9.96,1440796235122,"222,801",Not yet rated,NULL,N/A
CAMP,$16.59,1440796235154,"249,483",88% bullish,of 8 ratings,$25
CVGW,$59.23,1440796235185,"104,521",50% bullish,of 2 ratings,$58.50
CALM,$50.25,1440796235251,"273,365",80% bullish,of 5 ratings,$65
CALD,$15.94,1440796235281,"214,263",100% bearish,of 1 rating,$21
CLMT,$26.1156,1440796235313,"157,345",75% bullish,of 8 ratings,$31
CFNB,$13.31,1440796235339,301,100% bearish,of 1 rating,N/A
CALA,$5.78,1440796235360,"350,686",100% bullish,of 3 ratings,$19.50
ABCD,$5.28,1440796235558,"155,994",83% bullish,of 6 ratings,N/A
CAMBU,NULL,1440796235607,0,100% bearish,of 1 rating,N/A
CAMB,$9.95,1440796235632,"3,000",Not yet rated,NULL,N/A
CAMBW,NULL,1440796235697,0,Not yet rated,NULL,N/A
CAMT,$2.72,1440796235800,"11,795",73% bullish,of 11 ratings,$4
CAC,$40.25,1440796235826,"5,351",Not yet rated,NULL,N/A
CSIQ,$18.9253,1440796235957,"1,536,120",86% bullish,of 28 ratings,$42.50
CGIX,$9.96,1440796236012,"20,078",67% bullish,of 3 ratings,$14.375
CPHC,$10.3,1440796236037,"1,608",100% bearish,of 1 rating,N/A
CBF,$29.7,1440796236180,"163,214",Not yet rated,NULL,$32
CBNJ,$11.09,1440796236212,"17,605",100% bullish,of 1 rating,N/A
CPLA,$49.2,1440796236267,"111,385",67% bearish,of 3 ratings,$65
CCBG,$14.99,1440796236295,"18,070",Not yet rated,NULL,$17.25
CPLP,$6.85,1440796236324,"246,034",71% bullish,of 7 ratings,$11
CPTA,$13.69,1440796236452,"45,514",100% bearish,of 1 rating,$18.50
CFFN,$12.03,1440796236667,"444,730",Not yet rated,NULL,$12.75
CSWC,$45.86,1440796236694,"14,727",Not yet rated,NULL,N/A
CAPN,$2.27,1440796236724,"216,917",100% bullish,of 1 rating,$10.85
CAPNW,NULL,1440796236824,0,Not yet rated,NULL,N/A
CAPR,$4.28,1440796236850,"3,636",Not yet rated,NULL,$12
CPST,$0.4182,1440796236879,"1,396,611",95% bullish,of 22 ratings,$1.25
CARA,$19.25,1440796236984,"104,767",50% bullish,of 4 ratings,$25
CRDC,$0.37,1440796237133,"98,459",100% bullish,of 1 rating,$1.25
CBYL,$5.38,1440796237163,"28,815",100% bearish,of 1 rating,$20
CRME,$8.86,1440796237228,"6,283",89% bullish,of 9 ratings,$11.25
CSII,$24.24,1440796237259,"97,779",100% bearish,of 2 ratings,$42.125
CATM,$34.65,1440796237300,"145,056",100% bearish,of 1 rating,$44
CFNL,$21.88,1440796237327,"97,527",Not yet rated,NULL,$24
CARB,$11.28,1440796237394,"80,399",75% bullish,of 4 ratings,$12
CDNA,$6.86,1440796237580,"9,849",100% bearish,of 1 rating,$9
CKEC,$23.45,1440796237712,"112,092",50% bullish,of 2 ratings,$35.915
CLBH,$12.7,1440796237739,"1,504",Not yet rated,NULL,$16.50
CTRE,$11.32,1440796237760,"366,158",50% bullish,of 2 ratings,$13.50
CECO,$3.78,1440796237788,"325,880",67% bearish,of 3 ratings,$6
CARO,$15.52,1440796237934,686,100% bearish,of 1 rating,$19
CART,$5.35,1440796237977,"1,687",100% bearish,of 1 rating,N/A
CRZO,$35.38,1440796238063,"1,680,791",67% bearish,of 3 ratings,$55
TAST,$12.68,1440796238134,"294,920",Not yet rated,NULL,$14.25
CRTN,$2.49,1440796238162,"4,420",100% bearish,of 1 rating,N/A
CARV,$7,1440796238183,"3,573",50% bullish,of 2 ratings,N/A
CASM,$1.13,1440796238216,"169,953",100% bullish,of 1 rating,$3.50
CACB,$5.28,1440796238244,"28,460",Not yet rated,NULL,$5.50
CSCD,$14.97,1440796238373,"29,328",100% bullish,of 2 ratings,$17
CASI,$1.45,1440796238568,"16,210",100% bullish,of 1 rating,$3.50
CWST,$6.25,1440796238621,"94,168",50% bullish,of 2 ratings,$7.25
CATB,$12.3,1440796238707,"12,584",100% bearish,of 1 rating,$28
CASY,$106.08,1440796238747,"164,558",50% bullish,of 2 ratings,$99.50
CATY,$29.47,1440796238773,"526,220",100% bearish,of 1 rating,$33.50
CASS,$48.74,1440796238794,"12,195",100% bearish,of 1 rating,N/A
CATYW,NULL,1440796238853,0,100% bearish,of 1 rating,N/A
CVCO,$71.58,1440796238988,"22,860",100% bearish,of 1 rating,N/A
CBFV,$20.23,1440796239078,"1,904",Not yet rated,NULL,$25
CAVM,$68.35,1440796239123,"259,220",67% bearish,of 3 ratings,$72
CNLM,$9.92,1440796239151,"5,100",Not yet rated,NULL,N/A
CNLMR,NULL,1440796239177,0,Not yet rated,NULL,N/A
CPRX,$3.64,1440796239205,"252,829",71% bullish,of 7 ratings,$7
CNLMU,NULL,1440796239230,0,100% bullish,of 1 rating,N/A
CNLMW,NULL,1440796239536,0,Not yet rated,NULL,N/A
CBOE,$63.82,1440796239591,"270,550",Not yet rated,NULL,$60
CECE,$9.72,1440796239665,"43,721",50% bullish,of 2 ratings,$16
CDK,$49.69,1440796239694,"401,908",67% bearish,of 3 ratings,$50
CDW,$40.1,1440796239741,"682,471",75% bullish,of 4 ratings,$44
CLDN,$1.11,1440796239766,"380,623",71% bullish,of 7 ratings,$3
CPXX,$2.09,1440796239793,"73,775",100% bullish,of 2 ratings,$7
CLRBW,NULL,1440796240090,0,Not yet rated,NULL,N/A
CLLS,$33.23,1440796240118,"43,557",75% bullish,of 4 ratings,$51.50
CBMG,$23.56,1440796240148,"38,037",50% bullish,of 2 ratings,N/A
CELG,$124.04,1440796240175,"3,112,908",92% bullish,of 13 ratings,$155.50
CLRB,$3.07,1440796240202,"3,191",100% bearish,of 1 rating,N/A
CELGZ,$1.84,1440796240223,130,80% bullish,of 5 ratings,N/A
CLDX,$15.36,1440796240251,"795,869",89% bullish,of 9 ratings,$36
CLTX,$2.42,1440796240566,"133,553",100% bullish,of 2 ratings,N/A
CEMP,$35.8,1440796240594,"347,148",71% bullish,of 7 ratings,$52
CLSN,$2.06,1440796240623,"73,145",80% bullish,of 10 ratings,$7.50
CYAD,NULL,1440796240644,0,100% bullish,of 1 rating,$87.50
CETX,$2.36,1440796240665,"4,400",Not yet rated,NULL,$5.60
CSFL,$13.59,1440796240686,"87,153",Not yet rated,NULL,$15
CETV,$2.14,1440796240816,"134,612",67% bullish,of 3 ratings,$2.80
CENX,$5.51,1440796240973,"2,154,129",67% bullish,of 6 ratings,$9
CFBK,$1.37,1440796241002,"2,096",Not yet rated,NULL,N/A
CENTA,$12.55,1440796241022,"406,884",Not yet rated,NULL,N/A
CVCY,$11.26,1440796241056,"19,319",Not yet rated,NULL,$12
CENT,$12.18,1440796241079,"51,466",Not yet rated,NULL,$10
CNBKA,$41.6,1440796241153,"1,243",50% bullish,of 2 ratings,N/A
CNTY,$5.65,1440796241379,"30,032",80% bullish,of 5 ratings,$7.75
CERN,$63.13,1440796241408,"1,747,634",67% bullish,of 3 ratings,$79
CRNT,$1.43,1440796241429,"82,256",50% bullish,of 2 ratings,$2
CERE,$1.14,1440796241457,"230,627",88% bullish,of 8 ratings,N/A
CPHD,$50.36,1440796241482,"387,374",67% bearish,of 3 ratings,$66.50
CERU,$3.78,1440796241635,"42,073",75% bullish,of 4 ratings,$15
CERS,$4.85,1440796241696,"305,160",75% bullish,of 4 ratings,$7
KOOL,$0.67,1440796241798,"40,840",100% bullish,of 5 ratings,$7
CEVA,$19.13,1440796241862,"98,749",100% bearish,of 1 rating,$25
HOTR,$1.42,1440796241947,"119,259",100% bullish,of 2 ratings,$5
HOTRW,NULL,1440796241977,0,Not yet rated,NULL,N/A
CTHR,$1.3,1440796242000,"7,326",50% bullish,of 2 ratings,$2.50
CYOU,$20.64,1440796242021,"99,352",50% bullish,of 6 ratings,$24
GTLS,$24.36,1440796242079,"352,866",50% bullish,of 4 ratings,$40
CHTR,$180.1921,1440796242283,"506,492",100% bearish,of 2 ratings,$196
CHFN,$12.38,1440796242324,"17,917",Not yet rated,NULL,$14
CHEKW,NULL,1440796242455,0,Not yet rated,NULL,N/A
CHKP,$78.7204,1440796242486,"690,963",50% bullish,of 4 ratings,$92
CEMI,$4.25,1440796242533,"18,500",50% bullish,of 2 ratings,$7.50
CHFC,$31.4,1440796242559,"83,177",100% bearish,of 1 rating,$36
CHEK,$2.1,1440796242586,"3,047",Not yet rated,NULL,$7.75
CHKE,$25.46,1440796242755,"11,637",100% bearish,of 1 rating,$32.50
CCXI,$6.5,1440796242824,"58,200",67% bullish,of 3 ratings,$14
CHEV,$14.42,1440796242855,"2,230",Not yet rated,NULL,N/A
CHMG,$26.15,1440796242876,520,Not yet rated,NULL,$30
CMRX,$50.48,1440796243030,"233,277",50% bullish,of 2 ratings,$57
CBNK,$16.25,1440796243059,"7,266",100% bearish,of 1 rating,N/A
CHMA,$25.42,1440796243088,"56,946",Not yet rated,NULL,$40
PLCE,$59.63,1440796243195,"171,366",100% bearish,of 1 rating,$69
CADC,NULL,1440796243288,0,78% bullish,of 9 ratings,N/A
CALI,$0.89,1440796243317,"13,298",67% bullish,of 3 ratings,N/A
CAAS,$6.55,1440796243387,"22,438",93% bullish,of 14 ratings,$11.50
CBAK,$2.02,1440796243417,"47,677",67% bullish,of 9 ratings,N/A
CCCR,$0.79,1440796243516,"1,440",67% bearish,of 3 ratings,N/A
CCCL,$0.783,1440796243614,"8,319",100% bullish,of 6 ratings,N/A
CBPO,$99.9369,1440796243643,"135,210",75% bullish,of 8 ratings,$140.50
JRJC,$3.64,1440796243669,"75,212",82% bullish,of 11 ratings,N/A
HGSH,$1.81,1440796243796,"5,114",67% bullish,of 3 ratings,N/A
CHOP,$1.16,1440796243823,"3,443",50% bullish,of 2 ratings,N/A
CHLN,$1.99,1440796243862,"5,524",67% bullish,of 3 ratings,N/A
CNIT,$1.37,1440796243889,"110,498",67% bullish,of 6 ratings,N/A
CJJD,$1.87,1440796244080,"12,291",100% bullish,of 1 rating,N/A
HTHT,$25.57,1440796244106,"81,705",50% bullish,of 2 ratings,$28.40
CHNR,$1.57,1440796244134,"4,716",100% bearish,of 1 rating,N/A
CREG,$0.7,1440796244264,"37,457",100% bullish,of 3 ratings,N/A
CNTF,$0.804,1440796244336,"91,538",Not yet rated,NULL,N/A
CSUN,$1.48,1440796244363,"12,166",80% bullish,of 5 ratings,N/A
CPGI,NULL,1440796244386,0,Not yet rated,NULL,N/A
CCIH,$7.31,1440796244554,"195,215",67% bullish,of 6 ratings,$12.65
CNYD,$3.35,1440796244584,"14,299",67% bullish,of 3 ratings,N/A
IMOS,$18.56,1440796244615,"157,340",60% bullish,of 5 ratings,$21.50
CXDC,$5.72,1440796244658,"37,730",67% bearish,of 3 ratings,N/A
CHSCL,$27.01,1440796244719,"14,960",Not yet rated,NULL,N/A
CNET,$0.898,1440796244749,"40,200",50% bullish,of 2 ratings,N/A
CHSCM,$26.12,1440796244849,"14,760",Not yet rated,NULL,N/A
CHSCO,$28.31,1440796244909,"2,888",Not yet rated,NULL,N/A
CHSCN,$27.27,1440796245050,"2,175",Not yet rated,NULL,N/A
CHSCP,$30.51,1440796245089,"4,500",Not yet rated,NULL,N/A
CHDN,$133.5,1440796245187,"100,896",Not yet rated,NULL,$165
CHUY,$31.57,1440796245331,"143,174",50% bullish,of 2 ratings,$34
CDTX,$14.67,1440796245361,"15,045",Not yet rated,NULL,$22
CIFC,$7.04,1440796245460,"4,824",100% bearish,of 1 rating,N/A
CINF,$52.79,1440796245489,"561,411",50% bullish,of 4 ratings,$50.50
CMPR,$73.46,1440796245518,"272,387",50% bullish,of 2 ratings,$72.50
CMCT,$15.3899,1440796245544,200,100% bearish,of 1 rating,N/A
CIDM,$0.5736,1440796245594,"95,380",50% bullish,of 2 ratings,$2.10
CTAS,$85.3785,1440796245677,"330,304",100% bearish,of 1 rating,$91
CPHR,$5.33,1440796245858,"49,892",100% bearish,of 1 rating,$17
CRUS,$30.21,1440796245884,"732,197",75% bullish,of 12 ratings,$44.50
CSCO,$25.86,1440796245942,"21,242,570",84% bullish,of 209 ratings,$32
CZNC,$19.84,1440796246110,"9,181",Not yet rated,NULL,N/A
CZFC,NULL,1440796246142,0,Not yet rated,NULL,N/A
CZWI,$8.97,1440796246218,974,Not yet rated,NULL,N/A
CTRN,$26.73,1440796246247,"81,046",100% bearish,of 1 rating,$31.50
CHCO,$47.25,1440796246276,"42,647",Not yet rated,NULL,$46
CIZN,$19.33,1440796246302,"2,439",Not yet rated,NULL,N/A
CTXS,$68.69,1440796246377,"1,229,256",86% bullish,of 7 ratings,$80
CIVB,$10.07,1440796246449,"6,435",Not yet rated,NULL,$11
CDTI,$1.61,1440796246510,"54,168",75% bullish,of 4 ratings,$3.20
CIVBP,$33.21,1440796246577,353,Not yet rated,NULL,N/A
CLNE,$5.17,1440796246604,"972,130",80% bullish,of 15 ratings,$9
CLFD,$17.21,1440796246735,"38,655",67% bullish,of 3 ratings,$18
CLNT,$1.5,1440796246876,"17,654",75% bullish,of 8 ratings,N/A
CBLI,$3.8,1440796246969,"30,681",60% bullish,of 5 ratings,N/A
CLIR,$4.67,1440796247016,"79,948",100% bullish,of 3 ratings,N/A
CLRO,$11.51,1440796247049,"4,079",50% bullish,of 2 ratings,$14.25
CLVS,$80.54,1440796247149,"406,345",60% bullish,of 5 ratings,$101.50
CMFN,$11.17,1440796247180,"26,820",100% bearish,of 1 rating,$15.50
CSBK,$13.62,1440796247206,"66,040",Not yet rated,NULL,N/A
CME,$94.62,1440796247288,"1,009,749",67% bullish,of 3 ratings,$102
CISG,$7.81,1440796247359,"67,936",100% bullish,of 5 ratings,$10
CCNE,$16.98,1440796247450,"9,188",50% bullish,of 2 ratings,$21.50
CNV,$4.43,1440796247486,"28,444",50% bullish,of 2 ratings,$7.15
COBZ,$12.84,1440796247539,"40,728",100% bullish,of 1 rating,$14
CWAY,$11.11,1440796247565,"4,726",Not yet rated,NULL,N/A
COKE,$157.56,1440796247589,"23,920",79% bullish,of 19 ratings,N/A
CVLY,$20.32,1440796247887,722,Not yet rated,NULL,N/A
CCOI,$27.46,1440796247923,"445,468",50% bullish,of 4 ratings,$35
CDXS,$3.8,1440796247949,"19,698",64% bullish,of 11 ratings,$6
CGNT,$1.53,1440796247975,"56,889",100% bullish,of 2 ratings,$2
CDRB,$13.97,1440796248031,"24,525",67% bullish,of 3 ratings,N/A
JVA,$4.63,1440796248104,"11,572",83% bullish,of 6 ratings,$7
CTSH,$63.72,1440796248248,"2,758,536",90% bullish,of 10 ratings,$75
CGNX,$35.49,1440796248302,"359,217",50% bullish,of 2 ratings,$47
COHR,$57.83,1440796248327,"78,704",50% bullish,of 2 ratings,$72
CLRX,$0.54,1440796248406,"44,213",50% bullish,of 2 ratings,N/A
COHU,$9.65,1440796248433,"127,716",100% bearish,of 1 rating,$14.25
CHRS,$28.98,1440796248684,"79,672",67% bearish,of 3 ratings,$37
CBAN,$8.75,1440796248710,"1,516",Not yet rated,NULL,N/A
COLL,$15.34,1440796248746,"40,817",100% bearish,of 1 rating,$26
CLCT,$18.27,1440796248768,"26,386",100% bearish,of 1 rating,N/A
CLCD,$6.63,1440796248797,"68,876",100% bearish,of 1 rating,$20.50
CIGI,$43.29,1440796248840,"40,937",100% bearish,of 1 rating,$52
COLM,$60.64,1440796248968,"88,479",100% bearish,of 1 rating,$71
COLB,$30.05,1440796248993,"150,126",Not yet rated,NULL,$36
CBMX,$1.1,1440796249171,"19,525",83% bullish,of 6 ratings,$3.15
CMCSA,$56.77,1440796249244,"7,743,057",66% bullish,of 35 ratings,$69.50
CBSHP,$25.42,1440796249426,"26,034",100% bearish,of 1 rating,N/A
CVGI,$4.96,1440796249455,"43,835",50% bullish,of 2 ratings,$6
CMCO,$18.73,1440796249477,"73,520",60% bullish,of 5 ratings,$28
CMCSK,$57.62,1440796249498,"1,941,868",Not yet rated,NULL,$84
CUBN,NULL,1440796249533,0,Not yet rated,NULL,N/A
COMM,$31.9,1440796249688,"725,355",67% bearish,of 3 ratings,$35
CBSH,$44.5989,1440796249715,"229,533",50% bullish,of 2 ratings,$46
CYHHZ,$0.01,1440796249866,"76,000",100% bullish,of 1 rating,N/A
ESXB,$5.06,1440796249895,"3,468",Not yet rated,NULL,N/A
JCS,$8.61,1440796249921,"7,525",67% bullish,of 3 ratings,N/A
CSAL,$20.6041,1440796250057,"433,349",75% bullish,of 4 ratings,$30
CVLT,$35.7,1440796250274,"499,857",75% bullish,of 4 ratings,$44.50
COB,$10.44,1440796250305,"13,253",100% bullish,of 1 rating,$11.75
CID,NULL,1440796250380,0,Not yet rated,NULL,N/A
CWBC,$6.7,1440796250409,"1,519",Not yet rated,NULL,N/A
CTBI,$34.87,1440796250454,"53,139",Not yet rated,NULL,$36
CIL,NULL,1440796250516,0,Not yet rated,NULL,N/A
CIZ,$33.45,1440796250586,"1,507",100% bearish,of 1 rating,N/A
CSA,NULL,1440796250622,0,Not yet rated,NULL,N/A
CSF,$36.75,1440796250771,"4,489",100% bearish,of 1 rating,N/A
CDC,$34.78,1440796250798,"3,743",Not yet rated,NULL,N/A
CFA,$35.7,1440796250823,900,100% bearish,of 1 rating,N/A
CFO,$35.63,1440796251187,"150,250",100% bearish,of 1 rating,N/A
CSB,$32.92,1440796251220,200,Not yet rated,NULL,N/A
CGEN,$5.2,1440796251318,"49,804",50% bullish,of 2 ratings,$11
SCOR,$53.74,1440796251345,"303,382",100% bearish,of 1 rating,$66
CDL,NULL,1440796251372,0,Not yet rated,NULL,N/A
CPSI,$45.63,1440796251394,"70,148",100% bearish,of 1 rating,$45.50
CTG,$6.51,1440796251423,"63,423",100% bearish,of 1 rating,$8.50
CHCI,$0.65,1440796251692,"20,669",50% bullish,of 2 ratings,N/A
CNCE,$15.95,1440796251734,"103,480",75% bullish,of 4 ratings,$22
CNSI,$18.77,1440796251764,"63,344",100% bearish,of 2 ratings,$29
CMTL,$25.29,1440796251821,"132,707",100% bearish,of 2 ratings,$37
CNAT,$4.05,1440796251898,"58,100",83% bullish,of 6 ratings,$13
CCUR,$5.46,1440796251933,"80,309",75% bullish,of 4 ratings,N/A
CXRX,$75.05,1440796251954,"5,908",100% bearish,of 1 rating,$90
CDORO,$18.95,1440796252027,"1,200",100% bearish,of 1 rating,N/A
CDOR,$1.35,1440796252093,"4,361",100% bullish,of 1 rating,N/A
CNFR,$10.18,1440796252425,"11,241",Not yet rated,NULL,N/A
CDORP,$7,1440796252469,400,100% bearish,of 1 rating,N/A
CNMD,$53.23,1440796252518,"80,020",Not yet rated,NULL,$59
CNXR,$6.93,1440796252552,"72,869",100% bearish,of 1 rating,$12
CNOB,$19.01,1440796252598,"42,656",100% bullish,of 1 rating,$23.50
CFMS,$19.77,1440796252623,"86,468",Not yet rated,NULL,$27
CTWS,$34.5,1440796252650,"20,376",100% bearish,of 1 rating,$44
CONN,$29.44,1440796252675,"528,417",67% bullish,of 3 ratings,$48.50
CNSL,$19.76,1440796252901,"196,877",100% bearish,of 1 rating,$23
CWCO,$10.94,1440796252931,"91,573",67% bullish,of 3 ratings,$14.50
CTCT,$25.04,1440796252958,"195,271",67% bullish,of 3 ratings,$37
CFRX,$5.08,1440796253003,"7,722",Not yet rated,NULL,$14
CPSS,$5.6,1440796253131,"22,982",100% bullish,of 1 rating,$10
CFRXW,$1.95,1440796253159,"2,650",100% bearish,of 1 rating,N/A
CFRXZ,$0.599,1440796253378,600,Not yet rated,NULL,N/A
CTRL,$8.97,1440796253407,"133,195",50% bullish,of 2 ratings,$11
CPRT,$34.99,1440796253428,"286,933",67% bearish,of 3 ratings,$40
CTRV,$3.68,1440796253449,"4,034",Not yet rated,NULL,$6.40
CORT,$5.18,1440796253489,"216,538",67% bullish,of 3 ratings,$12
CRBP,$1.92,1440796253581,"146,083",100% bullish,of 2 ratings,$6.25
CORE,$59.67,1440796253771,"118,215",100% bearish,of 1 rating,$72
CSOD,$36.17,1440796253797,"273,201",50% bullish,of 2 ratings,$42
BVA,$3.75,1440796253822,627,50% bullish,of 2 ratings,N/A
CRVL,$30.91,1440796253847,"28,940",100% bearish,of 1 rating,N/A
CORI,$10.45,1440796253875,"37,147",100% bearish,of 1 rating,$18
COSI,$1.17,1440796254007,"158,610",100% bullish,of 1 rating,N/A
ICBK,$18.11,1440796254175,228,Not yet rated,NULL,$21
CSGP,$181.38,1440796254206,"68,173",50% bullish,of 2 ratings,$235
CVTI,$23.51,1440796254237,"93,135",67% bearish,of 3 ratings,$39
COST,$139.95,1440796254259,"1,445,556",79% bullish,of 24 ratings,$154.50
CPAH,$0.4301,1440796254294,"2,700",50% bullish,of 2 ratings,N/A
COVS,$2.7,1440796254389,"62,906",67% bullish,of 3 ratings,N/A
COWNL,$26.65,1440796254519,"2,100",Not yet rated,NULL,N/A
COWN,$5.23,1440796254661,"635,563",75% bullish,of 4 ratings,$7
CRAI,$22.05,1440796254698,"27,938",100% bearish,of 1 rating,$36
CPSH,$2.18,1440796254797,"1,167",Not yet rated,NULL,N/A
CBRL,$145.82,1440796254824,"142,127",50% bullish,of 2 ratings,$155
CACC,$197.5495,1440796254958,"34,208",50% bullish,of 2 ratings,$158.50
GLDI,$11.01,1440796254992,"3,640",100% bearish,of 1 rating,N/A
BREW,$7.97,1440796255090,"39,101",67% bullish,of 6 ratings,$15
SLVO,$10.04,1440796255121,"2,848",100% bearish,of 1 rating,N/A
CRAY,$20.41,1440796255147,"251,324",83% bullish,of 6 ratings,$38.50
CRTO,$43.1,1440796255219,"295,607",67% bullish,of 6 ratings,$64
CREE,$26.99,1440796255281,"801,140",65% bullish,of 17 ratings,$29.50
CRESY,$10.35,1440796255411,"27,734",100% bearish,of 1 rating,$19
CCRN,$14.14,1440796255505,"142,037",100% bearish,of 1 rating,$14.25
CROX,$14.52,1440796255602,"656,990",63% bullish,of 8 ratings,$16.50
CRDS,$1,1440796255662,"42,738",75% bullish,of 4 ratings,$4.50
CRWN,$4.47,1440796255692,"38,249",75% bullish,of 4 ratings,N/A
CRWS,$8.07,1440796255795,"4,508",Not yet rated,NULL,$10
CYRXW,$0.83,1440796255862,200,Not yet rated,NULL,N/A
CYRX,$2.885,1440796255935,"11,794",Not yet rated,NULL,$9
CSGS,$31.14,1440796255961,"222,878",Not yet rated,NULL,$40
CCLP,$15.38,1440796256026,"30,912",67% bearish,of 3 ratings,$20
CSPI,$5.71,1440796256053,516,67% bullish,of 3 ratings,N/A
CTIC,$1.6,1440796256087,"646,597",84% bullish,of 76 ratings,$5.75
CTCM,$1.83,1440796256112,"114,360",80% bearish,of 5 ratings,$3.90
CTRP,$71.1413,1440796256465,"1,216,212",75% bullish,of 8 ratings,$93
CUNB,$21.18,1440796256599,"14,251",Not yet rated,NULL,$24.50
CPIX,$6.04,1440796256629,"5,828",Not yet rated,NULL,N/A
CTIB,$3.63,1440796256652,"3,890",100% bearish,of 1 rating,N/A
CUI,$5.32,1440796256682,"29,604",50% bullish,of 2 ratings,$10
CRIS,$2.59,1440796256731,"166,862",100% bullish,of 8 ratings,$6
CUTR,$14.46,1440796256872,"32,831",67% bearish,of 3 ratings,$18
CMLS,$1.42,1440796256899,"374,324",50% bullish,of 4 ratings,$6
CVV,$10.97,1440796256975,"7,294",100% bullish,of 5 ratings,N/A
CYAN,$7.6,1440796257035,"2,172",100% bearish,of 1 rating,N/A
CVBF,$16,1440796257073,"493,743",Not yet rated,NULL,$18
CYBR,$52.29,1440796257100,"680,665",75% bullish,of 8 ratings,$66
CYBX,$67,1440796257248,"196,566",50% bullish,of 4 ratings,$71.50
CYCC,$0.55,1440796257280,"63,851",73% bullish,of 11 ratings,N/A
CYBE,$6.76,1440796257306,"22,725",100% bearish,of 1 rating,N/A
CYCCP,NULL,1440796257378,0,100% bearish,of 1 rating,N/A
CYNA,$16.17,1440796257511,"27,144",50% bullish,of 2 ratings,$31.50
CBAY,$2.63,1440796257568,"56,866",100% bullish,of 1 rating,$4
CYNO,$31.41,1440796257673,"137,063",67% bearish,of 3 ratings,$45.50
CY,$10.09,1440796257725,"2,674,911",80% bullish,of 10 ratings,$15.50
CYRN,$1.7,1440796257759,"29,421",67% bullish,of 3 ratings,$4
CYTK,$7,1440796257781,"180,145",71% bullish,of 14 ratings,$13.50
CONE,$32.3,1440796257862,"247,421",67% bearish,of 3 ratings,$35.50
CYTX,$0.315,1440796257883,"2,360,173",83% bullish,of 12 ratings,$5.50
CTSO,$6.89,1440796258015,"27,244",Not yet rated,NULL,$15.625
DAEG,$0.35,1440796258147,"11,063",100% bearish,of 1 rating,N/A
TVIZ,$19.51,1440796258177,"3,315",100% bearish,of 1 rating,N/A
TVIX,$13.22,1440796258202,"14,078,723",81% bullish,of 16 ratings,N/A
CYTR,$2.39,1440796258279,"318,266",67% bullish,of 6 ratings,$10
XIV,$27.26,1440796258411,"18,220,962",75% bearish,of 4 ratings,N/A
ZIV,$40.01,1440796258438,"153,112",Not yet rated,NULL,N/A
DJCO,$191.42,1440796258468,502,Not yet rated,NULL,N/A
DARA,$0.86,1440796258569,"24,822",83% bullish,of 6 ratings,$1.50
DAKT,$8.64,1440796258609,"421,544",50% bullish,of 2 ratings,$12
DAIO,$2.49,1440796258634,"4,973",Not yet rated,NULL,N/A
DTLK,$5.85,1440796258668,"72,201",100% bearish,of 1 rating,$9
DWCH,$5.26,1440796258885,"21,471",75% bullish,of 4 ratings,$8.25
PLAY,$34.43,1440796258938,"121,342",100% bullish,of 5 ratings,$42
DTEA,$13.15,1440796259071,"48,592",100% bearish,of 2 ratings,$24
DWSN,$4.54,1440796259119,"13,558",67% bullish,of 3 ratings,N/A
DBVT,$41.26,1440796259263,"32,497",100% bearish,of 1 rating,$53
DRAM,$1.28,1440796259435,"16,449",78% bullish,of 9 ratings,N/A
DHRM,$1.48,1440796259456,"7,227",Not yet rated,NULL,N/A
TRAK,$62.85,1440796259488,"645,671",50% bullish,of 2 ratings,$62.50
TACOW,$4.05,1440796259513,"18,932",100% bullish,of 1 rating,N/A
DCTH,$0.4003,1440796259538,"122,121",78% bullish,of 9 ratings,N/A
DELT,$2.52,1440796259706,"6,000",Not yet rated,NULL,N/A
DGAS,$20.12,1440796259762,"3,626",67% bearish,of 3 ratings,N/A
DELTW,NULL,1440796259898,0,Not yet rated,NULL,N/A
DFRG,$14.59,1440796259925,"99,897",100% bearish,of 1 rating,$20
TACO,$13.1236,1440796259949,"97,042",75% bullish,of 4 ratings,$20
XRAY,$53.26,1440796259970,"455,198",100% bullish,of 1 rating,$58
DEPO,$28.38,1440796260118,"492,842",60% bullish,of 5 ratings,$29
DENN,$11.48,1440796260146,"411,859",100% bullish,of 3 ratings,$15
DERM,$27.24,1440796260220,"101,807",100% bearish,of 1 rating,$33.50
DSWL,$1.71,1440796260369,"4,300",100% bullish,of 1 rating,N/A
DSCI,$5.93,1440796260395,"30,721",50% bullish,of 2 ratings,$16
DEST,$11.13,1440796260416,"20,183",50% bullish,of 2 ratings,N/A
DXLG,$5.62,1440796260450,"88,393",100% bearish,of 1 rating,$8
DXM,$0.26,1440796260558,"140,456",50% bullish,of 2 ratings,N/A
DXCM,$94.3009,1440796260744,"601,324",57% bullish,of 7 ratings,$98
DHIL,$194.72,1440796260777,"3,494",Not yet rated,NULL,N/A
DMND,$29.77,1440796260804,"137,181",75% bullish,of 12 ratings,$32
DCIX,$1.74,1440796260825,"50,106",50% bullish,of 4 ratings,$3.50
FANG,$66.56,1440796260873,"945,281",50% bullish,of 2 ratings,$86.50
DHXM,$6.82,1440796260967,"1,035",Not yet rated,NULL,N/A
DRNA,$11.13,1440796260994,"76,464",67% bearish,of 3 ratings,$25
DGII,$10.06,1440796261031,"88,413",100% bearish,of 1 rating,$10
DMRC,$37.81,1440796261206,"119,126",100% bearish,of 1 rating,$44
DGLY,$8.33,1440796261360,"107,978",50% bullish,of 6 ratings,$20
DRAD,$3.7,1440796261387,"14,268",100% bullish,of 1 rating,$5.25
DCOM,$17.01,1440796261414,"121,317",100% bearish,of 2 ratings,$16.50
APPS,$2.43,1440796261462,"110,613",100% bearish,of 1 rating,$10.25
DPRX,$13.52,1440796261493,"8,669",100% bullish,of 2 ratings,$27.75
DIOD,$19.93,1440796261566,"100,117",75% bearish,of 4 ratings,$24
DISCB,NULL,1440796261599,0,100% bearish,of 1 rating,$35
DISCA,$27.1127,1440796261699,"1,476,936",67% bullish,of 3 ratings,$34
DISH,$59.62,1440796261832,"664,919",69% bullish,of 13 ratings,$73
DSCO,$0.42,1440796261904,"233,070",83% bullish,of 6 ratings,$2.75
DISCK,$25.71,1440796261931,"1,450,570",100% bearish,of 1 rating,$32
BAGR,$2.77,1440796262058,"10,502",100% bearish,of 1 rating,$6
DVCR,$10.8,1440796262085,"5,362",100% bullish,of 1 rating,N/A
DLHC,$2.45,1440796262106,"2,228",100% bearish,of 1 rating,N/A
DLTR,$76.7377,1440796262245,"1,695,005",82% bullish,of 11 ratings,$88
DNBF,$25.76,1440796262352,408,Not yet rated,NULL,$27.50
DMLP,$14.39,1440796262378,"9,844",100% bearish,of 1 rating,N/A
DGICA,$14.27,1440796262414,"10,088",100% bearish,of 1 rating,$17
DORM,$50.42,1440796262542,"213,968",100% bearish,of 1 rating,$56
HILL,$9.665,1440796262573,"1,225,949",60% bearish,of 5 ratings,$9.75
DRWIW,$0.04,1440796262600,318,Not yet rated,NULL,N/A
DRWI,$0.21,1440796262647,"608,108",60% bullish,of 5 ratings,$.45
DWA,$20.29,1440796262846,"780,239",63% bullish,of 8 ratings,$26
DRYS,$0.44,1440796262910,"3,465,209",77% bullish,of 31 ratings,$.60
DSKX,$3.25,1440796262944,"269,494",100% bullish,of 1 rating,N/A
DSPG,$8.55,1440796262991,"86,341",100% bearish,of 1 rating,$13.50
CADTR,NULL,1440796263136,0,Not yet rated,NULL,N/A
CADTU,NULL,1440796263236,0,Not yet rated,NULL,N/A
CADTW,NULL,1440796263379,0,Not yet rated,NULL,N/A
DNKN,$51.69,1440796263428,"615,001",67% bullish,of 15 ratings,$56.50
DTSI,$27.07,1440796263453,"64,293",100% bearish,of 2 ratings,$39.50
DRRX,$2.1,1440796263523,"174,261",50% bullish,of 6 ratings,$3
DXPE,$28.01,1440796263691,"198,401",50% bullish,of 2 ratings,N/A
DGICB,NULL,1440796263722,0,100% bearish,of 1 rating,N/A
DYAX,$23.69,1440796263750,"450,638",89% bullish,of 9 ratings,$30
BOOM,$10.64,1440796263776,"121,109",67% bullish,of 3 ratings,$12
DYSL,$1.44,1440796263906,"9,241",100% bullish,of 2 ratings,N/A
DYNT,$3,1440796263939,"2,521",75% bullish,of 4 ratings,N/A
DVAX,$29.76,1440796264038,"286,822",70% bullish,of 10 ratings,$40
CADT,NULL,1440796264254,0,Not yet rated,NULL,N/A
EBMT,$11.54,1440796264295,"1,076",Not yet rated,NULL,$13.50
ETFC,$26.53,1440796264325,"1,656,489",57% bullish,of 14 ratings,$32.50
EGRX,$83.67,1440796264392,"183,576",67% bullish,of 3 ratings,$97
EGLE,$6.51,1440796264421,"44,799",60% bullish,of 5 ratings,N/A
EGBN,$41.91,1440796264442,"45,548",Not yet rated,NULL,$48
EROC,$1.54,1440796264474,"321,569",50% bullish,of 2 ratings,$3
ELNK,$8.45,1440796264500,"507,260",60% bullish,of 5 ratings,$9.50
EWBC,$40.36,1440796264663,"524,091",100% bearish,of 1 rating,$50
EACQU,NULL,1440796264788,0,Not yet rated,NULL,N/A
EBAY,$27.25,1440796264854,"6,618,106",81% bullish,of 117 ratings,$34
EML,$16.47,1440796264879,"7,046",Not yet rated,NULL,N/A
EVBS,$6.6,1440796265022,"16,168",Not yet rated,NULL,$7
EBIX,$28.21,1440796265071,"195,546",69% bullish,of 13 ratings,$40
ELON,$0.5649,1440796265216,"28,406",50% bullish,of 2 ratings,N/A
ECHO,$23.01,1440796265248,"541,539",67% bearish,of 3 ratings,$35.50
EEI,$11.15,1440796265348,"3,106",67% bearish,of 3 ratings,N/A
ESES,$3.22,1440796265379,"2,164",100% bearish,of 1 rating,$7
SATS,$44.59,1440796265415,"56,536",50% bullish,of 2 ratings,$60
EDAP,$3.6,1440796265479,"25,350",60% bullish,of 5 ratings,$4.50
ECTE,$1.46,1440796265510,"3,701",75% bullish,of 4 ratings,N/A
EDGW,$7.01,1440796265538,"10,591",100% bearish,of 1 rating,N/A
ECACU,$10.1,1440796265779,"3,602",Not yet rated,NULL,N/A
EFUT,$4.63,1440796265841,700,Not yet rated,NULL,N/A
EDUC,$5.55,1440796265905,"21,651",100% bearish,of 1 rating,N/A
EGLT,$10.66,1440796265942,"20,932",50% bullish,of 2 ratings,$21
EHTH,$14.1,1440796266011,"168,301",50% bullish,of 4 ratings,$16.50
EGAN,$3.64,1440796266073,"7,806",50% bullish,of 2 ratings,$6.25
EMITF,$1.18,1440796266138,"3,474",75% bullish,of 4 ratings,N/A
LOCO,$12.62,1440796266164,"1,206,351",69% bullish,of 13 ratings,$20
ESLT,$76.65,1440796266234,"2,915",67% bullish,of 3 ratings,N/A
ELRC,$10.71,1440796266366,"16,406",100% bearish,of 1 rating,N/A
ESIO,$4.43,1440796266393,"140,353",50% bullish,of 2 ratings,$10
ERI,$9.7,1440796266414,"144,246",100% bearish,of 1 rating,$10
EA,$67.91,1440796266452,"2,050,040",77% bullish,of 35 ratings,$80
ELSE,$3.9999,1440796266549,500,60% bullish,of 5 ratings,N/A
ELEC,NULL,1440796266576,0,Not yet rated,NULL,N/A
EFII,$44.09,1440796266601,"127,147",80% bullish,of 5 ratings,$55
ELECU,NULL,1440796266812,0,Not yet rated,NULL,N/A
EBIO,$3.55,1440796266837,"154,084",100% bearish,of 2 ratings,$8.35
ELECW,NULL,1440796266863,0,Not yet rated,NULL,N/A
RDEN,$10.95,1440796267007,"74,308",100% bearish,of 4 ratings,$15
CAPX,$22.93,1440796267061,"13,900",Not yet rated,NULL,N/A
ESBK,$19.66,1440796267082,423,Not yet rated,NULL,N/A
LONG,$17.04,1440796267108,"9,996",67% bullish,of 3 ratings,$15.75
ELTK,$1.34,1440796267145,"144,213",67% bearish,of 3 ratings,N/A
EMCI,$23.2,1440796267245,"15,362",Not yet rated,NULL,N/A
EMMSP,$3,1440796267374,200,100% bearish,of 1 rating,N/A
EMMS,$1.12,1440796267401,"136,017",83% bullish,of 6 ratings,N/A
EMCF,$23.06,1440796267431,100,100% bearish,of 1 rating,N/A
EMKR,$7.06,1440796267534,"65,081",75% bullish,of 4 ratings,$8.50
NYNY,$4.37,1440796267636,"30,167",50% bullish,of 2 ratings,N/A
ENTA,$41.18,1440796267720,"122,390",50% bullish,of 2 ratings,$42
ERS,$2.83,1440796267772,"6,582",Not yet rated,NULL,N/A
ECPG,$40.13,1440796267797,"153,412",100% bullish,of 2 ratings,$52
ENDP,$78.7,1440796267866,"843,248",50% bullish,of 6 ratings,$104
ELGX,$13.04,1440796267934,"310,868",75% bullish,of 4 ratings,$17
ECYT,$5.28,1440796267962,"159,581",83% bullish,of 6 ratings,$12
WIRE,$31.67,1440796268001,"90,127",100% bearish,of 1 rating,$37
EIGI,$15.55,1440796268032,"197,582",67% bearish,of 3 ratings,$22.50
WATT,$6.99,1440796268095,"124,032",50% bullish,of 2 ratings,$13
EFOI,$22,1440796268273,"907,367",50% bullish,of 2 ratings,$20.50
ERII,$2.69,1440796268364,"49,581",80% bullish,of 5 ratings,$2.50
ENOC,$9.35,1440796268459,"300,726",75% bullish,of 4 ratings,$18
ENG,$1,1440796268492,"10,728",100% bullish,of 3 ratings,N/A
ENPH,$4.58,1440796268537,"408,795",75% bullish,of 4 ratings,$11
ESGR,$146.02,1440796268562,"29,141",100% bearish,of 1 rating,$185
EXXI,$1.79,1440796268634,"2,131,865",86% bullish,of 7 ratings,$3.50
ENFC,$17.63,1440796268782,"14,896",Not yet rated,NULL,N/A
ENTL,$22.19,1440796268813,"11,224",Not yet rated,NULL,$28
ENTG,$13.7,1440796268839,"498,237",100% bearish,of 1 rating,$18
EFSC,$23.84,1440796268914,"31,437",Not yet rated,NULL,$27
EBTC,$21.14,1440796269049,"4,216",Not yet rated,NULL,N/A
ETRM,$0.27,1440796269116,"540,107",69% bearish,of 35 ratings,$1.625
ENVI,$1.85,1440796269180,"22,541",67% bullish,of 3 ratings,N/A
ENZN,$1.05,1440796269259,"191,259",100% bullish,of 9 ratings,N/A
EGT,$2.14,1440796269284,"13,092",100% bullish,of 1 rating,N/A
EPIQ,$12.94,1440796269422,"95,473",100% bearish,of 1 rating,$18
ENZY,$9.69,1440796269454,"20,091",67% bullish,of 3 ratings,$9.50
EPZM,$20.1,1440796269475,"274,818",60% bullish,of 5 ratings,$34
EPRS,$5.3,1440796269558,"65,326",82% bullish,of 11 ratings,$15
EQIX,$268.78,1440796269619,"317,195",75% bullish,of 4 ratings,$312.50
PLUS,$76.75,1440796269750,"44,219",50% bullish,of 2 ratings,$88
EAC,$3.37,1440796269775,"4,106",100% bearish,of 1 rating,$8
EQFN,NULL,1440796269800,0,100% bearish,of 1 rating,N/A
ERIC,$9.95,1440796269844,"1,517,001",67% bullish,of 9 ratings,$12.20
ERIE,$82.6965,1440796269878,"23,830",Not yet rated,NULL,$73
ESCRP,$1.15,1440796270287,"3,261",100% bearish,of 1 rating,N/A
ESCR,$0.12,1440796270325,"313,269",50% bullish,of 2 ratings,N/A
ESPR,$52.27,1440796270367,"597,174",70% bearish,of 10 ratings,$123
ESCA,$18,1440796270394,"15,345",100% bearish,of 1 rating,$22
ESMC,$1.31,1440796270423,"1,148",Not yet rated,NULL,N/A
ESSA,$12.81,1440796270529,"2,219",100% bearish,of 1 rating,N/A
CLWT,NULL,1440796270603,0,100% bullish,of 1 rating,N/A
ESSX,$0.4461,1440796270660,"121,833",50% bullish,of 2 ratings,N/A
ETSY,$14.82,1440796270697,"411,302",80% bullish,of 5 ratings,$16
EPIX,NULL,1440796270791,0,Not yet rated,NULL,N/A
ESND,$34.46,1440796270825,"110,118",100% bearish,of 2 ratings,$40
EVEP,$8.27,1440796270849,"378,682",50% bullish,of 2 ratings,$15
EVK,$3.75,1440796270879,267,75% bearish,of 4 ratings,N/A
EEFT,$65.62,1440796271179,"156,788",100% bearish,of 1 rating,$67.50
ESEA,$5.37,1440796271331,"3,809",100% bullish,of 1 rating,$15
EXAS,$22.34,1440796271430,"466,825",78% bullish,of 9 ratings,$31
EXA,$11.19,1440796271477,"12,872",100% bearish,of 1 rating,$13
EVLV,$2.68,1440796271507,"224,794",60% bullish,of 5 ratings,$5.125
EVOL,$5.98,1440796271528,"4,531",75% bullish,of 4 ratings,$10
EVOK,$3.75,1440796271560,"45,220",100% bearish,of 1 rating,$13.375
EXAC,$18.64,1440796271581,"19,525",100% bearish,of 1 rating,$22.50
EXFO,$2.74,1440796271612,"3,109",67% bearish,of 3 ratings,$3.95
EXLS,$36.47,1440796271773,"100,676",50% bullish,of 2 ratings,$41
EXPE,$116.5217,1440796271838,"591,733",64% bullish,of 11 ratings,$130
EXPD,$49.66,1440796271916,"1,275,347",80% bullish,of 5 ratings,$52
EXEL,$6.05,1440796271947,"3,038,273",81% bullish,of 16 ratings,$6
EXLP,$20.8232,1440796271970,"166,876",100% bearish,of 1 rating,$25
EXPO,$42.71,1440796271991,"77,752",100% bearish,of 1 rating,$45.50
ESRX,$84.46,1440796272023,"2,106,762",67% bearish,of 6 ratings,$101
EXTR,$2.8,1440796272309,"437,377",80% bullish,of 5 ratings,$3
EYEG,$3.63,1440796272334,"8,530",Not yet rated,NULL,N/A
EYEGW,NULL,1440796272363,0,Not yet rated,NULL,N/A
EZCH,$22.5819,1440796272465,"100,750",75% bullish,of 8 ratings,$19.50
EZPW,$5.83,1440796272522,"233,828",50% bullish,of 4 ratings,$7.50
FFIV,$122.97,1440796272566,"535,549",63% bullish,of 8 ratings,$132
FB,$90.957,1440796272701,"21,377,576",73% bullish,of 1069 ratings,$111
FALC,$1.76,1440796272766,"108,050",63% bearish,of 8 ratings,N/A
FWM,$2.25,1440796272831,"117,046",100% bearish,of 2 ratings,$3.20
FRP,$16.22,1440796272857,"95,097",100% bearish,of 1 rating,$18
FCS,$13.71,1440796272911,"593,435",67% bearish,of 3 ratings,$17
FARM,$22.94,1440796272938,"20,353",100% bearish,of 1 rating,$35
DAVE,$15.36,1440796272958,"17,244",100% bearish,of 1 rating,$15.50
FFKT,$25.89,1440796272997,"7,909",Not yet rated,NULL,$29
FMNB,$8.27,1440796273100,"9,733",Not yet rated,NULL,N/A
FARO,$38.01,1440796273305,"102,628",50% bullish,of 2 ratings,$48
FATE,$7.21,1440796273399,"24,853",50% bullish,of 2 ratings,$11
FBSS,$15.29,1440796273455,200,Not yet rated,NULL,N/A
FBRC,$22.28,1440796273493,"11,421",100% bearish,of 1 rating,$29
FAST,$38.69,1440796273524,"1,512,410",80% bullish,of 5 ratings,$45.50
FNHC,$21.79,1440796273551,"82,959",100% bearish,of 1 rating,$35
FDML,$8.72,1440796273583,"236,899",50% bullish,of 4 ratings,$14
FEIC,$75.72,1440796273622,"219,243",50% bullish,of 2 ratings,$95.50
FCSC,$5.74,1440796273827,"84,641",100% bearish,of 1 rating,$8.125
FGEN,$25,1440796273857,"155,238",100% bearish,of 1 rating,$39
FHCO,$1.37,1440796273878,"24,116",50% bullish,of 4 ratings,N/A
FENX,$9.97,1440796273941,"142,317",100% bullish,of 1 rating,$14.25
ONEQ,$189.9,1440796273967,"11,934",100% bullish,of 1 rating,N/A
FDUS,$14.64,1440796274007,"23,047",50% bullish,of 2 ratings,$18
LION,$19.23,1440796274039,"74,002",100% bullish,of 1 rating,$20
FSAM,$8.19,1440796274264,"11,024",100% bearish,of 1 rating,$10.25
FRGI,$52.21,1440796274336,"105,363",50% bullish,of 2 ratings,$70
FSCFL,$24.65,1440796274406,"6,848",Not yet rated,NULL,N/A
FSC,$6.45,1440796274433,"607,315",60% bullish,of 5 ratings,$8
FNGN,$33.23,1440796274463,"176,570",67% bullish,of 3 ratings,$47
FITB,$19.97,1440796274490,"3,708,357",54% bullish,of 13 ratings,$22
FSFR,$8.89,1440796274570,"67,547",100% bearish,of 1 rating,$11.50
FITBI,$27.525,1440796274636,"34,706",Not yet rated,NULL,N/A
FISI,$24.52,1440796274706,"15,149",100% bullish,of 2 ratings,$24.50
FNJN,$1.9,1440796274773,"33,173",100% bearish,of 1 rating,$5
FNSR,$15.77,1440796274805,"515,888",71% bullish,of 7 ratings,$24.50
FNTC,NULL,1440796274876,0,Not yet rated,NULL,N/A
FNTCU,NULL,1440796274904,0,Not yet rated,NULL,N/A
FNTCW,NULL,1440796275011,0,Not yet rated,NULL,N/A
FEYE,$39.19,1440796275139,"2,069,594",87% bullish,of 15 ratings,$55.50
FBNC,$16.95,1440796275166,"17,226",100% bullish,of 1 rating,$20
FRBA,$6.08,1440796275217,"1,488",Not yet rated,NULL,$8
FNLC,$18.73,1440796275308,"10,936",100% bullish,of 1 rating,N/A
BUSE,$6.36,1440796275348,"86,619",Not yet rated,NULL,$6.875
FCVA,$4.61,1440796275377,351,Not yet rated,NULL,N/A
FCAP,$26.77,1440796275484,402,Not yet rated,NULL,N/A
FBIZ,$44.1,1440796275536,"28,261",100% bearish,of 2 ratings,$52
FCNCA,$238.6,1440796275619,"15,051",Not yet rated,NULL,N/A
FCFS,$39.83,1440796275670,"154,214",100% bearish,of 3 ratings,$48
FCLF,$9.05,1440796275801,"1,666",Not yet rated,NULL,N/A
FCBC,$17.49,1440796275857,"17,432",Not yet rated,NULL,$18
FCFP,$6.94,1440796275886,"3,000",Not yet rated,NULL,N/A
FCCO,$12,1440796275958,"2,065",Not yet rated,NULL,$13.25
FBNK,$17.21,1440796275988,"22,827",100% bearish,of 1 rating,$17.50
FDEF,$37.44,1440796276086,"34,556",Not yet rated,NULL,$38
FFBC,$18.28,1440796276175,"149,353",67% bearish,of 3 ratings,$20.25
FFNM,$6.19,1440796276256,"1,344",Not yet rated,NULL,N/A
THFF,$32.94,1440796276326,"24,402",Not yet rated,NULL,$35
FFBCW,NULL,1440796276383,0,100% bearish,of 1 rating,N/A
FFIN,$30.67,1440796276410,"141,387",50% bullish,of 2 ratings,$31.75
FFWM,$21.37,1440796276475,"22,466",Not yet rated,NULL,$24
FFNW,$12.06,1440796276503,"10,423",Not yet rated,NULL,$14
INBK,$30.15,1440796276650,"10,430",50% bullish,of 2 ratings,$37
FIBK,$26.22,1440796276735,"81,866",Not yet rated,NULL,$32
FRME,$25.92,1440796276796,"130,285",Not yet rated,NULL,$26.50
FNBC,$34.63,1440796276870,"63,076",Not yet rated,NULL,$40
FMBI,$17.43,1440796276933,"263,235",Not yet rated,NULL,$20
FMBH,NULL,1440796276959,0,Not yet rated,NULL,N/A
FNWB,$11.85,1440796277094,"10,217",Not yet rated,NULL,N/A
FNFG,$9.1568,1440796277121,"1,157,000",80% bullish,of 5 ratings,$9
FSFG,$30.07,1440796277142,71,Not yet rated,NULL,N/A
FSGI,$2.47,1440796277305,"12,130",Not yet rated,NULL,N/A
FSBK,$7.82,1440796277366,"5,412",100% bullish,of 1 rating,N/A
BICK,$19.69,1440796277391,"1,428",100% bullish,of 1 rating,N/A
FSLR,$47.8,1440796277435,"1,184,744",72% bullish,of 39 ratings,$65
FBZ,$10.144,1440796277462,600,Not yet rated,NULL,N/A
FCAN,$24.6,1440796277645,"6,052",Not yet rated,NULL,N/A
FTCS,$36.63,1440796277684,"18,232",100% bearish,of 1 rating,N/A
FTSM,$59.85,1440796277849,"7,169",100% bearish,of 1 rating,N/A
FV,$23.71,1440796277878,"1,935,175",100% bearish,of 1 rating,N/A
FCA,$20.44,1440796277902,"2,300",Not yet rated,NULL,N/A
FEMB,NULL,1440796277926,0,Not yet rated,NULL,N/A
IFV,$17.88,1440796277958,"555,778",100% bearish,of 1 rating,N/A
FEUZ,$31.5,1440796277979,"1,405",Not yet rated,NULL,N/A
TDIV,$24.9,1440796278322,"74,537",100% bearish,of 1 rating,N/A
MDIV,$19.23,1440796278350,"128,525",Not yet rated,NULL,N/A
FGM,$35.58,1440796278404,"2,324",Not yet rated,NULL,N/A
HYLS,$49.53,1440796278485,"35,104",100% bearish,of 1 rating,N/A
FTGC,$22.39,1440796278511,"76,491",Not yet rated,NULL,N/A
FTHI,$19.5399,1440796278531,640,Not yet rated,NULL,N/A
FPXI,$27.29,1440796278811,500,Not yet rated,NULL,N/A
FHK,$33.3,1440796278843,"2,363",Not yet rated,NULL,N/A
YDIV,$16.5742,1440796278868,"3,515",Not yet rated,NULL,N/A
SKYY,$29.18,1440796278889,"46,046",100% bullish,of 1 rating,N/A
FJP,$47.81,1440796278933,"59,841",Not yet rated,NULL,N/A
FTLB,$19.3188,1440796278954,"3,260",100% bearish,of 1 rating,N/A
PLTM,$6.38,1440796278985,"6,702",100% bearish,of 1 rating,N/A
CU,$13.21,1440796279020,"7,015",100% bearish,of 1 rating,N/A
LMBS,$49.77,1440796279206,"5,298",Not yet rated,NULL,N/A
FMB,$51.23,1440796279291,415,Not yet rated,NULL,N/A
FONE,$35.29,1440796279423,950,Not yet rated,NULL,N/A
QABA,$37.18,1440796279451,"8,586",100% bearish,of 1 rating,N/A
CIBR,$18.04,1440796279479,"51,388",Not yet rated,NULL,N/A
CARZ,$35.05,1440796279554,"1,904",100% bearish,of 1 rating,N/A
RDVY,$21.17,1440796279684,"2,849",Not yet rated,NULL,N/A
QCLN,$15.18,1440796279713,"16,517",Not yet rated,NULL,N/A
GRID,$33.09,1440796279746,705,100% bearish,of 1 rating,N/A
QQEW,$42.1,1440796279771,"52,287",Not yet rated,NULL,N/A
QTEC,$40.33,1440796279849,"26,311",Not yet rated,NULL,N/A
QINC,$20.2999,1440796279877,663,Not yet rated,NULL,N/A
QQXT,$40.74,1440796279937,"18,704",Not yet rated,NULL,N/A
FTSL,$48.74,1440796280095,"110,156",100% bearish,of 1 rating,N/A
AIRR,$16.4,1440796280136,"2,252",100% bearish,of 1 rating,N/A
FKO,NULL,1440796280161,0,Not yet rated,NULL,N/A
FDIV,$46.09,1440796280291,302,100% bearish,of 1 rating,N/A
FSZ,$39.19,1440796280334,"3,866",Not yet rated,NULL,N/A
FTW,$31.91,1440796280420,230,Not yet rated,NULL,N/A
FKU,$41.82,1440796280459,"5,183",Not yet rated,NULL,N/A
TUSA,$25.08,1440796280484,300,Not yet rated,NULL,N/A
SVVC,$9.43,1440796280549,"11,779",50% bullish,of 2 ratings,$26
FUNC,$8.12,1440796280574,"2,091",Not yet rated,NULL,N/A
FMER,$17.81,1440796280637,"731,124",50% bullish,of 2 ratings,$20
FSV,$31.41,1440796280787,"12,183",Not yet rated,NULL,$33.60
FIVE,$38.5,1440796280812,"860,602",75% bearish,of 4 ratings,$44
FISV,$86.78,1440796280840,"802,788",100% bearish,of 3 ratings,$90
FPRX,$19.37,1440796280995,"177,840",50% bullish,of 2 ratings,$35
FIVN,$4.03,1440796281067,"81,303",100% bullish,of 1 rating,$8.50
FLKS,$12.41,1440796281199,"26,992",50% bullish,of 2 ratings,$27
FLML,$21.9746,1440796281271,"90,829",50% bullish,of 2 ratings,$30
FLXN,$25.29,1440796281331,"49,036",100% bearish,of 1 rating,$40
SKOR,$50.3,1440796281526,"2,349",Not yet rated,NULL,N/A
FLXS,$32.15,1440796281672,"13,502",100% bearish,of 2 ratings,N/A
MBSD,$25.02,1440796281705,"14,451",Not yet rated,NULL,N/A
FLIR,$28.57,1440796281726,"1,032,100",100% bearish,of 1 rating,$38.50
FLEX,$10.6,1440796281774,"1,115,185",63% bullish,of 8 ratings,$12
FFIC,$19.73,1440796281799,"77,431",Not yet rated,NULL,$21
FLDM,$11.7,1440796281823,"260,257",67% bearish,of 3 ratings,$15
FOMX,$10.18,1440796282184,"82,757",50% bullish,of 2 ratings,$23.50
FORM,$6.53,1440796282326,"253,899",67% bullish,of 3 ratings,$10.50
FES,$0.9409,1440796282389,"94,182",50% bullish,of 2 ratings,$1
FOGO,$19.23,1440796282418,"34,672",50% bullish,of 2 ratings,$25.50
FONR,$9.7,1440796282445,"6,716",100% bullish,of 1 rating,N/A
FORTY,$30.33,1440796282475,"1,000",100% bearish,of 1 rating,N/A
FTNT,$42.96,1440796282584,"603,333",80% bullish,of 10 ratings,$52
FORR,$31.88,1440796282613,"18,396",Not yet rated,NULL,N/A
FBIO,$2.88,1440796282790,"79,815",83% bullish,of 6 ratings,N/A
FWRD,$45.16,1440796282817,"186,984",100% bearish,of 1 rating,$50
FORD,$1.64,1440796282847,"1,751,640",67% bullish,of 3 ratings,N/A
FWP,$27.02,1440796282872,"15,503",100% bearish,of 1 rating,$45
FMI,$23.8,1440796283016,"312,031",100% bearish,of 2 ratings,$27.50
FOSL,$61.6,1440796283043,"709,887",60% bearish,of 5 ratings,$80
FXCB,$17.02,1440796283122,"34,723",Not yet rated,NULL,$19
FOXF,$15.18,1440796283179,"24,155",100% bearish,of 1 rating,$19
FRAN,$11.17,1440796283311,"366,392",50% bullish,of 4 ratings,$15
FELE,$29.23,1440796283340,"216,658",50% bullish,of 4 ratings,$33
RAIL,$20.73,1440796283370,"70,803",100% bearish,of 1 rating,$24.50
FRED,$13.06,1440796283397,"248,657",50% bullish,of 2 ratings,$16
FREE,$0.378,1440796283468,"370,595",92% bullish,of 12 ratings,N/A
FRPT,$13.06,1440796283601,"298,368",67% bearish,of 3 ratings,$23.50
FEIM,$11,1440796283670,"3,049",100% bearish,of 1 rating,N/A
FTR,$5.08,1440796283698,"11,161,134",78% bullish,of 27 ratings,$6.25
FTRPR,$100.8,1440796283767,"53,474",100% bearish,of 1 rating,N/A
FRPH,$31.17,1440796283823,"5,010",100% bearish,of 1 rating,N/A
FSBW,$23.2,1440796283922,991,Not yet rated,NULL,N/A
FTD,$29.27,1440796283947,"102,153",100% bearish,of 1 rating,$40
FTEK,$2.04,1440796284082,"51,368",75% bullish,of 4 ratings,N/A
FSYS,$6.63,1440796284109,"30,772",67% bullish,of 3 ratings,$10
FCEL,$0.8,1440796284130,"1,501,071",88% bullish,of 41 ratings,$2.65
FULL,$3.1,1440796284475,"30,227",67% bearish,of 3 ratings,$4.25
FLL,$1.51,1440796284508,"10,264",75% bullish,of 4 ratings,$3.50
FFHL,$1.05,1440796284545,"18,397",50% bullish,of 4 ratings,N/A
FULLL,$24.9101,1440796284600,200,Not yet rated,NULL,N/A
FULT,$12.08,1440796284626,"624,848",100% bearish,of 1 rating,$13
FXEN,$0.87,1440796284700,"69,159",75% bullish,of 4 ratings,$1.10
FXENP,$15.76,1440796284792,"1,000",100% bearish,of 1 rating,N/A
FSNN,$2.18,1440796284874,"1,562",67% bullish,of 3 ratings,$6
GK,$67.55,1440796284934,"59,942",Not yet rated,NULL,$78
WILC,$4.97,1440796284960,"6,120",100% bullish,of 2 ratings,N/A
GAIA,$5.9,1440796284992,"7,898",50% bullish,of 2 ratings,$8.50
GALT,$1.96,1440796285032,"30,257",80% bullish,of 5 ratings,N/A
GLPG,$60.49,1440796285087,"13,297",100% bullish,of 1 rating,$75
GALTU,NULL,1440796285177,0,100% bearish,of 1 rating,N/A
GALTW,NULL,1440796285257,0,100% bullish,of 1 rating,N/A
GALE,$1.5,1440796285320,"789,696",89% bullish,of 47 ratings,$4
GLPI,$31.5863,1440796285411,"324,483",100% bearish,of 1 rating,$37.50
GLMD,$8.81,1440796285439,"11,506",67% bullish,of 3 ratings,$20.50
GGAC,$9.89,1440796285570,"10,419",100% bearish,of 1 rating,N/A
GRMN,$37.99,1440796285599,"966,815",50% bullish,of 6 ratings,$46.50
GPIC,$9.64,1440796285630,710,100% bearish,of 1 rating,N/A
GGACR,$0.3,1440796285658,"49,683",100% bullish,of 1 rating,N/A
GGACU,$10.27,1440796285698,"22,044",Not yet rated,NULL,N/A
GGACW,$0.14,1440796285762,"11,300",Not yet rated,NULL,N/A
GARS,$14.21,1440796285786,"22,022",Not yet rated,NULL,$16
GENC,$9.16,1440796286023,"11,573",100% bearish,of 1 rating,N/A
GNCMA,$16.99,1440796286071,"119,943",100% bearish,of 1 rating,$12
GFNCP,$93.89,1440796286158,350,Not yet rated,NULL,N/A
GFN,$3.95,1440796286184,"17,699",100% bearish,of 2 ratings,$8
GFNSL,$25.6,1440796286213,700,Not yet rated,NULL,N/A
GENE,$2.29,1440796286238,"182,762",100% bullish,of 12 ratings,N/A
GNMK,$10.02,1440796286312,"195,594",67% bullish,of 6 ratings,$14
GNCA,$12.21,1440796286449,"103,358",100% bearish,of 1 rating,$20
GHDX,$27.75,1440796286550,"193,234",50% bullish,of 2 ratings,$30
GNTX,$15.53,1440796286576,"1,032,543",Not yet rated,NULL,$20
THRM,$46.44,1440796286614,"366,550",75% bearish,of 4 ratings,$55.50
GNVC,$2.51,1440796286639,"10,917",90% bullish,of 10 ratings,$8.50
GTWN,NULL,1440796286667,0,Not yet rated,NULL,N/A
GEOS,$16.71,1440796286702,"121,126",100% bearish,of 3 ratings,$21
GABC,$29,1440796286802,"15,081",Not yet rated,NULL,$31
ROCK,$16.51,1440796287018,"136,353",80% bullish,of 5 ratings,$24
GERN,$3.23,1440796287073,"1,137,894",88% bullish,of 16 ratings,$5.25
GEVO,$2.33,1440796287107,"332,274",75% bullish,of 12 ratings,$5
GIGM,$0.5201,1440796287175,"76,762",100% bullish,of 2 ratings,N/A
GIGA,$1.42,1440796287242,"2,675",100% bearish,of 1 rating,N/A
GIII,$68.14,1440796287310,"175,109",67% bullish,of 3 ratings,$75
GBCI,$25.66,1440796287337,"245,507",50% bullish,of 2 ratings,$31
GILD,$107.8,1440796287367,"5,964,597",91% bullish,of 87 ratings,$129
GILT,$4.3001,1440796287392,"1,700",50% bullish,of 2 ratings,N/A
GLADO,$25.59,1440796287524,"1,700",Not yet rated,NULL,N/A
GLAD,$8.8,1440796287564,"171,130",50% bullish,of 2 ratings,$8.75
GOODN,$25.407,1440796287595,400,Not yet rated,NULL,N/A
GOOD,$14.64,1440796287617,"72,029",Not yet rated,NULL,$19
GOODO,$25,1440796287692,30,Not yet rated,NULL,N/A
GOODP,NULL,1440796287864,0,Not yet rated,NULL,N/A
GAINN,$25.01,1440796288001,"56,593",Not yet rated,NULL,N/A
GAIN,$7.47,1440796288029,"107,125",100% bullish,of 2 ratings,$8.25
GAINO,$25.1728,1440796288051,490,Not yet rated,NULL,N/A
GLBZ,NULL,1440796288084,0,Not yet rated,NULL,N/A
LAND,$9.16,1440796288115,"48,601",50% bullish,of 2 ratings,$13.75
GAINP,$25.9,1440796288187,620,Not yet rated,NULL,N/A
GBT,$45.44,1440796288215,"73,753",100% bearish,of 1 rating,N/A
GDEF,$10.53,1440796288293,600,Not yet rated,NULL,N/A
ENT,$11.77,1440796288393,"71,245",100% bearish,of 1 rating,$18
GBLI,$26.99,1440796288425,"11,669",Not yet rated,NULL,N/A
GSOL,$8.0275,1440796288524,"18,239",100% bearish,of 1 rating,N/A
GPACU,NULL,1440796288552,0,Not yet rated,NULL,N/A
ACTX,NULL,1440796288655,0,100% bullish,of 1 rating,N/A
SOCL,$17.82,1440796288750,"24,218",100% bullish,of 2 ratings,N/A
QQQC,$19.67,1440796288782,"3,061",100% bearish,of 1 rating,N/A
ALTY,$14.44,1440796288811,600,Not yet rated,NULL,N/A
SRET,$13.25,1440796288882,"1,014",Not yet rated,NULL,N/A
GSM,$13.47,1440796288946,"403,698",50% bullish,of 2 ratings,$22
GAI,$5.9,1440796288972,"1,400",50% bullish,of 2 ratings,N/A
YLCO,$11.95,1440796289010,"1,396",Not yet rated,NULL,N/A
GBIM,$2.29,1440796289106,"19,199",50% bullish,of 2 ratings,N/A
GLBS,NULL,1440796289152,0,67% bullish,of 3 ratings,N/A
GLRI,$1.01,1440796289177,"23,180",100% bearish,of 1 rating,$4.25
GLUU,$4.53,1440796289250,"786,373",92% bullish,of 26 ratings,$9
GLYC,$7.05,1440796289353,"16,674",50% bullish,of 2 ratings,$14
GOGO,$15.67,1440796289409,"431,299",80% bullish,of 5 ratings,$25
GLNG,$38.2739,1440796289514,"963,948",83% bullish,of 6 ratings,$58
GMLP,$18.86,1440796289547,"223,814",50% bullish,of 4 ratings,$32.50
GLDC,$4,1440796289640,"5,513",50% bullish,of 2 ratings,N/A
GBDC,$16.66,1440796289669,"111,261",Not yet rated,NULL,$17.75
GDEN,$8.96,1440796289694,"13,852",50% bullish,of 2 ratings,N/A
GOGL,$3.14,1440796289719,"220,227",75% bullish,of 4 ratings,$5
GOOG,$630,1440796289900,"1,041,401",89% bullish,of 70 ratings,$825
GPRO,$48.22,1440796289928,"3,254,095",78% bullish,of 58 ratings,$72
GOOGL,$659,1440796289953,"1,023,573",88% bullish,of 1081 ratings,$749
GTIM,$7.03,1440796289979,"31,867",Not yet rated,NULL,$11.50
GMAN,$3.73,1440796290114,"210,604",60% bullish,of 5 ratings,$8.50
GPIA,$9.84,1440796290141,190,Not yet rated,NULL,N/A
GPIAU,NULL,1440796290166,0,Not yet rated,NULL,N/A
LOPE,$37.48,1440796290344,"89,001",100% bearish,of 2 ratings,$50
GBSNU,NULL,1440796290403,0,NULL,NULL,NULL
GPIAW,NULL,1440796290428,0,Not yet rated,NULL,N/A
GRVY,$3.16,1440796290473,125,50% bullish,of 2 ratings,N/A
GBSN,$0.364,1440796290561,"4,055,247",50% bullish,of 2 ratings,$8.25
GSBC,$39.87,1440796290588,"19,620",100% bullish,of 1 rating,$44
GLDD,$5.42,1440796290620,"86,319",100% bearish,of 4 ratings,$7.75
GNBC,$11.86,1440796290721,"12,906",100% bearish,of 1 rating,$16.50
GRBK,$11.95,1440796290745,"113,049",77% bullish,of 13 ratings,N/A
GPP,$13.7,1440796290799,"33,561",Not yet rated,NULL,$20.50
GPRE,$20.55,1440796290925,"1,091,427",67% bullish,of 6 ratings,$28.50
GCBC,NULL,1440796291030,0,100% bullish,of 1 rating,N/A
GLRE,$24.99,1440796291058,"161,684",50% bullish,of 2 ratings,$41
GRIF,$32.61,1440796291090,308,100% bearish,of 1 rating,N/A
GRPN,$4.6,1440796291192,"5,949,156",61% bullish,of 71 ratings,$6.75
GRFS,$30.5748,1440796291224,"206,103",50% bullish,of 2 ratings,$35
GGAL,$19.4858,1440796291252,"118,461",80% bullish,of 5 ratings,$40
OMAB,$40.81,1440796291277,"12,578",100% bullish,of 1 rating,$44
GSIG,$12.99,1440796291326,"26,470",100% bearish,of 2 ratings,N/A
GSIT,$4.62,1440796291487,"8,389",100% bearish,of 1 rating,N/A
GSVC,$8.72,1440796291627,"82,010",50% bullish,of 2 ratings,$14.50
GTXI,$0.874,1440796291652,"20,930",100% bullish,of 5 ratings,$.75
GBNK,$15.79,1440796291683,"18,291",100% bearish,of 1 rating,$18
GUID,$7.28,1440796291712,"42,026",100% bearish,of 3 ratings,$10
GFED,$14.67,1440796291733,779,Not yet rated,NULL,$17
GULTU,$0.3001,1440796291783,"1,330,535",100% bearish,of 1 rating,N/A
GPOR,$35.04,1440796292038,"1,494,164",75% bullish,of 4 ratings,$55
GIFI,$12.46,1440796292074,"46,325",100% bearish,of 1 rating,$16
GWGH,$7.74,1440796292102,"1,171",100% bearish,of 1 rating,$15.05
GYRO,$2.84,1440796292130,"6,150",100% bearish,of 1 rating,N/A
GURE,$1.67,1440796292161,"85,776",88% bullish,of 8 ratings,N/A
GWPH,$109.33,1440796292188,"112,738",78% bullish,of 9 ratings,$148.50
HEES,$18.69,1440796292209,"314,064",67% bearish,of 3 ratings,$31
HLG,$9.5,1440796292358,"2,247",100% bearish,of 1 rating,N/A
HALO,$18.41,1440796292581,"771,518",67% bullish,of 3 ratings,$22.50
HALL,$11.41,1440796292606,"17,778",Not yet rated,NULL,N/A
HBK,$13.67,1440796292641,713,50% bullish,of 2 ratings,N/A
HNRG,$7.69,1440796292667,"67,708",100% bearish,of 1 rating,$10
HNH,$25.45,1440796292802,"17,110",100% bullish,of 1 rating,N/A
HBHCL,$24.39,1440796292828,"26,203",Not yet rated,NULL,N/A
HBHC,$27.4,1440796292853,"558,474",50% bullish,of 2 ratings,$30
HMPR,$1.87,1440796292878,"27,659",100% bullish,of 1 rating,N/A
HQCL,$12.9,1440796293023,"30,828",67% bullish,of 3 ratings,$14
HNSN,$0.56,1440796293054,"56,801",88% bullish,of 8 ratings,$.40
HLIT,$5.79,1440796293080,"246,263",100% bearish,of 1 rating,$6.50
HAFC,$23.98,1440796293101,"109,880",100% bullish,of 2 ratings,$28.50
HDNG,$10.04,1440796293282,"11,625",50% bullish,of 4 ratings,N/A
HRMNU,NULL,1440796293307,0,Not yet rated,NULL,N/A
HRMN,NULL,1440796293366,0,Not yet rated,NULL,N/A
HRMNW,NULL,1440796293559,0,Not yet rated,NULL,N/A
HART,$1.04,1440796293624,"103,690",100% bearish,of 1 rating,N/A
HBIO,$4.28,1440796293651,"35,954",100% bearish,of 1 rating,$10
HCAPL,$25.7399,1440796293781,400,Not yet rated,NULL,N/A
HCOM,$21.82,1440796293807,"31,985",100% bearish,of 1 rating,$28
HAS,$75.51,1440796293829,"715,928",63% bullish,of 8 ratings,$84.50
TINY,$2.48,1440796293869,"19,385",50% bullish,of 2 ratings,$5.26
HCAP,$12.15,1440796293962,"4,513",50% bullish,of 2 ratings,$15
HA,$22.91,1440796294017,"540,918",67% bullish,of 9 ratings,$27
HWKN,$37.33,1440796294044,"28,446",Not yet rated,NULL,N/A
HAYN,$38.31,1440796294174,"42,900",100% bearish,of 1 rating,$59
HWBK,$13.24,1440796294254,100,100% bearish,of 1 rating,N/A
HDS,$32.94,1440796294279,"1,196,871",100% bearish,of 2 ratings,$39.50
HIIQ,$5.17,1440796294412,"32,371",50% bullish,of 2 ratings,$7
HCSG,$33.32,1440796294547,"191,852",50% bullish,of 4 ratings,$35
HSTM,$25.36,1440796294590,"85,370",50% bullish,of 2 ratings,$33.75
HTLF,$35.88,1440796294617,"18,551",100% bullish,of 1 rating,$39.50
HTWR,$86.25,1440796294649,"147,034",50% bullish,of 2 ratings,$103
HTLD,$20.55,1440796294674,"341,001",Not yet rated,NULL,$22.50
HQY,$29.51,1440796294705,"115,451",67% bullish,of 3 ratings,$32
HWAY,$11.95,1440796294746,"278,697",100% bearish,of 1 rating,$15
HTBX,$5.16,1440796294775,"3,070",50% bullish,of 2 ratings,$15.50
HSII,$19.62,1440796294927,"52,553",100% bullish,of 3 ratings,$25
HELE,$85.56,1440796295011,"103,241",67% bearish,of 3 ratings,$100
HMNY,$2.19,1440796295057,300,100% bearish,of 1 rating,N/A
HMTV,$13.72,1440796295217,"12,932",100% bearish,of 1 rating,$16
HNNA,$24.865,1440796295242,"10,548",Not yet rated,NULL,N/A
HERO,NULL,1440796295309,0,NULL,NULL,NULL
HSIC,$139.4,1440796295379,"342,416",83% bullish,of 6 ratings,$146
HEOP,$7.66,1440796295442,"15,820",Not yet rated,NULL,$8.50
HTBK,$10.63,1440796295478,"33,812",Not yet rated,NULL,$12
HCACU,$9.98,1440796295503,"100,000",Not yet rated,NULL,N/A
HCCI,$11.25,1440796295528,"42,055",100% bearish,of 1 rating,$16.50
MLHR,$26.99,1440796295572,"310,038",50% bullish,of 2 ratings,$33.50
HFWA,$17.59,1440796295707,"71,544",100% bullish,of 1 rating,$20
HRTX,$35.46,1440796295782,"219,447",67% bullish,of 6 ratings,$41
HSKA,$33.74,1440796295811,"20,659",100% bearish,of 1 rating,$38
HFFC,$15.77,1440796295911,"5,478",Not yet rated,NULL,N/A
HPJ,$2.21,1440796296056,"29,621",75% bullish,of 4 ratings,$12.43
HIHO,$3.81,1440796296089,"6,096",Not yet rated,NULL,N/A
HIBB,$38.87,1440796296116,"223,423",100% bearish,of 1 rating,$46.50
HIMX,$6.906,1440796296185,"915,996",86% bullish,of 21 ratings,$8.50
HIFS,$115.91,1440796296214,"1,151",Not yet rated,NULL,N/A
HSGX,$6.05,1440796296243,"3,574",100% bearish,of 1 rating,$17
HMNF,$11.32,1440796296288,"2,016",Not yet rated,NULL,N/A
HMSY,$10.47,1440796296390,"809,768",67% bullish,of 3 ratings,$19.35
HOLX,$39.76,1440796296519,"1,449,945",67% bullish,of 3 ratings,$42
HOLI,$17.78,1440796296550,"94,603",50% bullish,of 4 ratings,$27
HBCP,$24.71,1440796296576,"2,436",Not yet rated,NULL,$29
HOMB,$37.97,1440796296654,"222,036",Not yet rated,NULL,$42
HMIN,$26.7,1440796297003,"59,584",100% bearish,of 2 ratings,$35
AWAY,$29.19,1440796297039,"431,994",67% bullish,of 3 ratings,$36
HTBI,$18.18,1440796297061,"26,626",67% bullish,of 3 ratings,$18.625
HFBL,$21.62,1440796297096,536,Not yet rated,NULL,N/A
HMST,$21.84,1440796297119,"74,855",100% bullish,of 2 ratings,$27
HKTV,$4.76,1440796297140,200,100% bearish,of 1 rating,N/A
HOFT,$23.78,1440796297176,"18,879",100% bearish,of 1 rating,N/A
CETC,$0.76,1440796297198,"165,443",86% bullish,of 7 ratings,N/A
HZNP,$30.48,1440796297414,"1,069,487",85% bullish,of 20 ratings,$40
HFBC,$11.22,1440796297445,"3,150",Not yet rated,NULL,N/A
HBNC,$23.57,1440796297470,"12,027",100% bullish,of 1 rating,$27
HRZN,$10.33,1440796297621,"33,944",50% bullish,of 2 ratings,$14.25
HDP,$24.18,1440796297685,"194,225",67% bearish,of 3 ratings,$30.50
ZINC,$7.85,1440796297768,"597,280",100% bearish,of 1 rating,$17
HOVNP,$4.54,1440796297836,"1,000",100% bearish,of 1 rating,N/A
HMHC,$22.7,1440796297864,"467,940",Not yet rated,NULL,$27
HBMD,$14.24,1440796297898,809,100% bearish,of 1 rating,N/A
HWCC,$7.5,1440796297928,"82,097",100% bearish,of 1 rating,$9
HSNI,$62.38,1440796297958,"170,632",Not yet rated,NULL,$80
HUBG,$37.06,1440796298032,"387,683",100% bearish,of 1 rating,$43
HCBK,$9.36,1440796298132,"1,263,712",83% bullish,of 6 ratings,$8.61
HSON,$2.55,1440796298287,"22,082",100% bearish,of 1 rating,$5
HDSN,$3.11,1440796298312,"27,087",100% bullish,of 1 rating,$6.25
HTGM,$5.69,1440796298339,"4,024",100% bearish,of 1 rating,$19.50
HBANP,NULL,1440796298494,0,100% bearish,of 1 rating,N/A
HBAN,$10.91,1440796298522,"5,203,375",76% bullish,of 17 ratings,$12.29
HURC,$30.35,1440796298549,"11,794",100% bearish,of 1 rating,N/A
HURN,$73.36,1440796298576,"75,680",50% bullish,of 2 ratings,$80
HDRA,NULL,1440796298710,0,Not yet rated,NULL,N/A
HTCH,$1.56,1440796298731,"94,983",100% bearish,of 1 rating,$3.50
HBP,$3.11,1440796298766,"3,775",100% bullish,of 1 rating,N/A
HDRAR,NULL,1440796298812,0,Not yet rated,NULL,N/A
HDRAU,NULL,1440796298951,0,Not yet rated,NULL,N/A
HDRAW,NULL,1440796298977,0,Not yet rated,NULL,N/A
HYGS,$9.55,1440796299041,"29,871",50% bullish,of 2 ratings,$13
IDSY,$3.91,1440796299111,"6,108",100% bearish,of 1 rating,$7
IACI,$71.44,1440796299255,"445,254",75% bullish,of 4 ratings,$90
IKGH,$1.8,1440796299340,"10,231",75% bullish,of 4 ratings,N/A
IBKC,$60.36,1440796299369,"111,938",100% bullish,of 1 rating,$70
ICFI,$34.04,1440796299400,"48,356",50% bullish,of 2 ratings,$48.50
IEP,$74.24,1440796299421,"59,662",75% bullish,of 4 ratings,$99
ICLR,$77.9507,1440796299452,"266,641",100% bearish,of 3 ratings,$85
ICAD,$3.9,1440796299485,"83,344",100% bullish,of 2 ratings,$7.25
ICUI,$113.92,1440796299585,"46,176",Not yet rated,NULL,$122
ICON,$13.52,1440796299751,"466,663",50% bullish,of 2 ratings,$18.50
INVE,$4.4,1440796299782,"78,490",75% bullish,of 4 ratings,$4
IPWR,$7.28,1440796299808,"4,444",100% bullish,of 1 rating,$15
IDRA,$2.92,1440796299886,"601,438",89% bullish,of 9 ratings,$6.50
DSKY,$10.9914,1440796300038,"128,718",67% bullish,of 6 ratings,$11.50
IDXX,$73.21,1440796300086,"346,348",100% bearish,of 1 rating,$77
IROQ,$16.7,1440796300120,300,100% bullish,of 1 rating,N/A
RXDX,$13.82,1440796300147,"155,513",100% bullish,of 1 rating,$20
KANG,$15.8182,1440796300219,"226,303",50% bullish,of 2 ratings,$22.55
IRG,$4.78,1440796300248,"23,310",100% bearish,of 1 rating,$4.25
IIVI,$16.89,1440796300280,"155,141",100% bearish,of 1 rating,$22
IKAN,$2.72,1440796300381,"4,738",83% bullish,of 6 ratings,$5
ILMN,$201.49,1440796300477,"782,267",80% bullish,of 5 ratings,$245
IKNX,NULL,1440796300502,0,100% bearish,of 1 rating,N/A
IMMR,$11.81,1440796300651,"72,756",80% bullish,of 5 ratings,$15.50
ISNS,$4,1440796300711,"15,572",50% bullish,of 2 ratings,N/A
IMDZ,$16.61,1440796300841,"27,500",100% bearish,of 1 rating,$33
ICCC,$7.21,1440796300866,"13,479",100% bullish,of 1 rating,N/A
IMMU,$2.16,1440796300895,"703,998",86% bullish,of 7 ratings,$2
IPXL,$42.4,1440796300922,"457,825",67% bullish,of 3 ratings,$46.50
IMNP,$1.36,1440796300948,"30,681",50% bullish,of 2 ratings,$6
IMGN,$14.28,1440796300971,"955,380",75% bullish,of 4 ratings,$17.50
INCR,$42.01,1440796301105,"221,716",50% bullish,of 2 ratings,$53
IMMY,$7.69,1440796301136,"4,471",100% bearish,of 1 rating,$11
IBTX,$41.49,1440796301464,"14,876",100% bullish,of 2 ratings,$47.25
INCY,$119.9,1440796301569,"1,091,692",50% bullish,of 6 ratings,$125.50
SAAS,$7.64,1440796301604,"242,260",50% bullish,of 2 ratings,$15
IBCP,$14.16,1440796301630,"93,148",100% bullish,of 1 rating,$14.50
INDB,$44.5,1440796301666,"202,363",Not yet rated,NULL,$44
INFN,$22.29,1440796301698,"1,022,680",71% bullish,of 7 ratings,$28
INFI,$9.28,1440796301802,"337,361",50% bullish,of 4 ratings,$18
IDSA,$3.6,1440796301827,"2,730",Not yet rated,NULL,N/A
IPCC,$77.31,1440796301856,"22,807",Not yet rated,NULL,$77.50
III,$3.89,1440796302031,"95,856",57% bullish,of 7 ratings,$6
IMKTA,$50.28,1440796302059,"51,886",100% bearish,of 1 rating,N/A
INNL,$12.78,1440796302085,"1,348",100% bearish,of 1 rating,$16.50
INWK,$7.09,1440796302112,"56,331",50% bullish,of 2 ratings,$10
IFON,$1.21,1440796302133,"24,493",75% bullish,of 4 ratings,N/A
IPHS,$48.24,1440796302330,"75,518",100% bearish,of 1 rating,$60
INOD,$2.38,1440796302379,"4,694",100% bearish,of 1 rating,N/A
ITEK,$12.15,1440796302470,"249,011",100% bearish,of 3 ratings,$20
INGN,$49.78,1440796302522,"219,266",100% bearish,of 1 rating,$50.50
IOSP,$48.17,1440796302550,"185,737",100% bearish,of 1 rating,N/A
ISSC,$2.78,1440796302571,"4,200",67% bearish,of 3 ratings,N/A
INO,$7.73,1440796302603,"1,633,751",89% bullish,of 18 ratings,$20
NSIT,$25.8,1440796302827,"111,626",50% bullish,of 2 ratings,N/A
INSM,$25.69,1440796302855,"271,347",71% bullish,of 7 ratings,$31.50
ISIG,$2.71,1440796302899,"10,879",100% bearish,of 1 rating,N/A
IIIN,$17.07,1440796302930,"16,380",100% bearish,of 2 ratings,N/A
PODD,$29.71,1440796303005,"209,947",67% bearish,of 3 ratings,$35
INOV,$21.73,1440796303035,"735,420",100% bearish,of 1 rating,$33
INSY,$33.83,1440796303068,"270,702",75% bullish,of 4 ratings,$48
NTEC,$5.75,1440796303145,"8,105",100% bearish,of 1 rating,N/A
IART,$60.79,1440796303330,"177,967",100% bearish,of 2 ratings,$71.50
IESC,$7.02,1440796303378,"2,580",100% bearish,of 1 rating,N/A
IDTI,$19.09,1440796303404,"1,455,851",60% bullish,of 5 ratings,$25
ISSI,$21.94,1440796303479,"133,663",67% bullish,of 3 ratings,$19.75
IQNT,$18.59,1440796303574,"151,264",86% bullish,of 7 ratings,$20
IPCI,$2.31,1440796303640,"76,615",67% bullish,of 6 ratings,$8
INTC,$28.42,1440796303706,"25,662,516",82% bullish,of 238 ratings,$36
IPAR,$25.63,1440796303782,"79,920",67% bullish,of 3 ratings,$38
ININ,$36.15,1440796303841,"85,150",67% bearish,of 3 ratings,$57
IBKR,$40.2881,1440796303866,"605,394",100% bullish,of 1 rating,N/A
ICPT,$189.4643,1440796303921,"96,157",70% bullish,of 10 ratings,$359.50
ICLDW,NULL,1440796304022,0,100% bearish,of 1 rating,N/A
ICLD,$1.85,1440796304082,"103,348",75% bullish,of 4 ratings,N/A
IDCC,$48.003,1440796304154,"174,455",80% bullish,of 5 ratings,$63
TILE,$23.94,1440796304214,"431,058",100% bearish,of 3 ratings,$27
IMI,$2.13,1440796304242,"10,493",67% bullish,of 3 ratings,$2.22
ISCA,$31.97,1440796304370,"101,605",100% bearish,of 1 rating,N/A
INAP,$8.05,1440796304396,"239,819",75% bullish,of 4 ratings,$11
IBOC,$25.15,1440796304421,"154,160",100% bearish,of 1 rating,N/A
IGLD,$6.97,1440796304561,400,50% bullish,of 2 ratings,N/A
PTNT,$2.91,1440796304644,"2,723",Not yet rated,NULL,N/A
IIJI,$10,1440796304674,40,50% bullish,of 2 ratings,$11.50
INPH,$0.32,1440796304743,"162,928",50% bullish,of 2 ratings,N/A
XENT,$25.35,1440796304770,"141,556",50% bullish,of 2 ratings,$36.50
INTX,$2.03,1440796304803,"97,223",67% bullish,of 3 ratings,N/A
ISIL,$10.61,1440796304828,"483,071",50% bullish,of 6 ratings,$15
IILG,$19.97,1440796305015,"103,268",100% bearish,of 1 rating,$29
IVAC,$4.86,1440796305102,"23,655",100% bearish,of 1 rating,$6.625
INTLL,$26.09,1440796305127,850,Not yet rated,NULL,N/A
IIN,$6.39,1440796305285,"2,100",100% bearish,of 1 rating,$12
ITCI,$26.96,1440796305311,"275,633",75% bearish,of 4 ratings,$40
INTL,$25.81,1440796305332,"62,769",67% bearish,of 3 ratings,N/A
ISRG,$514.24,1440796305552,"95,903",67% bullish,of 3 ratings,$600
INVT,$0.303,1440796305583,"213,959",67% bullish,of 3 ratings,N/A
INTU,$86.21,1440796305609,"1,895,063",86% bullish,of 7 ratings,$107.50
SNAK,$8.68,1440796305688,"102,749",50% bullish,of 2 ratings,$14
ISTR,$15.6,1440796305746,841,100% bearish,of 1 rating,$18.50
ISBC,$11.75,1440796305877,"972,204",100% bullish,of 1 rating,$13.25
NVIV,$9.66,1440796305966,"133,271",50% bullish,of 4 ratings,$24.50
ITIC,$71.15,1440796306008,"1,300",100% bearish,of 2 ratings,N/A
IVTY,$14.61,1440796306200,"17,056",Not yet rated,NULL,$18
DFVL,NULL,1440796306240,0,Not yet rated,NULL,N/A
IPAS,$1.09,1440796306265,"49,183",67% bullish,of 3 ratings,N/A
DTUL,NULL,1440796306291,0,Not yet rated,NULL,N/A
IRIX,$6.89,1440796306475,"7,546",100% bearish,of 1 rating,N/A
IRMD,$25.04,1440796306504,"11,245",67% bearish,of 3 ratings,$25
IPCM,$79.44,1440796306529,"119,808",50% bullish,of 2 ratings,$80.125
IPGP,$85.88,1440796306604,"250,042",100% bearish,of 2 ratings,$109.50
IRDM,$7.18,1440796306796,"400,499",60% bullish,of 5 ratings,$11.50
IRDMB,$279.5,1440796306826,320,67% bearish,of 3 ratings,N/A
IRBT,$29.29,1440796306852,"166,490",67% bullish,of 6 ratings,$37
FCHI,NULL,1440796306891,0,NULL,NULL,NULL
COMT,$33.62,1440796306921,"23,140",100% bearish,of 1 rating,N/A
IRWD,$11.27,1440796306986,"1,082,384",100% bearish,of 1 rating,$13
GNMA,$50.32,1440796307048,"3,187",Not yet rated,NULL,N/A
IRCP,NULL,1440796307073,0,100% bullish,of 2 ratings,N/A
IFAS,NULL,1440796307120,0,NULL,NULL,NULL
IFNA,NULL,1440796307232,0,NULL,NULL,NULL
IFEU,$37.74,1440796307286,"4,879",Not yet rated,NULL,N/A
IFGL,$28.61,1440796307311,"191,698",Not yet rated,NULL,N/A
ACWI,$56.3,1440796307441,"1,578,362",Not yet rated,NULL,N/A
ACWX,$41.04,1440796307496,"692,879",100% bearish,of 1 rating,N/A
AAXJ,$53.8559,1440796307523,"3,183,887",Not yet rated,NULL,N/A
AXJS,NULL,1440796307547,0,NULL,NULL,NULL
AAIT,NULL,1440796307565,0,NULL,NULL,NULL
EMDI,NULL,1440796307696,0,NULL,NULL,NULL
EEME,NULL,1440796307723,0,NULL,NULL,NULL
EMEY,NULL,1440796307741,0,NULL,NULL,NULL
EEMA,$50.47,1440796307830,"37,087",Not yet rated,NULL,N/A
EVAL,NULL,1440796307881,0,NULL,NULL,NULL
EGRW,NULL,1440796307935,0,NULL,NULL,NULL
IEUS,$45.4,1440796308323,"5,456",100% bearish,of 1 rating,N/A
EEML,$27.61,1440796308395,"9,700",Not yet rated,NULL,N/A
UAE,$18.63,1440796308451,"11,900",Not yet rated,NULL,N/A
EUFN,$21.85,1440796308476,"73,493",100% bearish,of 1 rating,N/A
IBB,$353.51,1440796308507,"853,434",63% bullish,of 8 ratings,N/A
EMIF,$28.87,1440796308528,"8,923",Not yet rated,NULL,N/A
QAT,$21.6,1440796308549,600,Not yet rated,NULL,N/A
SOXX,$83.25,1440796308679,"380,264",50% bullish,of 2 ratings,N/A
WOOD,$48.3,1440796308751,"23,260",50% bullish,of 2 ratings,N/A
ICLN,$9.6,1440796308834,"14,518",50% bullish,of 2 ratings,N/A
ISIS,$51.56,1440796308886,"781,005",53% bullish,of 15 ratings,$67
ISHG,$79.35,1440796308912,"9,098",100% bearish,of 1 rating,N/A
IGOV,$90.85,1440796308932,"16,643",100% bearish,of 1 rating,N/A
INDY,$27.63,1440796309062,"140,732",50% bullish,of 2 ratings,N/A
ISLE,$17.63,1440796309135,"140,146",50% bullish,of 4 ratings,$16
ISRL,$131.04,1440796309275,465,100% bearish,of 1 rating,N/A
ITUS,$4.03,1440796309308,"7,850",Not yet rated,NULL,N/A
ITRI,$30.03,1440796309333,"194,687",Not yet rated,NULL,$37
IXYS,$11.14,1440796309358,"103,762",50% bullish,of 4 ratings,N/A
ITRN,$24.11,1440796309388,"1,416",50% bullish,of 2 ratings,N/A
XXIA,$15.17,1440796309409,"472,050",71% bullish,of 7 ratings,$14.625
MAYS,$55.95,1440796309570,100,Not yet rated,NULL,N/A
JJSF,$114.72,1440796309601,"29,311",100% bearish,of 1 rating,N/A
JBHT,$73.51,1440796309701,"554,190",50% bullish,of 4 ratings,$89.50
JCOM,$69.71,1440796309828,"185,842",100% bullish,of 2 ratings,$77
JKHY,$68.7938,1440796309877,"214,469",50% bullish,of 2 ratings,$72
JASO,$7.9,1440796309908,"747,475",82% bullish,of 17 ratings,$10
JACK,$81.77,1440796310095,"189,732",83% bullish,of 6 ratings,$105
JAKK,$9.42,1440796310143,"492,606",60% bearish,of 5 ratings,$11
JAXB,$13.31,1440796310180,90,100% bullish,of 1 rating,N/A
JAGX,$3.44,1440796310236,"8,574",Not yet rated,NULL,N/A
ERW,NULL,1440796310311,0,Not yet rated,NULL,N/A
JXSB,NULL,1440796310338,0,Not yet rated,NULL,N/A
JRVR,$26.79,1440796310367,"37,791",Not yet rated,NULL,$32
JMBA,$13.95,1440796310496,"91,223",75% bullish,of 4 ratings,$18
JASN,$4.93,1440796310623,"23,503",50% bullish,of 2 ratings,$9.50
JASNW,NULL,1440796310714,0,50% bullish,of 2 ratings,N/A
JAZZ,$171.501,1440796310790,"167,566",80% bullish,of 15 ratings,$206.50
JD,$26.77,1440796310848,"4,905,314",75% bullish,of 16 ratings,$36
JBLU,$22.295,1440796310874,"2,629,129",94% bullish,of 18 ratings,$27
JTPY,$2.95,1440796310895,100,100% bearish,of 1 rating,N/A
JCTCF,NULL,1440796311032,0,100% bullish,of 1 rating,N/A
DATE,$5.92,1440796311308,"93,636",75% bullish,of 4 ratings,$9
JST,$3.98,1440796311341,"7,252",75% bullish,of 4 ratings,N/A
JIVE,$4.51,1440796311362,"258,687",75% bullish,of 4 ratings,$5
JBSS,$54.48,1440796311438,"71,680",67% bearish,of 3 ratings,N/A
JOEZ,$0.17,1440796311494,"97,593",92% bullish,of 12 ratings,N/A
WYIGU,$10.2,1440796311585,6,Not yet rated,NULL,N/A
JNP,$10.93,1440796311810,"25,559",100% bullish,of 3 ratings,$15
JOUT,$23.41,1440796311836,"5,196",100% bearish,of 1 rating,$34
JUNO,$38.0565,1440796312122,"680,645",73% bullish,of 11 ratings,$71.50
KBIO,$2.01,1440796312434,"19,373",50% bullish,of 4 ratings,N/A
KTWO,$21.65,1440796312466,"84,969",100% bearish,of 1 rating,$28.50
KALU,$83.24,1440796312570,"129,573",67% bearish,of 3 ratings,$91
KPTI,$14.14,1440796312607,"190,554",67% bearish,of 3 ratings,$39
KMDA,$3.48,1440796312650,"19,288",50% bullish,of 2 ratings,$8
KCLI,$46.85,1440796312675,"26,651",Not yet rated,NULL,N/A
