Symbol,Price,Date,Volume,Rating,RatingVoteCount,OneYearEstimate
FCCY,NULL,1439910902314,0,100% bullish,of 1 rating,$13
TFSCW,$0.22,1439910902390,4,100% bearish,of 1 rating,N/A
FCTY,$7.45,1439910902416,300,100% bullish,of 1 rating,$8.50
TFSC,NULL,1439910902446,0,100% bearish,of 1 rating,N/A
TFSCR,NULL,1439910902472,0,Not yet rated,NULL,N/A
FLWS,$9.72,1439910902495,"26,777",100% bullish,of 5 ratings,$15
PIH,$7.7376,1439910902556,300,100% bearish,of 1 rating,N/A
TFSCU,NULL,1439910902654,0,Not yet rated,NULL,N/A
SRCE,$31.19,1439910902737,"1,819",100% bullish,of 3 ratings,$33
DGLD,$85.19,1439910902806,"2,140",100% bullish,of 1 rating,N/A
TWOU,$35.34,1439910902838,"136,595",50% bullish,of 2 ratings,$39
VNET,$21.1,1439910902870,"76,108",60% bullish,of 5 ratings,$29.50
DSLV,$68.1519,1439910902906,"23,618",100% bearish,of 1 rating,N/A
USLV,$13.3797,1439910902973,"317,725",86% bullish,of 7 ratings,N/A
JOBS,$28.35,1439910902999,"19,763",50% bullish,of 4 ratings,$36
UGLD,$8.85,1439910903171,"107,491",100% bearish,of 1 rating,N/A
SHLM,$35.995,1439910903417,"46,323",100% bearish,of 1 rating,$50
SIXD,$2.4599,1439910903457,"20,574",Not yet rated,NULL,N/A
AVHI,$14.13,1439910903484,"4,800",100% bearish,of 1 rating,$19
EGHT,$8.57,1439910903506,"46,598",82% bullish,of 17 ratings,$11
CAFD,$15.22,1439910903539,"46,405",Not yet rated,NULL,$25
ABAX,$48.095,1439910903568,"22,929",100% bearish,of 1 rating,$60
AAON,$22.9,1439910903655,"19,924",100% bearish,of 1 rating,$24
ABY,$21.805,1439910903733,"79,799",100% bearish,of 2 ratings,$46
ABEO,$5.46,1439910903900,"52,508",67% bullish,of 3 ratings,$15.50
AXAS,$1.75,1439910903963,"155,379",78% bullish,of 9 ratings,$3.50
ABMD,$106.99,1439910903991,"101,953",75% bullish,of 4 ratings,$86
ABEOW,$2.13,1439910904016,102,100% bullish,of 1 rating,N/A
ABGB,$4.7,1439910904041,"31,000",67% bullish,of 3 ratings,$5.50
ACHC,$82.065,1439910904261,"57,101",50% bullish,of 2 ratings,$92
ACTG,$8.68,1439910904352,"47,835",67% bullish,of 3 ratings,$18.50
XLRN,$31.51,1439910904406,"37,211",50% bullish,of 2 ratings,$57
AXDX,$19.65,1439910904432,"30,713",100% bearish,of 1 rating,N/A
ANCX,$19.31,1439910904457,"4,108",Not yet rated,NULL,$19
ACST,$0.3807,1439910904489,785,100% bullish,of 2 ratings,N/A
ACAD,$39.18,1439910904586,"138,431",85% bullish,of 20 ratings,$48
ACRX,$4.48,1439910904745,"30,768",67% bearish,of 6 ratings,$5.50
VXDN,$14.86,1439910904781,615,Not yet rated,NULL,N/A
VXUP,$16.89,1439910904801,374,Not yet rated,NULL,N/A
AKAO,$7.145,1439910904878,"9,615",75% bullish,of 4 ratings,$15
ARAY,$6.14,1439910904903,"246,568",100% bearish,of 1 rating,$10.50
ACHN,$8.745,1439910905077,"997,440",90% bullish,of 21 ratings,$16
ACET,$25.35,1439910905107,"6,135",75% bullish,of 4 ratings,$30
ACNB,$20.3051,1439910905210,200,Not yet rated,NULL,N/A
ACIW,$23.02,1439910905259,"36,529",50% bullish,of 2 ratings,$24
ACTS,NULL,1439910905385,0,100% bearish,of 1 rating,N/A
ATVI,$29.17,1439910905414,"971,866",68% bullish,of 84 ratings,$31.50
ACPW,$1.867,1439910905436,"4,050",100% bullish,of 4 ratings,$3.50
ACOR,$32.25,1439910905458,"26,796",67% bearish,of 3 ratings,$38.50
ACUR,$0.613,1439910905585,"3,400",100% bullish,of 5 ratings,$1
ACTA,$13.83,1439910905619,"10,460",67% bearish,of 3 ratings,$25
ACXM,$21.11,1439910905720,"65,720",67% bullish,of 3 ratings,N/A
ADMS,$21.6701,1439910905748,"9,943",100% bearish,of 2 ratings,$36
ADAP,$15.51,1439910905775,"31,386",67% bullish,of 3 ratings,$22
ADMP,$3.86,1439910905928,"8,692",50% bullish,of 2 ratings,$10
AEY,$2.32,1439910905971,"2,198",100% bearish,of 2 ratings,N/A
ADUS,$28.84,1439910906067,"26,161",100% bearish,of 1 rating,$31
ADEP,$7.38,1439910906169,"4,882",50% bullish,of 2 ratings,$10.75
ADTN,$16.23,1439910906197,"25,268",67% bullish,of 3 ratings,$17.125
ADMA,$9.6,1439910906223,"1,638",Not yet rated,NULL,$19
ADBE,$86.425,1439910906368,"159,140",65% bullish,of 17 ratings,$90
AEIS,$26.45,1439910906420,"27,236",50% bullish,of 2 ratings,$32.50
ADRO,$21.585,1439910906471,"53,927",80% bullish,of 5 ratings,$45.50
ADXS,$16.751,1439910906505,"113,413",64% bullish,of 14 ratings,$27
AMD,$1.7522,1439910906550,"1,427,383",83% bullish,of 102 ratings,$2
ADXSW,$12.1738,1439910906605,"1,200",100% bullish,of 1 rating,N/A
MULT,NULL,1439910906645,0,100% bearish,of 1 rating,N/A
AEGR,$18.8,1439910906977,"113,282",50% bullish,of 6 ratings,$26
AEHR,$2.2,1439910907014,6,50% bullish,of 2 ratings,N/A
YPRO,NULL,1439910907145,0,100% bearish,of 1 rating,N/A
AEGN,$18.51,1439910907176,"10,714",100% bearish,of 1 rating,$21
AEPI,$57.74,1439910907198,"3,278",100% bearish,of 1 rating,N/A
AVAV,$26,1439910907220,"34,733",50% bullish,of 4 ratings,$31
AMTX,$3.35,1439910907257,335,50% bullish,of 2 ratings,$26.11
AEZS,$0.1208,1439910907357,"4,435,091",90% bullish,of 21 ratings,$1.625
AERI,$16.19,1439910907508,"54,806",75% bullish,of 4 ratings,$31.50
AFFX,$9.98,1439910907537,"100,352",80% bullish,of 5 ratings,$12
AGEN,$7.61,1439910907671,"149,914",85% bullish,of 13 ratings,$14
AEMD,$6.8492,1439910907702,"9,373",Not yet rated,NULL,$27.50
AFMD,$11.64,1439910907730,"36,655",50% bullish,of 4 ratings,$15
AGRX,$8.87,1439910907799,"2,625",100% bearish,of 1 rating,$18
AGYS,$9.54,1439910907874,"3,070",100% bearish,of 1 rating,N/A
AGIO,$96.7,1439910907902,"50,845",88% bullish,of 8 ratings,$114
AGFSW,$2.15,1439910908102,"5,231",100% bearish,of 1 rating,N/A
AGFS,$10.64,1439910908132,"6,980",100% bearish,of 1 rating,N/A
AIMT,$23.95,1439910908235,"42,079",Not yet rated,NULL,N/A
AIRT,$22,1439910908364,518,100% bullish,of 1 rating,N/A
AIRM,$40,1439910908396,"28,707",80% bearish,of 5 ratings,$53
ATSG,$9.68,1439910908417,"7,458",67% bullish,of 3 ratings,$13
AIXG,$6.01,1439910908449,522,67% bearish,of 3 ratings,$6
AMCN,$5.05,1439910908498,"159,729",83% bullish,of 6 ratings,N/A
AKAM,$73.76,1439910908658,"210,752",63% bullish,of 8 ratings,$77
AKBA,$7.0596,1439910908790,"31,710",100% bearish,of 1 rating,$18
AKER,$3.3,1439910908822,"45,457",Not yet rated,NULL,N/A
ALRM,$17.4,1439910908848,"18,526",100% bearish,of 1 rating,$22
AKRX,$44.1,1439910908924,"86,901",78% bullish,of 9 ratings,$56
ALSK,$2.15,1439910908982,"20,542",78% bullish,of 18 ratings,$2
ABDC,$12.96,1439910909062,"7,155",Not yet rated,NULL,$15
AMRI,$20.74,1439910909090,"26,027",75% bearish,of 4 ratings,$24
ALDR,$38.15,1439910909276,"72,470",67% bearish,of 3 ratings,$62
ADHD,$9.0701,1439910909302,"70,940",50% bullish,of 4 ratings,$18
ALXA,$1.17,1439910909447,"5,153",83% bullish,of 6 ratings,$2.125
ALXN,$190.31,1439910909477,"137,356",88% bullish,of 8 ratings,$223
ALGN,$60.89,1439910909514,"74,821",100% bearish,of 2 ratings,$73
ALDX,$8.45,1439910909580,"9,210",100% bearish,of 1 rating,$14.50
ALCO,$43.56,1439910909649,806,50% bullish,of 2 ratings,N/A
ALIM,$3.8,1439910909783,"12,420",80% bullish,of 5 ratings,$10
ALKS,$68.69,1439910909814,"80,670",67% bullish,of 3 ratings,$75
ALGT,$232.812,1439910909881,"44,011",100% bearish,of 1 rating,$235
AFOP,$18.9,1439910909912,"8,612",75% bullish,of 8 ratings,$21
ALLB,NULL,1439910910048,0,Not yet rated,NULL,N/A
AIQ,$15.17,1439910910117,802,67% bullish,of 3 ratings,N/A
AHGP,$35.79,1439910910147,"3,797",67% bullish,of 3 ratings,N/A
ARLP,$24.52,1439910910175,"14,539",67% bearish,of 3 ratings,$32
AHPI,$1.45,1439910910321,300,50% bullish,of 2 ratings,N/A
AMOT,$17.8,1439910910349,"1,866",100% bearish,of 1 rating,N/A
ALQA,$4.64,1439910910390,"3,735",75% bullish,of 4 ratings,$8.50
ALLT,$5.02,1439910910490,"35,117",75% bullish,of 4 ratings,$6.25
MDRX,$14.25,1439910910563,"301,895",60% bullish,of 5 ratings,$16
ALNY,$113.14,1439910910718,"130,622",67% bullish,of 3 ratings,$148.50
AOSL,$7.29,1439910910768,"8,872",67% bullish,of 3 ratings,$9
AFAM,$50.03,1439910910796,"18,187",50% bullish,of 2 ratings,$44
SMCP,NULL,1439910910820,0,Not yet rated,NULL,N/A
ATEC,$0.65,1439910910927,"26,730",100% bullish,of 1 rating,$2
ASPS,$29.58,1439910910956,"22,221",67% bullish,of 3 ratings,$46.50
ALTR,$49.28,1439910911055,"285,587",80% bearish,of 5 ratings,$54
AMRN,$2.285,1439910911151,"142,966",85% bullish,of 39 ratings,$8
AMAG,$65.1651,1439910911198,"52,973",100% bullish,of 2 ratings,$75
AIMC,$26.57,1439910911331,"5,304",100% bearish,of 1 rating,$28.50
AMRK,$10.39,1439910911359,"4,300",50% bullish,of 2 ratings,$14
AMBC,$16.58,1439910911497,"42,392",100% bearish,of 1 rating,$16.50
AYA,$22.97,1439910911525,"11,700",100% bearish,of 1 rating,$40
AMBCW,NULL,1439910911550,0,100% bearish,of 1 rating,N/A
AMZN,$538.68,1439910911860,"331,387",81% bullish,of 261 ratings,$646
AMBA,$107.5668,1439910911896,"317,167",83% bullish,of 12 ratings,$102.50
EPAX,$2.66,1439910911935,"320,243",100% bearish,of 1 rating,N/A
AMCX,$74.78,1439910911991,"124,822",67% bullish,of 3 ratings,$85.50
DOX,$60.34,1439910912016,"52,974",100% bullish,of 2 ratings,$60
AMDA,$0.4971,1439910912172,"239,843",90% bullish,of 10 ratings,$1
AMED,$46.1401,1439910912198,"28,442",100% bearish,of 1 rating,$42
UHAL,$381.11,1439910912269,"5,435",100% bullish,of 2 ratings,$393.50
ASBI,$22.9,1439910912368,"2,007",Not yet rated,NULL,N/A
AGNC,$19.81,1439910912401,"801,957",75% bullish,of 28 ratings,$22
AMOV,$18.72,1439910912470,"2,085",100% bearish,of 1 rating,N/A
AAL,$43.76,1439910912531,"1,730,197",93% bullish,of 87 ratings,$57
ATAX,$5.31,1439910912560,"35,495",100% bullish,of 1 rating,$6.50
AGNCB,$24.22,1439910912697,"2,900",Not yet rated,NULL,N/A
AGNCP,$25.4,1439910912725,"5,669",Not yet rated,NULL,N/A
ACSF,$12.68,1439910912914,"9,469",100% bearish,of 1 rating,$15
MTGE,$15.92,1439910912942,"41,513",75% bullish,of 4 ratings,$19.50
MTGEP,$24.5,1439910913084,"1,500",Not yet rated,NULL,N/A
AMNB,$23.2,1439910913117,"2,148",Not yet rated,NULL,$25.50
AETI,$3.8,1439910913161,4,67% bearish,of 3 ratings,N/A
ACAS,$14.335,1439910913190,"216,698",60% bullish,of 5 ratings,$16.75
ANCI,$1.7199,1439910913218,128,100% bearish,of 1 rating,N/A
AMIC,NULL,1439910913248,0,Not yet rated,NULL,N/A
ANAT,$105,1439910913442,"2,044",100% bullish,of 1 rating,N/A
ARII,$40.3,1439910913494,"20,384",67% bearish,of 3 ratings,$45
AMRB,$10.12,1439910913591,404,Not yet rated,NULL,$11
AMSWA,$9.35,1439910913623,"2,404",100% bearish,of 2 ratings,$10.75
ASEI,$38.86,1439910913648,"15,600",100% bearish,of 1 rating,$52.50
APEI,$22.135,1439910913697,"27,821",100% bearish,of 1 rating,$29
AMSC,$4,1439910913942,"17,455",50% bullish,of 4 ratings,N/A
AMWD,$66.17,1439910913969,"22,739",50% bullish,of 2 ratings,$58
ASRV,$3.3,1439910913995,704,100% bullish,of 2 ratings,N/A
ABCB,$28.3657,1439910914026,"6,144",Not yet rated,NULL,$30.50
CRMT,$45.38,1439910914056,"3,190",100% bearish,of 1 rating,$49
AMSF,$51.06,1439910914077,"10,521",Not yet rated,NULL,$57.50
ATLO,$24.23,1439910914211,4,Not yet rated,NULL,N/A
ASRVP,NULL,1439910914285,0,Not yet rated,NULL,N/A
AMGN,$169.08,1439910914391,"324,426",89% bullish,of 19 ratings,$185
FOLD,$16.738,1439910914523,"280,129",56% bullish,of 9 ratings,$21
AMKR,$4.35,1439910914553,"178,391",100% bearish,of 2 ratings,$5
AMPH,$14.66,1439910914655,"35,815",50% bullish,of 2 ratings,$20
AMSG,$86.42,1439910914786,"48,364",100% bearish,of 1 rating,$85.50
AMRS,$1.6401,1439910914814,"31,190",70% bullish,of 10 ratings,N/A
AMSGP,NULL,1439910914843,0,Not yet rated,NULL,N/A
ASYS,$5.82,1439910914865,"11,138",67% bullish,of 3 ratings,$12
ANAD,$0.3697,1439910915026,"191,270",100% bullish,of 2 ratings,$.50
ANAC,$135.14,1439910915089,"71,097",80% bullish,of 5 ratings,$180.50
ADI,$58.39,1439910915121,"570,081",67% bullish,of 3 ratings,$68
AFSI,$62.96,1439910915176,"94,962",60% bullish,of 5 ratings,$72
ALOG,$84,1439910915305,"13,326",100% bearish,of 2 ratings,$100.50
ABCW,$40.93,1439910915336,"2,112",67% bullish,of 3 ratings,N/A
ANCB,NULL,1439910915437,0,Not yet rated,NULL,$23
AMCF,$0.28,1439910915506,"12,417",100% bullish,of 7 ratings,N/A
ANGI,$4.35,1439910915535,"129,632",64% bullish,of 11 ratings,$5.50
ANGO,$14.9999,1439910915667,"6,562",67% bullish,of 3 ratings,$19
ANIP,$56.1076,1439910915721,"45,187",89% bullish,of 19 ratings,$66
ANIK,$35.99,1439910915796,"28,955",60% bullish,of 5 ratings,$51.25
ANSS,$97,1439910915863,"95,680",100% bearish,of 1 rating,$100
ATRS,$1.95,1439910915954,"82,336",92% bullish,of 12 ratings,$4.50
ABAC,NULL,1439910916034,0,100% bearish,of 1 rating,N/A
ANTH,$9.5501,1439910916086,"136,400",80% bullish,of 10 ratings,$13
APIC,$7.8401,1439910916173,"14,492",100% bearish,of 1 rating,$19
ATNY,$2.36,1439910916199,"3,042",50% bullish,of 2 ratings,$3.75
APOG,$53.78,1439910916278,"51,797",100% bullish,of 1 rating,$62
AINV,$6.6499,1439910916413,"476,127",50% bullish,of 4 ratings,$8
APOL,$11.795,1439910916548,"133,128",87% bearish,of 68 ratings,$14
ARCI,$1.25,1439910916581,"4,057",Not yet rated,NULL,N/A
APPF,$17.39,1439910916603,"10,243",50% bullish,of 2 ratings,$22
AAPL,$117.17,1439910916633,"8,242,679",86% bullish,of 2332 ratings,$150
APDN,$3.3,1439910916685,"58,598",Not yet rated,NULL,$9
AMAT,$16.78,1439910916839,"2,243,705",82% bullish,of 11 ratings,$23
APDNW,$1.36,1439910916867,"1,100",Not yet rated,NULL,N/A
AGTC,$16.14,1439910917049,"10,089",50% bullish,of 2 ratings,$33
AMCC,$5.68,1439910917087,"182,294",80% bullish,of 5 ratings,$8
AREX,$2.66,1439910917117,"78,996",100% bearish,of 1 rating,$3
APRI,$1.16,1439910917143,"16,282",83% bullish,of 6 ratings,$4.86
APTO,$5.03,1439910917217,3,Not yet rated,NULL,$17
AAOI,$22.14,1439910917301,"74,584",50% bullish,of 4 ratings,$26
AQXP,$19.1501,1439910917589,"238,774",50% bullish,of 2 ratings,$2
AUMAU,NULL,1439910917653,0,Not yet rated,NULL,N/A
AQMS,$5.391,1439910917682,"10,830",Not yet rated,NULL,N/A
AUMA,NULL,1439910917703,0,Not yet rated,NULL,N/A
ARDM,NULL,1439910917732,0,100% bullish,of 1 rating,$26
AUMAW,NULL,1439910917753,0,Not yet rated,NULL,N/A
PETX,$17.2,1439910918003,"42,101",100% bearish,of 2 ratings,$26
ARCW,$3.6607,1439910918062,"1,903",100% bearish,of 2 ratings,$10.50
ABUS,$8.31,1439910918083,"101,149",86% bullish,of 14 ratings,$23
ABIO,$0.9199,1439910918169,"40,214",50% bullish,of 2 ratings,$3.75
ACAT,$29.89,1439910918298,"26,826",100% bearish,of 3 ratings,$33
RKDA,$5.44,1439910918328,"5,839",100% bearish,of 2 ratings,$10
ARCB,$32.385,1439910918356,"20,097",50% bullish,of 2 ratings,$39.50
ACGL,$73.94,1439910918433,"34,175",50% bullish,of 2 ratings,$72
ARCC,$16.03,1439910918722,"126,416",67% bearish,of 3 ratings,$17.875
ARNA,$3.32,1439910918759,"389,375",90% bullish,of 77 ratings,$5.50
AGIIL,$25.33,1439910918790,"6,061",Not yet rated,NULL,N/A
AGII,$58.15,1439910918819,"12,955",Not yet rated,NULL,$58
ARDX,$19.66,1439910918848,"109,664",50% bullish,of 2 ratings,$22
ARGS,$4.5159,1439910918874,"2,100",50% bullish,of 2 ratings,$19.50
ARIS,$3.26,1439910918899,100,Not yet rated,NULL,$4.50
ARIA,$7.46,1439910919035,"330,363",87% bullish,of 46 ratings,$9
ARKR,NULL,1439910919177,0,50% bullish,of 2 ratings,N/A
ARMH,$42.98,1439910919235,"772,795",54% bearish,of 13 ratings,$61
ARWA,NULL,1439910919336,0,Not yet rated,NULL,N/A
ARTX,$1.57,1439910919429,"31,700",88% bullish,of 16 ratings,$4.50
ARWAR,NULL,1439910919561,0,Not yet rated,NULL,N/A
ARWAW,NULL,1439910919590,0,Not yet rated,NULL,N/A
ARRS,$27.64,1439910919617,"87,438",50% bullish,of 2 ratings,$38
ARQL,$1.695,1439910919638,"1,975",75% bullish,of 4 ratings,$5
ARWAU,NULL,1439910919669,0,100% bullish,of 1 rating,N/A
DWAT,NULL,1439910919869,0,100% bearish,of 1 rating,N/A
ARTNA,$22.49,1439910919969,"1,996",100% bearish,of 1 rating,$29
AROW,$27.5875,1439910919994,"1,695",Not yet rated,NULL,N/A
ARRY,$5.79,1439910920024,"147,334",100% bullish,of 7 ratings,$10
ARWR,$5.975,1439910920128,"315,853",75% bullish,of 4 ratings,$10.50
ASBB,NULL,1439910920173,0,Not yet rated,NULL,N/A
ARTW,$4.46,1439910920201,100,75% bearish,of 4 ratings,N/A
ASND,$17.63,1439910920389,"5,992",100% bullish,of 1 rating,$30
ASTI,$0.1535,1439910920417,"639,757",83% bullish,of 6 ratings,$3
ASNA,$12.28,1439910920547,"277,987",50% bullish,of 2 ratings,$18
ASCMA,$28.25,1439910920572,"21,030",100% bearish,of 1 rating,$45
APWC,$2.07,1439910920604,100,100% bearish,of 1 rating,N/A
ASML,$93.67,1439910920626,"413,927",67% bullish,of 3 ratings,$127
ASMB,$13.73,1439910920775,"11,100",67% bullish,of 3 ratings,N/A
AZPN,$39.05,1439910920907,"192,383",50% bullish,of 2 ratings,$42
ASMI,$39.03,1439910921063,590,50% bullish,of 2 ratings,N/A
ALOT,NULL,1439910921112,0,100% bearish,of 1 rating,N/A
ASTE,$38.11,1439910921201,"10,093",100% bearish,of 1 rating,$48
ASFI,$9.0303,1439910921230,705,100% bullish,of 1 rating,N/A
ASTC,$2.3937,1439910921252,"1,166",100% bullish,of 5 ratings,N/A
ATRO,$57.39,1439910921286,"23,044",100% bearish,of 2 ratings,$80
ATAI,$3.19,1439910921389,"1,650",100% bearish,of 1 rating,N/A
ASUR,$5.9,1439910921420,"1,015",Not yet rated,NULL,$8
ATRA,$49.475,1439910921499,"43,646",50% bullish,of 2 ratings,$68
ATHN,$141.12,1439910921636,"35,163",67% bearish,of 3 ratings,$153
AFCB,NULL,1439910921737,0,Not yet rated,NULL,N/A
AAPC,$10.18,1439910921763,14,Not yet rated,NULL,N/A
AAME,$3.51,1439910921789,100,Not yet rated,NULL,N/A
ATHX,$1.1699,1439910921811,"9,724",89% bullish,of 9 ratings,$5
ACFC,$6.598,1439910921948,"19,982",Not yet rated,NULL,$6.50
ATNI,$75.72,1439910921977,"17,583",100% bearish,of 1 rating,$69.50
ATLC,$3.98,1439910922107,370,67% bullish,of 3 ratings,N/A
AFH,$17.23,1439910922150,"11,859",Not yet rated,NULL,$21.50
ATML,$7.64,1439910922249,"1,308,218",78% bullish,of 9 ratings,$9.50
ATRC,$27.232,1439910922281,"9,740",100% bullish,of 1 rating,$30
AAWW,$45.31,1439910922303,"43,095",50% bullish,of 2 ratings,$65
ATOS,$0.94,1439910922335,"7,696",100% bullish,of 7 ratings,$7
ATRM,NULL,1439910922378,0,50% bullish,of 2 ratings,N/A
ATRI,$394.4,1439910922466,"1,150",Not yet rated,NULL,N/A
AUBN,NULL,1439910922723,0,Not yet rated,NULL,N/A
LIFE,$15.635,1439910922755,"5,543",86% bullish,of 7 ratings,$43
ATTU,$15.17,1439910922789,"6,836",100% bearish,of 1 rating,$20.50
AUPH,$3.5,1439910922859,"12,364",100% bearish,of 1 rating,$8
AUDC,$3.325,1439910922884,"27,195",80% bullish,of 5 ratings,$5
ADAT,$0.1155,1439910922910,"7,792",100% bullish,of 2 ratings,N/A
EARS,$5.02,1439910922938,800,100% bearish,of 2 ratings,$12
ADSK,$54.96,1439910923099,"152,740",83% bullish,of 6 ratings,$69.50
ABTL,$19.43,1439910923136,"16,300",100% bullish,of 4 ratings,$20.25
AVGO,$123.05,1439910923185,"317,306",88% bullish,of 8 ratings,$160
AAVL,$11.43,1439910923270,"171,144",100% bearish,of 1 rating,$20
AVNU,$13,1439910923299,"106,343",Not yet rated,NULL,$14
ADP,$84.86,1439910923327,"352,322",100% bearish,of 1 rating,$88
AVEO,$1.57,1439910923352,"1,746,115",75% bullish,of 8 ratings,$3
AVID,$8.705,1439910923549,"59,567",100% bearish,of 1 rating,$20
AVNW,$1.13,1439910923575,"4,166",50% bullish,of 2 ratings,$2.20
AVGR,$15.4499,1439910923739,"8,333",100% bearish,of 1 rating,$20
CAR,$46.97,1439910923774,"375,891",80% bullish,of 5 ratings,$60
AXPW,$1.1999,1439910923832,"93,949",83% bullish,of 6 ratings,N/A
ACLS,$3.205,1439910923931,"143,774",67% bullish,of 6 ratings,$4.75
AWRE,$3.1925,1439910923963,"5,550",67% bullish,of 3 ratings,N/A
AXPWW,NULL,1439910924063,0,Not yet rated,NULL,N/A
RILY,NULL,1439910924206,0,Not yet rated,NULL,N/A
AXGN,$3.9232,1439910924233,"7,668",Not yet rated,NULL,$5
AXTI,$2.21,1439910924256,432,50% bullish,of 2 ratings,$2.75
BCOM,$20,1439910924287,1,100% bearish,of 1 rating,N/A
BOSC,$2.3,1439910924312,"1,550",50% bullish,of 2 ratings,N/A
BEAV,$50.9,1439910924418,"84,662",67% bearish,of 3 ratings,$59
BIDU,$168.02,1439910924567,"941,004",81% bullish,of 88 ratings,$215
BCPC,$61.25,1439910924604,"14,984",100% bearish,of 1 rating,$75
BWINA,NULL,1439910924698,0,Not yet rated,NULL,N/A
BLDP,$1.33,1439910924726,"35,799",91% bullish,of 22 ratings,$2.50
BANF,$63.32,1439910924753,"4,910",Not yet rated,NULL,$68
BWINB,NULL,1439910924775,0,Not yet rated,NULL,N/A
BANFP,NULL,1439910924904,0,Not yet rated,NULL,N/A
BKMU,$7.29,1439910924962,"4,438",Not yet rated,NULL,$8
BOTJ,$11.49,1439910925156,116,Not yet rated,NULL,N/A
BMRC,$49.08,1439910925184,402,Not yet rated,NULL,$52
BOCH,$5.77,1439910925233,"2,272",Not yet rated,NULL,$6.50
BKSC,$15.92,1439910925350,52,Not yet rated,NULL,N/A
OZRK,$43.44,1439910925378,"44,642",67% bullish,of 3 ratings,$49.50
BFIN,$12.33,1439910925400,900,Not yet rated,NULL,$13
BWFG,NULL,1439910925457,0,100% bearish,of 1 rating,N/A
BANR,$47.615,1439910925715,"3,079",100% bullish,of 3 ratings,$50
BHAC,NULL,1439910925746,0,Not yet rated,NULL,N/A
BHACR,NULL,1439910925766,0,Not yet rated,NULL,N/A
TAPR,$32.0285,1439910925800,"1,787",100% bearish,of 1 rating,N/A
BZUN,$7.6899,1439910925821,"59,835",50% bullish,of 2 ratings,$13.85
BHACU,$10.15,1439910925914,"2,000",Not yet rated,NULL,N/A
BHACW,NULL,1439910925950,0,Not yet rated,NULL,N/A
BBSI,$37.49,1439910926019,"14,078",67% bearish,of 3 ratings,$62.50
BV,$5.33,1439910926273,"68,301",67% bullish,of 6 ratings,$9
BSET,$31.321,1439910926301,"24,910",100% bearish,of 1 rating,$35
BYLK,$12.92,1439910926346,"25,000",Not yet rated,NULL,$14
BYBK,$5.05,1439910926374,634,100% bearish,of 1 rating,N/A
BDCV,$4.99,1439910926558,"5,430",100% bearish,of 1 rating,$10.19
BBCN,$15.555,1439910926607,"72,634",100% bearish,of 1 rating,$16
BCBP,$11.71,1439910926632,"2,312",Not yet rated,NULL,N/A
BECN,$36.22,1439910926699,"28,799",50% bullish,of 2 ratings,$40
BBGI,$5,1439910926858,1,100% bearish,of 1 rating,N/A
BSF,$9.22,1439910926886,"3,630",Not yet rated,NULL,N/A
BBBY,$63.8,1439910926916,"297,140",71% bullish,of 7 ratings,$75
BELFA,$17.02,1439910926941,10,100% bearish,of 1 rating,N/A
BELFB,$19.985,1439910927103,900,100% bearish,of 1 rating,N/A
BEBE,$1.8191,1439910927133,"6,150",75% bullish,of 4 ratings,$3.075
BLPH,$5.34,1439910927232,"19,685",100% bearish,of 1 rating,$12.50
BLCM,$19.035,1439910927259,"65,393",50% bullish,of 4 ratings,$40
BNTC,$8,1439910927485,"33,517",100% bullish,of 1 rating,N/A
BNCL,$13.08,1439910927513,"16,112",100% bullish,of 3 ratings,$12.50
BGMD,$0.8767,1439910927540,"128,742",100% bullish,of 10 ratings,N/A
BGCP,$9.625,1439910927591,"169,098",88% bullish,of 8 ratings,$14
BGFV,$11.2001,1439910927671,"13,868",57% bullish,of 7 ratings,$12
BIND,$4.54,1439910927703,"11,894",67% bullish,of 3 ratings,$13.50
ORPN,NULL,1439910927731,0,100% bullish,of 1 rating,$28.50
BNFT,$39.82,1439910927757,"21,685",67% bullish,of 3 ratings,$46
BASI,$1.54,1439910927903,"21,001",Not yet rated,NULL,N/A
BIOC,$1.95,1439910928074,"98,230",83% bullish,of 6 ratings,$3.70
BCDA,NULL,1439910928179,0,Not yet rated,NULL,N/A
BCRX,$12.13,1439910928264,"78,090",63% bullish,of 8 ratings,$18
BDSI,$6.76,1439910928291,"192,228",88% bullish,of 8 ratings,$17
BIOD,$0.6994,1439910928419,"36,551",80% bullish,of 5 ratings,$4
BIIB,$314.17,1439910928460,"173,668",88% bullish,of 16 ratings,$400
BLRX,$1.5499,1439910928486,"68,371",100% bullish,of 12 ratings,$5
BIOL,$1.605,1439910928515,"23,165",Not yet rated,NULL,N/A
BLFS,$2.145,1439910928560,"8,666",100% bearish,of 1 rating,$4.75
BVXV,$4.1001,1439910928767,"2,381",Not yet rated,NULL,N/A
BMRN,$138.55,1439910928831,"76,488",80% bullish,of 5 ratings,$160
BPTH,$1.15,1439910928898,"17,200",100% bullish,of 2 ratings,$5
BRLI,$35.7,1439910928928,"38,902",83% bullish,of 6 ratings,N/A
BIOS,$1.54,1439910928951,"280,633",71% bullish,of 7 ratings,$4
BVXVW,NULL,1439910928979,0,100% bearish,of 1 rating,N/A
BBC,$33.43,1439910929237,"16,840",Not yet rated,NULL,N/A
BBP,$35.0702,1439910929342,"5,588",Not yet rated,NULL,N/A
BOTA,$2.36,1439910929405,"15,254",88% bullish,of 8 ratings,N/A
BITI,$19.4508,1439910929435,"1,504",100% bullish,of 1 rating,$28
BSPM,$0.6501,1439910929460,"6,647",50% bullish,of 2 ratings,N/A
BSTC,$54.27,1439910929488,"12,860",100% bearish,of 1 rating,$76
TECH,$106.05,1439910929514,"42,847",100% bullish,of 1 rating,$117
BEAT,$12.31,1439910929677,"23,480",67% bearish,of 3 ratings,$15
BJRI,$47.205,1439910929842,"59,901",50% bullish,of 2 ratings,$55
BBOX,$15.741,1439910929917,"4,501",100% bearish,of 1 rating,N/A
BBRY,$7.605,1439910929948,"756,354",61% bullish,of 330 ratings,$9
BDMS,NULL,1439910929970,0,100% bearish,of 1 rating,N/A
BDE,$7.35,1439910930001,"18,833",50% bullish,of 2 ratings,$9
BLKB,$63.61,1439910930050,"12,977",100% bearish,of 2 ratings,$66
HAWK,$44.55,1439910930331,"93,389",90% bullish,of 10 ratings,$49
ADRD,NULL,1439910930362,0,100% bearish,of 1 rating,N/A
ADRA,NULL,1439910930383,0,Not yet rated,NULL,N/A
ADRE,$31.2971,1439910930416,"1,072",Not yet rated,NULL,N/A
BKCC,$9.495,1439910930464,"25,704",100% bullish,of 2 ratings,$10
ADRU,NULL,1439910930625,0,100% bearish,of 1 rating,N/A
BLMN,$21.83,1439910930652,"180,559",83% bullish,of 6 ratings,$27.50
BLBD,$13,1439910930788,"2,500",Not yet rated,NULL,N/A
BCOR,$13.7,1439910930814,"34,123",57% bullish,of 7 ratings,$15
BBLU,$0.83,1439910930847,"59,221",100% bullish,of 2 ratings,$4.43
BUFF,$26.34,1439910930950,"116,789",83% bullish,of 12 ratings,$33
BLUE,$132.8,1439910931034,"85,583",86% bullish,of 7 ratings,$217.50
BHBK,$14.42,1439910931081,"1,156",100% bullish,of 1 rating,$14.50
NILE,$34.85,1439910931268,"25,825",50% bullish,of 2 ratings,$34
BKEPP,$7.87,1439910931333,"1,311",100% bearish,of 1 rating,N/A
BKEP,$7.03,1439910931410,"7,385",100% bearish,of 1 rating,$8.50
BOFI,$132.05,1439910931466,"26,081",100% bullish,of 6 ratings,$137.50
BPMC,$30.73,1439910931539,"42,022",50% bullish,of 2 ratings,$47.50
BNCN,$22.05,1439910931601,"4,065",Not yet rated,NULL,$23
WIFI,$8.86,1439910931670,"102,916",50% bullish,of 2 ratings,$13.50
BOJA,$22.46,1439910931766,"19,691",100% bullish,of 1 rating,$30
BOKF,$66.22,1439910931986,"6,580",100% bearish,of 1 rating,$71
BONA,$12.12,1439910932090,"43,703",75% bullish,of 4 ratings,$8.50
BNSO,$1.45,1439910932115,500,100% bearish,of 1 rating,N/A
BPFH,$12.52,1439910932350,"49,915",100% bearish,of 1 rating,$14
BPFHP,NULL,1439910932446,0,100% bearish,of 1 rating,N/A
EPAY,$26.83,1439910932521,"20,184",100% bearish,of 2 ratings,$30
BPFHW,NULL,1439910932555,0,100% bearish,of 1 rating,N/A
BOBE,$46.34,1439910932606,"13,006",75% bullish,of 4 ratings,$57
BDBD,$9.06,1439910932654,"83,994",60% bullish,of 5 ratings,$10
BBRG,$13.1501,1439910932679,"6,439",67% bullish,of 3 ratings,$14.50
BCLI,$3.25,1439910932704,"128,772",80% bullish,of 5 ratings,$12
BBEPP,$13.57,1439910932854,"9,253",100% bearish,of 1 rating,N/A
BBEP,$2.5228,1439910932894,"455,137",69% bullish,of 13 ratings,$5.625
BDGE,$28.27,1439910932953,"6,465",Not yet rated,NULL,$31.75
BLIN,NULL,1439910933144,0,50% bullish,of 2 ratings,$2.80
BAMM,$3.2199,1439910933289,"3,790",60% bullish,of 5 ratings,N/A
BVSN,$6,1439910933346,20,60% bearish,of 5 ratings,N/A
BRCM,$51.06,1439910933436,"402,632",75% bullish,of 12 ratings,$56
BSFT,$34.05,1439910933465,"21,239",57% bullish,of 7 ratings,$40.50
BRID,$8.5,1439910933487,"2,788",100% bearish,of 1 rating,N/A
BCOV,$5.48,1439910933517,"8,576",67% bullish,of 3 ratings,$10.20
BYFC,$1.4499,1439910933539,200,50% bullish,of 2 ratings,N/A
BWEN,$3.58,1439910933786,"10,977",100% bullish,of 3 ratings,$8
BRKS,$10.713,1439910933816,"17,102",67% bullish,of 3 ratings,$15.25
BRKL,$10.92,1439910933845,"46,269",100% bearish,of 1 rating,$10.75
BRCD,$10.04,1439910933894,"419,007",92% bullish,of 13 ratings,$12.50
BRKR,$20.225,1439910933977,"42,543",100% bearish,of 2 ratings,$22
BLMT,$21.27,1439910934046,"1,300",Not yet rated,NULL,N/A
BMTC,$29.97,1439910934076,"3,470",Not yet rated,NULL,$34
BLDR,$14.9,1439910934311,"377,352",50% bullish,of 2 ratings,$22
BWLD,$198.75,1439910934338,"23,818",82% bullish,of 11 ratings,$205
BSQR,$7.345,1439910934372,"23,411",67% bullish,of 3 ratings,N/A
CFFI,NULL,1439910934466,0,100% bearish,of 1 rating,N/A
BUR,$2.048,1439910934491,800,100% bearish,of 1 rating,$8
CHRW,$70.02,1439910934651,"298,599",Not yet rated,NULL,$72
CDNS,$21.565,1439910934718,"384,463",75% bullish,of 4 ratings,$22.50
CA,$29.38,1439910934743,"221,689",50% bullish,of 4 ratings,$33
CDZI,$7.25,1439910934802,"4,700",100% bearish,of 1 rating,N/A
CCMP,$45.2,1439910934889,"27,536",50% bullish,of 2 ratings,$59
CACQ,$7.31,1439910934981,"1,164",100% bearish,of 1 rating,$12.25
CZR,$7.69,1439910935048,"301,414",60% bearish,of 5 ratings,$10.50
CSTE,$47.375,1439910935115,"143,951",100% bearish,of 1 rating,$65
CHY,$11.8701,1439910935406,"64,797",Not yet rated,NULL,N/A
CHI,$11.09,1439910935434,"77,207",100% bearish,of 1 rating,N/A
PRSS,$4.67,1439910935466,400,80% bullish,of 5 ratings,$4.50
CLMS,$11.91,1439910935487,"11,863",Not yet rated,NULL,$10.50
CLBS,$1.4101,1439910935508,"37,459",79% bullish,of 14 ratings,$4
CCD,$21.2001,1439910935560,"18,721",Not yet rated,NULL,N/A
CFGE,$11.15,1439910935661,6,Not yet rated,NULL,N/A
CHW,$8.0668,1439910935698,"59,971",100% bearish,of 1 rating,N/A
CSQ,$10.58,1439910935919,"119,016",Not yet rated,NULL,N/A
CVGW,$54.4299,1439910936009,"8,737",50% bullish,of 2 ratings,$58.50
CFNB,NULL,1439910936034,0,100% bearish,of 1 rating,N/A
CAMP,$16.41,1439910936060,"58,266",86% bullish,of 7 ratings,$25
CGO,$12.831,1439910936089,"3,493",100% bearish,of 1 rating,N/A
CALA,$5.785,1439910936191,"109,323",100% bullish,of 3 ratings,$19.50
CLMT,$26.7,1439910936372,"37,348",75% bullish,of 8 ratings,$31
CAMBU,NULL,1439910936433,0,100% bearish,of 1 rating,N/A
CALD,$16.26,1439910936517,"39,396",100% bearish,of 1 rating,$20.50
ABCD,$4.73,1439910936544,"10,757",83% bullish,of 6 ratings,N/A
CAMBW,NULL,1439910936565,0,Not yet rated,NULL,N/A
CALM,$51.62,1439910936602,"71,316",80% bullish,of 5 ratings,$65
CAMB,NULL,1439910936697,0,Not yet rated,NULL,N/A
CAC,$40.9,1439910936746,601,Not yet rated,NULL,N/A
CAMT,$2.945,1439910936977,"10,677",73% bullish,of 11 ratings,$4
CSIQ,$24.28,1439910937058,"515,838",86% bullish,of 28 ratings,$45
CGIX,$11.08,1439910937119,"9,379",67% bullish,of 3 ratings,$14.375
CBNJ,$10.92,1439910937191,"5,519",100% bullish,of 1 rating,N/A
CPHC,NULL,1439910937250,0,100% bearish,of 1 rating,N/A
CPLA,$49.66,1439910937322,"14,942",50% bullish,of 2 ratings,$65
CCBG,$15.15,1439910937484,100,Not yet rated,NULL,$17.25
CBF,$30.57,1439910937511,"3,388",Not yet rated,NULL,$32
CPTA,$15.02,1439910937543,"27,123",Not yet rated,NULL,$18.50
CFFN,$12.215,1439910937588,"182,457",Not yet rated,NULL,$12.75
CPLP,$7.16,1439910937645,"57,257",71% bullish,of 7 ratings,$11
CSWC,$49.94,1439910937672,698,Not yet rated,NULL,N/A
CAPR,$4.27,1439910937877,"13,431",Not yet rated,NULL,$12
CAPN,$2.42,1439910937929,"163,088",100% bullish,of 1 rating,$10.85
CAPNW,NULL,1439910937982,0,Not yet rated,NULL,N/A
CPST,$0.384,1439910938063,"206,404",95% bullish,of 22 ratings,$1
CARA,$22.2135,1439910938125,"52,244",50% bullish,of 4 ratings,$27.50
CBYL,$6.58,1439910938294,"7,199",100% bearish,of 1 rating,$20
CARB,$11.52,1439910938339,"16,634",75% bullish,of 4 ratings,$12
CATM,$35.31,1439910938473,"10,962",100% bearish,of 1 rating,$44
CRDC,$0.3704,1439910938517,"41,286",100% bullish,of 1 rating,$1.25
CSII,$24,1439910938651,"55,474",100% bearish,of 2 ratings,$42.125
CFNL,$23.54,1439910938738,"22,732",Not yet rated,NULL,$24
CTRE,$11.625,1439910938797,"158,544",50% bullish,of 2 ratings,N/A
CECO,$3.83,1439910938827,"43,416",67% bearish,of 3 ratings,$6
CRME,$9.7445,1439910939002,349,89% bullish,of 9 ratings,$11.25
CLBH,NULL,1439910939032,0,Not yet rated,NULL,$16.50
CDNA,NULL,1439910939108,0,100% bearish,of 1 rating,$9
CKEC,$23.5075,1439910939278,"13,594",50% bullish,of 2 ratings,$35.915
CARO,$15.9372,1439910939307,555,100% bearish,of 1 rating,$19
CRZO,$35.31,1439910939411,"137,663",67% bearish,of 3 ratings,$57
CART,NULL,1439910939440,0,100% bearish,of 1 rating,N/A
TAST,$13.11,1439910939517,"31,296",Not yet rated,NULL,$14.25
CARV,NULL,1439910939546,0,50% bullish,of 2 ratings,N/A
CRTN,NULL,1439910939572,0,100% bearish,of 1 rating,N/A
CWST,$6.38,1439910939904,"45,294",50% bullish,of 2 ratings,$7
CACB,$5.4901,1439910939933,"4,490",Not yet rated,NULL,$5.50
CASY,$108.64,1439910939959,"81,526",50% bullish,of 2 ratings,$99.50
CSCD,$14.22,1439910940035,"52,106",100% bullish,of 2 ratings,$17
CASM,$1.1,1439910940169,87,100% bullish,of 1 rating,$3.50
CASS,$51.92,1439910940196,107,100% bearish,of 1 rating,N/A
CASI,$1.433,1439910940217,700,100% bullish,of 1 rating,$3.50
CATB,$12.27,1439910940347,"12,444",100% bearish,of 1 rating,$28
CATYW,NULL,1439910940406,0,100% bearish,of 1 rating,N/A
CATY,$32.15,1439910940431,"78,432",100% bearish,of 1 rating,$33.50
CBFV,NULL,1439910940740,0,Not yet rated,NULL,N/A
CVCO,$73.885,1439910940847,"5,801",100% bearish,of 1 rating,N/A
CNLMR,NULL,1439910940893,0,Not yet rated,NULL,N/A
CPRX,$4.22,1439910940952,"115,720",71% bullish,of 7 ratings,$7
CAVM,$72.79,1439910940993,"58,377",67% bearish,of 3 ratings,$72
CNLM,NULL,1439910941018,0,Not yet rated,NULL,N/A
CNLMU,NULL,1439910941096,0,100% bullish,of 1 rating,N/A
CBOE,$64.35,1439910941179,"34,495",Not yet rated,NULL,$60
CNLMW,NULL,1439910941206,0,Not yet rated,NULL,N/A
CDK,$51.36,1439910941375,"79,659",67% bearish,of 3 ratings,$50
CELGZ,$2.05,1439910941441,"13,460",80% bullish,of 5 ratings,N/A
CELG,$131.195,1439910941479,"442,036",92% bullish,of 13 ratings,$155.50
CDW,$39.72,1439910941608,"57,194",75% bullish,of 4 ratings,$44
CLDN,$1.0799,1439910941633,"46,905",71% bullish,of 7 ratings,$3
CLDX,$16.147,1439910941948,"351,362",89% bullish,of 9 ratings,$36
CECE,$10.3,1439910942013,"9,443",50% bullish,of 2 ratings,$16
CLLS,$33.03,1439910942041,"8,200",75% bullish,of 4 ratings,$51.50
CLRB,$3.1616,1439910942062,800,100% bearish,of 1 rating,N/A
CPXX,$2.2179,1439910942095,"51,211",100% bullish,of 2 ratings,$7
CBMG,$23.49,1439910942194,"40,130",50% bullish,of 2 ratings,N/A
CLSN,$2.23,1439910942272,"25,522",80% bullish,of 10 ratings,$7.50
CLTX,$1.04,1439910942337,"878,206",100% bullish,of 2 ratings,N/A
CYAD,$55.27,1439910942470,100,100% bullish,of 1 rating,$87.50
CETX,$2.49,1439910942495,"1,300",Not yet rated,NULL,$5.60
CETV,$2.23,1439910942734,"13,062",67% bullish,of 3 ratings,$2.80
CLRBW,NULL,1439910942867,0,Not yet rated,NULL,N/A
CSFL,$14.23,1439910943013,"9,014",Not yet rated,NULL,$15
CENT,$11.62,1439910943084,"7,490",Not yet rated,NULL,$10
CENTA,$12.4,1439910943154,"13,704",Not yet rated,NULL,N/A
CVCY,NULL,1439910943187,0,Not yet rated,NULL,$12
CNTY,$6.29,1439910943317,"3,020",80% bullish,of 5 ratings,$7.75
CEMP,$37.612,1439910943342,"72,068",71% bullish,of 7 ratings,$48.50
CENX,$5.2099,1439910943409,"1,633,957",67% bullish,of 6 ratings,$9
CPHD,$51.75,1439910943483,"129,680",50% bullish,of 2 ratings,$66.50
CRNT,$1.49,1439910943617,"112,810",50% bullish,of 2 ratings,$2
CERN,$64.95,1439910943709,"291,004",67% bullish,of 3 ratings,$79
CERU,$3.4996,1439910943764,"7,494",75% bullish,of 4 ratings,$15
CFBK,NULL,1439910943957,0,Not yet rated,NULL,N/A
CNBKA,$41.35,1439910944015,100,100% bullish,of 1 rating,N/A
CERS,$5.03,1439910944089,"152,483",75% bullish,of 4 ratings,$7
CERE,$1.5699,1439910944177,"213,357",88% bullish,of 8 ratings,N/A
CEVA,$19.515,1439910944218,"19,025",100% bearish,of 1 rating,$25
HOTR,$1.485,1439910944246,"53,384",100% bullish,of 2 ratings,$5
CYOU,$20.72,1439910944271,"47,590",50% bullish,of 6 ratings,$24
CTHR,$1.22,1439910944543,102,50% bullish,of 2 ratings,$2.50
GTLS,$24.89,1439910944642,"54,059",50% bullish,of 4 ratings,$40
CHKP,$82.93,1439910944774,"243,573",50% bullish,of 4 ratings,$92
CHFN,$12.57,1439910944823,"2,802",Not yet rated,NULL,$14
KOOL,$0.698,1439910944855,511,100% bullish,of 5 ratings,$7
CHEK,$3.16,1439910945063,"1,669",Not yet rated,NULL,$7.75
HOTRW,NULL,1439910945093,0,Not yet rated,NULL,N/A
CHFC,$32.81,1439910945197,"3,246",100% bearish,of 1 rating,$36
CHTR,$188.245,1439910945222,"242,054",100% bearish,of 2 ratings,$196
CHMG,$26.6,1439910945397,"3,283",Not yet rated,NULL,$30
CCXI,$7.15,1439910945439,"44,037",67% bullish,of 3 ratings,$14
CEMI,$4.66,1439910945465,504,50% bullish,of 2 ratings,$7.50
CHKE,$27.77,1439910945529,"6,167",100% bearish,of 1 rating,$32.50
CHMA,$27.15,1439910945752,"35,723",Not yet rated,NULL,$40
CBNK,NULL,1439910945854,0,100% bearish,of 1 rating,N/A
PLCE,$60.97,1439910945928,"52,853",100% bearish,of 1 rating,$71
CHEV,$14.53,1439910946082,"3,600",Not yet rated,NULL,N/A
CMRX,$53.71,1439910946165,"60,286",50% bullish,of 2 ratings,$57
CHEKW,NULL,1439910946213,0,Not yet rated,NULL,N/A
CBAK,$2.26,1439910946341,"6,297",67% bullish,of 9 ratings,N/A
CAAS,$6.9582,1439910946415,"4,570",93% bullish,of 14 ratings,$11.50
CBPO,$111.52,1439910946441,"16,509",75% bullish,of 8 ratings,$140.50
CCCL,$0.92,1439910946574,"27,889",100% bullish,of 6 ratings,N/A
CCCR,$0.67,1439910946641,"21,728",67% bearish,of 3 ratings,N/A
CHOP,$1.3,1439910946850,300,50% bullish,of 2 ratings,N/A
JRJC,$4.37,1439910946885,"42,057",82% bullish,of 11 ratings,N/A
CALI,$1.01,1439910947030,"47,868",67% bullish,of 3 ratings,N/A
CADC,NULL,1439910947162,0,78% bullish,of 9 ratings,N/A
CJJD,$2.2,1439910947298,"60,091",100% bullish,of 1 rating,N/A
CHNR,$2.04,1439910947326,"2,500",100% bearish,of 1 rating,N/A
CREG,$0.8081,1439910947401,"8,349",100% bullish,of 3 ratings,N/A
CPGI,$6.49,1439910947472,587,Not yet rated,NULL,N/A
CXDC,$6.1503,1439910947780,"2,834",67% bullish,of 3 ratings,N/A
CNIT,$1.71,1439910947810,"41,598",67% bullish,of 6 ratings,N/A
CNTF,$0.9414,1439910947875,"6,518",Not yet rated,NULL,N/A
CNYD,NULL,1439910947906,0,67% bullish,of 3 ratings,N/A
CHLN,$1.43,1439910948003,"2,630",67% bullish,of 3 ratings,N/A
HTHT,$26.888,1439910948135,"93,540",50% bullish,of 2 ratings,$28
CCIH,$9.85,1439910948327,"21,511",67% bullish,of 6 ratings,$12.65
CNET,$0.78,1439910948422,"14,353",50% bullish,of 2 ratings,N/A
CSUN,$1.53,1439910948448,15,80% bullish,of 5 ratings,N/A
CHSCL,$27.2,1439910948506,"3,910",Not yet rated,NULL,N/A
IMOS,$15.77,1439910948581,"22,812",60% bullish,of 5 ratings,$21.50
HGSH,$1.8627,1439910948686,500,67% bullish,of 3 ratings,N/A
CHSCN,$27.37,1439910948745,"3,117",Not yet rated,NULL,N/A
CHSCO,$28.489,1439910948818,835,Not yet rated,NULL,N/A
CHDN,$139.05,1439910948910,"26,065",Not yet rated,NULL,$165
CDTX,$14.31,1439910949012,"10,892",Not yet rated,NULL,$22
CHSCP,$30.4572,1439910949154,600,Not yet rated,NULL,N/A
CIFC,$7.406,1439910949214,"1,300",Not yet rated,NULL,N/A
CHSCM,$26.2801,1439910949395,"19,905",Not yet rated,NULL,N/A
CINF,$56.83,1439910949610,"46,078",50% bullish,of 4 ratings,$50.50
CTAS,$89.22,1439910949640,"52,535",100% bearish,of 1 rating,$91
CMPR,$69.81,1439910949664,"21,129",50% bullish,of 2 ratings,$72.50
CPHR,$6.9416,1439910949686,"3,000",100% bearish,of 1 rating,$16
CIDM,$0.6701,1439910949768,"9,117",50% bullish,of 2 ratings,$2.10
CZNC,$20.13,1439910950033,789,Not yet rated,NULL,N/A
CRUS,$29.06,1439910950062,"180,256",75% bullish,of 12 ratings,$44.50
CTRN,$22.725,1439910950083,"33,951",100% bearish,of 1 rating,$29.50
CSCO,$28.305,1439910950233,"6,273,766",84% bullish,of 208 ratings,$32
CIZN,NULL,1439910950570,0,Not yet rated,NULL,N/A
CMCT,NULL,1439910950642,0,100% bearish,of 1 rating,N/A
CHCO,$48.5125,1439910950702,"1,868",Not yet rated,NULL,$46
CTXS,$78.05,1439910950774,"182,399",86% bullish,of 7 ratings,$80
CHUY,$33.035,1439910950799,"10,945",50% bullish,of 2 ratings,$34
CIVBP,NULL,1439910951002,0,Not yet rated,NULL,N/A
CDTI,$1.75,1439910951074,"44,306",75% bullish,of 4 ratings,$3.20
CLNE,$4.68,1439910951102,"402,411",80% bullish,of 15 ratings,$9
CLNT,$1.95,1439910951234,100,75% bullish,of 8 ratings,N/A
CLFD,$18.2001,1439910951263,"4,541",67% bullish,of 3 ratings,$18
CLIR,$5.0951,1439910951471,"9,134",100% bullish,of 3 ratings,N/A
CZFC,NULL,1439910951542,0,Not yet rated,NULL,N/A
CBLI,$3.72,1439910951746,"7,122",60% bullish,of 5 ratings,N/A
CZWI,$9.1001,1439910951797,900,Not yet rated,NULL,N/A
CSBK,$14.01,1439910951903,"7,881",Not yet rated,NULL,N/A
CMFN,$11.015,1439910951947,"8,716",100% bearish,of 1 rating,$15.50
CCNE,$17.54,1439910952049,"4,078",50% bullish,of 2 ratings,$21.50
CLVS,$80.777,1439910952117,"65,965",60% bullish,of 5 ratings,$101.50
CME,$98.395,1439910952252,"115,745",67% bullish,of 3 ratings,$102
CIVB,NULL,1439910952278,0,Not yet rated,NULL,$11
CISG,$8.38,1439910952421,"23,586",100% bullish,of 5 ratings,$10
CWAY,NULL,1439910952450,0,Not yet rated,NULL,N/A
COBZ,$13.02,1439910952525,"4,858",100% bullish,of 1 rating,$14
COKE,$164.61,1439910952699,886,79% bullish,of 19 ratings,N/A
CDXS,$4.1,1439910952832,"34,603",64% bullish,of 11 ratings,$6
CDRB,$12.8,1439910952922,"3,498",67% bullish,of 3 ratings,N/A
CLRO,$11.8305,1439910952962,550,50% bullish,of 2 ratings,$14.25
CVLY,NULL,1439910953143,0,Not yet rated,NULL,N/A
CCOI,$29.06,1439910953173,"142,089",50% bullish,of 4 ratings,$35
CGNX,$36.81,1439910953275,"104,330",50% bullish,of 2 ratings,$47
CGNT,$1.61,1439910953314,"11,700",100% bullish,of 2 ratings,$2
CTSH,$67.75,1439910953366,"303,990",90% bullish,of 10 ratings,$74.50
CHRS,$33.35,1439910953619,"15,946",67% bearish,of 3 ratings,$37
COHR,$58.55,1439910953669,"15,818",50% bullish,of 2 ratings,$72
COHU,$9.24,1439910953800,"12,912",100% bearish,of 1 rating,$14.25
CLRX,$0.53,1439910953825,"5,253",50% bullish,of 2 ratings,$1.85
CNV,$4.75,1439910954120,"2,301",50% bullish,of 2 ratings,$7.15
CIGI,$47.26,1439910954219,500,100% bearish,of 1 rating,$52
COLL,$16.11,1439910954246,"21,866",100% bearish,of 1 rating,$26
CLCD,$8.05,1439910954302,"9,548",100% bearish,of 1 rating,$20.50
CBAN,$8.8,1439910954385,"2,200",Not yet rated,NULL,N/A
COLM,$66.25,1439910954433,"24,640",100% bearish,of 1 rating,$71
CMCSA,$60.11,1439910954749,"1,777,690",66% bullish,of 35 ratings,$69.50
CBMX,$1.31,1439910954794,"15,450",83% bullish,of 6 ratings,$3.15
CMCSK,$60.53,1439910954819,"529,495",Not yet rated,NULL,$84
CBSH,$47.58,1439910954948,"51,861",50% bullish,of 2 ratings,$46
JVA,$4.78,1439910954974,"5,450",83% bullish,of 6 ratings,$7
CBSHP,$25.3227,1439910955299,"1,660",100% bearish,of 1 rating,N/A
CUBN,$14,1439910955349,362,Not yet rated,NULL,N/A
CLCT,$19.81,1439910955526,"3,194",100% bearish,of 1 rating,N/A
CVGI,$4.51,1439910955551,"40,444",50% bullish,of 2 ratings,$6
JCS,$9.89,1439910955577,"1,536",67% bullish,of 3 ratings,N/A
ESXB,NULL,1439910955742,0,Not yet rated,NULL,N/A
CSAL,$23.2902,1439910955913,"98,717",75% bullish,of 4 ratings,$30
CMCO,$21.535,1439910956004,"4,400",60% bullish,of 5 ratings,$28
CYHHZ,$0.012,1439910956029,"301,979",100% bullish,of 1 rating,N/A
CWBC,NULL,1439910956081,0,Not yet rated,NULL,N/A
COB,$10.91,1439910956165,100,100% bullish,of 1 rating,$11.50
CTBI,$35.17,1439910956243,"1,512",Not yet rated,NULL,$36
COLB,$33.31,1439910956418,"21,344",Not yet rated,NULL,$36
CVLT,$37.48,1439910956589,"112,216",75% bullish,of 4 ratings,$44.50
CIZ,$35.0713,1439910956737,690,100% bearish,of 1 rating,N/A
CSF,$38.664,1439910957037,100,100% bearish,of 1 rating,N/A
CSA,NULL,1439910957135,0,Not yet rated,NULL,N/A
CFO,$37.7442,1439910957163,"1,452",100% bearish,of 1 rating,N/A
COMM,$31.51,1439910957188,"76,062",67% bearish,of 3 ratings,$35
CDC,$36.69,1439910957213,"3,340",Not yet rated,NULL,N/A
CSB,$34.6299,1439910957517,225,Not yet rated,NULL,N/A
CFA,NULL,1439910957722,0,100% bearish,of 1 rating,N/A
CDL,NULL,1439910957774,0,Not yet rated,NULL,N/A
CTG,$6.54,1439910957803,"22,311",100% bearish,of 1 rating,$8.50
CPSI,$45.9143,1439910957854,"13,066",100% bearish,of 1 rating,$45.50
SCOR,$64.25,1439910958142,"32,941",100% bearish,of 1 rating,$66
CMTL,$28.11,1439910958405,"3,360",100% bearish,of 2 ratings,$37
CNSI,$19.39,1439910958436,"6,652",100% bearish,of 2 ratings,$29
CHCI,$0.55,1439910958471,"1,154",50% bullish,of 2 ratings,N/A
CNAT,$4.5,1439910958540,"63,642",83% bullish,of 6 ratings,$13
CXRX,$79.08,1439910958567,"1,900",Not yet rated,NULL,$90
CNCE,$16.55,1439910958898,"125,477",75% bullish,of 4 ratings,$22
CGEN,$5.664,1439910959055,"10,547",50% bullish,of 2 ratings,$11
CDORP,$7.25,1439910959081,100,100% bearish,of 1 rating,N/A
CDOR,$1.4756,1439910959110,410,100% bullish,of 1 rating,N/A
CFMS,$22.955,1439910959138,"69,313",Not yet rated,NULL,$27
CNFR,$10.4999,1439910959559,"2,934",Not yet rated,NULL,N/A
CID,NULL,1439910959586,0,Not yet rated,NULL,N/A
CNMD,$57.06,1439910959747,"11,889",Not yet rated,NULL,$59
CTWS,$35.19,1439910959841,"1,323",100% bearish,of 1 rating,$44
CNOB,$20.41,1439910959918,"3,804",100% bullish,of 1 rating,$23.50
CNXR,$6.68,1439910960050,"13,923",100% bearish,of 1 rating,$12
CNSL,$20.41,1439910960095,"24,653",100% bearish,of 1 rating,$23
CONN,$33.79,1439910960245,"52,312",67% bullish,of 3 ratings,$48.50
CTCT,$24.5,1439910960326,"56,409",67% bullish,of 3 ratings,$37
CWCO,$11.885,1439910960380,"13,580",67% bullish,of 3 ratings,$14.50
CPSS,$5.72,1439910960478,"5,926",100% bullish,of 1 rating,$10
CFRX,$5.5901,1439910960616,"33,187",Not yet rated,NULL,$14
CFRXW,$2.22,1439910960652,"5,224",100% bearish,of 1 rating,N/A
CFRXZ,$0.8001,1439910961101,"2,401",Not yet rated,NULL,N/A
CTRL,$8.55,1439910961152,"32,060",50% bullish,of 2 ratings,$11
CTRV,$4.52,1439910961178,"3,795",Not yet rated,NULL,$6.40
CORT,$5.47,1439910961203,"30,121",67% bullish,of 3 ratings,$12
CPRT,$36.6,1439910961256,"27,548",67% bearish,of 3 ratings,$40
CORI,$11.75,1439910961589,"11,774",100% bearish,of 1 rating,$18
CRBP,$1.9438,1439910961618,"15,886",100% bullish,of 1 rating,$6.25
BVA,$3.78,1439910961640,100,50% bullish,of 2 ratings,N/A
CORE,$64.1,1439910961801,"15,312",100% bearish,of 1 rating,$72
CSOD,$38.073,1439910961828,"75,320",50% bullish,of 2 ratings,$42
CRVL,$33.7,1439910962042,"3,408",100% bearish,of 1 rating,N/A
COSI,$1.18,1439910962208,"7,146",100% bullish,of 1 rating,N/A
CSGP,$195.062,1439910962307,"11,896",50% bullish,of 2 ratings,$235
CPAH,$0.4699,1439910962485,"3,665",50% bullish,of 2 ratings,N/A
ICBK,NULL,1439910962512,0,Not yet rated,NULL,$21
COST,$145.48,1439910962642,"217,397",83% bullish,of 24 ratings,$154.50
COVS,$2.84,1439910962780,"23,933",67% bullish,of 3 ratings,N/A
CVTI,$25.52,1439910962820,"16,045",67% bearish,of 3 ratings,$39
CPSH,NULL,1439910962909,0,Not yet rated,NULL,N/A
COWN,$5.5121,1439910962991,"110,978",75% bullish,of 4 ratings,$7
COWNL,$27.36,1439910963169,190,Not yet rated,NULL,N/A
CRAI,$22.96,1439910963315,"1,595",Not yet rated,NULL,$36
CBRL,$152.09,1439910963341,"25,979",50% bullish,of 2 ratings,$155
CRAY,$22.56,1439910963532,"41,269",83% bullish,of 6 ratings,$38.50
BREW,$8.2348,1439910963663,"7,463",67% bullish,of 6 ratings,$15
CACC,$203.7,1439910963711,"12,867",50% bullish,of 2 ratings,$158.50
GLDI,$10.8,1439910963842,300,100% bearish,of 1 rating,N/A
SLVO,$10.19,1439910963893,"7,569",100% bearish,of 1 rating,N/A
CREE,$27.45,1439910963986,"296,293",65% bullish,of 17 ratings,$28.50
CRTO,$48.5,1439910964154,"94,194",67% bullish,of 6 ratings,$64
CRESY,$11.63,1439910964218,"29,474",100% bearish,of 1 rating,$19
CROX,$14.86,1439910964392,"137,810",63% bullish,of 8 ratings,$16.50
CCRN,$14.61,1439910964478,"51,481",100% bearish,of 1 rating,$14.25
CRDS,NULL,1439910964693,0,50% bullish,of 4 ratings,$4.50
CRWS,$8.1699,1439910964741,400,Not yet rated,NULL,$10
CRWN,$4.81,1439910964791,"16,462",75% bullish,of 4 ratings,N/A
CYRX,$3.02,1439910964885,"16,001",Not yet rated,NULL,$9
CYRXW,$0.88,1439910964936,700,Not yet rated,NULL,N/A
CSGS,$32.21,1439910965178,"13,745",Not yet rated,NULL,$40
CCLP,$14.8,1439910965206,"9,841",67% bearish,of 3 ratings,$21
CTCM,$1.77,1439910965341,"167,130",80% bearish,of 5 ratings,$3.90
CSPI,$6.15,1439910965408,"1,445",67% bullish,of 3 ratings,N/A
CTIC,$1.79,1439910965544,"127,897",84% bullish,of 76 ratings,$5.75
CTIB,NULL,1439910965785,0,100% bearish,of 1 rating,N/A
CTRP,$70.54,1439910965810,"428,018",75% bullish,of 8 ratings,$92
CUNB,$22.53,1439910965836,100,Not yet rated,NULL,$24.50
CUI,$5.53,1439910966050,"5,300",50% bullish,of 2 ratings,$10
CPIX,$5.99,1439910966077,3,Not yet rated,NULL,N/A
CRIS,$2.895,1439910966339,"64,140",100% bullish,of 8 ratings,$6
CMLS,$1.28,1439910966470,"111,926",50% bullish,of 4 ratings,$6
CUTR,$15.05,1439910966543,"5,040",67% bearish,of 3 ratings,$18
CVBF,$17.535,1439910966570,"46,660",Not yet rated,NULL,$18
CVV,$12.525,1439910966746,"7,262",100% bullish,of 5 ratings,N/A
CYAN,NULL,1439910966903,0,100% bearish,of 1 rating,N/A
CYBR,$59.83,1439910967034,"343,052",86% bullish,of 7 ratings,$66
CYBX,$60.02,1439910967064,"14,108",50% bullish,of 4 ratings,$70
CYBE,$5.65,1439910967167,"2,427",100% bearish,of 1 rating,N/A
CYCC,$0.58,1439910967335,"12,146",73% bullish,of 11 ratings,N/A
CYCCP,NULL,1439910967524,0,100% bearish,of 1 rating,N/A
CYNO,$34.5,1439910967611,"24,506",67% bearish,of 3 ratings,$45.50
CBAY,$2.8,1439910967639,"25,252",100% bullish,of 1 rating,$4
CYNA,$14.8725,1439910967664,"3,084",100% bullish,of 1 rating,$33
CY,$10.115,1439910968093,"1,196,809",80% bullish,of 10 ratings,$15.50
CYRN,$1.7,1439910968165,"136,106",67% bullish,of 3 ratings,$4
CYTK,$6.69,1439910968226,"20,539",71% bullish,of 14 ratings,$13.50
CONE,$34.41,1439910968252,"52,553",67% bearish,of 3 ratings,$35
CYTX,$0.3912,1439910968329,"248,606",83% bullish,of 12 ratings,$5.50
CYTR,$2.37,1439910968667,"201,292",67% bullish,of 6 ratings,$10
DAEG,NULL,1439910968798,0,100% bearish,of 1 rating,N/A
TVIZ,NULL,1439910968829,0,100% bearish,of 1 rating,N/A
TVIX,$5.49,1439910968932,"1,168,067",81% bullish,of 16 ratings,N/A
CTSO,$7.66,1439910969315,"36,779",Not yet rated,NULL,$15.625
XIV,$48.52,1439910969343,"1,963,477",75% bearish,of 4 ratings,N/A
ZIV,$49.953,1439910969363,"10,783",Not yet rated,NULL,N/A
DJCO,NULL,1439910969494,0,Not yet rated,NULL,N/A
DAKT,$12.0699,1439910969576,"39,879",50% bullish,of 2 ratings,$14
DTLK,$5.94,1439910969780,"5,202",100% bearish,of 1 rating,$9
DARA,$0.915,1439910969808,"31,755",83% bullish,of 6 ratings,$1.50
DWCH,$5.27,1439910969965,"7,110",75% bullish,of 4 ratings,$8.25
DRAM,$1.495,1439910970021,500,78% bullish,of 9 ratings,N/A
DAIO,$2.69,1439910970311,72,Not yet rated,NULL,N/A
PLAY,$36.95,1439910970337,"21,868",100% bullish,of 5 ratings,$42
DTEA,$13.08,1439910970363,"18,301",100% bearish,of 2 ratings,$24
DWSN,$5.1,1439910970501,"8,799",67% bullish,of 3 ratings,$6
DBVT,$43.39,1439910970646,"29,803",100% bearish,of 1 rating,$53
TRAK,$62.26,1439910970751,"53,161",50% bullish,of 2 ratings,$62.50
TACO,$13.702,1439910970889,"54,311",100% bullish,of 3 ratings,$20
DHRM,$1.84,1439910970917,"1,000",Not yet rated,NULL,N/A
TACOW,$4.3375,1439910971052,"1,910",100% bullish,of 1 rating,N/A
DFRG,$15.34,1439910971079,"15,411",100% bearish,of 1 rating,$20
DCTH,$0.492,1439910971220,"35,167",78% bullish,of 9 ratings,N/A
DGAS,$20.2586,1439910971460,372,67% bearish,of 3 ratings,N/A
DELT,NULL,1439910971557,0,Not yet rated,NULL,N/A
XRAY,$57.4,1439910971734,"283,440",100% bullish,of 1 rating,$58
DELTW,NULL,1439910971758,0,Not yet rated,NULL,N/A
DENN,$12.4,1439910971823,"114,355",100% bullish,of 3 ratings,$15
DSCI,$6.495,1439910971978,"6,405",50% bullish,of 2 ratings,$16
DEPO,$32.04,1439910972003,"179,257",80% bullish,of 5 ratings,$32
DERM,$25.795,1439910972253,"19,892",100% bearish,of 1 rating,$33
DEST,$12.04,1439910972327,"6,526",50% bullish,of 2 ratings,N/A
DXLG,$4.87,1439910972463,"1,300",100% bearish,of 1 rating,$8
DSWL,$1.75,1439910972503,"1,454",100% bullish,of 1 rating,N/A
DXM,$0.33,1439910972569,"46,086",50% bullish,of 2 ratings,N/A
DMND,$32.01,1439910972963,"19,742",75% bullish,of 12 ratings,$32
DXCM,$98.12,1439910972993,"102,964",57% bullish,of 7 ratings,$98
DHIL,$193.89,1439910973035,336,Not yet rated,NULL,N/A
DHXM,$7.55,1439910973099,2,Not yet rated,NULL,N/A
DCIX,$1.85,1439910973166,"2,517",50% bullish,of 4 ratings,$3.50
FANG,$72.77,1439910973370,"114,924",50% bullish,of 2 ratings,$86
DRNA,$10.77,1439910973502,"25,574",67% bearish,of 3 ratings,$25
DGII,$10.23,1439910973530,"29,624",100% bearish,of 1 rating,$10
DMRC,$37,1439910973555,"7,258",100% bearish,of 1 rating,$44
DRAD,$4.11,1439910973585,804,100% bullish,of 1 rating,$5.25
DGLY,$7.5405,1439910973946,"40,851",50% bullish,of 6 ratings,$20
DIOD,$19.86,1439910974076,"49,826",75% bearish,of 4 ratings,$24
APPS,$2.29,1439910974117,"20,942",100% bearish,of 1 rating,$10.25
DCOM,$17.27,1439910974180,"9,636",100% bearish,of 2 ratings,$16.50
DISCK,$27.65,1439910974450,"373,204",100% bearish,of 1 rating,$40
DISCA,$29.1,1439910974475,"238,318",67% bullish,of 3 ratings,$34
DPRX,$13.46,1439910974615,"2,913",100% bullish,of 2 ratings,$27.75
DISCB,NULL,1439910974650,0,100% bearish,of 1 rating,$35
DSCO,$0.4826,1439910974715,"96,279",83% bullish,of 6 ratings,$2.75
DVCR,$11.76,1439910975014,"1,445",100% bullish,of 1 rating,N/A
DISH,$66.94,1439910975061,"149,668",69% bullish,of 13 ratings,$73
BAGR,$3,1439910975109,"7,461",100% bearish,of 1 rating,$6
DLHC,$2.51,1439910975358,300,100% bearish,of 1 rating,N/A
DNBF,$26.5,1439910975447,1,Not yet rated,NULL,$27.50
DLTR,$79.15,1439910975519,"220,036",82% bullish,of 11 ratings,$88
DGICB,$18.23,1439910975578,2,100% bearish,of 1 rating,N/A
DGICA,$14.71,1439910975710,"1,723",100% bearish,of 1 rating,$17
DORM,$51.46,1439910975880,"27,665",100% bearish,of 1 rating,$56
DMLP,$14.9,1439910975915,"9,908",100% bearish,of 1 rating,N/A
HILL,$5.4,1439910976047,"210,898",60% bearish,of 5 ratings,$8
DRWI,$0.2979,1439910976073,"28,200",60% bullish,of 5 ratings,$.45
DRWIW,NULL,1439910976228,0,Not yet rated,NULL,N/A
DWA,$19.4,1439910976478,"49,032",63% bullish,of 8 ratings,$26
DSKX,$3.766,1439910976537,"68,214",100% bullish,of 1 rating,N/A
DRYS,$0.3607,1439910976563,"615,986",77% bullish,of 31 ratings,$.60
DSPG,$8.7,1439910976788,"20,118",100% bearish,of 1 rating,$13.50
CADTR,NULL,1439910976921,0,Not yet rated,NULL,N/A
DTSI,$27.29,1439910977069,"8,368",100% bearish,of 2 ratings,$39.50
CADTU,NULL,1439910977114,0,Not yet rated,NULL,N/A
CADT,NULL,1439910977210,0,Not yet rated,NULL,N/A
DNKN,$52.29,1439910977339,"89,983",67% bullish,of 15 ratings,$56.50
CADTW,NULL,1439910977364,0,Not yet rated,NULL,N/A
DYAX,$23.76,1439910977786,"95,321",89% bullish,of 9 ratings,$30
DXPE,$29.73,1439910977870,"109,966",50% bullish,of 2 ratings,N/A
BOOM,$10.12,1439910978013,"8,608",67% bullish,of 3 ratings,$12
DYSL,NULL,1439910978230,0,100% bullish,of 2 ratings,N/A
DRRX,$2.21,1439910978291,"130,897",50% bullish,of 6 ratings,$3
EBMT,NULL,1439910978422,0,Not yet rated,NULL,$13.50
DVAX,$30.3,1439910978447,"62,787",70% bullish,of 10 ratings,$40
ETFC,$28.42,1439910978472,"168,259",57% bullish,of 14 ratings,$33
EGBN,$45,1439910978659,"10,650",Not yet rated,NULL,$48
DYNT,NULL,1439910978760,0,75% bullish,of 4 ratings,N/A
EGLE,$7.63,1439910978891,"1,454",60% bullish,of 5 ratings,N/A
EROC,$1.48,1439910978917,"67,706",50% bullish,of 2 ratings,$3
EGRX,$71.45,1439910978938,"55,055",67% bullish,of 3 ratings,$97
ELNK,$9.18,1439910979255,"257,672",80% bullish,of 5 ratings,$9.50
EWBC,$45.1,1439910979324,"80,496",100% bearish,of 1 rating,$50
EACQU,$10.12,1439910979466,18,Not yet rated,NULL,N/A
EML,NULL,1439910979607,0,Not yet rated,NULL,N/A
EVBS,$6.45,1439910979682,234,Not yet rated,NULL,$7
EBAY,$27.875,1439910979754,"1,609,148",81% bullish,of 117 ratings,$48
EBIX,$30,1439910979913,"28,620",69% bullish,of 13 ratings,$40
ELON,$0.5601,1439910980065,"8,723",50% bullish,of 2 ratings,N/A
ECTE,$1.6,1439910980091,"4,353",75% bullish,of 4 ratings,N/A
ECHO,$26.27,1439910980223,"141,165",67% bearish,of 3 ratings,$35.50
SATS,$46.715,1439910980250,"17,415",50% bullish,of 2 ratings,$60
EEI,NULL,1439910980402,0,67% bearish,of 3 ratings,N/A
ECACU,NULL,1439910980631,0,Not yet rated,NULL,N/A
EDAP,$3.5817,1439910980801,"4,711",60% bullish,of 5 ratings,$4.50
ESES,$3.59,1439910980869,900,100% bearish,of 1 rating,$7
EDGW,NULL,1439910980894,0,100% bearish,of 1 rating,N/A
EDUC,$4.88,1439910981026,629,100% bearish,of 1 rating,N/A
EFUT,$4.48,1439910981106,"8,507",Not yet rated,NULL,N/A
EGLT,$12.71,1439910981377,"7,850",50% bullish,of 2 ratings,$21
EHTH,$14.81,1439910981432,"11,281",50% bullish,of 4 ratings,$16.50
LOCO,$14.49,1439910981459,"210,155",69% bullish,of 13 ratings,$23
EGAN,$3.5,1439910981480,"1,300",50% bullish,of 2 ratings,$6.25
EMITF,$1.2899,1439910981663,"5,171",75% bullish,of 4 ratings,N/A
ESLT,$82.605,1439910981853,"4,481",100% bullish,of 2 ratings,N/A
ERI,$9.7502,1439910981991,"22,394",100% bearish,of 1 rating,$10
EA,$73.88,1439910982122,"508,434",77% bullish,of 35 ratings,$80
ELRC,$10.25,1439910982203,"2,188",100% bearish,of 1 rating,N/A
ELSE,NULL,1439910982334,0,60% bullish,of 5 ratings,N/A
ESIO,$4.62,1439910982359,"9,796",50% bullish,of 2 ratings,$10
EFII,$45.5,1439910982573,"121,477",80% bullish,of 5 ratings,$55
ELECU,NULL,1439910982627,0,Not yet rated,NULL,N/A
ELECW,NULL,1439910982760,0,Not yet rated,NULL,N/A
ELEC,NULL,1439910982819,0,Not yet rated,NULL,N/A
RDEN,$10.38,1439910982968,"40,805",100% bearish,of 4 ratings,$15
EBIO,$4.09,1439910983044,"357,527",100% bearish,of 2 ratings,$8.35
CAPX,$23.93,1439910983295,2,Not yet rated,NULL,N/A
ESBK,NULL,1439910983397,0,Not yet rated,NULL,N/A
ELTK,$1.13,1439910983486,800,67% bearish,of 3 ratings,N/A
LONG,$17.2,1439910983584,"18,060",67% bullish,of 3 ratings,$15.75
EMCF,NULL,1439910983654,0,100% bearish,of 1 rating,N/A
EMCI,$23.92,1439910983680,"1,300",Not yet rated,NULL,N/A
EMMSP,NULL,1439910983978,0,100% bearish,of 1 rating,N/A
EMKR,$7.32,1439910984010,"29,038",75% bullish,of 4 ratings,$8.50
EMMS,$1.21,1439910984110,"3,096",67% bullish,of 6 ratings,N/A
NYNY,$4.505,1439910984137,"4,250",50% bullish,of 2 ratings,N/A
ERS,$3.01,1439910984314,"2,800",Not yet rated,NULL,N/A
ENTA,$41.18,1439910984489,"23,517",50% bullish,of 2 ratings,$42
ECPG,$40.73,1439910984624,"35,948",100% bullish,of 2 ratings,$52
WIRE,$33.79,1439910984785,"41,013",100% bearish,of 1 rating,$37
ENDP,$86.57,1439910984890,"122,582",50% bullish,of 6 ratings,$104
ECYT,$5.3999,1439910984951,"49,108",83% bullish,of 6 ratings,$12
EIGI,$16.06,1439910985085,"80,976",67% bearish,of 3 ratings,$20
ELGX,$13.2,1439910985276,"114,024",75% bullish,of 4 ratings,$17
EFOI,$15.69,1439910985377,"67,496",50% bullish,of 2 ratings,$17
WATT,$6.87,1439910985456,"29,899",50% bullish,of 2 ratings,$13
ERII,$2.95,1439910985554,"10,496",80% bullish,of 5 ratings,$2.50
EXXI,$1.74,1439910985582,"334,528",86% bullish,of 7 ratings,$3.50
ENOC,$8.71,1439910985882,"26,184",75% bullish,of 4 ratings,$18
ENG,$1.04,1439910986017,"7,128",100% bullish,of 3 ratings,N/A
ENFC,NULL,1439910986232,0,Not yet rated,NULL,N/A
ESGR,$160.1,1439910986262,"85,650",100% bearish,of 1 rating,$185
ENPH,$5.257,1439910986316,"251,993",75% bullish,of 4 ratings,$11
ENTL,$22.44,1439910986365,"6,241",Not yet rated,NULL,$28
ENTG,$14.67,1439910986498,"61,760",100% bearish,of 1 rating,$18
ETRM,$0.2541,1439910986687,"366,872",69% bearish,of 35 ratings,$1.625
EBTC,$21.44,1439910986744,150,Not yet rated,NULL,N/A
EFSC,$24.94,1439910986770,"4,645",Not yet rated,NULL,$27
EGT,$2.25,1439910986907,"5,850",100% bullish,of 1 rating,N/A
ENVI,$1.81,1439910986980,"6,000",67% bullish,of 3 ratings,N/A
ENZN,$1.0799,1439910987195,"194,368",100% bullish,of 9 ratings,N/A
EPZM,$17.9,1439910987442,"87,290",60% bullish,of 5 ratings,$34
EPRS,$5.01,1439910987530,"15,558",82% bullish,of 11 ratings,$15
ENZY,$8.79,1439910987572,"2,400",67% bullish,of 3 ratings,$9.50
EPIQ,$13.96,1439910987607,"11,215",100% bearish,of 1 rating,$18
EQIX,$285.17,1439910987822,"48,245",67% bullish,of 3 ratings,$312.50
PLUS,$75.74,1439910987899,"3,226",50% bullish,of 2 ratings,$88
EAC,$3.67,1439910987961,"13,707",100% bearish,of 1 rating,$8
ERIE,$88,1439910988045,"3,710",Not yet rated,NULL,$73
EQFN,NULL,1439910988093,0,Not yet rated,NULL,N/A
ERIC,$10.4991,1439910988237,"416,343",63% bullish,of 8 ratings,$13.30
ESCA,$18.69,1439910988490,"3,100",100% bearish,of 1 rating,$22
ESCR,$0.2225,1439910988515,"2,200",50% bullish,of 2 ratings,N/A
ESCRP,$1.9123,1439910988706,"1,513",100% bearish,of 1 rating,N/A
ESSA,$12.81,1439910988763,500,100% bearish,of 1 rating,N/A
ESMC,NULL,1439910988831,0,Not yet rated,NULL,N/A
ESND,$36.035,1439910988936,"24,678",100% bearish,of 1 rating,$40
ESPR,$73,1439910988972,"1,402,318",67% bearish,of 9 ratings,$130
EPIX,$7,1439910989171,120,Not yet rated,NULL,N/A
ESSX,$0.49,1439910989305,"4,190",50% bullish,of 2 ratings,N/A
CLWT,NULL,1439910989376,0,100% bearish,of 1 rating,N/A
ETSY,$16.4096,1439910989406,"161,749",80% bullish,of 5 ratings,$16
EEFT,$68.88,1439910989509,"28,238",100% bearish,of 1 rating,$67.50
ESEA,NULL,1439910989750,0,100% bullish,of 1 rating,$15
EVK,NULL,1439910989844,0,75% bearish,of 4 ratings,N/A
EVEP,$8.89,1439910989874,"81,431",50% bullish,of 2 ratings,$15
EVLV,$2.25,1439910989943,"21,842",60% bullish,of 5 ratings,$6.50
EVOK,$5.6,1439910989977,"625,171",100% bearish,of 1 rating,$13.75
EVOL,$6.47,1439910990273,"12,759",75% bullish,of 4 ratings,$10
EXA,$10.805,1439910990375,"5,500",100% bearish,of 1 rating,$13
EXAS,$23.61,1439910990430,"118,486",78% bullish,of 9 ratings,$31
EXEL,$5.88,1439910990577,"620,949",81% bullish,of 16 ratings,$6
EXAC,$18.72,1439910990638,"6,258",100% bearish,of 1 rating,$22.50
EXFO,NULL,1439910990770,0,67% bearish,of 3 ratings,$3.95
EXLS,$37.19,1439910990854,"12,708",100% bullish,of 1 rating,$41
EXPE,$123.44,1439910990901,"170,048",64% bullish,of 11 ratings,$130
EXPD,$49.68,1439910990986,"224,677",80% bullish,of 5 ratings,$50.50
EXPO,$44.01,1439910991118,"5,570",100% bearish,of 1 rating,$45.50
ESRX,$90.8,1439910991203,"657,770",67% bearish,of 6 ratings,$101
EXTR,$2.9925,1439910991385,"113,443",80% bullish,of 5 ratings,$3
EXLP,$20.83,1439910991429,"10,951",100% bearish,of 1 rating,$27
EYEG,$4.36,1439910991562,"7,850",Not yet rated,NULL,N/A
EYEGW,NULL,1439910991589,0,Not yet rated,NULL,N/A
EZCH,$21.595,1439910991815,"46,852",75% bullish,of 8 ratings,$19.50
FB,$95.62,1439910992054,"7,110,105",73% bullish,of 1063 ratings,$111
FFIV,$133.495,1439910992114,"108,122",71% bullish,of 7 ratings,$132
FCS,$14.24,1439910992161,"66,362",67% bearish,of 3 ratings,$17
EZPW,$6.08,1439910992189,"21,099",50% bullish,of 4 ratings,$7.50
FWM,$2.355,1439910992473,"34,656",100% bearish,of 2 ratings,$3.20
FRP,$17.97,1439910992555,"14,150",100% bearish,of 1 rating,$18
DAVE,$15.14,1439910992625,"3,200",100% bearish,of 1 rating,$15.50
FALC,$1.639,1439910992689,"37,515",63% bearish,of 8 ratings,N/A
FARM,$23.41,1439910992841,522,100% bearish,of 1 rating,$35
FFKT,$27.7,1439910992917,"3,367",Not yet rated,NULL,$29
FMNB,$8.11,1439910993157,"10,032",Not yet rated,NULL,N/A
FARO,$41.37,1439910993182,"27,451",50% bullish,of 2 ratings,$48
FATE,$7.84,1439910993507,"27,744",100% bearish,of 1 rating,$11
FAST,$40.69,1439910993534,"248,050",80% bullish,of 5 ratings,$46
FBRC,$23.21,1439910993589,"27,671",100% bearish,of 1 rating,$29
FBSS,NULL,1439910993615,0,Not yet rated,NULL,N/A
FDML,$9.74,1439910993669,"23,749",50% bullish,of 4 ratings,$14
FEIC,$81.55,1439910994052,"132,226",50% bullish,of 2 ratings,$95.50
FHCO,$1.5224,1439910994085,"4,664",50% bullish,of 4 ratings,N/A
FNHC,$23.8,1439910994122,"9,333",100% bearish,of 1 rating,$35
FENX,$9.76,1439910994190,"11,476",100% bullish,of 1 rating,$14.25
FCSC,$6.55,1439910994405,"28,792",100% bearish,of 1 rating,$8.125
FGEN,$25.27,1439910994625,"166,580",100% bearish,of 1 rating,$39
FDUS,$15.47,1439910994655,"20,965",100% bullish,of 1 rating,$18
LION,$20.16,1439910994690,"19,092",100% bullish,of 1 rating,$20
ONEQ,$200.125,1439910994754,"18,404",100% bullish,of 1 rating,N/A
FRGI,$55.55,1439910994892,"32,973",50% bullish,of 2 ratings,$70
FSAM,$8.86,1439910995114,600,100% bearish,of 1 rating,$11
FSC,$6.49,1439910995250,"185,991",75% bullish,of 4 ratings,$8
FSCFL,$25.03,1439910995279,"1,593",Not yet rated,NULL,N/A
FITB,$21.15,1439910995459,"629,014",54% bullish,of 13 ratings,$22
FSFR,$9.101,1439910995488,"22,551",100% bearish,of 1 rating,$11.50
FITBI,$27.7801,1439910995593,"2,678",Not yet rated,NULL,N/A
FNGN,$36.07,1439910995780,"69,897",67% bullish,of 3 ratings,$47
FISI,$24.85,1439910995840,"1,117",100% bullish,of 2 ratings,$24.50
FNJN,$1.76,1439910995884,"1,732",100% bearish,of 1 rating,$5
FNSR,$17.49,1439910995910,"268,970",86% bullish,of 7 ratings,$25
FNTC,NULL,1439910995980,0,Not yet rated,NULL,N/A
FNTCU,NULL,1439910996297,0,Not yet rated,NULL,N/A
FNTCW,NULL,1439910996321,0,Not yet rated,NULL,N/A
FEYE,$44.07,1439910996530,"1,003,245",87% bullish,of 15 ratings,$55.50
FNLC,$18.9799,1439910996700,"1,900",100% bullish,of 1 rating,N/A
BUSE,$6.44,1439910996751,"4,899",Not yet rated,NULL,$6.875
FBNC,$17.25,1439910996776,"1,996",100% bullish,of 1 rating,$20
FBIZ,$44.2399,1439910996802,923,100% bearish,of 2 ratings,$52
FCAP,NULL,1439910996937,0,Not yet rated,NULL,N/A
FCVA,NULL,1439910997081,0,Not yet rated,NULL,N/A
FCFS,$38.3,1439910997134,"15,883",100% bearish,of 2 ratings,$48
FCNCA,$248.268,1439910997214,802,Not yet rated,NULL,N/A
FRBA,$6,1439910997537,350,Not yet rated,NULL,$8
FCLF,NULL,1439910997564,0,Not yet rated,NULL,N/A
FCBC,$18.05,1439910997719,"1,210",Not yet rated,NULL,$17
FCCO,$12.14,1439910997744,7,Not yet rated,NULL,$13.25
FBNK,$16.2,1439910997770,800,100% bearish,of 1 rating,$17.50
FCFP,NULL,1439910998088,0,Not yet rated,NULL,N/A
FDEF,$37.675,1439910998171,"5,624",Not yet rated,NULL,$38
FFBC,$19.39,1439910998225,"20,884",67% bearish,of 3 ratings,$20.25
FFBCW,NULL,1439910998274,0,100% bearish,of 1 rating,N/A
FFNM,$6.34,1439910998298,38,Not yet rated,NULL,N/A
FFIN,$32.78,1439910998525,"19,680",50% bullish,of 2 ratings,$31.75
THFF,$33.81,1439910998598,"10,098",Not yet rated,NULL,$35
FFNW,$12.52,1439910998739,200,Not yet rated,NULL,$14
FIBK,$27.99,1439910999039,"6,594",Not yet rated,NULL,$32
INBK,$36.4499,1439910999066,"1,981",50% bullish,of 2 ratings,$37
FFWM,$21.35,1439910999088,508,Not yet rated,NULL,$24
FRME,$26.22,1439910999218,"8,264",Not yet rated,NULL,$26.50
FMBI,$18.645,1439910999314,"59,474",Not yet rated,NULL,$20
FNBC,$35.5799,1439910999417,"26,529",Not yet rated,NULL,$41
FNFG,$9.785,1439910999467,"498,784",80% bullish,of 5 ratings,$9
FMBH,NULL,1439910999605,0,Not yet rated,NULL,N/A
FNWB,$12.2501,1439910999709,"2,373",Not yet rated,NULL,N/A
FSFG,$31.2,1439910999807,102,Not yet rated,NULL,N/A
FSGI,NULL,1439910999974,0,Not yet rated,NULL,N/A
FSLR,$51.54,1439911000109,"341,817",74% bullish,of 39 ratings,$65
FSBK,$7.79,1439911000215,"4,957",100% bullish,of 1 rating,N/A
BICK,NULL,1439911000240,0,100% bullish,of 1 rating,N/A
FBZ,NULL,1439911000370,0,Not yet rated,NULL,N/A
FCAN,NULL,1439911000552,0,Not yet rated,NULL,N/A
FTCS,$38.74,1439911000682,"5,579",Not yet rated,NULL,N/A
FCA,$22.05,1439911000707,395,Not yet rated,NULL,N/A
IFV,$18.75,1439911000854,"65,043",100% bearish,of 1 rating,N/A
FV,$24.9599,1439911000881,"436,497",Not yet rated,NULL,N/A
FEMB,NULL,1439911001080,0,Not yet rated,NULL,N/A
FTSM,$59.93,1439911001126,"16,819",100% bearish,of 1 rating,N/A
TDIV,$26.0299,1439911001295,"12,158",100% bearish,of 1 rating,N/A
FEUZ,$32.79,1439911001355,30,Not yet rated,NULL,N/A
MDIV,$19.9049,1439911001485,"19,547",Not yet rated,NULL,N/A
FGM,$37.4,1439911001567,200,Not yet rated,NULL,N/A
FTHI,NULL,1439911001666,0,Not yet rated,NULL,N/A
FTGC,$22.6753,1439911001692,"6,551",Not yet rated,NULL,N/A
HYLS,$49.7701,1439911001773,"213,572",100% bearish,of 1 rating,N/A
FHK,$35.43,1439911001862,"2,615",Not yet rated,NULL,N/A
YDIV,NULL,1439911002158,0,Not yet rated,NULL,N/A
FPXI,NULL,1439911002186,0,Not yet rated,NULL,N/A
SKYY,$30.6899,1439911002211,"23,228",100% bullish,of 1 rating,N/A
CU,$13.12,1439911002531,800,100% bearish,of 1 rating,N/A
PLTM,$6.46,1439911002556,400,100% bearish,of 1 rating,N/A
FTLB,NULL,1439911002683,0,100% bearish,of 1 rating,N/A
FJP,$50.2609,1439911002711,"1,621",Not yet rated,NULL,N/A
LMBS,NULL,1439911002736,0,Not yet rated,NULL,N/A
FMB,NULL,1439911003018,0,Not yet rated,NULL,N/A
QABA,$39.84,1439911003152,"1,658",100% bearish,of 1 rating,N/A
CIBR,$19.7004,1439911003180,"16,542",Not yet rated,NULL,N/A
FONE,$36.81,1439911003224,11,Not yet rated,NULL,N/A
QCLN,$16.156,1439911003357,"3,505",Not yet rated,NULL,N/A
CARZ,$36.76,1439911003634,"1,345",100% bearish,of 1 rating,N/A
GRID,NULL,1439911003706,0,100% bearish,of 1 rating,N/A
RDVY,$22.5899,1439911003766,"4,484",Not yet rated,NULL,N/A
QQEW,$44.3499,1439911003835,"1,950",Not yet rated,NULL,N/A
QTEC,$42.3,1439911003923,"7,717",Not yet rated,NULL,N/A
QQXT,$43.0399,1439911004018,"1,546",Not yet rated,NULL,N/A
AIRR,$17.02,1439911004260,814,100% bearish,of 1 rating,N/A
FTSL,$48.98,1439911004293,"9,695",100% bearish,of 1 rating,N/A
QINC,$21.59,1439911004321,1,Not yet rated,NULL,N/A
FDIV,NULL,1439911004395,0,100% bearish,of 1 rating,N/A
FKO,$23.83,1439911004463,"1,300",Not yet rated,NULL,N/A
FTW,$31.242,1439911004915,450,Not yet rated,NULL,N/A
FKU,$44.1899,1439911004940,"3,900",Not yet rated,NULL,N/A
FSZ,NULL,1439911004974,0,Not yet rated,NULL,N/A
FUNC,$8.28,1439911005007,"1,300",Not yet rated,NULL,N/A
TUSA,NULL,1439911005031,0,Not yet rated,NULL,N/A
FMER,$18.875,1439911005340,"259,297",50% bullish,of 2 ratings,$20
SVVC,$10.7125,1439911005393,"3,186",100% bullish,of 1 rating,$26
FISV,$90.1199,1439911005422,"79,859",100% bearish,of 3 ratings,$90
FSV,$33.67,1439911005483,"12,620",Not yet rated,NULL,$33.60
FIVE,$37.89,1439911005529,"46,939",75% bearish,of 4 ratings,$44
FPRX,$19.25,1439911005866,"68,209",50% bullish,of 2 ratings,$35
FIVN,$4.21,1439911005993,"65,842",100% bullish,of 1 rating,$8.50
FLML,$21.84,1439911006018,"19,980",50% bullish,of 2 ratings,$30
FLKS,$14.6,1439911006094,"9,586",50% bullish,of 2 ratings,$27
FLXN,$24.155,1439911006119,"23,707",100% bearish,of 1 rating,$39.50
MBSD,NULL,1439911006462,0,Not yet rated,NULL,N/A
FLIR,$30.55,1439911006493,"73,640",100% bearish,of 1 rating,$38.50
FLEX,$11.21,1439911006514,"271,396",63% bullish,of 8 ratings,$12
FLXS,$41.51,1439911006543,"1,450",100% bearish,of 2 ratings,N/A
SKOR,$50.33,1439911006564,4,Not yet rated,NULL,N/A
FFIC,$20.92,1439911006853,"3,324",Not yet rated,NULL,$21
FOMX,$10.72,1439911006882,"101,582",50% bullish,of 2 ratings,$23.50
FLDM,$12.7,1439911006907,"47,923",67% bearish,of 3 ratings,$21.50
FOGO,$18.84,1439911007256,"23,358",50% bullish,of 2 ratings,$25.50
FES,$0.919,1439911007281,"1,200",50% bullish,of 2 ratings,$1
FORTY,NULL,1439911007353,0,Not yet rated,NULL,N/A
FONR,$9.6,1439911007481,280,100% bullish,of 1 rating,N/A
FORM,$6.5,1439911007547,"68,081",67% bullish,of 3 ratings,$10.50
FORR,$32.45,1439911007736,"2,435",Not yet rated,NULL,N/A
FBIO,$3.09,1439911007820,"39,063",83% bullish,of 6 ratings,N/A
FWRD,$49.135,1439911007922,"26,437",100% bearish,of 1 rating,$50
FORD,$1.09,1439911007952,"46,188",50% bullish,of 2 ratings,N/A
FTNT,$47.5,1439911008085,"136,496",80% bullish,of 10 ratings,$52
FWP,$27.09,1439911008254,"36,346",100% bearish,of 1 rating,$45
FMI,$20.24,1439911008386,"60,987",100% bearish,of 2 ratings,$27.50
FOSL,$61.99,1439911008414,"162,024",50% bullish,of 4 ratings,$70
FXCB,$17.51,1439911008705,10,Not yet rated,NULL,$19
FOXF,$15.86,1439911008739,"2,920",100% bearish,of 1 rating,$19
FREE,$0.538,1439911008839,"55,475",92% bullish,of 12 ratings,N/A
FEIM,$10.85,1439911008903,12,100% bearish,of 1 rating,N/A
FELE,$29.96,1439911008933,"37,504",50% bullish,of 4 ratings,$33
FSBW,$23.5,1439911009318,"1,512",Not yet rated,NULL,N/A
FSYS,$6.62,1439911009349,"4,500",67% bullish,of 3 ratings,$10
FULL,$3.19,1439911009450,"3,542",67% bearish,of 3 ratings,$4.25
FCEL,$0.81,1439911009481,"162,113",88% bullish,of 40 ratings,$2.65
FTRPR,$107.11,1439911009625,800,100% bearish,of 1 rating,N/A
FULLL,NULL,1439911009772,0,Not yet rated,NULL,N/A
FULT,$13.155,1439911009850,"271,481",100% bearish,of 1 rating,$13
FXEN,$1.015,1439911009911,"30,955",75% bullish,of 4 ratings,$1.10
FTEK,$2.28,1439911010007,"1,588",75% bullish,of 4 ratings,N/A
CDORO,$18.8999,1439911010109,480,100% bearish,of 1 rating,N/A
FXENP,$16.5,1439911010212,250,100% bearish,of 1 rating,N/A
GK,$71.7,1439911010258,"11,240",Not yet rated,NULL,$78
GALTU,NULL,1439911010392,0,100% bearish,of 1 rating,N/A
GGAC,$9.82,1439911010681,750,100% bearish,of 1 rating,N/A
GLPI,$33.72,1439911010719,"41,112",100% bearish,of 1 rating,$37.50
GFN,$4.03,1439911010753,628,100% bearish,of 2 ratings,$8
GGACW,$0.12,1439911010790,"11,635",Not yet rated,NULL,N/A
GGACR,NULL,1439911010855,0,100% bullish,of 1 rating,N/A
GARS,$14.8303,1439911010924,"8,951",Not yet rated,NULL,$16
GFNSL,$25.8,1439911011061,"2,000",Not yet rated,NULL,N/A
GGACU,NULL,1439911011088,0,Not yet rated,NULL,N/A
GNVC,$2.3499,1439911011388,253,90% bullish,of 10 ratings,$8.50
GHDX,$26.71,1439911011425,"35,129",50% bullish,of 2 ratings,$30
GNCA,$12.99,1439911011446,"19,725",100% bearish,of 1 rating,$20
GERN,$3.4,1439911011522,"416,078",88% bullish,of 16 ratings,$5.25
THRM,$48.61,1439911011580,"22,025",75% bearish,of 4 ratings,$55.50
GTWN,NULL,1439911011609,0,Not yet rated,NULL,N/A
GEOS,$15.54,1439911011630,"12,889",100% bearish,of 3 ratings,$25.50
GEVO,$2.19,1439911011953,"89,486",75% bullish,of 12 ratings,N/A
GBCI,$28.08,1439911012092,"22,583",50% bullish,of 2 ratings,$31
ROCK,$18.705,1439911012123,"18,686",80% bullish,of 5 ratings,$24
GIGM,$0.6412,1439911012159,"16,550",100% bullish,of 2 ratings,N/A
GLADO,$25.46,1439911012189,750,Not yet rated,NULL,N/A
GIII,$69.8801,1439911012295,"17,709",67% bullish,of 3 ratings,$75
GOOD,$15.7877,1439911012336,"4,556",Not yet rated,NULL,$19
GLAD,$8.2724,1439911012479,"18,038",50% bullish,of 2 ratings,$8.75
GOODP,$25.24,1439911012702,350,Not yet rated,NULL,N/A
GLBZ,$12.12,1439911012736,254,Not yet rated,NULL,N/A
GAINO,$25.3367,1439911012757,735,Not yet rated,NULL,N/A
GAINP,$26.09,1439911012802,400,Not yet rated,NULL,N/A
LAND,$9.5,1439911012903,"2,233",50% bullish,of 2 ratings,$13.75
GPACU,NULL,1439911012935,0,Not yet rated,NULL,N/A
GBLI,$26.97,1439911013157,"2,600",Not yet rated,NULL,N/A
ALTY,NULL,1439911013388,0,Not yet rated,NULL,N/A
YLCO,$12.36,1439911013418,"2,002",Not yet rated,NULL,N/A
ACTX,NULL,1439911013462,0,100% bullish,of 1 rating,N/A
QQQC,$21.0601,1439911013491,"1,162",100% bearish,of 1 rating,N/A
GLRI,$1.25,1439911013624,"1,200",100% bearish,of 1 rating,$6
GSM,$14.05,1439911013652,"86,567",50% bullish,of 2 ratings,$24.50
SRET,$13.9099,1439911013674,216,Not yet rated,NULL,N/A
GAI,$5.48,1439911013702,520,50% bullish,of 2 ratings,N/A
GLNG,$39.52,1439911013910,"154,966",83% bullish,of 6 ratings,$58
GOGO,$16.31,1439911013938,"75,003",80% bullish,of 5 ratings,$25
GLBS,$1.3999,1439911014073,"3,500",67% bullish,of 3 ratings,N/A
GMLP,$20.65,1439911014143,"24,008",50% bullish,of 4 ratings,$32.50
GLDC,NULL,1439911014175,0,50% bullish,of 2 ratings,N/A
GLUU,$4.72,1439911014196,"1,112,027",92% bullish,of 26 ratings,$9
GLYC,NULL,1439911014227,0,50% bullish,of 2 ratings,$14
GBIM,$2.31,1439911014277,"5,057",50% bullish,of 2 ratings,N/A
GBDC,$16.63,1439911014508,"10,980",Not yet rated,NULL,$17.75
GDEN,NULL,1439911014640,0,50% bullish,of 2 ratings,N/A
GOOGL,$690.66,1439911014720,"242,260",88% bullish,of 1078 ratings,$747
GOOG,$659.5,1439911014769,"252,102",89% bullish,of 64 ratings,$795
GPRO,$58.0355,1439911014854,"1,175,916",79% bullish,of 58 ratings,$72
GOGL,$3.5,1439911014883,"49,641",75% bullish,of 4 ratings,$5
GTIM,$7.175,1439911014913,"2,050",Not yet rated,NULL,$11.50
GMAN,$4.7201,1439911014938,"6,947",60% bullish,of 5 ratings,$8
GPIA,NULL,1439911015093,0,Not yet rated,NULL,N/A
GPIAU,$10.08,1439911015141,200,Not yet rated,NULL,N/A
GBSNU,$16.303,1439911015374,"8,125",Not yet rated,NULL,N/A
GRVY,$3.57,1439911015481,174,50% bullish,of 2 ratings,N/A
GLDD,$5.56,1439911015544,"30,642",100% bearish,of 4 ratings,$7.75
LOPE,$38.89,1439911015587,"42,287",100% bearish,of 2 ratings,$50
GBSN,$2.21,1439911015614,"47,822",100% bearish,of 1 rating,$8.25
GPP,$14.805,1439911015642,"8,006",Not yet rated,NULL,$20.50
GRBK,$14.7401,1439911015667,"71,112",77% bullish,of 13 ratings,N/A
GPIAW,NULL,1439911015816,0,Not yet rated,NULL,N/A
GCBC,$28.4999,1439911015947,100,100% bullish,of 1 rating,N/A
GSBC,$42.3164,1439911015972,"2,647",100% bullish,of 1 rating,$44
GLRE,$26.58,1439911016125,"9,856",100% bullish,of 1 rating,$41
GRIF,NULL,1439911016150,0,100% bearish,of 1 rating,N/A
GRPN,$4.29,1439911016320,"2,151,651",61% bullish,of 71 ratings,$6.75
GPRE,$22.2,1439911016368,"75,691",67% bullish,of 6 ratings,$28.50
OMAB,$42.81,1439911016400,"3,208",100% bullish,of 1 rating,$44
GRFS,$32.75,1439911016499,"171,841",50% bullish,of 2 ratings,$35
GSIG,$13.5,1439911016528,"1,601",100% bearish,of 2 ratings,N/A
GGAL,$20.4495,1439911016628,"41,325",80% bullish,of 5 ratings,$40
GSIT,$5,1439911016688,"1,380",100% bearish,of 1 rating,N/A
GTXI,$0.9901,1439911016717,"13,338",100% bullish,of 5 ratings,$.75
GSVC,$9.52,1439911016819,"2,250",50% bullish,of 2 ratings,$14.50
GBNK,$16.26,1439911016886,"2,309",100% bearish,of 1 rating,$18
GFED,$14.8,1439911016965,1,Not yet rated,NULL,$17
GUID,$9.04,1439911017216,"4,178",100% bearish,of 3 ratings,$10
GIFI,$12.36,1439911017250,"7,020",100% bearish,of 1 rating,$16
GURE,$1.835,1439911017275,"9,111",88% bullish,of 8 ratings,N/A
GULTU,$0.3332,1439911017353,"2,242",100% bearish,of 1 rating,N/A
GWGH,$8.175,1439911017439,100,100% bearish,of 1 rating,$15.05
GWPH,$114.68,1439911017467,"22,116",78% bullish,of 9 ratings,$148.50
GPOR,$36.14,1439911017507,"163,927",75% bullish,of 4 ratings,$55.50
GYRO,$2.9,1439911017598,"2,300",100% bearish,of 1 rating,N/A
HEES,$17.18,1439911017690,"60,766",67% bearish,of 3 ratings,$31
HLG,$9.39,1439911017820,2,100% bearish,of 1 rating,N/A
HNRG,$7.8,1439911017874,"18,196",100% bearish,of 1 rating,$10
HALL,$11.79,1439911017962,"2,899",Not yet rated,NULL,N/A
HALO,$19.59,1439911018125,"238,810",67% bullish,of 3 ratings,$22.50
HBK,NULL,1439911018192,0,50% bullish,of 2 ratings,N/A
HMPR,$1.94,1439911018221,"4,900",100% bullish,of 1 rating,N/A
HBHC,$28.62,1439911018247,"71,863",50% bullish,of 2 ratings,$30
HBHCL,$24.6,1439911018327,"10,694",Not yet rated,NULL,N/A
HAFC,$25.75,1439911018408,"6,227",100% bullish,of 2 ratings,$28.50
HNH,$29.03,1439911018463,200,100% bullish,of 1 rating,N/A
HQCL,$10.65,1439911018566,"5,912",67% bullish,of 3 ratings,N/A
HNSN,$0.544,1439911018610,"33,175",88% bullish,of 8 ratings,$.40
HDNG,$10.47,1439911018638,"9,872",50% bullish,of 4 ratings,N/A
HLIT,$5.91,1439911018769,"85,392",100% bearish,of 1 rating,$6.50
HRMNU,NULL,1439911018931,0,Not yet rated,NULL,N/A
HRMN,NULL,1439911019030,0,Not yet rated,NULL,N/A
TINY,$2.55,1439911019072,"5,962",50% bullish,of 2 ratings,$5.26
HRMNW,NULL,1439911019127,0,Not yet rated,NULL,N/A
HART,$0.6502,1439911019232,"58,140",100% bearish,of 1 rating,N/A
HCAP,$12.4,1439911019286,"1,656",50% bullish,of 2 ratings,$15
HBIO,$4.6,1439911019311,"18,028",Not yet rated,NULL,$10
HCAPL,NULL,1439911019365,0,Not yet rated,NULL,N/A
HA,$25.52,1439911019582,"100,232",67% bullish,of 9 ratings,$27
HCOM,$23.23,1439911019713,"1,700",100% bearish,of 1 rating,$28
HAS,$80.48,1439911019799,"96,111",63% bullish,of 8 ratings,$84.50
HWKN,$37.05,1439911019895,"7,625",Not yet rated,NULL,N/A
HWBK,NULL,1439911019924,0,100% bearish,of 1 rating,N/A
HAYN,$39.95,1439911019964,"5,736",100% bearish,of 1 rating,$59
HDS,$34.65,1439911019991,"163,581",100% bearish,of 2 ratings,$39.50
HIIQ,$4.844,1439911020021,"2,675",50% bullish,of 2 ratings,$7
HSTM,$25.835,1439911020230,"23,917",50% bullish,of 2 ratings,$33.75
HCSG,$34.547,1439911020312,"19,842",50% bullish,of 4 ratings,$35
HWAY,$12.58,1439911020409,"67,536",100% bearish,of 1 rating,$15
HTLF,$37.61,1439911020439,"7,956",100% bullish,of 1 rating,$39.50
HTLD,$21.3,1439911020489,"27,176",Not yet rated,NULL,$22.50
HQY,$33.53,1439911020548,"20,222",67% bullish,of 3 ratings,$31
HTWR,$89.7,1439911020651,"14,695",50% bullish,of 2 ratings,$103
HTBX,$5.69,1439911020786,"4,610",50% bullish,of 2 ratings,$15.50
HSII,$20.01,1439911020872,"12,593",100% bullish,of 3 ratings,$25
HELE,$91.99,1439911020978,"24,164",67% bearish,of 3 ratings,$100
GNBC,$13.45,1439911021086,"1,200",100% bearish,of 1 rating,$17
HMTV,$13.32,1439911021146,"2,602",100% bearish,of 1 rating,$16
HCACU,$9.98,1439911021215,"1,000",Not yet rated,NULL,N/A
HNNA,$23.15,1439911021243,"2,800",Not yet rated,NULL,N/A
HSIC,$146.85,1439911021265,"34,278",83% bullish,of 6 ratings,$146
HTBK,$11.12,1439911021399,"3,903",Not yet rated,NULL,$12
HERO,$0.0706,1439911021466,"817,764",81% bullish,of 16 ratings,$.75
HCCI,$12.8699,1439911021610,"2,230",100% bearish,of 1 rating,$16.50
HEOP,$8.023,1439911021643,"1,628",Not yet rated,NULL,$8.50
HFWA,$18.45,1439911021700,"4,176",100% bullish,of 1 rating,$20
MLHR,$29.55,1439911021741,"40,547",50% bullish,of 2 ratings,$33.50
HRTX,$32.2301,1439911021768,"54,213",67% bullish,of 6 ratings,$41
HIHO,$4.1724,1439911022125,"4,524",Not yet rated,NULL,N/A
HIFS,$120.7,1439911022230,704,Not yet rated,NULL,N/A
HIMX,$6.87,1439911022255,"288,175",85% bullish,of 20 ratings,$8.50
HFFC,$16.43,1439911022286,202,Not yet rated,NULL,N/A
HIBB,$40.47,1439911022310,"56,854",100% bearish,of 1 rating,$48.50
HSKA,$34.29,1439911022340,"9,221",100% bearish,of 1 rating,$38
HPJ,$2.8399,1439911022362,"3,633",75% bullish,of 4 ratings,$12.43
HSGX,$6.78,1439911022663,110,100% bearish,of 1 rating,$17
HMSY,$9.455,1439911022688,"262,394",67% bullish,of 3 ratings,$19.35
HOLI,$18.145,1439911022715,"86,386",50% bullish,of 4 ratings,$27
HMNF,NULL,1439911022754,0,Not yet rated,NULL,N/A
HOLX,$42.69,1439911022883,"195,530",67% bullish,of 3 ratings,$42
AWAY,$31.27,1439911023137,"130,919",67% bullish,of 3 ratings,$36
HBCP,NULL,1439911023167,0,Not yet rated,NULL,$29
HOMB,$40.87,1439911023193,"27,579",Not yet rated,NULL,$41
HMST,$22.06,1439911023245,"17,454",100% bullish,of 2 ratings,$27
HFBL,$22,1439911023273,1,Not yet rated,NULL,N/A
HMIN,$29.52,1439911023350,"13,090",100% bearish,of 2 ratings,$35
HTBI,$18.5699,1439911023549,"2,109",67% bullish,of 3 ratings,$18.625
HKTV,$5.17,1439911023577,"2,226",100% bearish,of 1 rating,N/A
HOFT,$25.32,1439911023651,"2,560",100% bearish,of 1 rating,N/A
HFBC,$11.7699,1439911023791,100,Not yet rated,NULL,N/A
CETC,$0.9499,1439911023828,"9,265",86% bullish,of 7 ratings,N/A
HBNC,$25.01,1439911023889,"11,181",100% bullish,of 1 rating,$27
HZNP,$31.74,1439911023954,"280,214",85% bullish,of 20 ratings,$40
HRZN,$11.114,1439911024058,"5,999",100% bearish,of 1 rating,$14.25
ZINC,$8.251,1439911024286,"126,156",100% bearish,of 1 rating,$17
HMHC,$23.43,1439911024313,"53,784",Not yet rated,NULL,$27
HDP,$26.26,1439911024375,"53,987",67% bearish,of 3 ratings,$30.50
HOVNP,$5.46,1439911024404,600,100% bearish,of 1 rating,N/A
HBMD,$14.82,1439911024444,102,100% bearish,of 1 rating,N/A
HSNI,$63.82,1439911024476,"27,441",Not yet rated,NULL,$80
HWCC,$7.415,1439911024594,"63,262",100% bearish,of 1 rating,$9
HTGM,$5.93,1439911024828,"1,950",100% bearish,of 1 rating,$19.50
HUBG,$41.66,1439911024859,"14,450",100% bearish,of 1 rating,$43
HDSN,$3.16,1439911024956,"1,603",100% bullish,of 1 rating,$6.25
HSON,$2.97,1439911024987,230,100% bearish,of 1 rating,$5
HCBK,$10.35,1439911025016,"166,963",83% bullish,of 6 ratings,$8.61
HBAN,$11.79,1439911025041,"1,574,307",76% bullish,of 17 ratings,$12.50
HBANP,NULL,1439911025304,0,100% bearish,of 1 rating,N/A
HURN,$75.49,1439911025373,"10,122",50% bullish,of 2 ratings,$80
HURC,$30.765,1439911025401,"1,222",100% bearish,of 1 rating,N/A
HBP,$3.09,1439911025426,520,100% bullish,of 1 rating,N/A
HDRA,NULL,1439911025453,0,Not yet rated,NULL,N/A
HTCH,$1.6501,1439911025481,"10,982",100% bearish,of 1 rating,$3.50
HDRAR,NULL,1439911025630,0,Not yet rated,NULL,N/A
HYGS,$7.7,1439911025821,"4,198",50% bullish,of 2 ratings,$13
HDRAW,NULL,1439911025846,0,Not yet rated,NULL,N/A
IACI,$75.2,1439911026039,"55,934",75% bullish,of 4 ratings,$90
IDSY,$4.05,1439911026065,"2,400",100% bearish,of 1 rating,$7
ICAD,$3.66,1439911026200,"17,520",50% bullish,of 2 ratings,$7.25
IBKC,$63.49,1439911026265,"17,377",100% bullish,of 1 rating,$70
ICFI,$35.43,1439911026298,"35,402",50% bullish,of 2 ratings,$48.50
IEP,$72.94,1439911026327,"14,820",75% bullish,of 4 ratings,$99
IKGH,$1.8,1439911026356,"7,700",75% bullish,of 4 ratings,N/A
ICLR,$80.5607,1439911026391,"272,718",100% bearish,of 3 ratings,$85
HMNY,NULL,1439911026497,0,100% bearish,of 1 rating,N/A
ICON,$13.71,1439911026691,"188,674",50% bullish,of 2 ratings,$18.50
ICUI,$122.69,1439911026749,"14,841",Not yet rated,NULL,$122
HDRAU,NULL,1439911026847,0,Not yet rated,NULL,N/A
INVE,$5.3095,1439911026888,"75,081",75% bullish,of 4 ratings,$4
IDRA,$2.69,1439911026945,"191,296",89% bullish,of 9 ratings,$6.50
IDXX,$79.23,1439911027022,"123,515",100% bearish,of 1 rating,$77
IIVI,$17.61,1439911027125,"21,810",100% bearish,of 1 rating,$22
IROQ,$16.6,1439911027211,"2,300",100% bullish,of 1 rating,N/A
IKNX,NULL,1439911027264,0,100% bearish,of 1 rating,N/A
IKAN,$2.7317,1439911027314,"10,182",83% bullish,of 6 ratings,$5
DSKY,$12.34,1439911027845,"25,880",67% bullish,of 6 ratings,$11.50
KANG,$17.0505,1439911027879,"38,644",50% bullish,of 2 ratings,$22.55
IMMR,$12.3891,1439911027939,"14,233",80% bullish,of 5 ratings,$15.50
IMNP,$1.5499,1439911028109,"33,806",50% bullish,of 2 ratings,$6
IMGN,$14.04,1439911028169,"217,480",75% bullish,of 4 ratings,$17.50
ILMN,$207.31,1439911028241,"159,480",80% bullish,of 5 ratings,$240
SAAS,$8.01,1439911028381,"71,892",50% bullish,of 2 ratings,$15
INCY,$116.47,1439911028455,"251,760",50% bullish,of 6 ratings,$125.50
INDB,$48.669,1439911028518,"2,476",Not yet rated,NULL,$44
IBTX,$43.5,1439911028549,"4,984",100% bullish,of 2 ratings,$47.25
INFN,$24.54,1439911028604,"452,575",71% bullish,of 7 ratings,$27.50
IMKTA,$54.27,1439911028794,"24,156",100% bearish,of 1 rating,N/A
IOSP,$46.71,1439911028877,"20,282",100% bearish,of 1 rating,N/A
INFI,$9.58,1439911028956,"34,419",50% bullish,of 4 ratings,$18
INOD,$2.54,1439911029015,200,100% bearish,of 1 rating,N/A
IPCC,$80.43,1439911029051,"11,014",Not yet rated,NULL,$77
ISSC,$3.01,1439911029219,"1,300",67% bearish,of 3 ratings,N/A
INGN,$50.53,1439911029302,"58,801",100% bearish,of 1 rating,$50.50
IPHS,$50.6,1439911029362,"23,224",100% bearish,of 1 rating,$60
NSIT,$26.2,1439911029531,"15,194",50% bullish,of 2 ratings,N/A
ISIG,NULL,1439911029638,0,100% bearish,of 1 rating,N/A
INSY,$35.69,1439911029699,"91,931",75% bullish,of 4 ratings,$48
IIIN,$18.03,1439911029826,"2,740",100% bearish,of 2 ratings,N/A
INO,$7.815,1439911029918,"194,309",89% bullish,of 18 ratings,$20
NTEC,$6.06,1439911030028,802,Not yet rated,NULL,N/A
INSM,$27.37,1439911030055,"65,175",71% bullish,of 7 ratings,$32
IART,$62.9,1439911030083,"17,505",100% bearish,of 1 rating,$71.50
PODD,$30.29,1439911030135,"42,864",50% bullish,of 2 ratings,$35
IESC,$7.34,1439911030225,"5,200",100% bearish,of 1 rating,N/A
IDTI,$17.825,1439911030265,"2,465,253",60% bullish,of 5 ratings,$25
ISSI,$22.29,1439911030407,"21,271",67% bullish,of 3 ratings,$19.75
INTC,$28.985,1439911030460,"4,533,092",82% bullish,of 238 ratings,$36
IQNT,$21.81,1439911030635,"696,316",86% bullish,of 7 ratings,$20
IBKR,$42.53,1439911030721,"43,303",100% bullish,of 1 rating,N/A
INOV,$22.26,1439911030763,"126,748",100% bearish,of 1 rating,$33
ICLD,$1.9473,1439911030803,"69,542",75% bullish,of 4 ratings,N/A
IPCI,$2.232,1439911030836,"11,282",67% bullish,of 6 ratings,$7.75
ICPT,$213.825,1439911030863,"26,233",70% bullish,of 10 ratings,$363
IPAR,$28.73,1439911030888,"19,258",67% bullish,of 3 ratings,$38
ININ,$40.11,1439911030947,"2,868",67% bearish,of 3 ratings,$57
TILE,$26.19,1439911031246,"61,949",67% bearish,of 3 ratings,$27
IMI,NULL,1439911031275,0,67% bullish,of 3 ratings,$2.22
ICLDW,NULL,1439911031352,0,100% bearish,of 1 rating,N/A
IDCC,$50.19,1439911031493,"41,225",80% bullish,of 5 ratings,$63
INAP,$8.69,1439911031589,"21,915",75% bullish,of 4 ratings,$11
IBOC,$27.54,1439911031642,"11,858",100% bearish,of 1 rating,N/A
IGLD,$7.7401,1439911031671,"2,800",50% bullish,of 2 ratings,N/A
ISCA,$34.07,1439911031699,"17,875",100% bearish,of 1 rating,N/A
IIJI,NULL,1439911031799,0,50% bullish,of 2 ratings,$11.50
INPH,$0.315,1439911031827,"11,910",50% bullish,of 2 ratings,N/A
XENT,$30.345,1439911032102,"57,097",50% bullish,of 2 ratings,$36.50
IILG,$21.59,1439911032170,"13,102",100% bearish,of 1 rating,$30.50
ISIL,$10.81,1439911032219,"90,627",50% bullish,of 6 ratings,$15
PTNT,NULL,1439911032240,0,Not yet rated,NULL,N/A
INTX,$2.5599,1439911032269,"7,412",67% bullish,of 3 ratings,N/A
IVAC,$5.03,1439911032399,"1,100",Not yet rated,NULL,$6.625
INTL,$28.34,1439911032424,"13,950",67% bearish,of 3 ratings,N/A
INTLL,$25.82,1439911032556,"13,900",Not yet rated,NULL,N/A
ITCI,$31.42,1439911032596,"100,249",75% bearish,of 4 ratings,$40
ISRG,$532.81,1439911032784,"23,701",67% bullish,of 3 ratings,$600
IIN,$6.44,1439911032870,5,100% bearish,of 1 rating,$12
INTU,$106.1,1439911032898,"139,789",100% bullish,of 7 ratings,$107.50
ISTR,$15.75,1439911032925,2,100% bearish,of 1 rating,$18.50
INVT,$0.2985,1439911032951,"33,354",67% bullish,of 3 ratings,N/A
SNAK,$8.79,1439911032978,"10,990",50% bullish,of 2 ratings,$14
ISBC,$12.35,1439911033118,"500,610",100% bullish,of 1 rating,$13.25
ITIC,NULL,1439911033310,0,100% bearish,of 2 ratings,N/A
DTUL,$64.46,1439911033387,200,Not yet rated,NULL,N/A
NVIV,$11.66,1439911033414,"67,398",50% bullish,of 4 ratings,$24.50
IPAS,$1.06,1439911033437,"3,456",67% bullish,of 3 ratings,N/A
IVTY,$11.92,1439911033466,"4,789",Not yet rated,NULL,$18
DFVL,NULL,1439911033631,0,Not yet rated,NULL,N/A
IPCM,$79.4345,1439911033729,"24,016",50% bullish,of 2 ratings,$80.125
IRMD,$26.415,1439911033790,"2,425",67% bearish,of 3 ratings,$25
IRDM,$6.9,1439911033946,"40,060",60% bullish,of 5 ratings,$11.50
IRIX,$7.1,1439911033974,"3,300",100% bearish,of 1 rating,N/A
IPGP,$91.17,1439911034006,"29,375",100% bearish,of 2 ratings,$109.50
IRDMB,$274.448,1439911034032,100,67% bearish,of 3 ratings,N/A
IRWD,$11.65,1439911034113,"91,854",100% bearish,of 1 rating,$13
IRBT,$30.9,1439911034177,"20,206",67% bullish,of 6 ratings,$37
COMT,$33.58,1439911034334,"1,766",100% bearish,of 1 rating,N/A
GNMA,$49.9542,1439911034400,"2,310",Not yet rated,NULL,N/A
IRCP,$33,1439911034555,"1,100",100% bullish,of 2 ratings,N/A
FCHI,$49.82,1439911034580,"2,722",Not yet rated,NULL,N/A
IFGL,$30.06,1439911034631,"72,709",Not yet rated,NULL,N/A
IFAS,NULL,1439911034662,0,Not yet rated,NULL,N/A
IFEU,NULL,1439911034725,0,Not yet rated,NULL,N/A
IFNA,$55.96,1439911034758,"1,500",Not yet rated,NULL,N/A
ACWX,$42.96,1439911034789,"38,751",100% bearish,of 1 rating,N/A
ACWI,$59.14,1439911034816,"123,415",Not yet rated,NULL,N/A
AAXJ,$55.815,1439911034979,"248,598",Not yet rated,NULL,N/A
AAIT,$31.3,1439911035110,"2,066",100% bullish,of 1 rating,N/A
AXJS,NULL,1439911035139,0,Not yet rated,NULL,N/A
EEMA,$52.665,1439911035239,"2,117",Not yet rated,NULL,N/A
EMDI,NULL,1439911035373,0,Not yet rated,NULL,N/A
EMEY,NULL,1439911035399,0,Not yet rated,NULL,N/A
EEME,$39,1439911035420,16,100% bearish,of 1 rating,N/A
EGRW,$48.52,1439911035450,200,Not yet rated,NULL,N/A
EUFN,$23.22,1439911035583,"24,936",100% bearish,of 1 rating,N/A
EEML,$28.8,1439911035648,173,Not yet rated,NULL,N/A
EVAL,$37,1439911035733,"2,602",Not yet rated,NULL,N/A
UAE,$18.51,1439911035861,900,Not yet rated,NULL,N/A
IEUS,$47.5517,1439911035886,"4,383",100% bearish,of 1 rating,N/A
QAT,$21.95,1439911035921,145,Not yet rated,NULL,N/A
SOXX,$85.18,1439911035956,"39,110",50% bullish,of 2 ratings,N/A
IBB,$372.0112,1439911035981,"153,921",63% bullish,of 8 ratings,N/A
INDY,$29.5799,1439911036319,"54,473",100% bullish,of 1 rating,N/A
IGOV,$90.0599,1439911036365,"2,422",100% bearish,of 1 rating,N/A
WOOD,$51.3732,1439911036391,"1,119",50% bullish,of 2 ratings,N/A
ISHG,$78.454,1439911036423,"3,313",100% bearish,of 1 rating,N/A
ICLN,$10.25,1439911036450,"1,211",50% bullish,of 2 ratings,N/A
ISLE,$19.575,1439911036519,"99,079",50% bullish,of 4 ratings,$16
EMIF,NULL,1439911036548,0,Not yet rated,NULL,N/A
ISIS,$52.46,1439911036652,"208,308",53% bullish,of 15 ratings,$67
ITRI,$33.5749,1439911036839,"40,351",Not yet rated,NULL,$37
ISRL,NULL,1439911036881,0,100% bearish,of 1 rating,N/A
ITUS,NULL,1439911036976,0,Not yet rated,NULL,N/A
ITRN,$25.76,1439911037042,236,50% bullish,of 2 ratings,N/A
XXIA,$15.68,1439911037117,"90,103",71% bullish,of 7 ratings,$14.625
IXYS,$10.655,1439911037174,"19,664",50% bullish,of 4 ratings,N/A
JBHT,$80.23,1439911037218,"122,247",50% bullish,of 4 ratings,$89.50
JJSF,$118.77,1439911037251,"1,555",100% bearish,of 1 rating,N/A
JCOM,$73.16,1439911037321,"55,111",100% bullish,of 2 ratings,$77
JASO,$8.3,1439911037420,"386,687",82% bullish,of 17 ratings,$10
MAYS,NULL,1439911037497,0,Not yet rated,NULL,N/A
JACK,$86.8692,1439911037556,"94,458",83% bullish,of 6 ratings,$105
JKHY,$71.604,1439911037582,"16,536",50% bullish,of 2 ratings,$72
JXSB,$24.214,1439911037633,100,Not yet rated,NULL,N/A
JAXB,NULL,1439911037713,0,100% bullish,of 1 rating,N/A
ERW,NULL,1439911038105,0,Not yet rated,NULL,N/A
JAGX,$2.87,1439911038133,"1,700",Not yet rated,NULL,N/A
JMBA,$14.25,1439911038167,"44,301",75% bullish,of 4 ratings,$18
JAKK,$9.88,1439911038197,"74,091",60% bearish,of 5 ratings,$10.50
JRVR,$27.03,1439911038235,"2,628",Not yet rated,NULL,$27
JASNW,NULL,1439911038301,0,50% bullish,of 2 ratings,N/A
JASN,$5.2909,1439911038365,"1,000",50% bullish,of 2 ratings,$9.50
JAZZ,$187.03,1439911038613,"25,673",80% bullish,of 15 ratings,$206.50
JD,$26.95,1439911038642,"2,366,645",75% bullish,of 16 ratings,$36
JTPY,$2.96,1439911038684,100,100% bearish,of 1 rating,N/A
JBLU,$24.2136,1439911038784,"1,890,087",94% bullish,of 16 ratings,$27
JST,$4.3336,1439911038816,714,75% bullish,of 4 ratings,N/A
DATE,$6.53,1439911038843,"32,265",75% bullish,of 4 ratings,$9
JCTCF,$9.54,1439911038924,20,100% bullish,of 1 rating,N/A
WYIGU,$10.02,1439911039029,997,Not yet rated,NULL,N/A
JIVE,$4.099,1439911039106,"206,221",75% bullish,of 4 ratings,$5
JOEZ,$0.1912,1439911039286,"55,707",92% bullish,of 12 ratings,N/A
JBSS,$47.59,1439911039313,"3,357",67% bearish,of 3 ratings,N/A
JNP,$9.76,1439911039341,"6,478",100% bullish,of 3 ratings,$15
JOUT,$25.03,1439911039366,"2,039",100% bearish,of 1 rating,$34
JUNO,$43.9,1439911039553,"605,180",73% bullish,of 11 ratings,$71.50
KTWO,$21.83,1439911039614,"25,131",100% bearish,of 1 rating,$28.50
KALU,$85.28,1439911039645,"18,783",67% bearish,of 3 ratings,$91
KBIO,$1.95,1439911039748,"3,500",50% bullish,of 4 ratings,N/A
KMDA,$3.94,1439911039796,"12,048",50% bullish,of 2 ratings,$8
KNDI,$7.04,1439911039827,"65,808",86% bullish,of 22 ratings,N/A
KCLI,$47.885,1439911039853,"2,843",Not yet rated,NULL,N/A
KPTI,$13.904,1439911039933,"164,487",67% bearish,of 3 ratings,$41
KCAP,$4.82,1439911040103,"50,313",75% bullish,of 4 ratings,$6.75
KBSF,NULL,1439911040167,0,100% bullish,of 1 rating,N/A
KRNY,$11.85,1439911040234,"130,246",100% bearish,of 1 rating,$12
KELYB,NULL,1439911040299,0,50% bullish,of 2 ratings,N/A
KELYA,$14.82,1439911040379,"7,419",67% bullish,of 6 ratings,$20
KFFB,$8.65,1439911040482,"7,163",100% bearish,of 1 rating,N/A
KERX,$6.315,1439911040509,"222,213",82% bullish,of 11 ratings,$12
KMPH,$21.935,1439911040536,"28,831",100% bearish,of 2 ratings,$22
KEQU,$17,1439911040835,"4,498",100% bullish,of 1 rating,N/A
GMCR,$50.84,1439911040863,"271,372",71% bullish,of 42 ratings,$64
KTEC,$12.1,1439911040921,"1,172",Not yet rated,NULL,N/A
KFRC,$28.61,1439911040969,"22,227",100% bullish,of 2 ratings,$29
KBAL,$11.43,1439911040993,"6,729",50% bullish,of 2 ratings,N/A
KTCC,$10.21,1439911041019,"1,514",100% bearish,of 1 rating,$15
KIN,$5.91,1439911041162,"2,718",50% bullish,of 2 ratings,$6.25
KE,$11.82,1439911041210,"3,281",67% bearish,of 3 ratings,$16
KGJI,$0.7997,1439911041235,"67,092",89% bullish,of 9 ratings,N/A
KINS,$8.5,1439911041377,"5,063",100% bullish,of 1 rating,N/A
KONE,$4.17,1439911041558,"2,203",Not yet rated,NULL,N/A
KITE,$60.19,1439911041587,"237,149",88% bullish,of 8 ratings,$85
KIRK,$26.94,1439911041660,"16,697",50% bullish,of 2 ratings,$32
KLXI,$38.93,1439911041715,"51,626",100% bearish,of 1 rating,$49
KLAC,$51.04,1439911041741,"157,339",100% bearish,of 1 rating,$61.50
KONA,$20.56,1439911041767,"9,300",50% bullish,of 2 ratings,$28
KOSS,$2.46,1439911041965,"2,470",100% bearish,of 2 ratings,N/A
KOPN,$2.8708,1439911042030,"117,106",50% bullish,of 2 ratings,$4.50
KRNT,$13.16,1439911042066,"5,199",50% bullish,of 2 ratings,$18
KZ,$7.19,1439911042196,"26,182",60% bearish,of 5 ratings,N/A
KTOS,$4.745,1439911042224,"30,587",50% bullish,of 2 ratings,$8.50
KLIC,$10.28,1439911042255,"71,518",80% bullish,of 5 ratings,$13
KWEB,$33.41,1439911042281,"38,582",Not yet rated,NULL,N/A
KUTV,$0.7501,1439911042360,"4,000",50% bullish,of 2 ratings,N/A
KVHI,$11.07,1439911042429,"3,196",100% bearish,of 1 rating,$16
LJPC,$27.0951,1439911042698,"136,457",87% bullish,of 15 ratings,$32
KYTH,$74.92,1439911042723,"26,708",100% bullish,of 3 ratings,$66
FSTR,$19.21,1439911042749,"8,727",100% bearish,of 1 rating,$40.50
LSBK,$13.45,1439911042779,"6,272",Not yet rated,NULL,N/A
LSBG,$14.8601,1439911042883,100,Not yet rated,NULL,N/A
LBAI,$11.3,1439911042913,"4,214",Not yet rated,NULL,$13
LAMR,$57.85,1439911042989,"41,692",67% bullish,of 3 ratings,$61
LRCX,$72.72,1439911043049,"250,075",50% bullish,of 4 ratings,$95
LKFN,$42.3,1439911043234,"3,268",Not yet rated,NULL,$45
LAKE,$10.0083,1439911043317,"2,790",57% bullish,of 7 ratings,$19
LNDC,$13.035,1439911043399,"5,041",Not yet rated,NULL,$18
LANC,$94.45,1439911043449,"24,423",Not yet rated,NULL,$89
LARK,NULL,1439911043495,0,100% bearish,of 1 rating,N/A
LSTR,$70.43,1439911043630,"164,016",Not yet rated,NULL,$75
LMRK,$15.2101,1439911043685,"6,652",Not yet rated,NULL,$20
LE,$22.995,1439911043757,"17,092",50% bullish,of 2 ratings,$34
LNTH,$8.35,1439911043781,"32,218",100% bearish,of 1 rating,$10
LTRX,NULL,1439911043833,0,50% bullish,of 2 ratings,$3.355
LSCC,$4.01,1439911043858,"190,412",67% bullish,of 3 ratings,$7.50
LPSB,NULL,1439911043917,0,Not yet rated,NULL,$13.50
LAYN,$7.61,1439911044050,"32,453",100% bearish,of 1 rating,$8.75
LAWS,$25.3999,1439911044109,"3,200",100% bearish,of 1 rating,$31
LCNB,NULL,1439911044193,0,100% bearish,of 1 rating,$18
LBIX,NULL,1439911044278,0,100% bearish,of 1 rating,N/A
LDRH,$41.99,1439911044468,"34,503",100% bearish,of 1 rating,$47.50
LGCYO,$14.8299,1439911044493,"17,171",100% bearish,of 1 rating,N/A
LMAT,$14.04,1439911044552,"42,666",Not yet rated,NULL,$14
LGCY,$6.09,1439911044637,"192,064",100% bearish,of 2 ratings,$12
LGIH,$26.345,1439911044691,"48,633",67% bullish,of 3 ratings,$23
LGCYP,$14.3001,1439911044719,800,100% bearish,of 1 rating,N/A
LXRX,$10.7,1439911044746,"125,404",92% bullish,of 12 ratings,$16.50
LTXB,$28.95,1439911044774,"34,487",100% bullish,of 1 rating,$34.50
LHCG,$47.99,1439911044963,"8,975",100% bearish,of 1 rating,$48
LBRDK,$55.275,1439911044988,"21,985",100% bearish,of 1 rating,$56
TREE,$137,1439911045013,"59,785",67% bearish,of 3 ratings,$119
LBRDA,$56.13,1439911045268,"20,996",100% bearish,of 1 rating,$63
LBTYB,NULL,1439911045326,0,100% bearish,of 1 rating,N/A
LBTYA,$52.38,1439911045347,"120,130",50% bullish,of 2 ratings,$61.80
LVNTA,$42.08,1439911045430,"34,562",100% bearish,of 1 rating,$44.50
LVNTB,NULL,1439911045481,0,100% bearish,of 1 rating,N/A
LBTYK,$48.45,1439911045509,"253,827",50% bullish,of 2 ratings,N/A
LILA,$39.04,1439911045541,"20,787",Not yet rated,NULL,$50
LILAK,$38.435,1439911045641,"64,897",Not yet rated,NULL,$53
QVCA,$29.98,1439911045773,"368,622",100% bearish,of 1 rating,$35.92
QVCB,NULL,1439911045824,0,Not yet rated,NULL,N/A
LMCB,NULL,1439911045917,0,100% bearish,of 1 rating,N/A
LMCK,$37.705,1439911045954,"111,021",100% bearish,of 1 rating,$45
LMCA,$38.5,1439911045983,"52,926",67% bullish,of 3 ratings,$47
