Symbol,Price,Date,Volume,Rating,RatingVoteCount,OneYearEstimate
TFSCW,$0.3,1441743302172,"6,000",100% bearish,of 1 rating,N/A
TFSCU,NULL,1441743302201,0,Not yet rated,NULL,N/A
TFSC,NULL,1441743302254,0,100% bearish,of 1 rating,N/A
FCCY,$11.64,1441743302305,"1,132",100% bullish,of 1 rating,$13
PIH,$7.43,1441743302330,"1,037",100% bearish,of 1 rating,N/A
FLWS,$8.44,1441743302359,"281,409",80% bullish,of 5 ratings,$15
FCTY,$7.9,1441743302384,620,100% bullish,of 1 rating,$8.50
TFSCR,$0.3723,1441743302462,"1,000",Not yet rated,NULL,N/A
SRCE,$30.66,1441743302680,"21,569",100% bullish,of 3 ratings,$33
USLV,$12.97,1441743302712,"173,232",86% bullish,of 7 ratings,N/A
VNET,$18.3015,1441743302742,"396,319",60% bullish,of 5 ratings,$35
TWOU,$35.7643,1441743302877,"336,598",50% bullish,of 2 ratings,$39
DGLD,$82.99,1441743302905,"3,837",100% bullish,of 1 rating,N/A
UGLD,$8.97,1441743303063,"54,160",100% bearish,of 1 rating,N/A
DSLV,$66.69,1441743303090,"13,923",100% bearish,of 1 rating,N/A
JOBS,$26.51,1441743303131,"81,222",50% bullish,of 4 ratings,$36
SIXD,$3.29,1441743303511,"136,081",Not yet rated,NULL,N/A
AVHI,$13.56,1441743303537,"19,664",100% bearish,of 1 rating,$19
EGHT,$7.95,1441743303617,"279,260",82% bullish,of 17 ratings,$11
AAON,$19.71,1441743303671,"82,034",100% bearish,of 1 rating,$24
SHLM,$32.3,1441743303748,"132,626",100% bearish,of 1 rating,$47
CAFD,$14.2,1441743303879,"117,078",Not yet rated,NULL,$24.50
ABAX,$48.3365,1441743303927,"65,939",100% bearish,of 1 rating,$60
ABGB,$5.89,1441743303953,"77,005",67% bullish,of 3 ratings,$5.50
ABEO,$4.73,1441743304095,"43,134",50% bullish,of 4 ratings,$15.50
AXAS,$1.66,1441743304456,"986,518",78% bullish,of 9 ratings,$3.50
ABEOW,$1.7101,1441743304852,100,100% bullish,of 1 rating,N/A
ACTG,$9.1745,1441743305067,"295,006",67% bullish,of 3 ratings,$18.50
ACAD,$40.7308,1441743305198,"679,759",80% bullish,of 20 ratings,$48
ACHC,$73.9306,1441743305223,"261,120",50% bullish,of 2 ratings,$92
ABMD,$95.3796,1441743305535,"337,299",75% bullish,of 4 ratings,$100.50
XLRN,$31.3,1441743305892,"134,038",50% bullish,of 2 ratings,$57
ABY,$19.8503,1441743305922,"2,193,414",100% bearish,of 2 ratings,$46
VXDN,$1.9,1441743305962,"10,422",100% bearish,of 1 rating,N/A
ANCX,$20.27,1441743305988,"18,389",Not yet rated,NULL,$20
ACST,$0.3123,1441743306019,"21,438",100% bullish,of 2 ratings,N/A
AXDX,$17.36,1441743306046,"146,280",100% bearish,of 1 rating,N/A
ARAY,$6.57,1441743306074,"367,485",100% bearish,of 1 rating,$10.50
ACRX,$4.09,1441743306121,"552,374",67% bearish,of 6 ratings,$7
VXUP,$1.57,1441743306519,"32,375",100% bearish,of 1 rating,N/A
ACET,$22.91,1441743306651,"95,691",75% bullish,of 4 ratings,$30
ACHN,$7.9739,1441743306704,"4,038,631",90% bullish,of 21 ratings,$16
ACNB,$19.99,1441743306753,"2,220",Not yet rated,NULL,N/A
AKAO,$6.97,1441743306804,"44,623",75% bullish,of 4 ratings,$15
ATVI,$28.87,1441743306829,"5,938,767",67% bullish,of 84 ratings,$31.50
ACPW,$1.89,1441743306963,"37,736",100% bullish,of 4 ratings,$3.25
ACOR,$33.36,1441743306988,"201,306",67% bearish,of 3 ratings,$38.50
ACTS,$1.6,1441743307161,"14,264",100% bearish,of 1 rating,N/A
ACIW,$21.72,1441743307292,"208,762",67% bearish,of 3 ratings,$24
ACTA,$14.08,1441743307368,"65,164",67% bearish,of 3 ratings,$25
ADMP,$3.64,1441743307425,"15,650",50% bullish,of 2 ratings,$10
ACUR,$2.98,1441743307502,"9,592",100% bullish,of 5 ratings,$5
ACXM,$20.9,1441743307560,"146,444",67% bullish,of 3 ratings,N/A
ADAP,$11.21,1441743307590,"29,642",67% bullish,of 3 ratings,$22
ADMS,$19.5666,1441743307720,"58,456",100% bearish,of 2 ratings,$36
ADEP,$7.79,1441743308152,"53,252",50% bullish,of 2 ratings,$10.75
ADUS,$29.4756,1441743308198,"42,038",100% bearish,of 1 rating,$31
ADTN,$15.5,1441743308406,"323,362",67% bullish,of 3 ratings,$17.125
AEY,$2.38,1441743308436,"1,188",100% bearish,of 2 ratings,N/A
ADBE,$79.78,1441743308509,"1,597,369",61% bullish,of 18 ratings,$90
ADMA,$8.9,1441743308534,"9,265",Not yet rated,NULL,$19
ADXSW,$10.15,1441743308727,850,100% bullish,of 1 rating,N/A
AMD,$1.88,1441743308759,"4,381,806",83% bullish,of 103 ratings,$2
YPRO,$22.96,1441743308859,"10,671",100% bearish,of 1 rating,N/A
ADXS,$13.8948,1441743308885,"453,975",64% bullish,of 14 ratings,$27
ADRO,$19.24,1441743308916,"232,735",80% bullish,of 5 ratings,$45.50
MULT,NULL,1441743309015,0,100% bearish,of 1 rating,N/A
AEGN,$18.12,1441743309042,"134,576",100% bearish,of 2 ratings,$21
AEIS,$24.7,1441743309244,"218,728",50% bullish,of 2 ratings,$32.50
AEGR,$18.05,1441743309269,"237,785",50% bullish,of 6 ratings,$26
AERI,$16.43,1441743309592,"376,741",75% bullish,of 4 ratings,$31.50
AMTX,$3.05,1441743309618,"10,306",50% bullish,of 2 ratings,N/A
AEHR,$2.28,1441743309755,260,50% bullish,of 2 ratings,N/A
AVAV,$20.57,1441743309842,"150,510",50% bullish,of 4 ratings,$28
AEPI,$61.2015,1441743309889,"33,909",100% bearish,of 1 rating,N/A
AEZS,$0.0783,1441743309914,"10,092,802",90% bullish,of 21 ratings,$1.50
AFFX,$9.4033,1441743310041,"436,017",80% bullish,of 5 ratings,$12.50
AFMD,$10.47,1441743310068,"140,092",50% bullish,of 4 ratings,$15
AGEN,$7.0531,1441743310143,"457,171",85% bullish,of 13 ratings,$14
AEMD,$7.24,1441743310203,"84,501",Not yet rated,NULL,$27.50
AGRX,$8.71,1441743310335,"72,266",100% bearish,of 1 rating,$17.50
AGYS,$9.56,1441743310384,"17,640",100% bearish,of 1 rating,N/A
AGFS,$10.3,1441743310522,"114,359",100% bearish,of 1 rating,N/A
AGIO,$88.5564,1441743310548,"209,849",88% bullish,of 8 ratings,$114
AGFSW,$2.25,1441743310836,"11,400",100% bearish,of 2 ratings,N/A
AIRT,$22.89,1441743311045,"3,045",100% bullish,of 1 rating,N/A
ATSG,$8.8683,1441743311071,"134,019",67% bullish,of 3 ratings,$13
AIRM,$36.76,1441743311092,"218,613",80% bearish,of 5 ratings,$53
AIMT,$22.82,1441743311523,"172,347",Not yet rated,NULL,$35.50
AKRX,$39.92,1441743311550,"426,439",78% bullish,of 9 ratings,$56
AIXG,$6.91,1441743311571,"32,190",67% bearish,of 3 ratings,$5.25
ALRM,$16.22,1441743311606,"130,828",100% bearish,of 1 rating,$22
AKER,$2.79,1441743311634,"3,630",Not yet rated,NULL,N/A
AKBA,$10.61,1441743311704,"250,329",100% bearish,of 1 rating,$18
AMCN,$4.63,1441743311764,"252,504",83% bullish,of 6 ratings,N/A
AMRI,$20.65,1441743311956,"195,500",75% bearish,of 4 ratings,$24
ALDX,$7.16,1441743312364,"14,150",100% bearish,of 1 rating,$14.50
ALXN,$176.88,1441743312393,"1,049,740",88% bullish,of 8 ratings,$223.50
ADHD,$7.83,1441743312418,"115,834",50% bullish,of 4 ratings,$18
ABDC,$12.87,1441743312498,"32,223",Not yet rated,NULL,$15
ALGN,$55.4,1441743312782,"402,000",100% bearish,of 2 ratings,$73
ALCO,$41.92,1441743312927,"14,091",50% bullish,of 2 ratings,N/A
ALGT,$209.7149,1441743313071,"81,268",100% bearish,of 2 ratings,$235
ALIM,$2.96,1441743313227,"113,119",80% bullish,of 5 ratings,$10
ALKS,$67.2995,1441743313260,"705,186",67% bullish,of 3 ratings,$75
ALLB,$23.33,1441743313425,320,Not yet rated,NULL,N/A
AIQ,$14.69,1441743313694,"10,543",67% bullish,of 3 ratings,N/A
AHGP,$35.81,1441743314142,"30,643",67% bullish,of 3 ratings,N/A
ARLP,$25.07,1441743314173,"86,542",67% bearish,of 3 ratings,$32
AHPI,$1.46,1441743314305,14,50% bullish,of 2 ratings,N/A
AMOT,$17.8895,1441743314800,"116,298",100% bearish,of 1 rating,N/A
ALLT,$5.16,1441743314828,"32,232",75% bullish,of 4 ratings,$6.25
ALQA,$4.45,1441743314853,"10,292",75% bullish,of 4 ratings,$8.50
MDRX,$13.36,1441743315290,"2,390,480",60% bullish,of 5 ratings,$16
ALNY,$102.2683,1441743315423,"525,485",67% bullish,of 3 ratings,$151.50
AFAM,$45.32,1441743315482,"53,938",50% bullish,of 2 ratings,$44
AOSL,$8.31,1441743315844,"34,105",67% bullish,of 3 ratings,$9
SMCP,$23.4,1441743316021,850,Not yet rated,NULL,N/A
ATEC,$0.522,1441743316107,"144,559",100% bullish,of 1 rating,$2
ALTR,$50.2,1441743316275,"4,016,219",67% bearish,of 6 ratings,$54
AKAM,$74.28,1441743316419,"1,204,944",63% bullish,of 8 ratings,$77.50
AIMC,$23.75,1441743316744,"95,489",100% bearish,of 2 ratings,$28.50
ASPS,$26.4986,1441743316772,"143,247",67% bullish,of 3 ratings,$46.50
AMAG,$61.3088,1441743316960,"397,315",100% bullish,of 2 ratings,$75
AMRN,$2.38,1441743317007,"889,227",85% bullish,of 40 ratings,$8
AMRK,$10.88,1441743317343,"51,354",50% bullish,of 2 ratings,$14
ALSK,$2.29,1441743317476,"97,856",78% bullish,of 18 ratings,$2
AMZN,$517.49,1441743317501,"2,181,974",81% bullish,of 269 ratings,$646
AYA,$20.87,1441743317772,"12,821",100% bearish,of 1 rating,$40
AMBA,$72.8,1441743317860,"1,777,667",71% bullish,of 14 ratings,$102.50
AMBC,$16.3783,1441743317919,"321,101",100% bearish,of 1 rating,$16.50
AMBCW,NULL,1441743317991,0,100% bearish,of 1 rating,N/A
EPAX,$2.71,1441743318243,"64,886",100% bearish,of 1 rating,N/A
DOX,$57.1028,1441743318412,"578,809",67% bearish,of 3 ratings,$60
AMDA,$0.415,1441743318624,"3,338,859",90% bullish,of 10 ratings,$1
AMED,$41.36,1441743318654,"200,145",100% bearish,of 1 rating,$42
UHAL,$374.8,1441743318756,"22,696",100% bullish,of 2 ratings,$393.50
ALXA,$1.4,1441743318838,"58,990",83% bullish,of 6 ratings,$2.125
ASBI,$23.15,1441743318901,"11,879",Not yet rated,NULL,N/A
ALDR,$42.0285,1441743319095,"306,055",67% bearish,of 3 ratings,$62
AAL,$40.8,1441743319127,"6,621,568",93% bullish,of 88 ratings,$57
ATAX,$5.29,1441743319156,"71,644",100% bullish,of 1 rating,$6.50
AMOV,$17.95,1441743319227,"1,238",100% bearish,of 1 rating,N/A
AGNC,$19.09,1441743319253,"2,276,730",71% bullish,of 28 ratings,$22
AGNCB,$24.3,1441743319410,"7,154",Not yet rated,NULL,N/A
AGNCP,$25.4,1441743319708,"3,451",Not yet rated,NULL,N/A
AFOP,$19.0815,1441743319946,"141,109",75% bullish,of 8 ratings,$21
MTGE,$15.21,1441743319989,"287,192",75% bullish,of 4 ratings,$19.50
ACSF,$12.21,1441743320020,"8,694",100% bearish,of 1 rating,$15
AMCX,$74.54,1441743320125,"594,187",67% bullish,of 3 ratings,$87.50
AMNB,$23.26,1441743320285,"18,358",Not yet rated,NULL,$25.50
ACAS,$13.9526,1441743320438,"1,350,233",60% bullish,of 5 ratings,$16.75
AETI,$3,1441743320463,"5,341",67% bearish,of 3 ratings,N/A
ANCI,$1.22,1441743320834,"9,543",100% bearish,of 1 rating,N/A
MTGEP,$24.3899,1441743320932,"1,175",Not yet rated,NULL,N/A
AMIC,$9.76,1441743321024,306,100% bearish,of 1 rating,N/A
ANAT,$98.2739,1441743321112,"58,451",100% bullish,of 1 rating,N/A
AMRB,$10.01,1441743321197,"4,421",Not yet rated,NULL,$11
APEI,$22.33,1441743321241,"43,819",100% bearish,of 1 rating,$25.50
ASEI,$38.96,1441743321266,"26,740",100% bearish,of 1 rating,$52.50
ARII,$40.5426,1441743321324,"189,878",67% bearish,of 3 ratings,$45
AMSWA,$9.1,1441743321519,"30,861",100% bearish,of 2 ratings,$10.75
AMWD,$68.68,1441743321657,"101,074",50% bullish,of 2 ratings,$70
AMSC,$5.2,1441743321685,"52,837",50% bullish,of 4 ratings,N/A
ASRVP,NULL,1441743322049,0,Not yet rated,NULL,N/A
AMSF,$47.19,1441743322077,"25,699",Not yet rated,NULL,$57.50
CRMT,$35.34,1441743322102,"15,294",100% bearish,of 1 rating,$38
ABCB,$27.6907,1441743322261,"71,703",Not yet rated,NULL,$31
ASRV,$3.22,1441743322289,"4,292",100% bullish,of 2 ratings,N/A
AMGN,$152.8513,1441743322322,"3,116,438",89% bullish,of 19 ratings,$185
ATLO,$23.24,1441743322358,"10,390",Not yet rated,NULL,N/A
FOLD,$16.9454,1441743322431,"1,463,951",56% bullish,of 9 ratings,$21
AMPH,$14.1332,1441743322562,"170,626",50% bullish,of 2 ratings,$20
AMKR,$5.52,1441743322592,"827,252",100% bearish,of 2 ratings,$5
AMSGP,$140.55,1441743322768,147,Not yet rated,NULL,N/A
AMSG,$80.98,1441743322793,"260,791",100% bearish,of 1 rating,$85.50
AMRS,$1.78,1441743322936,"144,239",70% bullish,of 10 ratings,N/A
AFSI,$58.7213,1441743323031,"317,081",60% bullish,of 5 ratings,$72
ANAC,$135.1985,1441743323056,"238,059",80% bullish,of 5 ratings,$180.50
ASYS,$5.28,1441743323198,"23,066",67% bullish,of 3 ratings,$12
ANAD,$0.28,1441743323257,"457,482",100% bullish,of 2 ratings,$.50
ALOG,$82.57,1441743323388,"50,843",100% bearish,of 2 ratings,$100.50
ANCB,$21.77,1441743323450,"5,369",Not yet rated,NULL,$23
ABCW,$42,1441743323477,"25,510",67% bullish,of 3 ratings,N/A
AMCF,NULL,1441743323606,0,NULL,NULL,NULL
ADI,$57.73,1441743323637,"2,444,426",75% bullish,of 4 ratings,$69
ANGI,$5.21,1441743323739,"305,928",64% bullish,of 11 ratings,$5.50
ANGO,$14.52,1441743323886,"49,295",67% bullish,of 3 ratings,$19
ATRS,$1.82,1441743323991,"326,351",92% bullish,of 12 ratings,$4.50
ANTH,$7.4671,1441743324179,"412,366",80% bullish,of 10 ratings,$13
ANIP,$53.95,1441743324225,"87,289",89% bullish,of 19 ratings,$66
ANIK,$36.47,1441743324254,"65,839",60% bullish,of 5 ratings,$51.25
ANSS,$92.47,1441743324283,"249,085",100% bearish,of 1 rating,$100
ATNY,$2.39,1441743324313,"14,187",50% bullish,of 2 ratings,$3.75
APOG,$54.121,1441743324413,"87,269",50% bullish,of 2 ratings,$67
APIC,$8,1441743324440,"118,868",100% bearish,of 1 rating,$19
ABAC,$0.79,1441743324626,"1,060",100% bearish,of 1 rating,N/A
APOL,$11.44,1441743324654,"857,354",87% bearish,of 68 ratings,$14
AINV,$6.491,1441743324832,"646,300",50% bullish,of 4 ratings,$8
APPF,$16.84,1441743324913,"54,065",50% bullish,of 2 ratings,$22
ARCI,$1.18,1441743324999,"5,438",Not yet rated,NULL,N/A
AAPL,$112.17,1441743325053,"34,339,352",86% bullish,of 2368 ratings,$150
APDNW,$1.5,1441743325214,"14,435",Not yet rated,NULL,N/A
AGTC,$16.96,1441743325346,"31,340",50% bullish,of 2 ratings,$33
APDN,$3.525,1441743325405,"41,933",Not yet rated,NULL,$9
AMCC,$5.8884,1441743325430,"344,986",80% bullish,of 5 ratings,$8
AAOI,$21.66,1441743325490,"204,461",50% bullish,of 4 ratings,$26
AREX,$2.58,1441743325525,"908,203",50% bullish,of 2 ratings,$3
APRI,$1.71,1441743325625,"181,562",83% bullish,of 6 ratings,$4.86
AMAT,$15.727,1441743325683,"9,190,756",82% bullish,of 11 ratings,$23
APTO,$5.38,1441743325760,"5,714",Not yet rated,NULL,$17
AQMS,$5.07,1441743325910,"13,856",Not yet rated,NULL,N/A
AUMA,NULL,1441743326102,0,Not yet rated,NULL,N/A
AQXP,$14.98,1441743326152,"158,193",67% bearish,of 3 ratings,$2
PETX,$17.7125,1441743326177,"150,452",100% bearish,of 2 ratings,$26
ARDM,$7.3,1441743326230,"1,134",100% bullish,of 1 rating,$26
AUMAU,NULL,1441743326332,0,Not yet rated,NULL,N/A
ABUS,$7.0461,1441743326359,"211,974",86% bullish,of 14 ratings,$21.50
AUMAW,NULL,1441743326415,0,Not yet rated,NULL,N/A
ACGL,$69.65,1441743326711,"492,882",50% bullish,of 2 ratings,$72
ABIO,$6.62,1441743326764,"119,142",50% bullish,of 2 ratings,$26.242
ACAT,$25.19,1441743326842,"184,922",100% bearish,of 3 ratings,$33
RKDA,$5.46,1441743326895,"27,042",100% bearish,of 2 ratings,$10
ARCB,$29.3237,1441743326933,"94,696",67% bearish,of 3 ratings,$39.50
ARNA,$2.76,1441743327074,"1,101,255",90% bullish,of 78 ratings,$5.50
ARDX,$20.46,1441743327099,"196,888",50% bullish,of 2 ratings,$24.50
ARCC,$15.5803,1441743327230,"1,014,664",67% bearish,of 3 ratings,$17.75
AGIIL,$25.36,1441743327307,"5,758",Not yet rated,NULL,N/A
ARGS,$6.22,1441743327437,"22,805",50% bullish,of 2 ratings,$19.50
ARCW,$3.21,1441743327463,"21,254",100% bearish,of 2 ratings,$10.50
AGII,$54.91,1441743327488,"63,463",Not yet rated,NULL,$59.50
ARIA,$7.955,1441743327516,"2,716,416",87% bullish,of 46 ratings,$9
ARIS,$3.74,1441743327543,"14,901",Not yet rated,NULL,$4.50
ARMH,$44.37,1441743327771,"1,117,539",54% bearish,of 13 ratings,$60
ARWA,NULL,1441743327834,0,Not yet rated,NULL,N/A
ARKR,$25,1441743327916,"6,482",50% bullish,of 2 ratings,N/A
ARWAU,NULL,1441743328009,0,100% bullish,of 1 rating,N/A
ARWAR,NULL,1441743328033,0,Not yet rated,NULL,N/A
ARTX,$1.37,1441743328085,"83,733",88% bullish,of 16 ratings,$4.50
ARWAW,NULL,1441743328233,0,Not yet rated,NULL,N/A
ARQL,$1.7,1441743328435,"98,135",75% bullish,of 4 ratings,$5
DWAT,$9.77,1441743328489,"8,710",100% bearish,of 1 rating,N/A
ARRS,$26.73,1441743328512,"701,721",50% bullish,of 2 ratings,$38
AROW,$27.27,1441743328565,"10,014",Not yet rated,NULL,N/A
ARWR,$5.48,1441743328645,"766,772",75% bullish,of 4 ratings,$10.50
ARTNA,$21.62,1441743328827,"12,214",100% bearish,of 1 rating,$29
ARTW,$3.97,1441743328887,607,75% bearish,of 4 ratings,N/A
ASBB,$25.2,1441743328911,124,Not yet rated,NULL,N/A
ASND,$19.79,1441743329101,"20,288",50% bullish,of 2 ratings,$30
ASCMA,$28.51,1441743329127,"85,125",100% bearish,of 1 rating,$45
ARRY,$5.87,1441743329200,"1,005,965",100% bullish,of 7 ratings,$10
ASTI,$0.2494,1441743329259,"3,066,534",83% bullish,of 6 ratings,$3
ASMI,NULL,1441743329282,0,NULL,NULL,NULL
APWC,$1.75,1441743329408,306,100% bearish,of 1 rating,N/A
AZPN,$39.4274,1441743329515,"357,150",50% bullish,of 2 ratings,$42
ASML,$93.88,1441743329555,"407,735",50% bullish,of 4 ratings,$127
ASMB,$13.66,1441743329580,"34,905",67% bullish,of 3 ratings,N/A
ASFI,$8.7,1441743329826,"5,400",100% bullish,of 1 rating,N/A
ASTE,$37.99,1441743329851,"131,825",100% bearish,of 1 rating,$49
ALOT,$13.91,1441743329988,722,100% bearish,of 1 rating,N/A
ATRO,$50.49,1441743330087,"94,006",100% bearish,of 2 ratings,$80
ASUR,$5.67,1441743330113,"6,656",50% bullish,of 2 ratings,$8
ASTC,$2.3,1441743330274,"23,192",100% bullish,of 5 ratings,N/A
ATAI,$2.31,1441743330301,"14,842",100% bearish,of 1 rating,N/A
ATRA,$43.76,1441743330363,"137,559",50% bullish,of 2 ratings,$68
AFCB,NULL,1441743330387,0,Not yet rated,NULL,N/A
ATHN,$135.6602,1441743330431,"266,485",67% bearish,of 3 ratings,$153
AAPC,$10.1,1441743330528,400,Not yet rated,NULL,N/A
ATHX,$1.18,1441743330626,"134,078",89% bullish,of 9 ratings,$5
ATNI,$73.69,1441743330846,"39,252",100% bearish,of 1 rating,$69.50
ACFC,$5.57,1441743330921,"10,238",100% bearish,of 1 rating,$6.50
ATLC,$3.85,1441743330948,"4,322",67% bullish,of 3 ratings,N/A
AAME,$3.53,1441743330983,"1,770",Not yet rated,NULL,N/A
AAWW,$38.86,1441743331239,"152,775",50% bullish,of 2 ratings,$65
ATRI,$380.37,1441743331492,"5,766",Not yet rated,NULL,N/A
ATRC,$24.34,1441743331635,"114,882",100% bullish,of 1 rating,$30
AFH,$16.11,1441743331861,"55,480",Not yet rated,NULL,$21.50
ATML,$8.08,1441743331938,"2,903,225",78% bullish,of 9 ratings,$9.50
ATOS,$0.88,1441743332141,"97,002",100% bullish,of 7 ratings,$7
ASNA,$12.3,1441743332246,"2,401,089",50% bullish,of 2 ratings,$17.50
ATTU,$13.33,1441743332311,"9,316",100% bearish,of 1 rating,$20.50
ATRM,$2.99,1441743332380,423,50% bullish,of 2 ratings,N/A
LIFE,$15.71,1441743332412,"32,597",86% bullish,of 7 ratings,$43
AUBN,$26.99,1441743332442,828,Not yet rated,NULL,N/A
AUPH,$3.44,1441743332538,"10,481",100% bearish,of 1 rating,$8
EARS,$4.445,1441743332568,"69,010",100% bearish,of 2 ratings,$8.49
AUDC,$3.24,1441743332593,"28,850",80% bullish,of 5 ratings,$5
AVGO,$129.16,1441743332941,"2,165,004",88% bullish,of 8 ratings,$165
ADSK,$46.81,1441743332970,"2,795,812",67% bullish,of 6 ratings,$66
ADP,$78.2,1441743333000,"1,374,129",100% bearish,of 1 rating,$88
ABTL,$19.19,1441743333074,"60,788",100% bullish,of 4 ratings,$20.25
AAVL,$10.529,1441743333099,"336,708",100% bearish,of 1 rating,$20
AVNU,$13,1441743333145,"8,576",Not yet rated,NULL,$14
AVEO,$1.37,1441743333363,"329,716",75% bullish,of 8 ratings,$3
AVID,$8.6995,1441743333434,"203,929",100% bearish,of 1 rating,$20
AWRE,$3.22,1441743333514,"7,427",67% bullish,of 3 ratings,N/A
CAR,$43.5351,1441743333562,"847,747",67% bullish,of 6 ratings,$60
AVGR,$15.93,1441743333602,"35,963",100% bearish,of 1 rating,$20
ACLS,$3.445,1441743333644,"1,351,468",67% bullish,of 6 ratings,$4.75
AVNW,$1.22,1441743333672,"32,274",50% bullish,of 2 ratings,N/A
AXPW,$1.86,1441743333864,"407,745",86% bullish,of 7 ratings,N/A
AXPWW,$0.95,1441743333962,45,Not yet rated,NULL,N/A
AXGN,$4.88,1441743334215,"69,277",Not yet rated,NULL,$5
AXTI,$2.14,1441743334246,"20,758",50% bullish,of 2 ratings,$2.75
RILY,NULL,1441743334346,0,Not yet rated,NULL,N/A
BEAV,$50,1441743334389,"396,683",67% bearish,of 3 ratings,$59
BCOM,$19.52,1441743334562,109,100% bearish,of 1 rating,N/A
BOSC,$2.29,1441743334587,"31,564",50% bullish,of 2 ratings,N/A
BIDU,$148.18,1441743334613,"2,778,053",81% bullish,of 88 ratings,$210
BCPC,$57.55,1441743334748,"61,388",100% bearish,of 1 rating,$75
BWINA,$22.88,1441743334786,291,Not yet rated,NULL,N/A
BWINB,$22.45,1441743334936,"13,103",Not yet rated,NULL,N/A
BANF,$60.88,1441743334962,"11,020",Not yet rated,NULL,$68
BANFP,$26.859,1441743335101,110,Not yet rated,NULL,N/A
BLDP,$1.35,1441743335198,"152,572",91% bullish,of 22 ratings,$2.50
BKMU,$7.11,1441743335402,"69,142",Not yet rated,NULL,$8
BOCH,$5.79,1441743335427,"14,189",Not yet rated,NULL,$6.50
BFIN,$12.14,1441743335626,"29,127",Not yet rated,NULL,$13
BKSC,$16.5,1441743335673,"12,298",Not yet rated,NULL,N/A
BMRC,$48.67,1441743335701,"4,255",Not yet rated,NULL,$52
BWFG,$18.02,1441743335835,"7,605",100% bearish,of 1 rating,N/A
OZRK,$42.13,1441743335867,"313,477",67% bullish,of 3 ratings,$49.50
BOTJ,$10.95,1441743335890,"1,887",Not yet rated,NULL,N/A
BANR,$44.77,1441743335966,"51,676",100% bullish,of 3 ratings,$50
BZUN,$5.34,1441743336139,"71,648",50% bullish,of 2 ratings,$11.50
TAPR,$33.44,1441743336164,365,100% bearish,of 1 rating,N/A
BHAC,NULL,1441743336337,0,Not yet rated,NULL,N/A
BHACR,NULL,1441743336371,0,Not yet rated,NULL,N/A
BHACU,NULL,1441743336473,0,Not yet rated,NULL,N/A
BHACW,NULL,1441743336579,0,Not yet rated,NULL,N/A
BYBK,$5.14,1441743336679,"15,600",100% bearish,of 1 rating,N/A
BBSI,$34.7912,1441743336782,"33,473",67% bearish,of 3 ratings,$62.50
BV,$5.09,1441743336809,"388,843",67% bullish,of 6 ratings,$8.75
BSET,$30.21,1441743336834,"44,876",100% bearish,of 1 rating,$35
BYLK,$12.89,1441743336859,"10,081",Not yet rated,NULL,$14
BCBP,$11.54,1441743337022,561,Not yet rated,NULL,N/A
BBCN,$14.62,1441743337095,"288,222",100% bearish,of 1 rating,$16
BDCV,$4.85,1441743337152,"5,039",100% bearish,of 1 rating,$10.19
BSF,$8.79,1441743337255,"16,487",Not yet rated,NULL,N/A
BBGI,$4.19,1441743337412,"2,519",100% bearish,of 1 rating,N/A
BECN,$36.24,1441743337479,"265,839",50% bullish,of 2 ratings,$40
BBBY,$63.33,1441743337548,"1,055,579",71% bullish,of 7 ratings,$75
BELFB,$18.38,1441743337649,"27,209",100% bearish,of 1 rating,N/A
BELFA,$15.34,1441743337675,"1,915",100% bearish,of 1 rating,N/A
BEBE,$1.19,1441743337714,"258,621",75% bullish,of 4 ratings,$2.125
BLPH,$4.29,1441743337743,"20,744",100% bearish,of 1 rating,$12.50
BLCM,$16.6982,1441743337842,"199,147",50% bullish,of 4 ratings,$40
BNCL,$12.72,1441743338079,"552,930",100% bullish,of 3 ratings,$12.50
BGMD,$0.64,1441743338163,"354,943",100% bullish,of 10 ratings,N/A
BNFT,$36.2257,1441743338220,"66,282",67% bullish,of 3 ratings,$46
BNTC,$7.3,1441743338286,"4,211",100% bullish,of 1 rating,N/A
BGCP,$8.9962,1441743338416,"1,037,335",88% bullish,of 8 ratings,$14
BIND,$4.95,1441743338441,"59,073",75% bullish,of 4 ratings,$13.50
BGFV,$11.51,1441743338466,"132,657",57% bullish,of 7 ratings,$12
ORPN,$5.66,1441743338596,"6,310",100% bullish,of 1 rating,$28.50
BCRX,$11.9957,1441743338647,"412,986",63% bullish,of 8 ratings,$18
BIOD,$0.75,1441743338834,"57,030",80% bullish,of 5 ratings,$4
BDSI,$6.66,1441743338863,"608,290",88% bullish,of 8 ratings,$17
BASI,$1.63,1441743338941,425,Not yet rated,NULL,N/A
BCDA,NULL,1441743338996,0,Not yet rated,NULL,N/A
BIOC,$2.17,1441743339088,"319,634",83% bullish,of 6 ratings,$3.85
BIIB,$308.74,1441743339278,"1,049,663",88% bullish,of 16 ratings,$400
BIOL,$1.56,1441743339311,"16,649",Not yet rated,NULL,N/A
BMRN,$132.4904,1441743339461,"528,394",80% bullish,of 5 ratings,$160
BLRX,$1.735,1441743339492,"148,279",100% bullish,of 12 ratings,$5
BLFS,$2.37,1441743339531,"72,807",50% bullish,of 2 ratings,$4.75
BRLI,NULL,1441743339628,0,NULL,NULL,NULL
BPTH,$1.15,1441743339722,"42,234",100% bullish,of 2 ratings,$5
BVXVW,$0.88,1441743339752,"4,800",100% bearish,of 1 rating,N/A
BVXV,$4.11,1441743339801,"109,068",Not yet rated,NULL,N/A
BIOS,$2.51,1441743339897,"530,361",71% bullish,of 7 ratings,$4
BBP,$33.13,1441743340046,"5,297",Not yet rated,NULL,N/A
BBC,$32.83,1441743340071,"12,691",Not yet rated,NULL,N/A
BOTA,$2.13,1441743340298,"24,129",88% bullish,of 8 ratings,N/A
BSPM,$0.64,1441743340395,"2,710",50% bullish,of 2 ratings,N/A
BITI,$17.175,1441743340471,"37,490",100% bullish,of 1 rating,$28
BDMS,$12.72,1441743340496,106,100% bearish,of 1 rating,N/A
BSTC,$50.0351,1441743340522,"47,595",100% bearish,of 1 rating,$76
BEAT,$16.11,1441743340576,"565,191",67% bearish,of 3 ratings,$15
TECH,$94.37,1441743340649,"202,407",100% bullish,of 1 rating,$117
BJRI,$45.79,1441743340828,"176,334",50% bullish,of 2 ratings,$55
BBOX,$14.6,1441743340856,"62,628",100% bearish,of 1 rating,N/A
BBRY,$7.3957,1441743340985,"2,484,643",61% bullish,of 331 ratings,$9
BLKB,$58.3151,1441743341010,"95,229",100% bearish,of 2 ratings,$66
BDE,$7.35,1441743341067,"59,288",50% bullish,of 2 ratings,$9
HAWK,$40.3269,1441743341283,"308,678",91% bullish,of 11 ratings,$49
ADRD,$21.83,1441743341464,"3,437",100% bearish,of 1 rating,N/A
ADRE,$29.16,1441743341533,"6,324",100% bearish,of 1 rating,N/A
ADAT,$0.335,1441743341563,"259,791",100% bullish,of 2 ratings,N/A
BKCC,$9.4805,1441743341669,"179,079",50% bullish,of 2 ratings,$10
ADRA,$26.66,1441743341705,"1,621",100% bearish,of 1 rating,N/A
BLMN,$20.92,1441743341952,"515,969",83% bullish,of 6 ratings,$27.50
BCOR,$13.29,1441743342025,"178,035",57% bullish,of 7 ratings,$15
BLBD,$11.49,1441743342053,"18,244",Not yet rated,NULL,N/A
BBLU,$0.875,1441743342124,"84,301",100% bullish,of 2 ratings,$4.43
ADRU,$21.55,1441743342183,"1,908",100% bearish,of 1 rating,N/A
BUFF,$23.04,1441743342255,"963,848",77% bullish,of 13 ratings,$31.50
BHBK,$14.12,1441743342281,"26,114",100% bullish,of 1 rating,$14.50
NILE,$33.44,1441743342523,"46,284",50% bullish,of 2 ratings,$34
BPMC,$29.86,1441743342630,"51,061",50% bullish,of 2 ratings,$47.50
BKEP,$6.48,1441743342711,"16,665",100% bearish,of 1 rating,$8.50
BOFI,$116.7024,1441743342844,"223,140",100% bullish,of 6 ratings,$144
WIFI,$7.7754,1441743342873,"203,024",50% bullish,of 2 ratings,$13.50
BOBE,$46.16,1441743342912,"251,331",75% bullish,of 4 ratings,$57
BKEPP,$7.81,1441743342972,"4,120",100% bearish,of 1 rating,N/A
BNCN,$21.55,1441743343119,"49,112",Not yet rated,NULL,$24
BOJA,$21.13,1441743343148,"54,567",100% bullish,of 1 rating,$30
BOKF,$63.57,1441743343223,"100,044",100% bearish,of 1 rating,$69
BNSO,$1.27,1441743343294,"2,163",100% bearish,of 1 rating,N/A
BAMM,$3.21,1441743343362,"3,036",60% bullish,of 5 ratings,N/A
BONA,$11.34,1441743343490,"116,591",75% bullish,of 4 ratings,$8.50
BPFHP,$25.34,1441743343593,"4,100",100% bearish,of 1 rating,N/A
BPFH,$12.0044,1441743343629,"286,603",100% bearish,of 1 rating,$14
EPAY,$26.58,1441743343836,"116,937",100% bearish,of 2 ratings,$30
BPFHW,NULL,1441743343861,0,100% bearish,of 1 rating,N/A
BCLI,$3.21,1441743344002,"67,121",80% bullish,of 5 ratings,$12
BBEPP,$14.7,1441743344079,"33,867",50% bullish,of 2 ratings,N/A
BBRG,$12.52,1441743344140,"48,432",67% bullish,of 3 ratings,$14.50
BDBD,$8.38,1441743344209,"377,011",60% bullish,of 5 ratings,$10
BBEP,$2.78,1441743344307,"1,140,066",69% bullish,of 13 ratings,$5.625
BLIN,$1.57,1441743344334,"46,278",50% bullish,of 2 ratings,$2.20
BDGE,$26.82,1441743344582,"22,741",Not yet rated,NULL,$31.75
BRID,$8.6,1441743344606,408,100% bearish,of 1 rating,N/A
BCOV,$5.18,1441743344787,"44,302",67% bullish,of 3 ratings,$10.20
BSFT,$32.7324,1441743344812,"116,224",57% bullish,of 7 ratings,$40.50
BRCM,$52.45,1441743344837,"1,663,441",69% bullish,of 13 ratings,$56
BYFC,$1.43,1441743345040,"1,770",50% bullish,of 2 ratings,N/A
BRKL,$10.57,1441743345214,"211,504",100% bearish,of 1 rating,$12
BRKS,$10.46,1441743345247,"96,101",67% bullish,of 3 ratings,$15.25
BVSN,$6.05,1441743345274,"1,941",60% bearish,of 5 ratings,N/A
BMTC,$29.85,1441743345349,"120,440",Not yet rated,NULL,$34
BRCD,$10.3057,1441743345378,"1,617,682",92% bullish,of 13 ratings,$12
BWEN,$3.24,1441743345404,"24,310",75% bullish,of 4 ratings,$8
BRKR,$18.0683,1441743345479,"525,966",100% bearish,of 2 ratings,$22
BLMT,$21.23,1441743345667,"10,628",Not yet rated,NULL,N/A
BWLD,$201.7,1441743345914,"227,962",82% bullish,of 11 ratings,$205
BSQR,$6.39,1441743346107,"115,230",67% bullish,of 3 ratings,N/A
BUR,$1.78,1441743346262,"8,251",100% bearish,of 1 rating,$8
BLDR,$15.6942,1441743346290,"896,653",67% bullish,of 3 ratings,$22
CFFI,$36.31,1441743346311,520,100% bearish,of 1 rating,N/A
CA,$28.08,1441743346333,"2,475,710",50% bullish,of 4 ratings,$33
CHRW,$68.6844,1441743346467,"1,076,909",Not yet rated,NULL,$72
CDZI,$7.9,1441743346573,"27,043",100% bearish,of 1 rating,N/A
CDNS,$20.85,1441743346706,"1,607,096",75% bullish,of 4 ratings,$22.50
CCMP,$42.78,1441743346740,"72,334",50% bullish,of 2 ratings,$59
CACQ,$7.28,1441743346840,"149,185",100% bearish,of 1 rating,$12.25
CZR,$9.6,1441743346871,"620,015",60% bearish,of 5 ratings,$10.50
CSTE,$40.1113,1441743346899,"236,749",50% bullish,of 2 ratings,$65
PRSS,$4.29,1441743346924,"47,226",80% bullish,of 5 ratings,$4.50
CLBS,$1.84,1441743347351,"113,042",79% bullish,of 14 ratings,$4
CHY,$10.99,1441743347437,"284,110",Not yet rated,NULL,N/A
CHI,$10.29,1441743347493,"234,321",100% bearish,of 1 rating,N/A
CLMS,$9.85,1441743347522,"72,070",Not yet rated,NULL,$10.50
CCD,$19.26,1441743347703,"85,761",Not yet rated,NULL,N/A
CHW,$7.43,1441743347764,"248,781",100% bearish,of 1 rating,N/A
CGO,$12,1441743347853,"15,494",100% bearish,of 1 rating,N/A
CFGE,$10.52,1441743347879,16,Not yet rated,NULL,N/A
CSQ,$9.71,1441743347907,"313,302",Not yet rated,NULL,N/A
CAMP,$16.22,1441743347935,"197,927",88% bullish,of 8 ratings,$25
CVGW,$49.67,1441743348013,"98,779",50% bullish,of 2 ratings,$58
CALA,$6.44,1441743348255,"305,702",67% bullish,of 3 ratings,$19.50
CALD,$16.91,1441743348398,"421,077",100% bearish,of 1 rating,$21
CLMT,$25.83,1441743348626,"153,533",75% bullish,of 8 ratings,$31
CFNB,$13.23,1441743348652,3,100% bearish,of 1 rating,N/A
CALM,$55.5397,1441743348678,"375,717",80% bullish,of 5 ratings,$63.50
ABCD,$5.13,1441743348808,"72,084",83% bullish,of 6 ratings,N/A
CAMBU,NULL,1441743348938,0,100% bearish,of 1 rating,N/A
CAMT,$2.75,1441743348977,"26,235",73% bullish,of 11 ratings,$4
CAMB,$10.06,1441743349002,"23,450",Not yet rated,NULL,N/A
CPHC,$10.37,1441743349146,114,100% bearish,of 1 rating,N/A
CSIQ,$18.86,1441743349173,"902,528",86% bullish,of 28 ratings,$42.50
CGIX,$10.22,1441743349438,"27,478",67% bullish,of 3 ratings,$14.375
CAMBW,$0.26,1441743349482,"191,976",Not yet rated,NULL,N/A
BLUE,$135.5289,1441743349511,"585,638",71% bullish,of 7 ratings,$217.50
CBNJ,$11.31,1441743349616,"71,011",100% bearish,of 1 rating,N/A
CSWC,$45.11,1441743349972,"12,495",Not yet rated,NULL,N/A
CPLP,$6.93,1441743349999,"151,034",71% bullish,of 7 ratings,$11
CBF,$31.2345,1441743350026,"58,068",Not yet rated,NULL,$32
CPTA,$14.3,1441743350047,"43,214",100% bearish,of 1 rating,$18.25
CCBG,$15.12,1441743350082,"10,725",Not yet rated,NULL,$17.25
CPLA,$49.84,1441743350178,"68,548",67% bearish,of 3 ratings,$65
CAPN,$2.53,1441743350207,"4,289,754",100% bullish,of 1 rating,$10.85
CFFN,$11.9393,1441743350376,"468,667",Not yet rated,NULL,$12.75
CAPNW,$0.73,1441743350475,"17,021",Not yet rated,NULL,N/A
CPST,$0.3893,1441743350499,"325,318",95% bullish,of 22 ratings,$1.25
CAPR,$4.26,1441743350524,"11,001",Not yet rated,NULL,$12
CARB,$11.09,1441743350786,"35,934",75% bullish,of 4 ratings,$12
CARA,$19.29,1441743350876,"181,529",50% bullish,of 4 ratings,$25
CRDC,$0.335,1441743350942,"88,889",100% bullish,of 1 rating,$1.25
CFNL,$22.5,1441743350968,"66,015",Not yet rated,NULL,$24
CBYL,$5.7,1441743351099,"25,202",100% bearish,of 1 rating,$20
CRME,$9.5,1441743351172,"12,113",89% bullish,of 9 ratings,$11.25
CDNA,$7.07,1441743351230,"5,543",100% bearish,of 1 rating,$9
CSII,$23.1857,1441743351435,"200,784",100% bearish,of 2 ratings,$42.125
CECO,$3.97,1441743351466,"471,508",67% bearish,of 3 ratings,$6
CATM,$34,1441743351560,"139,737",100% bearish,of 1 rating,$44
CTRE,$11.01,1441743351663,"174,565",50% bullish,of 2 ratings,$13.50
CLBH,$12.87,1441743351806,"6,100",Not yet rated,NULL,$16.50
CKEC,$23,1441743351839,"151,735",50% bullish,of 2 ratings,$35.915
CRZO,$36.82,1441743351937,"914,087",67% bearish,of 3 ratings,$54.50
CARO,$15.22,1441743351964,"2,182",100% bearish,of 1 rating,$19
CART,$5.44,1441743351991,"1,402",100% bearish,of 1 rating,N/A
TAST,$12.8591,1441743352142,"164,101",Not yet rated,NULL,$14.25
CRTN,$2.3,1441743352175,62,100% bearish,of 1 rating,N/A
CARV,$6.86,1441743352275,"9,422",50% bullish,of 2 ratings,N/A
CASM,$1.21,1441743352505,"11,087",100% bullish,of 1 rating,$3.50
CSCD,$15.85,1441743352545,"33,882",100% bullish,of 2 ratings,$17
CACB,$5.36,1441743352575,"40,920",Not yet rated,NULL,$5.50
CASY,$108.75,1441743352676,"265,159",50% bullish,of 2 ratings,$99.50
CWST,$6.65,1441743352702,"160,692",50% bullish,of 2 ratings,$7.25
CASI,$1.22,1441743352779,"37,382",100% bullish,of 1 rating,$3.50
CASS,$49.08,1441743352837,"13,515",100% bearish,of 1 rating,N/A
CATY,$29.76,1441743353080,"393,158",100% bearish,of 1 rating,$33.50
CATB,$10.81,1441743353105,"26,282",100% bearish,of 1 rating,$28
CPRX,$3.89,1441743353146,"273,157",71% bullish,of 7 ratings,$7
CATYW,NULL,1441743353171,0,100% bearish,of 1 rating,N/A
CVCO,$72.0842,1441743353314,"28,530",100% bearish,of 1 rating,N/A
CBFV,$20.3,1441743353339,"4,937",Not yet rated,NULL,$25
CAVM,$71.6009,1441743353371,"358,723",67% bearish,of 3 ratings,$72
CNLM,$9.99,1441743353653,"7,500",Not yet rated,NULL,N/A
CNLMR,NULL,1441743353679,0,Not yet rated,NULL,N/A
CNLMW,$0.3,1441743353704,"1,900",Not yet rated,NULL,N/A
CNLMU,NULL,1441743353846,0,100% bullish,of 1 rating,N/A
CBOE,$64.45,1441743353893,"395,724",Not yet rated,NULL,$63
CDK,$49.96,1441743353978,"249,174",67% bearish,of 3 ratings,$50
CECE,$8.8,1441743354120,"236,393",50% bullish,of 2 ratings,$16
CELG,$122.4,1441743354262,"3,191,370",92% bullish,of 13 ratings,$156
CLDN,$1.24,1441743354291,"192,614",63% bullish,of 8 ratings,$3
CPXX,$2.48,1441743354398,"281,548",100% bullish,of 2 ratings,$7
CDW,$40.0417,1441743354423,"1,028,556",75% bullish,of 4 ratings,$44
CELGZ,$1.8,1441743354499,"6,601",80% bullish,of 5 ratings,N/A
CLDX,$14.5469,1441743354628,"494,334",89% bullish,of 9 ratings,$36
CLRB,$3.06,1441743354693,"2,936",100% bearish,of 1 rating,N/A
CLRBW,NULL,1441743354758,0,Not yet rated,NULL,N/A
CLLS,$32.58,1441743354902,"43,852",75% bullish,of 4 ratings,$51.50
CYAD,$44,1441743355067,"2,431",100% bullish,of 1 rating,$87.50
CLSN,$2.15,1441743355098,"122,547",80% bullish,of 10 ratings,$7.50
CLTX,$1.96,1441743355127,"61,436",100% bullish,of 2 ratings,N/A
CBMG,$23.81,1441743355170,"43,516",50% bullish,of 2 ratings,N/A
CEMP,$35.2939,1441743355196,"606,600",71% bullish,of 7 ratings,$52
CETX,$2.57,1441743355263,"13,850",Not yet rated,NULL,$5.60
CSFL,$14.12,1441743355362,"90,560",Not yet rated,NULL,$15
CFBK,$1.36,1441743355500,"3,006",Not yet rated,NULL,N/A
CENT,$14.57,1441743355634,"308,970",Not yet rated,NULL,$10
CENTA,$14.99,1441743355710,"236,971",Not yet rated,NULL,N/A
CETV,$2.11,1441743355779,"60,257",67% bullish,of 3 ratings,$2.80
CVCY,$11.68,1441743355838,"1,052",Not yet rated,NULL,$12
CENX,$5.463,1441743355923,"1,165,341",67% bullish,of 6 ratings,$9
CNBKA,$40.22,1441743356055,"2,942",50% bullish,of 2 ratings,N/A
CPHD,$51.0265,1441743356102,"515,097",67% bearish,of 3 ratings,$66
CNTY,$5.95,1441743356127,"72,564",80% bullish,of 5 ratings,$7.75
CERE,$1.11,1441743356297,"138,797",88% bullish,of 8 ratings,N/A
CRNT,$1.37,1441743356324,"164,008",50% bullish,of 2 ratings,$2
CERS,$5.34,1441743356467,"538,220",75% bullish,of 4 ratings,$7
CERN,$62.38,1441743356498,"1,623,764",67% bullish,of 3 ratings,$79
CERU,$4.4,1441743356559,"19,076",75% bullish,of 4 ratings,$14
KOOL,$0.64,1441743356691,"15,288",100% bullish,of 5 ratings,$7
CEVA,$19.44,1441743356823,"37,596",100% bearish,of 1 rating,$25
HOTR,$1.39,1441743356857,"165,625",100% bullish,of 2 ratings,$5
CYOU,$18.8473,1441743356912,"94,779",50% bullish,of 6 ratings,$24
CTHR,$1.24,1441743356950,"5,020",50% bullish,of 2 ratings,$2.50
HOTRW,$0.15,1441743356975,"9,063",Not yet rated,NULL,N/A
GTLS,$23.31,1441743357135,"185,503",50% bullish,of 4 ratings,$40
CHFN,$12.17,1441743357239,"15,803",Not yet rated,NULL,$14
CHKP,$77.8732,1441743357339,"581,040",50% bullish,of 4 ratings,$92
CHTR,$185.1436,1441743357364,"595,062",67% bearish,of 3 ratings,$202
CHEK,$2.61,1441743357604,"6,628",Not yet rated,NULL,$7.75
CHEKW,NULL,1441743357661,0,Not yet rated,NULL,N/A
CEMI,$4.16,1441743357806,"1,765",50% bullish,of 2 ratings,$7.50
CHMG,$26.39,1441743357851,796,Not yet rated,NULL,$30
CHFC,$30.8536,1441743357880,"152,213",100% bearish,of 1 rating,$36
CCXI,$6.41,1441743357901,"74,245",67% bullish,of 3 ratings,$14
CHKE,$25.43,1441743357946,"17,163",100% bearish,of 1 rating,$32.50
CHEV,$14.53,1441743358192,"12,251",Not yet rated,NULL,N/A
CBNK,$16.3,1441743358264,"4,910",100% bearish,of 1 rating,N/A
CHMA,$28.51,1441743358323,"82,546",Not yet rated,NULL,$40
PLCE,$59.01,1441743358348,"174,042",100% bearish,of 1 rating,$69
CMRX,$52.23,1441743358503,"195,013",50% bullish,of 2 ratings,$57
CBPO,$99.37,1441743358708,"100,397",75% bullish,of 8 ratings,$140.50
CAAS,$5.9,1441743358736,"18,450",93% bullish,of 14 ratings,$11.50
CALI,$0.811,1441743358763,"1,438",67% bullish,of 3 ratings,N/A
CBAK,$2.07,1441743358784,"37,168",67% bullish,of 9 ratings,N/A
CCCL,$0.8743,1441743358818,"16,353",100% bullish,of 6 ratings,N/A
CADC,NULL,1441743358841,0,78% bullish,of 9 ratings,N/A
JRJC,$3.55,1441743359007,"44,672",82% bullish,of 11 ratings,N/A
CCCR,$0.69,1441743359142,600,67% bearish,of 3 ratings,N/A
HGSH,$1.81,1441743359246,"10,130",67% bullish,of 3 ratings,N/A
CHOP,$1.07,1441743359319,"2,693",50% bullish,of 2 ratings,N/A
CNIT,$1.23,1441743359559,"194,318",67% bullish,of 6 ratings,N/A
CJJD,$1.84,1441743359651,"10,692",100% bullish,of 1 rating,N/A
CHNR,$1.72,1441743359687,"4,206",100% bearish,of 1 rating,N/A
CHLN,$1.7,1441743359721,"8,376",67% bullish,of 3 ratings,N/A
HTHT,$25.7188,1441743359742,"65,708",50% bullish,of 2 ratings,$28.40
CREG,$0.64,1441743359779,"10,388",100% bullish,of 3 ratings,N/A
CSUN,$1.33,1441743359829,"21,485",80% bullish,of 5 ratings,N/A
CPGI,$6.79,1441743360027,400,Not yet rated,NULL,N/A
CNTF,$0.7958,1441743360159,"16,189",Not yet rated,NULL,N/A
CNYD,$3.05,1441743360187,"13,100",67% bullish,of 3 ratings,N/A
CXDC,$6.11,1441743360208,"27,930",67% bearish,of 3 ratings,N/A
CCIH,$7.7965,1441743360374,"106,626",67% bullish,of 6 ratings,$12.65
CNET,$0.83,1441743360507,"8,815",50% bullish,of 2 ratings,N/A
IMOS,$19.48,1441743360572,"216,486",60% bullish,of 5 ratings,$21.50
CHSCL,$27.2,1441743360639,"81,373",Not yet rated,NULL,N/A
CHSCM,$26.3,1441743360665,"21,268",Not yet rated,NULL,N/A
CHSCN,$26.99,1441743360687,"4,658",Not yet rated,NULL,N/A
CHSCP,$30.34,1441743360822,"17,281",Not yet rated,NULL,N/A
CHDN,$138.0945,1441743360889,"45,042",Not yet rated,NULL,$165
CHSCO,$28.54,1441743360917,"6,680",Not yet rated,NULL,N/A
CDTX,$15.04,1441743361076,"17,361",Not yet rated,NULL,$22
CHUY,$31.53,1441743361117,"87,172",50% bullish,of 2 ratings,$34
CIFC,$7.37,1441743361221,"9,555",100% bearish,of 1 rating,N/A
CMCT,$18.43,1441743361371,"24,314",100% bearish,of 1 rating,N/A
CMPR,$73.0383,1441743361398,"162,752",50% bullish,of 2 ratings,$72.50
CINF,$53.17,1441743361424,"994,782",50% bullish,of 4 ratings,$50.50
CIDM,$0.586,1441743361464,"36,763",50% bullish,of 2 ratings,$2.10
CTAS,$86.37,1441743361656,"396,752",100% bearish,of 1 rating,$91
CPHR,$5.19,1441743361682,"3,799",100% bearish,of 1 rating,$17
CTRN,$25.4455,1441743361823,"57,197",100% bearish,of 1 rating,$31.50
CSCO,$26.3,1441743361852,"15,341,972",83% bullish,of 210 ratings,$32
CRUS,$30.74,1441743361878,"587,561",75% bullish,of 12 ratings,$44.50
CZNC,$19.56,1441743361956,"10,183",Not yet rated,NULL,N/A
CZWI,$8.84,1441743362102,"7,377",Not yet rated,NULL,N/A
CZFC,$12.83,1441743362468,"5,312",Not yet rated,NULL,N/A
CIZN,$19.58,1441743362596,133,Not yet rated,NULL,N/A
CTXS,$69.84,1441743362621,"1,746,209",86% bullish,of 7 ratings,$80
CIVBP,$32.2,1441743362671,125,Not yet rated,NULL,N/A
CIVB,$10.04,1441743362756,641,Not yet rated,NULL,$11
CHCO,$47.8,1441743362823,"35,182",Not yet rated,NULL,$46
CDTI,$1.62,1441743362884,"24,038",75% bullish,of 4 ratings,$3.20
CLFD,$17.09,1441743363134,"29,481",67% bullish,of 3 ratings,$18
CLNE,$5.02,1441743363164,"627,981",80% bullish,of 15 ratings,$9
CLRO,$11.4,1441743363184,"4,482",50% bullish,of 2 ratings,$14.25
CLIR,$5.25,1441743363351,"53,840",100% bullish,of 3 ratings,N/A
CBLI,$4.37,1441743363378,"30,313",60% bullish,of 5 ratings,N/A
CLNT,$1.54,1441743363447,"1,316",75% bullish,of 8 ratings,N/A
CLVS,$83.8182,1441743363681,"335,330",60% bullish,of 5 ratings,$101.50
CSBK,$13.82,1441743363787,"62,500",Not yet rated,NULL,N/A
CMFN,$11.26,1441743363824,"10,771",100% bearish,of 1 rating,$15.50
CCNE,$17.14,1441743363953,"9,379",50% bullish,of 2 ratings,$21.50
CME,$93.8848,1441743363980,"839,867",67% bullish,of 3 ratings,$102
CISG,$7.9385,1441743364192,"50,453",100% bullish,of 5 ratings,$10
CWAY,$11.15,1441743364323,"5,470",Not yet rated,NULL,N/A
CNV,$4.33,1441743364382,"40,276",50% bullish,of 2 ratings,$7.15
COBZ,$12.9603,1441743364520,"46,482",100% bullish,of 1 rating,$14
COKE,$163.69,1441743364621,"21,379",79% bullish,of 19 ratings,N/A
CDRB,$9.63,1441743364768,"17,276",67% bullish,of 3 ratings,N/A
CDXS,$3.62,1441743364897,"13,225",64% bullish,of 11 ratings,$6
CTSH,$62.9368,1441743365271,"2,263,401",90% bullish,of 10 ratings,$75
CCOI,$27.3639,1441743365297,"400,665",50% bullish,of 4 ratings,$35
CGNT,$1.46,1441743365328,"15,797",100% bullish,of 2 ratings,$2
COHR,$56.22,1441743365356,"58,140",50% bullish,of 2 ratings,$72
CGNX,$36.12,1441743365387,"372,182",50% bullish,of 2 ratings,$47
CVLY,$20.83,1441743365424,100,Not yet rated,NULL,N/A
JVA,$4.89,1441743365491,"17,554",83% bullish,of 6 ratings,$7
COHU,$9.53,1441743365876,"88,633",100% bearish,of 1 rating,$14.25
CLRX,$0.7101,1441743365955,"29,910",50% bullish,of 2 ratings,N/A
CHRS,$25.7323,1441743365981,"169,948",67% bearish,of 3 ratings,$37
COLL,$14.82,1441743366010,"83,132",100% bearish,of 1 rating,$26
CLCT,$17.62,1441743366114,"20,890",100% bearish,of 1 rating,N/A
CIGI,$42.52,1441743366174,"19,367",100% bearish,of 1 rating,$52
CBAN,$8.89,1441743366265,"1,236",Not yet rated,NULL,N/A
CLCD,$6.41,1441743366371,"16,824",100% bearish,of 1 rating,$20.50
COLM,$62.81,1441743366434,"80,919",100% bearish,of 1 rating,$71
CMCO,$19.11,1441743366563,"50,298",60% bullish,of 5 ratings,$28
COLB,$30.35,1441743366639,"101,098",Not yet rated,NULL,$36
CMCSA,$56.7822,1441743366666,"7,823,004",66% bullish,of 35 ratings,$69.50
CBMX,$1.11,1441743366796,"24,652",83% bullish,of 6 ratings,$3.15
CMCSK,$57.96,1441743366929,"3,241,624",Not yet rated,NULL,$84
CBSH,$44.67,1441743367095,"344,391",50% bullish,of 2 ratings,$46
CUBN,$13.8,1441743367166,"4,300",Not yet rated,NULL,N/A
CVGI,$4.96,1441743367351,"123,652",50% bullish,of 2 ratings,$6
JCS,$8.89,1441743367432,"1,360",67% bullish,of 3 ratings,N/A
CSAL,$20.21,1441743367488,"563,447",75% bullish,of 4 ratings,$30
CBSHP,$25.5,1441743367588,"16,517",100% bearish,of 1 rating,N/A
COMM,$33.3058,1441743367620,"899,599",67% bearish,of 3 ratings,$35
ESXB,$5.03,1441743367645,"3,360",Not yet rated,NULL,N/A
CTBI,$35.18,1441743367719,"19,562",Not yet rated,NULL,$36
CYHHZ,$0.012,1441743367878,"26,444",100% bullish,of 1 rating,N/A
CWBC,$6.98,1441743367923,20,Not yet rated,NULL,N/A
COB,$10.72,1441743368150,"9,810",100% bullish,of 1 rating,$11.75
CVLT,$35.97,1441743368283,"368,819",75% bullish,of 4 ratings,$44.50
CIZ,$32.73,1441743368562,320,100% bearish,of 1 rating,N/A
CSA,NULL,1441743368631,0,Not yet rated,NULL,N/A
CDC,$34.46,1441743368663,952,Not yet rated,NULL,N/A
CIL,NULL,1441743368693,0,Not yet rated,NULL,N/A
CID,NULL,1441743368720,0,Not yet rated,NULL,N/A
CFO,$35.55,1441743368824,"4,536",100% bearish,of 1 rating,N/A
CSF,NULL,1441743368874,0,100% bearish,of 1 rating,N/A
CGEN,$5.14,1441743369231,"162,025",50% bullish,of 2 ratings,$11
CDL,$33.48,1441743369256,"7,410",Not yet rated,NULL,N/A
CFA,NULL,1441743369281,0,100% bearish,of 1 rating,N/A
CSB,NULL,1441743369412,0,Not yet rated,NULL,N/A
CAC,$40.53,1441743369436,"5,874",Not yet rated,NULL,N/A
CMTL,$26.32,1441743369971,"34,155",100% bearish,of 2 ratings,$37
CTG,$6.63,1441743369996,"21,375",100% bearish,of 1 rating,$8.50
CNSI,$18.47,1441743370023,"130,407",100% bearish,of 2 ratings,$29
CHCI,$0.67,1441743370051,"24,089",50% bullish,of 2 ratings,N/A
CPSI,$45.11,1441743370076,"56,141",100% bearish,of 1 rating,$45.50
CNCE,$16.59,1441743370253,"258,065",75% bullish,of 4 ratings,$22
SCOR,$47.9793,1441743370309,"291,412",100% bearish,of 1 rating,$66
CXRX,$74.87,1441743370636,"29,737",100% bearish,of 1 rating,$90
CCUR,$5.29,1441743370683,"11,492",75% bullish,of 4 ratings,N/A
CNFR,$10.01,1441743370841,"10,280",Not yet rated,NULL,N/A
CDOR,$1.26,1441743370913,"3,944",100% bullish,of 1 rating,N/A
CDORO,NULL,1441743370943,0,100% bearish,of 1 rating,N/A
CFMS,$14.5714,1441743371013,"235,112",100% bearish,of 1 rating,$26.50
CDORP,$6.3,1441743371115,"2,000",100% bearish,of 1 rating,N/A
CTWS,$34.46,1441743371141,"17,732",100% bearish,of 1 rating,$44
CNMD,$51.87,1441743371167,"55,085",Not yet rated,NULL,$59
CNOB,$19,1441743371377,"35,566",100% bullish,of 1 rating,$23.50
CONN,$29.94,1441743371408,"620,778",67% bullish,of 3 ratings,$48.50
CNXR,$6.89,1441743371508,"69,251",100% bearish,of 1 rating,$12
CNSL,$19.77,1441743371700,"135,946",100% bearish,of 1 rating,$23
CWCO,$10.63,1441743371725,"49,749",67% bullish,of 3 ratings,$14.50
CTCT,$25.1027,1441743371798,"139,266",67% bullish,of 3 ratings,$37
CFRX,$5.01,1441743372014,"21,147",Not yet rated,NULL,$14
CPSS,$5.47,1441743372075,"21,307",100% bullish,of 1 rating,$10
CFRXW,NULL,1441743372146,0,100% bearish,of 1 rating,N/A
CTRV,$3.46,1441743372207,"5,201",Not yet rated,NULL,$6.40
CTRL,$8.64,1441743372233,"113,038",50% bullish,of 2 ratings,$11
CPRT,$35.35,1441743372272,"285,216",67% bearish,of 3 ratings,$40
CFRXZ,NULL,1441743372297,0,Not yet rated,NULL,N/A
CORT,$4.96,1441743372429,"232,768",67% bullish,of 3 ratings,$12
CRBP,$1.82,1441743372495,"101,795",100% bullish,of 2 ratings,$6.25
BVA,$3.64,1441743372627,"2,932",50% bullish,of 2 ratings,N/A
CORE,$59.5022,1441743372678,"44,476",100% bearish,of 1 rating,$72
CORI,$11.02,1441743372865,"41,027",100% bearish,of 1 rating,$18
CSOD,$37.74,1441743372939,"336,143",50% bullish,of 2 ratings,$42
COSI,$1.16,1441743372965,"1,169,362",100% bullish,of 1 rating,N/A
COST,$141,1441743373033,"1,083,964",79% bullish,of 24 ratings,$154.50
CSGP,$179.43,1441743373197,"124,208",50% bullish,of 2 ratings,$235
CRVL,$31.64,1441743373249,"30,988",100% bearish,of 1 rating,N/A
ICBK,$18.83,1441743373298,"2,905",Not yet rated,NULL,$21
CPAH,$0.4001,1441743373323,"4,300",50% bullish,of 2 ratings,N/A
COVS,$2.52,1441743373386,"107,224",67% bullish,of 3 ratings,N/A
COWN,$5.0881,1441743373485,"839,982",75% bullish,of 4 ratings,$7
CVTI,$22.58,1441743373565,"123,275",67% bearish,of 3 ratings,$39
COWNL,NULL,1441743373897,0,Not yet rated,NULL,N/A
CPSH,$2.38,1441743374033,"15,272",Not yet rated,NULL,N/A
CRAI,$23.37,1441743374098,"21,276",100% bearish,of 1 rating,$36
CACC,$200.437,1441743374123,"56,753",50% bullish,of 2 ratings,$158.50
BREW,$7.99,1441743374186,"17,467",67% bullish,of 6 ratings,$15
CBRL,$149.2,1441743374257,"114,630",50% bullish,of 2 ratings,$155
CRAY,$21.4973,1441743374320,"182,799",83% bullish,of 6 ratings,$38.50
GLDI,$11,1441743374403,"14,212",100% bearish,of 1 rating,N/A
CREE,$27,1441743374655,"781,691",65% bullish,of 17 ratings,$29.50
CRESY,$10.3,1441743374683,"22,044",100% bearish,of 1 rating,$19
SLVO,$10.18,1441743374703,"8,703",100% bearish,of 1 rating,N/A
CROX,$13.97,1441743374846,"544,511",63% bullish,of 8 ratings,$16.50
CRTO,$35.95,1441743374901,"983,439",67% bullish,of 6 ratings,$64
CCRN,$14.52,1441743375052,"177,444",100% bearish,of 1 rating,$14.25
CRWN,$5.28,1441743375502,"165,387",75% bullish,of 4 ratings,N/A
CRWS,$8.19,1441743375527,"18,909",Not yet rated,NULL,$10
CRDS,$1.21,1441743375561,"49,599",50% bullish,of 4 ratings,$3.375
CSPI,$5.79,1441743375757,522,67% bullish,of 3 ratings,N/A
CYRXW,$0.78,1441743375782,"9,952",Not yet rated,NULL,N/A
CSGS,$30.04,1441743375835,"146,592",Not yet rated,NULL,$40
CYRX,$2.96,1441743375914,"46,936",Not yet rated,NULL,$9
CTCM,$1.725,1441743375964,"170,520",80% bearish,of 5 ratings,$3.90
CCLP,$13.8201,1441743375993,"54,918",67% bearish,of 3 ratings,$20
CTIC,$1.58,1441743376101,"483,228",84% bullish,of 76 ratings,$5.75
CTIB,$3.72,1441743376302,"1,014",100% bearish,of 1 rating,N/A
CPIX,$6.04,1441743376405,"6,826",Not yet rated,NULL,N/A
CTRP,$64.45,1441743376437,"1,382,462",75% bullish,of 8 ratings,$92.50
CUNB,$21.96,1441743376504,"30,476",Not yet rated,NULL,$24.50
CUI,$5.31,1441743376574,"13,618",50% bullish,of 2 ratings,$10
CMLS,$1.29,1441743376705,"235,177",50% bullish,of 4 ratings,$6
CUTR,$15.15,1441743376772,"26,081",67% bearish,of 3 ratings,$18
CRIS,$2.64,1441743376837,"187,782",100% bullish,of 8 ratings,$6
CVV,$11.53,1441743376982,"19,651",100% bullish,of 5 ratings,N/A
CYBR,$48.19,1441743377121,"906,566",75% bullish,of 8 ratings,$68.50
CYAN,$6.26,1441743377281,"4,205",100% bearish,of 1 rating,N/A
CVBF,$16.55,1441743377315,"394,380",Not yet rated,NULL,$18
CYBX,$67.78,1441743377344,"332,363",50% bullish,of 4 ratings,$71.50
CYCC,$0.59,1441743377450,"80,304",73% bullish,of 11 ratings,N/A
CYBE,$6.74,1441743377511,"7,084",100% bearish,of 1 rating,N/A
CYCCP,$5.5,1441743377706,"1,128",100% bearish,of 1 rating,N/A
CY,$10.41,1441743377809,"4,992,409",80% bullish,of 10 ratings,$15.50
CYNA,$16.2,1441743377894,"5,654",50% bullish,of 2 ratings,$31.50
CBAY,$2.94,1441743377946,"710,528",100% bullish,of 2 ratings,$4
CYRN,$1.79,1441743377972,"11,245",67% bullish,of 3 ratings,$4
CYNO,$34.1177,1441743378023,"139,721",67% bearish,of 3 ratings,$45.50
CONE,$32.58,1441743378206,"237,956",67% bearish,of 3 ratings,$35.50
CYTX,$0.38,1441743378423,"2,170,318",83% bullish,of 12 ratings,$5.50
CTSO,$7.37,1441743378555,"31,174",Not yet rated,NULL,$15.625
CYTR,$2.65,1441743378579,"589,989",67% bullish,of 6 ratings,$10
CYTK,$7.51,1441743378753,"312,044",71% bullish,of 14 ratings,$13.50
DAEG,$0.37,1441743378805,"6,508",100% bearish,of 1 rating,N/A
TVIZ,$22.44,1441743378880,"1,307",100% bearish,of 1 rating,N/A
TVIX,$13.91,1441743378987,"8,923,229",81% bullish,of 16 ratings,N/A
ZIV,$36.46,1441743379034,"76,322",Not yet rated,NULL,N/A
XIV,$24.74,1441743379121,"13,963,926",75% bearish,of 4 ratings,N/A
DJCO,$196.82,1441743379162,"1,856",Not yet rated,NULL,N/A
DAKT,$8.53,1441743379315,"136,387",50% bullish,of 2 ratings,$12
DARA,$0.86,1441743379355,"18,025",83% bullish,of 6 ratings,$1.50
DTLK,$5.67,1441743379550,"75,916",100% bearish,of 1 rating,$9
DAIO,$2.6,1441743379622,"7,196",Not yet rated,NULL,N/A
PLAY,$40,1441743379826,"525,295",83% bullish,of 6 ratings,$42
DWCH,$4.86,1441743379851,"31,331",75% bullish,of 4 ratings,$8.25
DRAM,$1.4,1441743379879,"19,928",78% bullish,of 9 ratings,N/A
TRAK,$62.87,1441743379905,"256,917",50% bullish,of 2 ratings,$62.50
DTEA,$13.4201,1441743379926,"154,693",100% bearish,of 2 ratings,$24
DBVT,$37.3747,1441743380054,"84,425",100% bearish,of 1 rating,$53
DWSN,$4.4,1441743380145,"6,860",67% bullish,of 3 ratings,N/A
DFRG,$13.9493,1441743380321,"281,438",100% bearish,of 1 rating,$20
TACO,$14.2081,1441743380391,"569,928",75% bullish,of 4 ratings,$20
DHRM,$1.59,1441743380415,"3,790",Not yet rated,NULL,N/A
TACOW,$5.1,1441743380447,"51,225",100% bullish,of 1 rating,N/A
DGAS,$20.37,1441743380644,"2,919",67% bearish,of 3 ratings,N/A
DCTH,$0.504,1441743380778,"680,727",78% bullish,of 9 ratings,N/A
DENN,$11.38,1441743380802,"262,390",100% bullish,of 3 ratings,$15
DELT,$2.4,1441743380834,"6,924",Not yet rated,NULL,N/A
XRAY,$52.41,1441743380935,"461,859",100% bullish,of 1 rating,$58
DSCI,$6.2765,1441743380962,"37,485",50% bullish,of 2 ratings,$16
DELTW,$0.17,1441743381015,"3,000",Not yet rated,NULL,N/A
DEPO,$27.48,1441743381149,"983,850",60% bullish,of 5 ratings,$29
DEST,$10.35,1441743381280,"46,303",50% bullish,of 2 ratings,N/A
DERM,$26.6072,1441743381317,"68,242",100% bearish,of 1 rating,$33.50
DXM,$0.43,1441743381556,"1,716,059",50% bullish,of 2 ratings,N/A
DSWL,$1.53,1441743381606,"6,973",100% bullish,of 1 rating,N/A
DXLG,$6.5294,1441743381735,"96,072",100% bearish,of 1 rating,$8
DHXM,$6.37,1441743381895,"3,400",100% bearish,of 1 rating,N/A
DHIL,$191.3,1441743381922,"3,880",100% bearish,of 1 rating,N/A
DXCM,$90.5038,1441743381956,"607,885",57% bullish,of 7 ratings,$98
DMND,$30.87,1441743381997,"88,010",75% bullish,of 12 ratings,$32
DCIX,$1.56,1441743382057,"38,716",50% bullish,of 4 ratings,$3.50
FANG,$67.31,1441743382092,"440,337",50% bullish,of 2 ratings,$86
DRNA,$11.19,1441743382226,"96,032",67% bearish,of 3 ratings,$25
DRAD,$3.85,1441743382548,"15,283",100% bullish,of 1 rating,$5.25
DMRC,$38.96,1441743382646,"53,643",100% bearish,of 1 rating,$44
DGII,$10.29,1441743382671,"73,761",100% bearish,of 1 rating,$11
DGLY,$7.26,1441743383155,"78,094",50% bullish,of 6 ratings,$20
DISCA,$27.22,1441743383206,"1,976,994",67% bullish,of 3 ratings,$34
DCOM,$16.86,1441743383233,"63,993",100% bearish,of 2 ratings,$16
DPRX,$14.19,1441743383254,"16,861",100% bullish,of 2 ratings,$27.75
APPS,$2.13,1441743383288,"158,279",100% bearish,of 1 rating,$10.25
DIOD,$23.37,1441743383315,"252,032",75% bearish,of 4 ratings,$28
DISCK,$25.81,1441743383386,"1,054,354",100% bearish,of 1 rating,$32
CNAT,$3.99,1441743383522,"78,291",83% bullish,of 6 ratings,$13
DISCB,$27.35,1441743383823,300,100% bearish,of 1 rating,$35
DISH,$60.55,1441743383849,"635,071",69% bullish,of 13 ratings,$73
DVCR,$10.87,1441743383870,"4,740",100% bullish,of 1 rating,N/A
BAGR,$2.76,1441743383898,"12,064",100% bearish,of 1 rating,$6
DSCO,$0.425,1441743383924,"70,753",83% bullish,of 6 ratings,$2.75
DGICA,$13.77,1441743384266,"34,668",100% bearish,of 1 rating,$17
DLHC,$2.58,1441743384311,190,100% bearish,of 1 rating,N/A
DORM,$50.4,1441743384338,"119,900",100% bearish,of 1 rating,$56
DGICB,NULL,1441743384359,0,100% bearish,of 1 rating,N/A
DLTR,$68.79,1441743384397,"2,625,308",82% bullish,of 11 ratings,$85
DNBF,$26.26,1441743384423,710,Not yet rated,NULL,$27.50
HILL,$9.68,1441743384502,"862,174",60% bearish,of 5 ratings,$9.75
DRWI,$0.171,1441743384819,"552,234",60% bullish,of 5 ratings,$.45
CADTR,NULL,1441743385036,0,Not yet rated,NULL,N/A
DRWIW,$0.045,1441743385067,"16,600",Not yet rated,NULL,N/A
DRYS,$0.4515,1441743385111,"1,441,454",77% bullish,of 31 ratings,$.60
CADT,$10,1441743385137,200,Not yet rated,NULL,N/A
DSKX,$3.38,1441743385168,"63,389",100% bullish,of 1 rating,N/A
DSPG,$8.96,1441743385273,"25,352",100% bearish,of 1 rating,$13.50
CADTU,$10.26,1441743385622,402,Not yet rated,NULL,N/A
DNKN,$49.44,1441743385650,"404,287",67% bullish,of 15 ratings,$56.50
CADTW,NULL,1441743385680,0,Not yet rated,NULL,N/A
DTSI,$27.1991,1441743385705,"72,923",100% bearish,of 2 ratings,$39.50
DXPE,$30.31,1441743385780,"97,664",50% bullish,of 2 ratings,N/A
DRRX,$2.18,1441743385838,"165,690",50% bullish,of 6 ratings,$3
DYAX,$22.5999,1441743386102,"513,968",89% bullish,of 9 ratings,$30
DWA,$21.2,1441743386127,"363,223",63% bullish,of 8 ratings,$26
DYSL,$1.5,1441743386292,"15,784",100% bullish,of 2 ratings,N/A
BOOM,$9.96,1441743386390,"69,341",67% bullish,of 3 ratings,$12
EGBN,$42.1206,1441743386533,"66,656",Not yet rated,NULL,$48
DYNT,$3.08,1441743386603,318,75% bullish,of 4 ratings,N/A
EBMT,$11.67,1441743386631,"4,639",Not yet rated,NULL,$13.50
DVAX,$29.4197,1441743386660,"199,221",70% bullish,of 10 ratings,$40
EROC,$1.49,1441743386701,"114,451",50% bullish,of 2 ratings,$3
EGLE,$6.67,1441743386783,"23,716",60% bullish,of 5 ratings,N/A
ELNK,$8.65,1441743386943,"284,837",60% bullish,of 5 ratings,$9.50
ETFC,$27.27,1441743386973,"3,419,451",57% bullish,of 14 ratings,$32.50
EWBC,$39.94,1441743387080,"587,682",100% bearish,of 1 rating,$50
EGRX,$83.1001,1441743387109,"212,159",67% bullish,of 3 ratings,$97
EACQU,$10.15,1441743387213,"15,276",Not yet rated,NULL,N/A
EML,$15.97,1441743387429,"1,246",Not yet rated,NULL,N/A
EBAY,$26.4323,1441743387567,"9,556,017",81% bullish,of 117 ratings,$33
EBIX,$28.48,1441743387593,"230,372",69% bullish,of 13 ratings,$40
EEI,$11.97,1441743387677,"2,454",67% bearish,of 3 ratings,N/A
ECHO,$23.56,1441743387736,"231,040",67% bearish,of 3 ratings,$34.50
ECTE,$1.48,1441743387781,"2,212",75% bullish,of 4 ratings,N/A
ECACU,$10.1,1441743387838,"95,590",Not yet rated,NULL,N/A
EVBS,$6.75,1441743387864,"20,103",Not yet rated,NULL,$7
ELON,$0.58,1441743388164,"64,092",50% bullish,of 2 ratings,N/A
SATS,$44.16,1441743388250,"46,103",50% bullish,of 2 ratings,$60
EDAP,$3.65,1441743388294,"19,196",60% bullish,of 5 ratings,$4.50
ESES,$3.39,1441743388430,"5,082",100% bearish,of 1 rating,$7
EDGW,$7.2,1441743388480,"1,275",100% bearish,of 1 rating,N/A
EFUT,$4.61,1441743388575,"2,859",Not yet rated,NULL,N/A
EGLT,$13.49,1441743388607,"48,714",50% bullish,of 2 ratings,$21
EGAN,$4.04,1441743388632,"20,937",50% bullish,of 2 ratings,$6.25
LOCO,$12.5352,1441743388802,"372,010",69% bullish,of 13 ratings,$19.50
EHTH,$14.54,1441743388831,"100,074",50% bullish,of 4 ratings,$17
DMLP,$15.02,1441743388852,"25,205",100% bearish,of 1 rating,N/A
EMITF,$1.26,1441743388979,"63,908",75% bullish,of 4 ratings,N/A
ESLT,$79.73,1441743389017,"8,063",67% bullish,of 3 ratings,N/A
ELRC,$10.51,1441743389078,"26,822",100% bearish,of 1 rating,N/A
ERI,$9.35,1441743389125,"75,584",100% bearish,of 1 rating,$10
EFII,$44.19,1441743389529,"123,572",80% bullish,of 5 ratings,$55
ELSE,$3.95,1441743389632,"1,098",60% bullish,of 5 ratings,N/A
RDEN,$11.33,1441743389660,"54,251",100% bearish,of 4 ratings,$15
EA,$68.5,1441743389763,"2,036,309",78% bullish,of 36 ratings,$80
CAPX,NULL,1441743389815,0,Not yet rated,NULL,N/A
ESIO,$4.65,1441743389841,"39,050",50% bullish,of 2 ratings,$10
ELEC,NULL,1441743389867,0,Not yet rated,NULL,N/A
ELECU,$10.05,1441743390100,"4,700",Not yet rated,NULL,N/A
ELECW,NULL,1441743390134,0,Not yet rated,NULL,N/A
EBIO,$3.34,1441743390231,"104,702",100% bearish,of 2 ratings,$8.35
ESBK,$19.61,1441743390260,807,Not yet rated,NULL,N/A
LONG,$16.95,1441743390289,"7,360",67% bullish,of 3 ratings,$15.75
ELTK,$1.27,1441743390434,"35,667",67% bearish,of 3 ratings,N/A
EMCI,$22.41,1441743390627,"13,934",Not yet rated,NULL,N/A
EMMSP,NULL,1441743390846,0,100% bearish,of 1 rating,N/A
EMMS,$1.31,1441743390888,"33,713",67% bullish,of 6 ratings,N/A
EMKR,$6.9,1441743390949,"122,891",75% bullish,of 4 ratings,$8.50
EMCF,$23,1441743391034,212,100% bearish,of 1 rating,N/A
NYNY,$4.77,1441743391080,"49,391",50% bullish,of 2 ratings,N/A
ERS,$3.49,1441743391106,"1,874",Not yet rated,NULL,N/A
ECPG,$37.39,1441743391127,"149,624",100% bullish,of 2 ratings,$52
WIRE,$33.31,1441743391364,"81,434",100% bearish,of 1 rating,$37
ENTA,$40.42,1441743391389,"184,102",50% bullish,of 2 ratings,$42
ECYT,$5.1731,1441743391546,"229,372",83% bullish,of 6 ratings,$12
ELGX,$13.2293,1441743391577,"363,777",75% bullish,of 4 ratings,$17
EIGI,$14.8762,1441743391608,"224,596",67% bearish,of 3 ratings,$22.50
ENDP,$76.59,1441743391630,"1,130,372",50% bullish,of 6 ratings,$101.50
EDUC,$7,1441743391680,"27,433",100% bearish,of 1 rating,N/A
WATT,$6.88,1441743391922,"28,233",50% bullish,of 2 ratings,$13
ERII,$2.56,1441743391956,"30,316",80% bullish,of 5 ratings,$2.50
EXXI,$1.73,1441743391991,"960,273",86% bullish,of 7 ratings,$3.50
EFOI,$26.65,1441743392056,"1,329,613",67% bullish,of 3 ratings,$24.50
ENG,$1.04,1441743392096,"4,488",100% bullish,of 3 ratings,N/A
ESGR,$151.02,1441743392226,"32,241",100% bearish,of 1 rating,$185
ENOC,$9.0653,1441743392331,"182,197",75% bullish,of 4 ratings,$18
ENTG,$13.6758,1441743392500,"514,574",100% bearish,of 1 rating,$18
ENFC,$17.65,1441743392527,344,Not yet rated,NULL,N/A
ENTL,$22.81,1441743392548,"27,280",Not yet rated,NULL,$28
EBTC,$21.5,1441743392679,"5,188",Not yet rated,NULL,N/A
EFSC,$23.74,1441743392941,"24,460",Not yet rated,NULL,$27
EGT,$1.91,1441743392971,"14,559",100% bullish,of 1 rating,N/A
ETRM,$0.275,1441743392997,"1,215,518",69% bearish,of 35 ratings,$1.625
ENVI,$1.94,1441743393072,"156,525",67% bullish,of 3 ratings,N/A
ENZY,$10.49,1441743393129,"189,669",67% bullish,of 3 ratings,$9.50
EPIQ,$12.52,1441743393161,"52,947",100% bearish,of 1 rating,$18
ENZN,$1.02,1441743393207,"100,739",100% bullish,of 9 ratings,N/A
EPRS,$5.55,1441743393369,"29,071",82% bullish,of 11 ratings,$15
EPZM,$20.0715,1441743393507,"236,014",60% bullish,of 5 ratings,$34
PLUS,$75.46,1441743393665,"31,836",50% bullish,of 2 ratings,$88
EQFN,$8.31,1441743393799,"5,278",100% bearish,of 1 rating,N/A
ERIC,$9.81,1441743393829,"1,149,082",67% bullish,of 9 ratings,$12.20
EAC,$3.44,1441743393850,"7,548",100% bearish,of 1 rating,$8
ERIE,$80.69,1441743393901,"24,004",Not yet rated,NULL,$73
EQIX,$279.28,1441743393926,"648,239",75% bullish,of 4 ratings,$312.50
ESCA,$18.16,1441743394058,"10,350",100% bearish,of 1 rating,$22
ESMC,$1.3,1441743394117,"2,128",Not yet rated,NULL,N/A
ESCR,$0.36,1441743394283,"623,674",50% bullish,of 2 ratings,N/A
ESCRP,$1.36,1441743394304,"69,162",100% bearish,of 1 rating,N/A
ESSA,$12.88,1441743394340,"2,189",100% bearish,of 1 rating,N/A
ESPR,$46.0038,1441743394437,"284,237",70% bearish,of 10 ratings,$115
EPIX,$6.07,1441743394629,"1,350",Not yet rated,NULL,N/A
ESND,$33.89,1441743394758,"92,456",100% bearish,of 2 ratings,$40
ETSY,$14.36,1441743394832,"174,035",80% bullish,of 5 ratings,$16
ENPH,$4.6,1441743394861,"406,519",75% bullish,of 4 ratings,$10
ESSX,$0.47,1441743394903,"25,837",50% bullish,of 2 ratings,N/A
CLWT,$2.5599,1441743394930,200,100% bearish,of 1 rating,N/A
ESEA,$4.45,1441743394955,"1,091",100% bullish,of 1 rating,$15
EEFT,$68.48,1441743394980,"126,356",100% bearish,of 1 rating,$67.50
EVOK,$3.48,1441743395271,"14,092",100% bearish,of 1 rating,$13.375
EVK,$3.65,1441743395308,48,75% bearish,of 4 ratings,N/A
EVEP,$8.07,1441743395334,"145,486",50% bullish,of 2 ratings,$14
EXA,$10.23,1441743395403,"26,226",100% bearish,of 1 rating,$13
EVOL,$5.42,1441743395464,"26,919",75% bullish,of 4 ratings,$10
EXAS,$20.8042,1441743395490,"778,230",78% bullish,of 9 ratings,$31
EXPE,$114.46,1441743395953,"555,547",64% bullish,of 11 ratings,$130
ESRX,$84.51,1441743395985,"2,786,069",67% bearish,of 6 ratings,$101
EXPO,$43.35,1441743396013,"68,162",100% bearish,of 1 rating,$45.50
EXEL,$5.8743,1441743396037,"3,491,306",81% bullish,of 16 ratings,$6
EXFO,$3.06,1441743396067,"3,075",67% bearish,of 3 ratings,$3.95
EXAC,$18.89,1441743396094,"18,277",100% bearish,of 1 rating,$22.50
EXPD,$48.86,1441743396122,"1,547,067",80% bullish,of 5 ratings,$52
EXLS,$37.46,1441743396484,"81,948",50% bullish,of 2 ratings,$41
EYEG,$4.39,1441743396517,"51,963",Not yet rated,NULL,N/A
EYEGW,$1,1441743396543,"2,850",Not yet rated,NULL,N/A
EXLP,$18.32,1441743396626,"69,222",100% bearish,of 1 rating,$25
EXTR,$3.18,1441743396698,"638,839",80% bullish,of 5 ratings,$3
EZCH,$23.3558,1441743396783,"100,534",75% bullish,of 8 ratings,$19
EZPW,$6.1,1441743396827,"160,492",50% bullish,of 4 ratings,$7
FFIV,$121.71,1441743397035,"299,001",63% bullish,of 8 ratings,$132
FCS,$14.04,1441743397065,"989,642",67% bearish,of 3 ratings,$17
FB,$89.4,1441743397086,"17,139,087",74% bullish,of 1078 ratings,$111
FWM,$2.26,1441743397266,"121,199",100% bearish,of 2 ratings,$3.20
FRP,$15.49,1441743397322,"76,277",100% bearish,of 1 rating,$18
FARM,$22.14,1441743397369,"23,624",100% bearish,of 1 rating,$35
FALC,$1.77,1441743397462,"26,321",63% bearish,of 8 ratings,N/A
DAVE,$14.95,1441743397515,"12,045",100% bearish,of 1 rating,$15.50
FFKT,$25.86,1441743397640,"6,654",Not yet rated,NULL,$29
FMNB,$8.32,1441743397667,"17,071",Not yet rated,NULL,N/A
FARO,$37.53,1441743397815,"61,696",50% bullish,of 2 ratings,$48
FATE,$6.32,1441743398020,"15,595",50% bullish,of 2 ratings,$11
FBSS,$15.63,1441743398052,2,Not yet rated,NULL,N/A
FBRC,$22.11,1441743398123,"16,328",100% bearish,of 1 rating,$29
FAST,$38.84,1441743398150,"1,626,615",80% bullish,of 5 ratings,$43
FDML,$8.28,1441743398282,"232,961",50% bullish,of 4 ratings,$14
FNHC,$21.748,1441743398508,"43,955",100% bearish,of 1 rating,$35
FEIC,$76.26,1441743398549,"167,048",50% bullish,of 2 ratings,$95.50
FHCO,$1.41,1441743398581,"19,276",50% bullish,of 4 ratings,N/A
FCSC,$6,1441743398680,"95,196",100% bearish,of 1 rating,$8.125
FENX,$9.68,1441743398715,"66,093",100% bullish,of 1 rating,$14.25
ONEQ,$189.14,1441743398740,"12,968",100% bullish,of 1 rating,N/A
FGEN,$26.24,1441743398810,"619,504",100% bearish,of 1 rating,$39
FDUS,$14.49,1441743399062,"19,031",50% bullish,of 2 ratings,$18
LION,$19.9932,1441743399087,"56,844",100% bullish,of 1 rating,$20
FRGI,$52.293,1441743399114,"45,243",50% bullish,of 2 ratings,$70
FSAM,$7.69,1441743399256,"36,477",100% bearish,of 1 rating,$10.25
FSCFL,$24.63,1441743399388,"4,618",Not yet rated,NULL,N/A
FSC,$6.54,1441743399445,"621,321",60% bullish,of 5 ratings,$8
FITB,$19.81,1441743399579,"2,625,050",54% bullish,of 13 ratings,$22
FSFR,$8.84,1441743399613,"56,654",100% bearish,of 1 rating,$11.50
FITBI,$27.5,1441743399653,"65,406",Not yet rated,NULL,N/A
FNGN,$29.94,1441743399710,"245,085",67% bullish,of 3 ratings,$47
FISI,$24.52,1441743399859,"13,569",100% bullish,of 2 ratings,$24.50
FNSR,$15.3452,1441743399913,"509,843",71% bullish,of 7 ratings,$24
FNJN,$1.7,1441743399938,"6,097",100% bearish,of 1 rating,$5
FNTC,NULL,1441743400209,0,Not yet rated,NULL,N/A
FNTCU,NULL,1441743400348,0,Not yet rated,NULL,N/A
BUSE,$19.37,1441743400599,"79,907",Not yet rated,NULL,$6.875
FNLC,$18.75,1441743400624,"7,880",100% bullish,of 1 rating,N/A
FBIZ,$23,1441743400791,"27,263",100% bearish,of 2 ratings,$26
FCVA,$4.75,1441743400837,254,Not yet rated,NULL,N/A
FNTCW,NULL,1441743400930,0,Not yet rated,NULL,N/A
FEYE,$38.0697,1441743400981,"2,218,193",88% bullish,of 16 ratings,$55.50
FCAP,$26.26,1441743401028,"1,916",Not yet rated,NULL,N/A
FBNC,$16.98,1441743401055,"19,632",100% bullish,of 1 rating,$20
FRBA,$6.14,1441743401080,"2,890",Not yet rated,NULL,$8
FCFS,$39.44,1441743401222,"44,797",100% bearish,of 3 ratings,$47
FCNCA,$231.655,1441743401290,"9,821",Not yet rated,NULL,N/A
FCLF,$9.34,1441743401667,252,Not yet rated,NULL,N/A
FCBC,$17.57,1441743401802,"23,476",Not yet rated,NULL,$18
FBNK,$16.9,1441743401831,"45,273",100% bearish,of 1 rating,$17.50
FFBC,$18.6,1441743401907,"94,972",67% bearish,of 3 ratings,$20.25
FCFP,$6.88,1441743401932,"1,785",Not yet rated,NULL,N/A
FDEF,$37.21,1441743401957,"14,011",Not yet rated,NULL,$38
FFNM,$6.4,1441743402199,"2,132",Not yet rated,NULL,N/A
FFIN,$30.54,1441743402231,"113,816",50% bullish,of 2 ratings,$31.75
THFF,$32.73,1441743402256,"25,381",Not yet rated,NULL,$35
FFNW,$12.1,1441743402329,"12,264",Not yet rated,NULL,$14
FFBCW,NULL,1441743402354,0,100% bearish,of 1 rating,N/A
FFWM,$21.9,1441743402429,"46,805",Not yet rated,NULL,$24
EVLV,$2.54,1441743402459,"271,132",60% bullish,of 5 ratings,$4.625
FCCO,$12.23,1441743402498,"1,092",Not yet rated,NULL,$13.25
FIBK,$26.5318,1441743402700,"52,148",Not yet rated,NULL,$32
INBK,$29.39,1441743402732,"12,713",50% bullish,of 2 ratings,$37
FMBI,$17.6768,1441743402959,"172,136",Not yet rated,NULL,$20
FMBH,$22.24,1441743402985,100,Not yet rated,NULL,N/A
FRME,$26.288,1441743403060,"90,669",Not yet rated,NULL,$26.50
FNWB,$12.2,1441743403263,"5,236",Not yet rated,NULL,N/A
FNBC,$34.5,1441743403431,"56,560",Not yet rated,NULL,$40
BICK,$19.2799,1441743403459,420,100% bullish,of 1 rating,N/A
FSBK,$7.89,1441743403495,892,100% bullish,of 1 rating,N/A
FNFG,$9.29,1441743403517,"1,122,783",80% bullish,of 5 ratings,$9
FBZ,$9.493,1441743403587,400,Not yet rated,NULL,N/A
FSFG,$30.92,1441743403614,813,Not yet rated,NULL,N/A
FSLR,$49.1,1441743403780,"872,512",72% bullish,of 39 ratings,$65
FCAN,$24.61,1441743404041,351,Not yet rated,NULL,N/A
FTCS,$36.24,1441743404066,"10,991",100% bearish,of 1 rating,N/A
FV,$23.51,1441743404196,"1,138,741",100% bearish,of 1 rating,N/A
FEMB,$41.09,1441743404291,"4,300",Not yet rated,NULL,N/A
IFV,$17.75,1441743404318,"222,316",100% bearish,of 1 rating,N/A
FTSM,$59.95,1441743404344,"87,762",100% bearish,of 1 rating,N/A
FCA,$19.87,1441743404368,730,Not yet rated,NULL,N/A
FGM,$36.12,1441743404642,"92,295",Not yet rated,NULL,N/A
MDIV,$19.01,1441743404774,"108,175",Not yet rated,NULL,N/A
FTGC,$22.46,1441743404979,"39,382",Not yet rated,NULL,N/A
HYLS,$49.71,1441743405005,"164,011",100% bearish,of 1 rating,N/A
FTHI,$19.47,1441743405040,479,Not yet rated,NULL,N/A
FEUZ,$30.93,1441743405135,700,Not yet rated,NULL,N/A
TDIV,$25,1441743405160,"46,370",100% bearish,of 1 rating,N/A
FHK,$33.73,1441743405388,"1,900",Not yet rated,NULL,N/A
YDIV,$16.3299,1441743405522,699,Not yet rated,NULL,N/A
FJP,$45.22,1441743405573,"58,246",Not yet rated,NULL,N/A
FPXI,$26.15,1441743405599,255,Not yet rated,NULL,N/A
SKYY,$28.81,1441743405654,"32,082",100% bullish,of 1 rating,N/A
PLTM,$6.16,1441743405729,340,100% bearish,of 1 rating,N/A
CU,$13,1441743405860,"5,828",100% bearish,of 1 rating,N/A
LMBS,NULL,1441743405926,0,Not yet rated,NULL,N/A
FTLB,$19.3899,1441743405952,362,100% bearish,of 1 rating,N/A
FSGI,$2.46,1441743406226,"11,732",Not yet rated,NULL,N/A
CIBR,$17.69,1441743406258,"28,684",Not yet rated,NULL,N/A
QABA,$37.64,1441743406325,"28,405",100% bearish,of 1 rating,N/A
QCLN,$15.44,1441743406353,"12,698",Not yet rated,NULL,N/A
FONE,$35.21,1441743406401,374,Not yet rated,NULL,N/A
GRID,$31.11,1441743406428,70,100% bearish,of 1 rating,N/A
CARZ,$34.9,1441743406706,"3,875",100% bearish,of 1 rating,N/A
QQEW,$42.03,1441743406733,"25,483",Not yet rated,NULL,N/A
QQXT,$40.39,1441743406804,"11,704",Not yet rated,NULL,N/A
RDVY,$20.9,1441743406873,"3,682",Not yet rated,NULL,N/A
QTEC,$40.51,1441743407108,"9,135",Not yet rated,NULL,N/A
AIRR,$16.55,1441743407173,"2,666",100% bearish,of 1 rating,N/A
QINC,$20,1441743407197,300,Not yet rated,NULL,N/A
FKO,NULL,1441743407327,0,Not yet rated,NULL,N/A
FSZ,$38.53,1441743407359,"17,718",Not yet rated,NULL,N/A
FDIV,$47.4,1441743407384,834,100% bearish,of 1 rating,N/A
FTSL,$48.87,1441743407426,"30,979",100% bearish,of 1 rating,N/A
FKU,$41.76,1441743407658,"6,134",Not yet rated,NULL,N/A
FTW,$31.2121,1441743407682,167,Not yet rated,NULL,N/A
TUSA,$24.83,1441743407737,998,Not yet rated,NULL,N/A
FUNC,$8.11,1441743407883,"4,247",Not yet rated,NULL,N/A
FMER,$17.7,1441743407933,"419,314",50% bullish,of 2 ratings,$20
SVVC,$9.43,1441743408032,"10,200",50% bullish,of 2 ratings,$26
FSV,$32.15,1441743408134,"8,089",Not yet rated,NULL,$33.60
FISV,$86.57,1441743408161,"1,074,440",100% bearish,of 3 ratings,$90
FLML,$22.6457,1441743408292,"163,860",50% bullish,of 2 ratings,$30
FPRX,$20.7,1441743408363,"177,255",50% bullish,of 2 ratings,$35
FIVE,$34.0893,1441743408437,"884,395",75% bearish,of 4 ratings,$43.50
FIVN,$3.7,1441743408507,"87,276",100% bullish,of 1 rating,$8.50
FLXN,$12.61,1441743408564,"115,325",100% bearish,of 1 rating,$40
FLKS,$12.46,1441743408650,"43,826",50% bullish,of 2 ratings,$27
FMB,$51.21,1441743408698,"8,267",Not yet rated,NULL,N/A
SKOR,$50.44,1441743408828,"4,759",Not yet rated,NULL,N/A
MBSD,$24.93,1441743408971,"3,600",Not yet rated,NULL,N/A
FLXS,$30.29,1441743409048,"10,899",100% bearish,of 2 ratings,N/A
FLEX,$10.518,1441743409106,"1,815,958",63% bullish,of 8 ratings,$12
FLDM,$11.18,1441743409137,"292,216",67% bearish,of 3 ratings,$15
FLIR,$28.97,1441743409191,"579,753",100% bearish,of 2 ratings,$38.50
FFIC,$19.73,1441743409242,"36,258",Not yet rated,NULL,$20.50
FOGO,$19,1441743409348,"46,415",50% bullish,of 2 ratings,$25.50
FOMX,$9.894,1441743409374,"59,436",50% bullish,of 2 ratings,$23.50
FONR,$10.71,1441743409530,"30,530",100% bullish,of 1 rating,N/A
FES,$0.86,1441743409635,"41,356",50% bullish,of 2 ratings,$1
FTNT,$43.3,1441743409815,"855,914",80% bullish,of 10 ratings,$52
FORM,$6.7944,1441743409840,"137,773",67% bullish,of 3 ratings,$10.50
FBIO,$2.58,1441743409871,"51,536",83% bullish,of 6 ratings,N/A
FORR,$31.14,1441743409971,"26,748",Not yet rated,NULL,N/A
FWRD,$44.69,1441743409996,"95,770",100% bearish,of 1 rating,$50
FORD,$1.64,1441743410129,"957,168",67% bullish,of 3 ratings,N/A
FWP,$26.845,1441743410156,"34,925",100% bearish,of 1 rating,$45
FMI,$23.4508,1441743410376,"132,958",100% bearish,of 2 ratings,$27.50
FXCB,$17.11,1441743410405,"8,301",Not yet rated,NULL,$19
FOSL,$61.21,1441743410426,"473,657",60% bearish,of 5 ratings,$80
FOXF,$15.39,1441743410583,"62,485",100% bearish,of 1 rating,$19
FRAN,$12.4,1441743410666,"1,174,525",50% bullish,of 4 ratings,$15
FELE,$27.84,1441743410723,"193,336",50% bullish,of 4 ratings,$33
FRED,$12.84,1441743410921,"148,136",50% bullish,of 2 ratings,$15.50
FEIM,$11.08,1441743411051,"3,268",100% bearish,of 1 rating,N/A
FREE,$0.33,1441743411085,"535,803",92% bullish,of 12 ratings,N/A
RAIL,$20.3527,1441743411106,"68,049",100% bearish,of 1 rating,$24.50
FTR,$5.44,1441743411183,"9,969,894",78% bullish,of 27 ratings,$6.25
FRPT,$12.59,1441743411238,"161,593",67% bearish,of 3 ratings,$23.50
FTRPR,$106.06,1441743411315,"213,809",100% bearish,of 1 rating,N/A
FSBW,$23.05,1441743411628,854,Not yet rated,NULL,N/A
FRPH,$30.5,1441743411685,"10,950",100% bearish,of 1 rating,N/A
FSYS,$6.29,1441743411774,"121,519",67% bullish,of 3 ratings,$8.50
FTEK,$2.02,1441743411827,"14,809",75% bullish,of 4 ratings,N/A
FCEL,$0.903,1441743411916,"1,344,881",88% bullish,of 41 ratings,$2.65
FTD,$28.77,1441743411941,"73,866",100% bearish,of 1 rating,$40
FULT,$12.03,1441743412237,"415,488",100% bearish,of 1 rating,$13
FORTY,NULL,1441743412263,0,100% bearish,of 1 rating,N/A
FULL,$3.12,1441743412293,"26,881",67% bearish,of 3 ratings,$4.25
FFHL,NULL,1441743412321,0,50% bullish,of 4 ratings,N/A
FLL,$1.41,1441743412424,"18,438",75% bullish,of 4 ratings,$3.50
FULLL,$25.3,1441743412470,911,Not yet rated,NULL,N/A
FSNN,$2.25,1441743412506,"11,540",67% bullish,of 3 ratings,$6
FXENP,$15.01,1441743412646,799,100% bearish,of 1 rating,N/A
FXEN,$0.977,1441743412731,"26,517",75% bullish,of 4 ratings,$1.10
GK,$68.12,1441743412757,"47,548",Not yet rated,NULL,$78
WILC,$4.72,1441743412886,615,100% bullish,of 2 ratings,N/A
GAIA,$5.98,1441743412912,"18,185",50% bullish,of 2 ratings,$8.50
GLPG,$59.08,1441743413045,"35,716",100% bullish,of 1 rating,$75
GALT,$2.2,1441743413175,"139,806",80% bullish,of 5 ratings,N/A
GALE,$1.59,1441743413322,"426,108",89% bullish,of 47 ratings,$4
GALTU,NULL,1441743413350,0,100% bearish,of 1 rating,N/A
GPIC,$9.78,1441743413371,"2,558",100% bearish,of 1 rating,N/A
GALTW,$0.65,1441743413392,400,100% bullish,of 1 rating,N/A
GLMD,$8.2,1441743413521,"11,094",67% bullish,of 3 ratings,$20.50
GGAC,$9.92,1441743413549,162,100% bearish,of 1 rating,N/A
GGACR,$0.23,1441743413577,"17,200",100% bullish,of 1 rating,N/A
GRMN,$37.67,1441743413833,"634,457",50% bullish,of 6 ratings,$46.50
GLPI,$30.82,1441743413864,"218,936",100% bearish,of 1 rating,$37.50
GGACW,$0.15,1441743413891,"80,070",Not yet rated,NULL,N/A
GGACU,NULL,1441743413916,0,Not yet rated,NULL,N/A
GARS,$14.56,1441743414093,"24,213",Not yet rated,NULL,$16
GNCMA,$17.23,1441743414122,"99,220",100% bearish,of 1 rating,$12
GENC,$9.04,1441743414215,"1,090",100% bearish,of 1 rating,N/A
GFNSL,$25.5,1441743414433,"1,845",Not yet rated,NULL,N/A
GFN,$3.76,1441743414467,"15,399",100% bearish,of 2 ratings,$8
GENE,$2.43,1441743414522,"85,130",100% bullish,of 12 ratings,N/A
GNCA,$11.1,1441743414562,"52,099",100% bearish,of 1 rating,$20
GNMK,$9.896,1441743414611,"49,165",67% bullish,of 6 ratings,$14
GFNCP,$88.5,1441743414638,105,Not yet rated,NULL,N/A
GHDX,$25.57,1441743414855,"122,748",50% bullish,of 2 ratings,$30
THRM,$45.43,1441743414902,"232,075",75% bearish,of 4 ratings,$55.50
GNVC,$2.63,1441743415047,"22,234",90% bullish,of 10 ratings,$8.50
GTWN,$18.39,1441743415080,6,Not yet rated,NULL,N/A
GEOS,$16.56,1441743415105,"87,070",100% bearish,of 3 ratings,$21
GNTX,$16.01,1441743415130,"2,009,472",Not yet rated,NULL,$20
GABC,$28.78,1441743415185,"12,464",Not yet rated,NULL,$31.50
GERN,$3.38,1441743415312,"1,738,660",88% bullish,of 17 ratings,$5.25
GEVO,$2.3,1441743415387,"460,706",75% bullish,of 12 ratings,$5
GIGA,$1.32,1441743415515,"114,219",100% bearish,of 1 rating,N/A
ROCK,$16.56,1441743415547,"109,122",80% bullish,of 5 ratings,$24
GIGM,$0.5399,1441743415568,"39,771",100% bullish,of 2 ratings,N/A
GILT,$4.19,1441743415647,"6,080",50% bullish,of 2 ratings,N/A
GIII,$69.39,1441743415791,"241,050",67% bullish,of 3 ratings,$79
GILD,$104.9,1441743415836,"6,773,055",91% bullish,of 89 ratings,$129
GLADO,$25.5,1441743415970,"4,100",Not yet rated,NULL,N/A
GBCI,$26.42,1441743416012,"108,221",50% bullish,of 2 ratings,$31
GOOD,$14,1441743416104,"65,002",Not yet rated,NULL,$19
GOODN,$25.55,1441743416143,369,Not yet rated,NULL,N/A
GLAD,$8.91,1441743416183,"132,047",50% bullish,of 2 ratings,$8.75
GOODP,$25.2,1441743416345,400,Not yet rated,NULL,N/A
GAIN,$7.47,1441743416373,"68,002",100% bullish,of 2 ratings,$8.25
GOODO,$25.14,1441743416398,300,Not yet rated,NULL,N/A
GAINO,$25.35,1441743416592,"1,500",Not yet rated,NULL,N/A
GLBZ,$12.05,1441743416729,421,Not yet rated,NULL,N/A
GAINN,$25.17,1441743416773,"43,301",Not yet rated,NULL,N/A
GAINP,$25.6,1441743416820,"2,467",Not yet rated,NULL,N/A
LAND,$9.24,1441743416845,"28,078",50% bullish,of 2 ratings,$13.75
GDEF,$10.65,1441743416907,800,Not yet rated,NULL,N/A
ENT,$11.2544,1441743417054,"103,023",100% bearish,of 1 rating,$18
GBT,$52.29,1441743417110,"169,811",100% bearish,of 1 rating,N/A
GBLI,$27.47,1441743417156,"9,086",Not yet rated,NULL,N/A
GPACU,$10.1,1441743417243,"500,012",Not yet rated,NULL,N/A
QQQC,$19.27,1441743417447,506,100% bearish,of 1 rating,N/A
GSOL,$8.34,1441743417480,"10,252",100% bearish,of 1 rating,N/A
ACTX,NULL,1441743417523,0,100% bullish,of 1 rating,N/A
SRET,$12.91,1441743417701,141,Not yet rated,NULL,N/A
GAI,$6.15,1441743417729,588,50% bullish,of 2 ratings,N/A
SOCL,$17.4,1441743417757,"28,804",100% bullish,of 2 ratings,N/A
ALTY,$14.33,1441743417793,133,Not yet rated,NULL,N/A
YLCO,$11.6199,1441743417923,"1,700",Not yet rated,NULL,N/A
GSM,$14.36,1441743417988,"324,998",50% bullish,of 2 ratings,$22
GLBS,$1.25,1441743418012,"10,553",67% bullish,of 3 ratings,N/A
GBIM,$2.67,1441743418140,"3,536",50% bullish,of 2 ratings,N/A
GLUU,$4.64,1441743418227,"1,107,177",92% bullish,of 26 ratings,$9
GLYC,$6.98,1441743418254,"30,812",50% bullish,of 2 ratings,$14
GLRI,$0.931,1441743418280,"32,059",100% bearish,of 1 rating,$4.25
GOGO,$15.8318,1441743418550,"292,107",80% bullish,of 5 ratings,$25
GLNG,$38.9234,1441743418583,"553,940",83% bullish,of 6 ratings,$55.50
GMLP,$20.36,1441743418718,"140,935",50% bullish,of 4 ratings,$29
GOGL,$2.92,1441743418764,"156,575",75% bullish,of 4 ratings,$5
GDEN,$9.05,1441743418790,"2,323",50% bullish,of 2 ratings,N/A
GLDC,$4,1441743418811,"1,205",50% bullish,of 2 ratings,N/A
GBDC,$17.13,1441743418858,"183,421",Not yet rated,NULL,$17.75
GTIM,$6.84,1441743418946,"30,373",Not yet rated,NULL,$11.50
GOOG,$614.38,1441743418990,"1,574,573",87% bullish,of 75 ratings,$787.50
GOOGL,$643.51,1441743419088,"1,103,560",88% bullish,of 1083 ratings,$749
GMAN,$3.71,1441743419193,"19,254",60% bullish,of 5 ratings,$8.50
GPRO,$37.5,1441743419258,"7,609,525",78% bullish,of 60 ratings,$71
GPIA,NULL,1441743419283,0,100% bearish,of 1 rating,N/A
GPIAU,$9.96,1441743419502,800,Not yet rated,NULL,N/A
GPIAW,NULL,1441743419530,0,Not yet rated,NULL,N/A
LOPE,$37.73,1441743419557,"82,366",100% bearish,of 2 ratings,$50
GRVY,$3.74,1441743419630,"1,399",50% bullish,of 2 ratings,N/A
GBSNU,NULL,1441743419685,0,NULL,NULL,NULL
GSBC,$41.09,1441743419717,"17,226",100% bullish,of 1 rating,$44
GBSN,$0.16,1441743419738,"5,369,894",50% bullish,of 2 ratings,$8.25
GLDD,$5.4253,1441743419770,"104,312",100% bearish,of 4 ratings,$7.75
GPP,$13.75,1441743420078,"54,829",Not yet rated,NULL,$20.50
GRBK,$11.8854,1441743420105,"124,597",77% bullish,of 13 ratings,N/A
GNBC,$11.88,1441743420183,"38,214",100% bearish,of 1 rating,$16.50
GCBC,$28.74,1441743420232,435,100% bullish,of 1 rating,N/A
GPRE,$20.46,1441743420397,"402,369",67% bullish,of 6 ratings,$28.50
GLRE,$24.78,1441743420588,"83,721",50% bullish,of 2 ratings,$34
GRIF,$29.08,1441743420650,"12,334",100% bearish,of 1 rating,N/A
GGAL,$20.2685,1441743420722,"184,798",80% bullish,of 5 ratings,$40
GRFS,$31.85,1441743420752,"316,373",50% bullish,of 2 ratings,$35
GRPN,$4.25,1441743420773,"5,315,882",61% bullish,of 71 ratings,$6.75
GSIG,$12.77,1441743420914,"42,712",100% bearish,of 2 ratings,N/A
OMAB,$41.13,1441743421007,"25,746",100% bullish,of 1 rating,$44
GSIT,$4.5648,1441743421076,"20,970",100% bearish,of 1 rating,N/A
GSVC,$8.96,1441743421168,"22,618",50% bullish,of 2 ratings,$15.75
GTXI,$0.908,1441743421196,"5,720",100% bullish,of 5 ratings,$.75
GBNK,$15.62,1441743421221,"22,867",100% bearish,of 1 rating,$18
GFED,$14.35,1441743421484,"4,925",Not yet rated,NULL,$17
GURE,$1.58,1441743421586,"36,339",88% bullish,of 8 ratings,N/A
GULTU,$0.3301,1441743421611,"143,444",100% bearish,of 1 rating,N/A
GUID,$6.7824,1441743421636,"37,062",100% bearish,of 3 ratings,$10
GIFI,$12.16,1441743421663,"49,045",100% bearish,of 1 rating,$16
GWGH,$7.94,1441743421898,"1,790",100% bearish,of 1 rating,$15.05
GPOR,$33.25,1441743421974,"1,150,703",75% bullish,of 4 ratings,$54
GWPH,$105.6445,1441743422056,"73,696",78% bullish,of 9 ratings,$148.50
GYRO,$32.7,1441743422116,"9,851",100% bearish,of 1 rating,N/A
HLG,$9,1441743422141,"3,400",100% bearish,of 1 rating,N/A
HNRG,$7.18,1441743422185,"64,185",100% bearish,of 1 rating,$10
HEES,$19.8997,1441743422232,"354,380",67% bearish,of 3 ratings,$31
HALL,$11.44,1441743422402,"36,367",Not yet rated,NULL,N/A
HBHC,$27.89,1441743422595,"282,782",50% bullish,of 2 ratings,$30
HBK,$13.63,1441743422659,10,50% bullish,of 2 ratings,N/A
HMPR,$1.9,1441743422727,"236,859",100% bullish,of 1 rating,N/A
HALO,$17.5291,1441743422767,"496,745",67% bullish,of 3 ratings,$22.50
HNH,$24.67,1441743422795,"9,952",100% bullish,of 1 rating,N/A
HBHCL,$24.2,1441743422824,"64,494",Not yet rated,NULL,N/A
HNSN,$0.552,1441743422870,"126,507",88% bullish,of 8 ratings,$.40
HAFC,$24.57,1441743422930,"156,026",100% bullish,of 2 ratings,$28.50
HDNG,$10.53,1441743423285,"15,382",50% bullish,of 4 ratings,N/A
HLIT,$5.68,1441743423350,"211,891",100% bearish,of 1 rating,$6.50
HRMN,NULL,1441743423422,0,Not yet rated,NULL,N/A
HQCL,$12.47,1441743423485,"3,337",67% bullish,of 3 ratings,$14
HRMNU,NULL,1441743423513,0,Not yet rated,NULL,N/A
HRMNW,NULL,1441743423589,0,Not yet rated,NULL,N/A
HART,$1.34,1441743423736,"117,123",100% bearish,of 1 rating,N/A
TINY,$2.48,1441743423765,"15,708",50% bullish,of 2 ratings,$5.26
HBIO,$4.47,1441743423867,"77,830",100% bearish,of 1 rating,$10
HCAP,$11.95,1441743423896,"4,926",50% bullish,of 2 ratings,$15
HA,$24.52,1441743423951,"399,287",67% bullish,of 9 ratings,$27
HAS,$76.29,1441743424110,"971,536",63% bullish,of 8 ratings,$84.50
HCAPL,$25.41,1441743424182,"1,105",Not yet rated,NULL,N/A
HCOM,$21.5,1441743424210,"11,644",100% bearish,of 1 rating,$28
HWKN,$38.21,1441743424284,"16,060",Not yet rated,NULL,N/A
HWBK,$13.81,1441743424379,"3,263",100% bearish,of 1 rating,N/A
HAYN,$37.25,1441743424479,"29,250",100% bearish,of 1 rating,$59
HDS,$33.25,1441743424611,"2,284,084",100% bearish,of 2 ratings,$39.50
HIIQ,$4.81,1441743424649,"5,761",50% bullish,of 2 ratings,$7
HQY,$30.53,1441743424742,"200,185",67% bullish,of 3 ratings,$35
HCSG,$33.3,1441743424767,"159,881",50% bullish,of 4 ratings,$35
HSTM,$24.5654,1441743424985,"70,749",50% bullish,of 2 ratings,$33.75
HTLD,$20.57,1441743425035,"212,735",Not yet rated,NULL,$22.50
HTLF,$36.36,1441743425062,"31,725",100% bullish,of 1 rating,$39.50
HWAY,$11.66,1441743425114,"267,697",100% bearish,of 1 rating,$15
HTWR,$66.8894,1441743425286,"271,609",50% bullish,of 2 ratings,$97.50
HTBX,$3.99,1441743425312,"22,265",50% bullish,of 2 ratings,$15.50
HSII,$20.34,1441743425345,"25,490",100% bullish,of 3 ratings,$25
HMNY,$2.18,1441743425443,"8,743",100% bearish,of 1 rating,N/A
HELE,$85.7966,1441743425475,"124,773",67% bearish,of 3 ratings,$100
HNNA,$24.42,1441743425570,"16,477",100% bearish,of 1 rating,N/A
HMTV,$13.3,1441743425604,"9,899",100% bearish,of 1 rating,$16
HSIC,$136.59,1441743425701,"358,328",83% bullish,of 6 ratings,$146
HCACU,$9.92,1441743425727,"107,894",Not yet rated,NULL,N/A
HERO,NULL,1441743425772,0,NULL,NULL,NULL
HFWA,$17.99,1441743425922,"33,167",100% bullish,of 1 rating,$20
HTBK,$10.88,1441743425950,"60,602",Not yet rated,NULL,$12
MLHR,$27.54,1441743426208,"153,446",50% bullish,of 2 ratings,$33.50
HCCI,$12.09,1441743426234,"79,967",100% bearish,of 1 rating,$16.50
HEOP,$7.93,1441743426254,"25,176",Not yet rated,NULL,$8.50
HFFC,$16.2,1441743426399,"4,452",Not yet rated,NULL,N/A
HRTX,$40.2822,1441743426425,"1,306,050",57% bullish,of 7 ratings,$41
HSKA,$32.9297,1441743426466,"24,685",100% bearish,of 1 rating,$38
HIBB,$39.6,1441743426492,"199,853",100% bearish,of 1 rating,$46.50
HIHO,$5.15,1441743426553,"96,303",Not yet rated,NULL,N/A
HPJ,$2.25,1441743426651,"40,907",75% bullish,of 4 ratings,$12.43
HIMX,$7.51,1441743426678,"1,121,451",86% bullish,of 21 ratings,$8.25
HIFS,$112.61,1441743426810,"4,916",Not yet rated,NULL,N/A
HMNF,$11.63,1441743426983,438,Not yet rated,NULL,N/A
HMSY,$10.13,1441743427010,"569,065",67% bullish,of 3 ratings,$19.35
HSGX,$6.17,1441743427031,"5,416",100% bearish,of 1 rating,$17
HOLI,$16.6595,1441743427169,"274,810",50% bullish,of 4 ratings,$27
HBCP,$24.6,1441743427274,"3,763",Not yet rated,NULL,$29
HOLX,$39.5,1441743427305,"2,888,477",50% bullish,of 4 ratings,$42
HOMB,$38.46,1441743427409,"126,194",Not yet rated,NULL,$42
AWAY,$28.4577,1441743427512,"423,842",75% bullish,of 4 ratings,$36
HMIN,$25.12,1441743427587,"56,628",100% bearish,of 2 ratings,$35
HMST,$22.47,1441743427650,"52,171",100% bullish,of 2 ratings,$27
HFBL,$22.4,1441743427679,"7,420",Not yet rated,NULL,N/A
HTBI,$18.1268,1441743427786,"79,343",67% bullish,of 3 ratings,$18.625
HOFT,$25.38,1441743427815,"48,366",100% bearish,of 1 rating,N/A
CETC,$0.7928,1441743427847,"32,356",86% bullish,of 7 ratings,N/A
HKTV,$4.17,1441743427892,"56,027",100% bearish,of 1 rating,N/A
HFBC,$10.99,1441743428174,"19,038",Not yet rated,NULL,N/A
HBNC,$23.88,1441743428303,"24,074",100% bullish,of 1 rating,$27
HZNP,$29.5439,1441743428353,"1,208,382",85% bullish,of 20 ratings,$40
HRZN,$10.32,1441743428397,"14,475",50% bullish,of 2 ratings,$14.25
HOVNP,$4.76,1441743428444,"6,074",100% bearish,of 1 rating,N/A
HDP,$24.1988,1441743428469,"298,133",67% bearish,of 3 ratings,$30.50
ZINC,$7.5406,1441743428547,"348,908",100% bearish,of 1 rating,$17
HBMD,$13.79,1441743428619,"9,800",100% bearish,of 1 rating,N/A
HWCC,$7.63,1441743428720,"39,833",100% bearish,of 1 rating,$9
HMHC,$22.9,1441743428816,"343,841",Not yet rated,NULL,$27
HSNI,$59.82,1441743428848,"138,219",Not yet rated,NULL,$80
HUBG,$38.44,1441743428877,"144,638",100% bearish,of 1 rating,$43
HTGM,$6.19,1441743428978,"7,452",100% bearish,of 1 rating,$19.50
HCBK,$9.5475,1441743429193,"1,280,148",83% bullish,of 6 ratings,$8.61
HSON,$2.77,1441743429265,"67,622",100% bearish,of 1 rating,$5
HBAN,$10.84,1441743429368,"4,308,023",76% bullish,of 17 ratings,$12.29
HDSN,$3.05,1441743429394,"12,867",100% bullish,of 1 rating,$6.25
HBANP,$1329,1441743429422,15,100% bearish,of 1 rating,N/A
HURC,$29.91,1441743429529,"7,130",100% bearish,of 1 rating,N/A
HTCH,$1.5,1441743429558,"48,074",100% bearish,of 1 rating,$3.50
HDRAR,NULL,1441743429774,0,Not yet rated,NULL,N/A
HURN,$73.7233,1441743429806,"66,540",50% bullish,of 2 ratings,$80
HBP,$3.14,1441743429845,344,100% bullish,of 1 rating,N/A
HYGS,$8.56,1441743429908,"12,317",50% bullish,of 2 ratings,$13
HDRAW,NULL,1441743429942,0,Not yet rated,NULL,N/A
HDRA,NULL,1441743429967,0,Not yet rated,NULL,N/A
IDSY,$3.8,1441743430008,"12,710",100% bearish,of 1 rating,$7
HDRAU,NULL,1441743430048,0,Not yet rated,NULL,N/A
IACI,$69.8918,1441743430572,"454,782",80% bullish,of 5 ratings,$90
IEP,$69.43,1441743430603,"84,773",75% bullish,of 4 ratings,$99
ICON,$13.34,1441743430653,"574,043",50% bullish,of 2 ratings,$18.50
ICFI,$33.67,1441743430680,"32,593",50% bullish,of 2 ratings,$48.50
ICAD,$4.02,1441743430704,"22,359",50% bullish,of 2 ratings,$7.25
ICLR,$77.8292,1441743430725,"283,295",100% bearish,of 3 ratings,$85
IKGH,$1.51,1441743430760,"45,073",75% bullish,of 4 ratings,N/A
IBKC,$61.2,1441743430785,"81,619",100% bullish,of 1 rating,$70
IPWR,$7.92,1441743431003,"7,334",100% bullish,of 1 rating,$15
ICUI,$111.67,1441743431034,"89,423",Not yet rated,NULL,$122
IDRA,$3.02,1441743431064,"885,497",89% bullish,of 9 ratings,$6.50
INVE,$4.35,1441743431139,"19,890",75% bullish,of 4 ratings,$4
DSKY,$10.8009,1441743431164,"100,484",67% bullish,of 6 ratings,$11.50
IDXX,$74.76,1441743431305,"329,626",100% bearish,of 1 rating,$76
RXDX,$16.4,1441743431545,"185,174",100% bullish,of 1 rating,$20
IRG,$5.2,1441743431576,"13,851",100% bearish,of 1 rating,$4.25
IROQ,$16.82,1441743431644,496,100% bullish,of 1 rating,N/A
IKAN,$2.74,1441743431751,"26,704",83% bullish,of 6 ratings,$5
IIVI,$16.86,1441743431778,"116,527",100% bearish,of 1 rating,$22
KANG,$15.1341,1441743431818,"246,351",50% bullish,of 2 ratings,$23.10
ILMN,$198.42,1441743431907,"1,009,773",80% bullish,of 5 ratings,$245
IKNX,$11.97,1441743431991,22,100% bearish,of 1 rating,N/A
IMMR,$12.7225,1441743432138,"154,035",80% bullish,of 5 ratings,$15.50
ISNS,$4.24,1441743432244,"16,167",50% bullish,of 2 ratings,N/A
IMDZ,$15.3083,1441743432297,"85,615",100% bearish,of 1 rating,$33
ICCC,$6.83,1441743432339,"5,975",100% bullish,of 1 rating,N/A
IMGN,$13.3411,1441743432444,"818,944",75% bullish,of 4 ratings,$17.50
IMNP,$1.36,1441743432481,"163,111",50% bullish,of 2 ratings,$6
IMMU,$2.33,1441743432540,"2,371,348",86% bullish,of 7 ratings,$2
IPXL,$44.4151,1441743432692,"1,436,295",67% bullish,of 3 ratings,$46.50
IMMY,$7.69,1441743432753,"4,259",100% bearish,of 1 rating,$11
SAAS,$7.2728,1441743432799,"548,021",50% bullish,of 2 ratings,$15
INCR,$43.1,1441743432824,"244,987",50% bullish,of 2 ratings,$53
INCY,$118.6418,1441743432851,"436,796",50% bullish,of 6 ratings,$125.50
INDB,$44.95,1441743432988,"36,074",Not yet rated,NULL,$44
IBCP,$14.19,1441743433013,"58,125",100% bullish,of 1 rating,$14.50
INFI,$8.83,1441743433363,"333,555",50% bullish,of 4 ratings,$16.50
IBTX,$41.3,1441743433388,"17,162",100% bullish,of 2 ratings,$47.25
IPCC,$75.89,1441743433433,"20,851",Not yet rated,NULL,$77.50
IDSA,$3.69,1441743433461,132,Not yet rated,NULL,N/A
INFN,$20.5374,1441743433532,"2,858,159",71% bullish,of 7 ratings,$28
III,$3.74,1441743433557,"46,940",57% bullish,of 7 ratings,$6
IFON,$1.26,1441743433589,"24,841",75% bullish,of 4 ratings,N/A
INWK,$7.0657,1441743433718,"61,255",50% bullish,of 2 ratings,$10
IMKTA,$49.6514,1441743433781,"77,546",100% bearish,of 1 rating,N/A
INOD,$2.3,1441743433860,"27,409",100% bearish,of 1 rating,N/A
IPHS,$45.63,1441743434005,"54,038",100% bearish,of 1 rating,$60
IOSP,$49.41,1441743434054,"120,040",100% bearish,of 1 rating,N/A
ISSC,$2.71,1441743434187,"24,457",67% bearish,of 3 ratings,N/A
INNL,$11.81,1441743434243,"43,835",100% bearish,of 1 rating,$16.50
INGN,$52.47,1441743434344,"191,424",100% bearish,of 1 rating,$50.50
INO,$7.12,1441743434390,"644,424",89% bullish,of 18 ratings,$20
ITEK,$13.0511,1441743434415,"221,647",100% bearish,of 3 ratings,$20
INOV,$21.46,1441743434443,"190,922",100% bearish,of 1 rating,$33
ISIG,$2.59,1441743434574,"8,542",100% bearish,of 1 rating,N/A
NSIT,$25.05,1441743434766,"89,754",50% bullish,of 2 ratings,N/A
PODD,$28.8754,1441743434794,"160,651",67% bearish,of 3 ratings,$35
INSY,$35.01,1441743434823,"695,928",75% bullish,of 4 ratings,$48
INSM,$24.7302,1441743434845,"282,337",71% bullish,of 7 ratings,$31.50
NTEC,$5.65,1441743434879,"4,648",100% bearish,of 1 rating,N/A
IIIN,$17.79,1441743434979,"30,725",100% bearish,of 2 ratings,N/A
IART,$63.23,1441743435006,"117,465",100% bearish,of 2 ratings,$71.50
IESC,$7.08,1441743435208,"3,903",100% bearish,of 1 rating,N/A
IDTI,$19.82,1441743435234,"1,544,521",60% bullish,of 5 ratings,$25
ISSI,$21.9,1441743435263,"119,799",67% bullish,of 3 ratings,$19.75
INTC,$29.5,1441743435363,"19,535,498",82% bullish,of 238 ratings,$36
IQNT,$19.1789,1441743435531,"201,393",86% bullish,of 7 ratings,$20
IPAR,$25.02,1441743435614,"68,419",67% bullish,of 3 ratings,$38
ICLD,$2.02,1441743435760,"233,084",75% bullish,of 4 ratings,N/A
ININ,$36.02,1441743435786,"52,141",67% bearish,of 3 ratings,$57
ICPT,$194.0916,1441743435821,"166,222",70% bullish,of 10 ratings,$359.50
IPCI,$2.26,1441743435914,"14,063",67% bullish,of 6 ratings,$8
IBKR,$38.57,1441743435946,"326,910",100% bullish,of 1 rating,N/A
IDCC,$48.65,1441743435976,"140,258",80% bullish,of 5 ratings,$63
ICLDW,NULL,1441743436001,0,100% bearish,of 1 rating,N/A
TILE,$24.41,1441743436044,"222,063",100% bearish,of 3 ratings,$27
IMI,$2,1441743436264,"25,464",67% bullish,of 3 ratings,$2.22
INAP,$9.36,1441743436403,"121,735",75% bullish,of 4 ratings,$11
IBOC,$25.44,1441743436433,"101,609",100% bearish,of 1 rating,N/A
IIJI,$8.58,1441743436478,320,50% bullish,of 2 ratings,$12.50
ISCA,$32.67,1441743436534,"44,099",100% bearish,of 1 rating,N/A
PTNT,$3.01,1441743436563,"1,118",Not yet rated,NULL,N/A
IGLD,$7.38,1441743436670,"1,175",50% bullish,of 2 ratings,N/A
XENT,$25.4307,1441743436702,"166,378",50% bullish,of 2 ratings,$36.50
INPH,$0.319,1441743436731,"6,223",50% bullish,of 2 ratings,N/A
ISIL,$10.84,1441743436991,"546,142",50% bullish,of 6 ratings,$15
IVAC,$4.89,1441743437025,"13,939",100% bearish,of 1 rating,$6.625
IILG,$19.58,1441743437072,"59,563",100% bearish,of 1 rating,$29
INTX,$1.96,1441743437097,"8,970",67% bullish,of 3 ratings,N/A
INTL,$25.93,1441743437124,"37,954",67% bearish,of 3 ratings,N/A
INTLL,$25.71,1441743437151,600,Not yet rated,NULL,N/A
ITCI,$27.54,1441743437355,"158,302",75% bearish,of 4 ratings,$40
ISRG,$520.64,1441743437622,"226,332",67% bullish,of 3 ratings,$600
IIN,$6.63,1441743437648,"2,166",100% bearish,of 1 rating,$12
SNAK,$8.24,1441743437670,"53,636",50% bullish,of 2 ratings,$14
ISBC,$12,1441743437700,"1,046,944",100% bullish,of 1 rating,$13.25
INTU,$87.74,1441743437728,"1,267,733",86% bullish,of 7 ratings,$107.50
INVT,$0.33,1441743437834,"56,621",67% bullish,of 3 ratings,N/A
ITIC,$69.94,1441743437906,118,100% bearish,of 2 ratings,N/A
NVIV,$10.96,1441743437964,"335,040",50% bullish,of 4 ratings,$24.50
IPAS,$1.08,1441743438062,"5,246",67% bullish,of 3 ratings,N/A
IVTY,$14.33,1441743438089,"14,038",Not yet rated,NULL,$18
ISTR,$15.93,1441743438147,"4,462",100% bearish,of 1 rating,$18.50
DTUL,NULL,1441743438175,0,Not yet rated,NULL,N/A
DFVL,NULL,1441743438278,0,Not yet rated,NULL,N/A
IRBT,$30.5,1441743438530,"161,883",67% bullish,of 6 ratings,$37
IRDMB,$269,1441743438621,175,67% bearish,of 3 ratings,N/A
IRIX,$6.86,1441743438649,"2,767",100% bearish,of 1 rating,N/A
IRMD,$24.64,1441743438670,"12,199",67% bearish,of 3 ratings,$25
IPCM,$79.22,1441743438706,"128,651",50% bullish,of 2 ratings,$80.125
IPGP,$83.28,1441743438809,"349,115",67% bearish,of 3 ratings,$109.50
IRDM,$6.85,1441743438835,"345,450",60% bullish,of 5 ratings,$11.50
IRWD,$11.2493,1441743438968,"865,036",100% bearish,of 1 rating,$13
IFAS,NULL,1441743439097,0,NULL,NULL,NULL
GNMA,$50.01,1441743439117,"4,842",Not yet rated,NULL,N/A
IRCP,NULL,1441743439203,0,100% bullish,of 2 ratings,N/A
FCHI,NULL,1441743439243,0,NULL,NULL,NULL
COMT,$33.49,1441743439335,"41,824",100% bearish,of 1 rating,N/A
IFEU,$37.82,1441743439404,"1,375",Not yet rated,NULL,N/A
IFNA,NULL,1441743439427,0,NULL,NULL,NULL
IFGL,$28.14,1441743439504,"68,734",Not yet rated,NULL,N/A
ACWX,$40.24,1441743439767,"675,296",100% bearish,of 1 rating,N/A
AAXJ,$52.97,1441743439802,"602,167",Not yet rated,NULL,N/A
ACWI,$55.1786,1441743439823,"1,862,394",Not yet rated,NULL,N/A
AXJS,NULL,1441743439900,0,NULL,NULL,NULL
EEMA,$49.71,1441743439929,"19,703",Not yet rated,NULL,N/A
AAIT,NULL,1441743439954,0,NULL,NULL,NULL
EMDI,NULL,1441743439981,0,NULL,NULL,NULL
EEME,NULL,1441743440004,0,NULL,NULL,NULL
EMEY,NULL,1441743440081,0,NULL,NULL,NULL
EGRW,NULL,1441743440172,0,NULL,NULL,NULL
EVAL,NULL,1441743440233,0,NULL,NULL,NULL
EEML,NULL,1441743440447,0,Not yet rated,NULL,N/A
EUFN,$21.63,1441743440514,"134,005",100% bearish,of 1 rating,N/A
QAT,$21.55,1441743440621,"3,656",Not yet rated,NULL,N/A
IBB,$351.27,1441743440694,"940,801",67% bullish,of 9 ratings,N/A
SOXX,$84.81,1441743440822,"336,855",50% bullish,of 2 ratings,N/A
IEUS,$45.42,1441743440870,"1,715",100% bearish,of 1 rating,N/A
UAE,$17.52,1441743440894,"1,655",Not yet rated,NULL,N/A
INDY,$26.68,1441743441148,"764,425",50% bullish,of 2 ratings,N/A
EMIF,$28.16,1441743441186,"2,957",Not yet rated,NULL,N/A
ISHG,$79.65,1441743441255,"2,800",100% bearish,of 1 rating,N/A
WOOD,$47.94,1441743441387,"4,296",50% bullish,of 2 ratings,N/A
IGOV,$91.25,1441743441414,"18,780",100% bearish,of 1 rating,N/A
ISIS,$53.6138,1441743441436,"616,438",53% bullish,of 15 ratings,$67
ICLN,$9.42,1441743441468,"16,508",50% bullish,of 2 ratings,N/A
ISLE,$19.7554,1441743441568,"409,845",50% bullish,of 4 ratings,$17
ISRL,$122.86,1441743441734,781,100% bearish,of 1 rating,N/A
ITRN,$23.74,1441743441877,957,50% bullish,of 2 ratings,N/A
IXYS,$11.54,1441743441911,"63,820",50% bullish,of 4 ratings,N/A
XXIA,$15.17,1441743441932,"573,617",71% bullish,of 7 ratings,$14.625
ITRI,$29.05,1441743441961,"159,085",100% bearish,of 1 rating,$37
JJSF,$115.38,1441743442018,"39,166",100% bearish,of 1 rating,N/A
MAYS,$55,1441743442105,231,Not yet rated,NULL,N/A
ITUS,$4.16,1441743442176,"15,771",Not yet rated,NULL,N/A
JBHT,$76.64,1441743442310,"460,784",50% bullish,of 4 ratings,$89.50
JCOM,$68.53,1441743442407,"118,818",100% bullish,of 2 ratings,$77
JASO,$7.97,1441743442435,"549,329",82% bullish,of 17 ratings,$10
JKHY,$68.35,1441743442587,"216,021",67% bearish,of 3 ratings,$72
JXSB,NULL,1441743442721,0,Not yet rated,NULL,N/A
JAXB,$13.94,1441743442752,398,100% bullish,of 1 rating,N/A
JACK,$79.79,1441743442782,"224,141",71% bullish,of 7 ratings,$105
JAKK,$9.7968,1441743442854,"593,568",60% bearish,of 5 ratings,$11
JMBA,$14.1729,1441743442885,"94,657",75% bullish,of 4 ratings,$18
JRVR,$28,1441743442924,"27,495",Not yet rated,NULL,$32
ERW,NULL,1441743442984,0,Not yet rated,NULL,N/A
JD,$23.81,1441743443318,"17,844,815",75% bullish,of 16 ratings,$36
JASN,$4.84,1441743443344,"7,492",50% bullish,of 2 ratings,$9.50
JAGX,$3.24,1441743443373,"10,276",Not yet rated,NULL,$10.50
JBLU,$24.879,1441743443473,"8,030,490",94% bullish,of 18 ratings,$27
JAZZ,$165.9566,1441743443521,"235,268",80% bullish,of 15 ratings,$206.50
JASNW,NULL,1441743443567,0,50% bullish,of 2 ratings,N/A
JTPY,$2.96,1441743443777,"13,152",100% bearish,of 1 rating,N/A
JST,$3.67,1441743443847,"6,401",75% bullish,of 4 ratings,N/A
JIVE,$4.63,1441743443876,"1,765,632",75% bullish,of 4 ratings,$5
JCTCF,$9.58,1441743443906,8,100% bullish,of 1 rating,N/A
DATE,$5.81,1441743443936,"93,265",75% bullish,of 4 ratings,$9
WYIGU,$9.95,1441743443975,"3,100",100% bearish,of 1 rating,N/A
JOEZ,$0.1701,1441743444036,"303,852",92% bullish,of 12 ratings,N/A
JBSS,$51.5682,1441743444078,"36,895",67% bearish,of 3 ratings,N/A
JOUT,$23.8,1441743444351,"24,322",100% bearish,of 1 rating,$34
JNP,$13.6,1441743444537,"97,230",100% bullish,of 3 ratings,$15
