Symbol,Price,Date,Volume,Rating,RatingVoteCount,OneYearEstimate
TFSC,NULL,1441142402036,0,100% bearish,of 1 rating,N/A
FCTY,$8,1441142402087,"1,848",100% bullish,of 1 rating,$8.50
TFSCU,NULL,1441142402122,0,Not yet rated,NULL,N/A
PIH,$7.55,1441142402144,"4,202",100% bearish,of 1 rating,N/A
FCCY,$11.74,1441142402189,"1,712",100% bullish,of 1 rating,$13
FLWS,$8.4,1441142402214,"356,241",80% bullish,of 5 ratings,$15
TFSCR,NULL,1441142402238,0,Not yet rated,NULL,N/A
TFSCW,$0.26,1441142402279,"1,700",100% bearish,of 1 rating,N/A
UGLD,$9.41,1441142402382,"200,966",100% bearish,of 1 rating,N/A
DSLV,$68.81,1441142402410,"8,775",100% bearish,of 1 rating,N/A
DGLD,$79.85,1441142402514,"9,453",100% bullish,of 1 rating,N/A
USLV,$12.45,1441142402543,"150,268",86% bullish,of 7 ratings,N/A
JOBS,$25.71,1441142402754,"119,763",50% bullish,of 4 ratings,$36
SRCE,$28.94,1441142402887,"33,601",100% bullish,of 3 ratings,$33
EGHT,$7.62,1441142403019,"374,797",82% bullish,of 17 ratings,$11
CAFD,$14.72,1441142403044,"134,640",Not yet rated,NULL,$25
VNET,$17.24,1441142403075,"505,249",60% bullish,of 5 ratings,$35
SIXD,$2.63,1441142403101,"145,117",Not yet rated,NULL,N/A
AVHI,$13.86,1441142403179,"29,272",100% bearish,of 1 rating,$19
TWOU,$33.91,1441142403261,"192,888",50% bullish,of 2 ratings,$39
ABAX,$47.07,1441142403292,"171,906",100% bearish,of 1 rating,$60
ABGB,$5.62,1441142403340,"72,847",67% bullish,of 3 ratings,$5.50
ABY,$21.91,1441142403369,"594,791",100% bearish,of 2 ratings,$46
SHLM,$33.49,1441142403419,"105,560",100% bearish,of 1 rating,$47
ABEO,$4.64,1441142403448,"78,250",50% bullish,of 4 ratings,$15.50
ABMD,$92.78,1441142403580,"401,718",75% bullish,of 4 ratings,$100.50
ABEOW,$1.56,1441142403669,600,100% bullish,of 1 rating,N/A
AXAS,$1.76,1441142403962,"1,042,867",78% bullish,of 9 ratings,$3.50
AAON,$19.81,1441142403987,"91,310",100% bearish,of 1 rating,$24
ACTG,$8.98,1441142404063,"395,959",67% bullish,of 3 ratings,$18.50
XLRN,$28.3,1441142404136,"75,865",50% bullish,of 2 ratings,$57
ACAD,$35.91,1441142404162,"543,956",80% bullish,of 20 ratings,$48
AXDX,$19.29,1441142404195,"185,537",100% bearish,of 1 rating,N/A
ACST,$0.3377,1441142404220,"9,301",100% bullish,of 2 ratings,N/A
ACHC,$71.25,1441142404292,"304,519",50% bullish,of 2 ratings,$92
ANCX,$19.85,1441142404321,"18,654",Not yet rated,NULL,$20
ARAY,$6.65,1441142404484,"433,431",100% bearish,of 1 rating,$10.50
VXUP,$1.76,1441142404561,"97,794",100% bearish,of 1 rating,N/A
ACET,$21.7,1441142404588,"71,539",75% bullish,of 4 ratings,$30
AKAO,$6.74,1441142404615,"32,035",75% bullish,of 4 ratings,$15
VXDN,$1.7,1441142404649,"155,519",100% bearish,of 1 rating,N/A
ACRX,$4.37,1441142404749,"241,120",67% bearish,of 6 ratings,$5.50
ACHN,$7.09,1441142404774,"1,288,550",90% bullish,of 21 ratings,$16
ACTS,$1.66,1441142404969,"21,077",100% bearish,of 1 rating,N/A
ACNB,$20.37,1441142404996,"3,413",Not yet rated,NULL,N/A
ACOR,$31.77,1441142405070,"619,328",67% bearish,of 3 ratings,$38.50
ACIW,$20.79,1441142405130,"519,231",67% bearish,of 3 ratings,$24
ACTA,$13.83,1441142405156,"98,349",67% bearish,of 3 ratings,$25
ACPW,$1.92,1441142405183,"42,596",100% bullish,of 4 ratings,$3.25
ATVI,$27.86,1441142405209,"8,868,796",67% bullish,of 84 ratings,$31.50
ACXM,$20.43,1441142405339,"253,637",67% bullish,of 3 ratings,N/A
ADMS,$19.58,1441142405369,"42,805",100% bearish,of 2 ratings,$36
ACUR,$2.97,1441142405398,"9,958",100% bullish,of 5 ratings,$5
ADAP,$11.3,1441142405478,"82,690",67% bullish,of 3 ratings,$22
ADMP,$3.7,1441142405543,"15,441",50% bullish,of 2 ratings,$10
ADUS,$28.55,1441142405767,"49,950",100% bearish,of 1 rating,$31
AEY,$2.39,1441142405795,"10,112",100% bearish,of 2 ratings,N/A
ADEP,$6.63,1441142405816,"78,783",50% bullish,of 2 ratings,$10.75
ADMA,$9.08,1441142405851,"5,888",Not yet rated,NULL,$19
ADBE,$75.99,1441142405947,"1,859,391",65% bullish,of 17 ratings,$90
ADTN,$15.66,1441142406024,"281,573",67% bullish,of 3 ratings,$17.125
AEIS,$23.52,1441142406083,"160,844",50% bullish,of 2 ratings,$32.50
ADRO,$19.11,1441142406110,"189,189",80% bullish,of 5 ratings,$45.50
AMD,$1.71,1441142406245,"5,874,169",83% bullish,of 103 ratings,$2
YPRO,$23.0788,1441142406282,"1,721",100% bearish,of 1 rating,N/A
ADXSW,$9.32,1441142406303,"8,876",100% bullish,of 1 rating,N/A
MULT,NULL,1441142406335,0,100% bearish,of 1 rating,N/A
AEGR,$17.21,1441142406376,"298,891",50% bullish,of 6 ratings,$26
ADXS,$13.62,1441142406403,"497,062",64% bullish,of 14 ratings,$27
AEGN,$17.92,1441142406625,"105,425",100% bearish,of 2 ratings,$21
AEHR,$2.29,1441142406654,"23,680",50% bullish,of 2 ratings,N/A
AERI,$15.2,1441142406684,"401,727",75% bullish,of 4 ratings,$31.50
AMTX,$2.92,1441142406705,"8,412",50% bullish,of 2 ratings,$26.11
AEPI,$52.57,1441142406780,"9,973",100% bearish,of 1 rating,N/A
AEMD,$7.6,1441142406884,"17,166",Not yet rated,NULL,$27.50
AVAV,$23.38,1441142406982,"109,814",50% bullish,of 4 ratings,$31
AEZS,$0.088,1441142407010,"5,852,500",90% bullish,of 21 ratings,$1.50
AFFX,$8.97,1441142407041,"309,692",80% bullish,of 5 ratings,$12.50
AGRX,$8.42,1441142407069,"18,661",100% bearish,of 1 rating,$17.50
AGEN,$6.89,1441142407144,"546,222",85% bullish,of 13 ratings,$14
AFMD,$10.11,1441142407206,"83,005",50% bullish,of 4 ratings,$15
AGYS,$10.01,1441142407235,"27,968",100% bearish,of 1 rating,N/A
AGIO,$84.43,1441142407273,"176,494",88% bullish,of 8 ratings,$114
AGFSW,$2,1441142407435,"5,200",100% bearish,of 2 ratings,N/A
AGFS,$9.75,1441142407519,"39,356",100% bearish,of 1 rating,N/A
ATSG,$8.65,1441142407655,"192,226",67% bullish,of 3 ratings,$13
AIRM,$36,1441142407681,"246,276",80% bearish,of 5 ratings,$53
AIMT,$22.1,1441142407722,"108,393",Not yet rated,NULL,$35.50
AIRT,$22.64,1441142407756,588,100% bullish,of 1 rating,N/A
AMCN,$4.47,1441142407823,"115,443",83% bullish,of 6 ratings,N/A
AKRX,$38.61,1441142407853,"1,207,529",78% bullish,of 9 ratings,$56
AKAM,$70.43,1441142407927,"1,290,093",63% bullish,of 8 ratings,$77.50
AIXG,$6.3,1441142407959,"4,508",67% bearish,of 3 ratings,$5.25
AKBA,$7.47,1441142408012,"216,052",100% bearish,of 1 rating,$18
AKER,$2.59,1441142408059,540,Not yet rated,NULL,N/A
ALRM,$15.75,1441142408144,"247,583",100% bearish,of 1 rating,$22
AMRI,$19.6,1441142408226,"161,782",75% bearish,of 4 ratings,$24
ALSK,$2.22,1441142408360,"75,776",78% bullish,of 18 ratings,$2
ABDC,$12.89,1441142408384,"5,200",Not yet rated,NULL,$15
ALDR,$38.54,1441142408734,"284,484",67% bearish,of 3 ratings,$62
ADHD,$8.09,1441142408765,"98,506",50% bullish,of 4 ratings,$18
ALXA,$1.17,1441142408840,"21,253",83% bullish,of 6 ratings,$2.125
ALXN,$170.85,1441142408871,"1,576,587",88% bullish,of 8 ratings,$223
ALDX,$6.97,1441142408970,"4,567",100% bearish,of 1 rating,$14.50
ALGN,$53.94,1441142409005,"617,873",100% bearish,of 2 ratings,$73
ALCO,$41.66,1441142409026,"6,698",50% bullish,of 2 ratings,N/A
ALGT,$195.79,1441142409064,"290,258",100% bearish,of 2 ratings,$235
ALIM,$3.1,1441142409096,"91,885",80% bullish,of 5 ratings,$10
ALKS,$59.41,1441142409196,"862,204",67% bullish,of 3 ratings,$75
AIQ,$13.91,1441142409379,"12,914",67% bullish,of 3 ratings,N/A
ALLB,$22.64,1441142409451,380,Not yet rated,NULL,N/A
AFOP,$18.49,1441142409481,"156,169",75% bullish,of 8 ratings,$21
ARLP,$25.35,1441142409587,"134,854",67% bearish,of 3 ratings,$32
AHGP,$35.24,1441142409617,"100,779",67% bullish,of 3 ratings,N/A
ALQA,$4.68,1441142409678,"23,590",75% bullish,of 4 ratings,$8.50
AHPI,$1.46,1441142409719,828,50% bullish,of 2 ratings,N/A
AMOT,$17.8,1441142409756,"74,109",100% bearish,of 1 rating,N/A
ALLT,$5.11,1441142409822,"44,411",75% bullish,of 4 ratings,$6.25
AFAM,$43.99,1441142409894,"51,690",50% bullish,of 2 ratings,$44
MDRX,$13.29,1441142409923,"1,629,332",60% bullish,of 5 ratings,$16
SMCP,$22.7,1441142410002,"2,988",Not yet rated,NULL,N/A
ALNY,$97.9,1441142410055,"528,569",67% bullish,of 3 ratings,$151.50
ATEC,$0.58,1441142410135,"33,703",100% bullish,of 1 rating,$2
AOSL,$7.35,1441142410214,"53,115",67% bullish,of 3 ratings,$9
ALTR,$48.22,1441142410323,"2,240,829",80% bearish,of 5 ratings,$54
ASPS,$25.68,1441142410357,"172,999",67% bullish,of 3 ratings,$46.50
AIMC,$23.79,1441142410385,"89,145",100% bearish,of 2 ratings,$28.50
AMRN,$2.12,1441142410455,"957,229",85% bullish,of 39 ratings,$8
AMAG,$60.98,1441142410480,"455,620",100% bullish,of 2 ratings,$77.50
AMRK,$10.5,1441142410511,"2,012",50% bullish,of 2 ratings,$14
AYA,$20.42,1441142410553,"27,070",100% bearish,of 1 rating,$40
AMBC,$15.94,1441142410647,"257,602",100% bearish,of 1 rating,$16.50
AMZN,$497,1441142410717,"1,951,225",81% bullish,of 265 ratings,$646
EPAX,$2.69,1441142410807,"45,161",100% bearish,of 1 rating,N/A
AMBA,$85.5,1441142410836,"3,064,223",83% bullish,of 12 ratings,$102.50
AMBCW,NULL,1441142410938,0,100% bearish,of 1 rating,N/A
DOX,$56.23,1441142411070,"391,741",67% bearish,of 3 ratings,$60
UHAL,$366.2,1441142411104,"18,180",100% bullish,of 2 ratings,$393.50
AMDA,$0.47,1441142411137,"482,023",90% bullish,of 10 ratings,$1
AMCX,$69.65,1441142411159,"381,667",67% bullish,of 3 ratings,$87.50
ASBI,$22.8,1441142411250,942,Not yet rated,NULL,N/A
AMED,$39.36,1441142411290,"340,333",100% bearish,of 1 rating,$42
ATAX,$5.29,1441142411357,"48,832",100% bullish,of 1 rating,$6.50
AMOV,$17.96,1441142411426,"2,610",100% bearish,of 1 rating,N/A
AAL,$39.2,1441142411455,"10,210,268",93% bullish,of 88 ratings,$57
AGNCB,$24.11,1441142411485,"17,471",Not yet rated,NULL,N/A
AGNC,$19.08,1441142411528,"2,093,221",71% bullish,of 28 ratings,$22
AGNCP,$25.33,1441142411716,"4,557",Not yet rated,NULL,N/A
MTGE,$15.21,1441142411821,"439,287",75% bullish,of 4 ratings,$19.50
ACSF,$12.34,1441142411848,"41,963",100% bearish,of 1 rating,$15
MTGEP,$24,1441142411881,"1,070",Not yet rated,NULL,N/A
ACAS,$13.48,1441142411922,"751,131",60% bullish,of 5 ratings,$16.75
AMIC,$9.96,1441142412057,12,100% bearish,of 1 rating,N/A
ANCI,$1.52,1441142412082,84,100% bearish,of 1 rating,N/A
AETI,$3.55,1441142412123,"2,069",67% bearish,of 3 ratings,N/A
AMNB,$23.16,1441142412151,"8,830",Not yet rated,NULL,$25.50
APEI,$21.3,1441142412172,"71,243",100% bearish,of 1 rating,$25.50
AMRB,$10.03,1441142412337,"5,005",Not yet rated,NULL,$11
ANAT,$97.78,1441142412370,"38,053",100% bullish,of 1 rating,N/A
ARII,$40.07,1441142412395,"176,878",67% bearish,of 3 ratings,$45
ASEI,$38.14,1441142412474,"23,834",100% bearish,of 1 rating,$52.50
AMSWA,$8.69,1441142412627,"74,030",100% bearish,of 2 ratings,$10.75
AMWD,$64.83,1441142412698,"100,387",50% bullish,of 2 ratings,$70
AMSC,$4.99,1441142412728,"153,872",50% bullish,of 4 ratings,N/A
CRMT,$35.88,1441142412761,"48,759",100% bearish,of 1 rating,$39
AMSF,$45.79,1441142412834,"31,631",Not yet rated,NULL,$57.50
ASRV,$3.23,1441142412863,"14,161",100% bullish,of 2 ratings,N/A
ABCB,$26.38,1441142412889,"73,370",Not yet rated,NULL,$31
ASRVP,NULL,1441142413038,0,Not yet rated,NULL,N/A
ATLO,$22.6,1441142413105,"11,186",Not yet rated,NULL,N/A
FOLD,$14.28,1441142413171,"1,391,122",56% bullish,of 9 ratings,$21
AMGN,$147.46,1441142413203,"3,667,726",89% bullish,of 19 ratings,$185
AMKR,$5.06,1441142413234,"1,397,887",100% bearish,of 2 ratings,$5
AMPH,$13.28,1441142413303,"191,149",50% bullish,of 2 ratings,$20
AMSGP,$143.55,1441142413372,600,Not yet rated,NULL,N/A
ASYS,$5.45,1441142413503,"27,393",67% bullish,of 3 ratings,$12
AMSG,$76,1441142413536,"268,326",100% bearish,of 1 rating,$85.50
AFSI,$56.04,1441142413602,"374,347",60% bullish,of 5 ratings,$72
ANAC,$129,1441142413636,"323,076",80% bullish,of 5 ratings,$180.50
AMRS,$1.8,1441142413701,"94,605",70% bullish,of 10 ratings,N/A
ANAD,$0.3203,1441142413732,"193,308",100% bullish,of 2 ratings,$.50
ADI,$53.55,1441142413757,"2,139,171",75% bullish,of 4 ratings,$69
ALOG,$79.94,1441142413790,"70,172",100% bearish,of 2 ratings,$100.50
ABCW,$40.05,1441142413939,"23,150",67% bullish,of 3 ratings,N/A
ANCB,$21.87,1441142413972,"14,902",Not yet rated,NULL,$23
ANGO,$14.56,1441142414377,"67,577",67% bullish,of 3 ratings,$19
ANGI,$5.09,1441142414410,"271,834",64% bullish,of 11 ratings,$5.50
AMCF,$0.21,1441142414444,"14,570",100% bullish,of 7 ratings,N/A
ANSS,$86.57,1441142414508,"376,255",100% bearish,of 1 rating,$100
ANIP,$50.36,1441142414536,"182,247",89% bullish,of 19 ratings,$66
ANIK,$34.75,1441142414561,"108,001",60% bullish,of 5 ratings,$51.25
ANTH,$6.81,1441142414708,"470,723",80% bullish,of 10 ratings,$13
ATRS,$1.81,1441142414737,"770,299",92% bullish,of 12 ratings,$4.50
ATNY,$2.4,1441142414759,"3,674",50% bullish,of 2 ratings,$3.75
ABAC,$0.75,1441142414791,"7,528",100% bearish,of 1 rating,N/A
AINV,$6.31,1441142414932,"1,175,531",50% bullish,of 4 ratings,$8
APOL,$10.81,1441142414981,"963,484",87% bearish,of 68 ratings,$14
APOG,$50.09,1441142415006,"109,716",50% bullish,of 2 ratings,$67
APIC,$6.28,1441142415031,"101,188",100% bearish,of 1 rating,$19
APPF,$15.22,1441142415196,"34,201",50% bullish,of 2 ratings,$22
AAPL,$107.8,1441142415300,"44,259,190",86% bullish,of 2359 ratings,$150
ARCI,$1.14,1441142415335,"6,920",Not yet rated,NULL,N/A
AMCC,$5.65,1441142415357,"336,408",80% bullish,of 5 ratings,$8
AGTC,$15.68,1441142415392,"44,749",50% bullish,of 2 ratings,$33
APDN,$3.52,1441142415431,"69,430",Not yet rated,NULL,$9
AMAT,$15.49,1441142415457,"11,394,578",82% bullish,of 11 ratings,$23
APDNW,$1.49,1441142415493,"14,180",Not yet rated,NULL,N/A
AREX,$2.3,1441142415660,"1,634,805",50% bullish,of 2 ratings,$3
APRI,$1.78,1441142415743,"764,388",83% bullish,of 6 ratings,$4.86
AAOI,$19.67,1441142415799,"252,910",50% bullish,of 4 ratings,$26
APTO,$5.5,1441142415847,"1,154",Not yet rated,NULL,$17
AQMS,$4.85,1441142416103,"10,646",Not yet rated,NULL,N/A
AQXP,$16.7,1441142416128,"125,920",50% bullish,of 2 ratings,$2
AUMAU,NULL,1441142416166,0,Not yet rated,NULL,N/A
AUMA,$9.9,1441142416196,700,Not yet rated,NULL,N/A
ARDM,$6.87,1441142416265,"1,880",100% bullish,of 1 rating,$26
PETX,$17.52,1441142416297,"197,072",100% bearish,of 2 ratings,$26
AUMAW,$0.25,1441142416353,200,Not yet rated,NULL,N/A
ABUS,$6.76,1441142416400,"305,379",86% bullish,of 14 ratings,$23
ARCW,$3.55,1441142416425,"6,143",100% bearish,of 2 ratings,$10.50
ABIO,$0.9235,1441142416606,"31,611",50% bullish,of 2 ratings,$3.75
RKDA,$6.38,1441142416660,"14,493",100% bearish,of 2 ratings,$10
ARCB,$27.61,1441142416687,"185,014",67% bearish,of 3 ratings,$39.50
ACGL,$67.58,1441142416708,"579,842",50% bullish,of 2 ratings,$72
ARDX,$18.77,1441142416769,"67,175",50% bullish,of 2 ratings,$24.50
ACAT,$25.61,1441142416857,"75,497",100% bearish,of 3 ratings,$33
ARCC,$15.5,1441142416986,"1,363,489",67% bearish,of 3 ratings,$17.75
AGII,$54.99,1441142417013,"110,529",Not yet rated,NULL,$59.50
AGIIL,$25.35,1441142417041,"3,589",Not yet rated,NULL,N/A
ARNA,$2.56,1441142417073,"1,681,436",90% bullish,of 78 ratings,$5.50
ARIA,$9.095,1441142417100,"3,741,330",87% bullish,of 46 ratings,$9
ARIS,$3.68,1441142417122,"10,610",Not yet rated,NULL,$4.50
ARGS,$6.24,1441142417175,"37,742",50% bullish,of 2 ratings,$19.50
ARKR,$25.3,1441142417432,340,50% bullish,of 2 ratings,N/A
ARMH,$41.26,1441142417458,"855,941",54% bearish,of 13 ratings,$60
ARWA,NULL,1441142417520,0,Not yet rated,NULL,N/A
ARWAR,NULL,1441142417585,0,Not yet rated,NULL,N/A
ARWAW,NULL,1441142417719,0,Not yet rated,NULL,N/A
ARWAU,$10.2,1441142417749,400,100% bullish,of 1 rating,N/A
ARTX,$1.47,1441142417780,"140,644",88% bullish,of 16 ratings,$4.50
ARRY,$5.66,1441142417813,"2,267,028",100% bullish,of 7 ratings,$10
ARQL,$1.66,1441142417847,"89,101",75% bullish,of 4 ratings,$5
AROW,$26.71,1441142417877,"21,944",Not yet rated,NULL,N/A
ARRS,$25.6,1441142417907,"968,877",50% bullish,of 2 ratings,$38
DWAT,$9.74,1441142418043,"9,200",100% bearish,of 1 rating,N/A
ARWR,$5.66,1441142418075,"493,685",75% bullish,of 4 ratings,$10.50
ARTNA,$21.74,1441142418180,"17,344",100% bearish,of 1 rating,$29
ARTW,$3.96,1441142418207,"12,782",75% bearish,of 4 ratings,N/A
ASBB,$24.79,1441142418283,284,Not yet rated,NULL,N/A
ASNA,$12.03,1441142418459,"1,580,357",50% bullish,of 2 ratings,$18
ASCMA,$27.57,1441142418536,"72,375",100% bearish,of 1 rating,$45
APWC,$1.72,1441142418565,200,100% bearish,of 1 rating,N/A
ASTI,$0.21,1441142418586,"16,444,014",83% bullish,of 6 ratings,$3
ASND,$19.31,1441142418632,"108,667",50% bullish,of 2 ratings,$30
ASMI,NULL,1441142418711,0,NULL,NULL,NULL
ASML,$89.16,1441142418736,"539,156",50% bullish,of 4 ratings,$127
AZPN,$37.23,1441142418803,"471,553",50% bullish,of 2 ratings,$42
ASTE,$38.17,1441142418895,"65,198",100% bearish,of 1 rating,$49
ASMB,$13.62,1441142418935,"47,062",67% bullish,of 3 ratings,N/A
ASFI,$8.88,1441142418964,"9,888",100% bullish,of 1 rating,N/A
ALOT,$13.38,1441142419064,"1,696",100% bearish,of 1 rating,N/A
ASUR,$5.55,1441142419244,"5,214",50% bullish,of 2 ratings,$8
ATRA,$39.02,1441142419279,"106,073",50% bullish,of 2 ratings,$68
ASTC,$2.1,1441142419318,"23,154",100% bullish,of 5 ratings,N/A
ATHN,$130.03,1441142419376,"143,440",67% bearish,of 3 ratings,$153
ATRO,$49.26,1441142419408,"70,331",100% bearish,of 2 ratings,$80
ATHX,$1.13,1441142419448,"95,712",89% bullish,of 9 ratings,$5
ATAI,$2.46,1441142419505,"34,360",100% bearish,of 1 rating,N/A
AFCB,NULL,1441142419530,0,Not yet rated,NULL,N/A
AAME,$3.59,1441142419700,"1,697",Not yet rated,NULL,N/A
AAPC,$10.1,1441142419725,16,Not yet rated,NULL,N/A
AFH,$16,1441142419857,"49,183",Not yet rated,NULL,$21.50
ATNI,$71.28,1441142419882,"50,467",100% bearish,of 1 rating,$69.50
ACFC,$5.42,1441142419932,"36,413",100% bearish,of 1 rating,$6.50
ATLC,$3.97,1441142420061,"19,911",67% bullish,of 3 ratings,N/A
AAWW,$38.41,1441142420097,"357,920",50% bullish,of 2 ratings,$65
ATRC,$23.97,1441142420125,"109,687",100% bullish,of 1 rating,$30
ATOS,$0.76,1441142420146,"33,819",100% bullish,of 7 ratings,$7
ATML,$7.88,1441142420203,"8,420,374",78% bullish,of 9 ratings,$9.50
ATRI,$378.12,1441142420275,"3,262",Not yet rated,NULL,N/A
ATTU,$13.06,1441142420407,"55,754",100% bearish,of 1 rating,$20.50
ATRM,$2.72,1441142420436,500,50% bullish,of 2 ratings,N/A
LIFE,$14.08,1441142420540,"43,204",86% bullish,of 7 ratings,$43
AUDC,$3.27,1441142420566,"54,959",80% bullish,of 5 ratings,$5
AUBN,$26.8,1441142420695,"1,913",Not yet rated,NULL,N/A
AUPH,$3.5,1441142420726,"53,926",100% bearish,of 1 rating,$8
ADAT,$0.285,1441142420796,"98,797",100% bullish,of 2 ratings,N/A
ABTL,$17.66,1441142420824,"51,782",100% bullish,of 4 ratings,$20.25
EARS,$4.6,1441142420899,"14,673",100% bearish,of 2 ratings,$11
AVGO,$119.55,1441142420982,"2,770,251",88% bullish,of 8 ratings,$165
ADSK,$45.49,1441142421014,"2,956,296",67% bullish,of 6 ratings,$66
ADP,$75.1,1441142421043,"1,734,891",100% bearish,of 1 rating,$88
AVNU,$12.79,1441142421115,"14,951",Not yet rated,NULL,$14
AAVL,$10.24,1441142421169,"214,886",100% bearish,of 1 rating,$20
AVEO,$1.36,1441142421271,"548,554",75% bullish,of 8 ratings,$3
AVNW,$1.2,1441142421826,"32,389",50% bullish,of 2 ratings,N/A
AVID,$8.23,1441142421856,"341,959",100% bearish,of 1 rating,$20
AVGR,$14.79,1441142421887,"15,267",100% bearish,of 1 rating,$20
AXPW,$1.84,1441142421990,"1,822,065",86% bullish,of 7 ratings,N/A
ACLS,$3.16,1441142422021,"374,401",67% bullish,of 6 ratings,$4.75
AXPWW,$1.01,1441142422043,142,Not yet rated,NULL,N/A
CAR,$42.72,1441142422074,"980,611",80% bullish,of 5 ratings,$60
AWRE,$3.25,1441142422099,"9,117",67% bullish,of 3 ratings,N/A
AXTI,$2.17,1441142422201,"16,218",50% bullish,of 2 ratings,$2.75
AXGN,$4.7,1441142422232,"51,157",Not yet rated,NULL,$5
BCOM,NULL,1441142422410,0,100% bearish,of 1 rating,N/A
RILY,$9.78,1441142422439,402,Not yet rated,NULL,N/A
BOSC,$2.1501,1441142422469,200,50% bullish,of 2 ratings,N/A
BIDU,$144,1441142422567,"2,484,325",81% bullish,of 88 ratings,$210
BEAV,$47.63,1441142422595,"970,415",67% bearish,of 3 ratings,$59
BWINA,NULL,1441142422625,0,Not yet rated,NULL,N/A
BCPC,$57.71,1441142422668,"98,520",100% bearish,of 1 rating,$75
BANF,$58.01,1441142422767,"19,208",Not yet rated,NULL,$68
BLDP,$1.35,1441142422794,"234,519",91% bullish,of 22 ratings,$2.50
BWINB,$22.43,1441142422850,"9,368",Not yet rated,NULL,N/A
BANFP,NULL,1441142422998,0,Not yet rated,NULL,N/A
BMRC,$47.95,1441142423027,"9,048",Not yet rated,NULL,$52
BKMU,$6.96,1441142423054,"75,052",Not yet rated,NULL,$8
BOCH,$5.75,1441142423075,"7,505",Not yet rated,NULL,$6.50
BKSC,$16.94,1441142423202,272,Not yet rated,NULL,N/A
BOTJ,$10.99,1441142423292,175,Not yet rated,NULL,N/A
OZRK,$39.48,1441142423317,"663,254",67% bullish,of 3 ratings,$49.50
BANR,$42.99,1441142423378,"72,629",100% bullish,of 3 ratings,$50
BFIN,$12.16,1441142423426,"21,408",Not yet rated,NULL,$13
BWFG,$18.19,1441142423562,852,100% bearish,of 1 rating,N/A
BHAC,$9.82,1441142423593,780,Not yet rated,NULL,N/A
BZUN,$4.89,1441142423619,"134,169",50% bullish,of 2 ratings,$11.50
TAPR,$32.58,1441142423640,650,100% bearish,of 1 rating,N/A
BHACR,NULL,1441142423768,0,Not yet rated,NULL,N/A
BHACU,NULL,1441142423798,0,Not yet rated,NULL,N/A
BSET,$28.21,1441142423909,"50,044",100% bearish,of 1 rating,$35
BHACW,NULL,1441142423955,0,Not yet rated,NULL,N/A
BBSI,$34.25,1441142424052,"36,033",67% bearish,of 3 ratings,$62.50
BYBK,$5.06,1441142424235,"1,739",100% bearish,of 1 rating,N/A
BBCN,$13.885,1441142424266,"252,529",100% bearish,of 1 rating,$16
BV,$5.18,1441142424288,"412,077",67% bullish,of 6 ratings,$9
BECN,$35.12,1441142424327,"173,701",50% bullish,of 2 ratings,$40
BYLK,$13.01,1441142424352,"18,222",Not yet rated,NULL,$14
BDCV,$4.95,1441142424380,"8,078",100% bearish,of 1 rating,$10.19
BCBP,$11.54,1441142424414,"1,240",Not yet rated,NULL,N/A
BSF,$8.34,1441142424553,"12,537",Not yet rated,NULL,N/A
BBGI,$4.24,1441142424580,797,100% bearish,of 1 rating,N/A
BEBE,$1.27,1441142424658,"474,171",75% bullish,of 4 ratings,$2.125
BBBY,$60.86,1441142424762,"1,388,046",71% bullish,of 7 ratings,$75
BLPH,$4.33,1441142424989,"35,780",100% bearish,of 1 rating,$12.50
BELFA,$15.05,1441142425014,234,100% bearish,of 1 rating,N/A
BELFB,$17.53,1441142425043,"30,131",100% bearish,of 1 rating,N/A
BLCM,$16.48,1441142425064,"84,882",50% bullish,of 4 ratings,$40
BGMD,$0.679,1441142425103,"78,368",100% bullish,of 10 ratings,N/A
BNFT,$35.64,1441142425126,"128,568",67% bullish,of 3 ratings,$46
BNCL,$12.27,1441142425200,"383,071",100% bullish,of 3 ratings,$12.50
BNTC,$7.66,1441142425221,"7,575",100% bullish,of 1 rating,N/A
ORPN,$5.74,1441142425406,"7,111",100% bullish,of 1 rating,$28.50
BIND,$4.73,1441142425431,"93,123",75% bullish,of 4 ratings,$13.50
BGFV,$11.06,1441142425506,"121,628",57% bullish,of 7 ratings,$12
BGCP,$8.75,1441142425592,"935,798",88% bullish,of 8 ratings,$14
BCDA,NULL,1441142425636,0,Not yet rated,NULL,N/A
BASI,$1.69,1441142425668,"2,959",Not yet rated,NULL,N/A
BIOC,$1.975,1441142425721,"93,497",83% bullish,of 6 ratings,$3.85
BCRX,$11.22,1441142425767,"3,139,511",63% bullish,of 8 ratings,$18
BIOD,$0.7107,1441142425800,"159,820",80% bullish,of 5 ratings,$4
BDSI,$6.44,1441142425898,"812,845",88% bullish,of 8 ratings,$17
BIIB,$292.5,1441142425926,"1,444,436",88% bullish,of 16 ratings,$400
BLFS,$2.4,1441142425961,"427,784",100% bearish,of 1 rating,$4.75
BIOL,$1.55,1441142426092,"27,701",Not yet rated,NULL,N/A
BLRX,$1.5,1441142426123,"104,062",100% bullish,of 12 ratings,$5
BMRN,$124.63,1441142426191,"729,320",80% bullish,of 5 ratings,$160
BVXV,$3.47,1441142426221,"5,870",Not yet rated,NULL,N/A
BVXVW,$0.75,1441142426322,"4,900",100% bearish,of 1 rating,N/A
BPTH,$1.23,1441142426485,"366,559",100% bullish,of 2 ratings,$5
BIOS,$2.38,1441142426521,"785,811",71% bullish,of 7 ratings,$4
BRLI,NULL,1441142426549,0,NULL,NULL,NULL
BBC,$30.5,1441142426617,"14,277",Not yet rated,NULL,N/A
BOTA,$2.19,1441142426645,"31,243",88% bullish,of 8 ratings,N/A
BSTC,$47.78,1441142426674,"24,744",100% bearish,of 1 rating,$76
BSPM,$0.69,1441142426773,"25,775",50% bullish,of 2 ratings,N/A
BBP,$31.78,1441142426810,"25,755",Not yet rated,NULL,N/A
TECH,$91.95,1441142426939,"119,794",100% bullish,of 1 rating,$117
BEAT,$14.41,1441142427031,"405,036",67% bearish,of 3 ratings,$15
BDMS,$12.86,1441142427070,20,100% bearish,of 1 rating,N/A
BITI,$17.02,1441142427095,"8,186",100% bullish,of 1 rating,$28
BJRI,$43.21,1441142427160,"153,730",50% bullish,of 2 ratings,$55
BDE,$7.09,1441142427247,"111,359",50% bullish,of 2 ratings,$9
BBOX,$14.77,1441142427275,"71,424",100% bearish,of 1 rating,N/A
BLKB,$55.56,1441142427415,"134,595",100% bearish,of 2 ratings,$66
BBRY,$7.34,1441142427449,"2,660,458",61% bullish,of 330 ratings,$9
ADRA,$26.12,1441142427469,"9,222",100% bearish,of 1 rating,N/A
HAWK,$38.02,1441142427499,"340,189",91% bullish,of 11 ratings,$49
BKCC,$9.28,1441142427520,"159,478",50% bullish,of 2 ratings,$10
ADRD,$21.32,1441142427548,"87,183",100% bearish,of 1 rating,N/A
ADRE,$28.85,1441142427799,"3,912",100% bearish,of 1 rating,N/A
ADRU,$21.1812,1441142427966,100,100% bearish,of 1 rating,N/A
BLMN,$20.57,1441142428039,"1,863,178",83% bullish,of 6 ratings,$27.50
BLBD,$11.81,1441142428171,"8,648",Not yet rated,NULL,N/A
BBLU,$0.78,1441142428202,"68,118",100% bullish,of 2 ratings,$4.43
BCOR,$13.44,1441142428236,"232,168",57% bullish,of 7 ratings,$15
NILE,$33.61,1441142428306,"61,395",50% bullish,of 2 ratings,$34
BUFF,$24.41,1441142428336,"580,983",83% bullish,of 12 ratings,$31.50
BHBK,$13.54,1441142428366,"74,042",100% bullish,of 1 rating,$14.50
BKEP,$6.14,1441142428411,"13,335",100% bearish,of 1 rating,$8.50
BLUE,$128.86,1441142428438,"316,236",71% bullish,of 7 ratings,$217.50
BPMC,$27.53,1441142428570,"60,577",50% bullish,of 2 ratings,$47.50
BKEPP,$7.47,1441142428674,"1,800",100% bearish,of 1 rating,N/A
BNCN,$20.53,1441142428702,"75,718",Not yet rated,NULL,$24
BOFI,$109.56,1441142428728,"254,923",100% bullish,of 6 ratings,$144
BOBE,$44.78,1441142428865,"223,248",75% bullish,of 4 ratings,$57
WIFI,$7.37,1441142428895,"157,700",50% bullish,of 2 ratings,$13.50
BOJA,$20.79,1441142428998,"99,658",100% bullish,of 1 rating,$30
BAMM,$3.17,1441142429064,"10,506",60% bullish,of 5 ratings,N/A
BOKF,$60.55,1441142429089,"247,422",100% bearish,of 1 rating,$69
BNSO,$1.31,1441142429149,"2,000",100% bearish,of 1 rating,N/A
BPFH,$11.4,1441142429183,"412,803",100% bearish,of 1 rating,$14
BPFHW,NULL,1441142429227,0,100% bearish,of 1 rating,N/A
BONA,$11.33,1441142429256,"120,944",75% bullish,of 4 ratings,$8.50
BPFHP,$25,1441142429282,"2,980",100% bearish,of 1 rating,N/A
BDBD,$8.35,1441142429418,"687,867",60% bullish,of 5 ratings,$10
BCLI,$3.04,1441142429477,"30,033",80% bullish,of 5 ratings,$12
BBRG,$12.16,1441142429580,"76,876",67% bullish,of 3 ratings,$14.50
EPAY,$26.24,1441142429634,"115,781",100% bearish,of 2 ratings,$30
BBEP,$2.66,1441142429709,"2,337,835",69% bullish,of 13 ratings,$5.625
BBEPP,$14.17,1441142429792,"43,405",100% bearish,of 1 rating,N/A
BDGE,$26.12,1441142429838,"19,507",Not yet rated,NULL,$31.75
BLIN,$1.38,1441142429886,752,100% bullish,of 2 ratings,$2.20
BRCM,$49.88,1441142430033,"4,975,549",69% bullish,of 13 ratings,$56
BRID,$8.8,1441142430066,"1,081",100% bearish,of 1 rating,N/A
BCOV,$5.11,1441142430096,"90,885",67% bullish,of 3 ratings,$10.20
BSFT,$31.65,1441142430163,"150,253",57% bullish,of 7 ratings,$40.50
BRCD,$10.23,1441142430197,"3,256,190",92% bullish,of 13 ratings,$11.50
BVSN,$6.03,1441142430224,"2,358",60% bearish,of 5 ratings,N/A
BYFC,$1.44,1441142430295,"1,108",50% bullish,of 2 ratings,N/A
BWEN,$3.12,1441142430326,"14,633",75% bullish,of 4 ratings,$8
BRKL,$10.1,1441142430431,"411,132",100% bearish,of 1 rating,$10.75
BLMT,$20.69,1441142430633,"10,946",Not yet rated,NULL,N/A
BRKS,$10.11,1441142430664,"189,266",67% bullish,of 3 ratings,$15.25
BMTC,$28.67,1441142430691,"44,439",Not yet rated,NULL,$34
BWLD,$191.05,1441142430732,"289,864",82% bullish,of 11 ratings,$205
BSQR,$6.03,1441142430760,"35,504",67% bullish,of 3 ratings,N/A
BRKR,$17.83,1441142430787,"354,155",100% bearish,of 2 ratings,$22
BLDR,$14.39,1441142430819,"697,341",67% bullish,of 3 ratings,$22
CA,$26.52,1441142431075,"4,289,408",50% bullish,of 4 ratings,$33
CDNS,$19.72,1441142431207,"1,570,036",75% bullish,of 4 ratings,$22.50
CHRW,$66,1441142431233,"1,114,601",Not yet rated,NULL,$72
BUR,$1.85,1441142431279,"4,900",100% bearish,of 1 rating,$8
CFFI,$35.97,1441142431309,911,100% bearish,of 1 rating,N/A
CDZI,$8.01,1441142431330,"21,089",100% bearish,of 1 rating,N/A
CCMP,$41.88,1441142431411,"57,661",50% bullish,of 2 ratings,$59
CACQ,$7.17,1441142431459,"65,119",100% bearish,of 1 rating,$12.25
PRSS,$4.41,1441142431653,"19,020",80% bullish,of 5 ratings,$4.50
CLMS,$10.05,1441142431688,"58,277",Not yet rated,NULL,$10.50
CSTE,$38.9,1441142431718,"120,914",50% bullish,of 2 ratings,$65
CLBS,$1.7,1441142431739,"337,840",79% bullish,of 14 ratings,$4
CZR,$9.04,1441142431760,"620,764",60% bearish,of 5 ratings,$10.50
CHY,$11.22,1441142431805,"295,649",Not yet rated,NULL,N/A
CHI,$10.44,1441142431890,"236,391",100% bearish,of 1 rating,N/A
CCD,$18.9,1441142431915,"144,555",Not yet rated,NULL,N/A
CHW,$7.38,1441142432047,"122,524",100% bearish,of 1 rating,N/A
CFGE,$10.34,1441142432096,120,Not yet rated,NULL,N/A
CGO,$11.88,1441142432201,"23,881",100% bearish,of 1 rating,N/A
CSQ,$9.64,1441142432368,"345,929",Not yet rated,NULL,N/A
CFNB,$13.3,1441142432394,195,100% bearish,of 1 rating,N/A
CAMP,$16.01,1441142432425,"353,730",88% bullish,of 8 ratings,$25
CALM,$51.72,1441142432446,"469,039",80% bullish,of 5 ratings,$63.50
CALD,$15.72,1441142432482,"380,658",100% bearish,of 1 rating,$21
CALA,$5.51,1441142432535,"218,067",100% bullish,of 3 ratings,$19.50
CVGW,$56.42,1441142432579,"76,297",50% bullish,of 2 ratings,$62
CAMB,$9.95,1441142432737,"2,784",Not yet rated,NULL,N/A
CLMT,$25.32,1441142432791,"160,449",75% bullish,of 8 ratings,$31
ABCD,$5,1441142432821,"88,290",83% bullish,of 6 ratings,N/A
CAMBU,NULL,1441142432842,0,100% bearish,of 1 rating,N/A
CAMBW,NULL,1441142432922,0,Not yet rated,NULL,N/A
CAC,$40.03,1441142432971,"12,728",Not yet rated,NULL,N/A
CAMT,$2.6,1441142433119,"23,429",73% bullish,of 11 ratings,$4
CGIX,$9.47,1441142433151,"12,533",67% bullish,of 3 ratings,$14.375
CPLA,$47.75,1441142433224,"69,115",67% bearish,of 3 ratings,$65
CBNJ,$11.04,1441142433253,"17,633",100% bearish,of 1 rating,N/A
CSIQ,$18,1441142433279,"1,274,800",86% bullish,of 28 ratings,$42.50
CPHC,$10.42,1441142433415,49,100% bearish,of 1 rating,N/A
CCBG,$14.96,1441142433551,"23,679",Not yet rated,NULL,$17.25
CBF,$29.75,1441142433574,"163,867",Not yet rated,NULL,$32
CSWC,$44.91,1441142433600,"15,315",Not yet rated,NULL,N/A
CPLP,$6.99,1441142433739,"181,772",71% bullish,of 7 ratings,$11
CFFN,$11.74,1441142433922,"882,335",Not yet rated,NULL,$12.75
CPTA,$13.72,1441142433951,"30,285",100% bearish,of 1 rating,$18.50
CAPN,$2.21,1441142433977,"71,298",100% bullish,of 1 rating,$10.85
CAPNW,NULL,1441142434195,0,Not yet rated,NULL,N/A
CARA,$18.55,1441142434268,"138,437",50% bullish,of 4 ratings,$25
CPST,$0.39,1441142434304,"705,967",95% bullish,of 22 ratings,$1.25
CAPR,$4.47,1441142434325,"14,961",Not yet rated,NULL,$12
CARB,$11.03,1441142434355,"93,767",75% bullish,of 4 ratings,$12
CFNL,$21.61,1441142434399,"82,144",Not yet rated,NULL,$24
CBYL,$5.08,1441142434425,"17,685",100% bearish,of 1 rating,$20
CRDC,$0.34,1441142434616,"226,471",100% bullish,of 1 rating,$1.25
CDNA,$6.98,1441142434645,"4,213",100% bearish,of 1 rating,$9
CRME,$8.9,1441142434782,"10,788",89% bullish,of 9 ratings,$11.25
CSII,$23.27,1441142434830,"362,288",100% bearish,of 2 ratings,$42.125
CATM,$33.77,1441142434919,"314,397",100% bearish,of 1 rating,$44
CLBH,$12.6,1441142434940,"3,552",Not yet rated,NULL,$16.50
CECO,$3.61,1441142434988,"213,139",67% bearish,of 3 ratings,$6
CTRE,$10.87,1441142435017,"221,770",50% bullish,of 2 ratings,$13.50
CKEC,$23.25,1441142435148,"159,033",50% bullish,of 2 ratings,$35.915
TAST,$12.73,1441142435201,"134,188",Not yet rated,NULL,$14.25
CARO,$15.19,1441142435238,"5,738",100% bearish,of 1 rating,$19
CART,$5.35,1441142435347,430,100% bearish,of 1 rating,N/A
CRTN,$2.5,1441142435551,788,100% bearish,of 1 rating,N/A
CARV,$5.8101,1441142435576,100,50% bullish,of 2 ratings,N/A
CRZO,$34.04,1441142435624,"1,077,234",67% bearish,of 3 ratings,$54.50
CASM,$1.17,1441142435756,"45,784",100% bullish,of 1 rating,$3.50
CACB,$5.26,1441142435812,"51,747",Not yet rated,NULL,$5.50
CSCD,$14.93,1441142435838,"20,761",100% bullish,of 2 ratings,$17
CWST,$6,1441142435967,"76,589",50% bullish,of 2 ratings,$7.25
CASS,$47.5,1441142435998,"18,080",100% bearish,of 1 rating,N/A
CASY,$104.91,1441142436059,"206,852",50% bullish,of 2 ratings,$99.50
CPRX,$3.62,1441142436100,"364,449",71% bullish,of 7 ratings,$7
CATYW,NULL,1441142436131,0,100% bearish,of 1 rating,N/A
CATB,$10.68,1441142436159,"16,615",100% bearish,of 1 rating,$28
CASI,$1.4,1441142436234,"4,190",100% bullish,of 1 rating,$3.50
CATY,$28.41,1441142436367,"456,206",100% bearish,of 1 rating,$33.50
CVCO,$71,1441142436394,"27,911",100% bearish,of 1 rating,N/A
CAVM,$65.83,1441142436582,"313,441",67% bearish,of 3 ratings,$72
CBFV,$21.42,1441142436607,"3,870",Not yet rated,NULL,$25
CNLM,NULL,1441142436633,0,Not yet rated,NULL,N/A
CBOE,$62.58,1441142436810,"336,846",Not yet rated,NULL,$60
CNLMU,NULL,1441142436839,0,100% bullish,of 1 rating,N/A
CNLMW,$0.3,1441142436860,"5,399",Not yet rated,NULL,N/A
CNLMR,$0.34,1441142436892,114,Not yet rated,NULL,N/A
CDK,$47.79,1441142436927,"515,464",67% bearish,of 3 ratings,$50
CECE,$9.21,1441142436997,"73,178",50% bullish,of 2 ratings,$16
CDW,$38.41,1441142437025,"540,589",75% bullish,of 4 ratings,$44
CPXX,$2.23,1441142437056,"75,519",100% bullish,of 2 ratings,$7
CELGZ,$1.76,1441142437159,"10,400",80% bullish,of 5 ratings,N/A
CELG,$115.46,1441142437261,"4,484,446",92% bullish,of 13 ratings,$155.50
CLDN,$1.15,1441142437326,"163,132",71% bullish,of 7 ratings,$3
CLLS,$32.71,1441142437494,"54,955",75% bullish,of 4 ratings,$51.50
CLDX,$14.34,1441142437526,"801,468",89% bullish,of 9 ratings,$36
CLRBW,NULL,1441142437551,0,Not yet rated,NULL,N/A
CLTX,$2.48,1441142437626,"121,167",100% bullish,of 2 ratings,N/A
CLRB,$3.09,1441142437654,"3,670",100% bearish,of 1 rating,N/A
CYAD,$46.53,1441142437686,"1,360",100% bullish,of 1 rating,$87.50
CBMG,$22.89,1441142437717,"67,937",50% bullish,of 2 ratings,N/A
CLSN,$2.04,1441142437783,"33,217",80% bullish,of 10 ratings,$7.50
CETX,$2.46,1441142437845,"30,001",Not yet rated,NULL,$5.60
CEMP,$33.43,1441142437876,"341,572",71% bullish,of 7 ratings,$52
CETV,$2.1,1441142438050,"78,971",67% bullish,of 3 ratings,$2.80
CSFL,$13.36,1441142438079,"113,816",Not yet rated,NULL,$15
CFBK,$1.36,1441142438133,870,Not yet rated,NULL,N/A
CENT,$12.47,1441142438237,"58,692",Not yet rated,NULL,$10
CVCY,$11.42,1441142438262,"2,200",Not yet rated,NULL,$12
CENTA,$12.85,1441142438288,"186,885",Not yet rated,NULL,N/A
CNTY,$5.86,1441142438468,"9,079",80% bullish,of 5 ratings,$7.75
CENX,$5.29,1441142438498,"1,810,723",67% bullish,of 6 ratings,$9
CPHD,$47,1441142438529,"436,674",67% bearish,of 3 ratings,$66.50
CNBKA,$40.42,1441142438566,"3,564",50% bullish,of 2 ratings,N/A
CERN,$59.87,1441142438631,"1,683,220",67% bullish,of 3 ratings,$79
CRNT,$1.44,1441142438660,"97,206",50% bullish,of 2 ratings,$2
CERU,$4.32,1441142438686,"43,089",75% bullish,of 4 ratings,$14
CERE,$1.07,1441142438713,"278,623",88% bullish,of 8 ratings,N/A
CERS,$4.72,1441142439025,"383,529",75% bullish,of 4 ratings,$7
CEVA,$18.91,1441142439051,"72,756",100% bearish,of 1 rating,$25
KOOL,$0.69,1441142439076,"65,727",100% bullish,of 5 ratings,$7
CYOU,$19.05,1441142439108,"117,382",50% bullish,of 6 ratings,$24
HOTRW,NULL,1441142439132,0,Not yet rated,NULL,N/A
HOTR,$1.45,1441142439320,"179,366",100% bullish,of 2 ratings,$5
GTLS,$23.63,1441142439481,"342,989",50% bullish,of 4 ratings,$40
CHTR,$177.76,1441142439506,"906,693",100% bearish,of 2 ratings,$202
CTHR,$1.29,1441142439584,"7,591",50% bullish,of 2 ratings,$2.50
CHEKW,NULL,1441142439641,0,Not yet rated,NULL,N/A
CHKP,$77.24,1441142439670,"1,269,255",50% bullish,of 4 ratings,$92
CHEK,$2.06,1441142439772,"2,476",Not yet rated,NULL,$7.75
CEMI,$4.2,1441142439931,"15,444",50% bullish,of 2 ratings,$7.50
CHFC,$30.8,1441142440016,"55,089",100% bearish,of 1 rating,$36
CCXI,$6.19,1441142440086,"78,254",67% bullish,of 3 ratings,$14
CHFN,$12.34,1441142440159,"19,534",Not yet rated,NULL,$14
CHMG,$26.51,1441142440220,816,Not yet rated,NULL,$30
CHKE,$25.58,1441142440250,"18,156",100% bearish,of 1 rating,$32.50
CHEV,$14.55,1441142440356,977,Not yet rated,NULL,N/A
CBNK,$16.42,1441142440410,910,100% bearish,of 1 rating,N/A
PLCE,$58.72,1441142440459,"164,474",100% bearish,of 1 rating,$69
CHMA,$26.02,1441142440707,"78,590",Not yet rated,NULL,$40
CADC,$2.99,1441142440763,"4,700",78% bullish,of 9 ratings,N/A
CALI,$0.85,1441142440806,"10,557",67% bullish,of 3 ratings,N/A
CAAS,$6.06,1441142440892,"10,916",93% bullish,of 14 ratings,$11.50
CBAK,$1.84,1441142440937,"25,140",67% bullish,of 9 ratings,N/A
CBPO,$93.57,1441142441095,"125,441",75% bullish,of 8 ratings,$140.50
CMRX,$47.54,1441142441124,"230,471",50% bullish,of 2 ratings,$57
CCCL,$0.785,1441142441327,"1,300",100% bullish,of 6 ratings,N/A
JRJC,$3.37,1441142441358,"71,109",82% bullish,of 11 ratings,N/A
HGSH,$1.84,1441142441396,"7,800",67% bullish,of 3 ratings,N/A
CCCR,$0.739,1441142441499,"3,445",67% bearish,of 3 ratings,N/A
CHLN,$1.99,1441142441557,"2,400",67% bullish,of 3 ratings,N/A
CJJD,$1.85,1441142441589,"4,401",100% bullish,of 1 rating,N/A
CHOP,$1.11,1441142441615,"10,433",50% bullish,of 2 ratings,N/A
CNIT,$1.25,1441142441659,"91,367",67% bullish,of 6 ratings,N/A
HTHT,$25.5,1441142441685,"73,153",50% bullish,of 2 ratings,$28.40
CPGI,$6.95,1441142441967,308,Not yet rated,NULL,N/A
CSUN,$1.37,1441142442010,"21,207",80% bullish,of 5 ratings,N/A
CHNR,$1.53,1441142442037,700,100% bearish,of 1 rating,N/A
CREG,$0.665,1441142442058,"9,749",100% bullish,of 3 ratings,N/A
CXDC,$5.82,1441142442087,"26,526",67% bearish,of 3 ratings,N/A
CNTF,$0.82,1441142442108,"56,333",Not yet rated,NULL,N/A
CNYD,$3.05,1441142442241,"5,102",67% bullish,of 3 ratings,N/A
CNET,$0.8001,1441142442302,"35,008",50% bullish,of 2 ratings,N/A
CHSCL,$27.15,1441142442403,"21,194",Not yet rated,NULL,N/A
IMOS,$18.74,1441142442441,"147,296",60% bullish,of 5 ratings,$21.50
CHSCM,$26.32,1441142442462,"14,248",Not yet rated,NULL,N/A
CCIH,$7.16,1441142442492,"170,257",67% bullish,of 6 ratings,$12.65
CHSCN,$26.85,1441142442515,"10,210",Not yet rated,NULL,N/A
CHSCO,$28.4,1441142442544,"3,041",Not yet rated,NULL,N/A
CHDN,$131.05,1441142442752,"186,537",Not yet rated,NULL,$165
CHUY,$30.91,1441142442884,"113,598",50% bullish,of 2 ratings,$34
CIFC,$6.89,1441142442912,"4,486",100% bearish,of 1 rating,N/A
CHSCP,$30.54,1441142442933,"1,842",Not yet rated,NULL,N/A
CMCT,$15.26,1441142443064,970,100% bearish,of 1 rating,N/A
CIDM,$0.5782,1441142443109,"121,619",50% bullish,of 2 ratings,$2.10
CMPR,$67.8,1441142443135,"261,020",50% bullish,of 2 ratings,$72.50
CDTX,$14.2,1441142443156,"30,604",Not yet rated,NULL,$22
CTAS,$83.06,1441142443290,"404,293",100% bearish,of 1 rating,$91
CINF,$50.96,1441142443320,"679,392",50% bullish,of 4 ratings,$50.50
CPHR,$5.16,1441142443355,"9,250",100% bearish,of 1 rating,$17
CRUS,$28.99,1441142443424,"624,957",75% bullish,of 12 ratings,$44.50
CSCO,$25.12,1441142443483,"21,461,683",83% bullish,of 210 ratings,$32
CTRN,$25.93,1441142443504,"64,199",100% bearish,of 1 rating,$31.50
CZNC,$19.42,1441142443590,"12,357",Not yet rated,NULL,N/A
CZWI,$9,1441142443854,"1,273",Not yet rated,NULL,N/A
CIZN,$19.62,1441142443879,102,Not yet rated,NULL,N/A
CZFC,$12.87,1441142443951,"1,932",Not yet rated,NULL,N/A
CHCO,$46.24,1441142444137,"36,799",Not yet rated,NULL,$46
CTXS,$65.4,1441142444194,"1,452,937",86% bullish,of 7 ratings,$80
CDTI,$1.7,1441142444299,"74,962",75% bullish,of 4 ratings,$3.20
CIVB,$10.25,1441142444358,"5,141",Not yet rated,NULL,$11
CIVBP,NULL,1441142444394,0,Not yet rated,NULL,N/A
CLNE,$4.91,1441142444439,"730,831",80% bullish,of 15 ratings,$9
CLNT,$1.41,1441142444539,"18,155",75% bullish,of 8 ratings,N/A
CLFD,$16.78,1441142444569,"66,244",67% bullish,of 3 ratings,$18
CLRO,$11.42,1441142444666,"2,236",50% bullish,of 2 ratings,$14.25
CSBK,$13.6,1441142444718,"61,153",Not yet rated,NULL,N/A
CLVS,$79,1441142444749,"456,354",60% bullish,of 5 ratings,$101.50
CBLI,$3.98,1441142444797,"41,375",60% bullish,of 5 ratings,N/A
CLIR,$4.8,1441142444852,"21,542",100% bullish,of 3 ratings,N/A
CMFN,$11.42,1441142444985,"4,774",100% bearish,of 1 rating,$15.50
CME,$91.12,1441142445029,"1,176,382",67% bullish,of 3 ratings,$102
CCNE,$17,1441142445129,"18,609",50% bullish,of 2 ratings,$21.50
CWAY,$11.05,1441142445155,"2,856",Not yet rated,NULL,N/A
CNV,$4.5,1441142445180,"29,630",50% bullish,of 2 ratings,$7.15
CISG,$7.54,1441142445324,"54,341",100% bullish,of 5 ratings,$10
COKE,$154.14,1441142445381,"68,723",79% bullish,of 19 ratings,N/A
COBZ,$12.5,1441142445415,"60,039",100% bullish,of 1 rating,$14
CDRB,$12.02,1441142445513,"10,771",67% bullish,of 3 ratings,N/A
CVLY,$20.66,1441142445539,"1,116",Not yet rated,NULL,N/A
JVA,$4.61,1441142445569,"11,445",83% bullish,of 6 ratings,$7
CDXS,$3.65,1441142445594,"14,619",64% bullish,of 11 ratings,$6
CGNT,$1.57,1441142445738,"6,580",100% bullish,of 2 ratings,$2
CCOI,$27.2,1441142445811,"228,601",50% bullish,of 4 ratings,$35
CGNX,$34.26,1441142445837,"352,957",50% bullish,of 2 ratings,$47
CTSH,$61.23,1441142445863,"3,051,293",90% bullish,of 10 ratings,$75
CHRS,$26.95,1441142445997,"60,985",67% bearish,of 3 ratings,$37
COHR,$55.54,1441142446032,"72,551",50% bullish,of 2 ratings,$72
COHU,$9.36,1441142446132,"87,311",100% bearish,of 1 rating,$14.25
CLRX,$0.68,1441142446154,"150,483",50% bullish,of 2 ratings,N/A
COLL,$13.01,1441142446182,"97,756",100% bearish,of 1 rating,$26
CLCT,$17.71,1441142446210,"48,386",100% bearish,of 1 rating,N/A
CIGI,$43.67,1441142446237,"66,803",100% bearish,of 1 rating,$52
CLCD,$6.12,1441142446372,"37,482",100% bearish,of 1 rating,$20.50
CBAN,$8.85,1441142446443,718,Not yet rated,NULL,N/A
COLM,$59.73,1441142446544,"86,288",100% bearish,of 1 rating,$71
CMCO,$18.46,1441142446590,"77,018",60% bullish,of 5 ratings,$28
COLB,$29.03,1441142446722,"212,050",Not yet rated,NULL,$36
CBMX,$1.14,1441142446755,"18,359",83% bullish,of 6 ratings,$3.15
CMCSA,$55.02,1441142446776,"9,389,127",66% bullish,of 35 ratings,$69.50
CMCSK,$56.25,1441142446823,"2,517,073",Not yet rated,NULL,$84
CBSHP,$25.38,1441142446860,"2,607",100% bearish,of 1 rating,N/A
CUBN,NULL,1441142446908,0,Not yet rated,NULL,N/A
CBSH,$42.89,1441142446937,"250,020",50% bullish,of 2 ratings,$46
CVGI,$4.79,1441142447036,"108,078",50% bullish,of 2 ratings,$6
COMM,$31.73,1441142447135,"1,092,040",67% bearish,of 3 ratings,$35
CSAL,$20.07,1441142447191,"610,754",75% bullish,of 4 ratings,$30
JCS,$9.15,1441142447218,"4,957",67% bullish,of 3 ratings,N/A
ESXB,$5.05,1441142447239,"10,512",Not yet rated,NULL,N/A
CYHHZ,$0.011,1441142447269,"147,356",100% bullish,of 1 rating,N/A
CTBI,$34.23,1441142447443,"23,480",Not yet rated,NULL,$36
CWBC,$6.83,1441142447471,"5,250",Not yet rated,NULL,N/A
CVLT,$34.99,1441142447639,"350,666",75% bullish,of 4 ratings,$44.50
CIZ,$32.49,1441142447707,633,100% bearish,of 1 rating,N/A
COB,$10.38,1441142447741,"18,330",100% bullish,of 1 rating,$11.75
CIL,$32.64,1441142447765,"1,000",Not yet rated,NULL,N/A
CSA,NULL,1441142447792,0,Not yet rated,NULL,N/A
CID,$32.56,1441142447835,"1,300",Not yet rated,NULL,N/A
CSF,$36.06,1441142447923,"1,968",100% bearish,of 1 rating,N/A
CDC,$33.76,1441142447965,"7,624",Not yet rated,NULL,N/A
CFO,$34.42,1441142448137,"108,374",100% bearish,of 1 rating,N/A
CFA,$34.9,1441142448165,"1,100",100% bearish,of 1 rating,N/A
CSB,$32.35,1441142448213,"1,250",Not yet rated,NULL,N/A
CDL,NULL,1441142448300,0,Not yet rated,NULL,N/A
CPSI,$45.37,1441142448365,"60,768",100% bearish,of 1 rating,$45.50
CGEN,$4.9,1441142448406,"71,127",50% bullish,of 2 ratings,$11
CTG,$6.53,1441142448537,"24,993",100% bearish,of 1 rating,$8.50
CHCI,$0.68,1441142448633,"6,790",50% bullish,of 2 ratings,N/A
CNAT,$3.73,1441142448691,"116,034",83% bullish,of 6 ratings,$13
CNCE,$15.73,1441142448721,"137,161",75% bullish,of 4 ratings,$22
SCOR,$48.15,1441142448772,"381,481",100% bearish,of 1 rating,$66
CMTL,$25.74,1441142448823,"42,148",100% bearish,of 2 ratings,$37
CNSI,$17.99,1441142448876,"67,392",100% bearish,of 2 ratings,$29
CCUR,$5.44,1441142449195,"27,614",75% bullish,of 4 ratings,N/A
CDORO,NULL,1441142449227,0,100% bearish,of 1 rating,N/A
CXRX,$77.21,1441142449248,869,100% bearish,of 1 rating,$90
CDOR,$1.32,1441142449270,"6,971",100% bullish,of 1 rating,N/A
CDORP,$6.41,1441142449329,"6,366",100% bearish,of 1 rating,N/A
CNFR,$9.95,1441142449402,"10,764",Not yet rated,NULL,N/A
CNMD,$51.38,1441142449497,"110,729",Not yet rated,NULL,$59
CFMS,$15.56,1441142449554,"251,959",100% bearish,of 1 rating,$27
CTWS,$34.76,1441142449591,"27,006",100% bearish,of 1 rating,$44
CONN,$28.23,1441142449684,"385,353",67% bullish,of 3 ratings,$48.50
CNOB,$18.7,1441142449717,"60,735",100% bullish,of 1 rating,$23.50
CNXR,$7,1441142449820,"43,466",100% bearish,of 1 rating,$12
CWCO,$10.28,1441142449847,"55,400",67% bullish,of 3 ratings,$14.50
CNSL,$19.12,1441142449873,"136,981",100% bearish,of 1 rating,$23
CPSS,$5.5,1441142450132,"33,331",100% bullish,of 1 rating,$10
CFRXW,$1.6,1441142450168,"1,500",100% bearish,of 1 rating,N/A
CTCT,$23.95,1441142450199,"153,428",67% bullish,of 3 ratings,$37
CFRX,$4.87,1441142450231,"15,748",Not yet rated,NULL,$14
CFRXZ,$0.49,1441142450258,"13,341",Not yet rated,NULL,N/A
CPRT,$33.85,1441142450285,"746,746",67% bearish,of 3 ratings,$40
CTRL,$8.31,1441142450338,"273,150",50% bullish,of 2 ratings,$11
CTRV,$3.77,1441142450364,"35,207",Not yet rated,NULL,$6.40
CRBP,$1.92,1441142450583,"158,360",100% bullish,of 2 ratings,$6.25
CORT,$4.83,1441142450614,"279,983",67% bullish,of 3 ratings,$12
BVA,$3.87,1441142450683,652,50% bullish,of 2 ratings,N/A
CORE,$59.37,1441142450708,"91,065",100% bearish,of 1 rating,$72
CORI,$10.67,1441142450733,"59,983",100% bearish,of 1 rating,$18
CSOD,$35.7,1441142450899,"393,824",50% bullish,of 2 ratings,$42
CSGP,$171.38,1441142450987,"158,282",50% bullish,of 2 ratings,$235
COST,$138.3,1441142451028,"1,828,798",79% bullish,of 24 ratings,$154.50
ICBK,$18.8,1441142451061,"1,262",Not yet rated,NULL,$21
COSI,$1.14,1441142451084,"74,958",100% bullish,of 1 rating,N/A
CRVL,$29.67,1441142451113,"40,620",100% bearish,of 1 rating,N/A
CPAH,$0.43,1441142451147,"3,500",50% bullish,of 2 ratings,N/A
CVTI,$22.42,1441142451172,"92,474",67% bearish,of 3 ratings,$39
COVS,$2.66,1441142451356,"44,683",67% bullish,of 3 ratings,N/A
COWNL,$26.31,1441142451382,700,Not yet rated,NULL,N/A
COWN,$5.08,1441142451512,"946,902",75% bullish,of 4 ratings,$7
CPSH,$2.43,1441142451583,"1,500",Not yet rated,NULL,N/A
CRAI,$22.91,1441142451648,"34,526",100% bearish,of 1 rating,$36
GLDI,$11.08,1441142451716,"3,878",100% bearish,of 1 rating,N/A
CBRL,$143.33,1441142451747,"268,999",50% bullish,of 2 ratings,$155
CACC,$199.13,1441142451851,"98,305",50% bullish,of 2 ratings,$158.50
CRAY,$20.68,1441142451882,"220,742",83% bullish,of 6 ratings,$38.50
BREW,$7.64,1441142451908,"30,913",67% bullish,of 6 ratings,$15
CREE,$26.07,1441142451945,"976,042",65% bullish,of 17 ratings,$29.50
SLVO,$9.99,1441142451977,"1,612",100% bearish,of 1 rating,N/A
CRESY,$10.41,1441142452009,"24,326",100% bearish,of 1 rating,$19
CRTO,$37.13,1441142452042,"738,392",67% bullish,of 6 ratings,$64
CROX,$14.08,1441142452109,"602,755",63% bullish,of 8 ratings,$16.50
CCRN,$14.01,1441142452291,"204,203",100% bearish,of 1 rating,$14.25
CRWS,$8.11,1441142452420,"2,036",Not yet rated,NULL,$10
CRWN,$4.97,1441142452459,"6,079,714",75% bullish,of 4 ratings,N/A
CYRX,$2.99,1441142452489,"21,692",Not yet rated,NULL,$9
CRDS,$1.02,1441142452519,"6,302",75% bullish,of 4 ratings,$4.50
CSPI,$5.78,1441142452593,"1,965",67% bullish,of 3 ratings,N/A
CSGS,$30.18,1441142452620,"168,023",Not yet rated,NULL,$40
CYRXW,$0.74,1441142452649,"31,400",Not yet rated,NULL,N/A
CTIC,$1.53,1441142452754,"424,252",84% bullish,of 76 ratings,$5.75
CTIB,$3.73,1441142452814,"2,753",100% bearish,of 1 rating,N/A
CTRP,$64.32,1441142452948,"1,047,188",75% bullish,of 8 ratings,$92.50
CCLP,$14.22,1441142452978,"44,029",67% bearish,of 3 ratings,$20
CTCM,$1.76,1441142453002,"424,222",80% bearish,of 5 ratings,$3.90
CUNB,$21.26,1441142453083,"29,088",Not yet rated,NULL,$24.50
CUI,$5.16,1441142453133,"18,740",50% bullish,of 2 ratings,$10
CPIX,$6.08,1441142453189,"14,053",Not yet rated,NULL,N/A
CVBF,$15.71,1441142453238,"480,365",Not yet rated,NULL,$18
CUTR,$14.69,1441142453322,"62,522",67% bearish,of 3 ratings,$18
CMLS,$1.29,1441142453374,"664,965",50% bullish,of 4 ratings,$6
CRIS,$2.51,1441142453401,"178,777",100% bullish,of 8 ratings,$6
CVV,$11.43,1441142453455,"14,549",100% bullish,of 5 ratings,N/A
CYBR,$50.58,1441142453482,"811,785",75% bullish,of 8 ratings,$66
CYAN,$6.58,1441142453625,"3,636",100% bearish,of 1 rating,N/A
CYBX,$63.53,1441142453652,"175,499",50% bullish,of 4 ratings,$71.50
CYCC,$0.56,1441142453717,"41,081",73% bullish,of 11 ratings,N/A
CYBE,$6.89,1441142453851,"3,911",100% bearish,of 1 rating,N/A
CYNA,$15.84,1441142453879,"11,826",50% bullish,of 2 ratings,$31.50
CYCCP,NULL,1441142453904,0,100% bearish,of 1 rating,N/A
CBAY,$2.69,1441142454135,"35,200",100% bullish,of 1 rating,$4
CY,$9.67,1441142454224,"4,891,837",80% bullish,of 10 ratings,$15.50
CYNO,$31.05,1441142454262,"303,175",67% bearish,of 3 ratings,$45.50
CYTX,$0.38,1441142454291,"1,726,620",83% bullish,of 12 ratings,$5.50
CONE,$30.85,1441142454363,"294,318",67% bearish,of 3 ratings,$35.50
CYRN,$1.76,1441142454385,"39,090",67% bullish,of 3 ratings,$4
CYTK,$6.86,1441142454420,"152,559",71% bullish,of 14 ratings,$13.50
CTSO,$6.94,1441142454473,"26,704",Not yet rated,NULL,$15.625
CYTR,$2.29,1441142454519,"256,319",67% bullish,of 6 ratings,$10
DAEG,$0.37,1441142454607,317,100% bearish,of 1 rating,N/A
TVIX,$18.73,1441142454652,"15,070,788",81% bullish,of 16 ratings,N/A
ZIV,$35.54,1441142454856,"204,322",Not yet rated,NULL,N/A
DJCO,$194.95,1441142454963,"1,075",Not yet rated,NULL,N/A
DARA,$0.8552,1441142454994,"48,540",83% bullish,of 6 ratings,$1.50
DAKT,$8.38,1441142455023,"209,626",50% bullish,of 2 ratings,$12
XIV,$22.24,1441142455052,"24,987,339",75% bearish,of 4 ratings,N/A
DTLK,$5.6,1441142455080,"42,803",100% bearish,of 1 rating,$9
TVIZ,$24.58,1441142455108,"13,912",100% bearish,of 1 rating,N/A
DAIO,$2.68,1441142455154,"7,814",Not yet rated,NULL,N/A
DWCH,$5.05,1441142455374,"25,066",75% bullish,of 4 ratings,$8.25
DRAM,$1.39,1441142455406,"12,283",78% bullish,of 9 ratings,N/A
DTEA,$12.85,1441142455433,"53,179",100% bearish,of 2 ratings,$24
PLAY,$34.43,1441142455463,"198,068",100% bullish,of 5 ratings,$42
DWSN,$4.44,1441142455506,"20,768",67% bullish,of 3 ratings,N/A
DBVT,$38.45,1441142455566,"72,549",100% bearish,of 1 rating,$53
TRAK,$62.71,1441142455732,"479,027",50% bullish,of 2 ratings,$62.50
TACO,$12.48,1441142455769,"102,597",75% bullish,of 4 ratings,$20
DFRG,$14.4,1441142455799,"145,324",100% bearish,of 1 rating,$20
DHRM,$1.62,1441142455832,"5,518",Not yet rated,NULL,N/A
DCTH,$0.435,1441142455865,"31,925",78% bullish,of 9 ratings,N/A
DGAS,$20.4,1441142455936,"3,280",67% bearish,of 3 ratings,N/A
TACOW,$3.58,1441142455960,"6,900",100% bullish,of 1 rating,N/A
DELT,NULL,1441142455989,0,Not yet rated,NULL,N/A
DENN,$11.01,1441142456124,"545,701",100% bullish,of 3 ratings,$15
DELTW,NULL,1441142456193,0,Not yet rated,NULL,N/A
DEPO,$26.08,1441142456299,"2,480,998",60% bullish,of 5 ratings,$29
XRAY,$50.74,1441142456324,"564,803",100% bullish,of 1 rating,$58
DSCI,$5.74,1441142456457,"58,448",50% bullish,of 2 ratings,$16
DXLG,$6.05,1441142456488,"169,289",100% bearish,of 1 rating,$8
DERM,$25.94,1441142456516,"85,919",100% bearish,of 1 rating,$33.50
DEST,$11.01,1441142456560,"20,290",50% bullish,of 2 ratings,N/A
DSWL,$1.62,1441142456588,"11,964",100% bullish,of 1 rating,N/A
DXCM,$87.82,1441142456723,"632,936",57% bullish,of 7 ratings,$98
DXM,$0.2549,1441142456748,"298,156",50% bullish,of 2 ratings,N/A
DMND,$29.67,1441142456774,"834,140",75% bullish,of 12 ratings,$32
DHXM,NULL,1441142456909,0,Not yet rated,NULL,N/A
DCIX,$1.64,1441142456959,"7,627",50% bullish,of 4 ratings,$3.50
DHIL,$188.79,1441142457016,"7,624",Not yet rated,NULL,N/A
FANG,$64.52,1441142457097,"685,287",50% bullish,of 2 ratings,$86.50
DRNA,$10.6,1441142457118,"75,229",67% bearish,of 3 ratings,$25
DGII,$10.02,1441142457199,"88,096",100% bearish,of 1 rating,$11
DRAD,$3.88,1441142457248,"14,233",100% bullish,of 1 rating,$5.25
DGLY,$7.87,1441142457427,"79,908",50% bullish,of 6 ratings,$20
DMRC,$37.15,1441142457463,"35,482",100% bearish,of 1 rating,$44
DPRX,$14.71,1441142457493,"20,959",100% bullish,of 2 ratings,$27.75
APPS,$2.47,1441142457559,"258,371",100% bearish,of 1 rating,$10.25
DIOD,$19.06,1441142457585,"165,676",75% bearish,of 4 ratings,$24
DCOM,$16.41,1441142457617,"77,132",100% bearish,of 2 ratings,$16
DISCA,$26.28,1441142457848,"2,784,476",67% bullish,of 3 ratings,$34
DISCK,$25.23,1441142457943,"2,835,198",100% bearish,of 1 rating,$32
DISCB,NULL,1441142457982,0,100% bearish,of 1 rating,$35
DVCR,$10.9,1441142458123,"13,680",100% bullish,of 1 rating,N/A
DSCO,$0.4279,1441142458152,"161,624",83% bullish,of 6 ratings,$2.75
DISH,$59.24,1441142458324,"1,116,674",69% bullish,of 13 ratings,$73
DLTR,$69.65,1441142458354,"7,661,513",82% bullish,of 11 ratings,$88
DLHC,$2.58,1441142458376,"1,678",100% bearish,of 1 rating,N/A
DGICA,$14.18,1441142458407,"15,261",100% bearish,of 1 rating,$17
BAGR,$2.78,1441142458438,"15,066",100% bearish,of 1 rating,$6
DNBF,$26,1441142458545,"1,720",Not yet rated,NULL,$27.50
DGICB,NULL,1441142458576,0,100% bearish,of 1 rating,N/A
DRWI,$0.1951,1441142458676,"71,875",60% bullish,of 5 ratings,$.45
HILL,$9.67,1441142458733,"982,211",60% bearish,of 5 ratings,$9.75
DORM,$50.25,1441142458763,"222,471",100% bearish,of 1 rating,$56
DMLP,$15.07,1441142458865,"22,291",100% bearish,of 1 rating,N/A
DRYS,$0.44,1441142459025,"2,147,615",77% bullish,of 31 ratings,$.60
DRWIW,$0.03,1441142459051,"5,117",Not yet rated,NULL,N/A
DSKX,$3.29,1441142459076,"26,341",100% bullish,of 1 rating,N/A
CADTR,NULL,1441142459203,0,Not yet rated,NULL,N/A
DWA,$19.45,1441142459235,"358,687",63% bullish,of 8 ratings,$26
CADT,NULL,1441142459255,0,Not yet rated,NULL,N/A
DSPG,$8.58,1441142459287,"33,268",100% bearish,of 1 rating,$13.50
CADTU,NULL,1441142459332,0,Not yet rated,NULL,N/A
CADTW,NULL,1441142459427,0,Not yet rated,NULL,N/A
DNKN,$49.44,1441142459537,"1,725,297",67% bullish,of 15 ratings,$56.50
DRRX,$2.06,1441142459563,"177,937",50% bullish,of 6 ratings,$3
DTSI,$25.64,1441142459639,"56,776",100% bearish,of 2 ratings,$39.50
DXPE,$29.56,1441142459717,"194,734",50% bullish,of 2 ratings,N/A
BOOM,$11.32,1441142459848,"77,023",67% bullish,of 3 ratings,$12
DVAX,$27.1,1441142459875,"369,014",70% bullish,of 10 ratings,$40
DYSL,$1.53,1441142459896,"60,640",100% bullish,of 2 ratings,N/A
DYNT,$3.09,1441142459935,398,75% bullish,of 4 ratings,N/A
DYAX,$22.04,1441142460026,"1,803,727",89% bullish,of 9 ratings,$30
EBMT,$11.88,1441142460052,366,Not yet rated,NULL,$13.50
EGBN,$41.09,1441142460123,"59,367",Not yet rated,NULL,$48
ETFC,$25,1441142460187,"2,996,778",57% bullish,of 14 ratings,$32.50
EGRX,$76.88,1441142460223,"179,129",67% bullish,of 3 ratings,$97
EGLE,$6.87,1441142460257,"20,718",60% bullish,of 5 ratings,N/A
EROC,$1.52,1441142460352,"172,908",50% bullish,of 2 ratings,$3
ELNK,$8.17,1441142460570,"631,202",60% bullish,of 5 ratings,$9.50
EACQU,$10.2,1441142460651,500,Not yet rated,NULL,N/A
EWBC,$38.62,1441142460704,"707,440",100% bearish,of 1 rating,$50
EML,$16.22,1441142460734,"36,533",Not yet rated,NULL,N/A
EBIX,$27.94,1441142460759,"300,454",69% bullish,of 13 ratings,$40
ELON,$0.58,1441142460790,"61,264",50% bullish,of 2 ratings,N/A
EVBS,$6.59,1441142460832,"4,050",Not yet rated,NULL,$7
EBAY,$26.48,1441142460919,"10,373,707",81% bullish,of 117 ratings,$34
SATS,$43.42,1441142461169,"103,164",50% bullish,of 2 ratings,$60
EEI,$11.72,1441142461202,"10,151",67% bearish,of 3 ratings,N/A
ECHO,$22.19,1441142461233,"177,432",67% bearish,of 3 ratings,$34.50
EDAP,$3.61,1441142461261,"21,136",60% bullish,of 5 ratings,$4.50
ESES,$3.4,1441142461283,958,100% bearish,of 1 rating,$7
ECTE,$1.5,1441142461313,"6,976",75% bullish,of 4 ratings,N/A
ECACU,$10.06,1441142461339,"2,000",Not yet rated,NULL,N/A
EDGW,$7.18,1441142461494,"2,650",100% bearish,of 1 rating,N/A
EDUC,$6.4,1441142461522,"42,228",100% bearish,of 1 rating,N/A
EHTH,$14.14,1441142461585,"95,167",50% bullish,of 4 ratings,$16.50
EGLT,$12.19,1441142461614,"91,522",50% bullish,of 2 ratings,$21
EFUT,$4.65,1441142461650,"1,600",Not yet rated,NULL,N/A
EGAN,$3.73,1441142461721,"15,690",50% bullish,of 2 ratings,$6.25
EMITF,$1.23,1441142461903,958,75% bullish,of 4 ratings,N/A
ESLT,$76.6,1441142461930,"9,589",67% bullish,of 3 ratings,N/A
ERI,$9.3,1441142461961,"65,260",100% bearish,of 1 rating,$10
LOCO,$12.79,1441142461987,"472,161",69% bullish,of 13 ratings,$19.50
ELRC,$10.4,1441142462060,"37,288",100% bearish,of 1 rating,N/A
EFII,$42.78,1441142462123,"167,213",80% bullish,of 5 ratings,$55
ESIO,$4.48,1441142462255,"54,599",50% bullish,of 2 ratings,$10
ELSE,$3.98,1441142462289,25,60% bullish,of 5 ratings,N/A
EA,$63.43,1441142462319,"3,259,963",78% bullish,of 36 ratings,$80
ELEC,NULL,1441142462391,0,Not yet rated,NULL,N/A
ELECW,NULL,1441142462417,0,Not yet rated,NULL,N/A
ELECU,NULL,1441142462494,0,Not yet rated,NULL,N/A
EBIO,$3.41,1441142462589,"207,385",100% bearish,of 2 ratings,$8.35
CAPX,$22.416,1441142462620,200,Not yet rated,NULL,N/A
RDEN,$10.83,1441142462729,"95,888",100% bearish,of 4 ratings,$15
ELTK,$1.28,1441142462821,"18,156",67% bearish,of 3 ratings,N/A
LONG,$16.97,1441142462857,"13,811",67% bullish,of 3 ratings,$15.75
EMCF,$23.48,1441142462883,238,100% bearish,of 1 rating,N/A
ESBK,$19.83,1441142462925,334,Not yet rated,NULL,N/A
EMMS,$1.2,1441142463018,"18,350",83% bullish,of 6 ratings,N/A
EMCI,$22.27,1441142463044,"15,913",Not yet rated,NULL,N/A
EMMSP,$3,1441142463175,720,100% bearish,of 1 rating,N/A
EMKR,$6.82,1441142463269,"108,735",75% bullish,of 4 ratings,$8.50
NYNY,$4.17,1441142463313,"25,843",50% bullish,of 2 ratings,N/A
ERS,$3.5,1441142463338,"7,595",Not yet rated,NULL,N/A
ENTA,$37.04,1441142463370,"171,593",50% bullish,of 2 ratings,$42
ECPG,$38.54,1441142463391,"185,509",100% bullish,of 2 ratings,$52
WIRE,$31.32,1441142463585,"94,522",100% bearish,of 1 rating,$37
ENDP,$73.48,1441142463741,"1,859,830",50% bullish,of 6 ratings,$104
ECYT,$5.14,1441142463883,"197,851",83% bullish,of 6 ratings,$12
ELGX,$12.65,1441142463934,"284,953",75% bullish,of 4 ratings,$17
EIGI,$14.74,1441142463956,"601,307",67% bearish,of 3 ratings,$22.50
WATT,$7.18,1441142464088,"80,207",50% bullish,of 2 ratings,$13
EFOI,$22.36,1441142464116,"758,880",50% bullish,of 2 ratings,$24.50
EXXI,$1.66,1441142464218,"1,223,630",86% bullish,of 7 ratings,$3.50
ENPH,$4.42,1441142464272,"459,071",75% bullish,of 4 ratings,$11
ENOC,$8.94,1441142464311,"165,987",75% bullish,of 4 ratings,$18
ERII,$2.63,1441142464366,"13,881",80% bullish,of 5 ratings,$2.50
ENG,$1.02,1441142464402,"25,287",100% bullish,of 3 ratings,N/A
ENFC,$17.78,1441142464437,"1,372",Not yet rated,NULL,N/A
ESGR,$147.07,1441142464463,"36,646",100% bearish,of 1 rating,$185
ENTG,$13.32,1441142464535,"738,468",100% bearish,of 1 rating,$18
ENTL,$21.14,1441142464630,"29,059",Not yet rated,NULL,$28
EBTC,$20.91,1441142464735,"5,152",Not yet rated,NULL,N/A
ETRM,$0.37,1441142464872,"367,466",69% bearish,of 35 ratings,$1.625
EFSC,$23.62,1441142464898,"37,529",Not yet rated,NULL,$27
ENVI,$1.8,1441142464935,"12,063",67% bullish,of 3 ratings,N/A
ENZY,$9.94,1441142464966,"26,795",67% bullish,of 3 ratings,$9.50
ENZN,$0.9691,1441142465033,"292,205",100% bullish,of 9 ratings,N/A
EGT,$1.99,1441142465064,"4,724",100% bullish,of 1 rating,N/A
EPIQ,$12.42,1441142465085,"43,221",100% bearish,of 1 rating,$18
EPRS,$5.04,1441142465119,"29,723",82% bullish,of 11 ratings,$15
EPZM,$19.63,1441142465225,"290,895",60% bullish,of 5 ratings,$34
EQFN,$8.07,1441142465358,"1,829",100% bearish,of 1 rating,N/A
PLUS,$73.65,1441142465388,"49,480",50% bullish,of 2 ratings,$88
EQIX,$262.87,1441142465422,"687,748",75% bullish,of 4 ratings,$312.50
EAC,$3.26,1441142465492,"9,272",100% bearish,of 1 rating,$8
ESCR,$0.135,1441142465842,"233,155",50% bullish,of 2 ratings,N/A
ERIE,$80.36,1441142465872,"17,979",Not yet rated,NULL,$73
ESCA,$16.8,1441142465903,"5,629",100% bearish,of 1 rating,$22
ESMC,$1.41,1441142465924,310,Not yet rated,NULL,N/A
ERIC,$9.55,1441142465953,"2,266,040",67% bullish,of 9 ratings,$12.20
ESPR,$46.94,1441142465978,"672,017",70% bearish,of 10 ratings,$122.50
ESCRP,$1.3892,1441142466003,"1,500",100% bearish,of 1 rating,N/A
ESND,$33.25,1441142466148,"136,854",100% bearish,of 2 ratings,$40
EPIX,$6,1441142466196,362,Not yet rated,NULL,N/A
ESSX,$0.5,1441142466228,"52,770",50% bullish,of 2 ratings,N/A
ETSY,$14.06,1441142466262,"268,737",80% bullish,of 5 ratings,$16
ESSA,$12.83,1441142466333,"8,816",100% bearish,of 1 rating,N/A
EEFT,$62.42,1441142466363,"119,222",100% bearish,of 1 rating,$67.50
CLWT,$2.496,1441142466464,300,100% bullish,of 1 rating,N/A
ESEA,$4.83,1441142466502,"1,040",100% bullish,of 1 rating,$15
EVEP,$8.39,1441142466596,"237,565",50% bullish,of 2 ratings,$15
EVK,$3.88,1441142466727,"2,446",75% bearish,of 4 ratings,N/A
EVOK,$3.42,1441142466755,"48,984",100% bearish,of 1 rating,$13.375
EVOL,$5.92,1441142466786,"17,090",75% bullish,of 4 ratings,$10
EXEL,$5.6,1441142466886,"6,488,789",81% bullish,of 16 ratings,$6
EVLV,$2.61,1441142466916,"171,030",60% bullish,of 5 ratings,$4.625
EXA,$10.99,1441142466992,"14,274",100% bearish,of 1 rating,$13
EXAC,$18.87,1441142467022,"31,300",100% bearish,of 1 rating,$22.50
EXAS,$21.83,1441142467050,"798,874",78% bullish,of 9 ratings,$31
EXFO,$3,1441142467073,"3,491",67% bearish,of 3 ratings,$3.95
EXLS,$36.15,1441142467099,"107,590",50% bullish,of 2 ratings,$41
EXPE,$110.365,1441142467268,"1,155,739",64% bullish,of 11 ratings,$130
EXPD,$48.02,1441142467311,"1,270,916",80% bullish,of 5 ratings,$52
EXPO,$42.03,1441142467404,"63,354",100% bearish,of 1 rating,$45.50
ESRX,$81.93,1441142467441,"3,700,511",67% bearish,of 6 ratings,$101
EXLP,$20.28,1441142467467,"239,432",100% bearish,of 1 rating,$25
EXTR,$2.93,1441142467602,"577,895",80% bullish,of 5 ratings,$3
EYEG,$3.83,1441142467759,"26,219",Not yet rated,NULL,N/A
EYEGW,$1.04,1441142467793,"2,300",Not yet rated,NULL,N/A
EZCH,$22.75,1441142467814,"109,845",75% bullish,of 8 ratings,$19.50
FFIV,$118.39,1441142467847,"735,975",63% bullish,of 8 ratings,$132
FB,$87.26,1441142467872,"21,075,122",73% bullish,of 1072 ratings,$111
FCS,$13.18,1441142467894,"594,637",67% bearish,of 3 ratings,$17
EZPW,$6.13,1441142467915,"290,199",50% bullish,of 4 ratings,$7
FRP,$15.87,1441142468070,"55,308",100% bearish,of 1 rating,$18
FALC,$1.73,1441142468238,"24,630",63% bearish,of 8 ratings,N/A
FWM,$2.22,1441142468265,"112,765",100% bearish,of 2 ratings,$3.20
DAVE,$14.44,1441142468393,"10,093",100% bearish,of 1 rating,$15.50
FFKT,$25.63,1441142468436,"13,256",Not yet rated,NULL,$29
FMNB,$8.11,1441142468462,"18,547",Not yet rated,NULL,N/A
FARM,$22.29,1441142468487,"35,063",100% bearish,of 1 rating,$35
FARO,$37.92,1441142468522,"70,859",50% bullish,of 2 ratings,$48
FAST,$37.45,1441142468547,"1,774,336",80% bullish,of 5 ratings,$45.50
FATE,$6.21,1441142468674,"26,392",50% bullish,of 2 ratings,$11
FBSS,$15.75,1441142468710,386,Not yet rated,NULL,N/A
FDML,$8.95,1441142468805,"237,115",50% bullish,of 4 ratings,$14
FBRC,$21.36,1441142468833,"34,912",100% bearish,of 1 rating,$29
FHCO,$1.39,1441142468860,"19,608",50% bullish,of 4 ratings,N/A
FEIC,$73.05,1441142468881,"183,890",50% bullish,of 2 ratings,$95.50
FNHC,$21.47,1441142468902,"45,875",100% bearish,of 1 rating,$35
FENX,$9.89,1441142469150,"55,858",100% bullish,of 1 rating,$14.25
FCSC,$5.45,1441142469183,"56,652",100% bearish,of 1 rating,$8.125
FGEN,$22.84,1441142469204,"207,753",100% bearish,of 1 rating,$39
LION,$18.66,1441142469238,"114,494",100% bullish,of 1 rating,$20
FRGI,$50.58,1441142469259,"111,832",50% bullish,of 2 ratings,$70
ONEQ,$182.33,1441142469290,"19,420",100% bullish,of 1 rating,N/A
FDUS,$14.75,1441142469335,"17,099",50% bullish,of 2 ratings,$18
FSAM,$7.99,1441142469556,"8,206",100% bearish,of 1 rating,$10.25
FSFR,$8.75,1441142469588,"40,119",100% bearish,of 1 rating,$11.50
FITBI,$27.44,1441142469609,"2,749",Not yet rated,NULL,N/A
FITB,$19.09,1441142469667,"6,953,827",54% bullish,of 13 ratings,$22
FSCFL,$24.36,1441142469688,"5,945",Not yet rated,NULL,N/A
FSC,$6.46,1441142469718,"527,930",60% bullish,of 5 ratings,$8
FNSR,$15.05,1441142469886,"567,167",71% bullish,of 7 ratings,$24
FNGN,$30.88,1441142469912,"301,122",67% bullish,of 3 ratings,$47
FISI,$24.61,1441142469942,"33,820",100% bullish,of 2 ratings,$24.50
FNTC,NULL,1441142469968,0,Not yet rated,NULL,N/A
FNJN,$1.77,1441142470099,"29,187",100% bearish,of 1 rating,$5
FNTCU,NULL,1441142470127,0,Not yet rated,NULL,N/A
FNTCW,NULL,1441142470278,0,Not yet rated,NULL,N/A
FEYE,$36.7,1441142470307,"2,036,609",88% bullish,of 16 ratings,$55.50
BUSE,$6.3,1441142470337,"133,212",Not yet rated,NULL,$6.875
FRBA,$6.12,1441142470358,"5,368",Not yet rated,NULL,$8
FNLC,$18.46,1441142470415,"17,040",100% bullish,of 1 rating,N/A
FBIZ,$22.06,1441142470504,"22,262",100% bearish,of 2 ratings,$26
FBNC,$16.6,1441142470547,"27,706",100% bullish,of 1 rating,$20
FCVA,$4.82,1441142470653,"1,173",Not yet rated,NULL,N/A
FCFS,$39.44,1441142470680,"132,962",100% bearish,of 3 ratings,$47
FCAP,$26.9,1441142470707,280,Not yet rated,NULL,N/A
FCLF,$9.2,1441142470733,"2,695",Not yet rated,NULL,N/A
FCNCA,$226.52,1441142470859,"8,507",Not yet rated,NULL,N/A
FCFP,$6.95,1441142470964,"2,900",Not yet rated,NULL,N/A
FBNK,$16.53,1441142470992,"33,540",100% bearish,of 1 rating,$17.50
FCCO,$11.93,1441142471026,"15,248",Not yet rated,NULL,$13.25
FCBC,$17.11,1441142471057,"21,708",Not yet rated,NULL,$18
FFNM,$6.39,1441142471124,324,Not yet rated,NULL,N/A
FDEF,$36.24,1441142471150,"21,397",Not yet rated,NULL,$38
FFBCW,NULL,1441142471177,0,100% bearish,of 1 rating,N/A
FFIN,$29.64,1441142471360,"163,772",50% bullish,of 2 ratings,$31.75
THFF,$32.39,1441142471386,"19,847",Not yet rated,NULL,$35
FFBC,$17.81,1441142471407,"176,270",67% bearish,of 3 ratings,$20.25
FFWM,$20.8,1441142471614,"5,866",Not yet rated,NULL,$24
FFNW,$12.18,1441142471656,"17,986",Not yet rated,NULL,$14
INBK,$30.78,1441142471719,"13,593",50% bullish,of 2 ratings,$37
FIBK,$25.87,1441142471745,"106,453",Not yet rated,NULL,$32
FNBC,$34.17,1441142471906,"67,747",Not yet rated,NULL,$40
FMBI,$16.82,1441142472005,"262,086",Not yet rated,NULL,$20
FMBH,NULL,1441142472036,0,Not yet rated,NULL,N/A
FRME,$25.64,1441142472057,"252,252",Not yet rated,NULL,$26.50
FNWB,$12.09,1441142472099,"10,726",Not yet rated,NULL,N/A
FSGI,$2.48,1441142472187,"7,286",Not yet rated,NULL,N/A
FSLR,$47.26,1441142472218,"1,102,281",72% bullish,of 39 ratings,$65
FNFG,$8.84,1441142472240,"1,998,891",80% bullish,of 5 ratings,$9
FSFG,$30.7,1441142472268,168,Not yet rated,NULL,N/A
FBZ,NULL,1441142472444,0,Not yet rated,NULL,N/A
FSBK,$7.7,1441142472498,"1,924",100% bullish,of 1 rating,N/A
BICK,NULL,1441142472534,0,100% bullish,of 1 rating,N/A
FCAN,$24.26,1441142472632,"1,162",Not yet rated,NULL,N/A
FV,$22.48,1441142472666,"3,034,107",100% bearish,of 1 rating,N/A
FTCS,$35.42,1441142472688,"28,696",100% bearish,of 1 rating,N/A
IFV,$17.25,1441142472717,"628,933",100% bearish,of 1 rating,N/A
FCA,$18.67,1441142472763,"8,405",Not yet rated,NULL,N/A
FEMB,NULL,1441142472929,0,Not yet rated,NULL,N/A
FTSM,$59.95,1441142472960,"347,715",100% bearish,of 1 rating,N/A
FEUZ,$30.62,1441142472987,"2,248",Not yet rated,NULL,N/A
TDIV,$24.11,1441142473021,"87,917",100% bearish,of 1 rating,N/A
MDIV,$18.95,1441142473059,"204,398",Not yet rated,NULL,N/A
FTGC,$22.19,1441142473126,"191,284",Not yet rated,NULL,N/A
FTHI,$19.52,1441142473147,289,Not yet rated,NULL,N/A
FGM,$34.76,1441142473229,"17,036",Not yet rated,NULL,N/A
FHK,$32.06,1441142473449,"12,712",Not yet rated,NULL,N/A
FPXI,$26.49,1441142473483,400,Not yet rated,NULL,N/A
HYLS,$49.39,1441142473519,"43,203",100% bearish,of 1 rating,N/A
YDIV,$16.23,1441142473540,"3,048",Not yet rated,NULL,N/A
CU,$12.62,1441142473615,"4,660",100% bearish,of 1 rating,N/A
PLTM,$6.23,1441142473644,"4,026",100% bearish,of 1 rating,N/A
SKYY,$28.11,1441142473675,"77,611",100% bullish,of 1 rating,N/A
FJP,$44.85,1441142473772,"23,114",Not yet rated,NULL,N/A
FMB,$51.3,1441142473804,503,Not yet rated,NULL,N/A
FTLB,$19.43,1441142473903,"1,765",100% bearish,of 1 rating,N/A
QABA,$36.9,1441142473936,"15,877",100% bearish,of 1 rating,N/A
CIBR,$17.25,1441142473965,"61,764",Not yet rated,NULL,N/A
LMBS,$50.4,1441142474036,800,Not yet rated,NULL,N/A
FONE,NULL,1441142474064,0,Not yet rated,NULL,N/A
QCLN,$14.73,1441142474167,"15,301",Not yet rated,NULL,N/A
CARZ,$33.87,1441142474228,"3,735",100% bearish,of 1 rating,N/A
RDVY,$20.57,1441142474254,"3,208",Not yet rated,NULL,N/A
GRID,$31.16,1441142474326,640,100% bearish,of 1 rating,N/A
QQEW,$40.55,1441142474455,"127,379",Not yet rated,NULL,N/A
QTEC,$38.92,1441142474480,"64,009",Not yet rated,NULL,N/A
FTSL,$48.8,1441142474544,"35,700",100% bearish,of 1 rating,N/A
QQXT,$39.17,1441142474570,"38,955",Not yet rated,NULL,N/A
QINC,$20.02,1441142474595,200,Not yet rated,NULL,N/A
FKO,$22.33,1441142474624,300,Not yet rated,NULL,N/A
AIRR,$16.2301,1441142474649,"5,125",100% bearish,of 1 rating,N/A
FTW,$30.92,1441142474856,306,Not yet rated,NULL,N/A
FSZ,$38.33,1441142474881,"21,535",Not yet rated,NULL,N/A
FDIV,$46.5375,1441142474910,200,100% bearish,of 1 rating,N/A
FKU,$40.47,1441142475016,"20,208",Not yet rated,NULL,N/A
FUNC,$8.13,1441142475041,142,Not yet rated,NULL,N/A
TUSA,$24.2058,1441142475074,950,Not yet rated,NULL,N/A
SVVC,$9.22,1441142475100,"13,928",50% bullish,of 2 ratings,$26
FSV,$31.56,1441142475178,"48,002",Not yet rated,NULL,$33.60
FMER,$17.1,1441142475234,"951,945",50% bullish,of 2 ratings,$20
FISV,$82.87,1441142475392,"1,234,160",100% bearish,of 3 ratings,$90
FPRX,$18.21,1441142475420,"274,483",50% bullish,of 2 ratings,$35
FIVE,$37.47,1441142475445,"914,957",75% bearish,of 4 ratings,$44
FIVN,$3.89,1441142475467,"120,647",100% bullish,of 1 rating,$8.50
FLML,$21.96,1441142475502,"104,889",50% bullish,of 2 ratings,$30
FLXN,$24.56,1441142475552,"67,125",100% bearish,of 1 rating,$40
FLKS,$11.52,1441142475631,"33,790",50% bullish,of 2 ratings,$27
SKOR,$50.76,1441142475725,"1,200",Not yet rated,NULL,N/A
FLEX,$10.15,1441142475770,"1,768,378",63% bullish,of 8 ratings,$12
FLXS,$30.55,1441142475802,"24,236",100% bearish,of 2 ratings,N/A
FLIR,$28.02,1441142475827,"732,154",100% bearish,of 2 ratings,$38.50
MBSD,$25.14,1441142475905,608,Not yet rated,NULL,N/A
FOMX,$9.92,1441142476079,"111,184",50% bullish,of 2 ratings,$23.50
FOGO,$19.23,1441142476108,"56,534",50% bullish,of 2 ratings,$25.50
FLDM,$11.58,1441142476139,"261,677",67% bearish,of 3 ratings,$15
FONR,$9.59,1441142476179,"3,793",100% bullish,of 1 rating,N/A
FFIC,$19.23,1441142476208,"61,842",Not yet rated,NULL,$20.50
FORTY,$30.43,1441142476313,638,100% bearish,of 1 rating,N/A
FES,$0.91,1441142476339,"26,601",50% bullish,of 2 ratings,$1
FORR,$30.59,1441142476400,"25,922",Not yet rated,NULL,N/A
FORM,$6.52,1441142476530,"193,429",67% bullish,of 3 ratings,$10.50
FTNT,$40.86,1441142476561,"966,500",80% bullish,of 10 ratings,$52
FOSL,$59.69,1441142476660,"559,065",60% bearish,of 5 ratings,$80
FBIO,$2.69,1441142476696,"33,105",83% bullish,of 6 ratings,N/A
FORD,$1.91,1441142476759,"3,663,402",67% bullish,of 3 ratings,N/A
FWRD,$43.6,1441142476788,"125,665",100% bearish,of 1 rating,$50
FWP,$25.75,1441142476813,"16,977",100% bearish,of 1 rating,$45
FXCB,$17.05,1441142476838,"16,862",Not yet rated,NULL,$19
FMI,$22.93,1441142477022,"157,475",100% bearish,of 2 ratings,$27.50
FOXF,$14.92,1441142477055,"46,653",100% bearish,of 1 rating,$19
FREE,$0.376,1441142477086,"253,234",92% bullish,of 12 ratings,N/A
FRAN,$11.14,1441142477152,"381,261",50% bullish,of 4 ratings,$15
FELE,$27.75,1441142477186,"207,307",50% bullish,of 4 ratings,$33
RAIL,$20.68,1441142477223,"59,976",100% bearish,of 1 rating,$24.50
FRED,$12.77,1441142477253,"149,342",50% bullish,of 2 ratings,$15.50
FEIM,$11.01,1441142477362,"4,956",100% bearish,of 1 rating,N/A
FTR,$5.04,1441142477468,"10,687,963",78% bullish,of 27 ratings,$6.25
FSBW,$23.12,1441142477531,"3,013",Not yet rated,NULL,N/A
FRPT,$12.85,1441142477566,"261,058",67% bearish,of 3 ratings,$23.50
FRPH,$31.03,1441142477587,"9,846",100% bearish,of 1 rating,N/A
FTEK,$2.04,1441142477663,"69,303",75% bullish,of 4 ratings,N/A
FTD,$29.55,1441142477692,"85,341",100% bearish,of 1 rating,$40
FTRPR,$99.9,1441142477720,"1,865",100% bearish,of 1 rating,N/A
FSYS,$6.56,1441142477745,"154,029",67% bullish,of 3 ratings,$10
FULL,$3.12,1441142477874,"44,703",67% bearish,of 3 ratings,$4.25
FCEL,$0.844,1441142477908,"2,517,688",88% bullish,of 41 ratings,$2.65
FULT,$11.69,1441142478042,"539,916",100% bearish,of 1 rating,$13
FULLL,$25.13,1441142478068,"2,229",Not yet rated,NULL,N/A
FSNN,$2.06,1441142478115,"2,923",67% bullish,of 3 ratings,$6
FLL,$1.48,1441142478200,"2,698",75% bullish,of 4 ratings,$3.50
FXENP,$15.63,1441142478246,"1,867",100% bearish,of 1 rating,N/A
FFHL,$0.9703,1441142478271,"1,480",50% bullish,of 4 ratings,N/A
FXEN,$0.9801,1441142478334,"52,524",75% bullish,of 4 ratings,$1.10
WILC,$4.9899,1441142478359,154,100% bullish,of 2 ratings,N/A
GAIA,$6.06,1441142478428,"5,929",50% bullish,of 2 ratings,$8.50
GK,$65.96,1441142478461,"57,293",Not yet rated,NULL,$78
GLPG,$57.98,1441142478558,"17,366",100% bullish,of 1 rating,$75
GALTU,NULL,1441142478609,0,100% bearish,of 1 rating,N/A
GALTW,NULL,1441142478652,0,100% bullish,of 1 rating,N/A
GALT,$2.2,1441142478677,"30,205",80% bullish,of 5 ratings,N/A
GLMD,$9.79,1441142479087,"61,338",67% bullish,of 3 ratings,$20.50
GALE,$1.58,1441142479115,"1,597,031",89% bullish,of 47 ratings,$4
GPIC,$9.78,1441142479290,"1,370",100% bearish,of 1 rating,N/A
GGAC,NULL,1441142479322,0,100% bearish,of 1 rating,N/A
GGACR,$0.26,1441142479343,"5,700",100% bullish,of 1 rating,N/A
GGACU,$10.22,1441142479364,200,Not yet rated,NULL,N/A
GLPI,$30.53,1441142479396,"656,829",100% bearish,of 1 rating,$37.50
GRMN,$36.81,1441142479421,"897,065",50% bullish,of 6 ratings,$46.50
GENC,$9.07,1441142479629,"1,788",100% bearish,of 1 rating,N/A
GARS,$14.27,1441142479657,"23,442",Not yet rated,NULL,$16
GFN,$3.85,1441142479706,"120,010",100% bearish,of 2 ratings,$8
GFNSL,$25.4,1441142479738,"3,100",Not yet rated,NULL,N/A
GGACW,$0.15,1441142479759,"1,963",Not yet rated,NULL,N/A
GENE,$2.31,1441142479795,"169,504",100% bullish,of 12 ratings,N/A
GNCMA,$16.49,1441142479817,"152,437",100% bearish,of 1 rating,$12
GFNCP,$90.3,1441142479848,990,Not yet rated,NULL,N/A
GNCA,$11.35,1441142480047,"96,157",100% bearish,of 1 rating,$20
GNMK,$9.66,1441142480145,"85,710",67% bullish,of 6 ratings,$14
GNTX,$15.21,1441142480195,"1,252,990",Not yet rated,NULL,$20
GHDX,$26.35,1441142480227,"219,032",50% bullish,of 2 ratings,$30
THRM,$44.32,1441142480273,"199,385",75% bearish,of 4 ratings,$55.50
GNVC,$2.41,1441142480359,"26,605",90% bullish,of 10 ratings,$8.50
GTWN,$18.72,1441142480403,24,Not yet rated,NULL,N/A
GEVO,$2.38,1441142480495,"215,841",75% bullish,of 12 ratings,$5
GEOS,$16.87,1441142480574,"90,924",100% bearish,of 3 ratings,$21
GERN,$2.93,1441142480606,"1,532,683",88% bullish,of 16 ratings,$5.25
ROCK,$16,1441142480662,"284,722",80% bullish,of 5 ratings,$24
GIGM,$0.5361,1441142480690,"12,198",100% bullish,of 2 ratings,N/A
GABC,$28.32,1441142480719,"18,432",Not yet rated,NULL,$31
GIGA,$1.52,1441142480911,"155,834",100% bearish,of 1 rating,N/A
GILT,$4.18,1441142480943,"4,569",50% bullish,of 2 ratings,N/A
GILD,$101.49,1441142480983,"9,123,033",91% bullish,of 87 ratings,$129
GBCI,$25.22,1441142481043,"344,204",50% bullish,of 2 ratings,$31
GIII,$66.91,1441142481072,"316,047",67% bullish,of 3 ratings,$75
GLADO,$25.42,1441142481175,"3,220",Not yet rated,NULL,N/A
GLAD,$8.9,1441142481221,"174,263",50% bullish,of 2 ratings,$8.75
GOODP,$25.2,1441142481650,"1,142",Not yet rated,NULL,N/A
GAINO,$25.17,1441142481686,843,Not yet rated,NULL,N/A
GOODN,$25.6,1441142481707,325,Not yet rated,NULL,N/A
GAINN,$24.9,1441142481741,"64,649",Not yet rated,NULL,N/A
GAIN,$7.36,1441142481762,"74,406",100% bullish,of 2 ratings,$8.25
GOOD,$14.24,1441142481800,"68,505",Not yet rated,NULL,$19
GOODO,$25,1441142481821,2,Not yet rated,NULL,N/A
GAINP,$25.85,1441142481984,"1,529",Not yet rated,NULL,N/A
LAND,$9.08,1441142482049,"52,214",50% bullish,of 2 ratings,$13.75
GLBZ,$11.25,1441142482145,457,Not yet rated,NULL,N/A
GBT,$49.15,1441142482170,"52,256",100% bearish,of 1 rating,N/A
GDEF,$10.54,1441142482233,680,Not yet rated,NULL,N/A
ENT,$10.94,1441142482336,"286,208",100% bearish,of 1 rating,$18
GBLI,$26.49,1441142482390,"17,514",Not yet rated,NULL,N/A
GPACU,$9.98,1441142482420,1,Not yet rated,NULL,N/A
SOCL,$17.06,1441142482482,"22,754",100% bullish,of 2 ratings,N/A
ACTX,NULL,1441142482513,0,100% bullish,of 1 rating,N/A
QQQC,$18.86,1441142482543,"4,753",100% bearish,of 1 rating,N/A
GSOL,$8.12,1441142482571,"20,446",100% bearish,of 1 rating,N/A
ALTY,$14.06,1441142482616,"1,270",Not yet rated,NULL,N/A
GAI,$6.17,1441142482808,"19,845",50% bullish,of 2 ratings,N/A
SRET,$12.85,1441142482837,"2,507",Not yet rated,NULL,N/A
YLCO,$11.6,1441142482939,"2,198",Not yet rated,NULL,N/A
GSM,$13.37,1441142482974,"475,762",50% bullish,of 2 ratings,$22
GBIM,$2.59,1441142483065,"10,837",50% bullish,of 2 ratings,N/A
GLUU,$4.28,1441142483169,"1,354,799",92% bullish,of 26 ratings,$9
GLRI,$1.05,1441142483200,"5,190",100% bearish,of 1 rating,$4.25
GLYC,$7,1441142483230,"7,994",50% bullish,of 2 ratings,$14
GLBS,$1.06,1441142483299,"5,600",67% bullish,of 3 ratings,N/A
GLDC,$4.03,1441142483328,"4,714",50% bullish,of 2 ratings,N/A
GDEN,$8.99,1441142483459,"1,908",50% bullish,of 2 ratings,N/A
GOGO,$15.61,1441142483498,"521,537",80% bullish,of 5 ratings,$25
GOGL,$2.99,1441142483526,"187,746",75% bullish,of 4 ratings,$5
GLNG,$37.97,1441142483547,"629,117",83% bullish,of 6 ratings,$55.50
GMLP,$20.16,1441142483576,"183,746",50% bullish,of 4 ratings,$29
GOOGL,$629.56,1441142483782,"1,271,835",88% bullish,of 1082 ratings,$749
GBDC,$17.08,1441142483807,"280,190",Not yet rated,NULL,$17.75
GOOG,$597.79,1441142483835,"1,758,168",88% bullish,of 72 ratings,$825
GPRO,$43.5,1441142483864,"9,132,435",78% bullish,of 58 ratings,$72
GTIM,$6.72,1441142483970,"18,831",Not yet rated,NULL,$11.50
GMAN,$3.72,1441142484014,"23,619",60% bullish,of 5 ratings,$8.50
GPIAU,NULL,1441142484102,0,Not yet rated,NULL,N/A
GPIA,NULL,1441142484134,0,100% bearish,of 1 rating,N/A
GPIAW,NULL,1441142484241,0,Not yet rated,NULL,N/A
LOPE,$36.56,1441142484274,"267,519",100% bearish,of 2 ratings,$50
GBSN,$0.315,1441142484297,"3,168,555",50% bullish,of 2 ratings,$8.25
GRVY,$3.62,1441142484321,"8,151",50% bullish,of 2 ratings,N/A
GBSNU,NULL,1441142484352,0,NULL,NULL,NULL
GLDD,$5.26,1441142484482,"144,541",100% bearish,of 4 ratings,$7.75
GNBC,$11.58,1441142484561,"12,857",100% bearish,of 1 rating,$16.50
GSBC,$39.835,1441142484617,"31,703",100% bullish,of 1 rating,$44
GRBK,$11.8,1441142484665,"125,689",77% bullish,of 13 ratings,N/A
GPRE,$20.21,1441142484798,"395,148",67% bullish,of 6 ratings,$28.50
GPP,$14.07,1441142484931,"25,182",Not yet rated,NULL,$20.50
GRFS,$29.49,1441142484964,"367,090",50% bullish,of 2 ratings,$35
GCBC,$28.5,1441142485004,504,100% bullish,of 1 rating,N/A
GRPN,$4.29,1441142485039,"6,372,097",61% bullish,of 71 ratings,$6.75
GRIF,$32.42,1441142485067,45,100% bearish,of 1 rating,N/A
GLRE,$24.91,1441142485139,"147,384",50% bullish,of 2 ratings,$41
OMAB,$40.82,1441142485165,"19,908",100% bullish,of 1 rating,$44
GGAL,$18.78,1441142485244,"178,339",80% bullish,of 5 ratings,$40
GSIG,$12.65,1441142485317,"42,225",100% bearish,of 2 ratings,N/A
GSIT,$4.62,1441142485448,"14,562",100% bearish,of 1 rating,N/A
GSVC,$8.61,1441142485474,"43,330",50% bullish,of 2 ratings,$15.75
GTXI,$0.86,1441142485523,"10,637",100% bullish,of 5 ratings,$.75
GBNK,$15.5,1441142485548,"30,343",100% bearish,of 1 rating,$18
GULTU,$0.335,1441142485727,"32,216",100% bearish,of 1 rating,N/A
GUID,$6.87,1441142485757,"82,603",100% bearish,of 3 ratings,$10
GFED,$14.94,1441142485795,"1,290",Not yet rated,NULL,$17
GURE,$1.7,1441142485821,"11,295",88% bullish,of 8 ratings,N/A
GIFI,$12.53,1441142485862,"38,454",100% bearish,of 1 rating,$16
GWPH,$103.31,1441142485890,"116,762",78% bullish,of 9 ratings,$148.50
GPOR,$34.28,1441142485917,"1,176,527",75% bullish,of 4 ratings,$54
GWGH,$8.12,1441142486077,242,100% bearish,of 1 rating,$15.05
GYRO,$30.39,1441142486108,"101,708",100% bearish,of 1 rating,N/A
HLG,$8.55,1441142486215,"10,863",100% bearish,of 1 rating,N/A
HEES,$18.94,1441142486244,"337,738",67% bearish,of 3 ratings,$31
HNRG,$7.7,1441142486350,"65,529",100% bearish,of 1 rating,$10
HBK,$13.75,1441142486477,"1,717",50% bullish,of 2 ratings,N/A
HALL,$11.3,1441142486518,"21,032",Not yet rated,NULL,N/A
HMPR,$1.82,1441142486567,"45,493",100% bullish,of 1 rating,N/A
HBHC,$26.63,1441142486608,"448,944",50% bullish,of 2 ratings,$30
HALO,$16.62,1441142486638,"872,672",67% bullish,of 3 ratings,$22.50
HBHCL,$24.15,1441142486659,"23,255",Not yet rated,NULL,N/A
HNH,$24.45,1441142486696,"21,669",100% bullish,of 1 rating,N/A
HNSN,$0.5562,1441142486793,"47,547",88% bullish,of 8 ratings,$.40
HAFC,$23.33,1441142486826,"121,524",100% bullish,of 2 ratings,$28.50
HQCL,$12.51,1441142486891,"15,965",67% bullish,of 3 ratings,$14
HDNG,$10.05,1441142486983,"12,395",50% bullish,of 4 ratings,N/A
HLIT,$5.64,1441142487069,"248,392",100% bearish,of 1 rating,$6.50
HBIO,$4.31,1441142487221,"52,884",100% bearish,of 1 rating,$10
HRMNU,NULL,1441142487248,0,Not yet rated,NULL,N/A
TINY,$2.45,1441142487270,"22,481",50% bullish,of 2 ratings,$5.26
HART,$1.27,1441142487315,"285,103",100% bearish,of 1 rating,N/A
HRMN,NULL,1441142487400,0,Not yet rated,NULL,N/A
HCAP,$11.93,1441142487426,"16,270",50% bullish,of 2 ratings,$15
HRMNW,NULL,1441142487447,0,Not yet rated,NULL,N/A
HCAPL,NULL,1441142487487,0,Not yet rated,NULL,N/A
HA,$22.37,1441142487516,"445,502",67% bullish,of 9 ratings,$27
HAS,$72.52,1441142487582,"691,637",63% bullish,of 8 ratings,$84.50
HCOM,$21.73,1441142487642,"15,373",100% bearish,of 1 rating,$28
HWKN,$37.6,1441142487832,"35,991",Not yet rated,NULL,N/A
HWBK,$13.95,1441142487968,77,100% bearish,of 1 rating,N/A
HDS,$31.81,1441142488045,"1,220,728",100% bearish,of 2 ratings,$39.50
HAYN,$37.34,1441142488148,"27,830",100% bearish,of 1 rating,$59
HIIQ,$4.77,1441142488177,"37,390",50% bullish,of 2 ratings,$7
HWAY,$11.88,1441142488279,"259,748",100% bearish,of 1 rating,$15
HSTM,$23.68,1441142488303,"97,731",50% bullish,of 2 ratings,$33.75
HTLD,$19.5,1441142488821,"647,649",Not yet rated,NULL,$22.50
HSII,$19.5,1441142488849,"50,886",100% bullish,of 3 ratings,$25
HTBX,$3.99,1441142488871,"173,717",50% bullish,of 2 ratings,$15.50
HQY,$29.2,1441142488919,"148,715",67% bullish,of 3 ratings,$35
HTLF,$35.23,1441142489003,"72,897",100% bullish,of 1 rating,$39.50
HTWR,$81.81,1441142489032,"125,263",50% bullish,of 2 ratings,$103
HCSG,$32.67,1441142489053,"249,828",50% bullish,of 4 ratings,$35
HELE,$82.04,1441142489074,"144,769",67% bearish,of 3 ratings,$100
HERO,NULL,1441142489259,0,NULL,NULL,NULL
HMNY,NULL,1441142489309,0,100% bearish,of 1 rating,N/A
HNNA,$24.625,1441142489338,"10,430",Not yet rated,NULL,N/A
HMTV,$13.3,1441142489365,"27,240",100% bearish,of 1 rating,$16
HTBK,$10.21,1441142489404,"123,461",Not yet rated,NULL,$12
HCACU,$9.99,1441142489434,900,Not yet rated,NULL,N/A
HSIC,$132.56,1441142489501,"323,037",83% bullish,of 6 ratings,$146
HFWA,$17.22,1441142489700,"44,487",100% bullish,of 1 rating,$20
MLHR,$26.28,1441142489728,"212,924",50% bullish,of 2 ratings,$33.50
HCCI,$11.46,1441142489754,"38,699",100% bearish,of 1 rating,$16.50
HRTX,$35.75,1441142489782,"5,727,884",57% bullish,of 7 ratings,$41
HEOP,$7.5,1441142489807,"26,382",Not yet rated,NULL,$8.50
HSKA,$33.79,1441142489971,"25,772",100% bearish,of 1 rating,$38
HFFC,$15.87,1441142490106,"5,290",Not yet rated,NULL,N/A
HIBB,$38.89,1441142490145,"179,411",100% bearish,of 1 rating,$46.50
HPJ,$2.1,1441142490237,"15,113",75% bullish,of 4 ratings,$12.43
HIFS,$115.99,1441142490267,"2,338",Not yet rated,NULL,N/A
HIMX,$6.6,1441142490291,"869,700",86% bullish,of 21 ratings,$8.50
HIHO,$4.14,1441142490322,"19,536",Not yet rated,NULL,N/A
HSGX,$6.04,1441142490343,"3,442",100% bearish,of 1 rating,$17
HMNF,$11.65,1441142490548,"1,475",Not yet rated,NULL,N/A
HOLX,$37.22,1441142490583,"2,831,369",50% bullish,of 4 ratings,$42
HOLI,$16.73,1441142490605,"193,873",50% bullish,of 4 ratings,$27
HBCP,$24.55,1441142490652,"1,637",Not yet rated,NULL,$29
AWAY,$27.5,1441142490678,"762,176",67% bullish,of 3 ratings,$36
HFBL,$21.77,1441142490739,"1,490",Not yet rated,NULL,N/A
HMSY,$9.78,1441142490873,"619,413",67% bullish,of 3 ratings,$19.35
HOMB,$36.5,1441142491027,"112,251",Not yet rated,NULL,$42
HMIN,$25.35,1441142491158,"138,427",100% bearish,of 2 ratings,$35
HKTV,$4.36,1441142491190,"28,887",100% bearish,of 1 rating,N/A
HOFT,$23.59,1441142491223,"40,395",100% bearish,of 1 rating,N/A
HMST,$21.74,1441142491244,"138,939",100% bullish,of 2 ratings,$27
HTBI,$17.92,1441142491276,"102,554",67% bullish,of 3 ratings,$18.625
HFBC,$11.35,1441142491301,"26,062",Not yet rated,NULL,N/A
CETC,$0.732,1441142491327,"52,818",86% bullish,of 7 ratings,N/A
HRZN,$10.39,1441142491520,"19,712",50% bullish,of 2 ratings,$14.25
HZNP,$29.35,1441142491556,"1,124,035",85% bullish,of 20 ratings,$40
HBNC,$23.57,1441142491577,"34,635",100% bullish,of 1 rating,$27
HDP,$22.8,1441142491651,"203,271",67% bearish,of 3 ratings,$30.50
ZINC,$7.56,1441142491679,"498,334",100% bearish,of 1 rating,$17
HWCC,$7.39,1441142491832,"128,507",100% bearish,of 1 rating,$9
HMHC,$22.34,1441142491884,"1,325,192",Not yet rated,NULL,$27
HBMD,$14.4,1441142491910,"2,598",100% bearish,of 1 rating,N/A
HSNI,$59.51,1441142491963,"377,887",Not yet rated,NULL,$80
HTGM,$5.86,1441142492044,"4,777",100% bearish,of 1 rating,$19.50
HOVNP,$4,1441142492073,"8,000",100% bearish,of 1 rating,N/A
HUBG,$36.69,1441142492144,"142,919",100% bearish,of 1 rating,$43
HBAN,$10.45,1441142492179,"5,110,704",76% bullish,of 17 ratings,$12.29
HDSN,$3.11,1441142492275,"5,166",100% bullish,of 1 rating,$6.25
HSON,$2.73,1441142492306,"6,964",100% bearish,of 1 rating,$5
HCBK,$8.84,1441142492333,"2,377,572",83% bullish,of 6 ratings,$8.61
HBANP,$1320.45,1441142492410,106,100% bearish,of 1 rating,N/A
HURC,$29.15,1441142492481,"12,008",100% bearish,of 1 rating,N/A
HURN,$71.36,1441142492510,"266,376",50% bullish,of 2 ratings,$80
HTCH,$1.44,1441142492614,"201,282",100% bearish,of 1 rating,$3.50
HDRAR,NULL,1441142492718,0,Not yet rated,NULL,N/A
HBP,$3.14,1441142492752,"4,528",100% bullish,of 1 rating,N/A
HDRA,NULL,1441142492772,0,Not yet rated,NULL,N/A
HDRAW,NULL,1441142492803,0,Not yet rated,NULL,N/A
HDRAU,$0.05,1441142492850,0,Not yet rated,NULL,N/A
HYGS,$8.96,1441142492983,"16,303",50% bullish,of 2 ratings,$13
IACI,$69.18,1441142493034,"743,364",80% bullish,of 5 ratings,$90
IDSY,$3.8,1441142493130,"9,084",100% bearish,of 1 rating,$7
IKGH,$1.43,1441142493186,"47,323",75% bullish,of 4 ratings,N/A
IBKC,$58.57,1441142493211,"127,352",100% bullish,of 1 rating,$70
IEP,$71,1441142493240,"52,129",75% bullish,of 4 ratings,$99
ICAD,$3.72,1441142493266,"19,921",100% bullish,of 2 ratings,$7.25
ICFI,$33.37,1441142493400,"113,640",50% bullish,of 2 ratings,$48.50
ICUI,$110,1441142493500,"133,439",Not yet rated,NULL,$122
IPWR,$7.3,1441142493545,"4,987",100% bullish,of 1 rating,$15
ICON,$13.15,1441142493571,"585,041",50% bullish,of 2 ratings,$28
ICLR,$75.07,1441142493597,"285,771",100% bearish,of 3 ratings,$85
IDRA,$2.79,1441142493638,"1,141,679",89% bullish,of 9 ratings,$6.50
IDXX,$70.54,1441142493728,"611,927",100% bearish,of 1 rating,$76
INVE,$4.66,1441142493889,"26,150",75% bullish,of 4 ratings,$4
KANG,$15.5,1441142493979,"415,848",50% bullish,of 2 ratings,$23.10
DSKY,$11.02,1441142494037,"26,132",67% bullish,of 6 ratings,$11.50
IRG,$4.92,1441142494094,"20,773",100% bearish,of 1 rating,$4.25
IROQ,$16.99,1441142494115,726,100% bullish,of 1 rating,N/A
IIVI,$16.46,1441142494136,"132,072",100% bearish,of 1 rating,$22
RXDX,$13.46,1441142494157,"87,270",100% bullish,of 1 rating,$20
IKAN,$2.73,1441142494291,"20,145",83% bullish,of 6 ratings,$5
IKNX,$12.57,1441142494374,14,100% bearish,of 1 rating,N/A
ICCC,$6.75,1441142494423,"18,183",100% bullish,of 1 rating,N/A
ILMN,$193.13,1441142494452,"901,797",80% bullish,of 5 ratings,$245
ISNS,$4.21,1441142494474,"23,134",50% bullish,of 2 ratings,N/A
IMMR,$11.22,1441142494495,"262,037",80% bullish,of 5 ratings,$15.50
IMDZ,$15.31,1441142494630,"41,662",100% bearish,of 1 rating,$33
IMNP,$1.25,1441142495203,"88,328",50% bullish,of 2 ratings,$6
IMMY,$7.64,1441142495234,"3,608",100% bearish,of 1 rating,$11
IMMU,$2.12,1441142495256,"678,510",86% bullish,of 7 ratings,$2
IMGN,$12.98,1441142495277,"1,967,412",75% bullish,of 4 ratings,$17.50
INCR,$40.98,1441142495302,"495,927",50% bullish,of 2 ratings,$53
IPXL,$40.63,1441142495337,"911,940",67% bullish,of 3 ratings,$46.50
SAAS,$7.18,1441142495432,"556,949",50% bullish,of 2 ratings,$15
INCY,$115.12,1441142495472,"1,035,729",50% bullish,of 6 ratings,$125.50
IBCP,$13.63,1441142495927,"117,857",100% bullish,of 1 rating,$14.50
INFN,$21.51,1441142495954,"1,077,001",71% bullish,of 7 ratings,$28
IBTX,$39.03,1441142495980,"22,340",100% bullish,of 2 ratings,$47.25
INDB,$43.51,1441142496001,"55,365",Not yet rated,NULL,$44
IDSA,$3.63,1441142496031,654,Not yet rated,NULL,N/A
IPCC,$75.1,1441142496052,"18,638",Not yet rated,NULL,$77.50
III,$3.64,1441142496251,"55,425",57% bullish,of 7 ratings,$6
INWK,$7.08,1441142496380,"88,695",50% bullish,of 2 ratings,$10
INNL,$12.54,1441142496406,"3,875",100% bearish,of 1 rating,$16.50
INFI,$8.6,1441142496444,"363,706",50% bullish,of 4 ratings,$16.50
IMKTA,$49.19,1441142496465,"74,284",100% bearish,of 1 rating,N/A
IFON,$1.275,1441142496495,"21,873",75% bullish,of 4 ratings,N/A
INOD,$2.33,1441142496538,"4,292",100% bearish,of 1 rating,N/A
IPHS,$46.72,1441142496565,"95,781",100% bearish,of 1 rating,$60
IOSP,$48.16,1441142496752,"129,542",100% bearish,of 1 rating,N/A
INGN,$49.25,1441142496778,"180,991",100% bearish,of 1 rating,$50.50
ISSC,$2.84,1441142496833,"3,789",67% bearish,of 3 ratings,N/A
ITEK,$12.24,1441142496930,"197,244",100% bearish,of 3 ratings,$20
INOV,$21.76,1441142496999,"404,206",100% bearish,of 1 rating,$33
NSIT,$24.56,1441142497063,"129,635",50% bullish,of 2 ratings,N/A
INO,$7.1,1441142497090,"743,555",89% bullish,of 18 ratings,$20
ISIG,$2.75,1441142497118,"4,460",100% bearish,of 1 rating,N/A
INSM,$23.39,1441142497249,"283,127",71% bullish,of 7 ratings,$31.50
PODD,$28.39,1441142497285,"261,513",67% bearish,of 3 ratings,$35
INSY,$32.59,1441142497312,"721,643",75% bullish,of 4 ratings,$48
NTEC,$5.52,1441142497352,"3,969",100% bearish,of 1 rating,N/A
IIIN,$16.76,1441142497377,"52,626",100% bearish,of 2 ratings,N/A
IART,$58.35,1441142497508,"145,300",100% bearish,of 2 ratings,$71.50
IDTI,$18.47,1441142497533,"1,800,953",60% bullish,of 5 ratings,$25
IESC,$7.21,1441142497669,"1,534",100% bearish,of 1 rating,N/A
INTC,$27.82,1441142497694,"26,897,682",82% bullish,of 238 ratings,$36
IQNT,$18.34,1441142497721,"188,578",86% bullish,of 7 ratings,$20
ISSI,$21.85,1441142497752,"266,007",67% bullish,of 3 ratings,$19.75
ININ,$35.3,1441142497857,"77,493",67% bearish,of 3 ratings,$57
IPCI,$2.22,1441142497959,"33,507",67% bullish,of 6 ratings,$8
ICPT,$182.5,1441142497994,"182,262",70% bullish,of 10 ratings,$359.50
ICLD,$1.89,1441142498061,"78,569",75% bullish,of 4 ratings,N/A
IBKR,$38.42,1441142498086,"667,681",100% bullish,of 1 rating,N/A
IPAR,$24.65,1441142498119,"49,027",67% bullish,of 3 ratings,$38
IDCC,$48.99,1441142498218,"297,738",80% bullish,of 5 ratings,$63
ICLDW,$1.18,1441142498245,525,100% bearish,of 1 rating,N/A
TILE,$23.37,1441142498271,"393,962",100% bearish,of 3 ratings,$27
IBOC,$24.38,1441142498462,"110,147",100% bearish,of 1 rating,N/A
IMI,$2.04,1441142498507,"21,369",67% bullish,of 3 ratings,$2.22
INAP,$8.98,1441142498533,"749,233",75% bullish,of 4 ratings,$11
ISCA,$31.72,1441142498566,"138,353",100% bearish,of 1 rating,N/A
IIJI,NULL,1441142498667,0,50% bullish,of 2 ratings,$11.50
PTNT,$3.01,1441142498694,611,Not yet rated,NULL,N/A
IGLD,$7.01,1441142498767,"3,700",50% bullish,of 2 ratings,N/A
XENT,$25.96,1441142498792,"299,098",50% bullish,of 2 ratings,$36.50
INPH,$0.27,1441142498820,"3,400",50% bullish,of 2 ratings,N/A
INTX,$2.06,1441142499033,"57,309",67% bullish,of 3 ratings,N/A
IILG,$19.32,1441142499072,"136,668",100% bearish,of 1 rating,$29
ISIL,$10.27,1441142499093,"721,779",50% bullish,of 6 ratings,$15
IVAC,$4.62,1441142499167,"28,479",100% bearish,of 1 rating,$6.625
INTL,$25.86,1441142499188,"93,017",67% bearish,of 3 ratings,N/A
INTLL,$25.6,1441142499228,760,Not yet rated,NULL,N/A
ITCI,$27.07,1441142499271,"606,730",75% bearish,of 4 ratings,$40
IIN,$6.49,1441142499427,"1,400",100% bearish,of 1 rating,$12
INTU,$84.1,1441142499480,"2,112,243",86% bullish,of 7 ratings,$107.50
ISRG,$503.42,1441142499582,"200,270",67% bullish,of 3 ratings,$600
INVT,$0.33,1441142499609,"97,101",67% bullish,of 3 ratings,N/A
ITIC,$71.5,1441142499642,282,100% bearish,of 2 ratings,N/A
SNAK,$8.38,1441142499673,"111,430",50% bullish,of 2 ratings,$14
ISBC,$11.41,1441142499750,"1,899,303",100% bullish,of 1 rating,$13.25
ISTR,$15.84,1441142499779,"1,502",100% bearish,of 1 rating,$18.50
NVIV,$9.12,1441142499911,"129,966",50% bullish,of 4 ratings,$24.50
DTUL,$64.48,1441142499979,"1,194",Not yet rated,NULL,N/A
IVTY,$13.67,1441142500006,"6,584",Not yet rated,NULL,$18
IPAS,$1.1,1441142500032,"27,578",67% bullish,of 3 ratings,N/A
DFVL,$66.06,1441142500137,"1,230",Not yet rated,NULL,N/A
IPGP,$81.58,1441142500226,"320,358",67% bearish,of 3 ratings,$109.50
IPCM,$79.45,1441142500262,"93,329",50% bullish,of 2 ratings,$80.125
IRIX,$6.51,1441142500288,"36,119",100% bearish,of 1 rating,N/A
IRMD,$23.26,1441142500353,"33,413",67% bearish,of 3 ratings,$25
IRDMB,$274,1441142500378,440,67% bearish,of 3 ratings,N/A
IRDM,$6.98,1441142500522,"761,919",60% bullish,of 5 ratings,$11.50
IRBT,$28.81,1441142500577,"171,704",67% bullish,of 6 ratings,$37
IRWD,$11,1441142500681,"1,086,670",100% bearish,of 1 rating,$13
FCHI,NULL,1441142500711,0,NULL,NULL,NULL
GNMA,$50.21,1441142500739,"5,316",Not yet rated,NULL,N/A
IFAS,NULL,1441142500811,0,NULL,NULL,NULL
COMT,$32.91,1441142500844,"23,631",100% bearish,of 1 rating,N/A
IRCP,NULL,1441142500873,0,100% bullish,of 2 ratings,N/A
IFGL,$27.5,1441142500940,"87,313",Not yet rated,NULL,N/A
IFNA,NULL,1441142500969,0,NULL,NULL,NULL
IFEU,$37.11,1441142501018,"49,214",Not yet rated,NULL,N/A
AAXJ,$51.59,1441142501166,"827,696",Not yet rated,NULL,N/A
ACWX,$39.45,1441142501191,"724,504",100% bearish,of 1 rating,N/A
ACWI,$54.3,1441142501222,"1,501,461",Not yet rated,NULL,N/A
AXJS,NULL,1441142501567,0,NULL,NULL,NULL
AAIT,NULL,1441142501624,0,NULL,NULL,NULL
EMEY,NULL,1441142501656,0,NULL,NULL,NULL
EGRW,NULL,1441142501682,0,NULL,NULL,NULL
EEME,NULL,1441142501753,0,NULL,NULL,NULL
EEMA,$49.16,1441142501777,"16,703",Not yet rated,NULL,N/A
EMDI,NULL,1441142501802,0,NULL,NULL,NULL
EEML,$27.26,1441142501967,"1,479",Not yet rated,NULL,N/A
EVAL,NULL,1441142501986,0,NULL,NULL,NULL
EUFN,$21.09,1441142502018,"134,956",100% bearish,of 1 rating,N/A
IEUS,$44.36,1441142502039,"15,486",100% bearish,of 1 rating,N/A
QAT,$21.82,1441142502075,"22,016",Not yet rated,NULL,N/A
UAE,$17.95,1441142502169,"39,488",Not yet rated,NULL,N/A
IBB,$333.34,1441142502305,"1,167,447",63% bullish,of 8 ratings,N/A
SOXX,$80.06,1441142502334,"335,696",50% bullish,of 2 ratings,N/A
EMIF,$27.86,1441142502355,"56,686",Not yet rated,NULL,N/A
WOOD,$46.93,1441142502484,"11,793",50% bullish,of 2 ratings,N/A
ICLN,$9.19,1441142502578,"22,189",50% bullish,of 2 ratings,N/A
ISIS,$48.75,1441142502646,"1,450,748",53% bullish,of 15 ratings,$67
INDY,$26.45,1441142502676,"213,829",50% bullish,of 2 ratings,N/A
IGOV,$90.97,1441142502704,"192,506",100% bearish,of 1 rating,N/A
ISLE,$17.69,1441142502737,"1,307,512",50% bullish,of 4 ratings,$16
ISHG,$80.15,1441142502758,"8,763",100% bearish,of 1 rating,N/A
ISRL,$125.12,1441142502839,135,100% bearish,of 1 rating,N/A
ITRI,$29,1441142502971,"182,138",100% bearish,of 1 rating,$37
ITRN,$23.75,1441142502998,"1,685",50% bullish,of 2 ratings,N/A
IXYS,$11.25,1441142503075,"140,051",50% bullish,of 4 ratings,N/A
XXIA,$15.05,1441142503132,"387,631",71% bullish,of 7 ratings,$14.625
ITUS,$3.98,1441142503265,"1,900",Not yet rated,NULL,N/A
JJSF,$111.66,1441142503293,"28,736",100% bearish,of 1 rating,N/A
MAYS,$59.7,1441142503321,8,Not yet rated,NULL,N/A
JBHT,$71.52,1441142503351,"777,007",50% bullish,of 4 ratings,$89.50
JCOM,$66.8,1441142503453,"271,037",100% bullish,of 2 ratings,$77
JASO,$7.9,1441142503482,"731,995",82% bullish,of 17 ratings,$10
JKHY,$65.61,1441142503517,"521,647",67% bearish,of 3 ratings,$72
JACK,$77.01,1441142503544,"378,868",83% bullish,of 6 ratings,$105
JXSB,$24.17,1441142503612,"2,667",Not yet rated,NULL,N/A
JAXB,$13.69,1441142503699,"4,264",100% bullish,of 1 rating,N/A
JAGX,$3.14,1441142503756,"4,478",Not yet rated,NULL,$10.50
JAKK,$9.41,1441142503861,"182,072",60% bearish,of 5 ratings,$11
JMBA,$13.89,1441142503915,"102,044",75% bullish,of 4 ratings,$18
JRVR,$27.08,1441142504047,"41,694",Not yet rated,NULL,$32
ERW,NULL,1441142504079,0,Not yet rated,NULL,N/A
JASNW,NULL,1441142504151,0,50% bullish,of 2 ratings,N/A
JBLU,$22,1441142504188,"3,889,903",94% bullish,of 18 ratings,$27
JAZZ,$165.01,1441142504210,"194,409",80% bullish,of 15 ratings,$206.50
JASN,$4.94,1441142504232,"10,853",50% bullish,of 2 ratings,$9.50
JD,$24.88,1441142504286,"5,752,363",75% bullish,of 16 ratings,$36
JCTCF,NULL,1441142504363,0,100% bullish,of 1 rating,N/A
JTPY,$2.98,1441142504498,"1,162",100% bearish,of 1 rating,N/A
JST,$3.7,1441142504565,"10,375",75% bullish,of 4 ratings,N/A
JIVE,$4.55,1441142504598,"294,447",75% bullish,of 4 ratings,$5
DATE,$6.09,1441142504695,"42,691",75% bullish,of 4 ratings,$9
WYIGU,NULL,1441142504720,0,100% bearish,of 1 rating,N/A
JOEZ,$0.17,1441142504923,"19,269",92% bullish,of 12 ratings,N/A
JOUT,$23.83,1441142504957,"9,720",100% bearish,of 1 rating,$34
JUNO,$34.27,1441142504983,"592,978",73% bullish,of 11 ratings,$71.50
JBSS,$50.88,1441142505009,"27,558",67% bearish,of 3 ratings,N/A
JNP,$11.14,1441142505138,"25,901",100% bullish,of 3 ratings,$15
KTWO,$20.54,1441142505202,"76,435",100% bearish,of 1 rating,$28.50
KBIO,$2.17,1441142505339,"74,959",50% bullish,of 4 ratings,N/A
KALU,$81.87,1441142505371,"123,811",67% bearish,of 3 ratings,$91
KMDA,$3.49,1441142505425,"9,770",50% bullish,of 2 ratings,$8
KNDI,$6.34,1441142505474,"252,297",86% bullish,of 22 ratings,N/A
KPTI,$13.37,1441142505529,"200,955",67% bearish,of 3 ratings,$39
