Symbol,Price,Date,Volume,Rating,RatingVoteCount,OneYearEstimate
TFSCW,$0.21,1440879002599,"1,300",100% bearish,of 1 rating,N/A
FCTY,$7.96,1440879002624,"3,400",100% bullish,of 1 rating,$8.50
FLWS,$8.91,1440879002653,"687,314",80% bullish,of 5 ratings,$15
PIH,$7.54,1440879002675,"9,402",100% bearish,of 1 rating,N/A
TFSCU,NULL,1440879002695,0,Not yet rated,NULL,N/A
FCCY,$11.54,1440879002724,933,100% bullish,of 1 rating,$13
TFSCR,NULL,1440879002751,0,Not yet rated,NULL,N/A
TFSC,NULL,1440879002771,0,100% bearish,of 1 rating,N/A
SRCE,$29.44,1440879002936,"29,029",100% bullish,of 3 ratings,$33
TWOU,$34.99,1440879002974,"129,143",50% bullish,of 2 ratings,$39
DSLV,$69.51,1440879002994,"9,311",100% bearish,of 1 rating,N/A
UGLD,$9.31,1440879003035,"340,880",100% bearish,of 1 rating,N/A
DGLD,$81.1,1440879003055,"16,958",100% bullish,of 1 rating,N/A
JOBS,$27.019,1440879003076,"69,549",50% bullish,of 4 ratings,$36
USLV,$12.45,1440879003140,"242,677",86% bullish,of 7 ratings,N/A
VNET,$18.05,1440879003163,"541,289",60% bullish,of 5 ratings,$35
SIXD,$2.72,1440879003388,"111,232",Not yet rated,NULL,N/A
CAFD,$15.0196,1440879003412,"242,552",Not yet rated,NULL,$25
SHLM,$34.06,1440879003550,"65,672",100% bearish,of 1 rating,$47
EGHT,$7.84,1440879003580,"384,316",82% bullish,of 17 ratings,$11
AVHI,$13.96,1440879003602,"12,911",100% bearish,of 1 rating,$19
AAON,$20.51,1440879003653,"107,410",100% bearish,of 1 rating,$24
ABAX,$47.89,1440879003677,"108,826",100% bearish,of 1 rating,$60
ABEO,$4.82,1440879003871,"47,964",50% bullish,of 4 ratings,$15.50
ABGB,$5.71,1440879004322,"37,255",67% bullish,of 3 ratings,$5.50
ABEOW,$1.83,1440879004429,"2,361",100% bullish,of 1 rating,N/A
AXAS,$1.92,1440879004450,"949,481",78% bullish,of 9 ratings,$3.50
ACTG,$9.43,1440879004483,"194,247",67% bullish,of 3 ratings,$18.50
ACHC,$74.2503,1440879004504,"344,347",50% bullish,of 2 ratings,$92
ABMD,$98.23,1440879004537,"317,770",75% bullish,of 4 ratings,$100.50
ACAD,$38.17,1440879004686,"436,567",80% bullish,of 20 ratings,$48
ABY,$23.04,1440879004716,"423,555",100% bearish,of 2 ratings,$46
ACST,$0.3694,1440879004825,"9,260",100% bullish,of 2 ratings,N/A
AXDX,$19.1,1440879004850,"112,407",100% bearish,of 1 rating,N/A
XLRN,$29.71,1440879004986,"89,309",50% bullish,of 2 ratings,$57
ANCX,$20.01,1440879005014,"20,165",Not yet rated,NULL,$20
VXUP,$1.6,1440879005042,"49,457",100% bearish,of 1 rating,N/A
VXDN,$1.96,1440879005062,"24,710",100% bearish,of 1 rating,N/A
ARAY,$6.77,1440879005099,"691,224",100% bearish,of 1 rating,$10.50
ACRX,$4.24,1440879005122,"310,833",67% bearish,of 6 ratings,$5.50
AKAO,$6.99,1440879005197,"38,455",75% bullish,of 4 ratings,$15
ACHN,$7.76,1440879005278,"1,462,742",90% bullish,of 21 ratings,$16
ACIW,$21.38,1440879005308,"288,136",67% bearish,of 3 ratings,$24
ACET,$22.76,1440879005380,"83,357",75% bullish,of 4 ratings,$30
ACNB,$19.85,1440879005404,"4,210",Not yet rated,NULL,N/A
ACOR,$32.73,1440879005455,"557,265",67% bearish,of 3 ratings,$38.50
ACPW,$1.81,1440879005623,"38,604",100% bullish,of 4 ratings,$3.50
ACTA,$14.02,1440879005651,"90,621",67% bearish,of 3 ratings,$25
ACUR,$2.83,1440879005688,"48,939",100% bullish,of 5 ratings,$1
ATVI,$29.28,1440879005710,"135,594,206",68% bullish,of 84 ratings,$31.50
ACTS,$1.6,1440879005743,"49,648",100% bearish,of 1 rating,N/A
ADMS,$20.61,1440879005780,"60,583",100% bearish,of 2 ratings,$36
ACXM,$21.15,1440879005805,"258,695",67% bullish,of 3 ratings,N/A
ADMP,$3.69,1440879005841,"11,630",50% bullish,of 2 ratings,$10
ADAP,$11.66,1440879005936,"84,789",67% bullish,of 3 ratings,$22
ADUS,$28.71,1440879005967,"18,242",100% bearish,of 1 rating,$31
AEY,$2.3,1440879006010,"7,434",100% bearish,of 2 ratings,N/A
ADEP,$6.87,1440879006066,"20,312",50% bullish,of 2 ratings,$10.75
ADMA,$9.37,1440879006141,"14,766",Not yet rated,NULL,$19
ADTN,$15.7,1440879006278,"386,714",67% bullish,of 3 ratings,$17.125
ADRO,$20.61,1440879006299,"147,897",80% bullish,of 5 ratings,$45.50
ADBE,$79.4,1440879006337,"2,177,794",65% bullish,of 17 ratings,$90
AEIS,$24.42,1440879006358,"174,991",50% bullish,of 2 ratings,$32.50
AMD,$1.85,1440879006391,"6,623,181",83% bullish,of 103 ratings,$2
ADXS,$14.69,1440879006419,"468,415",64% bullish,of 14 ratings,$27
MULT,NULL,1440879006450,0,100% bearish,of 1 rating,N/A
ADXSW,$10.47,1440879006520,"1,850",100% bullish,of 1 rating,N/A
YPRO,$22.79,1440879006605,"3,532",100% bearish,of 1 rating,N/A
AEGN,$18.28,1440879006690,"94,812",100% bearish,of 2 ratings,$21
AEGR,$17.66,1440879006715,"331,111",50% bullish,of 6 ratings,$26
AEHR,$2.27,1440879006859,"2,346",50% bullish,of 2 ratings,N/A
AEPI,$53.89,1440879006884,"11,740",100% bearish,of 1 rating,N/A
AMTX,$3.11,1440879006923,"28,001",50% bullish,of 2 ratings,$26.11
AERI,$16.49,1440879006945,"376,040",75% bullish,of 4 ratings,$31.50
AVAV,$24,1440879007013,"75,229",50% bullish,of 4 ratings,$31
AEZS,$0.088,1440879007046,"10,110,751",90% bullish,of 21 ratings,$1.50
AEMD,$6.95,1440879007067,"91,259",Not yet rated,NULL,$27.50
AFMD,$10.43,1440879007099,"107,629",50% bullish,of 4 ratings,$15
AGEN,$7.26,1440879007235,"602,072",85% bullish,of 13 ratings,$14
AFFX,$9.48,1440879007291,"279,489",80% bullish,of 5 ratings,$12.50
AGRX,$9.16,1440879007338,"22,184",100% bearish,of 1 rating,$17.50
AGYS,$10.21,1440879007362,"23,032",100% bearish,of 1 rating,N/A
AGFS,$10.1318,1440879007523,"137,593",100% bearish,of 1 rating,N/A
AGFSW,$1.95,1440879007595,"8,300",100% bearish,of 2 ratings,N/A
AIMT,$21.11,1440879007624,"136,933",Not yet rated,NULL,N/A
AGIO,$90.62,1440879007645,"186,340",88% bullish,of 8 ratings,$114
AMCN,$4.59,1440879007682,"108,503",83% bullish,of 6 ratings,N/A
AIRM,$37.86,1440879007710,"199,407",80% bearish,of 5 ratings,$53
AIRT,$22.16,1440879007782,376,100% bullish,of 1 rating,N/A
ATSG,$8.95,1440879007819,"126,980",67% bullish,of 3 ratings,$13
AIXG,$6.38,1440879007914,"27,231",67% bearish,of 3 ratings,$5.25
AKAM,$71.9,1440879007939,"1,710,795",63% bullish,of 8 ratings,$77
AKBA,$7,1440879007971,"105,064",100% bearish,of 1 rating,$18
AKER,$2.48,1440879008072,"28,755",Not yet rated,NULL,N/A
AKRX,$41.03,1440879008096,"401,819",78% bullish,of 9 ratings,$56
ALRM,$16.8,1440879008255,"126,608",100% bearish,of 1 rating,$22
AMRI,$20.6,1440879008281,"158,563",75% bearish,of 4 ratings,$24
ALSK,$2.15,1440879008334,"235,932",78% bullish,of 18 ratings,$2
ABDC,$12.83,1440879008361,"24,564",Not yet rated,NULL,$15
ADHD,$7.94,1440879008382,"131,054",50% bullish,of 4 ratings,$18
ALDR,$38.61,1440879008523,"186,540",67% bearish,of 3 ratings,$62
ALDX,$7.06,1440879008585,"18,445",100% bearish,of 1 rating,$14.50
ALXA,$1.13,1440879008658,"13,227",83% bullish,of 6 ratings,$2.125
ALGN,$57.27,1440879008687,"244,131",100% bearish,of 2 ratings,$73
ALIM,$3.44,1440879008722,"27,203",80% bullish,of 5 ratings,$10
ALXN,$178.86,1440879008749,"1,012,132",88% bullish,of 8 ratings,$223
ALCO,$42.25,1440879008770,"5,313",50% bullish,of 2 ratings,N/A
ALKS,$62.0942,1440879008899,"542,032",67% bullish,of 3 ratings,$75
ALGT,$208.41,1440879009032,"150,284",100% bearish,of 2 ratings,$235
AIQ,$14.35,1440879009086,"6,903",67% bullish,of 3 ratings,N/A
ALLB,$22.72,1440879009109,797,Not yet rated,NULL,N/A
AFOP,$19.05,1440879009134,"104,154",75% bullish,of 8 ratings,$21
AHGP,$36.41,1440879009155,"89,083",67% bullish,of 3 ratings,N/A
ARLP,$25.32,1440879009193,"280,083",67% bearish,of 3 ratings,$32
AHPI,$1.44,1440879009288,"1,714",50% bullish,of 2 ratings,N/A
AMOT,$18.85,1440879009329,"86,927",100% bearish,of 1 rating,N/A
MDRX,$13.8,1440879009433,"810,640",60% bullish,of 5 ratings,$16
ALQA,$4.4,1440879009461,"19,390",75% bullish,of 4 ratings,$8.50
AFAM,$45.43,1440879009487,"41,778",50% bullish,of 2 ratings,$44
ALLT,$5.42,1440879009512,"187,497",75% bullish,of 4 ratings,$6.25
ALNY,$109.1,1440879009645,"357,082",67% bullish,of 3 ratings,$148.50
AOSL,$7.31,1440879009677,"49,947",67% bullish,of 3 ratings,$9
SMCP,NULL,1440879009707,0,Not yet rated,NULL,N/A
AIMC,$24.94,1440879009777,"71,616",100% bearish,of 2 ratings,$28.50
ATEC,$0.54,1440879009804,"81,514",100% bullish,of 1 rating,$2
ASPS,$25.48,1440879009833,"184,857",67% bullish,of 3 ratings,$46.50
ALTR,$48.61,1440879009861,"1,182,479",80% bearish,of 5 ratings,$54
AMRN,$2.23,1440879009992,"1,409,147",85% bullish,of 39 ratings,$8
AMAG,$65.85,1440879010018,"315,677",100% bullish,of 2 ratings,$77.50
AMRK,$10.28,1440879010039,"2,016",50% bullish,of 2 ratings,$14
AMZN,$519.59,1440879010171,"1,553,310",81% bullish,of 264 ratings,$646
AYA,$20.7,1440879010198,"10,578",100% bearish,of 1 rating,$40
AMBC,$15.61,1440879010231,"222,561",100% bearish,of 1 rating,$16.50
AMBA,$96.15,1440879010359,"1,960,685",83% bullish,of 12 ratings,$102.50
EPAX,$2.69,1440879010395,"86,785",100% bearish,of 1 rating,N/A
AMCX,$73.6,1440879010415,"349,491",67% bullish,of 3 ratings,$87.50
AMBCW,$7.65,1440879010446,"1,012",100% bearish,of 1 rating,N/A
DOX,$57.75,1440879010494,"257,565",67% bearish,of 3 ratings,$60
AMDA,$0.4798,1440879010522,"643,528",90% bullish,of 10 ratings,$1
AMED,$39.09,1440879010652,"188,323",100% bearish,of 1 rating,$42
ASBI,$22.64,1440879010698,"1,069",Not yet rated,NULL,N/A
UHAL,$375.77,1440879010734,"28,990",100% bullish,of 2 ratings,$393.50
ATAX,$5.27,1440879010755,"73,836",100% bullish,of 1 rating,$6.50
AMOV,$18.46,1440879010831,"2,614",100% bearish,of 1 rating,N/A
AAL,$38.6,1440879010858,"7,110,829",93% bullish,of 88 ratings,$57
AGNC,$19.36,1440879010994,"1,941,092",71% bullish,of 28 ratings,$22
MTGE,$15.29,1440879011043,"623,994",75% bullish,of 4 ratings,$19.50
AGNCB,$24.29,1440879011073,"19,098",Not yet rated,NULL,N/A
MTGEP,$24.5,1440879011129,583,Not yet rated,NULL,N/A
AGNCP,$25.34,1440879011158,"6,144",Not yet rated,NULL,N/A
ACSF,$12.38,1440879011179,"29,182",100% bearish,of 1 rating,$15
ACAS,$13.8357,1440879011213,"897,392",60% bullish,of 5 ratings,$16.75
ANCI,$1.46,1440879011312,474,100% bearish,of 1 rating,N/A
AMIC,NULL,1440879011374,0,Not yet rated,NULL,N/A
AETI,$3.75,1440879011410,881,67% bearish,of 3 ratings,N/A
ANAT,$100.8502,1440879011504,"25,880",100% bullish,of 1 rating,N/A
APEI,$22.36,1440879011540,"59,822",100% bearish,of 1 rating,$25.50
AMNB,$23.29,1440879011565,"4,556",Not yet rated,NULL,$25.50
ARII,$40.76,1440879011744,"146,168",67% bearish,of 3 ratings,$45
AMRB,$10.05,1440879011874,"2,153",Not yet rated,NULL,$11
AMSWA,$9.06,1440879011903,"131,254",100% bearish,of 2 ratings,$10.75
ASEI,$39.03,1440879011924,"21,414",100% bearish,of 1 rating,$52.50
AMWD,$66.55,1440879011958,"77,289",50% bullish,of 2 ratings,$70
AMSC,$4.67,1440879011991,"80,461",50% bullish,of 4 ratings,N/A
ABCB,$26.8,1440879012012,"86,002",Not yet rated,NULL,$31
CRMT,$35.97,1440879012055,"40,468",100% bearish,of 1 rating,$39
AMSF,$46.91,1440879012087,"49,852",Not yet rated,NULL,$57.50
ASRV,$3.22,1440879012256,"12,469",100% bullish,of 2 ratings,N/A
ASRVP,NULL,1440879012280,0,Not yet rated,NULL,N/A
AMGN,$155.95,1440879012305,"3,400,173",89% bullish,of 19 ratings,$185
ATLO,$23.59,1440879012439,"4,506",Not yet rated,NULL,N/A
FOLD,$14.87,1440879012472,"612,656",56% bullish,of 9 ratings,$21
AMPH,$13.39,1440879012502,"106,975",50% bullish,of 2 ratings,$20
AMKR,$5.07,1440879012571,"1,277,833",100% bearish,of 2 ratings,$5
AMSG,$80.06,1440879012596,"252,052",100% bearish,of 1 rating,$85.50
AMSGP,$149.3,1440879012624,"33,058",Not yet rated,NULL,N/A
ASYS,$5.39,1440879012660,"36,672",67% bullish,of 3 ratings,$12
AFSI,$58.4717,1440879012758,"168,515",60% bullish,of 5 ratings,$72
AMRS,$1.69,1440879012783,"51,285",70% bullish,of 10 ratings,N/A
ANAC,$135.45,1440879012815,"264,448",80% bullish,of 5 ratings,$180.50
ANAD,$0.33,1440879012918,"133,227",100% bullish,of 2 ratings,$.50
ALOG,$80.27,1440879012970,"65,588",100% bearish,of 2 ratings,$100.50
ADI,$56.45,1440879013051,"2,245,427",67% bullish,of 3 ratings,$69
ANCB,$21.98,1440879013183,"29,500",Not yet rated,NULL,$23
AMCF,$0.22,1440879013216,"1,426",100% bullish,of 7 ratings,N/A
ANGI,$5.21,1440879013246,"319,439",64% bullish,of 11 ratings,$5.50
ABCW,$40.28,1440879013267,"7,717",67% bullish,of 3 ratings,N/A
ANGO,$14.67,1440879013287,"69,486",67% bullish,of 3 ratings,$19
ANIP,$52,1440879013329,"129,189",89% bullish,of 19 ratings,$66
ANSS,$89.74,1440879013414,"244,251",100% bearish,of 1 rating,$100
ANIK,$35.94,1440879013444,"100,275",60% bullish,of 5 ratings,$51.25
ANTH,$7.41,1440879013519,"469,427",80% bullish,of 10 ratings,$13
ABAC,$0.75,1440879013544,"11,927",100% bearish,of 1 rating,N/A
ATRS,$1.79,1440879013602,"332,285",92% bullish,of 12 ratings,$4.50
ATNY,$2.26,1440879013685,"4,237",50% bullish,of 2 ratings,$3.75
APIC,$6.91,1440879013748,"86,505",100% bearish,of 1 rating,$19
APOG,$50.82,1440879014016,"111,095",50% bullish,of 2 ratings,$67
APOL,$11.47,1440879014046,"654,267",87% bearish,of 68 ratings,$14
AINV,$6.6,1440879014067,"696,100",50% bullish,of 4 ratings,$8
APPF,$16.3,1440879014119,"22,796",50% bullish,of 2 ratings,$22
AAPL,$113.37,1440879014149,"32,540,481",86% bullish,of 2354 ratings,$150
ARCI,NULL,1440879014197,0,Not yet rated,NULL,N/A
APDNW,$1.27,1440879014248,"2,254",Not yet rated,NULL,N/A
APDN,$3.46,1440879014283,"72,814",Not yet rated,NULL,$9
AGTC,$16.69,1440879014405,"40,739",50% bullish,of 2 ratings,$33
AMCC,$5.77,1440879014426,"326,270",80% bullish,of 5 ratings,$8
AMAT,$15.9916,1440879014470,"7,111,784",82% bullish,of 11 ratings,$23
APRI,$1.33,1440879014490,"381,591",83% bullish,of 6 ratings,$4.86
AAOI,$21.11,1440879014522,"169,287",50% bullish,of 4 ratings,$26
AREX,$2.17,1440879014553,"985,162",100% bearish,of 1 rating,$3
APTO,$5.28,1440879014581,"32,201",Not yet rated,NULL,$17
AQMS,$5.2,1440879014718,"53,706",Not yet rated,NULL,N/A
AQXP,$16.76,1440879014862,"147,931",50% bullish,of 2 ratings,$2
AUMA,$9.89,1440879014901,230,Not yet rated,NULL,N/A
AUMAU,NULL,1440879014922,0,Not yet rated,NULL,N/A
ARDM,NULL,1440879014995,0,100% bullish,of 1 rating,$26
AUMAW,NULL,1440879015029,0,Not yet rated,NULL,N/A
ARCW,$3.63,1440879015050,"4,066",100% bearish,of 2 ratings,$10.50
ABUS,$7.36,1440879015080,"240,604",86% bullish,of 14 ratings,$23
PETX,$17.64,1440879015138,"156,925",100% bearish,of 2 ratings,$26
ARCB,$29.04,1440879015272,"134,492",67% bearish,of 3 ratings,$39.50
ABIO,$0.89,1440879015302,"57,096",50% bullish,of 2 ratings,$3.75
ACGL,$68.1836,1440879015330,"313,921",50% bullish,of 2 ratings,$72
ACAT,$26.55,1440879015372,"114,131",100% bearish,of 3 ratings,$33
RKDA,$6.36,1440879015400,"9,839",100% bearish,of 2 ratings,$10
ARNA,$2.71,1440879015472,"2,247,385",90% bullish,of 78 ratings,$5.50
ARDX,$18.75,1440879015647,"63,461",50% bullish,of 2 ratings,$24.50
ARCC,$15.6189,1440879015680,"1,375,235",67% bearish,of 3 ratings,$17.875
AGIIL,$25.36,1440879015701,"11,027",Not yet rated,NULL,N/A
AGII,$54.77,1440879015734,"101,334",Not yet rated,NULL,$59.50
ARIS,$3.54,1440879015779,"40,749",Not yet rated,NULL,$4.50
ARGS,$6.16,1440879015832,"18,498",50% bullish,of 2 ratings,$19.50
ARIA,$9.65,1440879015862,"22,314,095",87% bullish,of 46 ratings,$9
ARKR,$24.54,1440879015911,604,50% bullish,of 2 ratings,N/A
ARMH,$42.62,1440879016040,"865,391",54% bearish,of 13 ratings,$60
ARTX,$1.45,1440879016070,"63,093",88% bullish,of 16 ratings,$4.50
ARWAR,NULL,1440879016128,0,Not yet rated,NULL,N/A
ARWAU,NULL,1440879016171,0,100% bullish,of 1 rating,N/A
ARQL,$1.76,1440879016312,"76,309",75% bullish,of 4 ratings,$5
ARRY,$5.94,1440879016339,"718,947",100% bullish,of 7 ratings,$10
ARWA,NULL,1440879016372,0,Not yet rated,NULL,N/A
ARWAW,NULL,1440879016471,0,Not yet rated,NULL,N/A
ARRS,$26.82,1440879016499,"723,865",50% bullish,of 2 ratings,$38
DWAT,$9.98,1440879016526,"2,550",100% bearish,of 1 rating,N/A
ARWR,$5.77,1440879016547,"437,585",75% bullish,of 4 ratings,$10.50
AROW,$27.26,1440879016577,"13,804",Not yet rated,NULL,N/A
ARTNA,$22.24,1440879016715,"8,516",100% bearish,of 1 rating,$29
ARTW,$4.27,1440879016742,"1,665",75% bearish,of 4 ratings,N/A
ASNA,$12,1440879016819,"3,325,555",50% bullish,of 2 ratings,$18
ASND,$19.17,1440879016874,"58,087",50% bullish,of 2 ratings,$30
ASCMA,$27.4,1440879016902,"54,550",100% bearish,of 1 rating,$45
ASBB,$24.2,1440879016926,191,Not yet rated,NULL,N/A
ASTI,$0.1027,1440879016974,"1,274,925",83% bullish,of 6 ratings,$3
ASMI,NULL,1440879017110,0,NULL,NULL,NULL
APWC,$1.91,1440879017131,"1,704",100% bearish,of 1 rating,N/A
ASMB,$13.33,1440879017209,"40,085",67% bullish,of 3 ratings,N/A
AZPN,$37.9,1440879017262,"471,280",50% bullish,of 2 ratings,$42
ASML,$91.98,1440879017287,"376,653",50% bullish,of 4 ratings,$127
ALOT,$13.97,1440879017320,"5,000",100% bearish,of 1 rating,N/A
ASTE,$37.12,1440879017351,"59,288",100% bearish,of 1 rating,$48
ASFI,$8.9,1440879017371,"6,440",100% bullish,of 1 rating,N/A
ATRO,$52.84,1440879017453,"104,448",100% bearish,of 2 ratings,$80
ASUR,$5.97,1440879017670,"1,342",50% bullish,of 2 ratings,$8
ATAI,$2.53,1440879017734,"5,759",100% bearish,of 1 rating,N/A
ATRA,$40.22,1440879017760,"86,077",50% bullish,of 2 ratings,$68
ASTC,$2.07,1440879017780,"13,827",100% bullish,of 5 ratings,N/A
ATHN,$134.56,1440879017809,"144,558",67% bearish,of 3 ratings,$153
ATHX,$1.15,1440879017945,"150,153",89% bullish,of 9 ratings,$5
AAME,$3.51,1440879017971,"1,614",Not yet rated,NULL,N/A
AAPC,$10.1,1440879018007,524,Not yet rated,NULL,N/A
AFCB,$26.58,1440879018042,43,Not yet rated,NULL,N/A
ACFC,$5.59,1440879018103,"23,302",100% bearish,of 1 rating,$6.50
ATNI,$71.89,1440879018136,"30,836",100% bearish,of 1 rating,$69.50
AFH,$16.25,1440879018164,"45,444",Not yet rated,NULL,$21.50
ATLC,$3.82,1440879018192,"1,000",67% bullish,of 3 ratings,N/A
AAWW,$41.57,1440879018292,"344,090",50% bullish,of 2 ratings,$65
ATML,$8.21,1440879018318,"5,323,862",78% bullish,of 9 ratings,$9.50
ATOS,$0.76,1440879018511,"146,526",100% bullish,of 7 ratings,$7
ATRI,$390.57,1440879018537,"1,710",Not yet rated,NULL,N/A
ATRC,$25.5,1440879018595,"75,032",100% bullish,of 1 rating,$30
ATTU,$13.2582,1440879018669,"43,316",100% bearish,of 1 rating,$20.50
ATRM,$2.83,1440879018697,"5,169",50% bullish,of 2 ratings,N/A
LIFE,$14.79,1440879018718,"59,987",86% bullish,of 7 ratings,$43
AUBN,$26.68,1440879018753,652,Not yet rated,NULL,N/A
AUDC,$3.34,1440879018780,"41,046",80% bullish,of 5 ratings,$5
EARS,$4.86,1440879018860,"61,876",100% bearish,of 2 ratings,$11.50
AUPH,$3.03,1440879018911,"48,213",100% bearish,of 1 rating,$8
ADAT,$0.2901,1440879018938,"286,619",100% bullish,of 2 ratings,N/A
ABTL,$17.48,1440879019003,"56,816",100% bullish,of 4 ratings,$20.25
ADSK,$47.52,1440879019035,"7,664,747",67% bullish,of 6 ratings,$69.50
ADP,$78.41,1440879019136,"1,833,355",100% bearish,of 1 rating,$88
AVGO,$127.49,1440879019266,"2,365,644",88% bullish,of 8 ratings,$165
AAVL,$10.78,1440879019330,"281,210",100% bearish,of 1 rating,$20
AVNU,$12.35,1440879019357,"4,686",Not yet rated,NULL,$14
AVEO,$1.42,1440879019378,"525,234",75% bullish,of 8 ratings,$3
AVNW,$1.13,1440879019444,"120,526",50% bullish,of 2 ratings,$2.20
AVGR,$14.96,1440879019507,"28,648",100% bearish,of 1 rating,$20
AWRE,$3.18,1440879019562,"9,746",67% bullish,of 3 ratings,N/A
AVID,$8.51,1440879019589,"262,047",100% bearish,of 1 rating,$20
ACLS,$3.17,1440879019667,"211,572",67% bullish,of 6 ratings,$4.75
CAR,$43.59,1440879019723,"772,875",80% bullish,of 5 ratings,$60
AXPWW,NULL,1440879019750,0,Not yet rated,NULL,N/A
AXPW,$1.06,1440879019779,"50,386",83% bullish,of 6 ratings,N/A
AXGN,$4.88,1440879019808,"266,524",Not yet rated,NULL,$5
AXTI,$2.2,1440879019918,"30,041",50% bullish,of 2 ratings,$2.75
BCOM,$18.86,1440879020026,80,100% bearish,of 1 rating,N/A
BOSC,$2.17,1440879020093,"2,700",50% bullish,of 2 ratings,N/A
RILY,NULL,1440879020124,0,Not yet rated,NULL,N/A
BIDU,$152.41,1440879020152,"2,202,325",81% bullish,of 88 ratings,$210
BEAV,$49.39,1440879020176,"564,180",67% bearish,of 3 ratings,$59
BWINA,NULL,1440879020200,0,Not yet rated,NULL,N/A
BCPC,$58.23,1440879020228,"129,590",100% bearish,of 1 rating,$75
BLDP,$1.28,1440879020366,"333,343",91% bullish,of 22 ratings,$2.50
BWINB,$23.05,1440879020396,"5,630",Not yet rated,NULL,N/A
BANF,$59.87,1440879020429,"10,874",Not yet rated,NULL,$68
BKMU,$7.2,1440879020525,"106,117",Not yet rated,NULL,$8
BANFP,NULL,1440879020549,0,Not yet rated,NULL,N/A
BMRC,$47.78,1440879020577,"6,078",Not yet rated,NULL,$52
BOCH,$5.75,1440879020621,"7,098",Not yet rated,NULL,$6.50
BKSC,$16.38,1440879020708,"1,895",Not yet rated,NULL,N/A
BOTJ,$10.93,1440879020768,51,Not yet rated,NULL,N/A
BWFG,$17.89,1440879020900,"86,221",100% bearish,of 1 rating,N/A
BFIN,$11.98,1440879020935,"805,971",Not yet rated,NULL,$13
OZRK,$41.65,1440879020958,"340,296",67% bullish,of 3 ratings,$49.50
BANR,$43.67,1440879020988,"52,487",100% bullish,of 3 ratings,$50
BZUN,$5.29,1440879021033,"324,008",50% bullish,of 2 ratings,$11.50
TAPR,$31.36,1440879021061,"1,065",100% bearish,of 1 rating,N/A
BHAC,$9.81,1440879021119,400,Not yet rated,NULL,N/A
BHACU,NULL,1440879021223,0,Not yet rated,NULL,N/A
BHACR,NULL,1440879021249,0,Not yet rated,NULL,N/A
BHACW,NULL,1440879021312,0,Not yet rated,NULL,N/A
BBSI,$35.46,1440879021338,"44,948",67% bearish,of 3 ratings,$62.50
BYBK,$4.88,1440879021415,"12,262",100% bearish,of 1 rating,N/A
BSET,$28.97,1440879021446,"65,844",100% bearish,of 1 rating,$35
BYLK,$12.75,1440879021544,"3,944",Not yet rated,NULL,$14
BV,$5.16,1440879021574,"390,911",67% bullish,of 6 ratings,$9
BBCN,$14.41,1440879021609,"235,503",100% bearish,of 1 rating,$16
BCBP,$11.51,1440879021676,"2,786",Not yet rated,NULL,N/A
BDCV,$4.92,1440879021705,"8,428",100% bearish,of 1 rating,$10.19
BECN,$35.38,1440879021727,"319,053",50% bullish,of 2 ratings,$40
BSF,$8.56,1440879021779,"14,316",Not yet rated,NULL,N/A
BBGI,$4.07,1440879021909,514,100% bearish,of 1 rating,N/A
BEBE,$1.35,1440879021940,"2,507,789",75% bullish,of 4 ratings,$3.075
BBBY,$62.32,1440879021968,"1,490,780",71% bullish,of 7 ratings,$75
BELFB,$17.97,1440879022044,"23,081",100% bearish,of 1 rating,N/A
BLPH,$5.04,1440879022177,"6,129",100% bearish,of 1 rating,$12.50
BLCM,$17.34,1440879022204,"156,508",50% bullish,of 4 ratings,$40
BELFA,$16.95,1440879022228,24,100% bearish,of 1 rating,N/A
BNCL,$12.42,1440879022253,"203,255",100% bullish,of 3 ratings,$12.50
BNFT,$36.35,1440879022281,"83,611",67% bullish,of 3 ratings,$46
BGMD,$0.7251,1440879022410,"219,421",100% bullish,of 10 ratings,N/A
BNTC,$7.9937,1440879022436,"46,904",100% bullish,of 1 rating,N/A
BGCP,$8.735,1440879022457,"654,941",88% bullish,of 8 ratings,$14
BGFV,$11.1,1440879022590,"86,024",57% bullish,of 7 ratings,$12
BIND,$4.45,1440879022619,"49,598",75% bullish,of 4 ratings,$13.50
ORPN,$5.97,1440879022640,"20,587",100% bullish,of 1 rating,$28.50
BASI,$1.6,1440879022660,"3,810",Not yet rated,NULL,N/A
BIOC,$1.98,1440879022807,"102,773",83% bullish,of 6 ratings,$3.85
BCDA,NULL,1440879022870,0,Not yet rated,NULL,N/A
BCRX,$11.42,1440879022939,"314,110",63% bullish,of 8 ratings,$18
BIOD,$0.6435,1440879022964,"49,279",80% bullish,of 5 ratings,$4
BDSI,$6.87,1440879022998,"493,039",88% bullish,of 8 ratings,$17
BIOL,$1.43,1440879023034,"19,466",Not yet rated,NULL,N/A
BLRX,$1.53,1440879023055,"208,226",100% bullish,of 12 ratings,$5
BIIB,$303.69,1440879023075,"1,407,281",88% bullish,of 16 ratings,$400
BLFS,$1.98,1440879023130,"21,237",100% bearish,of 1 rating,$4.75
BMRN,$132.0147,1440879023348,"575,644",80% bullish,of 5 ratings,$160
BVXV,$3.6325,1440879023387,"2,361",Not yet rated,NULL,N/A
BVXVW,$0.7,1440879023408,300,100% bearish,of 1 rating,N/A
BPTH,$1.11,1440879023429,"55,103",100% bullish,of 2 ratings,$5
BIOS,$2.46,1440879023483,"689,760",71% bullish,of 7 ratings,$4
BBC,$31.95,1440879023509,"9,881",Not yet rated,NULL,N/A
BRLI,NULL,1440879023527,0,NULL,NULL,NULL
BSPM,$0.67,1440879023666,"65,101",50% bullish,of 2 ratings,N/A
BBP,$33.4,1440879023692,"19,508",Not yet rated,NULL,N/A
BSTC,$52.12,1440879023719,"40,800",100% bearish,of 1 rating,$76
TECH,$96.5,1440879023752,"280,906",100% bullish,of 1 rating,$117
BOTA,$2.18,1440879023777,"25,205",88% bullish,of 8 ratings,N/A
BITI,$17.095,1440879023852,"19,344",100% bullish,of 1 rating,$28
BEAT,$14.67,1440879023926,"218,630",67% bearish,of 3 ratings,$15
BDMS,$12.64,1440879024021,84,100% bearish,of 1 rating,N/A
BJRI,$44.26,1440879024048,"170,972",50% bullish,of 2 ratings,$55
BBOX,$15.07,1440879024127,"96,363",100% bearish,of 1 rating,N/A
BDE,$7.5,1440879024180,"75,507",50% bullish,of 2 ratings,$9
BLKB,$57.86,1440879024263,"156,655",100% bearish,of 2 ratings,$66
BBRY,$7.32,1440879024312,"3,500,684",61% bullish,of 330 ratings,$9
ADRA,$27.5,1440879024339,"2,800",100% bearish,of 1 rating,N/A
HAWK,$40.26,1440879024360,"239,630",91% bullish,of 11 ratings,$49
BKCC,$9.304,1440879024425,"302,275",50% bullish,of 2 ratings,$10
ADRE,$30.08,1440879024492,"10,155",100% bearish,of 1 rating,N/A
ADRU,$21.9113,1440879024519,"1,280",100% bearish,of 1 rating,N/A
ADRD,$22.21,1440879024555,"11,305",100% bearish,of 1 rating,N/A
BCOR,$13.81,1440879024650,"189,735",57% bullish,of 7 ratings,$15
BLMN,$20.51,1440879024678,"1,243,002",83% bullish,of 6 ratings,$27.50
BLBD,$11.96,1440879024703,"9,660",Not yet rated,NULL,N/A
BUFF,$26.31,1440879024857,"184,065",83% bullish,of 12 ratings,$31.50
BHBK,$13.84,1440879024930,"32,621",100% bullish,of 1 rating,$14.50
BBLU,$0.78,1440879024992,"112,994",100% bullish,of 2 ratings,$4.43
BLUE,$137.47,1440879025018,"296,264",71% bullish,of 7 ratings,$217.50
BKEP,$6.34,1440879025090,"19,498",100% bearish,of 1 rating,$8.50
BKEPP,$7.61,1440879025124,"6,200",100% bearish,of 1 rating,N/A
NILE,$34.3,1440879025183,"81,168",50% bullish,of 2 ratings,$34
BNCN,$20.56,1440879025219,"117,776",Not yet rated,NULL,$24
BPMC,$26.84,1440879025252,"69,527",50% bullish,of 2 ratings,$47.50
BOBE,$43.6,1440879025351,"117,836",75% bullish,of 4 ratings,$57
BOFI,$117.62,1440879025408,"213,540",100% bullish,of 6 ratings,$144
BOJA,$21.44,1440879025503,"58,055",100% bullish,of 1 rating,$30
WIFI,$7.62,1440879025536,"145,572",50% bullish,of 2 ratings,$13.50
BOKF,$62.3925,1440879025604,"164,013",100% bearish,of 1 rating,$69
BONA,$11.64,1440879025687,"107,333",75% bullish,of 4 ratings,$8.50
BNSO,$1.31,1440879025714,630,100% bearish,of 1 rating,N/A
BAMM,$3.1,1440879025742,"24,796",60% bullish,of 5 ratings,N/A
BPFHW,$5.15,1440879025872,"3,330",100% bearish,of 1 rating,N/A
BPFHP,$24.85,1440879025903,"11,250",100% bearish,of 1 rating,N/A
BPFH,$11.79,1440879025924,"250,539",100% bearish,of 1 rating,$14
BDBD,$8.39,1440879025959,"451,957",60% bullish,of 5 ratings,$10
EPAY,$26.94,1440879026065,"177,935",100% bearish,of 2 ratings,$30
BCLI,$3.04,1440879026090,"50,501",80% bullish,of 5 ratings,$12
BBRG,$12.72,1440879026152,"69,040",67% bullish,of 3 ratings,$14.50
BBEPP,$13.4,1440879026249,"61,890",100% bearish,of 1 rating,N/A
BBEP,$2.94,1440879026275,"2,796,108",69% bullish,of 13 ratings,$5.625
BLIN,$1.36,1440879026328,"5,087",100% bullish,of 2 ratings,$2.20
BDGE,$26.21,1440879026404,"17,166",Not yet rated,NULL,$31.75
BRID,NULL,1440879026462,0,100% bearish,of 1 rating,N/A
BCOV,$5.32,1440879026496,"68,688",67% bullish,of 3 ratings,$10.20
BRCM,$51.79,1440879026534,"2,529,830",75% bullish,of 12 ratings,$56
BSFT,$31.63,1440879026597,"88,378",57% bullish,of 7 ratings,$40.50
BVSN,$6.01,1440879026623,"13,669",60% bearish,of 5 ratings,N/A
BYFC,$1.36,1440879026677,"5,967",50% bullish,of 2 ratings,N/A
BWEN,$3.18,1440879026844,"34,309",100% bullish,of 3 ratings,$8
BRCD,$10.553,1440879026869,"2,104,384",92% bullish,of 13 ratings,$11.50
BRKS,$10.41,1440879026943,"127,627",67% bullish,of 3 ratings,$15.25
BMTC,$29.2,1440879027045,"98,064",Not yet rated,NULL,$34
BRKR,$18.4692,1440879027071,"392,981",100% bearish,of 2 ratings,$22
BRKL,$10.51,1440879027099,"272,340",100% bearish,of 1 rating,$10.75
BSQR,$6.15,1440879027131,"55,497",67% bullish,of 3 ratings,N/A
BWLD,$194.06,1440879027229,"166,257",82% bullish,of 11 ratings,$205
BLMT,$20.6,1440879027250,"11,270",Not yet rated,NULL,N/A
BLDR,$14.48,1440879027332,"484,766",67% bullish,of 3 ratings,$22
CFFI,$36.19,1440879027380,"7,589",100% bearish,of 1 rating,N/A
BUR,$1.74,1440879027409,"6,743",100% bearish,of 1 rating,$8
CA,$27.26,1440879027482,"2,293,564",50% bullish,of 4 ratings,$33
CHRW,$67.2467,1440879027516,"1,365,634",Not yet rated,NULL,$72
CCMP,$43.53,1440879027568,"79,642",50% bullish,of 2 ratings,$59
CDNS,$20.14,1440879027617,"1,265,237",75% bullish,of 4 ratings,$22.50
CACQ,$7.53,1440879027760,"56,359",100% bearish,of 1 rating,$12.25
CDZI,$8.14,1440879027794,"84,491",100% bearish,of 1 rating,N/A
CZR,$9.17,1440879027820,"738,436",60% bearish,of 5 ratings,$10.50
CSTE,$40.5,1440879027895,"114,834",50% bullish,of 2 ratings,$65
PRSS,$4.55,1440879027954,"10,528",80% bullish,of 5 ratings,$4.50
CLBS,$1.44,1440879027983,"118,591",79% bullish,of 14 ratings,$4
CLMS,$10.61,1440879028013,"65,837",Not yet rated,NULL,$10.50
CHY,$11.47,1440879028112,"160,991",Not yet rated,NULL,N/A
CHI,$10.6,1440879028177,"101,782",100% bearish,of 1 rating,N/A
CFGE,NULL,1440879028282,0,Not yet rated,NULL,N/A
CGO,$12.01,1440879028308,"13,619",100% bearish,of 1 rating,N/A
CCD,$19.38,1440879028339,"81,611",Not yet rated,NULL,N/A
CHW,$7.64,1440879028360,"278,918",100% bearish,of 1 rating,N/A
CSQ,$9.96,1440879028447,"222,801",Not yet rated,NULL,N/A
CAMP,$16.59,1440879028490,"249,483",88% bullish,of 8 ratings,$25
CVGW,$59.23,1440879028521,"104,521",50% bullish,of 2 ratings,$58.50
CALA,$5.78,1440879028652,"350,686",100% bullish,of 3 ratings,$19.50
CALD,$15.94,1440879028683,"214,263",100% bearish,of 1 rating,$21
CFNB,$13.31,1440879028715,301,100% bearish,of 1 rating,N/A
CALM,$50.25,1440879028783,"273,365",80% bullish,of 5 ratings,$65
ABCD,$5.28,1440879028813,"155,994",83% bullish,of 6 ratings,N/A
CLMT,$26.1156,1440879028843,"157,345",75% bullish,of 8 ratings,$31
CAMBU,NULL,1440879029008,0,100% bearish,of 1 rating,N/A
CAMBW,NULL,1440879029073,0,Not yet rated,NULL,N/A
CAMB,$9.95,1440879029105,"3,000",Not yet rated,NULL,N/A
CAC,$40.25,1440879029137,"5,351",Not yet rated,NULL,N/A
CAMT,$2.72,1440879029168,"11,795",73% bullish,of 11 ratings,$4
CGIX,$9.96,1440879029200,"20,078",67% bullish,of 3 ratings,$14.375
CSIQ,$18.9253,1440879029269,"1,536,120",86% bullish,of 28 ratings,$42.50
CBNJ,$11.09,1440879029336,"17,605",100% bullish,of 1 rating,N/A
CPHC,$10.3,1440879029402,"1,608",100% bearish,of 1 rating,N/A
CBF,$29.0025,1440879029498,"163,441",Not yet rated,NULL,$32
CPLA,$49.2,1440879029525,"111,385",67% bearish,of 3 ratings,$65
CPLP,$6.85,1440879029553,"246,034",71% bullish,of 7 ratings,$11
CSWC,$45.86,1440879029599,"14,727",Not yet rated,NULL,N/A
CPTA,$13.69,1440879029682,"45,514",100% bearish,of 1 rating,$18.50
CCBG,$14.99,1440879029783,"18,070",Not yet rated,NULL,$17.25
CAPN,$2.27,1440879029849,"216,917",100% bullish,of 1 rating,$10.85
CFFN,$12.03,1440879029875,"444,730",Not yet rated,NULL,$12.75
CAPNW,NULL,1440879029910,0,Not yet rated,NULL,N/A
CPST,$0.4182,1440879029951,"1,396,611",95% bullish,of 22 ratings,$1.25
CAPR,$4.28,1440879030008,"3,636",Not yet rated,NULL,$12
CARA,$19.25,1440879030083,"104,767",50% bullish,of 4 ratings,$25
CARB,$11.28,1440879030155,"80,399",75% bullish,of 4 ratings,$12
CBYL,$5.38,1440879030186,"28,815",100% bearish,of 1 rating,$20
CRDC,$0.37,1440879030219,"98,459",100% bullish,of 1 rating,$1.25
CFNL,$21.88,1440879030333,"97,527",Not yet rated,NULL,$24
CRME,$8.86,1440879030360,"6,283",89% bullish,of 9 ratings,$11.25
CATM,$34.65,1440879030412,"145,056",100% bearish,of 1 rating,$44
CSII,$24.24,1440879030505,"97,779",100% bearish,of 2 ratings,$42.125
CDNA,$6.86,1440879030532,"9,849",100% bearish,of 1 rating,$9
CTRE,$11.32,1440879030664,"366,158",50% bullish,of 2 ratings,$13.50
CKEC,$23.45,1440879030690,"112,092",50% bullish,of 2 ratings,$35.915
CLBH,$12.7,1440879030721,"1,504",Not yet rated,NULL,$16.50
CECO,$3.78,1440879030741,"325,880",67% bearish,of 3 ratings,$6
CRZO,$35.27,1440879030774,"1,680,807",67% bearish,of 3 ratings,$55
CART,$5.35,1440879030828,"1,687",100% bearish,of 1 rating,N/A
CARO,$15.52,1440879030874,686,100% bearish,of 1 rating,$19
TAST,$12.68,1440879030981,"294,920",Not yet rated,NULL,$14.25
CARV,$7,1440879031190,"3,573",50% bullish,of 2 ratings,N/A
CRTN,$2.49,1440879031219,"4,420",100% bearish,of 1 rating,N/A
CACB,$5.28,1440879031241,"28,460",Not yet rated,NULL,$5.50
CSCD,$14.97,1440879031261,"29,328",100% bullish,of 2 ratings,$17
CASM,$1.13,1440879031297,"169,953",100% bullish,of 1 rating,$3.50
CWST,$6.25,1440879031398,"94,168",50% bullish,of 2 ratings,$7.25
CASI,$1.45,1440879031532,"16,210",100% bullish,of 1 rating,$3.50
CASS,$48.74,1440879031566,"12,195",100% bearish,of 1 rating,N/A
CASY,$106.08,1440879031587,"164,558",50% bullish,of 2 ratings,$99.50
CATB,$12.3,1440879031624,"12,584",100% bearish,of 1 rating,$28
CATY,$29.47,1440879031653,"526,220",100% bearish,of 1 rating,$33.50
CPRX,$3.64,1440879031685,"252,829",71% bullish,of 7 ratings,$7
CATYW,NULL,1440879031717,0,100% bearish,of 1 rating,N/A
CVCO,$71.58,1440879031758,"22,860",100% bearish,of 1 rating,N/A
CAVM,$68.35,1440879031908,"259,220",67% bearish,of 3 ratings,$72
CBFV,$20.23,1440879032010,"1,904",Not yet rated,NULL,$25
CNLM,$9.92,1440879032103,"5,100",Not yet rated,NULL,N/A
CNLMR,NULL,1440879032128,0,Not yet rated,NULL,N/A
CNLMU,NULL,1440879032159,0,100% bullish,of 1 rating,N/A
CBOE,$63.82,1440879032184,"270,550",Not yet rated,NULL,$60
CNLMW,NULL,1440879032214,0,Not yet rated,NULL,N/A
CECE,$9.72,1440879032262,"43,721",50% bullish,of 2 ratings,$16
CDK,$49.69,1440879032322,"401,908",67% bearish,of 3 ratings,$50
CPXX,$2.09,1440879032455,"73,775",100% bullish,of 2 ratings,$7
CDW,$39.95,1440879032482,"682,521",75% bullish,of 4 ratings,$44
CELG,$123.72,1440879032507,"3,113,278",92% bullish,of 13 ratings,$155.50
CELGZ,$1.84,1440879032536,130,80% bullish,of 5 ratings,N/A
CLDN,$1.11,1440879032641,"380,623",71% bullish,of 7 ratings,$3
CLLS,$33.23,1440879032784,"43,557",75% bullish,of 4 ratings,$51.50
CLDX,$15.36,1440879032814,"795,869",89% bullish,of 9 ratings,$36
CLRBW,NULL,1440879032845,0,Not yet rated,NULL,N/A
CLSN,$2.06,1440879032870,"73,145",80% bullish,of 10 ratings,$7.50
CLRB,$3.07,1440879032902,"3,191",100% bearish,of 1 rating,N/A
CBMG,$23.56,1440879032950,"38,037",50% bullish,of 2 ratings,N/A
CYAD,NULL,1440879033002,0,100% bullish,of 1 rating,$87.50
CLTX,$2.42,1440879033055,"133,553",100% bullish,of 2 ratings,N/A
CEMP,$35.8,1440879033133,"347,148",71% bullish,of 7 ratings,$52
CETX,$2.36,1440879033224,"4,400",Not yet rated,NULL,$5.60
CSFL,$13.59,1440879033269,"87,153",Not yet rated,NULL,$15
CETV,$2.14,1440879033403,"134,612",67% bullish,of 3 ratings,$2.80
CFBK,$1.37,1440879033431,"2,096",Not yet rated,NULL,N/A
CENT,$12.18,1440879033452,"51,466",Not yet rated,NULL,$10
CENTA,$12.55,1440879033473,"406,884",Not yet rated,NULL,N/A
CVCY,$11.26,1440879033515,"19,319",Not yet rated,NULL,$12
CNBKA,$41.6,1440879033607,"1,243",50% bullish,of 2 ratings,N/A
CENX,$5.51,1440879033638,"2,154,129",67% bullish,of 6 ratings,$9
CNTY,$5.65,1440879033740,"30,032",80% bullish,of 5 ratings,$7.75
CPHD,$50.36,1440879033772,"387,374",67% bearish,of 3 ratings,$66.50
CERE,$1.14,1440879033797,"230,627",88% bullish,of 8 ratings,N/A
CERN,$63.13,1440879033846,"1,747,634",67% bullish,of 3 ratings,$79
CRNT,$1.43,1440879033870,"82,256",50% bullish,of 2 ratings,$2
CERU,$3.78,1440879034040,"42,073",75% bullish,of 4 ratings,$15
KOOL,$0.67,1440879034110,"40,840",100% bullish,of 5 ratings,$7
CERS,$4.85,1440879034140,"305,160",75% bullish,of 4 ratings,$7
CEVA,$19.13,1440879034161,"98,749",100% bearish,of 1 rating,$25
CYOU,$20.64,1440879034243,"99,352",50% bullish,of 6 ratings,$24
CTHR,$1.3,1440879034295,"7,326",50% bullish,of 2 ratings,$2.50
HOTRW,NULL,1440879034320,0,Not yet rated,NULL,N/A
HOTR,$1.42,1440879034342,"119,259",100% bullish,of 2 ratings,$5
GTLS,$24.36,1440879034475,"352,866",50% bullish,of 4 ratings,$40
CHTR,$180.1921,1440879034496,"506,492",100% bearish,of 2 ratings,$196
CHFN,$12.38,1440879034527,"17,917",Not yet rated,NULL,$14
CHEK,$2.1,1440879034689,"3,047",Not yet rated,NULL,$7.75
CHKP,$78.7204,1440879034722,"690,963",50% bullish,of 4 ratings,$92
CEMI,$4.25,1440879034744,"18,500",50% bullish,of 2 ratings,$7.50
CHEKW,NULL,1440879034777,0,Not yet rated,NULL,N/A
CHFC,$31.4,1440879034819,"83,177",100% bearish,of 1 rating,$36
CHMG,$26.15,1440879034881,520,Not yet rated,NULL,$30
CCXI,$6.5,1440879034925,"58,200",67% bullish,of 3 ratings,$14
CHKE,$25.46,1440879034981,"11,637",100% bearish,of 1 rating,$32.50
CHEV,$14.42,1440879035081,"2,230",Not yet rated,NULL,N/A
CBNK,$16.25,1440879035112,"7,266",100% bearish,of 1 rating,N/A
CHMA,$25.42,1440879035139,"56,946",Not yet rated,NULL,$40
PLCE,$59.63,1440879035177,"171,366",100% bearish,of 1 rating,$69
CMRX,$50.48,1440879035206,"233,277",50% bullish,of 2 ratings,$57
CADC,NULL,1440879035334,0,78% bullish,of 9 ratings,N/A
CALI,$0.89,1440879035361,"13,298",67% bullish,of 3 ratings,N/A
CAAS,$6.55,1440879035427,"22,438",93% bullish,of 14 ratings,$11.50
CBAK,$2.02,1440879035528,"47,677",67% bullish,of 9 ratings,N/A
CBPO,$99.9369,1440879035552,"135,210",75% bullish,of 8 ratings,$140.50
CCCL,$0.783,1440879035578,"8,319",100% bullish,of 6 ratings,N/A
CCCR,$0.79,1440879035713,"1,440",67% bearish,of 3 ratings,N/A
CHOP,$1.16,1440879035742,"3,443",50% bullish,of 2 ratings,N/A
JRJC,$3.64,1440879035779,"75,212",82% bullish,of 11 ratings,N/A
CHLN,$1.99,1440879035894,"5,524",67% bullish,of 3 ratings,N/A
HGSH,$1.81,1440879035921,"5,114",67% bullish,of 3 ratings,N/A
CNIT,$1.37,1440879035942,"110,498",67% bullish,of 6 ratings,N/A
CJJD,$1.87,1440879035971,"12,291",100% bullish,of 1 rating,N/A
HTHT,$25.57,1440879036070,"81,705",50% bullish,of 2 ratings,$28.40
CHNR,$1.57,1440879036098,"4,716",100% bearish,of 1 rating,N/A
CREG,$0.7,1440879036130,"37,457",100% bullish,of 3 ratings,N/A
CSUN,$1.48,1440879036229,"12,166",80% bullish,of 5 ratings,N/A
CPGI,NULL,1440879036255,0,Not yet rated,NULL,N/A
CNTF,$0.804,1440879036319,"91,538",Not yet rated,NULL,N/A
CXDC,$5.72,1440879036386,"37,730",67% bearish,of 3 ratings,N/A
CNYD,$3.35,1440879036451,"14,299",67% bullish,of 3 ratings,N/A
CCIH,$7.31,1440879036515,"195,215",67% bullish,of 6 ratings,$12.65
CNET,$0.898,1440879036584,"40,200",50% bullish,of 2 ratings,N/A
CHSCL,$27.01,1440879036609,"14,960",Not yet rated,NULL,N/A
IMOS,$18.56,1440879036653,"157,340",60% bullish,of 5 ratings,$21.50
CHSCM,$26.12,1440879036741,"14,760",Not yet rated,NULL,N/A
CHSCO,$28.31,1440879036767,"2,888",Not yet rated,NULL,N/A
CHSCN,$27.27,1440879036795,"2,175",Not yet rated,NULL,N/A
CHSCP,$30.51,1440879036824,"4,500",Not yet rated,NULL,N/A
CHDN,$133.5,1440879036929,"100,896",Not yet rated,NULL,$165
CHUY,$31.57,1440879036985,"143,174",50% bullish,of 2 ratings,$34
CDTX,$14.67,1440879037009,"15,045",Not yet rated,NULL,$22
CMCT,$15.3899,1440879037159,200,100% bearish,of 1 rating,N/A
CIFC,$7.04,1440879037187,"4,824",100% bearish,of 1 rating,N/A
CMPR,$73.46,1440879037317,"272,387",50% bullish,of 2 ratings,$72.50
CINF,$52.79,1440879037343,"561,411",50% bullish,of 4 ratings,$50.50
CIDM,$0.5736,1440879037375,"95,380",50% bullish,of 2 ratings,$2.10
CTAS,$85.3785,1440879037472,"330,304",100% bearish,of 1 rating,$91
CRUS,$30.21,1440879037500,"732,197",75% bullish,of 12 ratings,$44.50
CPHR,$5.33,1440879037527,"49,892",100% bearish,of 1 rating,$17
CZWI,$8.97,1440879037742,974,Not yet rated,NULL,N/A
CSCO,$26.02,1440879037775,"21,265,874",84% bullish,of 209 ratings,$32
CZFC,NULL,1440879037811,0,Not yet rated,NULL,N/A
CZNC,$19.84,1440879037841,"9,181",Not yet rated,NULL,N/A
CIZN,$19.33,1440879037869,"2,439",Not yet rated,NULL,N/A
CTRN,$26.73,1440879037905,"81,046",100% bearish,of 1 rating,$31.50
CTXS,$68.69,1440879037939,"1,229,256",86% bullish,of 7 ratings,$80
CIVBP,$33.21,1440879038173,353,Not yet rated,NULL,N/A
CIVB,$10.07,1440879038229,"6,435",Not yet rated,NULL,$11
CHCO,$47.25,1440879038259,"42,647",Not yet rated,NULL,$46
CDTI,$1.61,1440879038282,"54,168",75% bullish,of 4 ratings,$3.20
CLNE,$5.18,1440879038303,"972,530",80% bullish,of 15 ratings,$9
CLNT,$1.5,1440879038342,"17,654",75% bullish,of 8 ratings,N/A
CLFD,$17.21,1440879038363,"38,655",67% bullish,of 3 ratings,$18
CLRO,$11.51,1440879038441,"4,079",50% bullish,of 2 ratings,$14.25
CLIR,$4.67,1440879038496,"79,948",100% bullish,of 3 ratings,N/A
CBLI,$3.8,1440879038580,"30,681",60% bullish,of 5 ratings,N/A
CMFN,$11.17,1440879038658,"26,820",100% bearish,of 1 rating,$15.50
CSBK,$13.62,1440879038684,"66,040",Not yet rated,NULL,N/A
CLVS,$80.54,1440879038705,"406,345",60% bullish,of 5 ratings,$101.50
CISG,$7.81,1440879038832,"67,936",100% bullish,of 5 ratings,$10
CME,$94.62,1440879038856,"1,009,749",67% bullish,of 3 ratings,$102
CCNE,$16.98,1440879038924,"9,188",50% bullish,of 2 ratings,$21.50
CNV,$4.43,1440879038957,"28,444",50% bullish,of 2 ratings,$7.15
CWAY,$11.11,1440879038983,"4,726",Not yet rated,NULL,N/A
COBZ,$12.84,1440879039013,"40,728",100% bullish,of 1 rating,$14
COKE,$157.56,1440879039057,"23,920",79% bullish,of 19 ratings,N/A
CDRB,$13.97,1440879039091,"24,525",67% bullish,of 3 ratings,N/A
CDXS,$3.8,1440879039190,"19,698",64% bullish,of 11 ratings,$6
CVLY,$20.32,1440879039270,722,Not yet rated,NULL,N/A
JVA,$4.63,1440879039326,"11,572",83% bullish,of 6 ratings,$7
CCOI,$27.46,1440879039426,"445,468",50% bullish,of 4 ratings,$35
CGNT,$1.53,1440879039454,"56,889",100% bullish,of 2 ratings,$2
CGNX,$35.49,1440879039484,"359,217",50% bullish,of 2 ratings,$47
CTSH,$63.72,1440879039526,"2,758,536",90% bullish,of 10 ratings,$75
CHRS,$28.98,1440879039586,"79,672",67% bearish,of 3 ratings,$37
COHR,$57.83,1440879039625,"78,704",50% bullish,of 2 ratings,$72
COHU,$9.65,1440879039673,"127,716",100% bearish,of 1 rating,$14.25
CLRX,$0.54,1440879039754,"44,213",50% bullish,of 2 ratings,N/A
CLCT,$18.27,1440879039782,"26,386",100% bearish,of 1 rating,N/A
COLL,$15.34,1440879039803,"40,817",100% bearish,of 1 rating,$26
CIGI,$43.29,1440879039859,"40,937",100% bearish,of 1 rating,$52
CBAN,$8.75,1440879039991,"1,516",Not yet rated,NULL,N/A
CLCD,$6.63,1440879040020,"68,876",100% bearish,of 1 rating,$20.50
COLB,$30.05,1440879040121,"150,126",Not yet rated,NULL,$36
COLM,$60.64,1440879040191,"88,479",100% bearish,of 1 rating,$71
CMCO,$18.73,1440879040225,"73,520",60% bullish,of 5 ratings,$28
CBMX,$1.1,1440879040246,"19,525",83% bullish,of 6 ratings,$3.15
CMCSA,$56.77,1440879040326,"7,743,132",66% bullish,of 35 ratings,$69.50
CBSHP,$25.42,1440879040394,"26,034",100% bearish,of 1 rating,N/A
CBSH,$44.5989,1440879040423,"229,533",50% bullish,of 2 ratings,$46
CMCSK,$57.62,1440879040443,"1,941,868",Not yet rated,NULL,$84
CUBN,NULL,1440879040472,0,Not yet rated,NULL,N/A
CVGI,$4.96,1440879040604,"43,835",50% bullish,of 2 ratings,$6
COMM,$31.9,1440879040634,"725,355",67% bearish,of 3 ratings,$35
CSAL,$20.6041,1440879040661,"433,349",75% bullish,of 4 ratings,$30
JCS,$8.61,1440879040738,"7,525",67% bullish,of 3 ratings,N/A
ESXB,$5.06,1440879040805,"3,468",Not yet rated,NULL,N/A
CYHHZ,$0.01,1440879040832,"76,000",100% bullish,of 1 rating,N/A
CTBI,$34.87,1440879040869,"53,139",Not yet rated,NULL,$36
CWBC,$6.7,1440879041003,"1,519",Not yet rated,NULL,N/A
CVLT,$35.7,1440879041034,"499,857",75% bullish,of 4 ratings,$44.50
COB,$10.44,1440879041055,"13,253",100% bullish,of 1 rating,$11.75
CIZ,$33.45,1440879041085,"1,507",100% bearish,of 1 rating,N/A
CIL,NULL,1440879041130,0,Not yet rated,NULL,N/A
CID,NULL,1440879041235,0,Not yet rated,NULL,N/A
CSA,NULL,1440879041265,0,Not yet rated,NULL,N/A
CDC,$34.78,1440879041291,"3,743",Not yet rated,NULL,N/A
CSF,$36.75,1440879041370,"4,489",100% bearish,of 1 rating,N/A
CFA,$35.7,1440879041423,900,100% bearish,of 1 rating,N/A
CFO,$35.63,1440879041447,"150,250",100% bearish,of 1 rating,N/A
CDL,NULL,1440879041515,0,Not yet rated,NULL,N/A
CGEN,$5.2,1440879041644,"49,804",50% bullish,of 2 ratings,$11
CPSI,$45.63,1440879041670,"70,148",100% bearish,of 1 rating,$45.50
CSB,$32.92,1440879041690,200,Not yet rated,NULL,N/A
CTG,$6.51,1440879041735,"63,423",100% bearish,of 1 rating,$8.50
CHCI,$0.65,1440879041826,"20,669",50% bullish,of 2 ratings,N/A
SCOR,$53.74,1440879041861,"303,382",100% bearish,of 1 rating,$66
CMTL,$25.29,1440879041885,"132,707",100% bearish,of 2 ratings,$37
CNSI,$18.77,1440879041953,"63,344",100% bearish,of 2 ratings,$29
CNAT,$4.05,1440879042054,"58,100",83% bullish,of 6 ratings,$13
CNCE,$15.95,1440879042080,"103,480",75% bullish,of 4 ratings,$22
CXRX,$75.05,1440879042111,"5,908",100% bearish,of 1 rating,$90
CCUR,$5.46,1440879042158,"80,309",75% bullish,of 4 ratings,N/A
CDORP,$7,1440879042214,400,100% bearish,of 1 rating,N/A
CDORO,$18.95,1440879042306,"1,200",100% bearish,of 1 rating,N/A
CFMS,$19.77,1440879042367,"86,468",Not yet rated,NULL,$27
CDOR,$1.35,1440879042395,"4,361",100% bullish,of 1 rating,N/A
CTWS,$34.5,1440879042494,"20,376",100% bearish,of 1 rating,$44
CNFR,$10.18,1440879042562,"11,241",Not yet rated,NULL,N/A
CNMD,$53.23,1440879042637,"80,020",Not yet rated,NULL,$59
CNOB,$19.01,1440879042697,"42,656",100% bullish,of 1 rating,$23.50
CONN,$29.44,1440879042728,"528,417",67% bullish,of 3 ratings,$48.50
CNXR,$6.93,1440879042749,"72,869",100% bearish,of 1 rating,$12
CNSL,$19.76,1440879042830,"196,877",100% bearish,of 1 rating,$23
CWCO,$10.94,1440879042888,"91,573",67% bullish,of 3 ratings,$14.50
CTCT,$25.04,1440879042990,"195,271",67% bullish,of 3 ratings,$37
CPSS,$5.6,1440879043015,"22,982",100% bullish,of 1 rating,$10
CFRX,$5.08,1440879043047,"7,722",Not yet rated,NULL,$14
CFRXW,$1.95,1440879043074,"2,650",100% bearish,of 1 rating,N/A
CTRV,$3.68,1440879043182,"4,034",Not yet rated,NULL,$6.40
CTRL,$8.97,1440879043234,"133,195",50% bullish,of 2 ratings,$11
CFRXZ,$0.599,1440879043258,600,Not yet rated,NULL,N/A
CPRT,$34.99,1440879043399,"286,933",67% bearish,of 3 ratings,$40
CRBP,$1.92,1440879043426,"146,083",100% bullish,of 2 ratings,$6.25
CORT,$5.18,1440879043459,"216,538",67% bullish,of 3 ratings,$12
CORI,$10.45,1440879043562,"37,147",100% bearish,of 1 rating,$18
BVA,$3.75,1440879043583,627,50% bullish,of 2 ratings,N/A
CORE,$59.67,1440879043617,"118,215",100% bearish,of 1 rating,$72
CSOD,$36.17,1440879043656,"273,201",50% bullish,of 2 ratings,$42
CRVL,$30.91,1440879043680,"28,940",100% bearish,of 1 rating,N/A
COSI,$1.17,1440879043755,"158,610",100% bullish,of 1 rating,N/A
CSGP,$181.38,1440879043858,"68,173",50% bullish,of 2 ratings,$235
ICBK,$18.11,1440879043920,228,Not yet rated,NULL,$21
COST,$140.29,1440879044022,"1,445,606",79% bullish,of 24 ratings,$154.50
COVS,$2.7,1440879044064,"62,906",67% bullish,of 3 ratings,N/A
CPAH,$0.4301,1440879044092,"2,700",50% bullish,of 2 ratings,N/A
CVTI,$23.51,1440879044113,"93,135",67% bearish,of 3 ratings,$39
COWN,$5.23,1440879044163,"635,563",75% bullish,of 4 ratings,$7
COWNL,$26.65,1440879044260,"2,100",Not yet rated,NULL,N/A
CRAI,$22.05,1440879044290,"27,938",100% bearish,of 1 rating,$36
CPSH,$2.18,1440879044322,"1,167",Not yet rated,NULL,N/A
CBRL,$145.82,1440879044418,"142,127",50% bullish,of 2 ratings,$155
BREW,$7.97,1440879044442,"39,101",67% bullish,of 6 ratings,$15
CRAY,$20.41,1440879044475,"251,324",83% bullish,of 6 ratings,$38.50
CACC,$197.5495,1440879044504,"34,208",50% bullish,of 2 ratings,$158.50
GLDI,$11.01,1440879044610,"3,640",100% bearish,of 1 rating,N/A
SLVO,$10.04,1440879044811,"2,848",100% bearish,of 1 rating,N/A
CRESY,$10.35,1440879044848,"27,734",100% bearish,of 1 rating,$19
CREE,$26.99,1440879044877,"801,140",65% bullish,of 17 ratings,$29.50
CROX,$14.52,1440879044946,"662,990",63% bullish,of 8 ratings,$16.50
CCRN,$14.14,1440879044971,"142,037",100% bearish,of 1 rating,$14.25
CRDS,$1,1440879044994,"42,738",75% bullish,of 4 ratings,$4.50
CRTO,$43.1,1440879045024,"295,607",67% bullish,of 6 ratings,$64
CYRXW,$0.83,1440879045155,200,Not yet rated,NULL,N/A
CYRX,$2.885,1440879045187,"11,794",Not yet rated,NULL,$9
CRWS,$8.07,1440879045228,"4,508",Not yet rated,NULL,$10
CSGS,$31.14,1440879045315,"222,878",Not yet rated,NULL,$40
CRWN,$4.47,1440879045342,"38,249",75% bullish,of 4 ratings,N/A
CCLP,$15.38,1440879045363,"30,912",67% bearish,of 3 ratings,$20
CSPI,$5.71,1440879045383,516,67% bullish,of 3 ratings,N/A
CTCM,$1.83,1440879045528,"114,360",80% bearish,of 5 ratings,$3.90
CTIC,$1.6,1440879045611,"646,597",84% bullish,of 76 ratings,$5.75
CUNB,$21.18,1440879045690,"14,251",Not yet rated,NULL,$24.50
CTRP,$71.1413,1440879045717,"1,216,212",75% bullish,of 8 ratings,$93
CTIB,$3.63,1440879045749,"3,890",100% bearish,of 1 rating,N/A
CMLS,$1.42,1440879045776,"374,324",50% bullish,of 4 ratings,$6
CUI,$5.32,1440879045797,"29,604",50% bullish,of 2 ratings,$10
CRIS,$2.59,1440879045848,"166,862",100% bullish,of 8 ratings,$6
CPIX,$6.04,1440879045979,"5,828",Not yet rated,NULL,N/A
CVV,$10.97,1440879046070,"7,294",100% bullish,of 5 ratings,N/A
CUTR,$14.46,1440879046107,"32,831",67% bearish,of 3 ratings,$18
CVBF,$16,1440879046133,"493,743",Not yet rated,NULL,$18
CYAN,$7.6,1440879046154,"2,172",100% bearish,of 1 rating,N/A
CYBR,$52.4,1440879046201,"680,705",75% bullish,of 8 ratings,$66
CYBX,$67,1440879046298,"196,566",50% bullish,of 4 ratings,$71.50
CYCCP,NULL,1440879046388,0,100% bearish,of 1 rating,N/A
CYBE,$6.76,1440879046416,"22,725",100% bearish,of 1 rating,N/A
CYCC,$0.55,1440879046451,"63,851",73% bullish,of 11 ratings,N/A
CBAY,$2.63,1440879046479,"56,866",100% bullish,of 1 rating,$4
CYNO,$31.41,1440879046569,"137,063",67% bearish,of 3 ratings,$45.50
CYNA,$16.17,1440879046599,"27,144",50% bullish,of 2 ratings,$31.50
CY,$10.09,1440879046625,"2,674,911",80% bullish,of 10 ratings,$15.50
CYRN,$1.7,1440879046705,"29,421",67% bullish,of 3 ratings,$4
CONE,$32.3,1440879046833,"247,421",67% bearish,of 3 ratings,$35.50
CYTK,$7,1440879046888,"180,145",71% bullish,of 14 ratings,$13.50
CYTX,$0.315,1440879047030,"2,360,173",83% bullish,of 12 ratings,$5.50
DAEG,$0.35,1440879047061,"11,063",100% bearish,of 1 rating,N/A
CTSO,$6.89,1440879047082,"27,244",Not yet rated,NULL,$15.625
TVIZ,$19.51,1440879047102,"3,315",100% bearish,of 1 rating,N/A
CYTR,$2.39,1440879047123,"318,266",67% bullish,of 6 ratings,$10
TVIX,$13.35,1440879047262,"14,107,659",81% bullish,of 16 ratings,N/A
ZIV,$40.01,1440879047290,"153,112",Not yet rated,NULL,N/A
XIV,$27,1440879047317,"18,307,444",75% bearish,of 4 ratings,N/A
DARA,$0.86,1440879047420,"24,822",83% bullish,of 6 ratings,$1.50
DAKT,$8.64,1440879047445,"421,544",50% bullish,of 2 ratings,$12
DJCO,$191.42,1440879047478,502,Not yet rated,NULL,N/A
DAIO,$2.49,1440879047499,"4,973",Not yet rated,NULL,N/A
DTLK,$5.85,1440879047982,"72,201",100% bearish,of 1 rating,$9
PLAY,$34.43,1440879048010,"121,342",100% bullish,of 5 ratings,$42
DWCH,$5.26,1440879048043,"21,471",75% bullish,of 4 ratings,$8.25
DRAM,$1.28,1440879048069,"16,449",78% bullish,of 9 ratings,N/A
DWSN,$4.54,1440879048140,"13,558",67% bullish,of 3 ratings,N/A
DTEA,$13.15,1440879048164,"48,592",100% bearish,of 2 ratings,$24
DBVT,$41.26,1440879048200,"32,497",100% bearish,of 1 rating,$53
TRAK,$62.85,1440879048233,"645,671",50% bullish,of 2 ratings,$62.50
DHRM,$1.48,1440879048334,"7,227",Not yet rated,NULL,N/A
DFRG,$14.59,1440879048360,"99,897",100% bearish,of 1 rating,$20
TACOW,$4.05,1440879048396,"18,932",100% bullish,of 1 rating,N/A
TACO,$13.1236,1440879048418,"97,042",75% bullish,of 4 ratings,$20
DCTH,$0.4003,1440879048489,"122,121",78% bullish,of 9 ratings,N/A
DGAS,$20.12,1440879048546,"3,626",67% bearish,of 3 ratings,N/A
DELTW,NULL,1440879048573,0,Not yet rated,NULL,N/A
DELT,$2.52,1440879048594,"6,000",Not yet rated,NULL,N/A
XRAY,$53.26,1440879048890,"455,198",100% bullish,of 1 rating,$58
DXLG,$5.62,1440879048928,"88,393",100% bearish,of 1 rating,$8
DEPO,$28.38,1440879048949,"492,842",60% bullish,of 5 ratings,$29
DENN,$11.48,1440879048970,"411,859",100% bullish,of 3 ratings,$15
DERM,$27.24,1440879049010,"101,807",100% bearish,of 1 rating,$33.50
DEST,$11.13,1440879049037,"20,183",50% bullish,of 2 ratings,N/A
DSCI,$5.93,1440879049057,"30,721",50% bullish,of 2 ratings,$16
DSWL,$1.71,1440879049101,"4,300",100% bullish,of 1 rating,N/A
DXM,$0.26,1440879049230,"140,456",50% bullish,of 2 ratings,N/A
DHXM,$6.82,1440879049259,"1,035",Not yet rated,NULL,N/A
DXCM,$94.3009,1440879049286,"601,324",57% bullish,of 7 ratings,$98
DMND,$29.77,1440879049527,"137,181",75% bullish,of 12 ratings,$32
DCIX,$1.74,1440879049600,"50,106",50% bullish,of 4 ratings,$3.50
DHIL,$194.72,1440879049626,"3,494",Not yet rated,NULL,N/A
DRNA,$11.13,1440879049647,"76,464",67% bearish,of 3 ratings,$25
FANG,$66.56,1440879049676,"945,281",50% bullish,of 2 ratings,$86.50
DGII,$10.06,1440879049697,"88,413",100% bearish,of 1 rating,$10
DMRC,$37.81,1440879049834,"119,126",100% bearish,of 1 rating,$44
DGLY,$8.6,1440879049860,"110,448",50% bullish,of 6 ratings,$20
DRAD,$3.7,1440879049914,"14,268",100% bullish,of 1 rating,$5.25
APPS,$2.43,1440879049939,"110,613",100% bearish,of 1 rating,$10.25
DCOM,$17.01,1440879049991,"121,317",100% bearish,of 2 ratings,$16.50
DPRX,$13.52,1440879050020,"8,669",100% bullish,of 2 ratings,$27.75
DISCA,$27.1127,1440879050041,"1,476,936",67% bullish,of 3 ratings,$34
DIOD,$19.93,1440879050062,"100,117",75% bearish,of 4 ratings,$24
DISCB,NULL,1440879050197,0,100% bearish,of 1 rating,$35
DISCK,$25.71,1440879050234,"1,450,570",100% bearish,of 1 rating,$32
DSCO,$0.42,1440879050361,"233,070",83% bullish,of 6 ratings,$2.75
DVCR,$10.8,1440879050418,"5,362",100% bullish,of 1 rating,N/A
DISH,$59.62,1440879050461,"664,919",69% bullish,of 13 ratings,$73
BAGR,$2.77,1440879050601,"10,502",100% bearish,of 1 rating,$6
DLHC,$2.45,1440879050621,"2,228",100% bearish,of 1 rating,N/A
DGICA,$14.27,1440879050658,"10,088",100% bearish,of 1 rating,$17
DNBF,$25.76,1440879050679,408,Not yet rated,NULL,$27.50
DLTR,$76.7377,1440879050714,"1,695,005",82% bullish,of 11 ratings,$88
DORM,$50.42,1440879050743,"213,968",100% bearish,of 1 rating,$56
DGICB,NULL,1440879050808,0,100% bearish,of 1 rating,N/A
DMLP,$14.39,1440879050841,"9,844",100% bearish,of 1 rating,N/A
DRWIW,$0.04,1440879050938,318,Not yet rated,NULL,N/A
HILL,$9.665,1440879050966,"1,225,949",60% bearish,of 5 ratings,$9.75
DRWI,$0.21,1440879051042,"608,108",60% bullish,of 5 ratings,$.45
DRYS,$0.44,1440879051201,"3,465,209",77% bullish,of 31 ratings,$.60
DWA,$20.29,1440879051239,"780,239",63% bullish,of 8 ratings,$26
DSKX,$3.25,1440879051270,"269,494",100% bullish,of 1 rating,N/A
DSPG,$8.55,1440879051290,"86,341",100% bearish,of 1 rating,$13.50
CADT,NULL,1440879051311,0,Not yet rated,NULL,N/A
CADTU,NULL,1440879051347,0,Not yet rated,NULL,N/A
CADTR,NULL,1440879051368,0,Not yet rated,NULL,N/A
CADTW,NULL,1440879051515,0,Not yet rated,NULL,N/A
DTSI,$27.07,1440879051594,"64,293",100% bearish,of 2 ratings,$39.50
DRRX,$2.1,1440879051647,"174,261",50% bullish,of 6 ratings,$3
DNKN,$51.69,1440879051668,"615,001",67% bullish,of 15 ratings,$56.50
DYAX,$23.69,1440879051699,"450,638",89% bullish,of 9 ratings,$30
DXPE,$28.01,1440879051719,"198,401",50% bullish,of 2 ratings,N/A
BOOM,$10.64,1440879051935,"121,109",67% bullish,of 3 ratings,$12
DVAX,$29.76,1440879051967,"286,822",70% bullish,of 10 ratings,$40
DYNT,$3,1440879051988,"2,521",75% bullish,of 4 ratings,N/A
DYSL,$1.44,1440879052009,"9,241",100% bullish,of 2 ratings,N/A
ETFC,$26.53,1440879052051,"1,656,489",57% bullish,of 14 ratings,$32.50
EGBN,$41.91,1440879052073,"45,548",Not yet rated,NULL,$48
EBMT,$11.54,1440879052094,"1,076",Not yet rated,NULL,$13.50
EGLE,$6.51,1440879052147,"44,799",60% bullish,of 5 ratings,N/A
EGRX,$83.67,1440879052257,"183,576",67% bullish,of 3 ratings,$97
EROC,$1.54,1440879052282,"321,569",50% bullish,of 2 ratings,$3
ELNK,$8.45,1440879052358,"507,260",60% bullish,of 5 ratings,$9.50
EWBC,$40.36,1440879052524,"524,091",100% bearish,of 1 rating,$50
EACQU,NULL,1440879052561,0,Not yet rated,NULL,N/A
EVBS,$6.6,1440879052588,"16,168",Not yet rated,NULL,$7
EML,$16.47,1440879052613,"7,046",Not yet rated,NULL,N/A
ELON,$0.5649,1440879052642,"28,406",50% bullish,of 2 ratings,N/A
EBIX,$28.21,1440879052669,"195,546",69% bullish,of 13 ratings,$40
EBAY,$27.25,1440879052690,"6,618,106",81% bullish,of 117 ratings,$34
ECHO,$23.01,1440879052819,"541,539",67% bearish,of 3 ratings,$35.50
ECTE,$1.46,1440879052860,"3,701",75% bullish,of 4 ratings,N/A
SATS,$44.59,1440879052890,"56,536",50% bullish,of 2 ratings,$60
ESES,$3.22,1440879052989,"2,164",100% bearish,of 1 rating,$7
EEI,$11.15,1440879053028,"3,106",67% bearish,of 3 ratings,N/A
ECACU,$10.1,1440879053054,"3,602",Not yet rated,NULL,N/A
EDAP,$3.6,1440879053194,"25,350",60% bullish,of 5 ratings,$4.50
EDGW,$7.01,1440879053224,"10,591",100% bearish,of 1 rating,N/A
EGAN,$3.64,1440879053298,"7,806",50% bullish,of 2 ratings,$6.25
EDUC,$5.55,1440879053328,"21,651",100% bearish,of 1 rating,N/A
EGLT,$10.66,1440879053358,"20,932",50% bullish,of 2 ratings,$21
EFUT,$4.63,1440879053385,700,Not yet rated,NULL,N/A
LOCO,$13.72,1440879053458,"1,206,901",77% bullish,of 13 ratings,$20
EHTH,$14.1,1440879053516,"168,301",50% bullish,of 4 ratings,$16.50
EMITF,$1.18,1440879053543,"3,474",75% bullish,of 4 ratings,N/A
ESLT,$76.65,1440879053590,"2,915",67% bullish,of 3 ratings,N/A
ELRC,$10.71,1440879053722,"16,406",100% bearish,of 1 rating,N/A
ESIO,$4.43,1440879053765,"140,353",50% bullish,of 2 ratings,$10
ERI,$9.7,1440879053790,"144,246",100% bearish,of 1 rating,$10
EFII,$44.09,1440879053920,"127,147",80% bullish,of 5 ratings,$55
ELSE,$3.9999,1440879053992,500,60% bullish,of 5 ratings,N/A
EA,$67.91,1440879054025,"2,056,941",77% bullish,of 35 ratings,$80
ELECU,NULL,1440879054045,0,Not yet rated,NULL,N/A
ELEC,NULL,1440879054081,0,Not yet rated,NULL,N/A
RDEN,$10.95,1440879054121,"74,308",100% bearish,of 4 ratings,$15
EBIO,$3.55,1440879054174,"154,084",100% bearish,of 2 ratings,$8.35
ELECW,NULL,1440879054201,0,Not yet rated,NULL,N/A
CAPX,$22.93,1440879054333,"13,900",Not yet rated,NULL,N/A
ESBK,$19.66,1440879054393,423,Not yet rated,NULL,N/A
LONG,$17.04,1440879054438,"9,996",67% bullish,of 3 ratings,$15.75
ELTK,$1.34,1440879054465,"144,213",67% bearish,of 3 ratings,N/A
EMCI,$23.2,1440879054495,"15,362",Not yet rated,NULL,N/A
EMCF,$23.06,1440879054596,100,100% bearish,of 1 rating,N/A
EMKR,$7.06,1440879054620,"65,081",75% bullish,of 4 ratings,$8.50
EMMS,$1.12,1440879054647,"136,017",83% bullish,of 6 ratings,N/A
EMMSP,$3,1440879054776,200,100% bearish,of 1 rating,N/A
ERS,$2.83,1440879054806,"6,582",Not yet rated,NULL,N/A
NYNY,$4.37,1440879054827,"30,167",50% bullish,of 2 ratings,N/A
ENTA,$41.18,1440879054862,"122,390",50% bullish,of 2 ratings,$42
ECPG,$40.13,1440879054956,"153,412",100% bullish,of 2 ratings,$52
WIRE,$31.67,1440879054989,"90,127",100% bearish,of 1 rating,$37
ENDP,$78.7,1440879055015,"843,248",50% bullish,of 6 ratings,$104
ELGX,$13.04,1440879055147,"310,868",75% bullish,of 4 ratings,$17
EIGI,$15.55,1440879055216,"197,582",67% bearish,of 3 ratings,$22.50
WATT,$6.99,1440879055291,"124,032",50% bullish,of 2 ratings,$13
ECYT,$5.28,1440879055350,"159,581",83% bullish,of 6 ratings,$12
EFOI,$22,1440879055434,"907,367",50% bullish,of 2 ratings,$20.50
ERII,$2.69,1440879055486,"49,581",80% bullish,of 5 ratings,$2.50
EXXI,$1.83,1440879055514,"2,134,615",86% bullish,of 7 ratings,$3.50
ENG,$1,1440879055534,"10,728",100% bullish,of 3 ratings,N/A
ENOC,$9.35,1440879055591,"300,726",75% bullish,of 4 ratings,$18
ESGR,$146.02,1440879055723,"29,141",100% bearish,of 1 rating,$185
ENPH,$4.58,1440879055749,"408,795",75% bullish,of 4 ratings,$11
ENTG,$13.7,1440879055784,"498,237",100% bearish,of 1 rating,$18
ENFC,$17.63,1440879055882,"14,896",Not yet rated,NULL,N/A
ETRM,$0.27,1440879055909,"540,107",69% bearish,of 35 ratings,$1.625
ENTL,$22.19,1440879055939,"11,224",Not yet rated,NULL,$28
EBTC,$21.14,1440879055986,"4,216",Not yet rated,NULL,N/A
EFSC,$23.84,1440879056145,"31,437",Not yet rated,NULL,$27
EGT,$2.14,1440879056226,"13,092",100% bullish,of 1 rating,N/A
ENVI,$1.85,1440879056251,"22,541",67% bullish,of 3 ratings,N/A
ENZN,$1.05,1440879056277,"191,259",100% bullish,of 9 ratings,N/A
EPIQ,$12.94,1440879056321,"95,473",100% bearish,of 1 rating,$18
EPRS,$5.3,1440879056410,"65,326",82% bullish,of 11 ratings,$15
ENZY,$9.69,1440879056436,"20,091",67% bullish,of 3 ratings,$9.50
PLUS,$76.75,1440879056483,"44,219",50% bullish,of 2 ratings,$88
EPZM,$20.1,1440879056570,"274,818",60% bullish,of 5 ratings,$34
EQFN,NULL,1440879056598,0,100% bearish,of 1 rating,N/A
EAC,$3.37,1440879056628,"4,106",100% bearish,of 1 rating,$8
EQIX,$268.78,1440879056654,"317,195",75% bullish,of 4 ratings,$312.50
ERIC,$9.95,1440879056681,"1,517,001",67% bullish,of 9 ratings,$12.20
ERIE,$82.6965,1440879056809,"23,830",Not yet rated,NULL,$73
ESCA,$18,1440879056863,"15,345",100% bearish,of 1 rating,$22
ESCR,$0.12,1440879056911,"313,269",50% bullish,of 2 ratings,N/A
ESCRP,$1.15,1440879056995,"3,261",100% bearish,of 1 rating,N/A
ESMC,$1.31,1440879057046,"1,148",Not yet rated,NULL,N/A
ESPR,$52.27,1440879057157,"597,174",70% bearish,of 10 ratings,$123
ESND,$34.46,1440879057210,"110,118",100% bearish,of 2 ratings,$40
EPIX,NULL,1440879057253,0,Not yet rated,NULL,N/A
ESSA,$12.81,1440879057279,"2,219",100% bearish,of 1 rating,N/A
ETSY,$14.82,1440879057300,"411,302",80% bullish,of 5 ratings,$16
ESSX,$0.4461,1440879057335,"121,833",50% bullish,of 2 ratings,N/A
CLWT,NULL,1440879057360,0,100% bullish,of 1 rating,N/A
EEFT,$65.62,1440879057489,"156,788",100% bearish,of 1 rating,$67.50
ESEA,$5.37,1440879057521,"3,809",100% bullish,of 1 rating,$15
EVEP,$8.27,1440879057624,"378,682",50% bullish,of 2 ratings,$15
EVK,$3.75,1440879057649,267,75% bearish,of 4 ratings,N/A
EVLV,$2.68,1440879057702,"224,794",60% bullish,of 5 ratings,$5.125
EVOL,$5.98,1440879057860,"4,531",75% bullish,of 4 ratings,$10
EXA,$11.19,1440879057894,"12,872",100% bearish,of 1 rating,$13
EXEL,$6.06,1440879057917,"3,042,838",81% bullish,of 16 ratings,$6
EVOK,$3.75,1440879057947,"45,220",100% bearish,of 1 rating,$13.375
EXAC,$18.64,1440879057992,"19,525",100% bearish,of 1 rating,$22.50
EXAS,$22.34,1440879058018,"466,825",78% bullish,of 9 ratings,$31
EXLS,$36.47,1440879058082,"100,676",50% bullish,of 2 ratings,$41
EXFO,$2.74,1440879058150,"3,109",67% bearish,of 3 ratings,$3.95
EXPD,$49.66,1440879058217,"1,275,347",80% bullish,of 5 ratings,$52
EXPE,$116.5217,1440879058246,"591,733",64% bullish,of 11 ratings,$130
EXPO,$42.71,1440879058267,"77,752",100% bearish,of 1 rating,$45.50
ESRX,$84.46,1440879058458,"2,106,762",67% bearish,of 6 ratings,$101
EXLP,$20.8232,1440879058550,"166,876",100% bearish,of 1 rating,$25
EXTR,$2.85,1440879058576,"441,776",80% bullish,of 5 ratings,$3
EYEG,$3.63,1440879058607,"8,530",Not yet rated,NULL,N/A
EYEGW,NULL,1440879058627,0,Not yet rated,NULL,N/A
EZCH,$22.5819,1440879058661,"100,750",75% bullish,of 8 ratings,$19.50
EZPW,$5.83,1440879058682,"233,828",50% bullish,of 4 ratings,$7.50
FFIV,$122.97,1440879058713,"535,549",63% bullish,of 8 ratings,$132
FCS,$13.71,1440879058936,"593,435",67% bearish,of 3 ratings,$17
FWM,$2.25,1440879058966,"117,046",100% bearish,of 2 ratings,$3.20
FALC,$1.76,1440879058991,"108,050",63% bearish,of 8 ratings,N/A
FRP,$16.22,1440879059016,"95,097",100% bearish,of 1 rating,$18
FB,$90.997,1440879059070,"21,405,623",73% bullish,of 1070 ratings,$111
FFKT,$25.89,1440879059214,"7,909",Not yet rated,NULL,$29
DAVE,$15.36,1440879059243,"17,244",100% bearish,of 1 rating,$15.50
FARM,$22.94,1440879059281,"20,353",100% bearish,of 1 rating,$35
FAST,$38.69,1440879059374,"1,512,410",80% bullish,of 5 ratings,$45.50
FMNB,$8.27,1440879059405,"9,733",Not yet rated,NULL,N/A
FBSS,$15.29,1440879059429,200,Not yet rated,NULL,N/A
FARO,$38.01,1440879059461,"102,628",50% bullish,of 2 ratings,$48
FATE,$7.21,1440879059512,"24,853",50% bullish,of 2 ratings,$11
FBRC,$22.28,1440879059568,"11,421",100% bearish,of 1 rating,$29
FNHC,$21.79,1440879059723,"82,959",100% bearish,of 1 rating,$35
FDML,$8.72,1440879059770,"236,899",50% bullish,of 4 ratings,$14
FHCO,$1.37,1440879059798,"24,116",50% bullish,of 4 ratings,N/A
FEIC,$75.72,1440879059852,"219,243",50% bullish,of 2 ratings,$95.50
FENX,$9.97,1440879059879,"142,317",100% bullish,of 1 rating,$14.25
FCSC,$5.74,1440879060011,"84,641",100% bearish,of 1 rating,$8.125
FGEN,$25,1440879060040,"155,438",100% bearish,of 1 rating,$39
ONEQ,$189.9,1440879060085,"11,934",100% bullish,of 1 rating,N/A
LION,$19.23,1440879060144,"74,002",100% bullish,of 1 rating,$20
FDUS,$14.64,1440879060173,"23,047",50% bullish,of 2 ratings,$18
FRGI,$52.21,1440879060274,"105,363",50% bullish,of 2 ratings,$70
FSC,$6.45,1440879060299,"607,315",60% bullish,of 5 ratings,$8
FSAM,$8.19,1440879060330,"11,024",100% bearish,of 1 rating,$10.25
FSCFL,$24.65,1440879060430,"6,848",Not yet rated,NULL,N/A
FITB,$19.97,1440879060557,"3,708,357",54% bullish,of 13 ratings,$22
FITBI,$27.525,1440879060608,"34,706",Not yet rated,NULL,N/A
FSFR,$8.89,1440879060638,"67,547",100% bearish,of 1 rating,$11.50
FNGN,$33.23,1440879060659,"176,570",67% bullish,of 3 ratings,$47
FISI,$24.52,1440879060690,"15,149",100% bullish,of 2 ratings,$24.50
FNSR,$15.77,1440879060745,"515,888",71% bullish,of 7 ratings,$24.50
FNTCU,NULL,1440879060846,0,Not yet rated,NULL,N/A
FNTC,NULL,1440879060884,0,Not yet rated,NULL,N/A
FNJN,$1.9,1440879060910,"33,173",100% bearish,of 1 rating,$5
FNTCW,NULL,1440879060940,0,Not yet rated,NULL,N/A
FEYE,$39.23,1440879060977,"2,069,894",87% bullish,of 15 ratings,$55.50
FBNC,$16.95,1440879061037,"17,226",100% bullish,of 1 rating,$20
FNLC,$18.73,1440879061138,"10,936",100% bullish,of 1 rating,N/A
BUSE,$6.36,1440879061267,"86,619",Not yet rated,NULL,$6.875
FRBA,$6.08,1440879061294,"1,488",Not yet rated,NULL,$8
FBIZ,$44.1,1440879061322,"28,261",100% bearish,of 2 ratings,$52
FCVA,$4.61,1440879061343,351,Not yet rated,NULL,N/A
FCFS,$39.83,1440879061475,"154,214",100% bearish,of 3 ratings,$48
FCAP,$26.77,1440879061501,402,Not yet rated,NULL,N/A
FCNCA,$238.6,1440879061556,"15,051",Not yet rated,NULL,N/A
FCLF,$9.05,1440879061631,"1,666",Not yet rated,NULL,N/A
FBNK,$17.21,1440879061656,"22,827",100% bearish,of 1 rating,$17.50
FCBC,$17.49,1440879061711,"17,432",Not yet rated,NULL,$18
FDEF,$37.44,1440879061800,"34,556",Not yet rated,NULL,$38
FCFP,$6.94,1440879061825,"3,000",Not yet rated,NULL,N/A
FFNM,$6.19,1440879061970,"1,344",Not yet rated,NULL,N/A
FFBC,$18.28,1440879062001,"149,353",67% bearish,of 3 ratings,$20.25
FFBCW,NULL,1440879062021,0,100% bearish,of 1 rating,N/A
FCCO,$12,1440879062042,"2,065",Not yet rated,NULL,$13.25
FFIN,$30.67,1440879062178,"141,387",50% bullish,of 2 ratings,$31.75
THFF,$32.94,1440879062230,"24,402",Not yet rated,NULL,$35
FFNW,$12.06,1440879062252,"10,423",Not yet rated,NULL,$14
FFWM,$21.37,1440879062273,"22,466",Not yet rated,NULL,$24
INBK,$30.15,1440879062412,"10,430",50% bullish,of 2 ratings,$37
FIBK,$26.22,1440879062443,"81,866",Not yet rated,NULL,$32
FMBH,NULL,1440879062515,0,Not yet rated,NULL,N/A
FRME,$25.92,1440879062541,"130,285",Not yet rated,NULL,$26.50
FNWB,$11.85,1440879062584,"10,217",Not yet rated,NULL,N/A
FMBI,$17.43,1440879062611,"263,235",Not yet rated,NULL,$20
FNBC,$34.63,1440879062631,"63,076",Not yet rated,NULL,$40
FNFG,$9.1568,1440879062662,"1,157,000",80% bullish,of 5 ratings,$9
FSFG,$30.07,1440879062879,71,Not yet rated,NULL,N/A
FSBK,$7.82,1440879062910,"5,412",100% bullish,of 1 rating,N/A
FSGI,$2.47,1440879062938,"12,130",Not yet rated,NULL,N/A
FBZ,$10.144,1440879062966,600,Not yet rated,NULL,N/A
BICK,$19.69,1440879062987,"1,428",100% bullish,of 1 rating,N/A
FSLR,$47.8,1440879063043,"1,195,799",72% bullish,of 39 ratings,$65
FCAN,$24.6,1440879063121,"6,052",Not yet rated,NULL,N/A
FTCS,$36.63,1440879063178,"18,232",100% bearish,of 1 rating,N/A
FV,$23.71,1440879063283,"1,935,175",100% bearish,of 1 rating,N/A
IFV,$17.88,1440879063313,"555,778",100% bearish,of 1 rating,N/A
FEMB,NULL,1440879063340,0,Not yet rated,NULL,N/A
FCA,$20.44,1440879063413,"2,300",Not yet rated,NULL,N/A
FTSM,$59.85,1440879063466,"7,169",100% bearish,of 1 rating,N/A
FEUZ,$31.5,1440879063494,"1,405",Not yet rated,NULL,N/A
TDIV,$24.9,1440879063522,"74,537",100% bearish,of 1 rating,N/A
MDIV,$19.23,1440879063577,"128,525",Not yet rated,NULL,N/A
FGM,$35.58,1440879063627,"2,324",Not yet rated,NULL,N/A
FTGC,$22.39,1440879063677,"76,491",Not yet rated,NULL,N/A
FTHI,$19.5399,1440879063774,640,Not yet rated,NULL,N/A
HYLS,$49.53,1440879063815,"35,104",100% bearish,of 1 rating,N/A
FPXI,$27.29,1440879063903,500,Not yet rated,NULL,N/A
FHK,$33.3,1440879063931,"2,363",Not yet rated,NULL,N/A
YDIV,$16.5742,1440879063956,"3,515",Not yet rated,NULL,N/A
SKYY,$29.18,1440879064037,"46,046",100% bullish,of 1 rating,N/A
PLTM,$6.38,1440879064098,"6,702",100% bearish,of 1 rating,N/A
CU,$13.21,1440879064129,"7,015",100% bearish,of 1 rating,N/A
FJP,$47.81,1440879064166,"59,841",Not yet rated,NULL,N/A
FTLB,$19.3188,1440879064261,"3,260",100% bearish,of 1 rating,N/A
LMBS,$49.77,1440879064288,"5,298",Not yet rated,NULL,N/A
FMB,$51.23,1440879064315,415,Not yet rated,NULL,N/A
CIBR,$18.04,1440879064420,"51,388",Not yet rated,NULL,N/A
QABA,$37.18,1440879064468,"8,586",100% bearish,of 1 rating,N/A
FONE,$35.29,1440879064496,950,Not yet rated,NULL,N/A
QCLN,$15.18,1440879064604,"16,517",Not yet rated,NULL,N/A
GRID,$33.09,1440879064638,705,100% bearish,of 1 rating,N/A
CARZ,$35.05,1440879064668,"1,904",100% bearish,of 1 rating,N/A
RDVY,$21.17,1440879064733,"2,849",Not yet rated,NULL,N/A
QQEW,$42.1,1440879064795,"52,287",Not yet rated,NULL,N/A
QQXT,$40.74,1440879064836,"18,704",Not yet rated,NULL,N/A
AIRR,$16.4,1440879064879,"2,252",100% bearish,of 1 rating,N/A
QTEC,$40.33,1440879064905,"26,311",Not yet rated,NULL,N/A
QINC,$20.2999,1440879064973,663,Not yet rated,NULL,N/A
FTSL,$48.74,1440879065000,"110,156",100% bearish,of 1 rating,N/A
FKO,NULL,1440879065138,0,Not yet rated,NULL,N/A
FDIV,$46.09,1440879065164,302,100% bearish,of 1 rating,N/A
FSZ,$39.19,1440879065186,"3,866",Not yet rated,NULL,N/A
FTW,$31.91,1440879065228,230,Not yet rated,NULL,N/A
FKU,$41.82,1440879065333,"5,183",Not yet rated,NULL,N/A
TUSA,$25.08,1440879065425,300,Not yet rated,NULL,N/A
FUNC,$8.12,1440879065533,"2,091",Not yet rated,NULL,N/A
FMER,$17.81,1440879065567,"731,124",50% bullish,of 2 ratings,$20
SVVC,$9.43,1440879065595,"11,779",50% bullish,of 2 ratings,$26
FSV,$31.41,1440879065620,"12,183",Not yet rated,NULL,$33.60
FIVE,$38.5,1440879065663,"860,602",75% bearish,of 4 ratings,$44
FISV,$86.78,1440879065729,"802,788",100% bearish,of 3 ratings,$90
FPRX,$19.37,1440879065760,"177,840",50% bullish,of 2 ratings,$35
FLKS,$12.41,1440879065902,"26,992",50% bullish,of 2 ratings,$27
FIVN,$4.03,1440879065931,"81,303",100% bullish,of 1 rating,$8.50
FLML,$21.9746,1440879066005,"90,829",50% bullish,of 2 ratings,$30
FLXN,$25.29,1440879066030,"49,036",100% bearish,of 1 rating,$40
SKOR,$50.3,1440879066104,"2,349",Not yet rated,NULL,N/A
MBSD,$25.02,1440879066177,"14,451",Not yet rated,NULL,N/A
FLEX,$10.6,1440879066205,"1,115,185",63% bullish,of 8 ratings,$12
FLXS,$32.15,1440879066242,"13,502",100% bearish,of 2 ratings,N/A
FLIR,$28.57,1440879066267,"1,032,100",100% bearish,of 1 rating,$38.50
FLDM,$11.7,1440879066402,"260,257",67% bearish,of 3 ratings,$15
FOGO,$19.23,1440879066430,"34,672",50% bullish,of 2 ratings,$25.50
FFIC,$19.73,1440879066457,"77,431",Not yet rated,NULL,$21
FOMX,$10.18,1440879066586,"82,757",50% bullish,of 2 ratings,$23.50
FES,$0.9409,1440879066613,"94,182",50% bullish,of 2 ratings,$1
FORM,$6.53,1440879066694,"253,899",67% bullish,of 3 ratings,$10.50
FONR,$9.7,1440879066748,"6,716",100% bullish,of 1 rating,N/A
FORR,$31.88,1440879066803,"18,396",Not yet rated,NULL,N/A
FTNT,$42.96,1440879066882,"603,333",80% bullish,of 10 ratings,$52
FORTY,$30.33,1440879066910,"1,000",100% bearish,of 1 rating,N/A
FWRD,$45.16,1440879066937,"186,984",100% bearish,of 1 rating,$50
FBIO,$2.88,1440879066958,"79,815",83% bullish,of 6 ratings,N/A
FORD,$1.66,1440879067088,"1,753,015",67% bullish,of 3 ratings,N/A
FWP,$27.02,1440879067116,"15,503",100% bearish,of 1 rating,$45
FOSL,$61.6,1440879067137,"709,887",60% bearish,of 5 ratings,$80
FMI,$23.8,1440879067270,"312,031",100% bearish,of 2 ratings,$27.50
FXCB,$17.02,1440879067295,"34,723",Not yet rated,NULL,$19
FOXF,$15.18,1440879067374,"24,155",100% bearish,of 1 rating,$19
FRAN,$11.17,1440879067459,"366,392",50% bullish,of 4 ratings,$15
FREE,$0.378,1440879067516,"370,595",92% bullish,of 12 ratings,N/A
FELE,$29.23,1440879067541,"216,658",50% bullish,of 4 ratings,$33
FRED,$13.06,1440879067614,"248,657",50% bullish,of 2 ratings,$16
FRPT,$13.06,1440879067687,"298,368",67% bearish,of 3 ratings,$23.50
FTR,$5.08,1440879067748,"11,162,934",78% bullish,of 27 ratings,$6.25
RAIL,$20.73,1440879067769,"70,803",100% bearish,of 1 rating,$24.50
FEIM,$11,1440879067858,"3,049",100% bearish,of 1 rating,N/A
FTRPR,$100.8,1440879067886,"53,474",100% bearish,of 1 rating,N/A
FRPH,$31.17,1440879067919,"5,010",100% bearish,of 1 rating,N/A
FSBW,$23.2,1440879067962,991,Not yet rated,NULL,N/A
FTD,$29.27,1440879068018,"102,153",100% bearish,of 1 rating,$40
FSYS,$6.63,1440879068044,"30,772",67% bullish,of 3 ratings,$10
FTEK,$2.04,1440879068261,"51,368",75% bullish,of 4 ratings,N/A
FCEL,$0.8,1440879068324,"1,501,071",88% bullish,of 41 ratings,$2.65
FULL,$3.1,1440879068354,"30,227",67% bearish,of 3 ratings,$4.25
FULT,$12.08,1440879068391,"624,848",100% bearish,of 1 rating,$13
FLL,$1.51,1440879068420,"10,264",75% bullish,of 4 ratings,$3.50
FULLL,$24.9101,1440879068440,200,Not yet rated,NULL,N/A
FFHL,$1.05,1440879068472,"18,397",50% bullish,of 4 ratings,N/A
FXEN,$0.87,1440879068570,"69,159",75% bullish,of 4 ratings,$1.10
FSNN,$2.18,1440879068666,"1,562",67% bullish,of 3 ratings,$6
FXENP,$15.76,1440879068699,"1,000",100% bearish,of 1 rating,N/A
WILC,$4.97,1440879068724,"6,120",100% bullish,of 2 ratings,N/A
GAIA,$5.9,1440879068750,"7,898",50% bullish,of 2 ratings,$8.50
GK,$67.55,1440879068771,"59,942",Not yet rated,NULL,$78
GLPG,$60.49,1440879068804,"13,297",100% bullish,of 1 rating,$75
GALT,$1.96,1440879068938,"30,257",80% bullish,of 5 ratings,N/A
GALTU,NULL,1440879069042,0,100% bearish,of 1 rating,N/A
GLMD,$8.81,1440879069090,"11,506",67% bullish,of 3 ratings,$20.50
GLPI,$31.5863,1440879069115,"324,483",100% bearish,of 1 rating,$37.50
GALE,$1.5,1440879069170,"789,696",89% bullish,of 47 ratings,$4
GALTW,NULL,1440879069194,0,100% bullish,of 1 rating,N/A
GPIC,$9.64,1440879069277,710,100% bearish,of 1 rating,N/A
GRMN,$37.99,1440879069333,"966,815",50% bullish,of 6 ratings,$46.50
GGAC,$9.89,1440879069378,"10,419",100% bearish,of 1 rating,N/A
GGACW,$0.14,1440879069438,"11,300",Not yet rated,NULL,N/A
GGACR,$0.3,1440879069470,"49,683",100% bullish,of 1 rating,N/A
GENC,$9.16,1440879069538,"11,573",100% bearish,of 1 rating,N/A
GARS,$14.21,1440879069568,"22,022",Not yet rated,NULL,$16
GGACU,$10.27,1440879069594,"22,044",Not yet rated,NULL,N/A
GNCMA,$16.99,1440879069666,"119,943",100% bearish,of 1 rating,$12
GFN,$3.95,1440879069755,"17,699",100% bearish,of 2 ratings,$8
GFNCP,$93.89,1440879069798,350,Not yet rated,NULL,N/A
GFNSL,$25.6,1440879069858,700,Not yet rated,NULL,N/A
GENE,$2.29,1440879069895,"182,762",100% bullish,of 12 ratings,N/A
GHDX,$27.75,1440879070027,"193,234",50% bullish,of 2 ratings,$30
GNMK,$10.02,1440879070054,"195,594",67% bullish,of 6 ratings,$14
GNCA,$12.21,1440879070079,"103,358",100% bearish,of 1 rating,$20
GNTX,$15.53,1440879070245,"1,032,543",Not yet rated,NULL,$20
GTWN,NULL,1440879070273,0,Not yet rated,NULL,N/A
GNVC,$2.51,1440879070304,"10,917",90% bullish,of 10 ratings,$8.50
THRM,$46.44,1440879070334,"366,550",75% bearish,of 4 ratings,$55.50
GEOS,$16.71,1440879070411,"121,126",100% bearish,of 3 ratings,$21
GABC,$29,1440879070436,"15,081",Not yet rated,NULL,$31
GERN,$3.23,1440879070465,"1,137,894",88% bullish,of 16 ratings,$5.25
GIGM,$0.5201,1440879070673,"76,762",100% bullish,of 2 ratings,N/A
GEVO,$2.33,1440879070707,"332,274",75% bullish,of 12 ratings,$5
GIGA,$1.42,1440879070728,"2,675",100% bearish,of 1 rating,N/A
ROCK,$16.51,1440879070761,"136,353",80% bullish,of 5 ratings,$24
GIII,$68.14,1440879070802,"175,109",67% bullish,of 3 ratings,$75
GILT,$4.3001,1440879070860,"1,700",50% bullish,of 2 ratings,N/A
GILD,$107.7,1440879070895,"5,969,671",91% bullish,of 87 ratings,$129
GBCI,$25.66,1440879070932,"245,507",50% bullish,of 2 ratings,$31
GLAD,$8.8,1440879070995,"171,130",50% bullish,of 2 ratings,$8.75
GLADO,$25.59,1440879071076,"1,700",Not yet rated,NULL,N/A
GOODO,$25,1440879071167,30,Not yet rated,NULL,N/A
GOODN,$25.407,1440879071194,400,Not yet rated,NULL,N/A
GOOD,$14.64,1440879071228,"72,029",Not yet rated,NULL,$19
GAINN,$25.01,1440879071328,"56,593",Not yet rated,NULL,N/A
GOODP,NULL,1440879071357,0,Not yet rated,NULL,N/A
GAIN,$7.47,1440879071385,"107,125",100% bullish,of 2 ratings,$8.25
GAINO,$25.1728,1440879071492,490,Not yet rated,NULL,N/A
GLBZ,NULL,1440879071523,0,Not yet rated,NULL,N/A
LAND,$9.16,1440879071555,"48,601",50% bullish,of 2 ratings,$13.75
GAINP,$25.9,1440879071576,620,Not yet rated,NULL,N/A
GBT,$44,1440879071658,"73,758",100% bearish,of 1 rating,N/A
GDEF,$10.53,1440879071704,600,Not yet rated,NULL,N/A
ENT,$11.77,1440879071729,"71,245",100% bearish,of 1 rating,$18
GBLI,$26.99,1440879071870,"11,669",Not yet rated,NULL,N/A
GPACU,NULL,1440879071895,0,Not yet rated,NULL,N/A
ACTX,NULL,1440879071952,0,100% bullish,of 1 rating,N/A
GSOL,$8.0275,1440879071977,"18,239",100% bearish,of 1 rating,N/A
QQQC,$19.67,1440879072036,"3,061",100% bearish,of 1 rating,N/A
SOCL,$17.82,1440879072137,"24,218",100% bullish,of 2 ratings,N/A
SRET,$13.25,1440879072164,"1,014",Not yet rated,NULL,N/A
YLCO,$11.95,1440879072210,"1,396",Not yet rated,NULL,N/A
ALTY,$14.44,1440879072239,600,Not yet rated,NULL,N/A
GAI,$5.9,1440879072346,"1,400",50% bullish,of 2 ratings,N/A
GBIM,$2.29,1440879072373,"19,199",50% bullish,of 2 ratings,N/A
GSM,$13.47,1440879072399,"403,698",50% bullish,of 2 ratings,$22
GLBS,NULL,1440879072420,0,67% bullish,of 3 ratings,N/A
GLRI,$1.01,1440879072547,"23,180",100% bearish,of 1 rating,$4.25
GLUU,$4.53,1440879072574,"786,373",92% bullish,of 26 ratings,$9
GOGO,$15.67,1440879072710,"431,299",80% bullish,of 5 ratings,$25
GLYC,$7.05,1440879072736,"16,674",50% bullish,of 2 ratings,$14
GLNG,$38.2739,1440879072762,"963,948",83% bullish,of 6 ratings,$58
GLDC,$4,1440879072816,"5,513",50% bullish,of 2 ratings,N/A
GMLP,$18.86,1440879072894,"223,814",50% bullish,of 4 ratings,$32.50
GDEN,$8.96,1440879072921,"13,852",50% bullish,of 2 ratings,N/A
GOOG,$632.69,1440879073048,"1,043,468",89% bullish,of 70 ratings,$825
GOGL,$3.14,1440879073110,"220,227",75% bullish,of 4 ratings,$5
GBDC,$16.66,1440879073130,"111,261",Not yet rated,NULL,$17.75
GOOGL,$659.9999,1440879073151,"1,027,271",88% bullish,of 1082 ratings,$749
GTIM,$7.03,1440879073189,"31,867",Not yet rated,NULL,$11.50
GMAN,$3.73,1440879073218,"210,604",60% bullish,of 5 ratings,$8.50
GPRO,$48.18,1440879073280,"3,256,396",78% bullish,of 58 ratings,$72
GPIA,$9.84,1440879073323,190,Not yet rated,NULL,N/A
GPIAU,NULL,1440879073456,0,Not yet rated,NULL,N/A
GPIAW,NULL,1440879073481,0,Not yet rated,NULL,N/A
LOPE,$37.48,1440879073615,"89,001",100% bearish,of 2 ratings,$50
GBSNU,NULL,1440879073643,0,NULL,NULL,NULL
GBSN,$0.38,1440879073664,"4,057,047",50% bullish,of 2 ratings,$8.25
GRVY,$3.16,1440879073697,125,50% bullish,of 2 ratings,N/A
GNBC,$11.86,1440879073718,"12,906",100% bearish,of 1 rating,$16.50
GLDD,$5.42,1440879073795,"86,319",100% bearish,of 4 ratings,$7.75
GSBC,$39.87,1440879073849,"19,620",100% bullish,of 1 rating,$44
GRBK,$11.95,1440879073938,"113,049",77% bullish,of 13 ratings,N/A
GPRE,$20.55,1440879073981,"1,091,427",67% bullish,of 6 ratings,$28.50
GPP,$13.7,1440879074012,"33,561",Not yet rated,NULL,$20.50
GCBC,NULL,1440879074033,0,100% bullish,of 1 rating,N/A
GRIF,$32.61,1440879074069,308,100% bearish,of 1 rating,N/A
GLRE,$24.99,1440879074111,"161,684",50% bullish,of 2 ratings,$41
GRFS,$30.5748,1440879074242,"206,103",50% bullish,of 2 ratings,$35
OMAB,$40.81,1440879074322,"12,578",100% bullish,of 1 rating,$44
GGAL,$19.4858,1440879074348,"118,461",80% bullish,of 5 ratings,$40
GRPN,$4.6,1440879074369,"5,953,989",61% bullish,of 71 ratings,$6.75
GSIG,$12.99,1440879074400,"26,470",100% bearish,of 2 ratings,N/A
GTXI,$0.874,1440879074575,"20,930",100% bullish,of 5 ratings,$.75
GSVC,$8.72,1440879074604,"82,010",50% bullish,of 2 ratings,$14.50
GSIT,$4.62,1440879074625,"8,389",100% bearish,of 1 rating,N/A
GBNK,$15.79,1440879074665,"18,291",100% bearish,of 1 rating,$18
GFED,$14.67,1440879074686,779,Not yet rated,NULL,$17
GULTU,$0.3001,1440879074753,"1,330,535",100% bearish,of 1 rating,N/A
GUID,$7.28,1440879074778,"42,026",100% bearish,of 3 ratings,$10
GIFI,$12.46,1440879074851,"46,325",100% bearish,of 1 rating,$16
GPOR,$35.04,1440879074987,"1,494,164",75% bullish,of 4 ratings,$55
GURE,$1.67,1440879075043,"85,776",88% bullish,of 8 ratings,N/A
GWGH,$7.74,1440879075116,"1,171",100% bearish,of 1 rating,$15.05
GWPH,$109.33,1440879075147,"112,738",78% bullish,of 9 ratings,$148.50
GYRO,$2.84,1440879075181,"6,150",100% bearish,of 1 rating,N/A
HLG,$9.5,1440879075207,"2,247",100% bearish,of 1 rating,N/A
HEES,$18.69,1440879075246,"314,064",67% bearish,of 3 ratings,$31
HNRG,$7.69,1440879075377,"67,708",100% bearish,of 1 rating,$10
HBK,$13.67,1440879075403,713,50% bullish,of 2 ratings,N/A
HALL,$11.41,1440879075451,"17,778",Not yet rated,NULL,N/A
HALO,$18.41,1440879075535,"771,518",67% bullish,of 3 ratings,$22.50
HBHC,$27.4,1440879075566,"558,474",50% bullish,of 2 ratings,$30
HMPR,$1.87,1440879075588,"27,659",100% bullish,of 1 rating,N/A
HNH,$25.45,1440879075667,"17,110",100% bullish,of 1 rating,N/A
HBHCL,$24.39,1440879075725,"26,203",Not yet rated,NULL,N/A
HAFC,$23.98,1440879075808,"109,880",100% bullish,of 2 ratings,$28.50
HNSN,$0.56,1440879075866,"56,801",88% bullish,of 8 ratings,$.40
HDNG,$10.04,1440879075938,"11,625",50% bullish,of 4 ratings,N/A
HLIT,$5.79,1440879075971,"246,263",100% bearish,of 1 rating,$6.50
HQCL,$12.9,1440879075992,"30,828",67% bullish,of 3 ratings,$14
HRMN,NULL,1440879076023,0,Not yet rated,NULL,N/A
HRMNU,NULL,1440879076072,0,Not yet rated,NULL,N/A
HART,$1.04,1440879076292,"103,690",100% bearish,of 1 rating,N/A
HRMNW,NULL,1440879076338,0,Not yet rated,NULL,N/A
HCAP,$12.15,1440879076390,"4,513",50% bullish,of 2 ratings,$15
HCAPL,$25.7399,1440879076415,400,Not yet rated,NULL,N/A
HAS,$75.51,1440879076557,"715,928",63% bullish,of 8 ratings,$84.50
TINY,$2.48,1440879076636,"19,385",50% bullish,of 2 ratings,$5.26
HA,$22.91,1440879076684,"540,918",67% bullish,of 9 ratings,$27
HWBK,$13.24,1440879076710,100,100% bearish,of 1 rating,N/A
HCOM,$21.82,1440879076731,"31,985",100% bearish,of 1 rating,$28
HWKN,$37.33,1440879076769,"28,446",Not yet rated,NULL,N/A
HAYN,$38.31,1440879076790,"42,900",100% bearish,of 1 rating,$59
HBIO,$4.28,1440879076811,"35,954",100% bearish,of 1 rating,$10
HDS,$33.233,1440879076950,"1,196,925",100% bearish,of 2 ratings,$39.50
HIIQ,$5.17,1440879076981,"32,371",50% bullish,of 2 ratings,$7
HQY,$29.51,1440879077115,"115,451",67% bullish,of 3 ratings,$32
HCSG,$33.32,1440879077157,"191,852",50% bullish,of 4 ratings,$35
HWAY,$11.95,1440879077214,"278,697",100% bearish,of 1 rating,$15
HSTM,$25.36,1440879077299,"85,370",50% bullish,of 2 ratings,$33.75
HTBX,$5.16,1440879077325,"3,070",50% bullish,of 2 ratings,$15.50
HTWR,$86.25,1440879077375,"147,034",50% bullish,of 2 ratings,$103
HTLF,$35.88,1440879077400,"18,551",100% bullish,of 1 rating,$39.50
HTLD,$20.55,1440879077421,"341,001",Not yet rated,NULL,$22.50
HELE,$85.56,1440879077460,"103,241",67% bearish,of 3 ratings,$100
HSII,$19.62,1440879077485,"52,553",100% bullish,of 3 ratings,$25
HMNY,$2.19,1440879077568,300,100% bearish,of 1 rating,N/A
HCACU,$9.98,1440879077712,"100,000",Not yet rated,NULL,N/A
HNNA,$24.865,1440879077742,"10,548",Not yet rated,NULL,N/A
HMTV,$13.72,1440879077802,"12,932",100% bearish,of 1 rating,$16
HERO,NULL,1440879077843,0,NULL,NULL,NULL
HSIC,$139.4,1440879077868,"342,416",83% bullish,of 6 ratings,$146
HFWA,$17.59,1440879077941,"71,544",100% bullish,of 1 rating,$20
MLHR,$26.99,1440879078044,"310,038",50% bullish,of 2 ratings,$33.50
HTBK,$10.63,1440879078077,"33,812",Not yet rated,NULL,$12
HCCI,$11.25,1440879078098,"42,055",100% bearish,of 1 rating,$16.50
HEOP,$7.66,1440879078133,"15,820",Not yet rated,NULL,$8.50
HRTX,$35.46,1440879078171,"219,447",67% bullish,of 6 ratings,$41
HSKA,$33.74,1440879078229,"20,659",100% bearish,of 1 rating,$38
HIBB,$38.87,1440879078276,"223,423",100% bearish,of 1 rating,$46.50
HFFC,$15.77,1440879078302,"5,478",Not yet rated,NULL,N/A
HPJ,$2.21,1440879078430,"29,621",75% bullish,of 4 ratings,$12.43
HIHO,$3.81,1440879078460,"6,096",Not yet rated,NULL,N/A
HIMX,$6.906,1440879078602,"915,996",86% bullish,of 21 ratings,$8.50
HSGX,$6.05,1440879078702,"3,574",100% bearish,of 1 rating,$17
HMNF,$11.32,1440879078729,"2,016",Not yet rated,NULL,N/A
HIFS,$115.91,1440879078757,"1,151",Not yet rated,NULL,N/A
HMSY,$10.47,1440879078782,"809,768",67% bullish,of 3 ratings,$19.35
HOLI,$17.78,1440879078810,"94,603",50% bullish,of 4 ratings,$27
HOLX,$39.76,1440879078859,"1,449,945",67% bullish,of 3 ratings,$42
HBCP,$24.71,1440879078949,"2,436",Not yet rated,NULL,$29
HFBL,$21.62,1440879079077,536,Not yet rated,NULL,N/A
HOMB,$37.97,1440879079107,"222,036",Not yet rated,NULL,$42
HMIN,$26.7,1440879079140,"59,584",100% bearish,of 2 ratings,$35
AWAY,$29.19,1440879079160,"431,994",67% bullish,of 3 ratings,$36
HMST,$21.84,1440879079209,"74,855",100% bullish,of 2 ratings,$27
HTBI,$18.18,1440879079238,"26,626",67% bullish,of 3 ratings,$18.625
HKTV,$4.76,1440879079339,200,100% bearish,of 1 rating,N/A
HFBC,$11.22,1440879079482,"3,150",Not yet rated,NULL,N/A
HBNC,$23.57,1440879079509,"12,027",100% bullish,of 1 rating,$27
CETC,$0.76,1440879079530,"165,443",86% bullish,of 7 ratings,N/A
HZNP,$30.48,1440879079560,"1,069,487",85% bullish,of 20 ratings,$40
HOFT,$23.78,1440879079585,"18,879",100% bearish,of 1 rating,N/A
HRZN,$10.33,1440879079723,"33,944",50% bullish,of 2 ratings,$14.25
ZINC,$7.85,1440879079750,"597,280",100% bearish,of 1 rating,$17
HDP,$24.18,1440879079770,"194,225",67% bearish,of 3 ratings,$30.50
HMHC,$22.7,1440879079811,"467,940",Not yet rated,NULL,$27
HOVNP,$4.54,1440879079901,"1,000",100% bearish,of 1 rating,N/A
HWCC,$7.5,1440879079926,"82,097",100% bearish,of 1 rating,$9
HSNI,$62.38,1440879079953,"170,632",Not yet rated,NULL,$80
HBMD,$14.24,1440879079989,809,100% bearish,of 1 rating,N/A
HTGM,$5.69,1440879080117,"4,024",100% bearish,of 1 rating,$19.50
HUBG,$37.06,1440879080144,"387,683",100% bearish,of 1 rating,$43
HDSN,$3.11,1440879080282,"27,087",100% bullish,of 1 rating,$6.25
HURC,$30.35,1440879080313,"11,794",100% bearish,of 1 rating,N/A
HSON,$2.55,1440879080341,"22,082",100% bearish,of 1 rating,$5
HBAN,$10.91,1440879080366,"5,203,375",76% bullish,of 17 ratings,$12.29
HBANP,NULL,1440879080391,0,100% bearish,of 1 rating,N/A
HCBK,$9.36,1440879080416,"1,263,712",83% bullish,of 6 ratings,$8.61
HBP,$3.11,1440879080550,"3,775",100% bullish,of 1 rating,N/A
HURN,$73.36,1440879080577,"75,680",50% bullish,of 2 ratings,$80
HDRA,NULL,1440879080632,0,Not yet rated,NULL,N/A
HDRAR,NULL,1440879080706,0,Not yet rated,NULL,N/A
HTCH,$1.56,1440879080733,"94,983",100% bearish,of 1 rating,$3.50
HDRAW,NULL,1440879080758,0,Not yet rated,NULL,N/A
HDRAU,NULL,1440879080783,0,Not yet rated,NULL,N/A
HYGS,$9.55,1440879080956,"29,871",50% bullish,of 2 ratings,$13
IDSY,$3.91,1440879080981,"6,108",100% bearish,of 1 rating,$7
IACI,$71.44,1440879081048,"445,254",75% bullish,of 4 ratings,$90
IKGH,$1.8,1440879081074,"10,231",75% bullish,of 4 ratings,N/A
ICAD,$3.9,1440879081127,"83,344",100% bullish,of 2 ratings,$7.25
IBKC,$60.36,1440879081154,"111,938",100% bullish,of 1 rating,$70
IEP,$74.24,1440879081179,"59,662",75% bullish,of 4 ratings,$99
ICFI,$34.04,1440879081212,"48,356",50% bullish,of 2 ratings,$48.50
ICLR,$77.9507,1440879081318,"266,641",100% bearish,of 3 ratings,$85
ICUI,$113.92,1440879081451,"46,176",Not yet rated,NULL,$122
ICON,$13.52,1440879081481,"466,663",50% bullish,of 2 ratings,$18.50
IPWR,$7.28,1440879081504,"4,444",100% bullish,of 1 rating,$15
INVE,$4.4,1440879081525,"78,490",75% bullish,of 4 ratings,$4
IDXX,$73.21,1440879081581,"346,348",100% bearish,of 1 rating,$77
DSKY,$10.9914,1440879081664,"128,718",67% bullish,of 6 ratings,$11.50
IDRA,$2.94,1440879081697,"601,938",89% bullish,of 9 ratings,$6.50
IRG,$4.78,1440879081795,"23,310",100% bearish,of 1 rating,$4.25
IROQ,$16.7,1440879081827,300,100% bullish,of 1 rating,N/A
IIVI,$16.89,1440879081861,"155,141",100% bearish,of 1 rating,$22
KANG,$15.8182,1440879081930,"226,303",50% bullish,of 2 ratings,$22.55
IKAN,$2.72,1440879081957,"4,738",83% bullish,of 6 ratings,$5
RXDX,$13.82,1440879081978,"155,513",100% bullish,of 1 rating,$20
ILMN,$201.49,1440879082120,"782,267",80% bullish,of 5 ratings,$245
IKNX,NULL,1440879082147,0,100% bearish,of 1 rating,N/A
ISNS,$4,1440879082177,"15,572",50% bullish,of 2 ratings,N/A
ICCC,$7.21,1440879082282,"13,479",100% bullish,of 1 rating,N/A
IMMR,$11.81,1440879082307,"72,756",80% bullish,of 5 ratings,$15.50
IMNP,$1.36,1440879082335,"30,681",50% bullish,of 2 ratings,$6
IMDZ,$16.61,1440879082356,"27,500",100% bearish,of 1 rating,$33
IMGN,$14.28,1440879082495,"955,380",75% bullish,of 4 ratings,$17.50
IMMU,$2.16,1440879082524,"704,998",86% bullish,of 7 ratings,$2
IPXL,$42.4,1440879082545,"457,825",67% bullish,of 3 ratings,$46.50
INCR,$42.01,1440879082674,"221,716",50% bullish,of 2 ratings,$53
IMMY,$7.69,1440879082699,"4,471",100% bearish,of 1 rating,$11
SAAS,$7.64,1440879082724,"242,260",50% bullish,of 2 ratings,$15
INCY,$120.44,1440879082752,"1,092,792",50% bullish,of 6 ratings,$125.50
INDB,$44.5,1440879082882,"202,363",Not yet rated,NULL,$44
IBTX,$41.49,1440879082914,"14,876",100% bullish,of 2 ratings,$47.25
IBCP,$14.16,1440879082985,"93,148",100% bullish,of 1 rating,$14.50
INFN,$22.29,1440879083018,"1,022,680",71% bullish,of 7 ratings,$28
IDSA,$3.6,1440879083038,"2,730",Not yet rated,NULL,N/A
IPCC,$77.31,1440879083093,"22,807",Not yet rated,NULL,$77.50
INFI,$9.28,1440879083121,"337,361",50% bullish,of 4 ratings,$18
III,$3.89,1440879083226,"95,856",57% bullish,of 7 ratings,$6
IFON,$1.21,1440879083253,"24,493",75% bullish,of 4 ratings,N/A
INNL,$12.78,1440879083383,"1,348",100% bearish,of 1 rating,$16.50
IMKTA,$50.28,1440879083409,"51,886",100% bearish,of 1 rating,N/A
INWK,$7.09,1440879083430,"56,331",50% bullish,of 2 ratings,$10
INOD,$2.38,1440879083461,"4,694",100% bearish,of 1 rating,N/A
IOSP,$48.17,1440879083682,"185,737",100% bearish,of 1 rating,N/A
ISSC,$2.78,1440879083714,"4,200",67% bearish,of 3 ratings,N/A
ITEK,$12.15,1440879083744,"249,011",100% bearish,of 3 ratings,$20
IPHS,$48.24,1440879083769,"75,518",100% bearish,of 1 rating,$60
INO,$7.75,1440879083794,"1,636,416",89% bullish,of 18 ratings,$20
INOV,$21.73,1440879083823,"735,420",100% bearish,of 1 rating,$33
INGN,$49.78,1440879083848,"219,266",100% bearish,of 1 rating,$50.50
NSIT,$25.8,1440879084059,"111,626",50% bullish,of 2 ratings,N/A
INSM,$25.69,1440879084090,"271,347",71% bullish,of 7 ratings,$31.50
ISIG,$2.71,1440879084110,"10,879",100% bearish,of 1 rating,N/A
PODD,$29.71,1440879084191,"209,947",67% bearish,of 3 ratings,$35
IIIN,$17.07,1440879084245,"16,380",100% bearish,of 2 ratings,N/A
INSY,$33.83,1440879084271,"270,702",75% bullish,of 4 ratings,$48
NTEC,$5.75,1440879084292,"8,105",100% bearish,of 1 rating,N/A
IDTI,$19.09,1440879084439,"1,457,438",60% bullish,of 5 ratings,$25
IESC,$7.02,1440879084526,"2,580",100% bearish,of 1 rating,N/A
INTC,$28.41,1440879084568,"25,692,266",82% bullish,of 238 ratings,$36
IART,$60.79,1440879084599,"177,967",100% bearish,of 2 ratings,$71.50
IQNT,$18.59,1440879084620,"151,264",86% bullish,of 7 ratings,$20
ISSI,$21.94,1440879084641,"133,663",67% bullish,of 3 ratings,$19.75
IPCI,$2.31,1440879084702,"76,615",67% bullish,of 6 ratings,$8
IPAR,$25.63,1440879084788,"79,920",67% bullish,of 3 ratings,$38
IBKR,$40.2881,1440879084842,"605,394",100% bullish,of 1 rating,N/A
ININ,$36.15,1440879084922,"85,150",67% bearish,of 3 ratings,$57
ICLD,$1.85,1440879084950,"103,348",75% bullish,of 4 ratings,N/A
ICPT,$189.4643,1440879084971,"96,157",70% bullish,of 10 ratings,$359.50
ICLDW,NULL,1440879085000,0,100% bearish,of 1 rating,N/A
IDCC,$48,1440879085130,"175,555",80% bullish,of 5 ratings,$63
IMI,$2.13,1440879085266,"10,493",67% bullish,of 3 ratings,$2.22
INAP,$8.05,1440879085301,"239,819",75% bullish,of 4 ratings,$11
IBOC,$25.15,1440879085322,"154,160",100% bearish,of 1 rating,N/A
TILE,$23.94,1440879085343,"431,058",100% bearish,of 3 ratings,$27
IGLD,$6.97,1440879085386,400,50% bullish,of 2 ratings,N/A
PTNT,$2.91,1440879085412,"2,723",Not yet rated,NULL,N/A
ISCA,$31.97,1440879085481,"101,605",100% bearish,of 1 rating,N/A
IIJI,$10,1440879085508,40,50% bullish,of 2 ratings,$11.50
INTX,$2.03,1440879085675,"97,223",67% bullish,of 3 ratings,N/A
INPH,$0.32,1440879085702,"162,928",50% bullish,of 2 ratings,N/A
IILG,$19.97,1440879085843,"103,268",100% bearish,of 1 rating,$29
XENT,$25.35,1440879085873,"141,556",50% bullish,of 2 ratings,$36.50
ISIL,$10.61,1440879085894,"483,071",50% bullish,of 6 ratings,$15
IVAC,$4.86,1440879085927,"23,655",100% bearish,of 1 rating,$6.625
INTLL,$26.09,1440879086027,850,Not yet rated,NULL,N/A
INTL,$25.81,1440879086054,"62,769",67% bearish,of 3 ratings,N/A
ITCI,$26.96,1440879086084,"275,633",75% bearish,of 4 ratings,$40
INTU,$86.21,1440879086181,"1,895,063",86% bullish,of 7 ratings,$107.50
ISRG,$514.24,1440879086210,"95,903",67% bullish,of 3 ratings,$600
IIN,$6.39,1440879086237,"2,100",100% bearish,of 1 rating,$12
INVT,$0.303,1440879086258,"213,959",67% bullish,of 3 ratings,N/A
SNAK,$8.68,1440879086386,"102,749",50% bullish,of 2 ratings,$14
ISTR,$15.6,1440879086413,841,100% bearish,of 1 rating,$18.50
ISBC,$11.75,1440879086483,"972,204",100% bullish,of 1 rating,$13.25
ITIC,$71.15,1440879086587,"1,300",100% bearish,of 2 ratings,N/A
NVIV,$9.66,1440879086615,"133,271",50% bullish,of 4 ratings,$24.50
IPAS,$1.09,1440879086763,"49,183",67% bullish,of 3 ratings,N/A
DTUL,NULL,1440879086798,0,Not yet rated,NULL,N/A
IVTY,$14.61,1440879086851,"17,056",Not yet rated,NULL,$18
IPCM,$79.44,1440879086896,"119,808",50% bullish,of 2 ratings,$80.125
DFVL,NULL,1440879086921,0,Not yet rated,NULL,N/A
IRMD,$25.04,1440879086952,"11,245",67% bearish,of 3 ratings,$25
IRIX,$6.89,1440879086972,"7,546",100% bearish,of 1 rating,N/A
IPGP,$85.88,1440879087004,"250,042",100% bearish,of 2 ratings,$109.50
IRDMB,$279.5,1440879087157,320,67% bearish,of 3 ratings,N/A
IRDM,$7.18,1440879087182,"400,499",60% bullish,of 5 ratings,$11.50
IRBT,$29.29,1440879087257,"166,490",67% bullish,of 6 ratings,$37
IRCP,NULL,1440879087317,0,100% bullish,of 2 ratings,N/A
COMT,$33.62,1440879087390,"23,140",100% bearish,of 1 rating,N/A
FCHI,NULL,1440879087452,0,NULL,NULL,NULL
IRWD,$11.27,1440879087523,"1,082,384",100% bearish,of 1 rating,$13
IFAS,NULL,1440879087551,0,NULL,NULL,NULL
GNMA,$50.32,1440879087577,"3,187",Not yet rated,NULL,N/A
IFGL,$28.61,1440879087652,"191,698",Not yet rated,NULL,N/A
IFNA,NULL,1440879087677,0,NULL,NULL,NULL
IFEU,$37.74,1440879087707,"4,879",Not yet rated,NULL,N/A
ACWX,$41.04,1440879087810,"692,879",100% bearish,of 1 rating,N/A
AAXJ,$53.8559,1440879087862,"3,183,887",Not yet rated,NULL,N/A
ACWI,$56.3,1440879087891,"1,578,362",Not yet rated,NULL,N/A
AXJS,NULL,1440879087995,0,NULL,NULL,NULL
EEME,NULL,1440879088104,0,NULL,NULL,NULL
AAIT,NULL,1440879088134,0,NULL,NULL,NULL
EEMA,$50.47,1440879088160,"37,087",Not yet rated,NULL,N/A
EMDI,NULL,1440879088208,0,NULL,NULL,NULL
EMEY,NULL,1440879088236,0,NULL,NULL,NULL
EGRW,NULL,1440879088255,0,NULL,NULL,NULL
EEML,$27.61,1440879088286,"9,700",Not yet rated,NULL,N/A
EVAL,NULL,1440879088336,0,NULL,NULL,NULL
UAE,$18.63,1440879088676,"11,900",Not yet rated,NULL,N/A
IBB,$353.28,1440879088707,"853,689",63% bullish,of 8 ratings,N/A
IEUS,$45.4,1440879088732,"5,456",100% bearish,of 1 rating,N/A
QAT,$21.6,1440879088762,600,Not yet rated,NULL,N/A
EMIF,$28.87,1440879088792,"8,923",Not yet rated,NULL,N/A
EUFN,$21.85,1440879088813,"73,493",100% bearish,of 1 rating,N/A
SOXX,$83.25,1440879088894,"380,264",50% bullish,of 2 ratings,N/A
ICLN,$9.6,1440879089049,"14,518",50% bullish,of 2 ratings,N/A
INDY,$27.63,1440879089080,"140,732",50% bullish,of 2 ratings,N/A
WOOD,$48.3,1440879089102,"23,260",50% bullish,of 2 ratings,N/A
ISIS,$51.5999,1440879089141,"782,005",53% bullish,of 15 ratings,$67
ISHG,$79.35,1440879089178,"9,098",100% bearish,of 1 rating,N/A
ISRL,$131.04,1440879089240,465,100% bearish,of 1 rating,N/A
IGOV,$90.85,1440879089260,"16,643",100% bearish,of 1 rating,N/A
ISLE,$17.63,1440879089337,"140,146",50% bullish,of 4 ratings,$16
ITRI,$30.03,1440879089431,"194,687",100% bearish,of 1 rating,$37
XXIA,$15.17,1440879089593,"472,050",71% bullish,of 7 ratings,$14.625
ITRN,$24.11,1440879089621,"1,416",50% bullish,of 2 ratings,N/A
ITUS,$4.03,1440879089641,"7,850",Not yet rated,NULL,N/A
IXYS,$11.14,1440879089772,"103,762",50% bullish,of 4 ratings,N/A
MAYS,$55.95,1440879089801,100,Not yet rated,NULL,N/A
JJSF,$114.72,1440879089822,"29,311",100% bearish,of 1 rating,N/A
JCOM,$69.71,1440879089843,"185,842",100% bullish,of 2 ratings,$77
JBHT,$73.51,1440879089863,"554,190",50% bullish,of 4 ratings,$89.50
JKHY,$68.7938,1440879089996,"214,469",50% bullish,of 2 ratings,$72
JASO,$7.9,1440879090026,"747,475",82% bullish,of 17 ratings,$10
JACK,$81.77,1440879090047,"189,732",83% bullish,of 6 ratings,$105
JAGX,$3.44,1440879090199,"8,574",Not yet rated,NULL,N/A
JAXB,$13.31,1440879090225,90,100% bullish,of 1 rating,N/A
JXSB,NULL,1440879090245,0,Not yet rated,NULL,N/A
JAKK,$9.42,1440879090432,"492,606",60% bearish,of 5 ratings,$11
JASN,$4.93,1440879090457,"23,503",50% bullish,of 2 ratings,$9.50
JRVR,$26.79,1440879090526,"37,791",Not yet rated,NULL,$32
JMBA,$13.95,1440879090554,"91,223",75% bullish,of 4 ratings,$18
ERW,NULL,1440879090601,0,Not yet rated,NULL,N/A
JD,$26.77,1440879090629,"4,905,314",75% bullish,of 16 ratings,$36
JAZZ,$171.501,1440879090661,"167,566",80% bullish,of 15 ratings,$206.50
JBLU,$22.25,1440879090694,"2,629,199",94% bullish,of 18 ratings,$27
JASNW,NULL,1440879090760,0,50% bullish,of 2 ratings,N/A
JTPY,$2.95,1440879090788,100,100% bearish,of 1 rating,N/A
JCTCF,NULL,1440879090929,0,100% bullish,of 1 rating,N/A
JST,$3.98,1440879090954,"7,252",75% bullish,of 4 ratings,N/A
WYIGU,$10.2,1440879091102,6,Not yet rated,NULL,N/A
JIVE,$4.51,1440879091128,"258,687",75% bullish,of 4 ratings,$5
JOEZ,$0.17,1440879091158,"97,593",92% bullish,of 12 ratings,N/A
DATE,$5.92,1440879091179,"93,636",75% bullish,of 4 ratings,$9
JNP,$10.93,1440879091256,"25,559",100% bullish,of 3 ratings,$15
JUNO,$38.06,1440879091318,"681,045",73% bullish,of 11 ratings,$71.50
JBSS,$54.48,1440879091348,"71,680",67% bearish,of 3 ratings,N/A
JOUT,$23.41,1440879091378,"5,196",100% bearish,of 1 rating,$34
KTWO,$21.65,1440879091475,"84,969",100% bearish,of 1 rating,$28.50
KALU,$83.24,1440879091503,"129,573",67% bearish,of 3 ratings,$91
KBIO,$2.01,1440879091636,"19,373",50% bullish,of 4 ratings,N/A
KNDI,$6.72,1440879091663,"254,671",86% bullish,of 22 ratings,N/A
KMDA,$3.48,1440879091688,"19,288",50% bullish,of 2 ratings,$8
KCLI,$46.85,1440879091744,"26,651",Not yet rated,NULL,N/A
