Symbol,Price,Date,Volume,Rating,RatingVoteCount,OneYearEstimate
FCCY,$11.72,1440706502780,320,100% bullish,of 1 rating,$13
FLWS,$8.4299,1440706502836,"1,276,576",80% bullish,of 5 ratings,$15
TFSC,NULL,1440706502868,0,100% bearish,of 1 rating,N/A
TFSCU,NULL,1440706502889,0,Not yet rated,NULL,N/A
PIH,$7.71,1440706502915,"10,100",100% bearish,of 1 rating,N/A
TFSCR,NULL,1440706502939,0,Not yet rated,NULL,N/A
TFSCW,NULL,1440706502968,0,100% bearish,of 1 rating,N/A
SRCE,$29.3829,1440706503105,"38,619",100% bullish,of 3 ratings,$33
FCTY,$7.76,1440706503141,"2,814",100% bullish,of 1 rating,$8.50
VNET,$17.97,1440706503174,"959,935",60% bullish,of 5 ratings,$29.50
USLV,$12.09,1440706503239,"326,871",86% bullish,of 7 ratings,N/A
UGLD,$9.05,1440706503268,"996,913",100% bearish,of 1 rating,N/A
DSLV,$71.67,1440706503311,"16,710",100% bearish,of 1 rating,N/A
TWOU,$35.031,1440706503400,"181,388",50% bullish,of 2 ratings,$39
JOBS,$26.9096,1440706503534,"345,041",50% bullish,of 4 ratings,$36
DGLD,$83.29,1440706503558,"25,064",100% bullish,of 1 rating,N/A
EGHT,$7.8258,1440706503760,"406,844",82% bullish,of 17 ratings,$11
SIXD,$2.88,1440706503785,"175,357",Not yet rated,NULL,N/A
CAFD,$14.31,1440706503846,"609,473",Not yet rated,NULL,$25
AVHI,$13.69,1440706503917,"110,311",100% bearish,of 1 rating,$19
AAON,$20.73,1440706503971,"104,673",100% bearish,of 1 rating,$24
SHLM,$33.76,1440706503997,"95,226",100% bearish,of 1 rating,$47
ABAX,$47.16,1440706504074,"120,888",100% bearish,of 1 rating,$60
ABY,$21.6163,1440706504127,"416,580",100% bearish,of 2 ratings,$46
ABEO,$4.7,1440706504155,"55,657",50% bullish,of 4 ratings,$15.50
ABGB,$5.64,1440706504230,"215,632",67% bullish,of 3 ratings,$5.50
ABEOW,$1.72,1440706504321,"1,765",100% bullish,of 1 rating,N/A
ABMD,$98.2013,1440706504359,"350,000",75% bullish,of 4 ratings,$100.50
AXAS,$1.86,1440706504384,"1,192,962",78% bullish,of 9 ratings,$3.50
ACTG,$9.33,1440706504516,"237,601",67% bullish,of 3 ratings,$18.50
ANCX,$19.58,1440706504740,"18,729",Not yet rated,NULL,$20
ACAD,$37.8923,1440706504776,"790,378",80% bullish,of 20 ratings,$48
AXDX,$18.59,1440706504797,"132,580",100% bearish,of 1 rating,N/A
ACHC,$74.3,1440706504831,"693,007",50% bullish,of 2 ratings,$92
ACST,$0.339,1440706504872,"38,840",100% bullish,of 2 ratings,N/A
ARAY,$6.44,1440706504902,"788,736",100% bearish,of 1 rating,$10.50
XLRN,$28.5,1440706504928,"123,528",50% bullish,of 2 ratings,$57
VXDN,$1.91,1440706504971,"79,592",100% bearish,of 1 rating,N/A
ACRX,$4.31,1440706505122,"174,135",67% bearish,of 6 ratings,$5.50
ACET,$22.5309,1440706505233,"133,598",75% bullish,of 4 ratings,$30
VXUP,$1.53,1440706505262,"50,677",100% bearish,of 1 rating,N/A
AKAO,$6.65,1440706505287,"55,372",75% bullish,of 4 ratings,$15
ACIW,$20.9376,1440706505363,"613,598",67% bearish,of 3 ratings,$24
ACHN,$7.51,1440706505419,"1,727,061",90% bullish,of 21 ratings,$16
ACOR,$31.3201,1440706505551,"668,795",67% bearish,of 3 ratings,$38.50
ACNB,$19.82,1440706505581,"3,126",Not yet rated,NULL,N/A
ACTS,$1.62,1440706505684,"51,641",100% bearish,of 1 rating,N/A
ATVI,$27.8724,1440706505716,"4,124,850",68% bullish,of 84 ratings,$31.50
ACTA,$13.09,1440706505741,"100,372",67% bearish,of 3 ratings,$25
ACXM,$20.7284,1440706505791,"310,751",67% bullish,of 3 ratings,N/A
ACPW,$1.8,1440706505826,"13,406",100% bullish,of 4 ratings,$3.50
ACUR,$0.549,1440706505926,"118,162",100% bullish,of 5 ratings,$1
ADMS,$20.06,1440706506092,"44,561",100% bearish,of 2 ratings,$36
ADMP,$3.64,1440706506117,"15,859",50% bullish,of 2 ratings,$10
ADAP,$11.28,1440706506163,"47,580",67% bullish,of 3 ratings,$22
ADUS,$28.51,1440706506296,"36,454",100% bearish,of 1 rating,$31
AEY,$2.37,1440706506326,"7,215",100% bearish,of 2 ratings,N/A
ADEP,$6.79,1440706506379,"19,627",50% bullish,of 2 ratings,$10.75
ADMA,$9.25,1440706506431,"6,150",Not yet rated,NULL,$19
ADTN,$15.63,1440706506456,"262,569",67% bullish,of 3 ratings,$17.125
ADRO,$21.81,1440706506481,"183,949",80% bullish,of 5 ratings,$45.50
ADBE,$78.79,1440706506525,"2,605,643",65% bullish,of 17 ratings,$90
AEIS,$24.5198,1440706506621,"151,821",50% bullish,of 2 ratings,$32.50
AMD,$1.78,1440706506728,"8,246,799",83% bullish,of 103 ratings,$2
ADXS,$14.5915,1440706506812,"688,729",64% bullish,of 14 ratings,$27
ADXSW,$10.3,1440706506859,"7,480",100% bullish,of 1 rating,N/A
MULT,$22.9,1440706506954,100,100% bearish,of 1 rating,N/A
YPRO,$22.99,1440706507087,113,100% bearish,of 1 rating,N/A
AEGN,$18.03,1440706507140,"119,000",100% bearish,of 2 ratings,$21
AEGR,$17.7458,1440706507161,"367,812",50% bullish,of 6 ratings,$26
AVAV,$23.9011,1440706507244,"83,987",50% bullish,of 4 ratings,$31
AMTX,$2.73,1440706507290,"29,307",50% bullish,of 2 ratings,$26.11
AEPI,$54.4,1440706507323,"9,256",100% bearish,of 1 rating,N/A
AERI,$16.4071,1440706507349,"496,067",75% bullish,of 4 ratings,$31.50
AEHR,$2.26,1440706507377,"2,050",50% bullish,of 2 ratings,N/A
AEZS,$0.0855,1440706507419,"7,062,749",90% bullish,of 21 ratings,$1.50
AEMD,$7.15,1440706507508,"176,485",Not yet rated,NULL,$27.50
AFFX,$9.5627,1440706507643,"429,073",80% bullish,of 5 ratings,$12
AFMD,$10.1952,1440706507741,"89,702",50% bullish,of 4 ratings,$15
AGEN,$6.91,1440706507844,"629,230",85% bullish,of 13 ratings,$14
AGRX,$8.43,1440706507889,"16,029",100% bearish,of 1 rating,$17.50
AGIO,$89.9225,1440706508023,"285,930",88% bullish,of 8 ratings,$114
AGFS,$10.1908,1440706508050,"34,412",100% bearish,of 1 rating,N/A
AGYS,$9.8,1440706508077,"25,366",100% bearish,of 1 rating,N/A
AGFSW,$2,1440706508106,"17,600",100% bearish,of 2 ratings,N/A
AIMT,$21.35,1440706508131,"49,058",Not yet rated,NULL,N/A
AIRM,$36.8069,1440706508179,"215,556",80% bearish,of 5 ratings,$53
AIRT,$22.71,1440706508315,536,100% bullish,of 1 rating,N/A
ATSG,$8.8505,1440706508356,"129,874",67% bullish,of 3 ratings,$13
AKAM,$70.0705,1440706508410,"1,338,042",63% bullish,of 8 ratings,$77
AMCN,$4.59,1440706508436,"412,688",83% bullish,of 6 ratings,N/A
AIXG,$6.02,1440706508457,"25,723",67% bearish,of 3 ratings,$5.25
AKBA,$6.47,1440706508610,"111,721",100% bearish,of 1 rating,$18
ALSK,$2.04,1440706508792,"158,320",78% bullish,of 18 ratings,$2
AKER,$2.79,1440706508819,"5,892",Not yet rated,NULL,N/A
AKRX,$41.21,1440706508839,"793,749",78% bullish,of 9 ratings,$56
ALRM,$16.9,1440706508875,"57,187",100% bearish,of 1 rating,$22
AMRI,$19.96,1440706508896,"130,864",75% bearish,of 4 ratings,$24
ALDR,$38.6232,1440706508971,"250,162",67% bearish,of 3 ratings,$62
ALDX,$6.85,1440706509105,"7,841",100% bearish,of 1 rating,$14.50
ABDC,$12.21,1440706509207,"91,352",Not yet rated,NULL,$15
ADHD,$7.76,1440706509254,"137,797",50% bullish,of 4 ratings,$18
ALCO,$42.3,1440706509341,"4,136",50% bullish,of 2 ratings,N/A
ALXN,$177.4261,1440706509368,"1,190,008",88% bullish,of 8 ratings,$223
ALXA,$1.18,1440706509389,"19,066",83% bullish,of 6 ratings,$2.125
ALGN,$56.7247,1440706509525,"266,482",100% bearish,of 2 ratings,$73
ALGT,$210.0679,1440706509596,"180,382",100% bearish,of 2 ratings,$235
ALKS,$60.8419,1440706509628,"373,098",67% bullish,of 3 ratings,$75
ALIM,$3.37,1440706509676,"58,687",80% bullish,of 5 ratings,$10
AFOP,$18.6776,1440706509730,"125,879",75% bullish,of 8 ratings,$21
ALLB,$22.79,1440706509754,200,Not yet rated,NULL,N/A
AHGP,$36.21,1440706509782,"160,991",67% bullish,of 3 ratings,N/A
AIQ,$13.6,1440706509809,"8,279",67% bullish,of 3 ratings,N/A
ARLP,$24.64,1440706509986,"264,835",67% bearish,of 3 ratings,$32
AHPI,$1.45,1440706510030,604,50% bullish,of 2 ratings,N/A
AMOT,$18.57,1440706510119,"58,953",100% bearish,of 1 rating,N/A
ALLT,$5.025,1440706510192,"55,914",75% bullish,of 4 ratings,$6.25
MDRX,$13.68,1440706510251,"1,254,075",60% bullish,of 5 ratings,$16
ALQA,$4.31,1440706510276,"5,131",75% bullish,of 4 ratings,$8.50
AFAM,$45.45,1440706510306,"46,085",50% bullish,of 2 ratings,$44
ALNY,$105.371,1440706510436,"352,465",67% bullish,of 3 ratings,$148.50
AOSL,$7.22,1440706510482,"54,332",67% bullish,of 3 ratings,$9
SMCP,NULL,1440706510513,0,Not yet rated,NULL,N/A
ALTR,$48.62,1440706510615,"2,223,725",80% bearish,of 5 ratings,$54
ATEC,$0.57,1440706510640,"46,780",100% bullish,of 1 rating,$2
ASPS,$25.8593,1440706510670,"202,801",67% bullish,of 3 ratings,$46.50
AMRN,$2.09,1440706510806,"1,590,636",85% bullish,of 39 ratings,$8
AMAG,$65.7349,1440706510834,"399,441",100% bullish,of 2 ratings,$77.50
AIMC,$24.5149,1440706510859,"66,400",100% bearish,of 2 ratings,$28.50
AYA,$20.58,1440706511026,"33,984",100% bearish,of 1 rating,$40
AMZN,$518.9799,1440706511056,"3,957,328",81% bullish,of 264 ratings,$646
AMRK,NULL,1440706511131,0,50% bullish,of 2 ratings,$14
AMBC,$15.8532,1440706511161,"217,118",100% bearish,of 1 rating,$16.50
AMBCW,$7.75,1440706511192,"25,933",100% bearish,of 1 rating,N/A
AMBA,$91.17,1440706511263,"1,897,405",83% bullish,of 12 ratings,$102.50
EPAX,$2.69,1440706511293,"18,600",100% bearish,of 1 rating,N/A
AMCX,$72.1071,1440706511421,"599,114",67% bullish,of 3 ratings,$87.50
DOX,$57.5974,1440706511448,"401,461",67% bearish,of 3 ratings,$60
ASBI,$22.63,1440706511690,"4,537",Not yet rated,NULL,N/A
UHAL,$373.05,1440706511722,"12,011",100% bullish,of 2 ratings,$393.50
ATAX,$5.18,1440706511754,"55,519",100% bullish,of 1 rating,$6.50
AMED,$38.9225,1440706511828,"180,620",100% bearish,of 1 rating,$42
AMOV,$18.41,1440706511856,"3,745",100% bearish,of 1 rating,N/A
AMDA,$0.4835,1440706511932,"793,529",90% bullish,of 10 ratings,$1
AGNC,$19.55,1440706512001,"2,120,516",71% bullish,of 28 ratings,$22
AAL,$38.8369,1440706512069,"8,548,872",93% bullish,of 88 ratings,$57
AGNCB,$24.23,1440706512171,"16,640",Not yet rated,NULL,N/A
MTGEP,$24.5,1440706512256,"1,231",Not yet rated,NULL,N/A
MTGE,$15.56,1440706512288,"296,375",75% bullish,of 4 ratings,$19.50
ACSF,$12.16,1440706512393,"47,653",100% bearish,of 1 rating,$15
ACAS,$13.6322,1440706512418,"1,370,003",60% bullish,of 5 ratings,$16.75
AGNCP,$25.25,1440706512446,"4,400",Not yet rated,NULL,N/A
ANCI,$1.52,1440706512473,350,100% bearish,of 1 rating,N/A
AETI,$3.49,1440706512606,"14,169",67% bearish,of 3 ratings,N/A
AMNB,$23.22,1440706512653,"8,782",Not yet rated,NULL,$25.50
ANAT,$100.81,1440706512751,"14,197",100% bullish,of 1 rating,N/A
AMIC,$10.01,1440706512778,"1,768",Not yet rated,NULL,N/A
APEI,$21.89,1440706512809,"71,384",100% bearish,of 1 rating,$25.50
ARII,$38.8283,1440706512912,"373,009",67% bearish,of 3 ratings,$45
AMSWA,$8.35,1440706512968,"47,549",100% bearish,of 2 ratings,$10.75
ASEI,$37.4062,1440706513014,"34,332",100% bearish,of 1 rating,$52.50
AMRB,$10.06,1440706513064,"1,779",Not yet rated,NULL,$11
CRMT,$36.12,1440706513193,"43,822",100% bearish,of 1 rating,$39
AMWD,$66.44,1440706513218,"88,418",50% bullish,of 2 ratings,$70
AMSC,$4.51,1440706513291,"166,147",50% bullish,of 4 ratings,N/A
ABCB,$26.67,1440706513364,"85,076",Not yet rated,NULL,$31
AMSF,$46.79,1440706513498,"49,129",Not yet rated,NULL,$57.50
ASRVP,NULL,1440706513552,0,Not yet rated,NULL,N/A
ASRV,$3.3,1440706513577,"1,376",100% bullish,of 2 ratings,N/A
ATLO,$24.29,1440706513642,"6,622",Not yet rated,NULL,N/A
AMGN,$155.72,1440706513668,"3,290,704",89% bullish,of 19 ratings,$185
FOLD,$14.8352,1440706513702,"864,715",56% bullish,of 9 ratings,$21
AMKR,$4.9551,1440706513730,"1,182,327",100% bearish,of 2 ratings,$5
AMPH,$13.81,1440706513798,"153,713",50% bullish,of 2 ratings,$20
AMSG,$80.39,1440706513933,"263,069",100% bearish,of 1 rating,$85.50
AMSGP,$151.88,1440706513997,111,Not yet rated,NULL,N/A
ASYS,$5.4,1440706514089,"44,893",67% bullish,of 3 ratings,$12
AFSI,$58.7272,1440706514119,"292,481",60% bullish,of 5 ratings,$72
AMRS,$1.7,1440706514194,"56,333",70% bullish,of 10 ratings,N/A
ADI,$56.48,1440706514219,"3,038,810",67% bullish,of 3 ratings,$69
ANAC,$132.7111,1440706514274,"316,800",80% bullish,of 5 ratings,$180.50
ANAD,$0.32,1440706514348,"257,880",100% bullish,of 2 ratings,$.50
AMCF,$0.25,1440706514523,"1,100",100% bullish,of 7 ratings,N/A
ANCB,$22.1,1440706514553,"1,200",Not yet rated,NULL,$23
ABCW,$41.29,1440706514623,"11,866",67% bullish,of 3 ratings,N/A
ALOG,$78.99,1440706514649,"58,989",100% bearish,of 2 ratings,$100.50
ANGI,$5.07,1440706514694,"632,954",64% bullish,of 11 ratings,$5.50
ANGO,$14.58,1440706514780,"120,292",67% bullish,of 3 ratings,$19
ANIP,$49.9016,1440706514808,"153,123",89% bullish,of 19 ratings,$66
ANIK,$35.1278,1440706514860,"120,278",60% bullish,of 5 ratings,$51.25
ATRS,$1.7024,1440706515068,"449,605",92% bullish,of 12 ratings,$4.50
ABAC,$0.788,1440706515093,"8,241",100% bearish,of 1 rating,N/A
ANSS,$89.4164,1440706515170,"272,575",100% bearish,of 1 rating,$100
ANTH,$7.76,1440706515241,"670,696",80% bullish,of 10 ratings,$13
APIC,$7.41,1440706515272,"123,446",100% bearish,of 1 rating,$19
APOG,$50.1252,1440706515293,"138,716",50% bullish,of 2 ratings,$67
ATNY,$2.34,1440706515325,"2,800",50% bullish,of 2 ratings,$3.75
APOL,$11.19,1440706515372,"877,488",87% bearish,of 68 ratings,$14
AINV,$6.57,1440706515517,"787,516",50% bullish,of 4 ratings,$8
AAPL,$112.74,1440706515654,"49,730,666",86% bullish,of 2350 ratings,$150
APDN,$3.37,1440706515683,"40,036",Not yet rated,NULL,$9
APPF,$17,1440706515711,"50,686",50% bullish,of 2 ratings,$22
ARCI,NULL,1440706515787,0,Not yet rated,NULL,N/A
APDNW,$1.24,1440706515920,"5,400",Not yet rated,NULL,N/A
AGTC,$15.9,1440706515953,"72,115",50% bullish,of 2 ratings,$33
AMAT,$15.727,1440706516050,"11,911,227",82% bullish,of 11 ratings,$23
AAOI,$20.49,1440706516098,"220,977",50% bullish,of 4 ratings,$26
APRI,$1.27,1440706516180,"46,272",83% bullish,of 6 ratings,$4.86
AMCC,$5.66,1440706516231,"519,854",80% bullish,of 5 ratings,$8
AREX,$2.05,1440706516278,"866,459",100% bearish,of 1 rating,$3
AQXP,$17.44,1440706516441,"351,722",50% bullish,of 2 ratings,$2
AUMA,NULL,1440706516494,0,Not yet rated,NULL,N/A
APTO,$5.08,1440706516529,"9,391",Not yet rated,NULL,$17
AUMAU,$10,1440706516550,"8,316",Not yet rated,NULL,N/A
AQMS,$4.92,1440706516627,"19,383",Not yet rated,NULL,N/A
ARDM,NULL,1440706516826,0,100% bullish,of 1 rating,$26
PETX,$17.4374,1440706516893,"221,710",100% bearish,of 2 ratings,$26
ARCW,$3.55,1440706516957,"15,575",100% bearish,of 2 ratings,$10.50
ABUS,$7.27,1440706516982,"321,644",86% bullish,of 14 ratings,$23
ABIO,$0.896,1440706517024,"75,359",50% bullish,of 2 ratings,$3.75
AUMAW,NULL,1440706517052,0,Not yet rated,NULL,N/A
RKDA,$6.08,1440706517158,"18,975",100% bearish,of 2 ratings,$10
ARCB,$28.8755,1440706517285,"166,937",67% bearish,of 3 ratings,$39.50
ACAT,$26.07,1440706517338,"118,312",100% bearish,of 3 ratings,$33
ACGL,$67.9427,1440706517380,"379,517",50% bullish,of 2 ratings,$72
ARNA,$2.65,1440706517411,"2,493,062",90% bullish,of 77 ratings,$5.50
ARDX,$17.63,1440706517468,"99,362",50% bullish,of 2 ratings,$24.50
ARCC,$15.2861,1440706517510,"1,133,827",67% bearish,of 3 ratings,$17.875
AGIIL,$25.68,1440706517608,"4,509",Not yet rated,NULL,N/A
AGII,$55.4954,1440706517641,"111,610",Not yet rated,NULL,$59.50
ARGS,$6.2,1440706517773,"37,810",50% bullish,of 2 ratings,$19.50
ARIS,$4.02,1440706517863,"60,489",Not yet rated,NULL,$4.50
ARIA,$6.8741,1440706517916,"2,019,396",87% bullish,of 46 ratings,$9
ARTX,$1.45,1440706517998,"68,893",88% bullish,of 16 ratings,$4.50
ARKR,$25.45,1440706518063,204,50% bullish,of 2 ratings,N/A
ARWA,NULL,1440706518089,0,Not yet rated,NULL,N/A
ARWAR,NULL,1440706518155,0,Not yet rated,NULL,N/A
ARWAU,NULL,1440706518188,0,100% bullish,of 1 rating,N/A
ARMH,$42.4094,1440706518210,"2,103,290",54% bearish,of 13 ratings,$61
ARWAW,$0.125,1440706518255,"9,610",Not yet rated,NULL,N/A
ARQL,$1.76,1440706518284,"120,610",75% bullish,of 4 ratings,$5
ARRY,$5.83,1440706518468,"987,287",100% bullish,of 7 ratings,$10
DWAT,$9.9,1440706518503,"2,900",100% bearish,of 1 rating,N/A
ARRS,$26.33,1440706518634,"624,297",50% bullish,of 2 ratings,$38
AROW,$27.16,1440706518659,"11,063",Not yet rated,NULL,N/A
ARWR,$5.67,1440706518739,"546,469",75% bullish,of 4 ratings,$10.50
ARTNA,$22.13,1440706518914,"18,333",100% bearish,of 1 rating,$29
ARTW,$4.29,1440706518939,603,75% bearish,of 4 ratings,N/A
ASND,$20.05,1440706519079,"59,707",100% bullish,of 1 rating,$30
ASTI,$0.1225,1440706519109,"1,628,304",83% bullish,of 6 ratings,$3
ASNA,$11.5641,1440706519139,"1,742,242",50% bullish,of 2 ratings,$18
APWC,$1.63,1440706519167,"7,363",100% bearish,of 1 rating,N/A
ASBB,$24.38,1440706519195,103,Not yet rated,NULL,N/A
ASCMA,$26.85,1440706519224,"89,097",100% bearish,of 1 rating,$45
ASMI,NULL,1440706519299,0,NULL,NULL,NULL
ASML,$91.1294,1440706519506,"968,411",50% bullish,of 4 ratings,$127
AZPN,$37.5582,1440706519531,"593,934",50% bullish,of 2 ratings,$42
ASMB,$12.97,1440706519663,"50,102",67% bullish,of 3 ratings,N/A
ASFI,$8.91,1440706519709,"4,215",100% bullish,of 1 rating,N/A
ASTE,$36.7075,1440706519735,"81,603",100% bearish,of 1 rating,$48
ASUR,$5.58,1440706519759,"12,950",50% bullish,of 2 ratings,$8
ASTC,$1.99,1440706519906,"24,455",100% bullish,of 5 ratings,N/A
ATRO,$53.6,1440706519968,"112,859",100% bearish,of 2 ratings,$80
ATRA,$38.7624,1440706520063,"138,401",50% bullish,of 2 ratings,$68
ALOT,$13.97,1440706520090,"1,758",100% bearish,of 1 rating,N/A
ATAI,$2.42,1440706520147,"2,222",100% bearish,of 1 rating,N/A
ATHN,$134.3819,1440706520253,"217,617",67% bearish,of 3 ratings,$153
ATHX,$1.14,1440706520278,"135,051",89% bullish,of 9 ratings,$5
AFCB,$27.3,1440706520304,300,Not yet rated,NULL,N/A
AAPC,$10.1,1440706520441,24,Not yet rated,NULL,N/A
ATLC,$3.95,1440706520663,302,67% bullish,of 3 ratings,N/A
ACFC,$5.42,1440706520701,"49,556",100% bearish,of 1 rating,$6.50
AAME,$3.57,1440706520729,"3,270",Not yet rated,NULL,N/A
ATNI,$70.91,1440706520798,"56,547",100% bearish,of 1 rating,$69.50
ATML,$8.08,1440706520825,"3,754,610",78% bullish,of 9 ratings,$9.50
AAWW,$41.18,1440706520852,"319,799",50% bullish,of 2 ratings,$65
ATOS,$0.7375,1440706520882,"82,430",100% bullish,of 7 ratings,$7
AFH,$16.32,1440706520983,"56,621",Not yet rated,NULL,$21.50
ATRC,$25.6793,1440706521166,"196,675",100% bullish,of 1 rating,$30
ATTU,$13.26,1440706521231,"24,176",100% bearish,of 1 rating,$20.50
ATRI,$386.0418,1440706521259,"8,190",Not yet rated,NULL,N/A
ATRM,$2.8,1440706521285,"11,305",50% bullish,of 2 ratings,N/A
AUDC,$3.35,1440706521418,"113,022",80% bullish,of 5 ratings,$5
LIFE,$15.55,1440706521447,"26,015",86% bullish,of 7 ratings,$43
AUBN,$26.51,1440706521551,800,Not yet rated,NULL,N/A
ADAT,$0.358,1440706521620,"446,415",100% bullish,of 2 ratings,N/A
AUPH,$3.03,1440706521641,"16,550",100% bearish,of 1 rating,$8
ABTL,$18.01,1440706521672,"122,024",100% bullish,of 4 ratings,$20.25
EARS,$4.91,1440706521719,"5,396",100% bearish,of 2 ratings,$11.50
ADSK,$50,1440706521849,"4,777,002",67% bullish,of 6 ratings,$69.50
ADP,$77.7664,1440706521946,"2,021,789",100% bearish,of 1 rating,$88
AVGO,$124.7617,1440706522076,"5,077,628",88% bullish,of 8 ratings,$165
AAVL,$10.6839,1440706522102,"263,438",100% bearish,of 1 rating,$20
AVNU,$12.37,1440706522231,"12,006",Not yet rated,NULL,$14
AVEO,$1.4,1440706522257,"643,827",75% bullish,of 8 ratings,$3
AVGR,$14.19,1440706522387,"16,548",100% bearish,of 1 rating,$20
AVID,$8.0996,1440706522417,"317,417",100% bearish,of 1 rating,$20
AVNW,$1.13,1440706522437,"81,019",50% bullish,of 2 ratings,$2.20
ACLS,$3.15,1440706522565,"430,024",67% bullish,of 6 ratings,$4.75
AWRE,$3.2,1440706522595,"11,992",67% bullish,of 3 ratings,N/A
CAR,$43.1537,1440706522616,"1,409,742",80% bullish,of 5 ratings,$60
AXPW,$1.07,1440706522656,"87,679",83% bullish,of 6 ratings,N/A
AXTI,$2.14,1440706522807,"14,777",50% bullish,of 2 ratings,$2.75
AXGN,$4.3,1440706522836,"95,044",Not yet rated,NULL,$5
AXPWW,NULL,1440706522861,0,Not yet rated,NULL,N/A
BCOM,$18.39,1440706523093,"1,425",100% bearish,of 1 rating,N/A
RILY,$9.78,1440706523141,600,Not yet rated,NULL,N/A
BIDU,$150.2655,1440706523278,"3,111,767",81% bullish,of 88 ratings,$210
BEAV,$49.12,1440706523312,"757,661",67% bearish,of 3 ratings,$59
BWINA,NULL,1440706523342,0,Not yet rated,NULL,N/A
BOSC,$2.24,1440706523378,"5,601",50% bullish,of 2 ratings,N/A
BCPC,$57.5091,1440706523405,"121,297",100% bearish,of 1 rating,$75
BLDP,$1.24,1440706523438,"356,568",91% bullish,of 22 ratings,$2.50
BWINB,$22.97,1440706523538,"8,306",Not yet rated,NULL,N/A
BANFP,NULL,1440706523731,0,Not yet rated,NULL,N/A
BANF,$59.93,1440706523756,"11,588",Not yet rated,NULL,$68
BKMU,$7.01,1440706523885,"111,921",Not yet rated,NULL,$8
BOCH,$5.81,1440706523924,"17,461",Not yet rated,NULL,$6.50
BMRC,$48.06,1440706523948,"12,486",Not yet rated,NULL,$52
BKSC,$16.5,1440706523974,"7,796",Not yet rated,NULL,N/A
BOTJ,$11.1,1440706524022,917,Not yet rated,NULL,N/A
OZRK,$41.7252,1440706524106,"491,913",67% bullish,of 3 ratings,$49.50
BFIN,$12.04,1440706524237,"24,176",Not yet rated,NULL,$13
BWFG,$18,1440706524292,"3,002",100% bearish,of 1 rating,N/A
BANR,$43.56,1440706524372,"52,658",100% bullish,of 3 ratings,$50
TAPR,$33.03,1440706524397,570,100% bearish,of 1 rating,N/A
BZUN,$5.18,1440706524534,"314,819",50% bullish,of 2 ratings,$11.50
BHAC,$9.81,1440706524558,"2,700",Not yet rated,NULL,N/A
BHACR,NULL,1440706524982,0,Not yet rated,NULL,N/A
BHACU,NULL,1440706525008,0,Not yet rated,NULL,N/A
BBSI,$34.58,1440706525040,"58,299",67% bearish,of 3 ratings,$62.50
BHACW,$0.135,1440706525061,"2,402",Not yet rated,NULL,N/A
BV,$5.055,1440706525098,"389,523",67% bullish,of 6 ratings,$9
BSET,$28.45,1440706525119,"36,129",100% bearish,of 1 rating,$35
BYLK,$12.98,1440706525140,505,Not yet rated,NULL,$14
BYBK,$4.88,1440706525192,200,100% bearish,of 1 rating,N/A
BBCN,$14.31,1440706525544,"305,004",100% bearish,of 1 rating,$16
BCBP,$11.62,1440706525570,505,Not yet rated,NULL,N/A
BECN,$35.28,1440706525591,"345,964",50% bullish,of 2 ratings,$40
BDCV,$4.85,1440706525649,"35,589",100% bearish,of 1 rating,$10.19
BSF,$8.64,1440706525781,"13,099",Not yet rated,NULL,N/A
BBGI,$4.1616,1440706525881,300,100% bullish,of 1 rating,N/A
BBBY,$62.5,1440706525909,"2,172,179",71% bullish,of 7 ratings,$75
BELFA,NULL,1440706525981,0,100% bearish,of 1 rating,N/A
BLCM,$17.201,1440706526013,"144,501",50% bullish,of 4 ratings,$40
BELFB,$17.77,1440706526039,"32,559",100% bearish,of 1 rating,N/A
BEBE,$1.7,1440706526066,"162,598",75% bullish,of 4 ratings,$3.075
BLPH,$5.09,1440706526087,"13,236",100% bearish,of 1 rating,$12.50
BNCL,$12.47,1440706526226,"265,891",100% bullish,of 3 ratings,$12.50
BNFT,$34.3662,1440706526396,"123,711",67% bullish,of 3 ratings,$46
BNTC,$8.25,1440706526527,"28,993",100% bullish,of 1 rating,N/A
BGFV,$10.93,1440706526559,"123,869",57% bullish,of 7 ratings,$12
BGMD,$0.752,1440706526659,"142,326",100% bullish,of 10 ratings,N/A
ORPN,$5.61,1440706526722,"31,350",100% bullish,of 1 rating,$28.50
BGCP,$8.7609,1440706526748,"1,221,113",88% bullish,of 8 ratings,$14
BIND,$4.43,1440706526797,"66,563",75% bullish,of 4 ratings,$13.50
BCDA,NULL,1440706526824,0,Not yet rated,NULL,N/A
BASI,$1.64,1440706526845,500,Not yet rated,NULL,N/A
BCRX,$11.1687,1440706527075,"386,132",63% bullish,of 8 ratings,$18
BIIB,$304.49,1440706527100,"1,707,878",88% bullish,of 16 ratings,$400
BDSI,$6.6099,1440706527129,"739,092",88% bullish,of 8 ratings,$17
BIOD,$0.6692,1440706527158,"83,997",80% bullish,of 5 ratings,$4
BIOC,$1.95,1440706527183,"337,605",83% bullish,of 6 ratings,$3.85
BIOL,$1.43,1440706527235,"30,831",Not yet rated,NULL,N/A
BLRX,$1.36,1440706527499,"75,990",100% bullish,of 12 ratings,$5
BVXVW,$0.701,1440706527552,"6,400",100% bearish,of 1 rating,N/A
BLFS,$2.02,1440706527579,"17,935",100% bearish,of 1 rating,$4.75
BMRN,$130.89,1440706527600,"608,450",80% bullish,of 5 ratings,$160
BPTH,$1.07,1440706527733,"46,305",100% bullish,of 2 ratings,$5
BVXV,$3.62,1440706527760,"1,750",Not yet rated,NULL,N/A
BRLI,NULL,1440706527806,0,NULL,NULL,NULL
BIOS,$2.3286,1440706527942,"809,782",71% bullish,of 7 ratings,$4
BBP,$32.9,1440706527970,"18,809",Not yet rated,NULL,N/A
BSTC,$49.5136,1440706527994,"60,740",100% bearish,of 1 rating,$76
BBC,$31.07,1440706528022,"9,522",Not yet rated,NULL,N/A
BOTA,$2.14,1440706528158,"19,799",88% bullish,of 8 ratings,N/A
BSPM,$0.6789,1440706528185,"12,275",50% bullish,of 2 ratings,N/A
BITI,$16.95,1440706528366,"10,918",100% bullish,of 1 rating,$28
TECH,$96.5,1440706528396,"219,124",100% bullish,of 1 rating,$117
BEAT,$14.52,1440706528464,"763,184",67% bearish,of 3 ratings,$15
BDMS,$12.65,1440706528494,"3,847",100% bearish,of 1 rating,N/A
BJRI,$44.39,1440706528564,"214,975",50% bullish,of 2 ratings,$55
BBOX,$14.85,1440706528589,"139,624",100% bearish,of 1 rating,N/A
BDE,$7.4,1440706528715,"165,501",50% bullish,of 2 ratings,$9
HAWK,$40.59,1440706528814,"472,754",91% bullish,of 11 ratings,$49
BLKB,$57.74,1440706528840,"164,741",100% bearish,of 2 ratings,$66
BBRY,$7.19,1440706528916,"3,893,024",61% bullish,of 330 ratings,$9
BKCC,$9.3427,1440706528990,"461,285",50% bullish,of 2 ratings,$10
ADRA,$27.3825,1440706529079,398,100% bearish,of 1 rating,N/A
ADRD,$21.88,1440706529106,"11,193",100% bearish,of 1 rating,N/A
ADRE,$30.21,1440706529180,"178,659",100% bearish,of 1 rating,N/A
ADRU,$21.76,1440706529357,"3,662",100% bearish,of 1 rating,N/A
BCOR,$13.66,1440706529382,"163,063",57% bullish,of 7 ratings,$15
BLMN,$20.1043,1440706529407,"1,005,261",83% bullish,of 6 ratings,$27.50
BBLU,$0.79,1440706529542,"91,250",100% bullish,of 2 ratings,$4.43
BUFF,$26.05,1440706529568,"147,572",83% bullish,of 12 ratings,$31.50
BLBD,$11.8,1440706529642,"25,873",Not yet rated,NULL,N/A
BLUE,$132.3104,1440706529746,"342,623",71% bullish,of 7 ratings,$217.50
BHBK,$13.82,1440706529812,"61,053",100% bullish,of 1 rating,$14.50
BKEPP,$7.6,1440706529842,"5,423",100% bearish,of 1 rating,N/A
NILE,$33.61,1440706529872,"128,385",50% bullish,of 2 ratings,$34
BKEP,$6.24,1440706529902,"26,149",100% bearish,of 1 rating,$8.50
BPMC,$26.87,1440706529923,"55,396",50% bullish,of 2 ratings,$47.50
BNCN,$20.32,1440706530007,"88,839",Not yet rated,NULL,$24
BOBE,$43.65,1440706530246,"129,013",75% bullish,of 4 ratings,$57
BOKF,$61.43,1440706530274,"225,752",100% bearish,of 1 rating,$69
BOJA,$21.34,1440706530301,"167,183",100% bullish,of 1 rating,$30
WIFI,$7.5,1440706530326,"137,980",50% bullish,of 2 ratings,$13.50
BOFI,$121.5,1440706530358,"156,993",100% bullish,of 6 ratings,$144
BONA,$11.78,1440706530379,"114,609",75% bullish,of 4 ratings,$8.50
BNSO,$1.2901,1440706530462,"2,500",100% bearish,of 1 rating,N/A
BPFH,$11.79,1440706530690,"408,996",100% bearish,of 1 rating,$14
BPFHP,$25.07,1440706530720,"3,550",100% bearish,of 1 rating,N/A
BPFHW,NULL,1440706530741,0,100% bearish,of 1 rating,N/A
BAMM,$3.18,1440706530775,"9,447",60% bullish,of 5 ratings,N/A
EPAY,$26.67,1440706530824,"399,488",100% bearish,of 2 ratings,$30
BCLI,$2.9,1440706530874,"33,209",80% bullish,of 5 ratings,$12
BBRG,$12.43,1440706531004,"68,193",67% bullish,of 3 ratings,$14.50
BBEPP,$13.7,1440706531127,"26,059",100% bearish,of 1 rating,N/A
BBEP,$2.63,1440706531163,"2,028,062",69% bullish,of 13 ratings,$5.625
BDBD,$8.1,1440706531192,"623,382",60% bullish,of 5 ratings,$10
BLIN,$1.31,1440706531223,"4,390",100% bullish,of 2 ratings,$2.20
BCOV,$5.22,1440706531253,"123,664",67% bullish,of 3 ratings,$10.20
BDGE,$26.25,1440706531281,"13,446",Not yet rated,NULL,$31.75
BRID,$8.8,1440706531307,100,100% bearish,of 1 rating,N/A
BRCM,$51.65,1440706531484,"5,131,242",75% bullish,of 12 ratings,$56
BSFT,$31.2555,1440706531665,"302,878",57% bullish,of 7 ratings,$40.50
BVSN,$6,1440706531690,"48,115",60% bearish,of 5 ratings,N/A
BYFC,NULL,1440706531757,0,50% bullish,of 2 ratings,N/A
BWEN,$3.12,1440706531902,"27,731",100% bullish,of 3 ratings,$8
BRCD,$10.63,1440706531979,"3,267,590",92% bullish,of 13 ratings,$11.50
BRKS,$10.26,1440706532034,"122,023",67% bullish,of 3 ratings,$15.25
BMTC,$29.14,1440706532065,"62,757",Not yet rated,NULL,$34
BRKL,$10.5,1440706532093,"288,912",100% bearish,of 1 rating,$10.75
BRKR,$18.73,1440706532123,"417,653",100% bearish,of 2 ratings,$22
BLMT,$20.67,1440706532160,"8,104",Not yet rated,NULL,N/A
BSQR,$6.1278,1440706532229,"49,932",67% bullish,of 3 ratings,N/A
BWLD,$195.64,1440706532328,"242,695",82% bullish,of 11 ratings,$205
CFFI,$35.04,1440706532430,"1,106",100% bearish,of 1 rating,N/A
CDZI,$7.71,1440706532995,"60,982",100% bearish,of 1 rating,N/A
BUR,$1.83,1440706533024,"6,726",100% bearish,of 1 rating,$8
CA,$27.13,1440706533045,"1,989,959",50% bullish,of 4 ratings,$33
CDNS,$19.94,1440706533066,"1,659,603",75% bullish,of 4 ratings,$22.50
CACQ,$7.29,1440706533107,"71,284",100% bearish,of 1 rating,$12.25
BLDR,$14.1673,1440706533128,"1,043,244",67% bullish,of 3 ratings,$22
CHRW,$67.82,1440706533148,"955,648",Not yet rated,NULL,$72
CCMP,$43.39,1440706533196,"81,503",50% bullish,of 2 ratings,$59
CZR,$8.64,1440706533395,"2,906,480",60% bearish,of 5 ratings,$10.50
PRSS,$4.42,1440706533422,"9,941",80% bullish,of 5 ratings,$4.50
CSTE,$40.62,1440706533447,"412,917",50% bullish,of 2 ratings,$65
CLMS,$10.57,1440706533475,"62,249",Not yet rated,NULL,$10.50
CLBS,$1.36,1440706533496,"159,700",79% bullish,of 14 ratings,$4
CHY,$11.39,1440706533636,"225,444",Not yet rated,NULL,N/A
CHI,$10.63,1440706533787,"187,771",100% bearish,of 1 rating,N/A
CCD,$18.84,1440706533859,"189,863",Not yet rated,NULL,N/A
CHW,$7.68,1440706533928,"190,252",100% bearish,of 1 rating,N/A
CFGE,$10.57,1440706533957,"1,210",Not yet rated,NULL,N/A
CSQ,$9.96,1440706533978,"286,773",Not yet rated,NULL,N/A
CAMP,$16.34,1440706534011,"332,799",88% bullish,of 8 ratings,$25
CGO,$12.19,1440706534111,"18,843",100% bearish,of 1 rating,N/A
CVGW,$60.5,1440706534187,"182,796",50% bullish,of 2 ratings,$58.50
CFNB,$13.31,1440706534258,465,100% bearish,of 1 rating,N/A
CALA,$5.59,1440706534358,"563,509",100% bullish,of 3 ratings,$19.50
CALD,$15.51,1440706534410,"377,182",100% bearish,of 1 rating,$21
CLMT,$25.61,1440706534459,"233,515",75% bullish,of 8 ratings,$31
CALM,$50.42,1440706534543,"429,067",80% bullish,of 5 ratings,$65
ABCD,$5.15,1440706534575,"123,208",83% bullish,of 6 ratings,N/A
CAMBU,NULL,1440706534676,0,100% bearish,of 1 rating,N/A
CAMB,$10.05,1440706534697,200,Not yet rated,NULL,N/A
CAMBW,NULL,1440706534750,0,Not yet rated,NULL,N/A
CAC,$40.64,1440706534775,"5,166",Not yet rated,NULL,N/A
CAMT,$2.64,1440706534917,"40,687",73% bullish,of 11 ratings,$4
CSIQ,$17.9399,1440706535023,"1,887,985",86% bullish,of 28 ratings,$42.50
CPHC,NULL,1440706535068,0,100% bearish,of 1 rating,N/A
CGIX,$9.74,1440706535100,"45,317",67% bullish,of 3 ratings,$14.375
CBNJ,$10.85,1440706535168,"16,013",100% bullish,of 1 rating,N/A
CBF,$29.01,1440706535193,"720,708",Not yet rated,NULL,$32
CPLA,$48.03,1440706535221,"125,377",67% bearish,of 3 ratings,$65
CCBG,$14.77,1440706535248,"9,712",Not yet rated,NULL,$17.25
CPLP,$6.88,1440706535449,"396,312",71% bullish,of 7 ratings,$11
CFFN,$12.01,1440706535551,"424,455",Not yet rated,NULL,$12.75
CSWC,$45.75,1440706535580,"7,020",Not yet rated,NULL,N/A
CAPN,$2.24,1440706535605,"338,326",100% bullish,of 1 rating,$10.85
CPTA,$13.91,1440706535636,"38,276",100% bearish,of 1 rating,$18.50
CAPNW,$0.6969,1440706535657,100,Not yet rated,NULL,N/A
CAPR,$4.32,1440706535743,"23,464",Not yet rated,NULL,$12
CPST,$0.371,1440706535791,"513,824",95% bullish,of 22 ratings,$1.25
CBYL,$5.09,1440706535978,"60,910",100% bearish,of 1 rating,$20
CARA,$19,1440706536008,"156,070",50% bullish,of 4 ratings,$25
CARB,$11.22,1440706536030,"92,506",75% bullish,of 4 ratings,$12
CRDC,$0.3538,1440706536111,"88,404",100% bullish,of 1 rating,$1.25
CFNL,$21.85,1440706536191,"122,490",Not yet rated,NULL,$24
CRME,$8.81,1440706536216,"13,438",89% bullish,of 9 ratings,$11.25
CSII,$23.5779,1440706536283,"322,311",100% bearish,of 2 ratings,$42.125
CDNA,$6.95,1440706536390,"5,139",100% bearish,of 1 rating,$9
CATM,$34.49,1440706536460,"159,902",100% bearish,of 1 rating,$44
CKEC,$23.37,1440706536535,"166,123",50% bullish,of 2 ratings,$35.915
CECO,$3.51,1440706536592,"290,668",67% bearish,of 3 ratings,$6
CARO,$15.5,1440706536692,944,100% bearish,of 1 rating,$19
CTRE,$11.47,1440706536719,"301,379",50% bullish,of 2 ratings,$13.50
CART,$5.35,1440706536749,100,100% bearish,of 1 rating,N/A
CLBH,$12.75,1440706536776,100,Not yet rated,NULL,$16.50
CRZO,$32.51,1440706536919,"1,147,937",67% bearish,of 3 ratings,$55.50
TAST,$12.53,1440706536980,"426,426",Not yet rated,NULL,$14.25
CRTN,$2.52,1440706537012,"5,363",100% bearish,of 1 rating,N/A
CASM,$1.13,1440706537106,"15,133",100% bullish,of 1 rating,$3.50
CACB,$5.28,1440706537140,"39,059",Not yet rated,NULL,$5.50
CARV,$7.16,1440706537167,"2,039",50% bullish,of 2 ratings,N/A
CSCD,$14.9763,1440706537207,"32,382",100% bullish,of 2 ratings,$17
CASY,$105.69,1440706537435,"314,974",50% bullish,of 2 ratings,$99.50
CWST,$6.1,1440706537465,"226,638",50% bullish,of 2 ratings,$7.25
CASS,$48.08,1440706537508,"18,966",100% bearish,of 1 rating,N/A
CASI,$1.39,1440706537567,"8,556",100% bullish,of 1 rating,$3.50
CATB,$11.93,1440706537598,"12,868",100% bearish,of 1 rating,$28
CPRX,$3.62,1440706537662,"769,861",71% bullish,of 7 ratings,$7
CATY,$29.48,1440706537695,"642,543",100% bearish,of 1 rating,$33.50
CATYW,NULL,1440706537761,0,100% bearish,of 1 rating,N/A
CAVM,$69.04,1440706537890,"341,204",67% bearish,of 3 ratings,$72
CNLM,NULL,1440706537981,0,Not yet rated,NULL,N/A
CVCO,$70.1369,1440706538008,"28,168",100% bearish,of 1 rating,N/A
CBFV,$20.9399,1440706538033,"4,000",Not yet rated,NULL,$25
CNLMR,NULL,1440706538164,0,Not yet rated,NULL,N/A
CNLMW,NULL,1440706538220,0,Not yet rated,NULL,N/A
CNLMU,NULL,1440706538266,0,100% bullish,of 1 rating,N/A
CDW,$40.1,1440706538409,"1,016,321",75% bullish,of 4 ratings,$44
CDK,$48.97,1440706538442,"342,734",67% bearish,of 3 ratings,$50
CBOE,$63.38,1440706538464,"384,853",Not yet rated,NULL,$60
CECE,$9.48,1440706538496,"115,181",50% bullish,of 2 ratings,$16
CPXX,$2.06,1440706538543,"86,091",100% bullish,of 2 ratings,$7
CELG,$123.04,1440706538603,"3,813,583",92% bullish,of 13 ratings,$155.50
CELGZ,$1.75,1440706538733,"20,100",80% bullish,of 5 ratings,N/A
CLDN,$1.07,1440706538759,"131,327",71% bullish,of 7 ratings,$3
CLRB,$3.09,1440706538827,831,100% bearish,of 1 rating,N/A
CLDX,$15.0472,1440706538893,"1,073,135",89% bullish,of 9 ratings,$36
CLRBW,NULL,1440706538923,0,Not yet rated,NULL,N/A
CLLS,$32.72,1440706539029,"84,888",75% bullish,of 4 ratings,$51.50
CLTX,$2.23,1440706539254,"531,880",100% bullish,of 2 ratings,N/A
CBMG,$22.85,1440706539306,"36,484",50% bullish,of 2 ratings,N/A
CEMP,$34.5636,1440706539338,"459,430",71% bullish,of 7 ratings,$52
CLSN,$1.99,1440706539359,"72,942",80% bullish,of 10 ratings,$7.50
CYAD,$49.01,1440706539392,"3,300",100% bullish,of 1 rating,$87.50
CSFL,$13.63,1440706539438,"134,116",Not yet rated,NULL,$15
CETX,$2.35,1440706539489,"17,074",Not yet rated,NULL,$5.60
CFBK,$1.37,1440706539661,890,Not yet rated,NULL,N/A
CENTA,$12.45,1440706539697,"226,210",Not yet rated,NULL,N/A
CETV,$2.09,1440706539726,"154,169",67% bullish,of 3 ratings,$2.80
CENT,$12.05,1440706539801,"133,053",Not yet rated,NULL,$10
CENX,$5.42,1440706539829,"2,798,695",67% bullish,of 6 ratings,$9
CVCY,$11.25,1440706539854,"2,094",Not yet rated,NULL,$12
CNBKA,$41.87,1440706539905,"1,581",50% bullish,of 2 ratings,N/A
CNTY,$5.75,1440706540048,"33,434",80% bullish,of 5 ratings,$7.75
CPHD,$49.33,1440706540097,"351,887",67% bearish,of 3 ratings,$66.50
CERE,$1.17,1440706540250,"174,674",88% bullish,of 8 ratings,N/A
KOOL,$0.625,1440706540315,"13,556",100% bullish,of 5 ratings,$7
CERU,$3.53,1440706540380,"22,339",75% bullish,of 4 ratings,$15
CRNT,$1.37,1440706540410,"55,121",50% bullish,of 2 ratings,$2
CERN,$61.44,1440706540441,"1,768,554",67% bullish,of 3 ratings,$79
CEVA,$18.54,1440706540511,"69,674",100% bearish,of 1 rating,$25
CERS,$4.89,1440706540535,"568,662",75% bullish,of 4 ratings,$7
HOTRW,$0.1607,1440706540678,550,Not yet rated,NULL,N/A
HOTR,$1.52,1440706540705,"94,353",100% bullish,of 2 ratings,$5
CYOU,$20.64,1440706540726,"100,130",50% bullish,of 6 ratings,$24
CTHR,$1.31,1440706540782,"14,874",50% bullish,of 2 ratings,$2.50
GTLS,$23.26,1440706540927,"236,482",50% bullish,of 4 ratings,$40
CHTR,$180.3426,1440706540954,"567,879",100% bearish,of 2 ratings,$196
CHFN,$12.42,1440706540980,"21,757",Not yet rated,NULL,$14
CHEK,$2.14,1440706541119,"11,138",Not yet rated,NULL,$7.75
CHKP,$79.61,1440706541148,"1,005,112",50% bullish,of 4 ratings,$92
CHEKW,NULL,1440706541248,0,Not yet rated,NULL,N/A
CEMI,$3.98,1440706541297,"20,076",50% bullish,of 2 ratings,$7.50
CCXI,$6.89,1440706541341,"47,077",67% bullish,of 3 ratings,$14
CHFC,$31.08,1440706541434,"72,347",100% bearish,of 1 rating,$36
CHMG,$26.47,1440706541467,102,Not yet rated,NULL,$30
CHEV,$14.33,1440706541498,702,Not yet rated,NULL,N/A
CHMA,$25.92,1440706541531,"63,629",Not yet rated,NULL,$40
CHKE,$25.96,1440706541595,"16,320",100% bearish,of 1 rating,$32.50
CBNK,$16.35,1440706541740,203,100% bearish,of 1 rating,N/A
CMRX,$50.5,1440706541846,"252,372",50% bullish,of 2 ratings,$57
CADC,$3.03,1440706541899,"5,000",78% bullish,of 9 ratings,N/A
PLCE,$59.46,1440706541924,"240,835",100% bearish,of 1 rating,$69
CALI,$0.86,1440706541981,"2,623",67% bullish,of 3 ratings,N/A
CAAS,$6.38,1440706542006,"35,653",93% bullish,of 14 ratings,$11.50
CBAK,$1.92,1440706542172,"17,994",67% bullish,of 9 ratings,N/A
CCCR,$0.71,1440706542200,"16,609",67% bearish,of 3 ratings,N/A
CCCL,$0.765,1440706542276,"31,513",100% bullish,of 6 ratings,N/A
CBPO,$99.3467,1440706542335,"124,593",75% bullish,of 8 ratings,$140.50
JRJC,$3.54,1440706542364,"190,468",82% bullish,of 11 ratings,N/A
CHOP,$1.21,1440706542404,"1,634",50% bullish,of 2 ratings,N/A
CHLN,$2.05,1440706542440,"7,656",67% bullish,of 3 ratings,N/A
HGSH,$1.67,1440706542499,"21,933",67% bullish,of 3 ratings,N/A
CNIT,$1.44,1440706542694,"102,896",67% bullish,of 6 ratings,N/A
CJJD,$1.84,1440706542721,"41,684",100% bullish,of 1 rating,N/A
HTHT,$26.02,1440706542747,"111,693",50% bullish,of 2 ratings,$28.40
CHNR,$1.68,1440706542878,"1,316",100% bearish,of 1 rating,N/A
CPGI,$6.83,1440706543008,"1,044",Not yet rated,NULL,N/A
CNTF,$0.845,1440706543036,"116,574",Not yet rated,NULL,N/A
CREG,$0.7,1440706543066,"33,099",100% bullish,of 3 ratings,N/A
CSUN,$1.42,1440706543087,"30,929",80% bullish,of 5 ratings,N/A
CXDC,$5.81,1440706543124,"54,864",67% bearish,of 3 ratings,N/A
CNYD,$3.52,1440706543218,"35,686",67% bullish,of 3 ratings,N/A
IMOS,$16.9627,1440706543246,"260,039",60% bullish,of 5 ratings,$21.50
CNET,$0.8699,1440706543271,"200,546",50% bullish,of 2 ratings,N/A
CCIH,$6.47,1440706543401,"234,260",67% bullish,of 6 ratings,$12.65
CHSCL,$26.95,1440706543435,"12,277",Not yet rated,NULL,N/A
CHSCN,$27.07,1440706543590,"7,851",Not yet rated,NULL,N/A
CHSCM,$26.1,1440706543729,"19,610",Not yet rated,NULL,N/A
CHSCO,$28.21,1440706543756,"9,556",Not yet rated,NULL,N/A
CHUY,$30.735,1440706543782,"177,680",50% bullish,of 2 ratings,$34
CHDN,$133.53,1440706543811,"33,844",Not yet rated,NULL,$165
CHSCP,$30.7,1440706543836,"8,106",Not yet rated,NULL,N/A
CIFC,$7.2,1440706543915,"3,368",100% bearish,of 1 rating,N/A
CMCT,$15.82,1440706543966,544,100% bearish,of 1 rating,N/A
CDTX,$14.44,1440706543991,"15,571",Not yet rated,NULL,$22
CINF,$53.18,1440706544129,"616,995",50% bullish,of 4 ratings,$50.50
CMPR,$69.5284,1440706544178,"275,075",50% bullish,of 2 ratings,$72.50
CIDM,$0.5601,1440706544207,"142,989",50% bullish,of 2 ratings,$2.10
CTAS,$85.5,1440706544233,"395,204",100% bearish,of 1 rating,$91
CPHR,$5.57,1440706544308,"7,861",100% bearish,of 1 rating,$17
CSCO,$26.17,1440706544493,"24,272,857",84% bullish,of 209 ratings,$32
CRUS,$30.14,1440706544544,"1,079,399",75% bullish,of 12 ratings,$44.50
CZWI,$8.95,1440706544596,218,Not yet rated,NULL,N/A
CIZN,$19.47,1440706544677,372,Not yet rated,NULL,N/A
CTRN,$26.6939,1440706544706,"66,498",100% bearish,of 1 rating,$31.50
CZFC,$12.68,1440706544730,900,Not yet rated,NULL,N/A
CZNC,$19.76,1440706544751,"13,815",Not yet rated,NULL,N/A
CTXS,$69.59,1440706544839,"1,209,436",86% bullish,of 7 ratings,$80
CIVB,$10.155,1440706545032,"2,338",Not yet rated,NULL,$11
CLNE,$4.9,1440706545103,"1,265,938",80% bullish,of 15 ratings,$9
CHCO,$47.26,1440706545138,"49,255",Not yet rated,NULL,$46
CIVBP,NULL,1440706545158,0,Not yet rated,NULL,N/A
CLNT,$1.36,1440706545235,"13,661",75% bullish,of 8 ratings,N/A
CDTI,$1.59,1440706545260,"127,149",75% bullish,of 4 ratings,$3.20
CLIR,$4.45,1440706545427,"72,795",100% bullish,of 3 ratings,N/A
CLRO,$11.46,1440706545458,"6,625",50% bullish,of 2 ratings,$14.25
CLFD,$16.81,1440706545486,"39,253",67% bullish,of 3 ratings,$18
CSBK,$13.62,1440706545514,"74,805",Not yet rated,NULL,N/A
CBLI,$3.75,1440706545562,"17,413",60% bullish,of 5 ratings,N/A
CMFN,$11.72,1440706545642,"45,047",100% bearish,of 1 rating,$15.50
CLVS,$75.2803,1440706545675,"360,796",60% bullish,of 5 ratings,$101.50
CME,$93.77,1440706545775,"1,134,314",67% bullish,of 3 ratings,$102
CCNE,$16.7,1440706545882,"10,188",50% bullish,of 2 ratings,$21.50
CISG,$7.79,1440706545940,"64,104",100% bullish,of 5 ratings,$10
COKE,$157.246,1440706546171,"20,923",79% bullish,of 19 ratings,N/A
CWAY,$11.19,1440706546200,"3,752",Not yet rated,NULL,N/A
CNV,$4.42,1440706546221,"60,373",50% bullish,of 2 ratings,$7.15
COBZ,$12.79,1440706546352,"49,095",100% bullish,of 1 rating,$14
CDXS,$3.61,1440706546396,"27,892",64% bullish,of 11 ratings,$6
CCOI,$27.35,1440706546422,"490,147",50% bullish,of 4 ratings,$35
JVA,$4.64,1440706546494,"17,538",83% bullish,of 6 ratings,$7
CVLY,$20.53,1440706546575,"1,027",Not yet rated,NULL,N/A
CDRB,$12.88,1440706546612,"5,871",67% bullish,of 3 ratings,N/A
CGNT,$1.5,1440706546633,"24,027",100% bullish,of 2 ratings,$2
CGNX,$35.11,1440706546671,"526,478",50% bullish,of 2 ratings,$47
CTSH,$63.8,1440706546707,"2,791,418",90% bullish,of 10 ratings,$75
COHR,$57.02,1440706546807,"83,642",50% bullish,of 2 ratings,$72
COHU,$9.43,1440706546961,"105,356",100% bearish,of 1 rating,$14.25
CHRS,$28.54,1440706547062,"155,375",67% bearish,of 3 ratings,$37
CLRX,$0.554,1440706547120,"38,505",50% bullish,of 2 ratings,N/A
CLCT,$18.5,1440706547218,"18,081",100% bearish,of 1 rating,N/A
CBAN,$9,1440706547250,"1,100",Not yet rated,NULL,N/A
CIGI,$43.21,1440706547275,"5,801",100% bearish,of 1 rating,$52
COLL,$15.27,1440706547305,"37,295",100% bearish,of 1 rating,$26
COLB,$30.05,1440706547326,"213,729",Not yet rated,NULL,$36
CLCD,$6.35,1440706547358,"26,214",100% bearish,of 1 rating,$20.50
COLM,$61.65,1440706547533,"93,666",100% bearish,of 1 rating,$71
CBMX,$1.09,1440706547589,"10,537",83% bullish,of 6 ratings,$3.15
CMCSA,$56.77,1440706547669,"9,413,656",66% bullish,of 35 ratings,$69.50
CMCO,$18.38,1440706547698,"64,433",60% bullish,of 5 ratings,$28
CMCSK,$57.44,1440706547723,"2,492,287",Not yet rated,NULL,$84
CBSH,$44.7,1440706547864,"227,844",50% bullish,of 2 ratings,$46
CBSHP,$25.48,1440706548012,722,100% bearish,of 1 rating,N/A
CUBN,NULL,1440706548042,0,Not yet rated,NULL,N/A
CVGI,$4.88,1440706548063,"66,431",50% bullish,of 2 ratings,$6
COMM,$30.73,1440706548092,"883,625",67% bearish,of 3 ratings,$35
CSAL,$20.68,1440706548120,"366,570",75% bullish,of 4 ratings,$30
CTBI,$34.61,1440706548324,"29,397",Not yet rated,NULL,$36
JCS,$9.08,1440706548377,205,67% bullish,of 3 ratings,N/A
CWBC,$6.79,1440706548402,"5,104",Not yet rated,NULL,N/A
ESXB,$5.1,1440706548452,"1,421",Not yet rated,NULL,N/A
COB,$10.31,1440706548595,"14,617",100% bullish,of 1 rating,$11.75
CVLT,$35.99,1440706548677,"418,023",75% bullish,of 4 ratings,$44.50
CIL,$33.87,1440706548758,900,Not yet rated,NULL,N/A
CYHHZ,$0.01,1440706548790,"28,172",100% bullish,of 1 rating,N/A
CIZ,$33.47,1440706548856,"4,278",100% bearish,of 1 rating,N/A
CID,$33.74,1440706548880,300,Not yet rated,NULL,N/A
CDC,$34.8,1440706548907,"15,134",Not yet rated,NULL,N/A
CSA,NULL,1440706548932,0,Not yet rated,NULL,N/A
CSF,$36.21,1440706549081,"4,205",100% bearish,of 1 rating,N/A
CFA,$35.71,1440706549185,"15,307",100% bearish,of 1 rating,N/A
CFO,$35.3,1440706549220,"14,239",100% bearish,of 1 rating,N/A
CSB,NULL,1440706549289,0,Not yet rated,NULL,N/A
CDL,NULL,1440706549314,0,Not yet rated,NULL,N/A
CGEN,$4.88,1440706549342,"86,381",50% bullish,of 2 ratings,$11
CPSI,$45.23,1440706549477,"55,896",100% bearish,of 1 rating,$45.50
CTG,$6.74,1440706549579,"38,772",100% bearish,of 1 rating,$8.50
CMTL,$25.29,1440706549712,"86,209",100% bearish,of 2 ratings,$37
SCOR,$53.74,1440706549741,"239,774",100% bearish,of 1 rating,$66
CHCI,$0.7201,1440706549766,"6,679",50% bullish,of 2 ratings,N/A
CNAT,$3.68,1440706549798,"74,456",83% bullish,of 6 ratings,$13
CNSI,$18.7987,1440706549902,"72,424",100% bearish,of 2 ratings,$29
CNCE,$15.4975,1440706549930,"137,978",75% bullish,of 4 ratings,$22
CCUR,$4.68,1440706549959,"39,097",75% bullish,of 4 ratings,N/A
CXRX,$72.8,1440706550004,"3,800",100% bearish,of 1 rating,$90
CDOR,$1.32,1440706550181,"2,790",100% bullish,of 1 rating,N/A
CDORP,NULL,1440706550259,0,100% bearish,of 1 rating,N/A
CDORO,$17,1440706550287,324,100% bearish,of 1 rating,N/A
CFMS,$19.24,1440706550419,"162,463",Not yet rated,NULL,$27
CTWS,$34.5,1440706550467,"23,526",100% bearish,of 1 rating,$44
CNFR,$10.49,1440706550493,"1,724",Not yet rated,NULL,N/A
CNOB,$19.52,1440706550650,"63,803",100% bullish,of 1 rating,$23.50
CNXR,$6.61,1440706550755,"260,883",100% bearish,of 1 rating,$12
CONN,$30.3753,1440706550785,"374,146",67% bullish,of 3 ratings,$48.50
CWCO,$10.39,1440706550806,"65,578",67% bullish,of 3 ratings,$14.50
CNMD,$53.23,1440706550843,"123,787",Not yet rated,NULL,$59
CTCT,$24.4,1440706550864,"169,300",67% bullish,of 3 ratings,$37
CNSL,$19.37,1440706550939,"234,291",100% bearish,of 1 rating,$23
CFRX,$5.02,1440706551033,"16,064",Not yet rated,NULL,$14
CPSS,$5.73,1440706551059,"48,202",100% bullish,of 1 rating,$10
CFRXW,$1.74,1440706551189,"1,829",100% bearish,of 1 rating,N/A
CFRXZ,$0.5,1440706551294,"9,700",Not yet rated,NULL,N/A
CTRL,$8.0811,1440706551454,"131,311",50% bullish,of 2 ratings,$11
CTRV,$3.77,1440706551490,"5,545",Not yet rated,NULL,$6.40
CRBP,$1.93,1440706551511,"328,772",100% bullish,of 2 ratings,$6.25
CORT,$5.07,1440706551532,"278,500",67% bullish,of 3 ratings,$12
CPRT,$34.72,1440706551570,"264,313",67% bearish,of 3 ratings,$40
BVA,NULL,1440706551591,0,50% bullish,of 2 ratings,N/A
CORE,$59.24,1440706551625,"123,578",100% bearish,of 1 rating,$72
CORI,$10.72,1440706551718,"59,544",100% bearish,of 1 rating,$18
CSOD,$36.02,1440706551881,"724,831",50% bullish,of 2 ratings,$42
CRVL,$31.29,1440706551965,"29,211",100% bearish,of 1 rating,N/A
COSI,$1.2,1440706552013,"141,913",100% bullish,of 1 rating,N/A
CSGP,$178.9464,1440706552042,"87,629",50% bullish,of 2 ratings,$235
COST,$140.21,1440706552142,"1,608,597",79% bullish,of 24 ratings,$154.50
CPAH,$0.47,1440706552230,"4,029",50% bullish,of 2 ratings,N/A
CVTI,$22.9721,1440706552256,"96,806",67% bearish,of 3 ratings,$39
ICBK,$18.54,1440706552277,500,Not yet rated,NULL,$21
COVS,$2.61,1440706552316,"107,167",67% bullish,of 3 ratings,N/A
COWN,$5.0554,1440706552407,"1,408,138",75% bullish,of 4 ratings,$7
COWNL,NULL,1440706552439,0,Not yet rated,NULL,N/A
CPSH,$2.24,1440706552539,"2,300",Not yet rated,NULL,N/A
CBRL,$146.34,1440706552566,"207,664",50% bullish,of 2 ratings,$155
CRAI,$21.45,1440706552724,"35,570",100% bearish,of 1 rating,$36
BREW,$7.56,1440706552914,"29,469",67% bullish,of 6 ratings,$15
CACC,$197.87,1440706553055,"67,811",50% bullish,of 2 ratings,$158.50
CRAY,$20.39,1440706553082,"276,137",83% bullish,of 6 ratings,$38.50
GLDI,$10.95,1440706553110,"12,167",100% bearish,of 1 rating,N/A
CREE,$26.93,1440706553141,"916,025",65% bullish,of 17 ratings,$29.50
SLVO,$9.95,1440706553161,"15,623",100% bearish,of 1 rating,N/A
CRESY,$10.38,1440706553191,"29,451",100% bearish,of 1 rating,$19
CRTO,$43.6,1440706553244,"251,333",67% bullish,of 6 ratings,$64
CROX,$14.15,1440706553434,"976,382",63% bullish,of 8 ratings,$16.50
CCRN,$13.93,1440706553463,"183,235",100% bearish,of 1 rating,$14.25
CRDS,$1,1440706553569,"70,940",75% bullish,of 4 ratings,$4.50
CRWN,$4.45,1440706553629,"59,033",75% bullish,of 4 ratings,N/A
CRWS,$8.1,1440706553655,"7,063",Not yet rated,NULL,$10
CYRX,$2.87,1440706553676,"19,771",Not yet rated,NULL,$9
CYRXW,$0.869,1440706553804,"2,900",Not yet rated,NULL,N/A
CSPI,$5.74,1440706553977,"16,462",67% bullish,of 3 ratings,N/A
CCLP,$14.25,1440706554011,"61,950",67% bearish,of 3 ratings,$20
CSGS,$30.46,1440706554037,"155,758",Not yet rated,NULL,$40
CTCM,$1.75,1440706554058,"219,058",80% bearish,of 5 ratings,$3.90
CTIC,$1.57,1440706554110,"1,085,653",84% bullish,of 76 ratings,$5.75
CTRP,$69.96,1440706554203,"1,853,076",75% bullish,of 8 ratings,$92
CTIB,$3.55,1440706554259,"3,399",100% bearish,of 1 rating,N/A
CUNB,$21.07,1440706554307,"18,215",Not yet rated,NULL,$24.50
CPIX,$6.01,1440706554391,"3,300",Not yet rated,NULL,N/A
CMLS,$1.45,1440706554524,"324,957",50% bullish,of 4 ratings,$6
CUI,$4.92,1440706554551,"13,678",50% bullish,of 2 ratings,$10
CRIS,$2.47,1440706554727,"377,642",100% bullish,of 8 ratings,$6
CVV,$10.79,1440706554863,"4,524",100% bullish,of 5 ratings,N/A
CVBF,$16,1440706554888,"433,560",Not yet rated,NULL,$18
CYAN,$7.5,1440706554929,"8,402",100% bearish,of 1 rating,N/A
CUTR,$14.33,1440706554959,"57,021",67% bearish,of 3 ratings,$18
CYBR,$50.77,1440706555024,"1,084,314",75% bullish,of 8 ratings,$66
CYBX,$66.81,1440706555055,"281,852",50% bullish,of 4 ratings,$71.50
CYBE,$6.2,1440706555124,"17,455",100% bearish,of 1 rating,N/A
CYCC,$0.5201,1440706555182,"20,047",73% bullish,of 11 ratings,N/A
CYCCP,NULL,1440706555312,0,100% bearish,of 1 rating,N/A
CYNO,$31.41,1440706555340,"321,990",67% bearish,of 3 ratings,$45.50
CBAY,$2.56,1440706555383,"35,570",100% bullish,of 1 rating,$4
CY,$9.88,1440706555408,"4,159,457",80% bullish,of 10 ratings,$15.50
CYNA,$16.15,1440706555471,"17,169",100% bullish,of 1 rating,$31.50
CONE,$32.18,1440706555615,"362,022",67% bearish,of 3 ratings,$35.50
CYTX,$0.2993,1440706555747,"2,094,365",83% bullish,of 12 ratings,$5.50
CYRN,$1.72,1440706555775,"24,475",67% bullish,of 3 ratings,$4
CYTK,$6.7733,1440706555805,"132,764",71% bullish,of 14 ratings,$13.50
CYTR,$2.29,1440706555907,"436,372",67% bullish,of 6 ratings,$10
CTSO,$6.34,1440706555938,"38,386",Not yet rated,NULL,$15.625
DAEG,$0.36,1440706555993,696,100% bearish,of 1 rating,N/A
TVIX,$12.78,1440706556038,"16,204,349",81% bullish,of 16 ratings,N/A
TVIZ,$18.1,1440706556063,"7,542",100% bearish,of 1 rating,N/A
XIV,$27.79,1440706556196,"25,751,076",75% bearish,of 4 ratings,N/A
ZIV,$41.81,1440706556225,"247,971",Not yet rated,NULL,N/A
DJCO,$194.69,1440706556250,974,Not yet rated,NULL,N/A
DAKT,$8.53,1440706556275,"463,233",50% bullish,of 2 ratings,$14
DARA,$0.8401,1440706556468,"51,090",83% bullish,of 6 ratings,$1.50
DTLK,$5.76,1440706556506,"65,066",100% bearish,of 1 rating,$9
DAIO,$2.58,1440706556635,"1,277",Not yet rated,NULL,N/A
DRAM,$1.22,1440706556661,"29,128",78% bullish,of 9 ratings,N/A
PLAY,$34.7978,1440706556683,"349,684",100% bullish,of 5 ratings,$42
DWCH,$5.1,1440706556713,"33,104",75% bullish,of 4 ratings,$8.25
DWSN,$4.25,1440706556743,"32,519",67% bullish,of 3 ratings,N/A
DTEA,$12.72,1440706556843,"36,649",100% bearish,of 2 ratings,$24
DHRM,$1.5,1440706557061,"25,021",Not yet rated,NULL,N/A
DFRG,$14.4239,1440706557100,"92,716",100% bearish,of 1 rating,$20
TRAK,$62.89,1440706557153,"325,418",50% bullish,of 2 ratings,$62.50
DCTH,$0.41,1440706557180,"115,579",78% bullish,of 9 ratings,N/A
DBVT,$41.33,1440706557207,"133,858",100% bearish,of 1 rating,$53
TACOW,$4.03,1440706557227,"16,422",100% bullish,of 1 rating,N/A
TACO,$13.11,1440706557255,"111,448",75% bullish,of 4 ratings,$20
DGAS,$20.16,1440706557512,"11,092",67% bearish,of 3 ratings,N/A
DELT,$2.68,1440706557547,"4,200",Not yet rated,NULL,N/A
DEPO,$28.8,1440706557576,"586,364",60% bullish,of 5 ratings,$29
XRAY,$53.26,1440706557614,"482,222",100% bullish,of 1 rating,$58
DELTW,NULL,1440706557641,0,Not yet rated,NULL,N/A
DSCI,$5.91,1440706557666,"54,893",50% bullish,of 2 ratings,$16
DENN,$11.5055,1440706557708,"592,204",100% bullish,of 3 ratings,$15
DERM,$26.33,1440706557870,"84,858",100% bearish,of 1 rating,$33.50
DEST,$11.33,1440706557934,"93,099",50% bullish,of 2 ratings,N/A
DXLG,$5.31,1440706558079,"212,335",100% bearish,of 1 rating,$8
DXM,$0.2418,1440706558112,"295,232",50% bullish,of 2 ratings,N/A
DSWL,$1.73,1440706558133,660,100% bullish,of 1 rating,N/A
DXCM,$93.74,1440706558188,"652,375",57% bullish,of 7 ratings,$98
DHXM,NULL,1440706558219,0,Not yet rated,NULL,N/A
DHIL,$193.7,1440706558324,"5,785",Not yet rated,NULL,N/A
DMND,$28.99,1440706558355,"312,630",75% bullish,of 12 ratings,$32
FANG,$65.7,1440706558461,"796,011",50% bullish,of 2 ratings,$86.50
DCIX,$1.65,1440706558534,"99,048",50% bullish,of 4 ratings,$3.50
DRNA,$10.3928,1440706558559,"60,889",67% bearish,of 3 ratings,$25
DGLY,$8.11,1440706559103,"196,714",50% bullish,of 6 ratings,$20
DPRX,$13.18,1440706559139,"7,027",100% bullish,of 2 ratings,$27.75
DGII,$9.87,1440706559161,"116,737",100% bearish,of 1 rating,$10
DMRC,$34.6231,1440706559194,"37,087",100% bearish,of 1 rating,$44
DRAD,$3.67,1440706559215,"18,312",100% bullish,of 1 rating,$5.25
DIOD,$20.09,1440706559251,"135,471",75% bearish,of 4 ratings,$24
DCOM,$16.83,1440706559273,"154,621",100% bearish,of 2 ratings,$16.50
APPS,$2.35,1440706559302,"100,383",100% bearish,of 1 rating,$10.25
DISCA,$26.91,1440706559520,"1,820,637",67% bullish,of 3 ratings,$34
DISCB,$27.0801,1440706559602,200,100% bearish,of 1 rating,$35
DSCO,$0.3725,1440706559682,"241,035",83% bullish,of 6 ratings,$2.75
DISCK,$25.32,1440706559757,"1,428,725",100% bearish,of 1 rating,$32
DVCR,$10.8,1440706559850,"4,724",100% bullish,of 1 rating,N/A
DISH,$59.1246,1440706559885,"1,251,035",69% bullish,of 13 ratings,$73
DLHC,$2.47,1440706559935,"2,234",100% bearish,of 1 rating,N/A
DNBF,$26.3,1440706559979,300,Not yet rated,NULL,$27.50
BAGR,$2.79,1440706560028,"26,491",100% bearish,of 1 rating,$6
DLTR,$76.79,1440706560071,"3,388,632",82% bullish,of 11 ratings,$88
DGICA,$14.43,1440706560126,"12,987",100% bearish,of 1 rating,$17
DGICB,NULL,1440706560170,0,100% bearish,of 1 rating,N/A
DMLP,$14.45,1440706560306,"40,853",100% bearish,of 1 rating,N/A
DORM,$50.81,1440706560337,"116,702",100% bearish,of 1 rating,$56
HILL,$9.67,1440706560439,"845,350",60% bearish,of 5 ratings,$9.75
DRWI,$0.22,1440706560500,"89,926",60% bullish,of 5 ratings,$.45
DRWIW,$0.049,1440706560605,800,Not yet rated,NULL,N/A
DRYS,$0.45,1440706560700,"5,935,696",77% bullish,of 31 ratings,$.60
DWA,$20.32,1440706560727,"771,801",63% bullish,of 8 ratings,$26
CADT,NULL,1440706560747,0,Not yet rated,NULL,N/A
DSPG,$8.61,1440706560778,"86,956",100% bearish,of 1 rating,$13.50
DSKX,$3.05,1440706560943,"123,297",100% bullish,of 1 rating,N/A
CADTR,$0.2,1440706560970,"10,800",Not yet rated,NULL,N/A
CADTU,NULL,1440706561001,0,Not yet rated,NULL,N/A
CADTW,NULL,1440706561103,0,Not yet rated,NULL,N/A
DNKN,$51.53,1440706561144,"699,128",67% bullish,of 15 ratings,$56.50
DRRX,$2.02,1440706561168,"169,381",50% bullish,of 6 ratings,$3
DTSI,$26.59,1440706561387,"65,871",100% bearish,of 2 ratings,$39.50
DYAX,$23.8223,1440706561514,"717,499",89% bullish,of 9 ratings,$30
BOOM,$9.71,1440706561544,"80,692",67% bullish,of 3 ratings,$12
DXPE,$26.32,1440706561565,"347,100",50% bullish,of 2 ratings,N/A
DVAX,$28.45,1440706561597,"310,401",70% bullish,of 10 ratings,$40
DYSL,$1.47,1440706561648,"59,325",100% bullish,of 2 ratings,N/A
DYNT,$3,1440706561730,"11,447",75% bullish,of 4 ratings,N/A
ETFC,$26.59,1440706561759,"3,167,742",57% bullish,of 14 ratings,$32.50
EBMT,$11.5,1440706561891,"2,802",Not yet rated,NULL,$13.50
EGLE,$6.69,1440706562023,"19,237",60% bullish,of 5 ratings,N/A
EGRX,$81.64,1440706562055,"278,134",67% bullish,of 3 ratings,$97
EROC,$1.39,1440706562082,"387,059",50% bullish,of 2 ratings,$3
EGBN,$41.839,1440706562106,"126,965",Not yet rated,NULL,$48
ELNK,$8.42,1440706562283,"526,549",60% bullish,of 5 ratings,$9.50
EACQU,NULL,1440706562357,0,Not yet rated,NULL,N/A
EML,$16.57,1440706562414,"2,222",Not yet rated,NULL,N/A
EWBC,$40.15,1440706562451,"775,272",100% bearish,of 1 rating,$50
EVBS,$6.545,1440706562503,"1,300",Not yet rated,NULL,$7
EBIX,$28.08,1440706562544,"277,354",69% bullish,of 13 ratings,$40
EBAY,$27.1,1440706562573,"10,013,045",81% bullish,of 117 ratings,$48
ELON,$0.5401,1440706562593,"46,429",50% bullish,of 2 ratings,N/A
ECTE,$1.53,1440706562787,"1,734",75% bullish,of 4 ratings,N/A
ECHO,$23.19,1440706562874,"536,861",67% bearish,of 3 ratings,$35.50
SATS,$44.62,1440706563079,"61,113",50% bullish,of 2 ratings,$60
EEI,$10.96,1440706563287,"11,246",67% bearish,of 3 ratings,N/A
ECACU,$10.06,1440706563314,200,Not yet rated,NULL,N/A
ESES,$3.41,1440706563347,"1,800",100% bearish,of 1 rating,$7
EFUT,$4.32,1440706563368,"3,197",Not yet rated,NULL,N/A
EDAP,$3.59,1440706563449,"117,651",60% bullish,of 5 ratings,$4.50
EDGW,$6.99,1440706563477,"9,580",100% bearish,of 1 rating,N/A
EGAN,$3.5,1440706563607,"1,093,761",50% bullish,of 2 ratings,$6.25
EGLT,$10.4,1440706563698,"25,593",50% bullish,of 2 ratings,$21
EDUC,$5.24,1440706563749,"9,180",100% bearish,of 1 rating,N/A
LOCO,$12.4771,1440706563775,"681,522",69% bullish,of 13 ratings,$20
ESLT,$77.06,1440706563796,"5,613",67% bullish,of 3 ratings,N/A
EHTH,$14.1,1440706563930,"90,130",50% bullish,of 4 ratings,$16.50
EMITF,$1.25,1440706564009,"11,794",75% bullish,of 4 ratings,N/A
ERI,$9.5,1440706564156,"98,953",100% bearish,of 1 rating,$10
EA,$67.16,1440706564226,"1,830,692",77% bullish,of 35 ratings,$80
ESIO,$4.4,1440706564279,"86,801",50% bullish,of 2 ratings,$10
EFII,$44.08,1440706564300,"231,687",80% bullish,of 5 ratings,$55
ELRC,$10.42,1440706564336,"32,024",100% bearish,of 1 rating,N/A
ELSE,$4.01,1440706564430,"2,647",60% bullish,of 5 ratings,N/A
ELEC,NULL,1440706564455,0,Not yet rated,NULL,N/A
EBIO,$3.63,1440706564518,"450,270",100% bearish,of 2 ratings,$8.35
ELECU,NULL,1440706564618,0,Not yet rated,NULL,N/A
ELECW,NULL,1440706564747,0,Not yet rated,NULL,N/A
RDEN,$10.58,1440706564772,"57,875",100% bearish,of 4 ratings,$15
LONG,$17,1440706565261,"40,213",67% bullish,of 3 ratings,$15.75
EMMS,$1.13,1440706565294,"49,767",83% bullish,of 6 ratings,N/A
ESBK,$19.79,1440706565318,600,Not yet rated,NULL,N/A
EMCI,$22.95,1440706565339,"22,722",Not yet rated,NULL,N/A
EMKR,$6.87,1440706565360,"88,360",75% bullish,of 4 ratings,$8.50
ELTK,$1.24,1440706565390,"93,989",67% bearish,of 3 ratings,N/A
CAPX,$22.83,1440706565429,"6,100",Not yet rated,NULL,N/A
EMCF,$23.2999,1440706565493,300,100% bearish,of 1 rating,N/A
EMMSP,NULL,1440706565687,0,100% bearish,of 1 rating,N/A
ERS,$2.77,1440706565715,"2,500",Not yet rated,NULL,N/A
ENTA,$42.03,1440706565737,"151,276",50% bullish,of 2 ratings,$42
NYNY,$4.25,1440706565765,"29,146",50% bullish,of 2 ratings,N/A
ECPG,$39.26,1440706565790,"147,231",100% bullish,of 2 ratings,$52
WATT,$6.5,1440706566134,"97,236",50% bullish,of 2 ratings,$13
ELGX,$12.8525,1440706566167,"429,207",75% bullish,of 4 ratings,$17
WIRE,$31.2,1440706566191,"96,436",100% bearish,of 1 rating,$37
EIGI,$15.54,1440706566212,"305,979",67% bearish,of 3 ratings,$22.50
ENDP,$79,1440706566233,"956,336",50% bullish,of 6 ratings,$104
EFOI,$19.57,1440706566277,"1,467,290",50% bullish,of 2 ratings,$20.50
ECYT,$5.19,1440706566298,"153,096",83% bullish,of 6 ratings,$12
ERII,$2.68,1440706566368,"30,825",80% bullish,of 5 ratings,$2.50
EXXI,$1.71,1440706566502,"2,070,214",86% bullish,of 7 ratings,$3.50
ENOC,$8.33,1440706566749,"277,399",75% bullish,of 4 ratings,$18
ENG,$1.02,1440706566778,"20,370",100% bullish,of 3 ratings,N/A
ENFC,$17.91,1440706566828,"1,604",Not yet rated,NULL,N/A
ESGR,$145.85,1440706566882,"38,382",100% bearish,of 1 rating,$185
ENTL,$21.9017,1440706566909,"13,438",Not yet rated,NULL,$28
ETRM,$0.2698,1440706566955,"857,019",69% bearish,of 35 ratings,$1.625
ENTG,$13.68,1440706567040,"512,025",100% bearish,of 1 rating,$18
EGT,$2.24,1440706567181,906,100% bullish,of 1 rating,N/A
EBTC,$21.92,1440706567267,"5,982",Not yet rated,NULL,N/A
ENVI,$1.84,1440706567295,"47,860",67% bullish,of 3 ratings,N/A
ENPH,$4.63,1440706567327,"438,846",75% bullish,of 4 ratings,$11
ENZN,$1.06,1440706567348,"515,108",100% bullish,of 9 ratings,N/A
EFSC,$23.6,1440706567381,"47,052",Not yet rated,NULL,$27
ENZY,$9.14,1440706567518,"5,779",67% bullish,of 3 ratings,$9.50
EPRS,$4.95,1440706567688,"64,371",82% bullish,of 11 ratings,$15
EPIQ,$13.02,1440706567714,"75,808",100% bearish,of 1 rating,$18
EPZM,$17.5348,1440706567842,"279,758",60% bullish,of 5 ratings,$34
PLUS,$75.08,1440706567916,"69,403",50% bullish,of 2 ratings,$88
EQIX,$266.14,1440706567943,"351,909",75% bullish,of 4 ratings,$312.50
EAC,$3.31,1440706568072,"9,623",100% bearish,of 1 rating,$8
ERIC,$9.9,1440706568097,"1,226,439",67% bullish,of 9 ratings,$12.20
ERIE,$82.66,1440706568252,"13,424",Not yet rated,NULL,$73
EQFN,$8.03,1440706568283,300,100% bearish,of 1 rating,N/A
ESCA,$17.25,1440706568317,"9,890",100% bearish,of 1 rating,$22
ESCR,$0.14,1440706568384,"277,450",50% bullish,of 2 ratings,N/A
ESCRP,$1.4,1440706568418,"3,300",100% bearish,of 1 rating,N/A
ESMC,$1.3,1440706568443,"2,806",Not yet rated,NULL,N/A
ESPR,$52.2699,1440706568515,"496,029",70% bearish,of 10 ratings,$123
ESSA,$12.83,1440706568683,752,100% bearish,of 1 rating,N/A
EPIX,NULL,1440706568850,0,Not yet rated,NULL,N/A
CLWT,$2.5401,1440706568938,300,100% bullish,of 1 rating,N/A
ESSX,$0.36,1440706568979,"175,521",50% bullish,of 2 ratings,N/A
ESND,$34.07,1440706569010,"84,459",100% bearish,of 2 ratings,$40
EEFT,$64.833,1440706569039,"216,022",100% bearish,of 1 rating,$67.50
ETSY,$14.25,1440706569064,"539,468",80% bullish,of 5 ratings,$16
EVEP,$8.08,1440706569109,"327,492",50% bullish,of 2 ratings,$15
EVOK,$3.9,1440706569288,"23,087",100% bearish,of 1 rating,$13.375
EVK,$3.75,1440706569349,300,75% bearish,of 4 ratings,N/A
ESEA,$5.41,1440706569456,"2,269",100% bullish,of 1 rating,$15
EVLV,$2.63,1440706569491,"190,896",60% bullish,of 5 ratings,$6
EXA,$11.1,1440706569518,"5,302",100% bearish,of 1 rating,$13
EXAS,$21.9918,1440706569539,"837,274",78% bullish,of 9 ratings,$31
EVOL,$6.06,1440706569600,"4,725",75% bullish,of 4 ratings,$10
EXAC,$18.27,1440706569930,"76,447",100% bearish,of 1 rating,$22.50
EXPO,$42.44,1440706569983,"90,024",100% bearish,of 1 rating,$45.50
EXLS,$37.17,1440706570009,"266,065",50% bullish,of 2 ratings,$41
EXPE,$117.45,1440706570030,"794,944",64% bullish,of 11 ratings,$130
ESRX,$85.2,1440706570070,"2,398,086",67% bearish,of 6 ratings,$101
EXFO,$2.95,1440706570099,"20,652",67% bearish,of 3 ratings,$3.95
EXEL,$5.959,1440706570120,"6,478,324",81% bullish,of 16 ratings,$6
EXPD,$49.92,1440706570176,"1,171,843",80% bullish,of 5 ratings,$52
EXTR,$2.75,1440706570441,"588,912",80% bullish,of 5 ratings,$3
EYEG,$3.82,1440706570467,"9,151",Not yet rated,NULL,N/A
EXLP,$18.86,1440706570488,"140,868",100% bearish,of 1 rating,$25
EZPW,$5.75,1440706570669,"283,797",50% bullish,of 4 ratings,$7.50
EZCH,$21.92,1440706570724,"175,988",75% bullish,of 8 ratings,$19.50
FFIV,$122.79,1440706570750,"701,774",63% bullish,of 8 ratings,$132
FCS,$13.77,1440706570800,"693,559",67% bearish,of 3 ratings,$17
EYEGW,$0.7,1440706570826,183,Not yet rated,NULL,N/A
FB,$89.7,1440706570847,"25,649,040",73% bullish,of 1068 ratings,$111
FWM,$2.39,1440706570885,"120,746",100% bearish,of 2 ratings,$3.20
FRP,$15.87,1440706570906,"139,766",100% bearish,of 1 rating,$18
FALC,$1.7,1440706571147,"131,099",63% bearish,of 8 ratings,N/A
FARM,$21.65,1440706571277,"51,276",100% bearish,of 1 rating,$35
DAVE,$14.61,1440706571345,"5,025",100% bearish,of 1 rating,$15.50
FFKT,$25.61,1440706571370,"9,607",Not yet rated,NULL,$29
FMNB,$8.12,1440706571423,"11,575",Not yet rated,NULL,N/A
FARO,$37.72,1440706571514,"54,425",50% bullish,of 2 ratings,$48
FAST,$38.98,1440706571539,"1,835,275",80% bullish,of 5 ratings,$45.50
FDML,$8.45,1440706571564,"247,791",50% bullish,of 4 ratings,$14
FBRC,$21.84,1440706571753,"45,270",100% bearish,of 1 rating,$29
FBSS,NULL,1440706571819,0,Not yet rated,NULL,N/A
FHCO,$1.34,1440706571854,"6,688",50% bullish,of 4 ratings,N/A
FEIC,$75.1,1440706571875,"284,263",50% bullish,of 2 ratings,$95.50
FATE,$6.67,1440706571925,"24,004",50% bullish,of 2 ratings,$11
FENX,$9.52,1440706571952,"24,047",100% bullish,of 1 rating,$14.25
FNHC,$21.77,1440706572019,"43,677",100% bearish,of 1 rating,$35
FCSC,$5.59,1440706572205,"78,923",100% bearish,of 1 rating,$8.125
FGEN,$23.5926,1440706572290,"164,600",100% bearish,of 1 rating,$39
ONEQ,$189.36,1440706572356,"29,089",100% bullish,of 1 rating,N/A
FSAM,$8.24,1440706572434,"14,210",100% bearish,of 1 rating,$10.25
FDUS,$14.55,1440706572463,"56,377",50% bullish,of 2 ratings,$18
FRGI,$52.26,1440706572504,"135,685",50% bullish,of 2 ratings,$70
LION,$18.8129,1440706572531,"80,583",100% bullish,of 1 rating,$20
FSCFL,$24.49,1440706572556,"11,281",Not yet rated,NULL,N/A
FSC,$6.38,1440706572724,"697,378",60% bullish,of 5 ratings,$8
FSFR,$8.89,1440706572755,"70,592",100% bearish,of 1 rating,$11.50
FITBI,$27.48,1440706572886,"20,120",Not yet rated,NULL,N/A
FITB,$19.94,1440706572914,"7,641,246",54% bullish,of 13 ratings,$22
FNGN,$33.2,1440706572955,"279,609",67% bullish,of 3 ratings,$47
FISI,$24.5,1440706572987,"74,209",100% bullish,of 2 ratings,$24.50
FNSR,$15.72,1440706573049,"671,301",71% bullish,of 7 ratings,$24.50
FNJN,$1.89,1440706573183,"63,434",100% bearish,of 1 rating,$5
FNTC,$9.79,1440706573224,301,Not yet rated,NULL,N/A
FNTCU,NULL,1440706573313,0,Not yet rated,NULL,N/A
FNTCW,NULL,1440706573338,0,Not yet rated,NULL,N/A
FEYE,$39.0801,1440706573398,"3,075,684",87% bullish,of 15 ratings,$55.50
FNLC,$18.57,1440706573482,"18,946",100% bullish,of 1 rating,N/A
FBNC,$17.03,1440706573620,"31,032",100% bullish,of 1 rating,$20
FRBA,$6.0773,1440706573648,"2,300",Not yet rated,NULL,$8
BUSE,$6.35,1440706573714,"57,482",Not yet rated,NULL,$6.875
FBIZ,$43.97,1440706573816,"12,953",100% bearish,of 2 ratings,$52
FCAP,$26.54,1440706573890,"1,211",Not yet rated,NULL,N/A
FCVA,$4.6201,1440706573916,"1,932",Not yet rated,NULL,N/A
FCFS,$39.68,1440706574047,"137,680",100% bearish,of 3 ratings,$48
FCNCA,$236.17,1440706574076,"9,489",Not yet rated,NULL,N/A
FCLF,NULL,1440706574102,0,Not yet rated,NULL,N/A
FCBC,$17.45,1440706574236,"19,339",Not yet rated,NULL,$18
FCCO,$12.05,1440706574278,"5,208",Not yet rated,NULL,$13.25
FCFP,$6.823,1440706574309,250,Not yet rated,NULL,N/A
FBNK,$16.96,1440706574330,"35,764",100% bearish,of 1 rating,$17.50
FDEF,$37.71,1440706574408,"31,714",Not yet rated,NULL,$38
FFBC,$18.24,1440706574595,"178,820",67% bearish,of 3 ratings,$20.25
FFNM,$6.18,1440706574666,"4,781",Not yet rated,NULL,N/A
FFNW,$11.9,1440706574800,"14,021",Not yet rated,NULL,$14
FFIN,$30.56,1440706574873,"174,248",50% bullish,of 2 ratings,$31.75
THFF,$32.99,1440706574897,"20,115",Not yet rated,NULL,$35
INBK,$29.54,1440706574941,"7,612",50% bullish,of 2 ratings,$37
FFWM,$21.44,1440706574967,"32,572",Not yet rated,NULL,$24
FFBCW,NULL,1440706574996,0,100% bearish,of 1 rating,N/A
FMBH,NULL,1440706575097,0,Not yet rated,NULL,N/A
FIBK,$26.3,1440706575190,"85,916",Not yet rated,NULL,$32
FRME,$25.88,1440706575226,"149,606",Not yet rated,NULL,$26.50
FNFG,$9.12,1440706575353,"2,194,075",80% bullish,of 5 ratings,$9
FNBC,$34.21,1440706575380,"72,338",Not yet rated,NULL,$40
FNWB,$11.83,1440706575405,"4,056",Not yet rated,NULL,N/A
FMBI,$17.44,1440706575429,"316,421",Not yet rated,NULL,$20
FSFG,NULL,1440706575770,0,Not yet rated,NULL,N/A
FSBK,$7.8,1440706575796,"3,728",100% bullish,of 1 rating,N/A
FSGI,$2.46,1440706575832,"3,291",Not yet rated,NULL,N/A
FSLR,$47.84,1440706575853,"1,415,982",72% bullish,of 39 ratings,$65
FCAN,$23.95,1440706575882,"3,251",Not yet rated,NULL,N/A
BICK,$19.79,1440706575926,"10,041",100% bullish,of 1 rating,N/A
FBZ,NULL,1440706575955,0,Not yet rated,NULL,N/A
FTCS,$36.67,1440706576013,"20,446",100% bearish,of 1 rating,N/A
FV,$23.6,1440706576217,"4,286,379",100% bearish,of 1 rating,N/A
IFV,$17.96,1440706576245,"662,340",100% bearish,of 1 rating,N/A
FEMB,NULL,1440706576311,0,Not yet rated,NULL,N/A
FCA,$19.8,1440706576446,"2,396",Not yet rated,NULL,N/A
FEUZ,$31.452,1440706576470,318,Not yet rated,NULL,N/A
FTSM,$59.85,1440706576494,"15,925",100% bearish,of 1 rating,N/A
TDIV,$24.77,1440706576642,"101,037",100% bearish,of 1 rating,N/A
FGM,$35.91,1440706576666,"28,582",Not yet rated,NULL,N/A
MDIV,$19.19,1440706576693,"174,952",Not yet rated,NULL,N/A
FTGC,$22.19,1440706577002,"354,786",Not yet rated,NULL,N/A
FTHI,$19.37,1440706577039,"2,600",Not yet rated,NULL,N/A
HYLS,$49.66,1440706577137,"29,876",100% bearish,of 1 rating,N/A
FHK,$33.67,1440706577169,"24,642",Not yet rated,NULL,N/A
YDIV,$16.46,1440706577194,"6,330",Not yet rated,NULL,N/A
SKYY,$29.08,1440706577215,"54,189",100% bullish,of 1 rating,N/A
FPXI,$27.42,1440706577264,753,Not yet rated,NULL,N/A
PLTM,$6.17,1440706577496,"19,478",100% bearish,of 1 rating,N/A
CU,$12.73,1440706577527,"5,168",100% bearish,of 1 rating,N/A
FJP,$47.67,1440706577625,"6,378",Not yet rated,NULL,N/A
FMB,$51.2399,1440706577656,350,Not yet rated,NULL,N/A
FTLB,$19.25,1440706577689,"1,967",100% bearish,of 1 rating,N/A
QABA,$37.27,1440706577716,"16,757",100% bearish,of 1 rating,N/A
CIBR,$17.99,1440706577758,"100,225",Not yet rated,NULL,N/A
LMBS,$50.15,1440706577782,647,Not yet rated,NULL,N/A
FONE,$34.94,1440706578045,"2,037",Not yet rated,NULL,N/A
QCLN,$14.7,1440706578080,"19,033",Not yet rated,NULL,N/A
GRID,NULL,1440706578111,0,100% bearish,of 1 rating,N/A
CARZ,$34.78,1440706578174,"5,852",100% bearish,of 1 rating,N/A
RDVY,$21.26,1440706578227,"11,733",Not yet rated,NULL,N/A
QQXT,$40.78,1440706578333,"34,387",Not yet rated,NULL,N/A
QQEW,$42.04,1440706578364,"197,277",Not yet rated,NULL,N/A
QTEC,$40.25,1440706578491,"65,044",Not yet rated,NULL,N/A
AIRR,$16.08,1440706578523,"19,080",100% bearish,of 1 rating,N/A
QINC,$20.2205,1440706578551,220,Not yet rated,NULL,N/A
FKO,$23,1440706578619,247,Not yet rated,NULL,N/A
FDIV,$46.8,1440706578650,"6,891",100% bearish,of 1 rating,N/A
FTSL,$48.805,1440706578688,"42,889",100% bearish,of 1 rating,N/A
FSZ,$39.09,1440706579026,"7,201",Not yet rated,NULL,N/A
FMER,$17.79,1440706579122,"1,233,684",50% bullish,of 2 ratings,$20
FTW,$31.905,1440706579147,100,Not yet rated,NULL,N/A
FUNC,$8.14,1440706579196,502,Not yet rated,NULL,N/A
FKU,$41.56,1440706579225,"10,514",Not yet rated,NULL,N/A
TUSA,$24.8499,1440706579327,"2,179",Not yet rated,NULL,N/A
FSV,$31.39,1440706579356,"4,698",Not yet rated,NULL,$33.60
SVVC,$9.41,1440706579456,"14,327",50% bullish,of 2 ratings,$26
FISV,$86.56,1440706579531,"1,292,361",100% bearish,of 3 ratings,$90
FPRX,$18.8213,1440706579657,"198,099",50% bullish,of 2 ratings,$35
FLML,$22.49,1440706579701,"211,176",50% bullish,of 2 ratings,$30
FIVN,$4.17,1440706579760,"133,801",100% bullish,of 1 rating,$8.50
FIVE,$37.6,1440706579788,"556,407",75% bearish,of 4 ratings,$44
FLKS,$12.16,1440706579834,"28,315",50% bullish,of 2 ratings,$27
FLXN,$24.71,1440706579891,"83,557",100% bearish,of 1 rating,$40
FLXS,$31.4,1440706580122,"14,584",100% bearish,of 2 ratings,N/A
SKOR,NULL,1440706580150,0,Not yet rated,NULL,N/A
FLEX,$10.5844,1440706580252,"2,006,835",63% bullish,of 8 ratings,$12
MBSD,$24.93,1440706580293,"1,404",Not yet rated,NULL,N/A
FLIR,$28.62,1440706580322,"1,160,143",100% bearish,of 1 rating,$38.50
FOMX,$10.09,1440706580349,"106,587",50% bullish,of 2 ratings,$23.50
FFIC,$19.79,1440706580379,"64,200",Not yet rated,NULL,$21
FLDM,$11.2231,1440706580407,"608,354",67% bearish,of 3 ratings,$15
FOGO,$18.31,1440706580653,"65,243",50% bullish,of 2 ratings,$25.50
FONR,$9.8,1440706580679,"11,271",100% bullish,of 1 rating,N/A
FES,$0.95,1440706580707,"65,928",50% bullish,of 2 ratings,$1
FORTY,NULL,1440706580809,0,100% bearish,of 1 rating,N/A
FORR,$32.13,1440706580876,"44,181",Not yet rated,NULL,N/A
FORM,$6.34,1440706581004,"218,255",67% bullish,of 3 ratings,$10.50
FTNT,$42.66,1440706581034,"956,310",80% bullish,of 10 ratings,$52
FBIO,$2.66,1440706581137,"43,609",83% bullish,of 6 ratings,N/A
FWRD,$45.16,1440706581165,"249,006",100% bearish,of 1 rating,$50
FORD,$2.35,1440706581196,"8,183,668",67% bullish,of 3 ratings,N/A
FWP,$26.72,1440706581224,"32,491",100% bearish,of 1 rating,$45
FOSL,$61.14,1440706581255,"644,674",60% bearish,of 5 ratings,$80
FMI,$22.2703,1440706581356,"175,503",100% bearish,of 2 ratings,$27.50
FXCB,$17.1,1440706581489,"33,846",Not yet rated,NULL,$19
FOXF,$15.23,1440706581649,"35,293",100% bearish,of 1 rating,$19
FELE,$28.54,1440706581703,"221,263",50% bullish,of 4 ratings,$33
FRAN,$11.1,1440706581729,"398,672",50% bullish,of 4 ratings,$15
FRED,$12.7,1440706581924,"364,954",50% bullish,of 2 ratings,$16.50
FEIM,$10.91,1440706581950,"4,411",100% bearish,of 1 rating,N/A
FRPT,$12.69,1440706582021,"413,291",67% bearish,of 3 ratings,$23.50
FREE,$0.365,1440706582046,"545,559",92% bullish,of 12 ratings,N/A
FTR,$4.93,1440706582092,"15,771,891",78% bullish,of 27 ratings,$6.25
FTRPR,$98.45,1440706582119,"6,795",100% bearish,of 1 rating,N/A
FRPH,$31,1440706582140,"5,251",100% bearish,of 1 rating,N/A
RAIL,$19.6984,1440706582174,"79,913",100% bearish,of 1 rating,$24.50
FSBW,$23.0001,1440706582436,"1,537",Not yet rated,NULL,N/A
FTD,$29.69,1440706582462,"68,744",100% bearish,of 1 rating,$40
FSYS,$6.53,1440706582483,"25,484",67% bullish,of 3 ratings,$10
FTEK,$2.07,1440706582516,"44,398",75% bullish,of 4 ratings,N/A
FCEL,$0.74,1440706582674,"1,211,295",88% bullish,of 41 ratings,$2.65
FLL,$1.5,1440706582815,"9,037",75% bullish,of 4 ratings,$3.50
FULT,$12.1,1440706582870,"671,277",100% bearish,of 1 rating,$13
FULLL,NULL,1440706582899,0,Not yet rated,NULL,N/A
FULL,$3.09,1440706582931,"159,576",67% bearish,of 3 ratings,$4.25
FXEN,$0.8484,1440706582955,"30,477",75% bullish,of 4 ratings,$1.10
FSNN,$2.28,1440706583000,300,67% bullish,of 3 ratings,$6
FFHL,$0.8545,1440706583029,"1,000",50% bullish,of 4 ratings,N/A
FXENP,NULL,1440706583105,0,100% bearish,of 1 rating,N/A
WILC,$4.79,1440706583275,"2,355",100% bullish,of 2 ratings,N/A
GK,$67.61,1440706583307,"61,484",Not yet rated,NULL,$78
GAIA,$6.01,1440706583407,"18,310",50% bullish,of 2 ratings,$8.50
GLPG,$61,1440706583506,"14,402",100% bullish,of 1 rating,$75
GALT,$1.86,1440706583568,"67,914",80% bullish,of 5 ratings,N/A
GALTW,NULL,1440706583588,0,100% bullish,of 1 rating,N/A
GALE,$1.49,1440706583648,"701,028",89% bullish,of 47 ratings,$4
GALTU,NULL,1440706583678,0,100% bearish,of 1 rating,N/A
GLMD,$8.97,1440706583780,"10,152",67% bullish,of 3 ratings,$20.50
GGACR,$0.24,1440706584211,"419,354",100% bullish,of 1 rating,N/A
GPIC,$9.62,1440706584249,812,100% bearish,of 1 rating,N/A
GLPI,$31.4,1440706584279,"468,124",100% bearish,of 1 rating,$37.50
GRMN,$38.16,1440706584305,"943,171",50% bullish,of 6 ratings,$46.50
GGAC,$9.9,1440706584340,"22,030",100% bearish,of 1 rating,N/A
GGACW,$0.16,1440706584369,"426,090",Not yet rated,NULL,N/A
GGACU,$10.3,1440706584389,"13,700",Not yet rated,NULL,N/A
GARS,$14.23,1440706584778,"31,412",Not yet rated,NULL,$16
GFN,$3.63,1440706584809,"7,868",100% bearish,of 2 ratings,$8
GFNCP,$91.01,1440706584838,440,Not yet rated,NULL,N/A
GNCMA,$17,1440706584868,"222,607",100% bearish,of 1 rating,$12
GENC,$9.39,1440706584889,805,100% bearish,of 1 rating,N/A
GNMK,$9.4454,1440706584939,"87,750",67% bullish,of 6 ratings,$14
GFNSL,$25.7499,1440706584964,"2,900",Not yet rated,NULL,N/A
GENE,$2.12,1440706585038,"165,541",100% bullish,of 12 ratings,N/A
GNCA,$12.3327,1440706585198,"98,914",100% bearish,of 1 rating,$20
GNTX,$15.44,1440706585333,"2,012,888",Not yet rated,NULL,$20
THRM,$44.92,1440706585376,"209,289",75% bearish,of 4 ratings,$55.50
GHDX,$26.2402,1440706585402,"123,409",50% bullish,of 2 ratings,$30
GTWN,NULL,1440706585541,0,Not yet rated,NULL,N/A
GEOS,$15.77,1440706585701,"154,650",100% bearish,of 3 ratings,$21
GNVC,$2.48,1440706585735,"4,600",90% bullish,of 10 ratings,$8.50
GABC,$29.24,1440706585779,"15,443",Not yet rated,NULL,$31
GEVO,$2.35,1440706585834,"341,094",75% bullish,of 12 ratings,$5
GIGM,$0.55,1440706585863,"41,648",100% bullish,of 2 ratings,N/A
GERN,$3.08,1440706585896,"1,275,575",88% bullish,of 16 ratings,$5.25
ROCK,$16.51,1440706585918,"117,386",80% bullish,of 5 ratings,$24
GIGA,$1.43,1440706585991,"13,510",100% bearish,of 1 rating,N/A
GIII,$68.51,1440706586263,"212,568",67% bullish,of 3 ratings,$75
GILT,$4.38,1440706586297,"8,627",50% bullish,of 2 ratings,N/A
GBCI,$25.63,1440706586427,"325,972",50% bullish,of 2 ratings,$31
GILD,$107.99,1440706586451,"9,189,949",91% bullish,of 87 ratings,$129
GLAD,$8.63,1440706586510,"250,192",50% bullish,of 2 ratings,$8.75
GLADO,$25.5899,1440706586535,"1,940",Not yet rated,NULL,N/A
GOOD,$14.52,1440706586600,"71,434",Not yet rated,NULL,$19
GOODN,$25.33,1440706586682,900,Not yet rated,NULL,N/A
GOODP,$25.05,1440706586753,400,Not yet rated,NULL,N/A
GOODO,$25.0601,1440706586782,"1,019",Not yet rated,NULL,N/A
GAINP,$25.73,1440706586935,"2,129",Not yet rated,NULL,N/A
GAINO,$25.33,1440706586961,600,Not yet rated,NULL,N/A
GAIN,$7.35,1440706586982,"100,873",100% bullish,of 2 ratings,$8.25
GAINN,$25.1,1440706587016,"5,685",Not yet rated,NULL,N/A
LAND,$9.34,1440706587120,"33,889",50% bullish,of 2 ratings,$13.75
GBT,$42.2,1440706587345,"51,010",100% bearish,of 1 rating,N/A
GLBZ,NULL,1440706587391,0,Not yet rated,NULL,N/A
ENT,$11.4973,1440706587416,"172,579",100% bearish,of 1 rating,$18
GBLI,$26.57,1440706587437,"10,263",Not yet rated,NULL,N/A
GDEF,NULL,1440706587467,0,Not yet rated,NULL,N/A
GPACU,$9.98,1440706587601,1,Not yet rated,NULL,N/A
ACTX,$13.18,1440706587628,"4,751",100% bullish,of 1 rating,N/A
GSOL,$7.91,1440706587659,"18,276",100% bearish,of 1 rating,N/A
QQQC,$19.6,1440706587764,"6,807",100% bearish,of 1 rating,N/A
ALTY,$14.35,1440706587802,658,Not yet rated,NULL,N/A
SRET,$13.22,1440706587827,"4,201",Not yet rated,NULL,N/A
SOCL,$17.63,1440706587896,"24,944",100% bullish,of 2 ratings,N/A
YLCO,NULL,1440706588029,0,Not yet rated,NULL,N/A
GAI,$5.8,1440706588054,48,50% bullish,of 2 ratings,N/A
GSM,$13.66,1440706588205,"440,962",50% bullish,of 2 ratings,$23
GBIM,$2.23,1440706588262,"19,521",50% bullish,of 2 ratings,N/A
GLRI,$0.92,1440706588302,"34,311",100% bearish,of 1 rating,$4.25
GLBS,$0.98,1440706588350,"13,400",67% bullish,of 3 ratings,N/A
GOGO,$15.5,1440706588408,"491,513",80% bullish,of 5 ratings,$25
GLYC,$7.07,1440706588509,"5,025",50% bullish,of 2 ratings,$14
GLUU,$4.3377,1440706588538,"1,989,046",92% bullish,of 26 ratings,$9
GLNG,$36.4,1440706588686,"788,930",83% bullish,of 6 ratings,$58
GMLP,$17.86,1440706588716,"309,345",50% bullish,of 4 ratings,$32.50
GLDC,$4.15,1440706588736,510,50% bullish,of 2 ratings,N/A
GDEN,$9.04,1440706588768,"2,107",50% bullish,of 2 ratings,N/A
GOGL,$2.88,1440706588789,"359,625",75% bullish,of 4 ratings,$5
GBDC,$16.58,1440706588939,"122,872",Not yet rated,NULL,$17.75
GTIM,$6.75,1440706589065,"33,873",Not yet rated,NULL,$11.50
GOOG,$637.61,1440706589119,"2,134,726",89% bullish,of 70 ratings,$825
GPRO,$47.9,1440706589144,"5,313,496",78% bullish,of 58 ratings,$72
GOOGL,$667.96,1440706589172,"1,497,513",88% bullish,of 1080 ratings,$749
GMAN,$3.56,1440706589474,"94,940",60% bullish,of 5 ratings,$8.50
GPIA,NULL,1440706589540,0,Not yet rated,NULL,N/A
GRVY,$3.1,1440706589578,"3,850",50% bullish,of 2 ratings,N/A
GPIAU,NULL,1440706589602,0,Not yet rated,NULL,N/A
GPIAW,$0.975,1440706589629,"4,500",Not yet rated,NULL,N/A
GBSN,$0.3501,1440706589654,"8,355,214",50% bullish,of 2 ratings,$8.25
LOPE,$37.2291,1440706589760,"212,038",100% bearish,of 2 ratings,$50
GBSNU,NULL,1440706589837,0,NULL,NULL,NULL
GLDD,$5.2775,1440706589984,"176,815",100% bearish,of 4 ratings,$7.75
GSBC,$39.7,1440706590017,"28,696",100% bullish,of 1 rating,$44
GNBC,$11.64,1440706590043,"11,717",100% bearish,of 1 rating,$16.50
GPP,$13.52,1440706590072,"54,349",Not yet rated,NULL,$20.50
GRBK,$12.13,1440706590096,"207,774",77% bullish,of 13 ratings,N/A
GPRE,$19.73,1440706590131,"536,707",67% bullish,of 6 ratings,$28.50
GLRE,$24.99,1440706590283,"183,575",50% bullish,of 2 ratings,$41
GCBC,NULL,1440706590313,0,100% bullish,of 1 rating,N/A
GRIF,$32.94,1440706590449,"1,189",100% bearish,of 1 rating,N/A
GRFS,$30.79,1440706590599,"268,612",50% bullish,of 2 ratings,$35
GSIG,$12.9,1440706590658,"40,084",100% bearish,of 2 ratings,N/A
OMAB,$40.98,1440706590684,"28,531",100% bullish,of 1 rating,$44
GSIT,$4.66,1440706590710,"10,304",100% bearish,of 1 rating,N/A
GRPN,$4.28,1440706590766,"6,556,866",61% bullish,of 71 ratings,$6.75
GGAL,$19.72,1440706590842,"210,565",80% bullish,of 5 ratings,$40
GSVC,$8.9,1440706590872,"60,910",50% bullish,of 2 ratings,$14.50
GTXI,$0.83,1440706590893,"27,869",100% bullish,of 5 ratings,$.75
GFED,$14.67,1440706591042,442,Not yet rated,NULL,$17
GBNK,$15.48,1440706591114,"18,851",100% bearish,of 1 rating,$18
GULTU,$0.3,1440706591141,"278,271",100% bearish,of 1 rating,N/A
GUID,$7.19,1440706591178,"131,866",100% bearish,of 3 ratings,$10
GWPH,$107.2504,1440706591436,"151,518",78% bullish,of 9 ratings,$148.50
GIFI,$11.73,1440706591461,"30,702",100% bearish,of 1 rating,$16
GURE,$1.67,1440706591526,"26,420",88% bullish,of 8 ratings,N/A
GWGH,NULL,1440706591603,0,100% bearish,of 1 rating,$15.05
GPOR,$35.34,1440706591661,"1,517,018",75% bullish,of 4 ratings,$55
HLG,$9,1440706591687,"3,174",100% bearish,of 1 rating,N/A
HEES,$18.52,1440706591708,"596,299",67% bearish,of 3 ratings,$31
GYRO,NULL,1440706591739,0,100% bearish,of 1 rating,N/A
HALL,$11.25,1440706592002,"18,251",Not yet rated,NULL,N/A
HBK,$13.8,1440706592028,500,50% bullish,of 2 ratings,N/A
HNRG,$7.45,1440706592076,"109,394",100% bearish,of 1 rating,$10
HALO,$17.8164,1440706592104,"743,786",67% bullish,of 3 ratings,$22.50
HBHC,$27.25,1440706592206,"882,693",50% bullish,of 2 ratings,$30
HMPR,$1.87,1440706592230,"31,190",100% bullish,of 1 rating,N/A
HBHCL,$24.45,1440706592297,"16,792",Not yet rated,NULL,N/A
HAFC,$23.98,1440706592466,"149,982",100% bullish,of 2 ratings,$28.50
HNH,$25.22,1440706592501,"34,502",100% bullish,of 1 rating,N/A
HQCL,$12.48,1440706592529,"37,923",67% bullish,of 3 ratings,$14
HDNG,$9.63,1440706592550,"11,625",50% bullish,of 4 ratings,N/A
HNSN,$0.51,1440706592602,"71,567",88% bullish,of 8 ratings,$.40
HLIT,$5.67,1440706592699,"297,529",100% bearish,of 1 rating,$6.50
HRMN,NULL,1440706592729,0,Not yet rated,NULL,N/A
HRMNW,NULL,1440706592877,0,Not yet rated,NULL,N/A
HRMNU,NULL,1440706592912,0,Not yet rated,NULL,N/A
TINY,$2.45,1440706593055,"24,287",50% bullish,of 2 ratings,$5.26
HBIO,$4.33,1440706593082,"59,241",Not yet rated,NULL,$10
HART,$0.9,1440706593103,"62,394",100% bearish,of 1 rating,N/A
HCAPL,$25.15,1440706593241,"1,950",Not yet rated,NULL,N/A
HA,$22.77,1440706593285,"741,896",67% bullish,of 9 ratings,$27
HAS,$75.14,1440706593310,"671,658",63% bullish,of 8 ratings,$84.50
HCAP,$12.24,1440706593390,"16,420",50% bullish,of 2 ratings,$15
HWBK,$13.65,1440706593451,900,100% bearish,of 1 rating,N/A
HWKN,$36.74,1440706593475,"24,331",Not yet rated,NULL,N/A
HCOM,$21.92,1440706593523,"21,989",100% bearish,of 1 rating,$28
HAYN,$38.37,1440706593548,"69,684",100% bearish,of 1 rating,$59
HIIQ,$4.91,1440706593916,"213,311",50% bullish,of 2 ratings,$7
HCSG,$33.37,1440706593973,"220,998",50% bullish,of 4 ratings,$35
HWAY,$11.94,1440706594006,"196,726",100% bearish,of 1 rating,$15
HDS,$32.7916,1440706594028,"2,704,706",100% bearish,of 2 ratings,$39.50
HSTM,$25.04,1440706594107,"91,058",50% bullish,of 2 ratings,$33.75
HQY,$29.36,1440706594159,"180,774",67% bullish,of 3 ratings,$31
HTLF,$35.74,1440706594185,"35,722",100% bullish,of 1 rating,$39.50
HTLD,$20.45,1440706594209,"403,284",Not yet rated,NULL,$22.50
HTWR,$86.38,1440706594376,"180,904",50% bullish,of 2 ratings,$103
HELE,$85.25,1440706594407,"132,307",67% bearish,of 3 ratings,$100
HTBX,$5.15,1440706594437,"7,475",50% bullish,of 2 ratings,$15.50
HSII,$19.66,1440706594542,"55,366",100% bullish,of 3 ratings,$25
HMNY,NULL,1440706594676,0,100% bearish,of 1 rating,N/A
HMTV,$13.56,1440706594707,"23,718",100% bearish,of 1 rating,$16
HNNA,$24.725,1440706594748,"6,531",Not yet rated,NULL,N/A
HCACU,$9.94,1440706594808,"1,418",Not yet rated,NULL,N/A
HSIC,$138.68,1440706594833,"377,272",83% bullish,of 6 ratings,$146
HERO,NULL,1440706594887,0,NULL,NULL,NULL
HFWA,$17.49,1440706594963,"40,853",100% bullish,of 1 rating,$20
HTBK,$10.63,1440706595034,"36,607",Not yet rated,NULL,$12
HEOP,$7.67,1440706595253,"15,419",Not yet rated,NULL,$8.50
HRTX,$35.36,1440706595314,"369,202",67% bullish,of 6 ratings,$41
HFFC,$15.99,1440706595380,"3,204",Not yet rated,NULL,N/A
HCCI,$11.06,1440706595410,"34,375",100% bearish,of 1 rating,$16.50
HIBB,$38.68,1440706595459,"261,383",100% bearish,of 1 rating,$46.50
MLHR,$26.99,1440706595485,"414,938",50% bullish,of 2 ratings,$33.50
HSKA,$33.49,1440706595505,"29,235",100% bearish,of 1 rating,$38
HIMX,$6.74,1440706595734,"696,618",86% bullish,of 21 ratings,$8.50
HIHO,$3.9,1440706595794,"7,696",Not yet rated,NULL,N/A
HPJ,$2.19,1440706595839,"47,402",75% bullish,of 4 ratings,$12.43
HIFS,$117,1440706595923,"4,127",Not yet rated,NULL,N/A
HMNF,$11.14,1440706595949,"3,550",Not yet rated,NULL,N/A
HMSY,$10.07,1440706596007,"1,018,206",67% bullish,of 3 ratings,$19.35
HSGX,$6.13,1440706596082,903,100% bearish,of 1 rating,$17
HOLI,$17.89,1440706596109,"214,655",50% bullish,of 4 ratings,$27
HOMB,$37.87,1440706596265,"273,593",Not yet rated,NULL,$42
HOLX,$39.31,1440706596336,"1,553,951",67% bullish,of 3 ratings,$42
AWAY,$29,1440706596406,"874,372",67% bullish,of 3 ratings,$36
HFBL,$21.54,1440706596465,300,Not yet rated,NULL,N/A
HMIN,$27.5,1440706596494,"194,716",100% bearish,of 2 ratings,$35
HBCP,$24.5,1440706596522,"1,969",Not yet rated,NULL,$29
HTBI,$18.1687,1440706596629,"41,775",67% bullish,of 3 ratings,$18.625
HMST,$21.89,1440706596796,"108,854",100% bullish,of 2 ratings,$27
HOFT,$23.33,1440706596890,"41,026",100% bearish,of 1 rating,N/A
HFBC,$11.23,1440706596924,"2,760",Not yet rated,NULL,N/A
HKTV,$4.61,1440706596958,"29,158",100% bearish,of 1 rating,N/A
CETC,$0.72,1440706596986,"82,368",86% bullish,of 7 ratings,N/A
HBNC,$23.32,1440706597056,"10,708",100% bullish,of 1 rating,$27
HZNP,$30.98,1440706597077,"1,979,093",85% bullish,of 20 ratings,$40
HRZN,$10.14,1440706597208,"31,900",50% bullish,of 2 ratings,$14.25
ZINC,$7.3954,1440706597236,"685,701",100% bearish,of 1 rating,$17
HDP,$24.27,1440706597364,"227,789",67% bearish,of 3 ratings,$30.50
HMHC,$22.75,1440706597389,"1,122,492",Not yet rated,NULL,$27
HWCC,$7.35,1440706597538,"70,329",100% bearish,of 1 rating,$9
HOVNP,$4.49,1440706597596,"3,213",100% bearish,of 1 rating,N/A
HSNI,$62.22,1440706597672,"177,294",Not yet rated,NULL,$80
HTGM,$5.65,1440706597777,"38,705",100% bearish,of 1 rating,$19.50
HBMD,$14.48,1440706597805,"2,156",100% bearish,of 1 rating,N/A
HCBK,$9.45,1440706597834,"1,579,351",83% bullish,of 6 ratings,$8.61
HSON,$2.6,1440706597939,"13,371",100% bearish,of 1 rating,$5
HUBG,$37.74,1440706597997,"215,016",100% bearish,of 1 rating,$43
HBAN,$10.86,1440706598023,"7,132,452",76% bullish,of 17 ratings,$12.29
HDSN,$3.05,1440706598086,"5,955",100% bullish,of 1 rating,$6.25
HBANP,$1355,1440706598113,66,100% bearish,of 1 rating,N/A
HURC,$30.59,1440706598250,"15,175",100% bearish,of 1 rating,N/A
HTCH,$1.43,1440706598389,"65,004",100% bearish,of 1 rating,$3.50
HURN,$72.8564,1440706598443,"134,763",50% bullish,of 2 ratings,$80
HDRA,$9.69,1440706598491,"11,400",Not yet rated,NULL,N/A
HDRAR,NULL,1440706598572,0,Not yet rated,NULL,N/A
HDRAU,NULL,1440706598620,0,Not yet rated,NULL,N/A
HBP,$3.06,1440706598644,"1,472",100% bullish,of 1 rating,N/A
HYGS,$8.76,1440706598674,"27,221",50% bullish,of 2 ratings,$13
HDRAW,$0.264,1440706598698,"5,226",Not yet rated,NULL,N/A
IDSY,$3.8,1440706598867,"10,880",100% bearish,of 1 rating,$7
IACI,$71.66,1440706599014,"537,939",75% bullish,of 4 ratings,$90
IKGH,$1.77,1440706599071,"160,691",75% bullish,of 4 ratings,N/A
IBKC,$59.92,1440706599101,"141,208",100% bullish,of 1 rating,$70
ICAD,$3.78,1440706599173,"108,076",100% bullish,of 2 ratings,$7.25
IEP,$72.36,1440706599198,"119,303",75% bullish,of 4 ratings,$99
ICFI,$34.04,1440706599225,"41,327",50% bullish,of 2 ratings,$48.50
ICUI,$113.45,1440706599426,"129,756",Not yet rated,NULL,$122
ICON,$13.34,1440706599460,"678,550",50% bullish,of 2 ratings,$18.50
ICLR,$78.848,1440706599483,"383,498",100% bearish,of 3 ratings,$85
INVE,$3.98,1440706599556,"41,335",75% bullish,of 4 ratings,$4
IDXX,$73.42,1440706599630,"246,218",100% bearish,of 1 rating,$77
IPWR,$7.27,1440706599657,"2,810",100% bullish,of 1 rating,$15
IDRA,$2.88,1440706599682,"1,800,801",89% bullish,of 9 ratings,$6.50
DSKY,$11.03,1440706599966,"145,825",67% bullish,of 6 ratings,$11.50
IROQ,$16.99,1440706599999,206,100% bullish,of 1 rating,N/A
KANG,$15.95,1440706600065,"270,221",50% bullish,of 2 ratings,$22.55
IIVI,$16.77,1440706600098,"698,283",100% bearish,of 1 rating,$22
RXDX,$13.52,1440706600119,"145,620",100% bullish,of 1 rating,$20
IRG,$4.56,1440706600147,"8,780",100% bearish,of 1 rating,$4.25
IKNX,NULL,1440706600195,0,100% bearish,of 1 rating,N/A
IKAN,$2.72,1440706600336,"33,071",83% bullish,of 6 ratings,$5
ILMN,$201.94,1440706600432,"939,903",80% bullish,of 5 ratings,$245
ISNS,$3.93,1440706600461,"4,134",50% bullish,of 2 ratings,N/A
IMDZ,$16.2123,1440706600485,"66,841",100% bearish,of 1 rating,$33
IMMR,$11.8009,1440706600515,"94,027",80% bullish,of 5 ratings,$15.50
ICCC,$7.36,1440706600544,"11,588",100% bullish,of 1 rating,N/A
IMGN,$14.0808,1440706600617,"556,491",75% bullish,of 4 ratings,$17.50
IMNP,$1.32,1440706600759,"85,143",50% bullish,of 2 ratings,$6
IMMU,$1.96,1440706600891,"596,793",86% bullish,of 7 ratings,$2
IMMY,$7.69,1440706600916,"15,991",100% bearish,of 1 rating,$11
IPXL,$43.97,1440706600942,"492,173",67% bullish,of 3 ratings,$46.50
IBCP,$14.1,1440706601170,"70,185",100% bullish,of 1 rating,$14.50
INCR,$42.0766,1440706601197,"224,405",50% bullish,of 2 ratings,$53
INCY,$113.85,1440706601230,"935,002",50% bullish,of 6 ratings,$125.50
INDB,$44.34,1440706601258,"62,234",Not yet rated,NULL,$44
IBTX,$40.3353,1440706601326,"17,131",100% bullish,of 2 ratings,$47.25
INFN,$22.152,1440706601356,"1,689,961",71% bullish,of 7 ratings,$28
INFI,$9.04,1440706601423,"295,382",50% bullish,of 4 ratings,$18
SAAS,$7.6,1440706601521,"296,200",50% bullish,of 2 ratings,$15
IDSA,$3.72,1440706601653,"5,809",Not yet rated,NULL,N/A
III,$3.96,1440706601682,"105,250",57% bullish,of 7 ratings,$6
IPCC,$77.36,1440706601789,"23,565",Not yet rated,NULL,$77.50
INWK,$7.06,1440706601875,"91,134",50% bullish,of 2 ratings,$10
IFON,$1.23,1440706601904,"83,079",75% bullish,of 4 ratings,N/A
IMKTA,$51.1216,1440706601943,"61,097",100% bearish,of 1 rating,N/A
INNL,$11.67,1440706602005,6,100% bearish,of 1 rating,$16.50
INOD,$2.33,1440706602032,"41,620",100% bearish,of 1 rating,N/A
IOSP,$47.69,1440706602110,"228,950",100% bearish,of 1 rating,N/A
IPHS,$48.15,1440706602163,"96,406",100% bearish,of 1 rating,$60
ISSC,$2.88,1440706602237,"1,460",67% bearish,of 3 ratings,N/A
INOV,$21.0071,1440706602342,"633,294",100% bearish,of 1 rating,$33
ITEK,$12.2175,1440706602416,"395,078",100% bearish,of 3 ratings,$20
INGN,$47.41,1440706602547,"101,660",100% bearish,of 1 rating,$50.50
INO,$6.96,1440706602573,"1,038,354",89% bullish,of 18 ratings,$20
NSIT,$25.53,1440706602599,"108,385",50% bullish,of 2 ratings,N/A
IIIN,$17.05,1440706602731,"36,590",100% bearish,of 2 ratings,N/A
INSM,$24.8419,1440706602759,"266,633",71% bullish,of 7 ratings,$31.50
ISIG,$2.7,1440706602780,"265,876",100% bearish,of 1 rating,N/A
INSY,$33.0376,1440706602813,"387,049",75% bullish,of 4 ratings,$48
PODD,$29.3277,1440706602952,"195,403",67% bearish,of 3 ratings,$35
IART,$60.54,1440706603028,"180,206",100% bearish,of 1 rating,$71.50
NTEC,$5.68,1440706603058,"3,801",100% bearish,of 1 rating,N/A
IDTI,$19.4,1440706603079,"3,905,282",60% bullish,of 5 ratings,$25
IESC,$6.93,1440706603124,"19,681",100% bearish,of 1 rating,N/A
ISSI,$21.88,1440706603209,"131,719",67% bullish,of 3 ratings,$19.75
INTC,$27.72,1440706603267,"23,443,685",82% bullish,of 238 ratings,$36
IPAR,$25.4,1440706603543,"83,683",67% bullish,of 3 ratings,$38
IQNT,$18.79,1440706603574,"187,733",86% bullish,of 7 ratings,$20
IPCI,$2.17,1440706603597,"88,505",67% bullish,of 6 ratings,$8
IBKR,$39.81,1440706603630,"633,286",100% bullish,of 1 rating,N/A
ININ,$35.39,1440706603678,"115,063",67% bearish,of 3 ratings,$57
ICPT,$189.34,1440706603735,"122,750",70% bullish,of 10 ratings,$359.50
ICLD,$1.82,1440706603784,"171,805",75% bullish,of 4 ratings,N/A
IDCC,$49.51,1440706603933,"284,823",80% bullish,of 5 ratings,$63
ICLDW,NULL,1440706603963,0,100% bearish,of 1 rating,N/A
TILE,$23.93,1440706604065,"591,929",100% bearish,of 3 ratings,$27
IMI,$2.1,1440706604208,"87,007",67% bullish,of 3 ratings,$2.22
INAP,$7.83,1440706604271,"178,913",75% bullish,of 4 ratings,$11
IBOC,$25.06,1440706604299,"134,731",100% bearish,of 1 rating,N/A
ISCA,$31.49,1440706604370,"86,487",100% bearish,of 1 rating,N/A
IGLD,$6.94,1440706604431,"3,400",50% bullish,of 2 ratings,N/A
IIJI,$10.07,1440706604503,190,50% bullish,of 2 ratings,$11.50
PTNT,$2.98,1440706604635,"1,600",Not yet rated,NULL,N/A
INTX,$1.91,1440706604770,"51,642",67% bullish,of 3 ratings,N/A
ISIL,$10.59,1440706604803,"923,077",50% bullish,of 6 ratings,$15
XENT,$25.6692,1440706604831,"129,784",50% bullish,of 2 ratings,$36.50
IVAC,$4.7,1440706604856,"57,631",100% bearish,of 1 rating,$6.625
INPH,$0.28,1440706604881,"63,259",50% bullish,of 2 ratings,N/A
IILG,$19.78,1440706604909,"150,779",100% bearish,of 1 rating,$29
INTLL,NULL,1440706605115,0,Not yet rated,NULL,N/A
INTL,$25.8939,1440706605163,"56,088",67% bearish,of 3 ratings,N/A
IIN,$6.07,1440706605254,"1,900",100% bearish,of 1 rating,$12
INTU,$86.6,1440706605293,"2,058,756",86% bullish,of 7 ratings,$107.50
ISRG,$515.57,1440706605320,"138,189",67% bullish,of 3 ratings,$600
ITCI,$25.96,1440706605346,"286,878",75% bearish,of 4 ratings,$40
INVT,$0.2705,1440706605402,"13,897",67% bullish,of 3 ratings,N/A
ISBC,$11.75,1440706605634,"2,182,457",100% bullish,of 1 rating,$13.25
SNAK,$8.4,1440706605669,"98,380",50% bullish,of 2 ratings,$14
ISTR,$15.62,1440706605713,"5,117",100% bearish,of 1 rating,$18.50
IVTY,$14.1,1440706605744,"22,246",Not yet rated,NULL,$18
ITIC,NULL,1440706605777,0,100% bearish,of 2 ratings,N/A
NVIV,$9.33,1440706605893,"194,446",50% bullish,of 4 ratings,$24.50
DTUL,NULL,1440706605920,0,Not yet rated,NULL,N/A
IPAS,$1.08,1440706605943,"75,065",67% bullish,of 3 ratings,N/A
DFVL,NULL,1440706606112,0,Not yet rated,NULL,N/A
IPGP,$85.81,1440706606151,"543,893",100% bearish,of 2 ratings,$109.50
IPCM,$79.14,1440706606177,"181,269",50% bullish,of 2 ratings,$80.125
IRIX,$6.72,1440706606308,"8,550",100% bearish,of 1 rating,N/A
IRDM,$7.11,1440706606375,"562,213",60% bullish,of 5 ratings,$11.50
IRMD,$25.34,1440706606401,"9,431",67% bearish,of 3 ratings,$25
IRBT,$28.48,1440706606427,"196,705",67% bullish,of 6 ratings,$37
IRDMB,$279.2,1440706606482,554,67% bearish,of 3 ratings,N/A
FCHI,NULL,1440706606611,0,NULL,NULL,NULL
IRWD,$10.9905,1440706606645,"860,332",100% bearish,of 1 rating,$13
IRCP,NULL,1440706606666,0,100% bullish,of 2 ratings,N/A
IFAS,NULL,1440706606739,0,NULL,NULL,NULL
COMT,$32.83,1440706606769,"31,987",100% bearish,of 1 rating,N/A
GNMA,$50.25,1440706606831,"4,341",Not yet rated,NULL,N/A
IFEU,$38.24,1440706606902,"7,404",Not yet rated,NULL,N/A
IFNA,NULL,1440706606966,0,NULL,NULL,NULL
IFGL,$28.87,1440706607038,"250,674",Not yet rated,NULL,N/A
ACWX,$41.17,1440706607070,"1,184,998",100% bearish,of 1 rating,N/A
AAIT,NULL,1440706607163,0,NULL,NULL,NULL
AXJS,NULL,1440706607187,0,NULL,NULL,NULL
ACWI,$56.35,1440706607263,"2,119,303",Not yet rated,NULL,N/A
EEMA,$51.06,1440706607333,"38,856",Not yet rated,NULL,N/A
EMDI,NULL,1440706607420,0,NULL,NULL,NULL
EMEY,NULL,1440706607450,0,NULL,NULL,NULL
AAXJ,$54.27,1440706607475,"1,102,232",Not yet rated,NULL,N/A
EEME,NULL,1440706607501,0,NULL,NULL,NULL
EGRW,NULL,1440706607551,0,NULL,NULL,NULL
EVAL,NULL,1440706607606,0,NULL,NULL,NULL
EEML,$27.92,1440706607741,"9,006",Not yet rated,NULL,N/A
IEUS,$45.47,1440706607898,"4,169",100% bearish,of 1 rating,N/A
IBB,$350.91,1440706607998,"1,432,904",63% bullish,of 8 ratings,N/A
EUFN,$22.05,1440706608024,"55,343",100% bearish,of 1 rating,N/A
QAT,$21.6,1440706608060,"13,695",Not yet rated,NULL,N/A
UAE,$18.3,1440706608085,"17,620",Not yet rated,NULL,N/A
SOXX,$82.77,1440706608163,"692,426",50% bullish,of 2 ratings,N/A
ICLN,$9.66,1440706608191,"22,300",50% bullish,of 2 ratings,N/A
EMIF,$29.12,1440706608295,"4,166",Not yet rated,NULL,N/A
ISHG,$79.6,1440706608403,"16,680",100% bearish,of 1 rating,N/A
WOOD,$48.13,1440706608439,"9,339",50% bullish,of 2 ratings,N/A
ISIS,$51.56,1440706608535,"1,136,145",53% bullish,of 15 ratings,$67
IGOV,$90.865,1440706608565,"16,724",100% bearish,of 1 rating,N/A
ISLE,$16.87,1440706608591,"227,429",50% bullish,of 4 ratings,$16
INDY,$27.98,1440706608611,"291,675",50% bullish,of 2 ratings,N/A
ITRI,$29.64,1440706608841,"330,846",Not yet rated,NULL,$37
ISRL,$131,1440706608872,268,100% bearish,of 1 rating,N/A
ITRN,$24.18,1440706608940,"16,603",50% bullish,of 2 ratings,N/A
XXIA,$15.04,1440706608970,"289,640",71% bullish,of 7 ratings,$14.625
JJSF,$114.43,1440706609078,"33,985",100% bearish,of 1 rating,N/A
ITUS,$4.08,1440706609125,"9,184",Not yet rated,NULL,N/A
JBHT,$73.51,1440706609207,"721,580",50% bullish,of 4 ratings,$89.50
MAYS,NULL,1440706609231,0,Not yet rated,NULL,N/A
JCOM,$69.21,1440706609384,"170,304",100% bullish,of 2 ratings,$77
JASO,$7.97,1440706609546,"846,098",82% bullish,of 17 ratings,$10
IXYS,$10.83,1440706609573,"89,499",50% bullish,of 4 ratings,N/A
JKHY,$67.82,1440706609604,"405,404",50% bullish,of 2 ratings,$72
JACK,$81.49,1440706609635,"305,259",83% bullish,of 6 ratings,$105
JAXB,NULL,1440706609707,0,100% bullish,of 1 rating,N/A
JXSB,NULL,1440706609736,0,Not yet rated,NULL,N/A
JAGX,$4.15,1440706609761,"15,594",Not yet rated,NULL,N/A
JAKK,$9.3181,1440706609918,"579,293",60% bearish,of 5 ratings,$11
JRVR,$26.6,1440706610021,"51,225",Not yet rated,NULL,$32
ERW,NULL,1440706610073,0,Not yet rated,NULL,N/A
JASN,$4.8861,1440706610166,"9,904",50% bullish,of 2 ratings,$9.50
JMBA,$13.6777,1440706610195,"83,843",75% bullish,of 4 ratings,$18
JASNW,NULL,1440706610226,0,50% bullish,of 2 ratings,N/A
JD,$27.2,1440706610329,"6,152,601",75% bullish,of 16 ratings,$36
JAZZ,$170.77,1440706610353,"244,261",80% bullish,of 15 ratings,$206.50
JBLU,$22.38,1440706610394,"6,140,268",94% bullish,of 18 ratings,$27
JTPY,$2.89,1440706610565,"1,564",100% bearish,of 1 rating,N/A
JCTCF,$9.5,1440706610594,"2,400",100% bullish,of 1 rating,N/A
JST,$3.85,1440706610695,"38,232",75% bullish,of 4 ratings,N/A
DATE,$5.9,1440706610737,"111,515",75% bullish,of 4 ratings,$9
JIVE,$4.32,1440706610827,"350,774",75% bullish,of 4 ratings,$5
WYIGU,$10,1440706610863,"3,300",Not yet rated,NULL,N/A
JOEZ,$0.169,1440706610894,"106,474",92% bullish,of 12 ratings,N/A
JBSS,$53.28,1440706610965,"36,531",67% bearish,of 3 ratings,N/A
JOUT,$22.59,1440706611033,"10,744",100% bearish,of 1 rating,$34
JNP,$11,1440706611064,"68,801",100% bullish,of 3 ratings,$15
KTWO,$21.3813,1440706611138,"67,388",100% bearish,of 1 rating,$28.50
KBIO,$1.97,1440706611362,"27,678",50% bullish,of 4 ratings,N/A
