Symbol,Price,Date,Volume,Rating,RatingVoteCount,OneYearEstimate
PIH,$7.22,1440623702501,"6,200",100% bearish,of 1 rating,N/A
TFSCU,NULL,1440623702527,0,Not yet rated,NULL,N/A
TFSCR,NULL,1440623702558,0,Not yet rated,NULL,N/A
FCCY,$11.6,1440623702580,"2,264",100% bullish,of 1 rating,$13
FCTY,$8.01,1440623702614,"4,467",100% bullish,of 1 rating,$8.50
TFSC,$9.73,1440623702659,"11,900",100% bearish,of 1 rating,N/A
SRCE,$29.15,1440623702712,"46,378",100% bullish,of 3 ratings,$33
TFSCW,NULL,1440623702800,0,100% bearish,of 1 rating,N/A
DSLV,$76.25,1440623702965,"20,579",100% bearish,of 1 rating,N/A
FLWS,$9.6,1440623702987,"360,452",100% bullish,of 5 ratings,$15
TWOU,$34.59,1440623703021,"167,487",50% bullish,of 2 ratings,$39
DGLD,$83.54,1440623703053,"18,113",100% bullish,of 1 rating,N/A
VNET,$15.77,1440623703091,"930,701",60% bullish,of 5 ratings,$29.50
USLV,$11.35,1440623703164,"675,434",86% bullish,of 7 ratings,N/A
JOBS,$27.03,1440623703192,"83,386",50% bullish,of 4 ratings,$36
UGLD,$9.01,1440623703213,"171,028",100% bearish,of 1 rating,N/A
EGHT,$7.725,1440623703585,"463,172",82% bullish,of 17 ratings,$11
CAFD,$14.21,1440623703619,"228,939",Not yet rated,NULL,$25
SIXD,$2.89,1440623703680,"407,448",Not yet rated,NULL,N/A
ABY,$21.3,1440623703707,"801,230",100% bearish,of 2 ratings,$46
SHLM,$33.24,1440623703767,"110,908",100% bearish,of 1 rating,$50
ABAX,$46.96,1440623703792,"127,185",100% bearish,of 1 rating,$60
AVHI,$13.96,1440623703839,"27,749",100% bearish,of 1 rating,$19
ABGB,$6.58,1440623704044,"267,694",67% bullish,of 3 ratings,$5.50
ABEOW,$1.85,1440623704071,"2,345",100% bullish,of 1 rating,N/A
AAON,$20.13,1440623704093,"163,751",100% bearish,of 1 rating,$24
AXAS,$1.59,1440623704128,"740,977",78% bullish,of 9 ratings,$3.50
ACTG,$8.935,1440623704257,"279,772",67% bullish,of 3 ratings,$18.50
ABEO,$4.58,1440623704308,"98,771",50% bullish,of 4 ratings,$15.50
ABMD,$97.29,1440623704392,"353,665",75% bullish,of 4 ratings,$100.50
ACAD,$36.38,1440623704498,"701,693",80% bullish,of 20 ratings,$48
AXDX,$18.61,1440623704594,"158,740",100% bearish,of 1 rating,N/A
XLRN,$28.25,1440623704662,"170,451",50% bullish,of 2 ratings,$57
VXDN,$1.97,1440623704799,"42,365",100% bearish,of 1 rating,N/A
ANCX,$19.7,1440623704825,"28,386",Not yet rated,NULL,$20
VXUP,$1.47,1440623704850,"68,784",100% bearish,of 1 rating,N/A
ACST,$0.34,1440623704882,"21,805",100% bullish,of 2 ratings,N/A
ARAY,$6.42,1440623704908,"827,313",100% bearish,of 1 rating,$10.50
ACRX,$4.21,1440623705071,"173,012",67% bearish,of 6 ratings,$5.50
ACHC,$70.4016,1440623705099,"623,609",50% bullish,of 2 ratings,$92
ACET,$22.68,1440623705143,"84,389",75% bullish,of 4 ratings,$30
AKAO,$6.71,1440623705323,"120,839",75% bullish,of 4 ratings,$15
ACPW,$1.8,1440623705657,"36,556",100% bullish,of 4 ratings,$3.50
ACOR,$31.96,1440623705688,"830,337",67% bearish,of 3 ratings,$38.50
ATVI,$27.29,1440623705714,"4,845,029",68% bullish,of 84 ratings,$31.50
ACTS,$1.57,1440623705752,"21,329",100% bearish,of 1 rating,N/A
ACHN,$7.34,1440623705783,"1,750,040",90% bullish,of 21 ratings,$16
ACNB,$19.76,1440623705886,"4,700",Not yet rated,NULL,N/A
ACTA,$13,1440623705911,"72,427",67% bearish,of 3 ratings,$25
ACIW,$21.08,1440623705936,"489,897",67% bearish,of 3 ratings,$24
ACXM,$20.37,1440623706089,"317,175",67% bullish,of 3 ratings,N/A
ACUR,$0.51,1440623706186,"48,034",100% bullish,of 5 ratings,$1
ADMP,$3.46,1440623706219,"26,598",50% bullish,of 2 ratings,$10
ADAP,$11.45,1440623706390,"197,620",67% bullish,of 3 ratings,$22
ADMS,$19.73,1440623706539,"45,781",100% bearish,of 2 ratings,$36
ADMA,$9.05,1440623706648,"4,747",Not yet rated,NULL,$19
AEY,$2.3,1440623706677,"2,445",100% bearish,of 2 ratings,N/A
ADBE,$80.1945,1440623706727,"2,753,301",65% bullish,of 17 ratings,$90
ADTN,$15.345,1440623706752,"272,984",67% bullish,of 3 ratings,$17.125
ADRO,$19.34,1440623706923,"226,833",80% bullish,of 5 ratings,$45.50
AMD,$1.72,1440623706998,"7,340,404",83% bullish,of 103 ratings,$2
ADUS,$28.29,1440623707057,"54,197",100% bearish,of 1 rating,$31
ADXSW,$9.12,1440623707125,"32,595",100% bullish,of 1 rating,N/A
ADEP,$6.5,1440623707158,"37,513",50% bullish,of 2 ratings,$10.75
ADXS,$13.65,1440623707230,"856,278",64% bullish,of 14 ratings,$27
AEIS,$24.11,1440623707255,"124,976",50% bullish,of 2 ratings,$32.50
AEGR,$17.7,1440623707441,"300,099",50% bullish,of 6 ratings,$26
MULT,NULL,1440623707482,0,100% bearish,of 1 rating,N/A
AEGN,$17.96,1440623707649,"119,754",100% bearish,of 2 ratings,$21
AEHR,$2.32,1440623707683,"3,124",50% bullish,of 2 ratings,N/A
YPRO,$22.97,1440623707753,"2,612",100% bearish,of 1 rating,N/A
AEPI,$54.3,1440623707780,"9,804",100% bearish,of 1 rating,N/A
AMTX,$2.48,1440623707861,"28,939",50% bullish,of 2 ratings,$26.11
AERI,$15.96,1440623708004,"239,646",75% bullish,of 4 ratings,$31.50
AEMD,$6.92,1440623708051,"19,705",Not yet rated,NULL,$27.50
AVAV,$23.41,1440623708077,"76,687",50% bullish,of 4 ratings,$31
AFMD,$10.04,1440623708216,"169,869",50% bullish,of 4 ratings,$15
AEZS,$0.0802,1440623708241,"4,829,729",90% bullish,of 21 ratings,$1.50
AFFX,$9.24,1440623708291,"356,438",80% bullish,of 5 ratings,$12
AGRX,$8.42,1440623708427,"14,139",100% bearish,of 1 rating,$17.50
AGEN,$6.91,1440623708449,"912,255",85% bullish,of 13 ratings,$14
AGIO,$87.45,1440623708506,"404,843",88% bullish,of 8 ratings,$114
AGYS,$9.54,1440623708585,"41,357",100% bearish,of 1 rating,N/A
AGFS,$10.05,1440623708653,"42,033",100% bearish,of 1 rating,N/A
AGFSW,$1.89,1440623708816,"17,243",100% bearish,of 2 ratings,N/A
ATSG,$8.73,1440623708948,"229,466",67% bullish,of 3 ratings,$13
AIMT,$22.67,1440623708976,"128,544",Not yet rated,NULL,N/A
AKAM,$68.17,1440623709003,"1,272,952",63% bullish,of 8 ratings,$77
AIRT,$22.68,1440623709138,885,100% bullish,of 1 rating,N/A
AMCN,$4.49,1440623709164,"503,016",83% bullish,of 6 ratings,N/A
AKER,$2.52,1440623709222,"79,700",Not yet rated,NULL,N/A
AKBA,$6.35,1440623709310,"178,822",100% bearish,of 1 rating,$18
AIRM,$35.85,1440623709441,"217,057",80% bearish,of 5 ratings,$53
ALRM,$16.29,1440623709474,"202,192",100% bearish,of 1 rating,$22
AKRX,$39.0053,1440623709504,"751,839",78% bullish,of 9 ratings,$56
AIXG,$5.81,1440623709582,"15,318",67% bearish,of 3 ratings,$5.25
AMRI,$20.02,1440623709609,"535,651",75% bearish,of 4 ratings,$24
ABDC,$11.74,1440623709740,"60,064",Not yet rated,NULL,$15
ALSK,$2.03,1440623709765,"100,565",78% bullish,of 18 ratings,$2
ALDR,$38.54,1440623709898,"289,269",67% bearish,of 3 ratings,$62
ADHD,$7.84,1440623709980,"134,132",50% bullish,of 4 ratings,$18
ALXN,$173.5192,1440623710005,"1,236,156",88% bullish,of 8 ratings,$223
ALCO,$41.7,1440623710137,"7,959",50% bullish,of 2 ratings,N/A
ALIM,$3.23,1440623710162,"85,874",80% bullish,of 5 ratings,$10
ALGN,$55.9433,1440623710298,"479,511",100% bearish,of 2 ratings,$73
ALXA,$1.11,1440623710326,"15,709",83% bullish,of 6 ratings,$2.125
ALGT,$215.93,1440623710385,"78,020",100% bearish,of 2 ratings,$235
ALKS,$60.0628,1440623710413,"557,994",67% bullish,of 3 ratings,$75
ALDX,$6.77,1440623710459,"7,837",100% bearish,of 1 rating,$14.50
ALLB,$22.52,1440623710549,705,Not yet rated,NULL,N/A
AFOP,$18.51,1440623710595,"125,310",75% bullish,of 8 ratings,$21
AIQ,$13.61,1440623710725,"16,186",67% bullish,of 3 ratings,N/A
AHGP,$35.02,1440623710755,"36,890",67% bullish,of 3 ratings,N/A
ARLP,$24.429,1440623710856,"92,950",67% bearish,of 3 ratings,$32
ALLT,$4.95,1440623710999,"157,608",75% bullish,of 4 ratings,$6.25
AFAM,$45.24,1440623711168,"65,720",50% bullish,of 2 ratings,$44
ALQA,$4.2,1440623711197,"30,733",75% bullish,of 4 ratings,$8.50
MDRX,$13.57,1440623711252,"2,181,483",60% bullish,of 5 ratings,$16
AOSL,$7.22,1440623711303,"73,462",67% bullish,of 3 ratings,$9
AHPI,$1.5,1440623711330,"1,200",50% bullish,of 2 ratings,N/A
ATEC,$0.5795,1440623711394,"131,134",100% bullish,of 1 rating,$2
AMOT,$18.6,1440623711493,"65,104",100% bearish,of 1 rating,N/A
ALNY,$102.2377,1440623711605,"475,945",67% bullish,of 3 ratings,$148.50
SMCP,$22.33,1440623711639,600,Not yet rated,NULL,N/A
ASPS,$25.43,1440623711707,"231,584",67% bullish,of 3 ratings,$46.50
ALTR,$47.91,1440623711743,"2,524,127",80% bearish,of 5 ratings,$54
AIMC,$24.33,1440623711875,"79,827",100% bearish,of 2 ratings,$28.50
AMAG,$63.26,1440623712193,"550,731",100% bullish,of 2 ratings,$77.50
AMBA,$89.94,1440623712271,"1,692,374",83% bullish,of 12 ratings,$102.50
AMZN,$498,1440623712301,"3,511,577",81% bullish,of 264 ratings,$646
AMBC,$15.56,1440623712323,"380,426",100% bearish,of 1 rating,$16.50
AMCX,$69.72,1440623712354,"708,632",67% bullish,of 3 ratings,$87.50
AMRK,$10.35,1440623712379,"2,070",50% bullish,of 2 ratings,$14
AYA,$19.82,1440623712548,"14,095",100% bearish,of 1 rating,$40
DOX,$56.4,1440623712860,"578,823",67% bearish,of 3 ratings,$60
EPAX,$2.68,1440623712888,"120,564",100% bearish,of 1 rating,N/A
AMBCW,$7,1440623712914,"6,500",100% bearish,of 1 rating,N/A
AMDA,$0.4749,1440623712947,"879,262",90% bullish,of 10 ratings,$1
AMRN,$1.9,1440623713023,"1,047,072",85% bullish,of 39 ratings,$8
AMED,$38.52,1440623713048,"151,312",100% bearish,of 1 rating,$42
ASBI,$22.34,1440623713217,"8,323",Not yet rated,NULL,N/A
UHAL,$367.96,1440623713246,"11,822",100% bullish,of 2 ratings,$393.50
AMOV,$17.49,1440623713271,"8,473",100% bearish,of 1 rating,N/A
ATAX,$5.15,1440623713305,"135,079",100% bullish,of 1 rating,$6.50
AGNCB,$24.18,1440623713412,"17,136",Not yet rated,NULL,N/A
AGNC,$19.3189,1440623713439,"3,143,170",71% bullish,of 28 ratings,$22
AGNCP,$25.25,1440623713476,"3,450",Not yet rated,NULL,N/A
AAL,$38.8,1440623713504,"9,684,069",93% bullish,of 88 ratings,$57
MTGE,$15.39,1440623713684,"337,978",75% bullish,of 4 ratings,$19.50
MTGEP,$24.58,1440623713710,"5,900",Not yet rated,NULL,N/A
ACAS,$13.2189,1440623713861,"2,274,742",60% bullish,of 5 ratings,$16.75
ANCI,$1.53,1440623713953,"2,800",100% bearish,of 1 rating,N/A
AETI,$3.8,1440623714005,"1,244",67% bearish,of 3 ratings,N/A
AMNB,$22.9,1440623714083,"9,778",Not yet rated,NULL,$25.50
ANAT,$99.6699,1440623714135,"32,223",100% bullish,of 1 rating,N/A
AMIC,$9.66,1440623714221,3,Not yet rated,NULL,N/A
APEI,$21.3,1440623714286,"39,846",100% bearish,of 1 rating,$25.50
AMRB,$10.05,1440623714316,"19,704",Not yet rated,NULL,$11
ASEI,$37.18,1440623714444,"33,425",100% bearish,of 1 rating,$52.50
ARII,$37.99,1440623714472,"190,315",67% bearish,of 3 ratings,$45
AMSWA,$8.54,1440623714497,"40,622",100% bearish,of 2 ratings,$10.75
ACSF,$12.06,1440623714537,"21,371",100% bearish,of 1 rating,$15
AMWD,$65.17,1440623714795,"114,098",50% bullish,of 2 ratings,$70
AMSC,$4.11,1440623714828,"95,507",50% bullish,of 4 ratings,N/A
ABCB,$26.62,1440623714849,"99,298",Not yet rated,NULL,$31
CRMT,$36.22,1440623714928,"32,730",100% bearish,of 1 rating,$39
ATLO,$23.4,1440623714979,"9,014",Not yet rated,NULL,N/A
ASRVP,NULL,1440623715010,0,Not yet rated,NULL,N/A
ASRV,$3.23,1440623715038,"42,971",100% bullish,of 2 ratings,N/A
AMSF,$47.04,1440623715112,"45,548",Not yet rated,NULL,$57.50
AMPH,$13.53,1440623715389,"220,263",50% bullish,of 2 ratings,$20
AMKR,$4.62,1440623715445,"1,616,982",100% bearish,of 2 ratings,$5
FOLD,$14.375,1440623715471,"1,187,545",56% bullish,of 9 ratings,$21
AMGN,$153.9615,1440623715497,"3,487,290",89% bullish,of 19 ratings,$185
AMSGP,NULL,1440623715675,0,Not yet rated,NULL,N/A
AFSI,$57.7816,1440623715732,"499,548",60% bullish,of 5 ratings,$72
ASYS,$4.97,1440623715802,"64,605",67% bullish,of 3 ratings,$12
AMRS,$1.59,1440623715907,"57,126",70% bullish,of 10 ratings,N/A
ANAD,$0.329,1440623715942,"206,065",100% bullish,of 2 ratings,$.50
ADI,$54.22,1440623716038,"3,194,023",67% bullish,of 3 ratings,$69
ANAC,$132.24,1440623716068,"329,869",80% bullish,of 5 ratings,$180.50
ANCB,$22.2,1440623716298,"1,232",Not yet rated,NULL,$23
ABCW,$39.78,1440623716400,"12,004",67% bullish,of 3 ratings,N/A
AMCF,$0.244,1440623716445,"2,516",100% bullish,of 7 ratings,N/A
ALOG,$78.97,1440623716599,"50,266",100% bearish,of 2 ratings,$100.50
ANIK,$34.27,1440623716625,"62,061",60% bullish,of 5 ratings,$51.25
ANGI,$4.82,1440623716647,"463,755",64% bullish,of 11 ratings,$5.50
ANIP,$50.06,1440623716690,"149,491",89% bullish,of 19 ratings,$66
ANGO,$14.79,1440623716832,"75,863",67% bullish,of 3 ratings,$19
ANTH,$6.82,1440623716862,"762,937",80% bullish,of 10 ratings,$13
ATRS,$1.69,1440623716890,"675,555",92% bullish,of 12 ratings,$4.50
AMSG,$79.03,1440623716916,"478,643",100% bearish,of 1 rating,$85.50
ABAC,$0.7392,1440623716964,"2,300",100% bearish,of 1 rating,N/A
ATNY,$2.33,1440623717129,"24,500",50% bullish,of 2 ratings,$3.75
ANSS,$87.75,1440623717264,"414,040",100% bearish,of 1 rating,$100
APIC,$6.2,1440623717289,"77,287",100% bearish,of 1 rating,$19
APOL,$10.84,1440623717591,"1,019,604",87% bearish,of 68 ratings,$14
APPF,$17.01,1440623717619,"28,456",50% bullish,of 2 ratings,$22
AINV,$6.38,1440623717640,"735,887",50% bullish,of 4 ratings,$8
APOG,$49.6,1440623717669,"173,609",50% bullish,of 2 ratings,$67
AAPL,$109.87,1440623717705,"59,715,998",86% bullish,of 2349 ratings,$150
APDNW,$1.08,1440623717727,"18,930",Not yet rated,NULL,N/A
ARCI,NULL,1440623717803,0,Not yet rated,NULL,N/A
APDN,$3.2,1440623717828,"28,635",Not yet rated,NULL,$9
AMCC,$5.48,1440623718031,"447,682",80% bullish,of 5 ratings,$8
AREX,$1.71,1440623718193,"454,108",100% bearish,of 1 rating,$3
AMAT,$15.24,1440623718220,"21,509,615",82% bullish,of 11 ratings,$23
AAOI,$19.7,1440623718393,"222,717",50% bullish,of 4 ratings,$26
APRI,$1.24,1440623718422,"70,371",83% bullish,of 6 ratings,$4.86
APTO,$4.91,1440623718502,"3,633",Not yet rated,NULL,$17
AUMAW,NULL,1440623718817,0,Not yet rated,NULL,N/A
AGTC,$15.48,1440623718846,"110,765",50% bullish,of 2 ratings,$33
AUMA,NULL,1440623718871,0,Not yet rated,NULL,N/A
AQXP,$18.3,1440623718896,"241,170",50% bullish,of 2 ratings,$2
AUMAU,NULL,1440623718924,0,Not yet rated,NULL,N/A
ARDM,$6.95,1440623719061,777,100% bullish,of 1 rating,$26
ABUS,$6.903,1440623719281,"428,578",86% bullish,of 14 ratings,$23
PETX,$17.3,1440623719321,"341,863",100% bearish,of 2 ratings,$26
ARCW,$3.49,1440623719351,"17,623",100% bearish,of 2 ratings,$10.50
ABIO,$0.8789,1440623719400,"70,827",50% bullish,of 2 ratings,$3.75
ARCB,$28.15,1440623719456,"198,910",67% bearish,of 3 ratings,$39.50
AQMS,$5,1440623719586,"17,667",Not yet rated,NULL,N/A
ACAT,$25.57,1440623719715,"77,679",100% bearish,of 3 ratings,$33
ARDX,$17.7,1440623719816,"91,990",50% bullish,of 2 ratings,$24.50
RKDA,$5.88,1440623719841,"13,165",100% bearish,of 2 ratings,$10
ACGL,$67.2434,1440623719896,"321,306",50% bullish,of 2 ratings,$72
ARGS,$6.14,1440623720367,"32,281",50% bullish,of 2 ratings,$19.50
ARIA,$6.69,1440623720460,"2,535,974",87% bullish,of 46 ratings,$9
ARNA,$2.72,1440623720561,"2,661,210",90% bullish,of 77 ratings,$5.50
ARIS,$3.95,1440623720586,"153,082",Not yet rated,NULL,$4.50
AGII,$55.79,1440623720662,"130,457",Not yet rated,NULL,$59.50
ARCC,$14.8748,1440623720730,"1,935,325",67% bearish,of 3 ratings,$17.875
AGIIL,$25.68,1440623720862,"12,689",Not yet rated,NULL,N/A
ARKR,$24.5,1440623720945,510,50% bullish,of 2 ratings,N/A
ARTX,$1.35,1440623721232,"200,307",88% bullish,of 16 ratings,$4.50
ARMH,$41.21,1440623721385,"3,601,976",54% bearish,of 13 ratings,$61
ARWAR,$0.27,1440623721438,900,Not yet rated,NULL,N/A
ARWAU,NULL,1440623721462,0,100% bullish,of 1 rating,N/A
ARWA,NULL,1440623721657,0,Not yet rated,NULL,N/A
ARQL,$1.66,1440623721763,"171,139",75% bullish,of 4 ratings,$5
ARWAW,NULL,1440623721795,0,Not yet rated,NULL,N/A
AROW,$27.17,1440623721968,"22,723",Not yet rated,NULL,N/A
ARRY,$5.68,1440623721993,"1,213,873",100% bullish,of 7 ratings,$10
ARRS,$25.66,1440623722028,"619,613",50% bullish,of 2 ratings,$38
ARTW,$4.28,1440623722229,"3,718",75% bearish,of 4 ratings,N/A
DWAT,$9.64,1440623722254,"1,015",100% bearish,of 1 rating,N/A
ARTNA,$22.22,1440623722287,"18,058",100% bearish,of 1 rating,$29
ASNA,$11.27,1440623722315,"2,336,484",50% bullish,of 2 ratings,$18
ASBB,$24.12,1440623722344,300,Not yet rated,NULL,N/A
ARWR,$5.56,1440623722449,"612,680",75% bullish,of 4 ratings,$10.50
ASND,$20.86,1440623722579,"103,989",100% bullish,of 1 rating,$30
ASCMA,$26.72,1440623722807,"44,035",100% bearish,of 1 rating,$45
ASTI,$0.1231,1440623722964,"1,266,904",83% bullish,of 6 ratings,$3
APWC,$1.91,1440623722989,300,100% bearish,of 1 rating,N/A
ASMI,NULL,1440623723016,0,NULL,NULL,NULL
AZPN,$36.99,1440623723287,"709,364",50% bullish,of 2 ratings,$42
ASMB,$12.83,1440623723346,"37,830",67% bullish,of 3 ratings,N/A
ASML,$88.4,1440623723418,"789,889",50% bullish,of 4 ratings,$127
ALOT,$12.71,1440623723576,"19,797",100% bearish,of 1 rating,N/A
ASTE,$36.33,1440623723658,"46,783",100% bearish,of 1 rating,$48
ASFI,$8.89,1440623723686,"13,517",100% bullish,of 1 rating,N/A
ASTC,$1.86,1440623723715,"23,264",100% bullish,of 5 ratings,N/A
ATRO,$50.41,1440623723740,"138,395",100% bearish,of 2 ratings,$80
ATAI,$2.25,1440623723894,"8,028",100% bearish,of 1 rating,N/A
ASUR,$5.29,1440623723947,"9,925",50% bullish,of 2 ratings,$8
ATRA,$39.45,1440623724028,"81,489",50% bullish,of 2 ratings,$68
ATHN,$131.42,1440623724115,"169,689",67% bearish,of 3 ratings,$153
AAPC,NULL,1440623724246,0,Not yet rated,NULL,N/A
AFCB,$27.3,1440623724375,200,Not yet rated,NULL,N/A
ATHX,$1.11,1440623724476,"176,627",89% bullish,of 9 ratings,$5
ATNI,$70.76,1440623724501,"45,630",100% bearish,of 1 rating,$69.50
AAME,$3.46,1440623724538,"1,098",Not yet rated,NULL,N/A
ATLC,$3.77,1440623724666,"9,762",67% bullish,of 3 ratings,N/A
ACFC,$5.78,1440623724762,"87,419",Not yet rated,NULL,$6.50
AAWW,$39.46,1440623724792,"405,122",50% bullish,of 2 ratings,$65
ATML,$7.76,1440623724967,"6,007,304",78% bullish,of 9 ratings,$9.50
ATRC,$25.5,1440623725218,"142,014",100% bullish,of 1 rating,$30
ATOS,$0.72,1440623725252,"157,849",100% bullish,of 7 ratings,$7
ATRI,$380.37,1440623725351,"2,934",Not yet rated,NULL,N/A
AFH,$16.32,1440623725377,"39,741",Not yet rated,NULL,$21.50
LIFE,$14.3,1440623725508,"30,462",86% bullish,of 7 ratings,$43
ATTU,$13.25,1440623725538,"51,592",100% bearish,of 1 rating,$20.50
AUPH,$3.01,1440623725646,"14,135",100% bearish,of 1 rating,$8
AUDC,$3.11,1440623725678,"26,577",80% bullish,of 5 ratings,$5
ATRM,$2.83,1440623725708,500,50% bullish,of 2 ratings,N/A
AUBN,$26.5,1440623725811,"2,992",Not yet rated,NULL,N/A
ADAT,$0.35,1440623725841,"1,765,247",100% bullish,of 2 ratings,N/A
ADSK,$49.13,1440623725867,"2,883,864",67% bullish,of 6 ratings,$69.50
ABTL,$17.14,1440623725999,"51,123",100% bullish,of 4 ratings,$20.25
ADP,$77.8,1440623726156,"3,084,547",100% bearish,of 1 rating,$88
AVGO,$118.39,1440623726213,"3,500,189",88% bullish,of 8 ratings,$165
EARS,$4.77,1440623726238,"8,959",100% bearish,of 2 ratings,$11.50
AVNU,$12.25,1440623726440,"13,073",Not yet rated,NULL,$14
AAVL,$10.51,1440623726466,"284,464",100% bearish,of 1 rating,$20
AVEO,$1.34,1440623726520,"993,684",75% bullish,of 8 ratings,$3
AVGR,$14.13,1440623726547,"16,638",100% bearish,of 1 rating,$20
AVID,$7.995,1440623726596,"266,607",100% bearish,of 1 rating,$20
CAR,$41.2,1440623726621,"2,516,625",80% bullish,of 5 ratings,$60
AVNW,$1.14,1440623726681,"28,033",50% bullish,of 2 ratings,$2.20
AWRE,$3.06,1440623726709,"11,568",67% bullish,of 3 ratings,N/A
AXGN,$3.8,1440623726915,"36,788",Not yet rated,NULL,$5
ACLS,$3.08,1440623726971,"456,424",67% bullish,of 6 ratings,$4.75
AXPW,$1.05,1440623727018,"49,248",83% bullish,of 6 ratings,N/A
AXPWW,$0.9,1440623727151,"1,665",Not yet rated,NULL,N/A
AXTI,$2.16,1440623727199,"55,416",50% bullish,of 2 ratings,$2.75
RILY,$9.99,1440623727286,"1,891",Not yet rated,NULL,N/A
BEAV,$47,1440623727331,"742,275",67% bearish,of 3 ratings,$59
BOSC,$2.22,1440623727356,944,50% bullish,of 2 ratings,N/A
BCOM,$19.34,1440623727512,"3,530",100% bearish,of 1 rating,N/A
BWINA,$23.31,1440623727612,100,Not yet rated,NULL,N/A
BLDP,$1.17,1440623727659,"476,393",91% bullish,of 22 ratings,$2.50
BCPC,$56.72,1440623727690,"83,645",100% bearish,of 1 rating,$75
BANF,$59.35,1440623727750,"10,583",Not yet rated,NULL,$68
BANFP,$27,1440623727883,200,Not yet rated,NULL,N/A
BOCH,$5.8,1440623728101,"9,563",Not yet rated,NULL,$6.50
BMRC,$47.9,1440623728137,"12,670",Not yet rated,NULL,$52
BKMU,$6.91,1440623728164,"64,999",Not yet rated,NULL,$8
BKSC,$15.42,1440623728319,"1,197",Not yet rated,NULL,N/A
BOTJ,NULL,1440623728345,0,Not yet rated,NULL,N/A
OZRK,$41.35,1440623728422,"474,695",67% bullish,of 3 ratings,$49.50
BFIN,$11.96,1440623728508,"20,529",Not yet rated,NULL,$13
BWFG,$17.85,1440623728554,"12,662",100% bearish,of 1 rating,N/A
BANR,$43.7,1440623728683,"38,294",100% bullish,of 3 ratings,$50
TAPR,$32.26,1440623728717,"6,117",100% bearish,of 1 rating,N/A
BZUN,$4.69,1440623728803,"248,535",50% bullish,of 2 ratings,$11.50
BIDU,$142.69,1440623728834,"4,707,084",81% bullish,of 88 ratings,$210
BWINB,$22.85,1440623728879,"13,057",Not yet rated,NULL,N/A
BHACR,NULL,1440623729093,0,Not yet rated,NULL,N/A
BHAC,NULL,1440623729238,0,Not yet rated,NULL,N/A
BSET,$29.79,1440623729371,"60,156",100% bearish,of 1 rating,$35
BHACU,NULL,1440623729399,0,Not yet rated,NULL,N/A
BHACW,NULL,1440623729420,0,Not yet rated,NULL,N/A
BBSI,$34.28,1440623729453,"56,710",67% bearish,of 3 ratings,$62.50
BBCN,$14.295,1440623729474,"246,059",100% bearish,of 1 rating,$16
BYLK,$12.7,1440623729551,"2,428",Not yet rated,NULL,$14
BV,$4.95,1440623729624,"428,467",67% bullish,of 6 ratings,$9
BYBK,$4.9,1440623729688,575,100% bearish,of 1 rating,N/A
BECN,$34.73,1440623729818,"389,143",50% bullish,of 2 ratings,$40
BDCV,$4.8,1440623729843,"29,078",100% bearish,of 1 rating,$10.19
BBGI,$4.11,1440623729911,500,100% bearish,of 1 rating,N/A
BSF,$8.45,1440623729938,"13,973",Not yet rated,NULL,N/A
BEBE,$1.72,1440623730226,"83,496",75% bullish,of 4 ratings,$3.075
BCBP,$11.43,1440623730260,"1,782",Not yet rated,NULL,N/A
BLPH,$4.87,1440623730286,"25,489",100% bearish,of 1 rating,$12.50
BELFA,$15.35,1440623730311,"8,595",100% bearish,of 1 rating,N/A
BELFB,$17.95,1440623730336,"23,240",100% bearish,of 1 rating,N/A
BBBY,$61.25,1440623730361,"2,222,116",71% bullish,of 7 ratings,$75
BNCL,$12.4,1440623730522,"430,815",100% bullish,of 3 ratings,$12.50
BNFT,$34.67,1440623730703,"110,885",67% bullish,of 3 ratings,$46
BGCP,$8.61,1440623730739,"1,091,463",88% bullish,of 8 ratings,$14
BGFV,$10.68,1440623730760,"89,453",57% bullish,of 7 ratings,$12
BGMD,$0.751,1440623730792,"76,835",100% bullish,of 10 ratings,N/A
BIND,$4.34,1440623730845,"66,919",75% bullish,of 4 ratings,$13.50
BLCM,$16.68,1440623730873,"169,042",50% bullish,of 4 ratings,$40
BNTC,$7.9,1440623731064,"17,297",100% bullish,of 1 rating,N/A
BASI,$1.58,1440623731092,"3,502",Not yet rated,NULL,N/A
ORPN,$5.12,1440623731243,"6,991",100% bullish,of 1 rating,$28.50
BCDA,NULL,1440623731271,0,Not yet rated,NULL,N/A
BCRX,$10.98,1440623731294,"595,922",63% bullish,of 8 ratings,$18
BIOC,$1.83,1440623731320,"235,891",83% bullish,of 6 ratings,$3.85
BIOD,$0.654,1440623731556,"52,121",80% bullish,of 5 ratings,$4
BDSI,$6.445,1440623731598,"745,370",88% bullish,of 8 ratings,$17
BMRN,$128.0846,1440623731740,"722,247",80% bullish,of 5 ratings,$160
BLFS,$1.98,1440623731766,"7,018",100% bearish,of 1 rating,$4.75
BIIB,$298.2142,1440623731796,"1,837,741",88% bullish,of 16 ratings,$400
BLRX,$1.29,1440623731841,"78,804",100% bullish,of 12 ratings,$5
BIOL,$1.37,1440623731901,"31,468",Not yet rated,NULL,N/A
BVXV,$3.69,1440623731943,"4,696",Not yet rated,NULL,N/A
BRLI,NULL,1440623732119,0,NULL,NULL,NULL
BVXVW,$0.87,1440623732145,"1,200",100% bearish,of 1 rating,N/A
BPTH,$1,1440623732174,"85,006",100% bullish,of 2 ratings,$5
BIOS,$2.27,1440623732195,"1,131,311",71% bullish,of 7 ratings,$4
BSTC,$48.5,1440623732466,"36,572",100% bearish,of 1 rating,$76
BSPM,$0.64,1440623732565,"20,148",50% bullish,of 2 ratings,N/A
BOTA,$2.1,1440623732598,"63,092",88% bullish,of 8 ratings,N/A
BBP,$31.93,1440623732627,"12,420",Not yet rated,NULL,N/A
BBC,$30.28,1440623732693,"18,049",Not yet rated,NULL,N/A
TECH,$95.4885,1440623732733,"162,008",100% bullish,of 1 rating,$117
BEAT,$14.36,1440623732790,"451,898",67% bearish,of 3 ratings,$15
BDE,$7.16,1440623732999,"81,279",50% bullish,of 2 ratings,$9
BJRI,$44.06,1440623733031,"203,856",50% bullish,of 2 ratings,$55
BITI,$16.77,1440623733103,"38,769",100% bullish,of 1 rating,$28
BBOX,$15.32,1440623733140,"107,365",100% bearish,of 1 rating,N/A
BDMS,NULL,1440623733169,0,100% bearish,of 1 rating,N/A
BBRY,$6.8,1440623733238,"3,246,955",61% bullish,of 330 ratings,$9
BLKB,$58.28,1440623733269,"143,384",100% bearish,of 2 ratings,$66
HAWK,$40.055,1440623733313,"618,581",91% bullish,of 11 ratings,$49
BKCC,$9.0766,1440623733402,"268,597",100% bullish,of 2 ratings,$10
ADRA,$26.37,1440623733610,938,100% bearish,of 1 rating,N/A
ADRE,$29.04,1440623733797,"17,087",100% bearish,of 1 rating,N/A
BLBD,$12.23,1440623733829,"19,968",Not yet rated,NULL,N/A
ADRU,$21.75,1440623733858,809,100% bearish,of 1 rating,N/A
BUFF,$25.99,1440623733879,"177,300",83% bullish,of 12 ratings,$31.50
ADRD,$21.7,1440623733914,"9,611",100% bearish,of 1 rating,N/A
BLMN,$19.57,1440623733940,"1,068,010",83% bullish,of 6 ratings,$27.50
BCOR,$13.42,1440623734014,"177,803",57% bullish,of 7 ratings,$15
BBLU,$0.77,1440623734153,"93,697",100% bullish,of 2 ratings,$4.43
BHBK,$13.88,1440623734207,"98,284",100% bullish,of 1 rating,$14.50
NILE,$32.93,1440623734232,"93,629",50% bullish,of 2 ratings,$34
BLUE,$129.67,1440623734367,"388,568",71% bullish,of 7 ratings,$217.50
BKEP,$5.78,1440623734499,"39,004",100% bearish,of 1 rating,$8.50
BKEPP,$7.09,1440623734527,"43,063",100% bearish,of 1 rating,N/A
BPMC,$25.93,1440623734556,"94,633",50% bullish,of 2 ratings,$47.50
BOBE,$43.33,1440623734661,"108,640",75% bullish,of 4 ratings,$57
BOFI,$119.01,1440623734714,"168,842",100% bullish,of 6 ratings,$144
WIFI,$7.44,1440623734822,"231,669",50% bullish,of 2 ratings,$13.50
BOJA,$20.67,1440623734866,"160,463",100% bullish,of 1 rating,$30
BNCN,$20.35,1440623734921,"112,124",Not yet rated,NULL,$24
BNSO,$1.25,1440623734968,420,100% bearish,of 1 rating,N/A
BONA,$11.61,1440623735061,"76,973",75% bullish,of 4 ratings,$8.50
BAMM,$3.15,1440623735159,"2,076",60% bullish,of 5 ratings,N/A
BOKF,$59.1818,1440623735188,"242,714",100% bearish,of 1 rating,$69
BPFH,$11.74,1440623735217,"365,165",100% bearish,of 1 rating,$14
BPFHW,$4.54,1440623735287,"2,503",100% bearish,of 1 rating,N/A
BPFHP,$25.05,1440623735394,"1,000",100% bearish,of 1 rating,N/A
EPAY,$25.17,1440623735421,"124,888",100% bearish,of 2 ratings,$30
BDBD,$8.02,1440623735590,"572,222",60% bullish,of 5 ratings,$10
BCLI,$2.86,1440623735616,"32,711",80% bullish,of 5 ratings,$12
BBEPP,$13.1,1440623735747,"23,401",100% bearish,of 1 rating,N/A
BDGE,$26.62,1440623735803,"20,172",Not yet rated,NULL,$31.75
BLIN,$1.312,1440623735835,"4,700",50% bullish,of 2 ratings,$2.20
BBEP,$2.48,1440623735968,"1,193,538",69% bullish,of 13 ratings,$5.625
BRID,NULL,1440623736025,0,100% bearish,of 1 rating,N/A
BBRG,$12.51,1440623736047,"78,964",67% bullish,of 3 ratings,$14.50
BCOV,$5.22,1440623736135,"72,764",67% bullish,of 3 ratings,$10.20
BSFT,$30.79,1440623736184,"195,826",57% bullish,of 7 ratings,$40.50
BRCM,$49.85,1440623736239,"5,268,951",75% bullish,of 12 ratings,$56
BVSN,$5.75,1440623736278,"4,401",60% bearish,of 5 ratings,N/A
BWEN,$3.14,1440623736345,"18,414",100% bullish,of 3 ratings,$8
BRCD,$10.6,1440623736450,"6,331,529",92% bullish,of 13 ratings,$11.50
BRKS,$10.17,1440623736553,"139,880",67% bullish,of 3 ratings,$15.25
BRKL,$10.54,1440623736584,"222,006",100% bearish,of 1 rating,$10.75
BYFC,$1.38,1440623736610,"1,500",50% bullish,of 2 ratings,N/A
BRKR,$18.5178,1440623736690,"396,415",100% bearish,of 2 ratings,$22
BMTC,$28.63,1440623736832,"82,696",Not yet rated,NULL,$34
BLMT,$20.73,1440623736894,"6,621",Not yet rated,NULL,N/A
BSQR,$5.93,1440623736925,"36,551",67% bullish,of 3 ratings,N/A
BWLD,$193.09,1440623737027,"264,222",82% bullish,of 11 ratings,$205
BLDR,$13.83,1440623737073,"780,146",50% bullish,of 2 ratings,$22
BUR,$1.78,1440623737101,"10,292",100% bearish,of 1 rating,$8
CFFI,$35.1,1440623737131,"1,722",100% bearish,of 1 rating,N/A
CHRW,$67.26,1440623737232,"1,721,247",Not yet rated,NULL,$72
CDNS,$19.51,1440623737424,"1,274,724",75% bullish,of 4 ratings,$22.50
CA,$26.61,1440623737495,"2,920,590",50% bullish,of 4 ratings,$33
CDZI,$7.75,1440623737523,"48,750",100% bearish,of 1 rating,N/A
CCMP,$42.9,1440623737544,"70,575",50% bullish,of 2 ratings,$59
CACQ,$6.93,1440623737677,"62,617",100% bearish,of 1 rating,$12.25
CZR,$8.455,1440623737890,"542,232",60% bearish,of 5 ratings,$10.50
CLBS,$1.26,1440623737988,"90,190",79% bullish,of 14 ratings,$4
CSTE,$39.0802,1440623738015,"866,572",100% bearish,of 1 rating,$65
PRSS,$4.38,1440623738087,"5,570",80% bullish,of 5 ratings,$4.50
CHY,$11.15,1440623738192,"260,846",Not yet rated,NULL,N/A
CHI,$10.48,1440623738224,"284,662",100% bearish,of 1 rating,N/A
CCD,$18.76,1440623738245,"331,677",Not yet rated,NULL,N/A
CLMS,$10.4,1440623738278,"56,397",Not yet rated,NULL,$10.50
CFGE,NULL,1440623738410,0,Not yet rated,NULL,N/A
CHW,$7.47,1440623738437,"181,099",100% bearish,of 1 rating,N/A
CGO,$11.9,1440623738671,"27,751",100% bearish,of 1 rating,N/A
CALA,$4.8,1440623738761,"317,520",100% bullish,of 3 ratings,$19.50
CSQ,$9.7,1440623738790,"445,511",Not yet rated,NULL,N/A
CVGW,$59.62,1440623738897,"195,519",50% bullish,of 2 ratings,$58.50
CAMP,$15.76,1440623738929,"253,068",88% bullish,of 8 ratings,$25
CALD,$15.52,1440623738950,"337,354",100% bearish,of 1 rating,$20.50
CFNB,$13.45,1440623739042,155,100% bearish,of 1 rating,N/A
CLMT,$24.77,1440623739194,"261,125",75% bullish,of 8 ratings,$31
ABCD,$4.96,1440623739261,"82,764",83% bullish,of 6 ratings,N/A
CAMBU,NULL,1440623739335,0,100% bearish,of 1 rating,N/A
CAMB,$10.05,1440623739390,400,Not yet rated,NULL,N/A
CAMBW,NULL,1440623739418,0,Not yet rated,NULL,N/A
CALM,$48.18,1440623739550,"607,938",80% bullish,of 5 ratings,$65
CSIQ,$17.1801,1440623739682,"2,455,251",86% bullish,of 28 ratings,$42.50
CGIX,$9.92,1440623739812,"40,791",67% bullish,of 3 ratings,$14.375
CAC,$40.05,1440623739840,"8,904",Not yet rated,NULL,N/A
CBNJ,$10.97,1440623739861,"28,577",100% bullish,of 1 rating,N/A
CAMT,$2.57,1440623739993,"36,380",73% bullish,of 11 ratings,$4
CPLA,$47.79,1440623740022,"76,643",67% bearish,of 3 ratings,$65
CPHC,$10.23,1440623740048,200,100% bearish,of 1 rating,N/A
CBF,$28.88,1440623740178,"119,987",Not yet rated,NULL,$32
CSWC,$44.68,1440623740268,"12,407",Not yet rated,NULL,N/A
CPTA,$13.72,1440623740492,"74,326",100% bearish,of 1 rating,$18.50
CPLP,$6.47,1440623740541,"441,355",71% bullish,of 7 ratings,$11
CAPN,$1.88,1440623740568,"117,772",100% bullish,of 1 rating,$10.85
CFFN,$11.92,1440623740589,"675,253",Not yet rated,NULL,$12.75
CCBG,$14.77,1440623740734,"14,904",Not yet rated,NULL,$17.25
CAPR,$4.1,1440623740793,"25,952",Not yet rated,NULL,$12
CAPNW,$0.49,1440623740818,"14,000",Not yet rated,NULL,N/A
CPST,$0.3564,1440623740953,"502,648",95% bullish,of 22 ratings,$1.25
CBYL,$5.36,1440623740981,"21,445",100% bearish,of 1 rating,$20
CARA,$18.25,1440623741007,"420,484",50% bullish,of 4 ratings,$25
CRDC,$0.36,1440623741156,"320,677",100% bullish,of 1 rating,$1.25
CRME,$8.78,1440623741225,"12,412",89% bullish,of 9 ratings,$11.25
CARB,$11.09,1440623741321,"94,445",75% bullish,of 4 ratings,$12
CSII,$23.04,1440623741407,"143,392",100% bearish,of 2 ratings,$42.125
CFNL,$21.87,1440623741458,"75,618",Not yet rated,NULL,$24
CDNA,$6.5,1440623741539,"9,461",100% bearish,of 1 rating,$9
CECO,$3.49,1440623741565,"241,483",67% bearish,of 3 ratings,$6
CATM,$34.22,1440623741606,"155,886",100% bearish,of 1 rating,$44
CKEC,$22.53,1440623741769,"124,857",50% bullish,of 2 ratings,$35.915
CART,$5.35,1440623741799,310,100% bearish,of 1 rating,N/A
CLBH,$12.52,1440623741835,"2,799",Not yet rated,NULL,$16.50
CTRE,$11.52,1440623742002,"260,820",50% bullish,of 2 ratings,$13.50
TAST,$12.225,1440623742033,"213,290",Not yet rated,NULL,$14.25
CARO,$15.66,1440623742054,"1,130",100% bearish,of 1 rating,$19
CRTN,$2.51,1440623742089,600,100% bearish,of 1 rating,N/A
CRZO,$28.69,1440623742186,"623,624",67% bearish,of 3 ratings,$55.50
CASM,$1.11,1440623742418,"7,400",100% bullish,of 1 rating,$3.50
CSCD,$14.95,1440623742451,"67,197",100% bullish,of 2 ratings,$17
CARV,$7.23,1440623742485,"18,150",50% bullish,of 2 ratings,N/A
CACB,$5.3,1440623742555,"62,923",Not yet rated,NULL,$5.50
CWST,$6.01,1440623742584,"68,974",50% bullish,of 2 ratings,$7.25
CASY,$105.91,1440623742609,"217,184",50% bullish,of 2 ratings,$99.50
CASI,$1.43,1440623742770,"1,790",100% bullish,of 1 rating,$3.50
CASS,$49.08,1440623742870,"22,595",100% bearish,of 1 rating,N/A
CPRX,$3.46,1440623742895,"455,203",71% bullish,of 7 ratings,$7
CATYW,NULL,1440623743085,0,100% bearish,of 1 rating,N/A
CATB,$11.13,1440623743111,"19,771",100% bearish,of 1 rating,$28
CVCO,$71.19,1440623743182,"24,489",100% bearish,of 1 rating,N/A
CATY,$28.9,1440623743243,"434,606",100% bearish,of 1 rating,$33.50
CBFV,$20.25,1440623743403,"7,575",Not yet rated,NULL,$25
CNLM,NULL,1440623743433,0,Not yet rated,NULL,N/A
CAVM,$67.51,1440623743466,"500,888",67% bearish,of 3 ratings,$72
CNLMU,NULL,1440623743533,0,100% bullish,of 1 rating,N/A
CNLMR,NULL,1440623743560,0,Not yet rated,NULL,N/A
CBOE,$62.7225,1440623743688,"533,488",Not yet rated,NULL,$60
CNLMW,NULL,1440623743713,0,Not yet rated,NULL,N/A
CDK,$47.65,1440623743854,"1,404,390",67% bearish,of 3 ratings,$50
CDW,$39.48,1440623743929,"959,254",75% bullish,of 4 ratings,$44
CECE,$9.25,1440623743998,"70,083",50% bullish,of 2 ratings,$16
CPXX,$2.01,1440623744049,"126,837",100% bullish,of 2 ratings,$7
CELG,$119.2157,1440623744196,"4,492,805",92% bullish,of 13 ratings,$155.50
CELGZ,$1.68,1440623744226,"32,700",80% bullish,of 5 ratings,N/A
CLDX,$14.36,1440623744252,"1,143,823",89% bullish,of 9 ratings,$36
CLRB,$3.13,1440623744273,"1,203",100% bearish,of 1 rating,N/A
CLDN,$1.03,1440623744307,"83,449",71% bullish,of 7 ratings,$3
CLRBW,$0.935,1440623744328,800,Not yet rated,NULL,N/A
CLLS,$30.54,1440623744536,"107,764",75% bullish,of 4 ratings,$51.50
CLSN,$1.9,1440623744588,"113,758",80% bullish,of 10 ratings,$7.50
CLTX,$2.18,1440623744639,"311,525",100% bullish,of 2 ratings,N/A
CYAD,$50.8,1440623744722,"2,019",100% bullish,of 1 rating,$87.50
CBMG,$22.65,1440623744793,"50,535",50% bullish,of 2 ratings,N/A
CEMP,$34.25,1440623744902,"474,077",71% bullish,of 7 ratings,$52
CETX,$2.27,1440623745007,"6,300",Not yet rated,NULL,$5.60
CSFL,$13.83,1440623745091,"96,234",Not yet rated,NULL,$15
CETV,$2.11,1440623745120,"163,458",67% bullish,of 3 ratings,$2.80
CFBK,$1.37,1440623745175,"3,310",Not yet rated,NULL,N/A
CENT,$11.88,1440623745200,"57,119",Not yet rated,NULL,$10
CVCY,$11.21,1440623745229,"4,282",Not yet rated,NULL,$12
CENTA,$12.35,1440623745401,"232,190",Not yet rated,NULL,N/A
CNBKA,$41.5,1440623745429,"3,861",50% bullish,of 2 ratings,N/A
CENX,$4.49,1440623745490,"1,661,101",67% bullish,of 6 ratings,$9
CNTY,$5.85,1440623745600,"18,386",80% bullish,of 5 ratings,$7.75
CPHD,$48.6092,1440623745704,"454,390",67% bearish,of 3 ratings,$66.50
CERN,$61.63,1440623745830,"2,210,358",67% bullish,of 3 ratings,$79
CERE,$1.2,1440623745920,"222,931",88% bullish,of 8 ratings,N/A
CERS,$4.77,1440623745945,"398,466",75% bullish,of 4 ratings,$7
CERU,$3.5,1440623745971,"24,815",75% bullish,of 4 ratings,$15
KOOL,$0.615,1440623746115,"56,021",100% bullish,of 5 ratings,$7
CRNT,$1.35,1440623746280,"39,184",50% bullish,of 2 ratings,$2
HOTRW,NULL,1440623746306,0,Not yet rated,NULL,N/A
CEVA,$18.1,1440623746340,"60,213",100% bearish,of 1 rating,$25
CYOU,$19.44,1440623746366,"129,686",50% bullish,of 6 ratings,$24
HOTR,$1.46,1440623746446,"100,583",100% bullish,of 2 ratings,$5
CTHR,$1.3,1440623746474,"4,396",50% bullish,of 2 ratings,$2.50
CHTR,$177.6,1440623746652,"696,360",100% bearish,of 2 ratings,$196
GTLS,$21.96,1440623746678,"146,392",50% bullish,of 4 ratings,$40
CHFN,$12.41,1440623746819,"20,513",Not yet rated,NULL,$14
CHKP,$79.52,1440623746886,"1,118,318",50% bullish,of 4 ratings,$92
CHEK,$1.94,1440623746954,"48,083",Not yet rated,NULL,$7.75
CEMI,$3.66,1440623747021,"74,853",50% bullish,of 2 ratings,$7.50
CCXI,$7.09,1440623747085,"73,504",67% bullish,of 3 ratings,$14
CHEKW,NULL,1440623747115,0,Not yet rated,NULL,N/A
CHMG,$26.2,1440623747223,"1,772",Not yet rated,NULL,$30
CHFC,$31.24,1440623747258,"52,743",100% bearish,of 1 rating,$36
CHKE,$25.94,1440623747287,"26,987",100% bearish,of 1 rating,$32.50
CHMA,$24.12,1440623747358,"44,626",Not yet rated,NULL,$40
CHEV,$14.3,1440623747386,"2,182",Not yet rated,NULL,N/A
CBNK,$16.15,1440623747516,"12,165",100% bearish,of 1 rating,N/A
PLCE,$58.05,1440623747672,"453,161",100% bearish,of 1 rating,$71
CADC,NULL,1440623747698,0,78% bullish,of 9 ratings,N/A
CMRX,$50.42,1440623747719,"339,990",50% bullish,of 2 ratings,$57
CAAS,$5.89,1440623747751,"23,312",93% bullish,of 14 ratings,$11.50
CBAK,$1.79,1440623747936,"38,481",67% bullish,of 9 ratings,N/A
CCCL,$0.74,1440623748011,"32,400",100% bullish,of 6 ratings,N/A
CBPO,$96.4576,1440623748076,"139,648",75% bullish,of 8 ratings,$140.50
CHOP,$1.26,1440623748206,"15,880",50% bullish,of 2 ratings,N/A
HGSH,$1.67,1440623748235,"6,100",67% bullish,of 3 ratings,N/A
JRJC,$3.03,1440623748256,"165,008",82% bullish,of 11 ratings,N/A
CHLN,$2.08,1440623748308,"7,911",67% bullish,of 3 ratings,N/A
CALI,$0.89,1440623748391,"4,723",67% bullish,of 3 ratings,N/A
CCCR,$0.86,1440623748467,"16,434",67% bearish,of 3 ratings,N/A
CJJD,$1.74,1440623748559,"29,210",100% bullish,of 1 rating,N/A
CNIT,$1.37,1440623748599,"51,274",67% bullish,of 6 ratings,N/A
CHNR,$1.67,1440623748734,"4,392",100% bearish,of 1 rating,N/A
HTHT,$24.43,1440623748762,"160,987",50% bullish,of 2 ratings,$28.40
CPGI,$6.88,1440623748784,500,Not yet rated,NULL,N/A
CSUN,$1.31,1440623748982,"27,125",80% bullish,of 5 ratings,N/A
CREG,$0.68,1440623749041,"33,955",100% bullish,of 3 ratings,N/A
CNTF,$0.76,1440623749071,"56,806",Not yet rated,NULL,N/A
CXDC,$5.75,1440623749116,"42,248",67% bearish,of 3 ratings,N/A
CCIH,$6.2,1440623749171,"253,721",67% bullish,of 6 ratings,$12.65
CNYD,$2.96,1440623749199,"3,016",67% bullish,of 3 ratings,N/A
IMOS,$16.4608,1440623749229,"178,735",60% bullish,of 5 ratings,$21.50
CNET,$0.78,1440623749339,"23,413",50% bullish,of 2 ratings,N/A
CHSCL,$26.99,1440623749471,"21,349",Not yet rated,NULL,N/A
CHSCM,$25.82,1440623749607,"18,839",Not yet rated,NULL,N/A
CHSCO,$28.36,1440623749700,"14,241",Not yet rated,NULL,N/A
CHSCP,$30.5,1440623749727,"4,633",Not yet rated,NULL,N/A
CHSCN,$26.56,1440623749754,"5,476",Not yet rated,NULL,N/A
CHDN,$133.53,1440623749775,"31,169",Not yet rated,NULL,$165
CDTX,$14.26,1440623749908,"12,653",Not yet rated,NULL,$22
CHUY,$30.91,1440623749974,"137,707",50% bullish,of 2 ratings,$34
CINF,$52.1904,1440623750106,"748,029",50% bullish,of 4 ratings,$50.50
CMPR,$68.21,1440623750132,"218,298",50% bullish,of 2 ratings,$72.50
CIDM,$0.5615,1440623750153,"122,770",50% bullish,of 2 ratings,$2.10
CMCT,$15.8,1440623750184,803,100% bearish,of 1 rating,N/A
CIFC,$7.21,1440623750217,"5,966",100% bearish,of 1 rating,N/A
CPHR,$5.8,1440623750323,"11,999",100% bearish,of 1 rating,$17
CTAS,$84.01,1440623750352,"568,176",100% bearish,of 1 rating,$91
CSCO,$25.71,1440623750526,"33,739,211",84% bullish,of 208 ratings,$32
CRUS,$28.6,1440623750551,"834,740",75% bullish,of 12 ratings,$44.50
CTRN,$26.78,1440623750715,"110,212",100% bearish,of 1 rating,$31.50
CZNC,$19.74,1440623750777,"19,061",Not yet rated,NULL,N/A
CZFC,NULL,1440623750850,0,Not yet rated,NULL,N/A
CIZN,$19.38,1440623750879,"1,114",Not yet rated,NULL,N/A
CZWI,$8.99,1440623750903,784,Not yet rated,NULL,N/A
CIVB,$10.26,1440623750984,"3,708",Not yet rated,NULL,$11
CHCO,$47.15,1440623751073,"34,191",Not yet rated,NULL,$46
CTXS,$68.41,1440623751178,"2,125,926",86% bullish,of 7 ratings,$80
CIVBP,NULL,1440623751232,0,Not yet rated,NULL,N/A
CDTI,$1.52,1440623751258,"45,538",75% bullish,of 4 ratings,$3.20
CLNE,$4.43,1440623751287,"833,284",80% bullish,of 15 ratings,$9
CLNT,$1.37,1440623751312,"7,162",75% bullish,of 8 ratings,N/A
CLFD,$16.98,1440623751541,"40,037",67% bullish,of 3 ratings,$18
CLRO,$11.5,1440623751632,"38,212",50% bullish,of 2 ratings,$14.25
CLIR,$4.63,1440623751689,"46,731",100% bullish,of 3 ratings,N/A
CSBK,$13.75,1440623751798,"85,383",Not yet rated,NULL,N/A
CBLI,$3.66,1440623751827,"40,955",60% bullish,of 5 ratings,N/A
CCNE,$16.81,1440623751979,"14,293",50% bullish,of 2 ratings,$21.50
CME,$91.7583,1440623752063,"1,355,230",67% bullish,of 3 ratings,$102
COBZ,$12.87,1440623752201,"50,032",100% bullish,of 1 rating,$14
CNV,$4.405,1440623752241,"64,109",50% bullish,of 2 ratings,$7.15
CISG,$7.43,1440623752276,"110,746",100% bullish,of 5 ratings,$10
CWAY,$11.21,1440623752336,"2,848",Not yet rated,NULL,N/A
COKE,$161.8,1440623752368,"23,676",79% bullish,of 19 ratings,N/A
CDRB,$12.39,1440623752397,"14,299",67% bullish,of 3 ratings,N/A
CLVS,$71.51,1440623752534,"620,984",60% bullish,of 5 ratings,$101.50
CVLY,$20.32,1440623752698,"1,022",Not yet rated,NULL,N/A
CMFN,$10.9,1440623752726,"24,903",100% bearish,of 1 rating,$15.50
CDXS,$3.4,1440623752752,"35,651",64% bullish,of 11 ratings,$6
JVA,$4.37,1440623752889,"7,270",83% bullish,of 6 ratings,$7
CGNT,$1.46,1440623753074,"23,535",100% bullish,of 2 ratings,$2
CTSH,$62.16,1440623753123,"3,429,861",90% bullish,of 10 ratings,$75
CCOI,$27.52,1440623753154,"437,894",50% bullish,of 4 ratings,$35
COHR,$55.93,1440623753179,"103,745",50% bullish,of 2 ratings,$72
CGNX,$33.83,1440623753215,"725,784",50% bullish,of 2 ratings,$47
COHU,$9.25,1440623753242,"153,379",100% bearish,of 1 rating,$14.25
CLRX,$0.5146,1440623753314,"37,117",50% bullish,of 2 ratings,N/A
CHRS,$27.4,1440623753341,"202,083",67% bearish,of 3 ratings,$37
COLL,$15.09,1440623753515,"37,971",100% bearish,of 1 rating,$26
CLCT,$18.37,1440623753546,"11,218",100% bearish,of 1 rating,N/A
CIGI,$42.29,1440623753573,"15,627",100% bearish,of 1 rating,$52
CBAN,$8.77,1440623753598,200,Not yet rated,NULL,N/A
CLCD,$6.23,1440623753886,"79,054",100% bearish,of 1 rating,$20.50
COLM,$60.86,1440623753912,"103,096",100% bearish,of 1 rating,$71
COLB,$29.68,1440623753933,"125,637",Not yet rated,NULL,$36
CMCO,$18,1440623753972,"64,317",60% bullish,of 5 ratings,$28
CBMX,$1.05,1440623754073,"24,537",83% bullish,of 6 ratings,$3.15
CMCSK,$55.72,1440623754180,"4,560,846",Not yet rated,NULL,$84
CBSH,$43.7588,1440623754248,"236,480",50% bullish,of 2 ratings,$46
CBSHP,$25.31,1440623754325,"1,735",100% bearish,of 1 rating,N/A
COMM,$29.5,1440623754532,"726,738",67% bearish,of 3 ratings,$35
CUBN,$13.5,1440623754559,"5,624",Not yet rated,NULL,N/A
CSAL,$20.194,1440623754632,"442,009",75% bullish,of 4 ratings,$30
CYHHZ,$0.011,1440623754699,"88,798",100% bullish,of 1 rating,N/A
ESXB,$5.06,1440623754732,"2,788",Not yet rated,NULL,N/A
JCS,$8.63,1440623754806,"1,778",67% bullish,of 3 ratings,N/A
CMCSA,$55.4,1440623754834,"9,441,972",66% bullish,of 35 ratings,$69.50
CTBI,$34.58,1440623754907,"25,785",Not yet rated,NULL,$36
CWBC,$6.79,1440623755008,"16,855",Not yet rated,NULL,N/A
COB,$10.37,1440623755047,"11,090",100% bullish,of 1 rating,$11.75
CVLT,$35.14,1440623755074,"421,390",75% bullish,of 4 ratings,$44.50
CVGI,$4.81,1440623755200,"137,581",50% bullish,of 2 ratings,$6
CIL,$32.83,1440623755303,600,Not yet rated,NULL,N/A
CID,$33.02,1440623755536,900,Not yet rated,NULL,N/A
CIZ,$33.65,1440623755562,"8,967",100% bearish,of 1 rating,N/A
CSA,$31.8999,1440623755694,150,Not yet rated,NULL,N/A
CSF,$36.02,1440623755723,"7,544",100% bearish,of 1 rating,N/A
CDC,$34.06,1440623755744,"17,390",Not yet rated,NULL,N/A
CFA,$34.18,1440623755775,"8,250",100% bearish,of 1 rating,N/A
CDL,NULL,1440623755911,0,Not yet rated,NULL,N/A
CFO,$34.88,1440623756015,"15,381",100% bearish,of 1 rating,N/A
CSB,$32.44,1440623756046,2,Not yet rated,NULL,N/A
CPSI,$45.14,1440623756149,"57,844",100% bearish,of 1 rating,$45.50
CTG,$6.47,1440623756213,"38,329",100% bearish,of 1 rating,$8.50
CGEN,$4.95,1440623756240,"118,852",50% bullish,of 2 ratings,$11
CHCI,$0.7192,1440623756372,"41,447",50% bullish,of 2 ratings,N/A
SCOR,$53.42,1440623756419,"325,411",100% bearish,of 1 rating,$66
CMTL,$25.42,1440623756560,"66,952",100% bearish,of 2 ratings,$37
CNAT,$3.53,1440623756592,"80,660",83% bullish,of 6 ratings,$13
CNCE,$15.74,1440623756622,"101,744",75% bullish,of 4 ratings,$22
CXRX,$69.8095,1440623756734,"8,418",100% bearish,of 1 rating,$90
CDOR,$1.27,1440623756776,"3,270",100% bullish,of 1 rating,N/A
CNSI,$18.5,1440623756920,"207,246",100% bearish,of 2 ratings,$29
CCUR,$4.61,1440623757000,"63,040",75% bullish,of 4 ratings,N/A
CDORP,$6.37,1440623757028,"1,310",100% bearish,of 1 rating,N/A
CNFR,$10.48,1440623757060,"24,311",Not yet rated,NULL,N/A
CFMS,$19.35,1440623757085,"216,038",Not yet rated,NULL,$27
CDORO,NULL,1440623757111,0,100% bearish,of 1 rating,N/A
CNMD,$53.11,1440623757240,"114,849",Not yet rated,NULL,$59
CNXR,$6.38,1440623757477,"39,668",100% bearish,of 1 rating,$12
CONN,$30.27,1440623757505,"571,115",67% bullish,of 3 ratings,$48.50
CTCT,$24.17,1440623757531,"199,968",67% bullish,of 3 ratings,$37
CTWS,$34.43,1440623757577,"17,118",100% bearish,of 1 rating,$44
CNSL,$19.43,1440623757713,"158,288",100% bearish,of 1 rating,$23
CNOB,$19.19,1440623757739,"41,186",100% bullish,of 1 rating,$23.50
CWCO,$10.2,1440623757870,"54,611",67% bullish,of 3 ratings,$14.50
CFRX,$5.06,1440623757902,"32,965",Not yet rated,NULL,$14
CPSS,$5.77,1440623757943,"33,059",100% bullish,of 1 rating,$10
CFRXW,$1.89,1440623757970,"1,200",100% bearish,of 1 rating,N/A
CFRXZ,NULL,1440623757991,0,Not yet rated,NULL,N/A
CTRL,$7.85,1440623758049,"106,372",50% bullish,of 2 ratings,$11
CTRV,$3.75,1440623758182,"11,242",Not yet rated,NULL,$6.40
CPRT,$34.12,1440623758330,"248,600",67% bearish,of 3 ratings,$40
CRBP,$1.85,1440623758417,"271,943",100% bullish,of 2 ratings,$6.25
CORT,$5,1440623758472,"442,059",67% bullish,of 3 ratings,$12
BVA,$3.85,1440623758502,300,50% bullish,of 2 ratings,N/A
CORE,$59.56,1440623758623,"113,957",100% bearish,of 1 rating,$72
CSOD,$35.67,1440623758649,"364,561",50% bullish,of 2 ratings,$42
CRVL,$30.88,1440623758670,"28,197",100% bearish,of 1 rating,N/A
COST,$137.71,1440623758702,"2,024,898",79% bullish,of 24 ratings,$154.50
CSGP,$175.24,1440623758835,"126,923",50% bullish,of 2 ratings,$235
COSI,$1.06,1440623758862,"203,920",100% bullish,of 1 rating,N/A
CORI,$10.35,1440623758884,"51,923",100% bearish,of 1 rating,$18
ICBK,$18.55,1440623759033,400,Not yet rated,NULL,$21
CVTI,$22.46,1440623759062,"141,228",67% bearish,of 3 ratings,$39
CPAH,$0.41,1440623759120,"10,200",50% bullish,of 2 ratings,N/A
COVS,$2.53,1440623759218,"65,843",67% bullish,of 3 ratings,N/A
COWN,$5,1440623759319,"2,047,572",75% bullish,of 4 ratings,$7
COWNL,$27,1440623759419,"9,195",Not yet rated,NULL,N/A
CRAI,$21.81,1440623759484,"32,874",100% bearish,of 1 rating,$36
CPSH,$2.19,1440623759524,"16,164",Not yet rated,NULL,N/A
CBRL,$143.1184,1440623759587,"209,151",50% bullish,of 2 ratings,$155
CRAY,$19.85,1440623759627,"298,021",83% bullish,of 6 ratings,$38.50
CACC,$195.7191,1440623759664,"93,142",50% bullish,of 2 ratings,$158.50
SLVO,$9.72,1440623759764,"66,977",100% bearish,of 1 rating,N/A
BREW,$7.37,1440623759791,"65,198",67% bullish,of 6 ratings,$15
CREE,$25.66,1440623759839,"1,207,596",65% bullish,of 17 ratings,$29.50
GLDI,$11.04,1440623759971,"17,569",100% bearish,of 1 rating,N/A
CRESY,$10.01,1440623759997,"139,841",100% bearish,of 1 rating,$19
CRTO,$42.42,1440623760029,"233,020",67% bullish,of 6 ratings,$64
CROX,$13.995,1440623760127,"1,021,890",63% bullish,of 8 ratings,$16.50
CCRN,$13.75,1440623760308,"122,472",100% bearish,of 1 rating,$14.25
CRWN,$4.53,1440623760378,"96,114",75% bullish,of 4 ratings,N/A
CRWS,$7.95,1440623760442,"10,000",Not yet rated,NULL,$10
CYRX,$2.89,1440623760469,"19,892",Not yet rated,NULL,$9
CYRXW,$0.811,1440623760493,"34,000",Not yet rated,NULL,N/A
CCLP,$13.67,1440623760525,"56,337",67% bearish,of 3 ratings,$20
CSGS,$30.03,1440623760600,"123,688",Not yet rated,NULL,$40
CRDS,$1.02,1440623760782,"25,986",50% bullish,of 4 ratings,$4.50
CTCM,$1.7,1440623760822,"161,388",80% bearish,of 5 ratings,$3.90
CTIC,$1.51,1440623760882,"1,758,313",84% bullish,of 76 ratings,$5.75
CSPI,$5.88,1440623760908,"1,150",67% bullish,of 3 ratings,N/A
CTIB,$3.556,1440623760970,400,100% bearish,of 1 rating,N/A
CUNB,$21.08,1440623761145,"21,519",Not yet rated,NULL,$24.50
CPIX,$6.01,1440623761232,"65,500",Not yet rated,NULL,N/A
CMLS,$1.39,1440623761264,"718,720",50% bullish,of 4 ratings,$6
CRIS,$2.38,1440623761290,"445,552",100% bullish,of 8 ratings,$6
CVBF,$15.76,1440623761326,"470,066",Not yet rated,NULL,$18
CTRP,$63,1440623761348,"1,434,130",75% bullish,of 8 ratings,$92
CUI,$5.13,1440623761378,"23,888",50% bullish,of 2 ratings,$10
CUTR,$14.25,1440623761426,"50,955",67% bearish,of 3 ratings,$18
CVV,$10.75,1440623761664,"15,662",100% bullish,of 5 ratings,N/A
CYAN,$7.26,1440623761807,970,100% bearish,of 1 rating,N/A
CYBE,$5.92,1440623761844,"7,259",100% bearish,of 1 rating,N/A
CYBR,$50.25,1440623761871,"1,156,369",71% bullish,of 7 ratings,$66
CYBX,$67.07,1440623762023,"321,711",50% bullish,of 4 ratings,$71.50
CYCC,$0.5098,1440623762068,"145,759",73% bullish,of 11 ratings,N/A
CBAY,$2.6,1440623762103,"64,711",100% bullish,of 1 rating,$4
CYCCP,$5.5,1440623762124,340,100% bearish,of 1 rating,N/A
CYNA,$16.29,1440623762203,"37,680",100% bullish,of 1 rating,$31.50
CYNO,$32.51,1440623762266,"102,793",67% bearish,of 3 ratings,$45.50
CYRN,$1.69,1440623762293,"54,366",67% bullish,of 3 ratings,$4
CONE,$31.42,1440623762539,"287,024",67% bearish,of 3 ratings,$35
CYTK,$6.73,1440623762601,"151,086",71% bullish,of 14 ratings,$13.50
CYTX,$0.3261,1440623762710,"1,420,625",83% bullish,of 12 ratings,$5.50
CTSO,$6.5,1440623762736,"54,541",Not yet rated,NULL,$15.625
CY,$9.3,1440623762765,"4,486,494",80% bullish,of 10 ratings,$15.50
DAEG,$0.35,1440623762867,"9,296",100% bearish,of 1 rating,N/A
CYTR,$2.18,1440623762892,"471,402",67% bullish,of 6 ratings,$10
TVIZ,$17.26,1440623763066,"9,420",100% bearish,of 1 rating,N/A
ZIV,$41.89,1440623763098,"112,819",Not yet rated,NULL,N/A
DAKT,$8.24,1440623763126,"524,021",50% bullish,of 2 ratings,$14
TVIX,$12.35,1440623763160,"25,022,753",81% bullish,of 16 ratings,N/A
XIV,$28.22,1440623763194,"28,047,525",75% bearish,of 4 ratings,N/A
DJCO,$195,1440623763259,"2,353",Not yet rated,NULL,N/A
DARA,$0.85,1440623763286,"92,983",83% bullish,of 6 ratings,$1.50
DAIO,$2.57,1440623763438,"6,200",Not yet rated,NULL,N/A
DTLK,$5.48,1440623763466,"101,931",100% bearish,of 1 rating,$9
DRAM,$1.13,1440623763600,"34,850",78% bullish,of 9 ratings,N/A
PLAY,$33.46,1440623763679,"237,565",100% bullish,of 5 ratings,$42
DTEA,$12.91,1440623763706,"62,141",100% bearish,of 2 ratings,$24
DWCH,$4.86,1440623763837,"22,538",75% bullish,of 4 ratings,$8.25
TRAK,$62.875,1440623763908,"544,080",50% bullish,of 2 ratings,$62.50
DWSN,$4.26,1440623763936,"26,351",67% bullish,of 3 ratings,N/A
TACO,$12,1440623764065,"267,157",75% bullish,of 4 ratings,$20
DBVT,$38.2781,1440623764097,"55,592",100% bearish,of 1 rating,$53
TACOW,$4.04,1440623764118,"161,305",100% bullish,of 1 rating,N/A
DFRG,$14.38,1440623764139,"167,709",100% bearish,of 1 rating,$20
DHRM,$1.46,1440623764180,"5,006",Not yet rated,NULL,N/A
DCTH,$0.3902,1440623764278,"503,575",78% bullish,of 9 ratings,N/A
DGAS,$20.12,1440623764342,"16,397",67% bearish,of 3 ratings,N/A
DELT,$2.5,1440623764443,"1,400",Not yet rated,NULL,N/A
DELTW,NULL,1440623764543,0,Not yet rated,NULL,N/A
DENN,$11.45,1440623764700,"328,121",100% bullish,of 3 ratings,$15
DEPO,$28.395,1440623764834,"498,948",60% bullish,of 5 ratings,$29
DSCI,$5.81,1440623764890,"53,355",50% bullish,of 2 ratings,$16
XRAY,$52.6437,1440623764926,"938,741",100% bullish,of 1 rating,$58
DEST,$11.37,1440623764947,"79,340",50% bullish,of 2 ratings,N/A
DXLG,$4.43,1440623764981,"247,705",100% bearish,of 1 rating,$8
DSWL,$1.7,1440623765020,"59,272",100% bullish,of 1 rating,N/A
DERM,$25.08,1440623765078,"90,136",100% bearish,of 1 rating,$33.50
DHXM,NULL,1440623765289,0,Not yet rated,NULL,N/A
DXCM,$91.519,1440623765321,"533,221",57% bullish,of 7 ratings,$98
DXM,$0.3,1440623765371,"80,435",50% bullish,of 2 ratings,N/A
DHIL,$192,1440623765418,"4,150",Not yet rated,NULL,N/A
DMND,$27.93,1440623765447,"327,763",75% bullish,of 12 ratings,$32
DRNA,$10.52,1440623765587,"60,212",67% bearish,of 3 ratings,$25
FANG,$62.09,1440623765614,"570,088",50% bullish,of 2 ratings,$86.50
DCIX,$1.67,1440623765692,"83,742",50% bullish,of 4 ratings,$3.50
DRAD,$3.69,1440623765865,"6,870",100% bullish,of 1 rating,$5.25
DMRC,$34.3,1440623765896,"122,587",100% bearish,of 1 rating,$44
DGLY,$8.14,1440623765930,"431,147",50% bullish,of 6 ratings,$20
DGII,$9.7,1440623765955,"44,281",100% bearish,of 1 rating,$10
DCOM,$16.6,1440623765999,"108,511",100% bearish,of 2 ratings,$16.50
APPS,$2.32,1440623766028,"179,958",100% bearish,of 1 rating,$10.25
DIOD,$19.5,1440623766163,"124,931",75% bearish,of 4 ratings,$24
DPRX,$12.25,1440623766325,"4,758",100% bullish,of 2 ratings,$27.75
DISCA,$26.52,1440623766371,"2,024,467",67% bullish,of 3 ratings,$34
DISCK,$25.1,1440623766398,"1,837,339",100% bearish,of 1 rating,$32
DISCB,$25.45,1440623766419,18,100% bearish,of 1 rating,$35
DSCO,$0.3625,1440623766551,"225,517",83% bullish,of 6 ratings,$2.75
DISH,$58.57,1440623766579,"1,917,889",69% bullish,of 13 ratings,$73
BAGR,$2.66,1440623766622,"46,146",100% bearish,of 1 rating,$6
DVCR,$10.6,1440623766714,"1,363",100% bullish,of 1 rating,N/A
DLTR,$77.34,1440623766758,"1,938,073",82% bullish,of 11 ratings,$88
DNBF,$26.15,1440623766888,"2,494",Not yet rated,NULL,$27.50
DLHC,$2.5,1440623766916,"5,421",100% bearish,of 1 rating,N/A
DGICA,$14.2,1440623766940,"12,752",100% bearish,of 1 rating,$17
DGICB,NULL,1440623766965,0,100% bearish,of 1 rating,N/A
DORM,$50.7,1440623767126,"225,691",100% bearish,of 1 rating,$56
DMLP,$13.75,1440623767154,"29,206",100% bearish,of 1 rating,N/A
HILL,$9.68,1440623767231,"3,184,329",60% bearish,of 5 ratings,$9.75
DWA,$19.75,1440623767480,"841,193",63% bullish,of 8 ratings,$26
DRWIW,$0.045,1440623767512,"2,102",Not yet rated,NULL,N/A
DRWI,$0.2288,1440623767533,"82,315",60% bullish,of 5 ratings,$.45
DSKX,$3.14,1440623767567,"128,795",100% bullish,of 1 rating,N/A
DRYS,$0.3577,1440623767612,"1,771,931",77% bullish,of 31 ratings,$.60
DSPG,$8.57,1440623767663,"57,508",100% bearish,of 1 rating,$13.50
CADT,NULL,1440623767903,0,Not yet rated,NULL,N/A
CADTW,NULL,1440623767940,0,Not yet rated,NULL,N/A
CADTR,NULL,1440623767976,0,Not yet rated,NULL,N/A
DNKN,$50.85,1440623767999,"733,403",67% bullish,of 15 ratings,$56.50
DRRX,$1.96,1440623768031,"919,303",50% bullish,of 6 ratings,$3
CADTU,$10.05,1440623768070,"1,000",Not yet rated,NULL,N/A
DTSI,$26.39,1440623768098,"55,778",100% bearish,of 2 ratings,$39.50
DXPE,$26.53,1440623768323,"161,701",50% bullish,of 2 ratings,N/A
BOOM,$9.01,1440623768450,"66,131",67% bullish,of 3 ratings,$12
DYAX,$23.16,1440623768483,"690,885",89% bullish,of 9 ratings,$30
DYSL,$1.39,1440623768552,"159,112",100% bullish,of 2 ratings,N/A
DYNT,$2.95,1440623768578,"3,648",75% bullish,of 4 ratings,N/A
DVAX,$27.06,1440623768603,"222,759",70% bullish,of 10 ratings,$40
EGBN,$41.48,1440623768742,"112,485",Not yet rated,NULL,$48
EBMT,$11.14,1440623768771,"2,645",Not yet rated,NULL,$13.50
EGLE,$6.46,1440623768871,"30,410",60% bullish,of 5 ratings,N/A
EGRX,$79.01,1440623768956,"369,305",67% bullish,of 3 ratings,$97
EWBC,$38.5877,1440623768988,"2,096,332",100% bearish,of 1 rating,$50
EROC,$1.26,1440623769016,"396,160",50% bullish,of 2 ratings,$3
ETFC,$25.2651,1440623769051,"2,709,884",57% bullish,of 14 ratings,$33
ELNK,$8.24,1440623769072,"588,128",60% bullish,of 5 ratings,$9.50
EML,$16.74,1440623769151,"4,377",Not yet rated,NULL,N/A
EACQU,$10.2,1440623769209,"9,200",Not yet rated,NULL,N/A
EVBS,$6.49,1440623769468,"6,318",Not yet rated,NULL,$7
EBAY,$26.17,1440623769556,"9,562,490",81% bullish,of 117 ratings,$48
EBIX,$27.37,1440623769586,"271,280",69% bullish,of 13 ratings,$40
ELON,$0.6097,1440623769615,"72,843",50% bullish,of 2 ratings,N/A
ECHO,$22.89,1440623769636,"230,068",67% bearish,of 3 ratings,$35.50
SATS,$43.37,1440623769694,"99,943",50% bullish,of 2 ratings,$60
ECTE,$1.52,1440623769827,"13,086",75% bullish,of 4 ratings,N/A
ESES,$3.46,1440623769982,"2,632",100% bearish,of 1 rating,$7
EDAP,$3.8,1440623770015,"109,665",60% bullish,of 5 ratings,$4.50
EDGW,$6.69,1440623770046,"17,455",100% bearish,of 1 rating,N/A
EEI,$10.97,1440623770087,824,67% bearish,of 3 ratings,N/A
ECACU,$10.06,1440623770113,"6,100",Not yet rated,NULL,N/A
EDUC,$4.97,1440623770144,"1,733",100% bearish,of 1 rating,N/A
EFUT,$4.21,1440623770178,500,Not yet rated,NULL,N/A
EGLT,$10.35,1440623770441,"43,493",50% bullish,of 2 ratings,$21
EHTH,$13.76,1440623770505,"79,030",50% bullish,of 4 ratings,$16.50
EGAN,$3.26,1440623770535,"29,476",50% bullish,of 2 ratings,$6.25
ESLT,$74.93,1440623770591,"21,044",67% bullish,of 3 ratings,N/A
LOCO,$11.6301,1440623770616,"579,809",69% bullish,of 13 ratings,$20
EMITF,$1.27,1440623770646,"14,165",75% bullish,of 4 ratings,N/A
ERI,$9.27,1440623770746,"89,656",100% bearish,of 1 rating,$10
EFII,$43.15,1440623770914,"281,646",80% bullish,of 5 ratings,$55
ELRC,$10.35,1440623770948,"39,389",100% bearish,of 1 rating,N/A
ELEC,NULL,1440623770989,0,Not yet rated,NULL,N/A
ELECU,$10.02,1440623771018,"2,867",Not yet rated,NULL,N/A
ELSE,$3.85,1440623771045,309,60% bullish,of 5 ratings,N/A
EA,$66.5,1440623771075,"2,780,853",77% bullish,of 35 ratings,$80
ESIO,$4.21,1440623771100,"170,489",50% bullish,of 2 ratings,$10
ELECW,NULL,1440623771289,0,Not yet rated,NULL,N/A
EBIO,$3.23,1440623771480,"424,066",100% bearish,of 2 ratings,$8.35
RDEN,$10.5,1440623771506,"91,576",100% bearish,of 4 ratings,$15
ESBK,$19.51,1440623771535,"3,000",Not yet rated,NULL,N/A
CAPX,$22.0116,1440623771635,100,Not yet rated,NULL,N/A
LONG,$16.88,1440623771677,"86,829",67% bullish,of 3 ratings,$15.75
EMCF,NULL,1440623771730,0,100% bearish,of 1 rating,N/A
ELTK,$1.16,1440623771762,"39,333",67% bearish,of 3 ratings,N/A
EMCI,$22.86,1440623771814,"21,028",Not yet rated,NULL,N/A
EMKR,$6.9,1440623771898,"182,893",75% bullish,of 4 ratings,$8.50
NYNY,$4.19,1440623771977,"60,185",50% bullish,of 2 ratings,N/A
EMMS,$1.11,1440623772191,"57,980",67% bullish,of 6 ratings,N/A
ERS,$2.8,1440623772218,"7,800",Not yet rated,NULL,N/A
EMMSP,$3,1440623772289,"5,998",100% bearish,of 1 rating,N/A
ENTA,$41.39,1440623772353,"179,987",50% bullish,of 2 ratings,$42
ECPG,$38.84,1440623772401,"128,358",100% bullish,of 2 ratings,$52
ENDP,$76.3708,1440623772561,"1,344,257",50% bullish,of 6 ratings,$104
WIRE,$30.8,1440623772587,"61,735",100% bearish,of 1 rating,$37
ECYT,$5.05,1440623772618,"257,035",83% bullish,of 6 ratings,$12
ELGX,$12.62,1440623772649,"522,735",75% bullish,of 4 ratings,$17
EIGI,$15.2,1440623772717,"721,104",67% bearish,of 3 ratings,$22.50
WATT,$6.19,1440623772785,"157,084",50% bullish,of 2 ratings,$13
ERII,$2.67,1440623772813,"65,403",80% bullish,of 5 ratings,$2.50
EFOI,$18.6,1440623772841,"928,390",50% bullish,of 2 ratings,$20.50
EXXI,$1.46,1440623772947,"1,054,815",86% bullish,of 7 ratings,$3.50
ENOC,$8.3,1440623773003,"153,982",75% bullish,of 4 ratings,$18
ENG,$0.98,1440623773194,"46,750",100% bullish,of 3 ratings,N/A
ENPH,$4.48,1440623773361,"504,061",75% bullish,of 4 ratings,$11
ENFC,$17.83,1440623773467,928,Not yet rated,NULL,N/A
ENTG,$13.47,1440623773497,"493,873",100% bearish,of 1 rating,$18
ESGR,$146.94,1440623773528,"40,544",100% bearish,of 1 rating,$185
ETRM,$0.249,1440623773555,"630,704",69% bearish,of 35 ratings,$1.625
EBTC,$21.25,1440623773576,"7,116",Not yet rated,NULL,N/A
EFSC,$23.45,1440623773610,"55,897",Not yet rated,NULL,$27
ENTL,$21.83,1440623773662,"21,934",Not yet rated,NULL,$28
ENVI,$1.86,1440623773854,"13,856",67% bullish,of 3 ratings,N/A
EGT,$2.09,1440623773884,986,100% bullish,of 1 rating,N/A
ENZY,$9.06,1440623773910,"7,267",67% bullish,of 3 ratings,$9.50
ENZN,$0.97,1440623773956,"304,733",100% bullish,of 9 ratings,N/A
EPIQ,$13.22,1440623773984,"76,256",100% bearish,of 1 rating,$18
EPZM,$17.52,1440623774280,"233,074",60% bullish,of 5 ratings,$34
EPRS,$4.75,1440623774311,"68,302",82% bullish,of 11 ratings,$15
PLUS,$75.82,1440623774338,"43,867",50% bullish,of 2 ratings,$88
EAC,$3.14,1440623774387,"9,802",100% bearish,of 1 rating,$8
EQIX,$260.8522,1440623774415,"499,590",75% bullish,of 4 ratings,$312.50
EQFN,NULL,1440623774442,0,100% bearish,of 1 rating,N/A
ERIC,$9.7,1440623774579,"2,536,059",67% bullish,of 9 ratings,$12.20
ERIE,$81.9364,1440623774636,"19,001",Not yet rated,NULL,$73
ESCR,$0.17,1440623774714,"5,478",50% bullish,of 2 ratings,N/A
ESCA,$17.04,1440623774850,"13,955",100% bearish,of 1 rating,$22
ESMC,$1.3,1440623774983,200,Not yet rated,NULL,N/A
ESSA,$12.71,1440623775020,"6,470",100% bearish,of 1 rating,N/A
ESCRP,$1.19,1440623775045,"7,202",100% bearish,of 1 rating,N/A
ESPR,$52.85,1440623775070,"758,494",70% bearish,of 10 ratings,$123
ESND,$33.64,1440623775209,"94,961",100% bearish,of 2 ratings,$40
ESSX,$0.3801,1440623775278,"25,826",50% bullish,of 2 ratings,N/A
CLWT,$2.56,1440623775340,500,100% bearish,of 1 rating,N/A
ETSY,$13.04,1440623775366,"349,659",80% bullish,of 5 ratings,$16
EEFT,$64.22,1440623775407,"260,063",100% bearish,of 1 rating,$67.50
ESEA,$5.69,1440623775434,400,100% bullish,of 1 rating,$15
EPIX,$4.85,1440623775463,"2,140",Not yet rated,NULL,N/A
EVEP,$7.07,1440623775496,"431,109",50% bullish,of 2 ratings,$15
EVK,$3.63,1440623775754,"4,850",75% bearish,of 4 ratings,N/A
EVOK,$3.9,1440623775862,"58,894",100% bearish,of 1 rating,$13.375
EVLV,$2.23,1440623775893,"199,566",60% bullish,of 5 ratings,$6.50
EVOL,$6.07,1440623775996,"10,668",75% bullish,of 4 ratings,$10
EXAS,$21.06,1440623776036,"788,911",78% bullish,of 9 ratings,$31
EXA,$11.01,1440623776098,"20,773",100% bearish,of 1 rating,$13
EXAC,$18.15,1440623776125,"26,131",100% bearish,of 1 rating,$22.50
EXLS,$35.66,1440623776326,"75,950",50% bullish,of 2 ratings,$41
EXEL,$5.64,1440623776379,"3,845,110",81% bullish,of 16 ratings,$6
EXFO,$2.65,1440623776467,"5,000",67% bearish,of 3 ratings,$3.95
EXPD,$48.94,1440623776509,"1,477,077",80% bullish,of 5 ratings,$52
EXPE,$115.24,1440623776536,"1,108,880",64% bullish,of 11 ratings,$130
ESRX,$84.0899,1440623776565,"5,545,254",67% bearish,of 6 ratings,$101
EXPO,$42.09,1440623776587,"78,529",100% bearish,of 1 rating,$45.50
EXLP,$18.6281,1440623776734,"263,853",100% bearish,of 1 rating,$25
EXTR,$2.68,1440623776915,"495,157",80% bullish,of 5 ratings,$3
EYEG,$3.74,1440623776971,"34,173",Not yet rated,NULL,N/A
EYEGW,NULL,1440623777058,0,Not yet rated,NULL,N/A
EZPW,$5.78,1440623777282,"370,936",50% bullish,of 4 ratings,$7.50
EZCH,$20.6228,1440623777369,"79,189",75% bullish,of 8 ratings,$19.50
FFIV,$122.45,1440623777398,"712,231",63% bullish,of 8 ratings,$132
FALC,$1.59,1440623777534,"25,982",63% bearish,of 8 ratings,N/A
FWM,$2.4,1440623777561,"89,628",100% bearish,of 2 ratings,$3.20
FB,$87.16,1440623777596,"28,664,691",73% bullish,of 1066 ratings,$111
FCS,$13.3,1440623777622,"610,247",67% bearish,of 3 ratings,$17
FRP,$15.52,1440623777647,"142,511",100% bearish,of 1 rating,$18
DAVE,$14.34,1440623777692,"10,517",100% bearish,of 1 rating,$15.50
FARM,$21.91,1440623777935,"26,648",100% bearish,of 1 rating,$35
FFKT,$26.01,1440623777984,"12,487",Not yet rated,NULL,$29
FMNB,$8.03,1440623778015,"2,736",Not yet rated,NULL,N/A
FAST,$38.08,1440623778064,"2,029,493",80% bullish,of 5 ratings,$45.50
FNHC,$21.77,1440623778353,"115,557",100% bearish,of 1 rating,$35
FBSS,$15.5,1440623778382,409,Not yet rated,NULL,N/A
FDML,$8.29,1440623778448,"233,763",50% bullish,of 4 ratings,$14
FATE,$6.61,1440623778478,"42,384",50% bullish,of 2 ratings,$11
FHCO,$1.32,1440623778513,"29,680",50% bullish,of 4 ratings,N/A
FBRC,$22.04,1440623778542,"22,764",100% bearish,of 1 rating,$29
FENX,$9.51,1440623778740,"83,465",100% bullish,of 1 rating,$14.25
FARO,$37.56,1440623778787,"68,395",50% bullish,of 2 ratings,$48
FCSC,$5.43,1440623778919,"127,665",100% bearish,of 1 rating,$8.125
FEIC,$73.99,1440623778944,"236,057",50% bullish,of 2 ratings,$95.50
ONEQ,$184.87,1440623778969,"33,020",100% bullish,of 1 rating,N/A
FGEN,$23.04,1440623778997,"170,904",100% bearish,of 1 rating,$39
LION,$18.83,1440623779136,"93,728",100% bullish,of 1 rating,$20
FDUS,$14.15,1440623779207,"45,548",50% bullish,of 2 ratings,$18
FSAM,$8.35,1440623779333,"20,098",100% bearish,of 1 rating,$10.25
FRGI,$51.26,1440623779359,"114,553",50% bullish,of 2 ratings,$70
FSCFL,$24.11,1440623779427,"5,070",Not yet rated,NULL,N/A
FSFR,$8.73,1440623779455,"72,715",100% bearish,of 1 rating,$11.50
FITB,$19.1938,1440623779529,"9,107,609",54% bullish,of 13 ratings,$22
FITBI,$27.51,1440623779618,"9,896",Not yet rated,NULL,N/A
FNGN,$31.86,1440623779686,"414,333",67% bullish,of 3 ratings,$47
FISI,$24.74,1440623779893,"20,700",100% bullish,of 2 ratings,$24.50
FNSR,$15.415,1440623779945,"1,023,468",71% bullish,of 7 ratings,$24.50
FNJN,$1.6,1440623780023,"21,109",100% bearish,of 1 rating,$5
FNTC,NULL,1440623780089,0,Not yet rated,NULL,N/A
FNTCU,$10.15,1440623780122,20,Not yet rated,NULL,N/A
FBNC,$16.87,1440623780218,"16,982",100% bullish,of 1 rating,$20
FEYE,$38.1,1440623780245,"2,909,160",87% bullish,of 15 ratings,$55.50
FSC,$6.21,1440623780271,"743,601",60% bullish,of 5 ratings,$8
FNTCW,NULL,1440623780321,0,Not yet rated,NULL,N/A
FNLC,$18.68,1440623780455,"16,381",100% bullish,of 1 rating,N/A
FRBA,$6.05,1440623780485,"11,000",Not yet rated,NULL,$8
FBIZ,$44.2,1440623780520,"43,159",100% bearish,of 2 ratings,$52
FCVA,$4.6,1440623780617,"1,345",Not yet rated,NULL,N/A
BUSE,$6.33,1440623780647,"71,590",Not yet rated,NULL,$6.875
FCFS,$39.15,1440623780890,"234,688",100% bearish,of 3 ratings,$48
FCAP,$27.02,1440623780915,404,Not yet rated,NULL,N/A
FCCO,$11.95,1440623781046,"2,304",Not yet rated,NULL,$13.25
FCLF,$9.07,1440623781077,600,Not yet rated,NULL,N/A
FCBC,$17.42,1440623781106,"35,973",Not yet rated,NULL,$18
FCNCA,$234.56,1440623781127,"8,639",Not yet rated,NULL,N/A
FCFP,$6.9,1440623781160,402,Not yet rated,NULL,N/A
FBNK,$16.75,1440623781186,"36,959",100% bearish,of 1 rating,$17.50
FDEF,$37.46,1440623781368,"26,096",Not yet rated,NULL,$38
FFBC,$18.05,1440623781452,"227,672",67% bearish,of 3 ratings,$20.25
FFBCW,NULL,1440623781510,0,100% bearish,of 1 rating,N/A
FFNM,$6.38,1440623781583,205,Not yet rated,NULL,N/A
FFIN,$30.34,1440623781642,"149,081",50% bullish,of 2 ratings,$31.75
THFF,$33.12,1440623781716,"18,360",Not yet rated,NULL,$35
FFWM,$20.48,1440623781787,"21,268",Not yet rated,NULL,$24
FFNW,$11.88,1440623781847,"22,493",Not yet rated,NULL,$14
INBK,$29.66,1440623781876,"7,885",50% bullish,of 2 ratings,$37
FIBK,$26.25,1440623781984,"101,895",Not yet rated,NULL,$32
FRME,$25.58,1440623782088,"140,258",Not yet rated,NULL,$26.50
FMBH,$21.56,1440623782114,174,Not yet rated,NULL,N/A
FMBI,$17.25,1440623782139,"236,177",Not yet rated,NULL,$20
FNFG,$8.8518,1440623782166,"2,867,878",80% bullish,of 5 ratings,$9
FNWB,$11.85,1440623782314,"21,898",Not yet rated,NULL,N/A
FSLR,$46.167,1440623782533,"1,200,940",74% bullish,of 39 ratings,$65
FSFG,$30.03,1440623782559,980,Not yet rated,NULL,N/A
BICK,$18.78,1440623782589,300,100% bullish,of 1 rating,N/A
FSGI,$2.45,1440623782689,"15,668",Not yet rated,NULL,N/A
FSBK,$7.58,1440623782752,"4,964",100% bullish,of 1 rating,N/A
FNBC,$34.14,1440623782779,"65,060",Not yet rated,NULL,$40
FCAN,$22.9399,1440623783021,225,Not yet rated,NULL,N/A
FBZ,$9.74,1440623783052,400,Not yet rated,NULL,N/A
FCA,$18.82,1440623783084,"4,557",Not yet rated,NULL,N/A
IFV,$17.66,1440623783115,"780,250",100% bearish,of 1 rating,N/A
FV,$22.95,1440623783150,"3,423,583",100% bearish,of 1 rating,N/A
FEMB,$41.88,1440623783184,36,Not yet rated,NULL,N/A
FTSM,$59.89,1440623783338,"11,391",100% bearish,of 1 rating,N/A
FEUZ,$31.2,1440623783366,"11,010",Not yet rated,NULL,N/A
FTCS,$36,1440623783395,"15,817",100% bearish,of 1 rating,N/A
TDIV,$24.21,1440623783492,"270,562",100% bearish,of 1 rating,N/A
FGM,$35.73,1440623783571,"42,376",Not yet rated,NULL,N/A
FTHI,$18.78,1440623783620,"10,900",Not yet rated,NULL,N/A
FTGC,$21.66,1440623783718,"22,287",Not yet rated,NULL,N/A
MDIV,$18.89,1440623783767,"283,690",Not yet rated,NULL,N/A
HYLS,$48.94,1440623783901,"36,704",100% bearish,of 1 rating,N/A
FHK,$32.53,1440623783976,"56,942",Not yet rated,NULL,N/A
YDIV,$16,1440623784066,"2,817",Not yet rated,NULL,N/A
SKYY,$29.08,1440623784092,"63,510",100% bullish,of 1 rating,N/A
FPXI,NULL,1440623784113,0,Not yet rated,NULL,N/A
CU,$12.27,1440623784145,"7,676",100% bearish,of 1 rating,N/A
PLTM,$6.14,1440623784246,"7,391",100% bearish,of 1 rating,N/A
FTLB,$18.9859,1440623784295,"14,350",100% bearish,of 1 rating,N/A
FMB,$51.04,1440623784464,450,Not yet rated,NULL,N/A
FJP,$46.52,1440623784514,"58,147",Not yet rated,NULL,N/A
CIBR,$17.84,1440623784600,"97,767",Not yet rated,NULL,N/A
QABA,$36.36,1440623784627,"11,496",100% bearish,of 1 rating,N/A
FONE,$33.7899,1440623784652,100,Not yet rated,NULL,N/A
GRID,NULL,1440623784918,0,100% bearish,of 1 rating,N/A
QCLN,$14.43,1440623785017,"20,894",Not yet rated,NULL,N/A
QQXT,$39.81,1440623785046,"39,437",Not yet rated,NULL,N/A
RDVY,$20.44,1440623785070,"11,098",Not yet rated,NULL,N/A
QQEW,$41.01,1440623785147,"126,951",Not yet rated,NULL,N/A
AIRR,$15.66,1440623785317,"2,408",100% bearish,of 1 rating,N/A
QTEC,$39.11,1440623785347,"148,578",Not yet rated,NULL,N/A
LMBS,$50.1,1440623785423,244,Not yet rated,NULL,N/A
QINC,$19.83,1440623785555,"6,431",Not yet rated,NULL,N/A
FKO,$22.59,1440623785581,600,Not yet rated,NULL,N/A
FTSL,$48.48,1440623785601,"84,886",100% bearish,of 1 rating,N/A
FDIV,$46.42,1440623785629,934,100% bearish,of 1 rating,N/A
CARZ,$34.42,1440623785827,"8,324",100% bearish,of 1 rating,N/A
FSZ,$39.2,1440623785876,"51,910",Not yet rated,NULL,N/A
TUSA,$24.4,1440623785925,"10,278",Not yet rated,NULL,N/A
FKU,$41.38,1440623785973,"47,137",Not yet rated,NULL,N/A
SVVC,$9.32,1440623786005,"10,466",50% bullish,of 2 ratings,$26
FTW,NULL,1440623786145,0,Not yet rated,NULL,N/A
FUNC,$8.15,1440623786248,730,Not yet rated,NULL,N/A
FMER,$17.61,1440623786277,"1,318,047",50% bullish,of 2 ratings,$20
FSV,$31.24,1440623786383,"20,062",Not yet rated,NULL,$33.60
FISV,$84.6469,1440623786417,"1,557,767",100% bearish,of 3 ratings,$90
FIVE,$36.16,1440623786509,"580,815",75% bearish,of 4 ratings,$44
FPRX,$18.9,1440623786535,"353,859",50% bullish,of 2 ratings,$35
FIVN,$4.05,1440623786685,"156,771",100% bullish,of 1 rating,$8.50
FLML,$21.69,1440623786712,"127,868",50% bullish,of 2 ratings,$30
FLKS,$12.32,1440623786749,"45,193",50% bullish,of 2 ratings,$27
MBSD,$24.9,1440623786886,"1,000",Not yet rated,NULL,N/A
SKOR,$50.2,1440623786965,200,Not yet rated,NULL,N/A
FLXS,$31.09,1440623786992,"18,443",100% bearish,of 2 ratings,N/A
FLXN,$23.97,1440623787050,"66,117",100% bearish,of 1 rating,$40
FLEX,$10.32,1440623787124,"2,175,889",63% bullish,of 8 ratings,$12
FLDM,$11.75,1440623787152,"320,397",67% bearish,of 3 ratings,$21.50
FLIR,$27.63,1440623787284,"859,825",100% bearish,of 1 rating,$38.50
FOMX,$9.67,1440623787354,"94,418",50% bullish,of 2 ratings,$23.50
FONR,$9.62,1440623787498,"34,439",100% bullish,of 1 rating,N/A
FFIC,$19.91,1440623787532,"116,400",Not yet rated,NULL,$21
FORM,$6.18,1440623787561,"235,749",67% bullish,of 3 ratings,$10.50
FES,$0.93,1440623787630,"30,680",50% bullish,of 2 ratings,$1
FOGO,$18.15,1440623787657,"35,414",50% bullish,of 2 ratings,$25.50
FTNT,$42.54,1440623787850,"887,293",80% bullish,of 10 ratings,$52
FORTY,$30,1440623787880,847,100% bearish,of 1 rating,N/A
FORR,$31.63,1440623787906,"38,445",Not yet rated,NULL,N/A
FBIO,$2.46,1440623787952,"81,054",83% bullish,of 6 ratings,N/A
FWRD,$44.99,1440623788039,"135,025",100% bearish,of 1 rating,$50
FORD,$1.89,1440623788066,"9,909,734",67% bullish,of 3 ratings,N/A
FWP,$25.73,1440623788092,"70,849",100% bearish,of 1 rating,$45
FMI,$21.78,1440623788251,"189,532",100% bearish,of 2 ratings,$27.50
FXCB,$17.06,1440623788381,"15,676",Not yet rated,NULL,$19
FOSL,$58.56,1440623788409,"736,515",60% bearish,of 5 ratings,$80
FOXF,$15.35,1440623788460,"63,226",100% bearish,of 1 rating,$19
FRAN,$10.835,1440623788540,"562,610",50% bullish,of 4 ratings,$15
FRED,$12.9,1440623788705,"189,961",50% bullish,of 2 ratings,$16.50
FELE,$28.03,1440623788801,"135,617",50% bullish,of 4 ratings,$33
FREE,$0.52,1440623788855,"245,872",92% bullish,of 12 ratings,N/A
FEIM,$10.75,1440623788929,"5,202",100% bearish,of 1 rating,N/A
FRPT,$12.4,1440623788958,"279,197",67% bearish,of 3 ratings,$23.50
FTR,$4.84,1440623789064,"18,988,798",78% bullish,of 27 ratings,$6.25
FTRPR,$97.27,1440623789089,"59,476",100% bearish,of 1 rating,N/A
RAIL,$19.5,1440623789125,"92,241",100% bearish,of 1 rating,$24.50
FSYS,$6.17,1440623789739,"29,616",67% bullish,of 3 ratings,$10
FTD,$29.41,1440623789791,"75,825",100% bearish,of 1 rating,$40
FSBW,$23.18,1440623789830,"1,438",Not yet rated,NULL,N/A
FRPH,$30.65,1440623789870,"6,764",100% bearish,of 1 rating,N/A
FTEK,$2.03,1440623789896,"64,548",75% bullish,of 4 ratings,N/A
FULL,$3.07,1440623789971,"17,601",67% bearish,of 3 ratings,$4.25
FLL,$1.48,1440623790028,"22,759",75% bullish,of 4 ratings,$3.50
FCEL,$0.7261,1440623790235,"716,896",88% bullish,of 41 ratings,$2.65
FSNN,$2.23,1440623790267,"14,000",67% bullish,of 3 ratings,$6
FULT,$11.94,1440623790299,"793,485",100% bearish,of 1 rating,$13
FXENP,$15.82,1440623790328,860,100% bearish,of 1 rating,N/A
FXEN,$0.81,1440623790362,"58,703",75% bullish,of 4 ratings,$1.10
GK,$67.67,1440623790460,"80,867",Not yet rated,NULL,$78
WILC,$4.8,1440623790608,"8,011",100% bullish,of 2 ratings,N/A
FULLL,$25.15,1440623790794,372,Not yet rated,NULL,N/A
GLPG,$61.16,1440623790873,"47,170",100% bullish,of 1 rating,$75
GALT,$1.86,1440623790905,"90,387",80% bullish,of 5 ratings,N/A
GALE,$1.49,1440623790933,"1,633,236",89% bullish,of 47 ratings,$4
GAIA,$5.85,1440623790964,"11,049",50% bullish,of 2 ratings,$8.50
GALTW,NULL,1440623790989,0,100% bullish,of 1 rating,N/A
FFHL,$0.883,1440623791014,"1,100",50% bullish,of 4 ratings,N/A
GALTU,NULL,1440623791068,0,100% bearish,of 1 rating,N/A
GLPI,$31.3963,1440623791242,"509,341",100% bearish,of 1 rating,$37.50
GPIC,$9.79,1440623791327,471,100% bearish,of 1 rating,N/A
GGAC,$9.85,1440623791374,378,100% bearish,of 1 rating,N/A
GRMN,$37.72,1440623791399,"1,059,934",50% bullish,of 6 ratings,$46.50
GGACU,$10.02,1440623791724,"1,744",Not yet rated,NULL,N/A
GGACW,$0.11,1440623791752,"18,010",Not yet rated,NULL,N/A
GARS,$14.05,1440623791778,"28,260",Not yet rated,NULL,$16
GENC,$9.21,1440623791814,654,100% bearish,of 1 rating,N/A
GFN,$3.45,1440623791845,"20,300",100% bearish,of 2 ratings,$8
GNCMA,$16.78,1440623791950,"151,323",100% bearish,of 1 rating,$12
GLMD,$8.86,1440623792015,"57,273",67% bullish,of 3 ratings,$20.50
GGACR,$0.2,1440623792118,"60,100",100% bullish,of 1 rating,N/A
GFNSL,$25.66,1440623792166,"1,935",Not yet rated,NULL,N/A
GFNCP,$94.18,1440623792213,700,Not yet rated,NULL,N/A
GENE,$2.04,1440623792318,"185,394",100% bullish,of 12 ratings,N/A
GNCA,$12.65,1440623792344,"107,894",100% bearish,of 1 rating,$20
GNMK,$9.46,1440623792373,"167,127",67% bullish,of 6 ratings,$14
GHDX,$25.95,1440623792596,"159,967",50% bullish,of 2 ratings,$30
GNTX,$15.24,1440623792682,"1,773,752",Not yet rated,NULL,$20
GTWN,NULL,1440623792753,0,Not yet rated,NULL,N/A
THRM,$42.87,1440623792778,"431,501",75% bearish,of 4 ratings,$55.50
GERN,$3.05,1440623792910,"1,989,548",88% bullish,of 16 ratings,$5.25
GEVO,$2.2,1440623792998,"514,637",75% bullish,of 12 ratings,$5
GNVC,$2.39,1440623793065,"19,008",90% bullish,of 10 ratings,$8.50
GIGM,$0.5651,1440623793100,"9,100",100% bullish,of 2 ratings,N/A
ROCK,$16.37,1440623793129,"96,032",80% bullish,of 5 ratings,$24
GIGA,$1.44,1440623793158,"9,068",100% bearish,of 1 rating,N/A
GEOS,$14.14,1440623793179,"111,190",100% bearish,of 3 ratings,$21
GIII,$65.65,1440623793312,"169,781",67% bullish,of 3 ratings,$75
GILD,$107.037,1440623793456,"10,340,383",91% bullish,of 87 ratings,$129
GBCI,$25.11,1440623793481,"368,339",50% bullish,of 2 ratings,$31
GILT,$4.26,1440623793707,"7,561",50% bullish,of 2 ratings,N/A
GLAD,$8.235,1440623793775,"126,242",50% bullish,of 2 ratings,$8.75
GLADO,$25.49,1440623793805,"6,175",Not yet rated,NULL,N/A
GOOD,$14.24,1440623793836,"113,374",Not yet rated,NULL,$19
GOODN,$25.27,1440623793865,600,Not yet rated,NULL,N/A
GABC,$29.26,1440623793905,"18,289",Not yet rated,NULL,$31
GOODO,$25,1440623793933,582,Not yet rated,NULL,N/A
GOODP,$25.25,1440623793963,30,Not yet rated,NULL,N/A
GAIN,$7.3,1440623794223,"166,118",100% bullish,of 2 ratings,$8.25
LAND,$9.555,1440623794250,"19,432",50% bullish,of 2 ratings,$13.75
GAINP,$25.63,1440623794281,"2,814",Not yet rated,NULL,N/A
GAINN,$25.15,1440623794307,"20,189",Not yet rated,NULL,N/A
GAINO,$25.21,1440623794333,"4,708",Not yet rated,NULL,N/A
GLBZ,$12.05,1440623794386,899,Not yet rated,NULL,N/A
GPACU,$9.98,1440623794666,3,Not yet rated,NULL,N/A
ENT,$11.25,1440623794703,"615,897",100% bearish,of 1 rating,$18
GBLI,$26.79,1440623794797,"10,475",Not yet rated,NULL,N/A
ACTX,$12.83,1440623794837,102,100% bullish,of 1 rating,N/A
GDEF,NULL,1440623794865,0,Not yet rated,NULL,N/A
GSOL,$8.13,1440623794887,"20,477",100% bearish,of 1 rating,N/A
GBT,$40.75,1440623794917,"167,788",100% bearish,of 1 rating,N/A
QQQC,$18.42,1440623795072,"4,690",100% bearish,of 1 rating,N/A
SOCL,$17.11,1440623795206,"48,160",100% bullish,of 2 ratings,N/A
SRET,NULL,1440623795245,0,Not yet rated,NULL,N/A
YLCO,NULL,1440623795278,0,Not yet rated,NULL,N/A
ALTY,$14.218,1440623795334,180,Not yet rated,NULL,N/A
GAI,$5.81,1440623795380,"1,346",50% bullish,of 2 ratings,N/A
GSM,$12.54,1440623795405,"552,599",50% bullish,of 2 ratings,$23
GLRI,$0.9,1440623795953,"26,800",100% bearish,of 1 rating,$4.25
GBIM,$2.1,1440623795988,"20,003",50% bullish,of 2 ratings,N/A
GLUU,$4.2,1440623796009,"1,365,731",92% bullish,of 26 ratings,$9
GOGO,$15.4,1440623796042,"754,563",80% bullish,of 5 ratings,$25
GLYC,$6.73,1440623796090,"13,117",50% bullish,of 2 ratings,$14
GLBS,$1.13,1440623796145,"4,100",67% bullish,of 3 ratings,N/A
GLNG,$34.2,1440623796251,"627,835",83% bullish,of 6 ratings,$58
GLDC,$3.96,1440623796306,"1,180",50% bullish,of 2 ratings,N/A
GMLP,$17.25,1440623796353,"172,439",50% bullish,of 4 ratings,$32.50
GOGL,$2.57,1440623796444,"308,174",75% bullish,of 4 ratings,$5
GBDC,$16.48,1440623796481,"152,632",Not yet rated,NULL,$17.75
GDEN,$9.05,1440623796548,"21,943",50% bullish,of 2 ratings,N/A
GTIM,$6.36,1440623796573,"31,154",Not yet rated,NULL,$11.50
GOOG,$628.84,1440623796710,"2,126,030",89% bullish,of 70 ratings,$825
GOOGL,$660.4,1440623796739,"2,338,946",88% bullish,of 1080 ratings,$749
GPRO,$46.53,1440623796780,"7,685,160",78% bullish,of 58 ratings,$72
GMAN,$4.11,1440623796957,"88,751",60% bullish,of 5 ratings,$8.50
GPIA,NULL,1440623797060,0,Not yet rated,NULL,N/A
GPIAU,NULL,1440623797085,0,Not yet rated,NULL,N/A
GBSNU,NULL,1440623797111,0,NULL,NULL,NULL
GPIAW,NULL,1440623797132,0,Not yet rated,NULL,N/A
GRVY,$3.25,1440623797161,"1,075",50% bullish,of 2 ratings,N/A
GLDD,$5.29,1440623797328,"210,370",100% bearish,of 4 ratings,$7.75
GBSN,$0.36,1440623797355,"6,871,419",100% bearish,of 1 rating,$8.25
LOPE,$36.49,1440623797382,"152,376",100% bearish,of 2 ratings,$50
GNBC,$11.44,1440623797489,"18,247",100% bearish,of 1 rating,$16.50
GSBC,$39.7,1440623797526,"21,601",100% bullish,of 1 rating,$44
GRBK,$12.38,1440623797552,"170,058",77% bullish,of 13 ratings,N/A
GPP,$13.2,1440623797739,"63,840",Not yet rated,NULL,$20.50
GCBC,$28.5,1440623797765,28,100% bullish,of 1 rating,N/A
GLRE,$23.74,1440623797842,"182,887",50% bullish,of 2 ratings,$41
GPRE,$18.19,1440623797939,"439,174",67% bullish,of 6 ratings,$28.50
GRPN,$4.23,1440623797968,"8,945,978",61% bullish,of 71 ratings,$6.75
GRFS,$30.5,1440623798000,"162,713",50% bullish,of 2 ratings,$35
GRIF,$28.2,1440623798027,434,100% bearish,of 1 rating,N/A
OMAB,$38.74,1440623798099,"29,220",100% bullish,of 1 rating,$44
GSIG,$12.87,1440623798161,"70,193",100% bearish,of 2 ratings,N/A
GGAL,$18.57,1440623798188,"287,543",80% bullish,of 5 ratings,$40
GSIT,$4.65,1440623798365,"6,253",100% bearish,of 1 rating,N/A
GSVC,$8.66,1440623798394,"74,164",50% bullish,of 2 ratings,$14.50
GTXI,$0.818,1440623798421,"27,180",100% bullish,of 5 ratings,$.75
GBNK,$15.65,1440623798553,"21,260",100% bearish,of 1 rating,$18
GULTU,$0.2901,1440623798642,"65,390",100% bearish,of 1 rating,N/A
GFED,$14.6,1440623798664,614,Not yet rated,NULL,$17
GUID,$6.93,1440623798697,"107,807",100% bearish,of 3 ratings,$10
GURE,$1.59,1440623798743,"30,220",88% bullish,of 8 ratings,N/A
GIFI,$11.23,1440623798772,"40,538",100% bearish,of 1 rating,$16
GPOR,$32.8666,1440623798935,"1,306,915",75% bullish,of 4 ratings,$55
GWPH,$103.65,1440623799008,"123,617",78% bullish,of 9 ratings,$148.50
GWGH,$7.25,1440623799036,"1,600",100% bearish,of 1 rating,$15.05
GYRO,NULL,1440623799065,0,100% bearish,of 1 rating,N/A
HEES,$17.09,1440623799170,"341,600",67% bearish,of 3 ratings,$31
HLG,NULL,1440623799272,0,100% bearish,of 1 rating,N/A
HNRG,$7.49,1440623799305,"117,840",100% bearish,of 1 rating,$10
HBK,$13.74,1440623799406,504,50% bullish,of 2 ratings,N/A
HALL,$11.15,1440623799434,"23,140",Not yet rated,NULL,N/A
HALO,$17.46,1440623799463,"998,153",67% bullish,of 3 ratings,$22.50
HBHC,$26.39,1440623799567,"339,801",50% bullish,of 2 ratings,$30
HMPR,$1.85,1440623799592,"52,908",100% bullish,of 1 rating,N/A
HBHCL,$24.33,1440623799627,"28,183",Not yet rated,NULL,N/A
HNH,$25.99,1440623799775,"8,696",100% bullish,of 1 rating,N/A
HNSN,$0.51,1440623799834,"48,574",88% bullish,of 8 ratings,$.40
HAFC,$23.8,1440623799969,"137,072",100% bullish,of 2 ratings,$28.50
HQCL,$11.8,1440623799997,"56,752",67% bullish,of 3 ratings,$14
HDNG,$9.6,1440623800018,"15,379",50% bullish,of 4 ratings,N/A
HLIT,$5.61,1440623800148,"292,595",100% bearish,of 1 rating,$6.50
HRMNU,NULL,1440623800175,0,Not yet rated,NULL,N/A
HRMN,NULL,1440623800200,0,Not yet rated,NULL,N/A
HBIO,$4.56,1440623800350,"81,766",Not yet rated,NULL,$10
HCAP,$12.07,1440623800378,"5,084",50% bullish,of 2 ratings,$15
HRMNW,NULL,1440623800405,0,Not yet rated,NULL,N/A
HART,$0.88,1440623800549,"97,940",100% bearish,of 1 rating,N/A
TINY,$2.48,1440623800601,"11,319",50% bullish,of 2 ratings,$5.26
HA,$22.79,1440623800626,"441,760",67% bullish,of 9 ratings,$27
HCAPL,$25.2,1440623800680,"4,214",Not yet rated,NULL,N/A
HAS,$72.79,1440623800821,"1,234,139",63% bullish,of 8 ratings,$84.50
HCOM,$22,1440623800952,"19,330",100% bearish,of 1 rating,$28
HWBK,$13.5001,1440623800979,200,100% bearish,of 1 rating,N/A
HAYN,$36.37,1440623801004,"42,207",100% bearish,of 1 rating,$59
HIIQ,$4.35,1440623801030,"18,388",50% bullish,of 2 ratings,$7
HDS,$31.4542,1440623801182,"2,454,676",100% bearish,of 2 ratings,$39.50
HQY,$28.69,1440623801212,"120,329",67% bullish,of 3 ratings,$31
HWKN,$35.88,1440623801237,"22,130",Not yet rated,NULL,N/A
HCSG,$33.296,1440623801279,"227,806",50% bullish,of 4 ratings,$35
HSTM,$24.44,1440623801377,"57,416",50% bullish,of 2 ratings,$33.75
HWAY,$11.99,1440623801477,"240,996",100% bearish,of 1 rating,$15
HTLD,$20.45,1440623801560,"377,420",Not yet rated,NULL,$22.50
HTLF,$36.2,1440623801635,"30,554",100% bullish,of 1 rating,$39.50
HTBX,$5.01,1440623801714,"19,016",50% bullish,of 2 ratings,$15.50
HSII,$19.85,1440623801815,"84,757",100% bullish,of 3 ratings,$25
HTWR,$81.91,1440623801840,"134,820",50% bullish,of 2 ratings,$103
HMNY,$2.27,1440623801984,300,100% bearish,of 1 rating,N/A
HCACU,$9.92,1440623802039,"3,850",Not yet rated,NULL,N/A
HELE,$84.83,1440623802069,"192,338",67% bearish,of 3 ratings,$100
HNNA,$24.51,1440623802140,"5,843",Not yet rated,NULL,N/A
HMTV,$13.54,1440623802167,"55,844",100% bearish,of 1 rating,$16
HSIC,$137.2535,1440623802346,"347,947",83% bullish,of 6 ratings,$146
HERO,NULL,1440623802425,0,NULL,NULL,NULL
HFWA,$17.59,1440623802559,"33,486",100% bullish,of 1 rating,$20
HTBK,$10.74,1440623802586,"34,687",Not yet rated,NULL,$12
HEOP,$7.81,1440623802641,"19,621",Not yet rated,NULL,$8.50
HCCI,$11,1440623802787,"38,551",100% bearish,of 1 rating,$16.50
MLHR,$26.81,1440623802812,"314,103",50% bullish,of 2 ratings,$33.50
HRTX,$33.4,1440623802839,"721,670",67% bullish,of 6 ratings,$41
HSKA,$34.15,1440623802865,"29,631",100% bearish,of 1 rating,$38
HIBB,$38.13,1440623803000,"332,876",100% bearish,of 1 rating,$46.50
HIHO,$3.65,1440623803100,"12,452",Not yet rated,NULL,N/A
HPJ,$2.19,1440623803129,"20,759",75% bullish,of 4 ratings,$12.43
HIFS,$116.86,1440623803157,"2,841",Not yet rated,NULL,N/A
HFFC,$15.82,1440623803231,"2,940",Not yet rated,NULL,N/A
HSGX,$5.78,1440623803734,"3,624",100% bearish,of 1 rating,$17
HIMX,$6.4,1440623803760,"700,477",86% bullish,of 21 ratings,$8.50
HMNF,$11.15,1440623803818,"2,877",Not yet rated,NULL,N/A
HOLI,$16.922,1440623804238,"225,725",50% bullish,of 4 ratings,$27
HMSY,$10.0388,1440623804264,"1,380,533",67% bullish,of 3 ratings,$19.35
HOLX,$38.7154,1440623804419,"2,142,489",67% bullish,of 3 ratings,$42
HBCP,$24.52,1440623804447,"2,465",Not yet rated,NULL,$29
HOMB,$37.7,1440623804468,"167,338",Not yet rated,NULL,$42
HFBL,$21.54,1440623804500,300,Not yet rated,NULL,N/A
AWAY,$27.533,1440623804600,"716,138",67% bullish,of 3 ratings,$36
HMIN,$27.05,1440623804656,"131,237",100% bearish,of 2 ratings,$35
HMST,$21.93,1440623804934,"134,686",100% bullish,of 2 ratings,$27
HTBI,$18.01,1440623805076,"33,133",67% bullish,of 3 ratings,$18.625
HOFT,$23.5,1440623805165,"28,993",100% bearish,of 1 rating,N/A
HFBC,$11.02,1440623805263,"5,017",Not yet rated,NULL,N/A
CETC,$0.698,1440623805310,"55,669",86% bullish,of 7 ratings,N/A
HKTV,$4.44,1440623805364,"24,132",100% bearish,of 1 rating,N/A
HZNP,$28.95,1440623806172,"1,360,919",85% bullish,of 20 ratings,$40
HBNC,$23.26,1440623806364,"18,824",100% bullish,of 1 rating,$27
HRZN,$10.06,1440623806946,"48,276",50% bullish,of 2 ratings,$14.25
HDP,$23.14,1440623807081,"353,180",67% bearish,of 3 ratings,$30.50
HMHC,$22.53,1440623807111,"1,015,950",Not yet rated,NULL,$27
ZINC,$7.04,1440623807132,"518,420",100% bearish,of 1 rating,$17
HOVNP,$4.49,1440623807168,"5,400",100% bearish,of 1 rating,N/A
HWCC,$7.21,1440623807190,"41,510",100% bearish,of 1 rating,$9
HSNI,$61.15,1440623807265,"192,925",Not yet rated,NULL,$80
HBMD,$14.25,1440623807291,700,100% bearish,of 1 rating,N/A
HTGM,$5.72,1440623807514,"18,927",100% bearish,of 1 rating,$19.50
HSON,$2.58,1440623807610,"4,803",100% bearish,of 1 rating,$5
HUBG,$37.71,1440623807670,"159,437",100% bearish,of 1 rating,$43
HCBK,$9.2118,1440623807695,"2,750,820",83% bullish,of 6 ratings,$8.61
HDSN,$3.05,1440623807829,"177,447",100% bullish,of 1 rating,$6.25
HBAN,$10.5821,1440623807934,"6,275,690",76% bullish,of 17 ratings,$12.29
HBANP,$1328.5,1440623808510,27,100% bearish,of 1 rating,N/A
HURC,$29.42,1440623808738,"9,783",100% bearish,of 1 rating,N/A
HURN,$73.53,1440623809290,"155,355",50% bullish,of 2 ratings,$80
HTCH,$1.45,1440623810012,"58,708",100% bearish,of 1 rating,$3.50
HDRA,NULL,1440623810143,0,Not yet rated,NULL,N/A
HDRAR,NULL,1440623810215,0,Not yet rated,NULL,N/A
HBP,$3.06,1440623810277,"6,843",100% bullish,of 1 rating,N/A
HYGS,$7.84,1440623810441,"22,409",50% bullish,of 2 ratings,$13
HDRAU,NULL,1440623810508,0,Not yet rated,NULL,N/A
HDRAW,NULL,1440623810742,0,Not yet rated,NULL,N/A
IBKC,$58.9,1440623810789,"132,136",100% bullish,of 1 rating,$70
IACI,$69.72,1440623810818,"694,242",75% bullish,of 4 ratings,$90
IDSY,$3.76,1440623810849,"80,121",100% bearish,of 1 rating,$7
IKGH,$1.5,1440623810948,"74,483",75% bullish,of 4 ratings,N/A
IEP,$69.7,1440623810975,"94,344",75% bullish,of 4 ratings,$99
ICAD,$3.4,1440623811004,"80,734",50% bullish,of 2 ratings,$7.25
ICFI,$34.48,1440623811109,"58,609",50% bullish,of 2 ratings,$48.50
ICON,$12.6,1440623811136,"887,541",50% bullish,of 2 ratings,$18.50
ICLR,$77.5387,1440623811172,"447,543",100% bearish,of 3 ratings,$85
ICUI,$113.28,1440623811454,"60,597",Not yet rated,NULL,$122
INVE,$4.27,1440623811509,"21,964",75% bullish,of 4 ratings,$4
IPWR,$7.16,1440623811584,"16,559",100% bullish,of 1 rating,$15
IDRA,$2.83,1440623811610,"1,051,058",89% bullish,of 9 ratings,$6.50
IDXX,$71.9214,1440623811775,"279,436",100% bearish,of 1 rating,$77
DSKY,$10.88,1440623812127,"121,836",67% bullish,of 6 ratings,$11.50
IRG,$4.56,1440623812206,"23,851",100% bearish,of 1 rating,$4.50
RXDX,$13.13,1440623812256,"108,308",100% bullish,of 1 rating,$20
IROQ,$16.77,1440623812287,"1,635",100% bullish,of 1 rating,N/A
KANG,$14.9007,1440623812308,"723,985",50% bullish,of 2 ratings,$22.55
IKAN,$2.73,1440623812340,"40,462",83% bullish,of 6 ratings,$5
IKNX,$11.96,1440623812366,710,100% bearish,of 1 rating,N/A
IIVI,$16.96,1440623812391,"139,655",100% bearish,of 1 rating,$22
IMMR,$11.75,1440623812706,"98,825",80% bullish,of 5 ratings,$15.50
ILMN,$195.6765,1440623812737,"1,957,956",80% bullish,of 5 ratings,$240
ISNS,$3.95,1440623812767,"13,845",50% bullish,of 2 ratings,N/A
IMDZ,$15.44,1440623812789,"72,174",100% bearish,of 1 rating,$33
ICCC,$7.54,1440623812810,"13,143",100% bullish,of 1 rating,N/A
IMNP,$1.11,1440623812842,"123,881",50% bullish,of 2 ratings,$6
IMGN,$13.78,1440623812984,"831,674",75% bullish,of 4 ratings,$17.50
IMMU,$1.89,1440623813167,"560,600",86% bullish,of 7 ratings,$2
IPXL,$43.4248,1440623813192,"520,051",67% bullish,of 3 ratings,$46.50
IMMY,$7.32,1440623813394,"9,404",100% bearish,of 1 rating,$11
INCR,$41.73,1440623813695,"210,703",50% bullish,of 2 ratings,$53
INCY,$108.477,1440623813869,"997,558",50% bullish,of 6 ratings,$125.50
IBCP,$14.15,1440623813896,"81,036",100% bullish,of 1 rating,$14.50
INDB,$44.07,1440623813930,"97,216",Not yet rated,NULL,$44
SAAS,$7.385,1440623813961,"243,302",50% bullish,of 2 ratings,$15
IBTX,$40.04,1440623814066,"32,896",100% bullish,of 2 ratings,$47.25
INFI,$9.02,1440623814313,"446,967",50% bullish,of 4 ratings,$18
IDSA,$3.4,1440623814343,"5,256",Not yet rated,NULL,N/A
IPCC,$77.82,1440623814445,"26,864",Not yet rated,NULL,$77.50
III,$3.96,1440623814470,"15,261",57% bullish,of 7 ratings,$6
INFN,$21.025,1440623814496,"2,326,197",71% bullish,of 7 ratings,$28
INWK,$6.97,1440623814527,"144,748",50% bullish,of 2 ratings,$10
IFON,$1.21,1440623814623,"26,171",75% bullish,of 4 ratings,N/A
IMKTA,$51.79,1440623814755,"68,191",100% bearish,of 1 rating,N/A
INNL,$11.8,1440623814920,"1,944",100% bearish,of 1 rating,$16.50
INOD,$2.35,1440623815087,"22,434",100% bearish,of 1 rating,N/A
IPHS,$46.64,1440623815328,"82,492",100% bearish,of 1 rating,$60
IOSP,$47.59,1440623815353,"255,516",100% bearish,of 1 rating,N/A
INGN,$47.04,1440623815496,"124,190",100% bearish,of 1 rating,$50.50
ISSC,$2.82,1440623815527,"5,961",67% bearish,of 3 ratings,N/A
ITEK,$12.04,1440623815555,"396,251",100% bearish,of 3 ratings,$20
INO,$6.8,1440623815602,"811,038",89% bullish,of 18 ratings,$20
INOV,$20.91,1440623815631,"390,878",100% bearish,of 1 rating,$33
NSIT,$25.64,1440623815740,"165,456",50% bullish,of 2 ratings,N/A
ISIG,$2.51,1440623815790,"9,900",100% bearish,of 1 rating,N/A
IIIN,$17,1440623815842,"44,536",100% bearish,of 2 ratings,N/A
INSM,$24.21,1440623815891,"360,419",71% bullish,of 7 ratings,$31.50
INSY,$32.84,1440623816029,"494,731",75% bullish,of 4 ratings,$48
NTEC,$5.75,1440623816061,"43,099",100% bearish,of 1 rating,N/A
PODD,$29.155,1440623816134,"234,107",67% bearish,of 3 ratings,$35
IART,$59.71,1440623816383,"286,392",100% bearish,of 1 rating,$71.50
IESC,$7.25,1440623816410,"2,693",100% bearish,of 1 rating,N/A
IDTI,$17.885,1440623816441,"1,902,813",60% bullish,of 5 ratings,$25
INTC,$27.29,1440623816462,"29,850,398",82% bullish,of 238 ratings,$36
IQNT,$18.8,1440623816499,"281,288",86% bullish,of 7 ratings,$20
IPAR,$26.02,1440623816593,"54,529",67% bullish,of 3 ratings,$38
ISSI,$22,1440623816618,"197,497",67% bullish,of 3 ratings,$19.75
IBKR,$38.1876,1440623816762,"528,790",100% bullish,of 1 rating,N/A
IPCI,$2.08,1440623816794,"94,388",67% bullish,of 6 ratings,$8
ICLD,$1.8,1440623816893,"173,347",75% bullish,of 4 ratings,N/A
ICPT,$184.9478,1440623816920,"245,765",70% bullish,of 10 ratings,$359.50
ININ,$35.185,1440623816945,"77,261",67% bearish,of 3 ratings,$57
ICLDW,NULL,1440623817001,0,100% bearish,of 1 rating,N/A
IMI,$2.02,1440623817217,"102,978",67% bullish,of 3 ratings,$2.22
TILE,$23.71,1440623817242,"500,383",100% bearish,of 3 ratings,$27
IDCC,$48.32,1440623817298,"255,501",80% bullish,of 5 ratings,$63
IBOC,$24.92,1440623817447,"120,184",100% bearish,of 1 rating,N/A
IGLD,$6.92,1440623817481,"4,336",50% bullish,of 2 ratings,N/A
ISCA,$30.79,1440623817503,"140,160",100% bearish,of 1 rating,N/A
INAP,$7.91,1440623817525,"240,609",75% bullish,of 4 ratings,$11
IIJI,$8.87,1440623817577,104,50% bullish,of 2 ratings,$11.50
PTNT,$2.97,1440623817655,"11,202",Not yet rated,NULL,N/A
INPH,$0.29,1440623817766,"15,595",50% bullish,of 2 ratings,N/A
INTX,$2.03,1440623817870,"152,536",67% bullish,of 3 ratings,N/A
XENT,$25.77,1440623817897,"159,551",50% bullish,of 2 ratings,$36.50
IILG,$19.61,1440623817928,"132,675",100% bearish,of 1 rating,$29
ISIL,$10.27,1440623818030,"601,713",50% bullish,of 6 ratings,$15
INTL,$26.08,1440623818158,"89,399",67% bearish,of 3 ratings,N/A
IVAC,$4.61,1440623818184,"19,709",100% bearish,of 1 rating,$6.625
INTLL,$25.78,1440623818213,"4,025",Not yet rated,NULL,N/A
ITCI,$25.98,1440623818239,"408,482",75% bearish,of 4 ratings,$40
IIN,$6.02,1440623818265,200,100% bearish,of 1 rating,$12
INTU,$83.29,1440623818394,"3,464,106",86% bullish,of 7 ratings,$107.50
ISRG,$508.389,1440623818541,"194,766",67% bullish,of 3 ratings,$600
SNAK,$8.37,1440623818574,"145,955",50% bullish,of 2 ratings,$14
ISTR,$15.52,1440623818621,"7,402",100% bearish,of 1 rating,$18.50
INVT,$0.272,1440623818646,"65,603",67% bullish,of 3 ratings,N/A
ISBC,$11.57,1440623818723,"1,885,641",100% bullish,of 1 rating,$13.25
ITIC,$70.26,1440623818830,"1,020",100% bearish,of 2 ratings,N/A
DTUL,NULL,1440623819022,0,Not yet rated,NULL,N/A
IPCM,$79.05,1440623819053,"143,412",50% bullish,of 2 ratings,$80.125
IPGP,$84.77,1440623819094,"315,368",100% bearish,of 2 ratings,$109.50
NVIV,$9.66,1440623819120,"170,119",50% bullish,of 4 ratings,$24.50
IPAS,$1.02,1440623819147,"3,574",67% bullish,of 3 ratings,N/A
DFVL,NULL,1440623819172,0,Not yet rated,NULL,N/A
IVTY,$13.33,1440623819315,"6,722",Not yet rated,NULL,$18
IRMD,$25.99,1440623819388,"7,464",67% bearish,of 3 ratings,$25
IRIX,$6.71,1440623819413,"38,652",100% bearish,of 1 rating,N/A
IRDM,$6.91,1440623819551,"533,418",60% bullish,of 5 ratings,$11.50
IRBT,$27.81,1440623819579,"284,202",67% bullish,of 6 ratings,$37
IRDMB,$273,1440623819653,"1,046",67% bearish,of 3 ratings,N/A
FCHI,NULL,1440623819744,0,NULL,NULL,NULL
IRCP,NULL,1440623819811,0,100% bullish,of 2 ratings,N/A
GNMA,$50.15,1440623819848,"3,345",Not yet rated,NULL,N/A
IFAS,NULL,1440623819909,0,NULL,NULL,NULL
IRWD,$11,1440623819985,"963,560",100% bearish,of 1 rating,$13
IFNA,NULL,1440623820164,0,NULL,NULL,NULL
COMT,$31.29,1440623820291,"20,114",100% bearish,of 1 rating,N/A
ACWX,$40.36,1440623820317,"1,432,836",100% bearish,of 1 rating,N/A
IFEU,$37.95,1440623820344,"38,349",Not yet rated,NULL,N/A
IFGL,$28.32,1440623820368,"88,237",Not yet rated,NULL,N/A
ACWI,$54.3749,1440623820475,"3,873,008",Not yet rated,NULL,N/A
AAIT,NULL,1440623820605,0,NULL,NULL,NULL
AAXJ,$52.36,1440623820635,"2,269,143",Not yet rated,NULL,N/A
EMDI,NULL,1440623820657,0,NULL,NULL,NULL
EEME,NULL,1440623820685,0,NULL,NULL,NULL
AXJS,NULL,1440623820734,0,NULL,NULL,NULL
EMEY,NULL,1440623820819,0,NULL,NULL,NULL
EEMA,$48.91,1440623820840,"11,167",Not yet rated,NULL,N/A
EGRW,NULL,1440623820915,0,NULL,NULL,NULL
EVAL,NULL,1440623820969,0,NULL,NULL,NULL
EEML,$26.31,1440623821056,"10,348",Not yet rated,NULL,N/A
EUFN,$21.82,1440623821215,"357,436",100% bearish,of 1 rating,N/A
IEUS,$45.39,1440623821304,"11,415",100% bearish,of 1 rating,N/A
QAT,$20.01,1440623821342,824,Not yet rated,NULL,N/A
IBB,$340.3,1440623821455,"1,326,479",63% bullish,of 8 ratings,N/A
WOOD,$46.84,1440623821483,"12,539",50% bullish,of 2 ratings,N/A
SOXX,$79.8,1440623821504,"438,451",50% bullish,of 2 ratings,N/A
UAE,$17.62,1440623821534,500,Not yet rated,NULL,N/A
ICLN,$9.28,1440623821556,"11,121",50% bullish,of 2 ratings,N/A
INDY,$27.34,1440623821699,"126,601",50% bullish,of 2 ratings,N/A
EMIF,$28.12,1440623821734,"31,901",Not yet rated,NULL,N/A
ISHG,$80.31,1440623821834,"24,147",100% bearish,of 1 rating,N/A
ISIS,$49.0141,1440623821874,"1,235,791",53% bullish,of 15 ratings,$67
IGOV,$91.55,1440623821938,"53,081",100% bearish,of 1 rating,N/A
ISLE,$16.36,1440623822128,"204,472",50% bullish,of 4 ratings,$16
ITUS,$4.09,1440623822227,300,Not yet rated,NULL,N/A
ITRN,$23.77,1440623822279,"1,477",50% bullish,of 2 ratings,N/A
JJSF,$114.15,1440623822372,"41,055",100% bearish,of 1 rating,N/A
XXIA,$15.02,1440623822401,"309,022",71% bullish,of 7 ratings,$14.625
ITRI,$29.5,1440623822423,"341,379",Not yet rated,NULL,$37
ISRL,$133,1440623822453,"1,000",100% bearish,of 1 rating,N/A
MAYS,NULL,1440623822586,0,Not yet rated,NULL,N/A
JBHT,$72.87,1440623822655,"1,319,446",50% bullish,of 4 ratings,$89.50
IXYS,$10.59,1440623822680,"99,587",50% bullish,of 4 ratings,N/A
JCOM,$67.64,1440623822822,"387,209",100% bullish,of 2 ratings,$77
JASO,$7.51,1440623822849,"675,704",82% bullish,of 17 ratings,$10
JKHY,$68.7237,1440623822912,"784,632",50% bullish,of 2 ratings,$72
JACK,$79.93,1440623823041,"350,455",83% bullish,of 6 ratings,$105
JAGX,$3.24,1440623823104,"3,429",Not yet rated,NULL,N/A
JAXB,$12.8,1440623823140,"64,800",100% bullish,of 1 rating,N/A
JMBA,$13.51,1440623823282,"162,851",75% bullish,of 4 ratings,$18
JAKK,$9.36,1440623823308,"353,335",60% bearish,of 5 ratings,$11
JASN,$4.8,1440623823436,"16,026",50% bullish,of 2 ratings,$9.50
ERW,NULL,1440623823463,0,Not yet rated,NULL,N/A
JD,$25.59,1440623823679,"9,301,188",75% bullish,of 16 ratings,$36
JASNW,NULL,1440623823710,0,50% bullish,of 2 ratings,N/A
JAZZ,$165.3502,1440623823767,"314,642",80% bullish,of 15 ratings,$206.50
JBLU,$22.247,1440623823844,"4,396,207",94% bullish,of 18 ratings,$27
JXSB,$23.51,1440623823869,"4,194",Not yet rated,NULL,N/A
JTPY,$2.92,1440623824014,"2,620",100% bearish,of 1 rating,N/A
JRVR,$26.42,1440623824072,"61,110",Not yet rated,NULL,$32
JCTCF,$9.5,1440623824168,100,100% bullish,of 1 rating,N/A
DATE,$5.69,1440623824194,"109,332",75% bullish,of 4 ratings,$9
WYIGU,$10,1440623824390,"67,255",Not yet rated,NULL,N/A
JIVE,$4.27,1440623824421,"373,781",75% bullish,of 4 ratings,$5
JST,$3.81,1440623824443,"32,079",75% bullish,of 4 ratings,N/A
JOEZ,$0.1601,1440623824494,"241,695",92% bullish,of 12 ratings,N/A
JNP,$9.725,1440623824523,"24,340",100% bullish,of 3 ratings,$15
JOUT,$22.59,1440623824620,"11,198",100% bearish,of 1 rating,$34
JBSS,$53.56,1440623824661,"50,469",67% bearish,of 3 ratings,N/A
JUNO,$36.7,1440623824961,"944,634",73% bullish,of 11 ratings,$71.50
KBIO,$1.94,1440623824995,"167,770",50% bullish,of 4 ratings,N/A
KALU,$79.49,1440623825016,"131,310",67% bearish,of 3 ratings,$91
