Symbol,Price,Date,Volume,Rating,RatingVoteCount,OneYearEstimate
TFSCW,NULL,1441210802534,0,100% bearish,of 1 rating,N/A
TFSCU,NULL,1441210802559,0,Not yet rated,NULL,N/A
PIH,NULL,1441210802590,0,100% bearish,of 1 rating,N/A
FCCY,$11.74,1441210802619,150,100% bullish,of 1 rating,$13
FLWS,$8.47,1441210802640,"107,173",80% bullish,of 5 ratings,$15
TFSCR,NULL,1441210802662,0,Not yet rated,NULL,N/A
TFSC,NULL,1441210802682,0,100% bearish,of 1 rating,N/A
FCTY,$7.74,1441210802718,550,100% bullish,of 1 rating,$8.50
SRCE,$29.32,1441210802883,"5,108",100% bullish,of 3 ratings,$33
VNET,$16.51,1441210802911,"163,239",60% bullish,of 5 ratings,$35
DSLV,$68.66,1441210802941,"15,540",100% bearish,of 1 rating,N/A
TWOU,$34.23,1441210802975,"39,750",50% bullish,of 2 ratings,$39
UGLD,$9.32,1441210803007,"82,728",100% bearish,of 1 rating,N/A
JOBS,$25.98,1441210803070,"36,304",50% bullish,of 4 ratings,$36
DGLD,$81.0476,1441210803097,"3,975",100% bullish,of 1 rating,N/A
USLV,$12.677,1441210803367,"185,840",86% bullish,of 7 ratings,N/A
SIXD,$2.68,1441210803414,"13,077",Not yet rated,NULL,N/A
CAFD,$14.86,1441210803470,"73,140",Not yet rated,NULL,$24.50
SHLM,$32.85,1441210803491,"43,097",100% bearish,of 1 rating,$47
AAON,$19.91,1441210803525,"21,236",100% bearish,of 1 rating,$24
ABY,$22.42,1441210803570,"204,394",100% bearish,of 2 ratings,$46
EGHT,$7.6,1441210803600,"78,663",82% bullish,of 17 ratings,$11
AVHI,$14,1441210803629,"1,427",100% bearish,of 1 rating,$19
ABGB,$5.207,1441210803733,"7,807",67% bullish,of 3 ratings,$5.50
ABMD,$93.94,1441210803812,"122,097",75% bullish,of 4 ratings,$100.50
ABAX,$46.95,1441210803871,"53,027",100% bearish,of 1 rating,$60
ABEOW,$1.8,1441210803899,400,100% bullish,of 1 rating,N/A
ABEO,$4.81,1441210803922,"35,752",50% bullish,of 4 ratings,$15.50
AXAS,$1.75,1441210803943,"207,298",78% bullish,of 9 ratings,$3.50
ACHC,$71.345,1441210804086,"82,834",50% bullish,of 2 ratings,$92
ACTG,$9.08,1441210804113,"195,741",67% bullish,of 3 ratings,$18.50
ACAD,$36.27,1441210804249,"247,666",80% bullish,of 20 ratings,$48
ACST,$0.345,1441210804274,290,100% bullish,of 2 ratings,N/A
XLRN,$29.05,1441210804313,"28,999",50% bullish,of 2 ratings,$57
ANCX,$20.02,1441210804338,"4,857",Not yet rated,NULL,$20
AXDX,$18.97,1441210804410,"26,241",100% bearish,of 1 rating,N/A
ARAY,$6.62,1441210804437,"148,847",100% bearish,of 1 rating,$10.50
ACRX,$4.48,1441210804626,"188,402",67% bearish,of 6 ratings,$5.50
VXUP,$1.7,1441210804647,"17,772",100% bearish,of 1 rating,N/A
ACET,$21.445,1441210804682,"25,609",75% bullish,of 4 ratings,$30
VXDN,$1.75,1441210804721,"14,895",100% bearish,of 1 rating,N/A
ACIW,$20.91,1441210804751,"106,895",67% bearish,of 3 ratings,$24
ACHN,$7.04,1441210804778,"879,689",90% bullish,of 21 ratings,$16
ACNB,$19.8,1441210804942,268,Not yet rated,NULL,N/A
ACTS,$1.62,1441210804991,"6,532",100% bearish,of 1 rating,N/A
AKAO,$7.04,1441210805018,"10,528",75% bullish,of 4 ratings,$15
ACOR,$32.22,1441210805049,"182,442",67% bearish,of 3 ratings,$38.50
ACPW,$1.95,1441210805155,"11,387",100% bullish,of 4 ratings,$3.25
ATVI,$28.135,1441210805214,"3,733,844",67% bullish,of 84 ratings,$31.50
ACUR,$2.8,1441210805244,"1,348",100% bullish,of 5 ratings,$5
ACTA,$13.81,1441210805285,"31,982",67% bearish,of 3 ratings,$25
ADMP,$3.67,1441210805347,600,50% bullish,of 2 ratings,$10
ACXM,$20.23,1441210805478,"53,184",67% bullish,of 3 ratings,N/A
ADAP,$11.2399,1441210805505,"20,010",67% bullish,of 3 ratings,$22
ADMS,$19.37,1441210805525,"7,984",100% bearish,of 2 ratings,$36
ADUS,$29,1441210805573,"13,299",100% bearish,of 1 rating,$31
AEY,$2.35,1441210805666,"1,120",100% bearish,of 2 ratings,N/A
ADMA,$9.05,1441210805766,"1,031",Not yet rated,NULL,$19
ADEP,$6.74,1441210805811,"8,602",50% bullish,of 2 ratings,$10.75
ADTN,$15.65,1441210805899,"58,755",67% bullish,of 3 ratings,$17.125
ADBE,$75.58,1441210805924,"501,055",65% bullish,of 17 ratings,$90
ADRO,$19.01,1441210805956,"79,983",80% bullish,of 5 ratings,$45.50
AMD,$1.7499,1441210806054,"2,327,821",83% bullish,of 103 ratings,$2
YPRO,$22.9,1441210806083,2,100% bearish,of 1 rating,N/A
ADXS,$13.28,1441210806111,"246,901",64% bullish,of 14 ratings,$27
AEIS,$23.91,1441210806142,"33,319",50% bullish,of 2 ratings,$32.50
MULT,NULL,1441210806168,0,100% bearish,of 1 rating,N/A
ADXSW,$9,1441210806241,"3,940",100% bullish,of 1 rating,N/A
AEGR,$17.72,1441210806304,"52,341",50% bullish,of 6 ratings,$26
AEGN,$17.83,1441210806396,"21,716",100% bearish,of 2 ratings,$21
AEHR,$2.27,1441210806421,"2,686",50% bullish,of 2 ratings,N/A
AEPI,$55.24,1441210806552,"2,308",100% bearish,of 1 rating,N/A
AEZS,$0.087,1441210806649,"3,620,902",90% bullish,of 21 ratings,$1.50
AMTX,$2.7651,1441210806676,"3,668",50% bullish,of 2 ratings,$26.11
AVAV,$20.9201,1441210806728,"414,898",50% bullish,of 4 ratings,$31
AERI,$15.26,1441210806762,"257,172",75% bullish,of 4 ratings,$31.50
AEMD,$7.3301,1441210806784,"9,298",Not yet rated,NULL,$27.50
AFMD,$10.168,1441210806817,"58,339",50% bullish,of 4 ratings,$15
AFFX,$9.15,1441210806860,"65,183",80% bullish,of 5 ratings,$12.50
AGEN,$6.91,1441210806950,"133,219",85% bullish,of 13 ratings,$14
AGRX,$8.31,1441210807016,"13,981",100% bearish,of 1 rating,$17.50
AGIO,$85.36,1441210807045,"43,285",88% bullish,of 8 ratings,$114
AGFS,$9.73,1441210807098,"87,669",100% bearish,of 1 rating,N/A
AGYS,$9.805,1441210807144,"4,524",100% bearish,of 1 rating,N/A
AGFSW,$1.98,1441210807175,200,100% bearish,of 2 ratings,N/A
AIMT,$21.66,1441210807327,"19,969",Not yet rated,NULL,$35.50
AMCN,$4.45,1441210807375,"36,587",83% bullish,of 6 ratings,N/A
AIRM,$35.56,1441210807407,"38,002",80% bearish,of 5 ratings,$53
ATSG,$8.77,1441210807436,"50,672",67% bullish,of 3 ratings,$13
AIRT,$22.38,1441210807457,976,100% bullish,of 1 rating,N/A
AKAM,$69.72,1441210807511,"341,991",63% bullish,of 8 ratings,$77.50
AIXG,$6.31,1441210807592,"3,600",67% bearish,of 3 ratings,$5.25
AKBA,$7.4101,1441210807629,"129,355",100% bearish,of 1 rating,$18
AKRX,$38.63,1441210807725,"140,757",78% bullish,of 9 ratings,$56
AKER,$2.6,1441210807750,"8,523",Not yet rated,NULL,N/A
ALRM,$15.72,1441210807778,"68,373",100% bearish,of 1 rating,$22
AMRI,$19.645,1441210807804,"33,089",75% bearish,of 4 ratings,$24
ALSK,$2.21,1441210807829,"30,070",78% bullish,of 18 ratings,$2
ALDX,$6.97,1441210808089,"5,077",100% bearish,of 1 rating,$14.50
ABDC,$12.71,1441210808110,"11,200",Not yet rated,NULL,$15
ADHD,$7.94,1441210808155,"80,758",50% bullish,of 4 ratings,$18
ALDR,$40.3,1441210808192,"299,755",67% bearish,of 3 ratings,$62
ALCO,$41.82,1441210808243,"3,352",50% bullish,of 2 ratings,N/A
ALXA,$1.2,1441210808269,"1,900",83% bullish,of 6 ratings,$2.125
ALXN,$171.76,1441210808290,"279,732",88% bullish,of 8 ratings,$223.50
ALGN,$54.07,1441210808321,"178,050",100% bearish,of 2 ratings,$73
ALIM,$3.17,1441210808458,"24,074",80% bullish,of 5 ratings,$10
ALGT,$203.535,1441210808611,"47,626",100% bearish,of 2 ratings,$235
ALLB,$22.66,1441210808647,300,Not yet rated,NULL,N/A
ALKS,$61.28,1441210808690,"279,598",67% bullish,of 3 ratings,$75
AFOP,$18.501,1441210808717,"53,929",75% bullish,of 8 ratings,$21
AHGP,$35.06,1441210808770,"7,937",67% bullish,of 3 ratings,N/A
AIQ,$14.12,1441210808797,"1,807",67% bullish,of 3 ratings,N/A
ARLP,$24.63,1441210808819,"94,616",67% bearish,of 3 ratings,$32
AMOT,$17.93,1441210808952,"69,661",100% bearish,of 1 rating,N/A
AHPI,$1.49,1441210808978,300,50% bullish,of 2 ratings,N/A
ALLT,$5.06,1441210809053,"14,170",75% bullish,of 4 ratings,$6.25
MDRX,$13.215,1441210809110,"544,516",60% bullish,of 5 ratings,$16
ALQA,$4.6202,1441210809138,"7,779",75% bullish,of 4 ratings,$8.50
ALNY,$98,1441210809184,"175,039",67% bullish,of 3 ratings,$151.50
AFAM,$44.76,1441210809210,"17,452",50% bullish,of 2 ratings,$44
AOSL,$7.945,1441210809284,"58,570",67% bullish,of 3 ratings,$9
SMCP,NULL,1441210809451,0,Not yet rated,NULL,N/A
ALTR,$48.6,1441210809480,"392,256",80% bearish,of 5 ratings,$54
ATEC,$0.58,1441210809506,"6,370",100% bullish,of 1 rating,$2
ASPS,$25.4,1441210809527,"63,225",67% bullish,of 3 ratings,$46.50
AMAG,$63.36,1441210809562,"163,903",100% bullish,of 2 ratings,$75
AMRN,$2.26,1441210809659,"813,606",85% bullish,of 39 ratings,$8
AIMC,$23.62,1441210809763,"21,412",100% bearish,of 2 ratings,$28.50
AMBC,$16.2,1441210809835,"104,619",100% bearish,of 1 rating,$16.50
AMZN,$501.25,1441210809867,"811,523",81% bullish,of 267 ratings,$646
AMBA,$77.76,1441210809888,"4,313,401",83% bullish,of 12 ratings,$102.50
AMRK,$10.5,1441210809921,400,50% bullish,of 2 ratings,$14
AYA,$19.97,1441210809942,"12,982",100% bearish,of 1 rating,$40
AMBCW,$8.01,1441210809973,"2,700",100% bearish,of 1 rating,N/A
DOX,$56.1301,1441210810177,"127,124",67% bearish,of 3 ratings,$60
AMCX,$68.79,1441210810205,"227,196",67% bullish,of 3 ratings,$87.50
EPAX,$2.68,1441210810244,"20,041",100% bearish,of 1 rating,N/A
AMDA,$0.4652,1441210810269,"171,928",90% bullish,of 10 ratings,$1
AMED,$39.489,1441210810294,"64,189",100% bearish,of 1 rating,$42
UHAL,$366.0148,1441210810461,"3,897",100% bullish,of 2 ratings,$393.50
AAL,$40.61,1441210810566,"4,808,400",93% bullish,of 88 ratings,$57
ATAX,$5.3318,1441210810609,"11,768",100% bullish,of 1 rating,$6.50
ASBI,$22.73,1441210810630,200,Not yet rated,NULL,N/A
AGNCP,$25.32,1441210810699,"5,418",Not yet rated,NULL,N/A
AGNCB,$24.266,1441210810725,"1,300",Not yet rated,NULL,N/A
AGNC,$19.0699,1441210810750,"581,573",71% bullish,of 28 ratings,$22
AMOV,$17.72,1441210810784,"4,553",100% bearish,of 1 rating,N/A
MTGEP,$24.69,1441210810890,200,Not yet rated,NULL,N/A
MTGE,$15.25,1441210810949,"122,452",75% bullish,of 4 ratings,$19.50
ACSF,$12.39,1441210811076,"9,323",100% bearish,of 1 rating,$15
ACAS,$13.495,1441210811130,"329,561",60% bullish,of 5 ratings,$16.75
AETI,$3.95,1441210811186,300,67% bearish,of 3 ratings,N/A
AMIC,NULL,1441210811212,0,100% bearish,of 1 rating,N/A
ANAT,$97.23,1441210811290,"7,858",100% bullish,of 1 rating,N/A
ANCI,$1.54,1441210811321,300,100% bearish,of 1 rating,N/A
APEI,$21.45,1441210811355,"8,759",100% bearish,of 1 rating,$25.50
ARII,$40.169,1441210811420,"61,316",67% bearish,of 3 ratings,$45
AMNB,$23.25,1441210811458,508,Not yet rated,NULL,$25.50
AMRB,$10.13,1441210811480,"2,100",Not yet rated,NULL,$11
AMSWA,$8.84,1441210811552,"18,812",100% bearish,of 2 ratings,$10.75
ASEI,$38.14,1441210811578,"4,395",100% bearish,of 1 rating,$52.50
AMWD,$64.75,1441210811610,"35,199",50% bullish,of 2 ratings,$70
CRMT,$35.05,1441210811754,"10,274",100% bearish,of 1 rating,$39
AMSC,$4.819,1441210811801,"25,119",50% bullish,of 4 ratings,N/A
ABCB,$26.3,1441210811884,"8,712",Not yet rated,NULL,$31
AMSF,$46.16,1441210811938,"5,161",Not yet rated,NULL,$57.50
ATLO,$23.45,1441210812017,"1,111",Not yet rated,NULL,N/A
AMGN,$147.569,1441210812050,"895,687",89% bullish,of 19 ratings,$185
ASRVP,NULL,1441210812076,0,Not yet rated,NULL,N/A
ASRV,$3.26,1441210812102,674,100% bullish,of 2 ratings,N/A
FOLD,$14.46,1441210812147,"356,432",56% bullish,of 9 ratings,$21
AMPH,$13.19,1441210812239,"27,807",50% bullish,of 2 ratings,$20
AMSG,$76.645,1441210812329,"37,320",100% bearish,of 1 rating,$85.50
AMSGP,$146.04,1441210812358,100,Not yet rated,NULL,N/A
AMKR,$5.003,1441210812380,"436,752",100% bearish,of 2 ratings,$5
ASYS,$5.4,1441210812506,"3,882",67% bullish,of 3 ratings,$12
AMRS,$1.615,1441210812534,"59,265",70% bullish,of 10 ratings,N/A
AFSI,$55.93,1441210812601,"110,712",60% bullish,of 5 ratings,$72
ANAC,$129.36,1441210812627,"105,280",80% bullish,of 5 ratings,$180.50
ALOG,$80.395,1441210812704,"14,049",100% bearish,of 2 ratings,$100.50
ANAD,$0.3208,1441210812760,"6,648",100% bullish,of 2 ratings,$.50
ADI,$53.685,1441210812846,"441,266",75% bullish,of 4 ratings,$69
ANCB,$21.445,1441210812890,600,Not yet rated,NULL,$23
AMCF,NULL,1441210812921,0,NULL,NULL,NULL
ABCW,$40.26,1441210812947,"2,003",67% bullish,of 3 ratings,N/A
ANGI,$5.085,1441210812977,"65,328",64% bullish,of 11 ratings,$5.50
ANGO,$14.55,1441210813025,"23,828",67% bullish,of 3 ratings,$19
ANIP,$49.93,1441210813079,"40,846",89% bullish,of 19 ratings,$66
ATRS,$1.84,1441210813213,"192,862",92% bullish,of 12 ratings,$4.50
ANIK,$35.135,1441210813239,"30,657",60% bullish,of 5 ratings,$51.25
ANSS,$86.615,1441210813309,"123,268",100% bearish,of 1 rating,$100
ANTH,$7.02,1441210813335,"278,818",80% bullish,of 10 ratings,$13
ATNY,$2.4,1441210813415,900,50% bullish,of 2 ratings,$3.75
ABAC,$0.798,1441210813470,"2,001",100% bearish,of 1 rating,N/A
APIC,$6.39,1441210813500,"30,638",100% bearish,of 1 rating,$19
APOL,$10.88,1441210813546,"270,381",87% bearish,of 68 ratings,$14
APOG,$50.79,1441210813606,"52,021",50% bullish,of 2 ratings,$67
AAPL,$109.5,1441210813634,"15,129,896",86% bullish,of 2361 ratings,$150
AINV,$6.3,1441210813659,"242,304",50% bullish,of 4 ratings,$8
APPF,$15.64,1441210813685,"10,821",50% bullish,of 2 ratings,$22
ARCI,$1.28,1441210813817,112,Not yet rated,NULL,N/A
APDN,$3.37,1441210813852,"16,899",Not yet rated,NULL,$9
APDNW,$1.46,1441210813986,700,Not yet rated,NULL,N/A
AGTC,$15.87,1441210814011,"17,937",50% bullish,of 2 ratings,$33
AMAT,$15.465,1441210814037,"3,494,916",82% bullish,of 11 ratings,$23
AMCC,$5.605,1441210814173,"120,084",80% bullish,of 5 ratings,$8
AREX,$2.2,1441210814233,"625,147",50% bullish,of 2 ratings,$3
AAOI,$19.9,1441210814266,"53,180",50% bullish,of 4 ratings,$26
APRI,$1.6101,1441210814287,"211,880",83% bullish,of 6 ratings,$4.86
APTO,$5.29,1441210814308,630,Not yet rated,NULL,$17
AQXP,$16.309,1441210814351,"64,343",50% bullish,of 2 ratings,$2
AQMS,$4.86,1441210814372,"1,902",Not yet rated,NULL,N/A
AUMA,NULL,1441210814401,0,Not yet rated,NULL,N/A
AUMAU,NULL,1441210814559,0,Not yet rated,NULL,N/A
ARDM,NULL,1441210814584,0,100% bullish,of 1 rating,$26
AUMAW,NULL,1441210814619,0,Not yet rated,NULL,N/A
PETX,$17.74,1441210814780,"105,566",100% bearish,of 2 ratings,$26
ABUS,$6.9,1441210814816,"296,923",86% bullish,of 14 ratings,$23
ARCW,$3.32,1441210814916,"6,079",100% bearish,of 2 ratings,$10.50
ABIO,$0.91,1441210814981,"4,951",50% bullish,of 2 ratings,$3.75
ACAT,$25.43,1441210815007,"28,294",100% bearish,of 3 ratings,$33
RKDA,$5.96,1441210815046,"2,634",100% bearish,of 2 ratings,$10
ARCB,$27.77,1441210815073,"28,126",67% bearish,of 3 ratings,$39.50
ACGL,$67.72,1441210815098,"63,821",50% bullish,of 2 ratings,$72
ARDX,$18.682,1441210815141,"31,380",50% bullish,of 2 ratings,$24.50
ARNA,$2.62,1441210815169,"392,090",90% bullish,of 78 ratings,$5.50
AGII,$54.72,1441210815304,"11,336",Not yet rated,NULL,$59.50
AGIIL,$25.03,1441210815357,"5,016",Not yet rated,NULL,N/A
ARCC,$15.36,1441210815384,"384,812",67% bearish,of 3 ratings,$17.75
ARIS,$3.68,1441210815521,"1,674",Not yet rated,NULL,$4.50
ARIA,$7.375,1441210815547,"4,889,714",87% bullish,of 46 ratings,$9
ARMH,$41.864,1441210815674,"344,481",54% bearish,of 13 ratings,$60
ARKR,$25,1441210815700,"4,409",50% bullish,of 2 ratings,N/A
ARTX,$1.45,1441210815721,"23,991",88% bullish,of 16 ratings,$4.50
ARGS,$6.34,1441210815776,"18,551",50% bullish,of 2 ratings,$19.50
ARWAR,NULL,1441210815879,0,Not yet rated,NULL,N/A
ARWA,NULL,1441210815953,0,Not yet rated,NULL,N/A
ARWAW,$0.17,1441210816423,"7,500",Not yet rated,NULL,N/A
ARWAU,NULL,1441210816663,0,100% bullish,of 1 rating,N/A
ARQL,$1.6511,1441210818512,"17,595",75% bullish,of 4 ratings,$5
ARRS,$25.635,1441210818667,"256,538",50% bullish,of 2 ratings,$38
ARRY,$5.72,1441210819220,"328,568",100% bullish,of 7 ratings,$10
ARWR,$5.57,1441210820102,"544,124",75% bullish,of 4 ratings,$10.50
AROW,$27.01,1441210820129,"2,016",Not yet rated,NULL,N/A
ARTW,$4.24,1441210820207,207,75% bearish,of 4 ratings,N/A
DWAT,$9.73,1441210820236,"1,200",100% bearish,of 1 rating,N/A
ARTNA,$21.91,1441210820263,"2,191",100% bearish,of 1 rating,$29
ASBB,$24.8,1441210820311,100,Not yet rated,NULL,N/A
ASNA,$12.17,1441210820347,"742,579",50% bullish,of 2 ratings,$18
ASND,$19.08,1441210820436,"5,647",50% bullish,of 2 ratings,$30
ASCMA,$27.625,1441210820467,"11,375",100% bearish,of 1 rating,$45
ASTI,$0.2501,1441210820488,"9,058,023",83% bullish,of 6 ratings,$3
ASMI,NULL,1441210820522,0,NULL,NULL,NULL
APWC,$1.75,1441210820551,"1,068",100% bearish,of 1 rating,N/A
ASML,$89.36,1441210820619,"449,899",50% bullish,of 4 ratings,$127
ASMB,$13.84,1441210820699,"12,602",67% bullish,of 3 ratings,N/A
AZPN,$36.7,1441210820724,"72,979",50% bullish,of 2 ratings,$42
ASTE,$37.995,1441210820998,"28,097",100% bearish,of 1 rating,$49
ASUR,$5.49,1441210821054,"2,126",50% bullish,of 2 ratings,$8
ATRO,$49.73,1441210821087,"18,821",100% bearish,of 2 ratings,$80
ASTC,$2.05,1441210821115,"6,900",100% bullish,of 5 ratings,N/A
ASFI,$8.88,1441210821136,779,100% bullish,of 1 rating,N/A
ALOT,NULL,1441210821157,0,100% bearish,of 1 rating,N/A
ATAI,$2.38,1441210821193,"6,598",100% bearish,of 1 rating,N/A
ATRA,$42.9442,1441210821220,"68,664",50% bullish,of 2 ratings,$68
AFCB,NULL,1441210821354,0,Not yet rated,NULL,N/A
ATHN,$129.4721,1441210821382,"61,974",67% bearish,of 3 ratings,$153
ATHX,$1.15,1441210821425,"42,227",89% bullish,of 9 ratings,$5
AAPC,NULL,1441210821513,0,Not yet rated,NULL,N/A
AAME,$3.6,1441210821539,1,Not yet rated,NULL,N/A
ACFC,$5.45,1441210821560,"10,683",100% bearish,of 1 rating,$6.50
ATLC,$3.84,1441210821745,"9,357",67% bullish,of 3 ratings,N/A
ATNI,$71.77,1441210821782,"18,363",100% bearish,of 1 rating,$69.50
AAWW,$38.51,1441210821814,"91,309",50% bullish,of 2 ratings,$65
ATRC,$24.4,1441210821844,"19,249",100% bullish,of 1 rating,$30
AFH,$16.322,1441210821876,"20,829",Not yet rated,NULL,$21.50
ATML,$7.86,1441210821912,"1,458,683",78% bullish,of 9 ratings,$9.50
ATRM,$2.83,1441210822009,100,50% bullish,of 2 ratings,N/A
ATRI,$382.94,1441210822092,300,Not yet rated,NULL,N/A
ATOS,$0.7985,1441210822126,"18,482",100% bullish,of 7 ratings,$7
ATTU,$13.11,1441210822152,"6,224",100% bearish,of 1 rating,$20.50
LIFE,$13.72,1441210822234,"14,766",86% bullish,of 7 ratings,$43
AUBN,$27,1441210822284,100,Not yet rated,NULL,N/A
AUDC,$3.3,1441210822311,"12,332",80% bullish,of 5 ratings,$5
ADAT,$0.2755,1441210822503,"64,315",100% bullish,of 2 ratings,N/A
EARS,$4.38,1441210822528,"10,263",100% bearish,of 2 ratings,$11
AUPH,$3.44,1441210822563,"7,960",100% bearish,of 1 rating,$8
ABTL,$17.71,1441210822594,"24,685",100% bullish,of 4 ratings,$20.25
ADP,$75.7,1441210822660,"430,813",100% bearish,of 1 rating,$88
ADSK,$44.985,1441210822685,"1,954,822",67% bullish,of 6 ratings,$66
AVGO,$120.47,1441210822724,"761,214",88% bullish,of 8 ratings,$165
AVNU,$12.75,1441210822866,"20,704",Not yet rated,NULL,$14
AAVL,$10.3501,1441210822897,"78,967",100% bearish,of 1 rating,$20
AVEO,$1.35,1441210823000,"149,941",75% bullish,of 8 ratings,$3
AVNW,$1.195,1441210823055,"16,400",50% bullish,of 2 ratings,N/A
AVID,$8.31,1441210823083,"123,069",100% bearish,of 1 rating,$20
CAR,$42.79,1441210823212,"412,356",80% bullish,of 5 ratings,$60
AVGR,$14.67,1441210823238,"4,346",100% bearish,of 1 rating,$20
ACLS,$3.18,1441210823289,"57,471",67% bullish,of 6 ratings,$4.75
AWRE,$3.22,1441210823315,"8,903",67% bullish,of 3 ratings,N/A
AXPW,$2.167,1441210823371,"2,171,839",86% bullish,of 7 ratings,N/A
AXGN,$4.897,1441210823401,"46,894",Not yet rated,NULL,$5
AXPWW,NULL,1441210823471,0,Not yet rated,NULL,N/A
AXTI,$2.139,1441210823505,"4,249",50% bullish,of 2 ratings,$2.75
BCOM,NULL,1441210823573,0,100% bearish,of 1 rating,N/A
RILY,NULL,1441210823606,0,Not yet rated,NULL,N/A
BOSC,NULL,1441210823706,0,50% bullish,of 2 ratings,N/A
BEAV,$48.38,1441210823731,"262,990",67% bearish,of 3 ratings,$59
BIDU,$144.725,1441210823794,"494,755",81% bullish,of 88 ratings,$210
BCPC,$57.71,1441210823924,"21,240",100% bearish,of 1 rating,$75
BWINA,NULL,1441210823954,0,Not yet rated,NULL,N/A
BWINB,$22.53,1441210823987,"1,649",Not yet rated,NULL,N/A
BANF,$59.78,1441210824008,"6,010",Not yet rated,NULL,$68
BANFP,NULL,1441210824057,0,Not yet rated,NULL,N/A
BOCH,$5.75,1441210824088,"4,747",Not yet rated,NULL,$6.50
BKMU,$7.01,1441210824137,"3,834",Not yet rated,NULL,$8
BLDP,$1.28,1441210824164,"193,335",91% bullish,of 22 ratings,$2.50
BKSC,$16.9,1441210824295,"3,126",Not yet rated,NULL,N/A
BMRC,$47.91,1441210824321,"16,307",Not yet rated,NULL,$52
BOTJ,NULL,1441210824346,0,Not yet rated,NULL,N/A
OZRK,$39.53,1441210824522,"153,481",67% bullish,of 3 ratings,$49.50
BFIN,$12.19,1441210824552,"15,057",Not yet rated,NULL,$13
BWFG,$18.23,1441210824585,"1,763",100% bearish,of 1 rating,N/A
BANR,$42.94,1441210824682,"3,445",100% bullish,of 3 ratings,$50
TAPR,$33.5299,1441210824707,"1,331",100% bearish,of 1 rating,N/A
BHAC,NULL,1441210824762,0,Not yet rated,NULL,N/A
BZUN,$4.9028,1441210824789,"15,679",50% bullish,of 2 ratings,$11.50
BHACU,NULL,1441210824841,0,Not yet rated,NULL,N/A
BHACR,NULL,1441210824986,0,Not yet rated,NULL,N/A
BHACW,NULL,1441210825018,0,Not yet rated,NULL,N/A
BYBK,$4.96,1441210825046,100,100% bearish,of 1 rating,N/A
BBSI,$34.088,1441210825068,"5,960",67% bearish,of 3 ratings,$62.50
BSET,$28.41,1441210825099,"20,402",100% bearish,of 1 rating,$35
BV,$4.92,1441210825132,"374,686",67% bullish,of 6 ratings,$8.75
BBCN,$13.935,1441210825230,"55,864",100% bearish,of 1 rating,$16
BYLK,$13.01,1441210825331,"2,816",Not yet rated,NULL,$14
BCBP,$11.67,1441210825386,200,Not yet rated,NULL,N/A
BECN,$35.61,1441210825418,"38,973",50% bullish,of 2 ratings,$40
BDCV,$4.9,1441210825443,6,100% bearish,of 1 rating,$10.19
BEBE,$1.29,1441210825571,"156,198",75% bullish,of 4 ratings,$2.125
BBGI,NULL,1441210825600,0,100% bearish,of 1 rating,N/A
BSF,$8.43,1441210825630,"2,307",Not yet rated,NULL,N/A
BBBY,$61.51,1441210825700,"414,784",71% bullish,of 7 ratings,$75
BLPH,$3.94,1441210825728,"15,152",100% bearish,of 1 rating,$12.50
BELFB,$18.33,1441210825762,"4,078",100% bearish,of 1 rating,N/A
BLCM,$16.28,1441210825787,"31,175",50% bullish,of 4 ratings,$40
BELFA,$14.66,1441210825819,7,100% bearish,of 1 rating,N/A
BNCL,$12.33,1441210825892,"112,277",100% bullish,of 3 ratings,$12.50
BNFT,$35.75,1441210825919,"37,770",67% bullish,of 3 ratings,$46
BNTC,$7.7499,1441210826094,"1,640",100% bullish,of 1 rating,N/A
BGMD,$0.655,1441210826168,"61,543",100% bullish,of 10 ratings,N/A
BGCP,$8.71,1441210826248,"133,255",88% bullish,of 8 ratings,$14
BIND,$4.78,1441210826323,"76,308",75% bullish,of 4 ratings,$13.50
BGFV,$11.25,1441210826383,"23,635",57% bullish,of 7 ratings,$12
BASI,$1.62,1441210826409,"6,400",Not yet rated,NULL,N/A
BIOC,$1.92,1441210826430,"31,577",83% bullish,of 6 ratings,$3.85
ORPN,$5.84,1441210826458,"1,140",100% bullish,of 1 rating,$28.50
BCDA,NULL,1441210826626,0,Not yet rated,NULL,N/A
BIOD,$0.6999,1441210826683,"60,328",80% bullish,of 5 ratings,$4
BDSI,$6.225,1441210827032,"472,603",88% bullish,of 8 ratings,$17
BIOL,$1.55,1441210828264,"9,626",Not yet rated,NULL,N/A
BCRX,$11.27,1441210828351,"114,453",63% bullish,of 8 ratings,$18
BIIB,$299.15,1441210828397,"364,052",88% bullish,of 16 ratings,$400
BLFS,$2.2801,1441210828588,"151,259",100% bearish,of 1 rating,$4.75
BLRX,$1.5614,1441210830026,"105,293",100% bullish,of 12 ratings,$5
BMRN,$126.27,1441210830127,"91,456",80% bullish,of 5 ratings,$160
BRLI,NULL,1441210830159,0,NULL,NULL,NULL
BVXVW,$0.85,1441210830181,"77,145",100% bearish,of 1 rating,N/A
BVXV,$4.29,1441210830206,"1,507,844",Not yet rated,NULL,N/A
BBC,$31.3905,1441210830256,"2,172",Not yet rated,NULL,N/A
BIOS,$2.35,1441210830282,"168,512",71% bullish,of 7 ratings,$4
BBP,$32.2,1441210830341,"4,630",Not yet rated,NULL,N/A
BPTH,$1.17,1441210830366,"111,137",100% bullish,of 2 ratings,$5
BSTC,$50.34,1441210830506,"13,748",100% bearish,of 1 rating,$76
BOTA,$2.1615,1441210830554,"1,920",88% bullish,of 8 ratings,N/A
BSPM,$0.64,1441210830575,"7,566",50% bullish,of 2 ratings,N/A
TECH,$92.17,1441210830597,"36,514",100% bullish,of 1 rating,$117
BITI,$16.58,1441210830640,"4,402",100% bullish,of 1 rating,$28
BEAT,$15.25,1441210830661,"291,272",67% bearish,of 3 ratings,$15
BDMS,$12.89,1441210830689,350,100% bearish,of 1 rating,N/A
BJRI,$42.95,1441210830895,"43,657",50% bullish,of 2 ratings,$55
BBRY,$7.294,1441210831036,"939,818",61% bullish,of 330 ratings,$9
ADRD,$21.55,1441210831110,"1,844",100% bearish,of 1 rating,N/A
BLKB,$55.61,1441210831141,"15,221",100% bearish,of 2 ratings,$66
HAWK,$38.16,1441210831163,"67,557",91% bullish,of 11 ratings,$49
BKCC,$9.21,1441210831195,"84,584",50% bullish,of 2 ratings,$10
BBOX,$14.81,1441210831226,"9,958",100% bearish,of 1 rating,N/A
ADRA,$26.41,1441210831248,"1,935",100% bearish,of 1 rating,N/A
BDE,$7.28,1441210831295,"43,936",50% bullish,of 2 ratings,$9
BCOR,$13.27,1441210831386,"34,837",57% bullish,of 7 ratings,$15
ADRU,$21.47,1441210831438,12,100% bearish,of 1 rating,N/A
ADRE,$28.8822,1441210831483,"2,941",100% bearish,of 1 rating,N/A
BLMN,$20.4851,1441210831523,"220,806",83% bullish,of 6 ratings,$27.50
BLBD,$11.975,1441210831584,"9,000",Not yet rated,NULL,N/A
BUFF,$24,1441210831693,"102,000",83% bullish,of 12 ratings,$31.50
BBLU,$0.8024,1441210831747,"53,719",100% bullish,of 2 ratings,$4.43
NILE,$33.34,1441210831845,"55,872",50% bullish,of 2 ratings,$34
BLUE,$129,1441210831879,"89,034",71% bullish,of 7 ratings,$217.50
BKEPP,$7.59,1441210831906,24,100% bearish,of 1 rating,N/A
BHBK,$13.86,1441210831931,"14,457",100% bullish,of 1 rating,$14.50
BNCN,$20.6,1441210832076,"23,445",Not yet rated,NULL,$24
BOBE,$47.995,1441210832167,"360,055",75% bullish,of 4 ratings,$57
BPMC,$27.71,1441210832221,"15,154",50% bullish,of 2 ratings,$47.50
BKEP,$6.205,1441210832253,"18,342",100% bearish,of 1 rating,$8.50
BOJA,$20.39,1441210832277,"37,266",100% bullish,of 1 rating,$30
BOFI,$106.53,1441210832306,"180,112",100% bullish,of 6 ratings,$144
BOKF,$60.6,1441210832334,"49,812",100% bearish,of 1 rating,$69
WIFI,$7.39,1441210832367,"32,164",50% bullish,of 2 ratings,$13.50
BONA,$11.2801,1441210832470,"18,217",75% bullish,of 4 ratings,$8.50
BAMM,$3.19,1441210832515,"1,975",60% bullish,of 5 ratings,N/A
BPFH,$11.45,1441210832650,"89,812",100% bearish,of 1 rating,$14
BPFHP,$25,1441210832681,"8,935",100% bearish,of 1 rating,N/A
BNSO,$1.2788,1441210832747,100,100% bearish,of 1 rating,N/A
BPFHW,NULL,1441210832777,0,100% bearish,of 1 rating,N/A
EPAY,$26.14,1441210832809,"40,260",100% bearish,of 2 ratings,$30
BCLI,$3.06,1441210832852,"32,505",80% bullish,of 5 ratings,$12
BDBD,$8.31,1441210832944,"87,815",60% bullish,of 5 ratings,$10
BBEPP,$14.28,1441210833044,"11,063",100% bearish,of 1 rating,N/A
BBEP,$2.69,1441210833070,"495,280",69% bullish,of 13 ratings,$5.625
BBRG,$12.37,1441210833097,"6,781",67% bullish,of 3 ratings,$14.50
BDGE,$26.2,1441210833127,"2,832",Not yet rated,NULL,$31.75
BRID,$8.4,1441210833226,"1,115",100% bearish,of 1 rating,N/A
BCOV,$5.15,1441210833298,"22,338",67% bullish,of 3 ratings,$10.20
BLIN,$1.303,1441210833326,"5,021",100% bullish,of 2 ratings,$2.20
BRCM,$49.94,1441210833403,"702,409",69% bullish,of 13 ratings,$56
BVSN,$6.0499,1441210833461,166,60% bearish,of 5 ratings,N/A
BYFC,NULL,1441210833486,0,50% bullish,of 2 ratings,N/A
BWEN,$3.1,1441210833538,"8,138",75% bullish,of 4 ratings,$8
BSFT,$31.14,1441210833645,"34,602",57% bullish,of 7 ratings,$40.50
BRKS,$10.1,1441210833699,"22,667",67% bullish,of 3 ratings,$15.25
BRKL,$10.055,1441210833750,"138,204",100% bearish,of 1 rating,$10.75
BRKR,$17.771,1441210833783,"92,701",100% bearish,of 2 ratings,$22
BRCD,$10.04,1441210833826,"789,341",92% bullish,of 13 ratings,$12
BMTC,$28.83,1441210833882,"10,232",Not yet rated,NULL,$34
BSQR,$6.13,1441210833922,"14,708",67% bullish,of 3 ratings,N/A
BLMT,$20.84,1441210834015,454,Not yet rated,NULL,N/A
BWLD,$191.06,1441210834048,"75,684",82% bullish,of 11 ratings,$205
BLDR,$14.845,1441210834147,"147,512",67% bullish,of 3 ratings,$22
CFFI,$35.59,1441210834176,200,100% bearish,of 1 rating,N/A
BUR,NULL,1441210834201,0,100% bearish,of 1 rating,$8
CCMP,$42.25,1441210834364,"8,641",50% bullish,of 2 ratings,$59
CA,$26.69,1441210834400,"554,458",50% bullish,of 4 ratings,$33
CDNS,$19.57,1441210834500,"400,030",75% bullish,of 4 ratings,$22.50
CHRW,$67.36,1441210834526,"411,860",Not yet rated,NULL,$72
CDZI,$7.83,1441210834556,"7,456",100% bearish,of 1 rating,N/A
CZR,$8.76,1441210834577,"196,193",60% bearish,of 5 ratings,$10.50
CACQ,$7.22,1441210834615,"3,271",100% bearish,of 1 rating,$12.25
CLBS,$1.61,1441210834714,"87,767",79% bullish,of 14 ratings,$4
CSTE,$38.12,1441210834735,"161,224",50% bullish,of 2 ratings,$65
PRSS,$4.52,1441210834772,"5,222",80% bullish,of 5 ratings,$4.50
CHY,$11.28,1441210834981,"117,047",Not yet rated,NULL,N/A
CLMS,$9.853,1441210835013,"19,733",Not yet rated,NULL,$10.50
CHI,$10.41,1441210835047,"100,463",100% bearish,of 1 rating,N/A
CHW,$7.36,1441210835118,"93,418",100% bearish,of 1 rating,N/A
CCD,$19.1399,1441210835149,"33,809",Not yet rated,NULL,N/A
CFGE,$10.33,1441210835170,"2,400",Not yet rated,NULL,N/A
CSQ,$9.7105,1441210835244,"100,772",Not yet rated,NULL,N/A
CAMP,$15.96,1441210835334,"58,956",88% bullish,of 8 ratings,$25
CGO,$11.98,1441210835370,"6,391",100% bearish,of 1 rating,N/A
CVGW,$56.96,1441210835391,"32,921",50% bullish,of 2 ratings,$62
CFNB,$13.3,1441210835431,200,100% bearish,of 1 rating,N/A
CALA,$5.6,1441210835461,"132,021",67% bullish,of 3 ratings,$19.50
CALM,$51.02,1441210835526,"204,371",80% bullish,of 5 ratings,$63.50
CALD,$15.55,1441210835559,"82,347",100% bearish,of 1 rating,$21
CLMT,$24.78,1441210835654,"117,791",75% bullish,of 8 ratings,$31
ABCD,$5,1441210835680,"29,713",83% bullish,of 6 ratings,N/A
CAMB,$10.05,1441210835862,400,Not yet rated,NULL,N/A
CAC,$40.35,1441210835995,"1,082",Not yet rated,NULL,N/A
CAMBU,NULL,1441210836034,0,100% bearish,of 1 rating,N/A
CAMT,$2.56,1441210836055,"12,933",73% bullish,of 11 ratings,$4
CSIQ,$17.86,1441210836130,"394,000",86% bullish,of 28 ratings,$42.50
CPHC,$10.28,1441210836162,100,100% bearish,of 1 rating,N/A
CGIX,$9.785,1441210836184,"5,952",67% bullish,of 3 ratings,$14.375
CAMBW,$0.15,1441210836266,200,Not yet rated,NULL,N/A
CPLA,$48.33,1441210836319,"18,645",67% bearish,of 3 ratings,$65
CBNJ,$11.02,1441210836367,"8,762",100% bearish,of 1 rating,N/A
CBF,$30.02,1441210836393,"12,056",Not yet rated,NULL,$32
CCBG,$15.115,1441210836418,"5,614",Not yet rated,NULL,$17.25
CPLP,$7.0901,1441210836667,"72,595",71% bullish,of 7 ratings,$11
CSWC,$45.07,1441210836799,"8,223",Not yet rated,NULL,N/A
CPTA,$13.71,1441210836990,"9,498",100% bearish,of 1 rating,$18.50
CFFN,$11.75,1441210837132,"194,000",Not yet rated,NULL,$12.75
CAPNW,$0.6789,1441210837182,100,Not yet rated,NULL,N/A
CAPN,$2.1775,1441210837207,"46,353",100% bullish,of 1 rating,$10.85
CARA,$18.94,1441210837233,"55,026",50% bullish,of 4 ratings,$25
CARB,$11.07,1441210837262,"9,602",75% bullish,of 4 ratings,$12
CPST,$0.3818,1441210837288,"158,552",95% bullish,of 22 ratings,$1.25
CAPR,$4.6799,1441210837362,"8,725",Not yet rated,NULL,$12
CBYL,$4.735,1441210837674,"28,775",100% bearish,of 1 rating,$20
CRDC,$0.3001,1441210837817,"71,149",100% bullish,of 1 rating,$1.25
CSII,$23.1,1441210838154,"30,523",100% bearish,of 2 ratings,$42.125
CATM,$33.78,1441210838323,"51,236",100% bearish,of 1 rating,$44
CFNL,$21.75,1441210838351,"15,555",Not yet rated,NULL,$24
CRME,$9.118,1441210838372,"6,139",89% bullish,of 9 ratings,$11.25
CDNA,NULL,1441210839664,0,100% bearish,of 1 rating,$9
CTRE,$10.9699,1441210841300,"107,704",50% bullish,of 2 ratings,$13.50
CECO,$3.6499,1441210841326,"51,499",67% bearish,of 3 ratings,$6
CLBH,$12.7,1441210841693,300,Not yet rated,NULL,$16.50
CKEC,$22.81,1441210841724,"24,112",50% bullish,of 2 ratings,$35.915
CARO,NULL,1441210841791,0,100% bearish,of 1 rating,$19
CART,$5.3,1441210841819,"1,000",100% bearish,of 1 rating,N/A
TAST,$12.79,1441210841875,"40,774",Not yet rated,NULL,$14.25
CRZO,$33.025,1441210842007,"236,410",67% bearish,of 3 ratings,$54.50
CRTN,$2.5,1441210842047,402,100% bearish,of 1 rating,N/A
CARV,NULL,1441210842078,0,50% bullish,of 2 ratings,N/A
CACB,$5.3,1441210842178,"7,279",Not yet rated,NULL,$5.50
CASM,$1.18,1441210842234,"2,682",100% bullish,of 1 rating,$3.50
CSCD,$14.9499,1441210842341,"2,539",100% bullish,of 2 ratings,$17
CASY,$104.19,1441210842368,"67,102",50% bullish,of 2 ratings,$99.50
CASI,$1.4228,1441210842396,"2,000",100% bullish,of 1 rating,$3.50
CWST,$6.15,1441210842417,"14,399",50% bullish,of 2 ratings,$7.25
CASS,$47.23,1441210842580,"1,497",100% bearish,of 1 rating,N/A
CATB,$11.16,1441210842677,"2,900",100% bearish,of 1 rating,$28
CPRX,$3.6345,1441210842707,"82,776",71% bullish,of 7 ratings,$7
CATY,$28.39,1441210842736,"103,827",100% bearish,of 1 rating,$33.50
CVCO,$71.06,1441210842763,"6,634",100% bearish,of 1 rating,N/A
CAVM,$65.28,1441210842786,"59,270",67% bearish,of 3 ratings,$72
CATYW,NULL,1441210842819,0,100% bearish,of 1 rating,N/A
CNLM,$9.92,1441210842922,100,Not yet rated,NULL,N/A
CBFV,$20.5601,1441210842993,407,Not yet rated,NULL,$25
CNLMR,NULL,1441210843122,0,Not yet rated,NULL,N/A
CNLMW,NULL,1441210843147,0,Not yet rated,NULL,N/A
CNLMU,NULL,1441210843172,0,100% bullish,of 1 rating,N/A
CDK,$47.73,1441210843331,"111,612",67% bearish,of 3 ratings,$50
CECE,$9.63,1441210843436,"25,090",50% bullish,of 2 ratings,$16
CDW,$38.18,1441210843470,"150,550",75% bullish,of 4 ratings,$44
CELGZ,$1.84,1441210843503,"1,510",80% bullish,of 5 ratings,N/A
CELG,$116.7799,1441210843524,"1,269,739",92% bullish,of 13 ratings,$156
CPXX,$2.14,1441210843545,"80,757",100% bullish,of 2 ratings,$7
CBOE,$63.2,1441210843588,"165,584",Not yet rated,NULL,$60
CLDN,$1.1402,1441210843610,"12,845",71% bullish,of 7 ratings,$3
CLDX,$14.36,1441210843699,"235,539",89% bullish,of 9 ratings,$36
CLRB,$3.0441,1441210843741,500,100% bearish,of 1 rating,N/A
CLRBW,$0.9201,1441210843804,"1,000",Not yet rated,NULL,N/A
CLLS,$31.85,1441210843935,"25,134",75% bullish,of 4 ratings,$51.50
CBMG,$22.85,1441210843963,"25,253",50% bullish,of 2 ratings,N/A
CYAD,$48,1441210844274,"2,917",100% bullish,of 1 rating,$87.50
CLSN,$2.0301,1441210844312,"7,170",80% bullish,of 10 ratings,$7.50
CEMP,$33.89,1441210844333,"114,626",71% bullish,of 7 ratings,$52
CSFL,$13.56,1441210844355,"26,440",Not yet rated,NULL,$15
CLTX,$2.0804,1441210844393,"97,548",100% bullish,of 2 ratings,N/A
CETX,$2.396,1441210844415,"3,962",Not yet rated,NULL,$5.60
CFBK,NULL,1441210844448,0,Not yet rated,NULL,N/A
CETV,$2.05,1441210844469,"8,693",67% bullish,of 3 ratings,$2.80
CENT,$12.8899,1441210844609,"44,782",Not yet rated,NULL,$10
CENTA,$13.2,1441210844635,"49,550",Not yet rated,NULL,N/A
CVCY,$11.7,1441210844707,800,Not yet rated,NULL,$12
CENX,$5.07,1441210844736,"704,144",67% bullish,of 6 ratings,$9
CNBKA,$41.35,1441210844839,1,50% bullish,of 2 ratings,N/A
CRNT,$1.41,1441210844884,"47,022",50% bullish,of 2 ratings,$2
CNTY,$5.95,1441210844986,"6,892",80% bullish,of 5 ratings,$7.75
CPHD,$47.32,1441210845015,"91,906",67% bearish,of 3 ratings,$66.50
CERN,$60.19,1441210845041,"340,338",67% bullish,of 3 ratings,$79
CERU,$4.2247,1441210845075,"16,525",75% bullish,of 4 ratings,$14
CERE,$1.065,1441210845210,"117,408",88% bullish,of 8 ratings,N/A
KOOL,$0.6778,1441210845237,"16,493",100% bullish,of 5 ratings,$7
CYOU,$19.04,1441210845370,"42,956",50% bullish,of 6 ratings,$24
CEVA,$18.78,1441210845440,"7,086",100% bearish,of 1 rating,$25
HOTR,$1.43,1441210845477,"44,887",100% bullish,of 2 ratings,$5
CERS,$4.74,1441210845499,"100,618",75% bullish,of 4 ratings,$7
HOTRW,NULL,1441210845575,0,Not yet rated,NULL,N/A
CTHR,$1.3,1441210845606,371,50% bullish,of 2 ratings,$2.50
CHTR,$177.79,1441210845678,"176,661",100% bearish,of 2 ratings,$202
CHFN,$12.38,1441210845708,"9,575",Not yet rated,NULL,$14
GTLS,$22.69,1441210845735,"156,936",50% bullish,of 4 ratings,$40
CHKP,$77.84,1441210845779,"413,245",50% bullish,of 4 ratings,$92
CHEKW,$0.74,1441210845917,115,Not yet rated,NULL,N/A
CHFC,$30.585,1441210845952,"9,184",100% bearish,of 1 rating,$36
CEMI,$4.14,1441210845995,"8,147",50% bullish,of 2 ratings,$7.50
CHEK,$2.3572,1441210846051,"3,681",Not yet rated,NULL,$7.75
CCXI,$6.53,1441210846098,"8,555",67% bullish,of 3 ratings,$14
CHMG,$26.5,1441210846181,200,Not yet rated,NULL,$30
CHKE,$25.68,1441210846278,"17,613",100% bearish,of 1 rating,$32.50
CHMA,$27.02,1441210846360,"55,660",Not yet rated,NULL,$40
CHEV,$14.5755,1441210846413,898,Not yet rated,NULL,N/A
CMRX,$48.78,1441210846447,"56,070",50% bullish,of 2 ratings,$57
CBNK,NULL,1441210846473,0,100% bearish,of 1 rating,N/A
CALI,$0.8461,1441210846544,"22,235",67% bullish,of 3 ratings,N/A
PLCE,$58.99,1441210846572,"48,091",100% bearish,of 1 rating,$69
CADC,$2.96,1441210846606,100,78% bullish,of 9 ratings,N/A
CAAS,$6.05,1441210846701,"4,783",93% bullish,of 14 ratings,$11.50
CBAK,$1.8258,1441210846737,"14,115",67% bullish,of 9 ratings,N/A
CCCL,NULL,1441210846867,0,100% bullish,of 6 ratings,N/A
CCCR,NULL,1441210846892,0,67% bearish,of 3 ratings,N/A
CBPO,$93.75,1441210846918,"38,551",75% bullish,of 8 ratings,$140.50
JRJC,$3.38,1441210847049,"74,982",82% bullish,of 11 ratings,N/A
HGSH,$1.73,1441210847078,"6,003",67% bullish,of 3 ratings,N/A
CHLN,$1.95,1441210847103,210,67% bullish,of 3 ratings,N/A
CHOP,$1.1,1441210847128,10,50% bullish,of 2 ratings,N/A
HTHT,$25.5,1441210847286,"42,109",50% bullish,of 2 ratings,$28.40
CNIT,$1.2799,1441210847349,"6,276",67% bullish,of 6 ratings,N/A
CJJD,$1.82,1441210847371,"2,978",100% bullish,of 1 rating,N/A
CHNR,$1.6199,1441210847416,585,100% bearish,of 1 rating,N/A
CREG,$0.66,1441210847448,500,100% bullish,of 3 ratings,N/A
CPGI,NULL,1441210847623,0,Not yet rated,NULL,N/A
CNTF,$0.8001,1441210847696,"19,022",Not yet rated,NULL,N/A
CSUN,$1.42,1441210847755,"4,326",80% bullish,of 5 ratings,N/A
CXDC,$5.92,1441210847881,"6,117",67% bearish,of 3 ratings,N/A
CNYD,$3.01,1441210847948,210,67% bullish,of 3 ratings,N/A
CNET,$0.8326,1441210847984,"5,541",50% bullish,of 2 ratings,N/A
CCIH,$7.17,1441210848116,"21,573",67% bullish,of 6 ratings,$12.65
CHSCL,$27.1497,1441210848152,"8,333",Not yet rated,NULL,N/A
CHSCM,$26.3015,1441210848252,"7,882",Not yet rated,NULL,N/A
IMOS,$18.64,1441210848282,"100,596",60% bullish,of 5 ratings,$21.50
CHSCP,$30.4201,1441210848356,"1,500",Not yet rated,NULL,N/A
CHSCN,$26.92,1441210848385,"9,258",Not yet rated,NULL,N/A
CHSCO,$28.24,1441210848491,"1,082",Not yet rated,NULL,N/A
CHDN,$133.02,1441210848557,"8,206",Not yet rated,NULL,$165
CDTX,$14.2,1441210849340,"3,401",Not yet rated,NULL,$22
CHUY,$31.9802,1441210849518,"53,624",50% bullish,of 2 ratings,$34
CMCT,$15.5,1441210849820,225,100% bearish,of 1 rating,N/A
CIFC,$7.25,1441210849999,203,100% bearish,of 1 rating,N/A
CMPR,$67.55,1441210850384,"60,874",50% bullish,of 2 ratings,$72.50
CINF,$51.491,1441210851174,"146,517",50% bullish,of 4 ratings,$50.50
CIDM,$0.5464,1441210851571,"8,306",50% bullish,of 2 ratings,$2.10
CTAS,$83.95,1441210852172,"81,803",100% bearish,of 1 rating,$91
CPHR,$5.23,1441210852435,"5,740",100% bearish,of 1 rating,$17
CRUS,$29.1199,1441210852639,"170,064",75% bullish,of 12 ratings,$44.50
CSCO,$25.125,1441210852776,"6,642,123",83% bullish,of 210 ratings,$32
CZNC,$19.6014,1441210852877,"1,106",Not yet rated,NULL,N/A
CZWI,$8.95,1441210852919,307,Not yet rated,NULL,N/A
CZFC,NULL,1441210852952,0,Not yet rated,NULL,N/A
CIZN,$19.62,1441210852979,100,Not yet rated,NULL,N/A
CTRN,$26.16,1441210853000,"10,961",100% bearish,of 1 rating,$31.50
CHCO,$46.77,1441210853052,"4,992",Not yet rated,NULL,$46
CTXS,$65.41,1441210853147,"334,338",86% bullish,of 7 ratings,$80
CIVB,NULL,1441210853183,0,Not yet rated,NULL,$11
CIVBP,NULL,1441210853256,0,Not yet rated,NULL,N/A
CDTI,$1.5361,1441210853285,"19,041",75% bullish,of 4 ratings,$3.20
CLNE,$4.9649,1441210853307,"266,543",80% bullish,of 15 ratings,$9
CLNT,$1.48,1441210853358,"7,426",75% bullish,of 8 ratings,N/A
CLFD,$16.9001,1441210853530,"14,941",67% bullish,of 3 ratings,$18
CLVS,$79.46,1441210853996,"78,100",60% bullish,of 5 ratings,$101.50
CBLI,$4.45,1441210854027,"197,838",60% bullish,of 5 ratings,N/A
CSBK,$13.81,1441210854050,"6,954",Not yet rated,NULL,N/A
CLRO,$11.07,1441210854075,"3,908",50% bullish,of 2 ratings,$14.25
CLIR,$4.83,1441210854106,"9,580",100% bullish,of 3 ratings,N/A
CMFN,$11.2,1441210854136,"5,427",100% bearish,of 1 rating,$15.50
CME,$91.85,1441210854250,"314,982",67% bullish,of 3 ratings,$102
CCNE,$17.05,1441210854281,"3,172",50% bullish,of 2 ratings,$21.50
CISG,$7.84,1441210854387,"10,536",100% bullish,of 5 ratings,$10
CNV,$4.38,1441210854419,"2,710",50% bullish,of 2 ratings,$7.15
COBZ,$12.53,1441210854446,"13,197",100% bullish,of 1 rating,$14
COKE,$153.3801,1441210854471,"4,620",79% bullish,of 19 ratings,N/A
CWAY,$11.09,1441210854505,369,Not yet rated,NULL,N/A
CDRB,$10.2487,1441210854575,"8,178",67% bullish,of 3 ratings,N/A
CDXS,$3.61,1441210854682,"2,500",64% bullish,of 11 ratings,$6
CCOI,$27.04,1441210854748,"78,944",50% bullish,of 4 ratings,$35
JVA,$4.66,1441210854824,"3,532",83% bullish,of 6 ratings,$7
CVLY,NULL,1441210854884,0,Not yet rated,NULL,N/A
CGNT,$1.54,1441210854958,"4,800",100% bullish,of 2 ratings,$2
CGNX,$34.46,1441210854981,"89,109",50% bullish,of 2 ratings,$47
COHU,$9.37,1441210855012,"11,632",100% bearish,of 1 rating,$14.25
CTSH,$60.97,1441210855045,"833,715",90% bullish,of 10 ratings,$75
COHR,$55.2,1441210855067,"22,455",50% bullish,of 2 ratings,$72
CHRS,$27.07,1441210855100,"11,792",67% bearish,of 3 ratings,$37
CLCT,$17.12,1441210855144,"12,215",100% bearish,of 1 rating,N/A
CLRX,$0.6301,1441210855279,"83,907",50% bullish,of 2 ratings,N/A
COLL,$14,1441210855304,"56,008",100% bearish,of 1 rating,$26
CIGI,$44.77,1441210855350,"24,250",100% bearish,of 1 rating,$52
CBAN,$8.8,1441210855375,201,Not yet rated,NULL,N/A
CLCD,$5.97,1441210855581,"28,873",100% bearish,of 1 rating,$20.50
CBMX,$1.13,1441210855655,"5,664",83% bullish,of 6 ratings,$3.15
COLB,$28.945,1441210855692,"22,390",Not yet rated,NULL,$36
COLM,$59.19,1441210855713,"24,886",100% bearish,of 1 rating,$71
CBSHP,$25.3927,1441210855734,"1,100",100% bearish,of 1 rating,N/A
CMCO,$18.68,1441210855775,"21,121",60% bullish,of 5 ratings,$28
CMCSA,$55.51,1441210855802,"4,217,788",66% bullish,of 35 ratings,$69.50
CMCSK,$56.57,1441210855823,"842,056",Not yet rated,NULL,$84
CBSH,$42.88,1441210856047,"69,952",50% bullish,of 2 ratings,$46
CUBN,$13.5,1441210856072,"1,368",Not yet rated,NULL,N/A
COMM,$31.65,1441210856098,"448,390",67% bearish,of 3 ratings,$35
CVGI,$4.94,1441210856297,"17,921",50% bullish,of 2 ratings,$6
CYHHZ,$0.0101,1441210856349,"16,241",100% bullish,of 1 rating,N/A
ESXB,$5.09,1441210856379,101,Not yet rated,NULL,N/A
JCS,$9.24,1441210856400,300,67% bullish,of 3 ratings,N/A
CWBC,$6.9,1441210856435,"21,362",Not yet rated,NULL,N/A
CSAL,$20.295,1441210856457,"169,225",75% bullish,of 4 ratings,$30
CVLT,$34.995,1441210856484,"73,047",75% bullish,of 4 ratings,$44.50
COB,$10.39,1441210856517,"1,567",100% bullish,of 1 rating,$11.75
CIZ,NULL,1441210856671,0,100% bearish,of 1 rating,N/A
CID,NULL,1441210856705,0,Not yet rated,NULL,N/A
CIL,NULL,1441210856730,0,Not yet rated,NULL,N/A
CTBI,$34.48,1441210856805,"6,328",Not yet rated,NULL,$36
CSA,NULL,1441210856829,0,Not yet rated,NULL,N/A
CFO,$34.54,1441210857018,"1,599",100% bearish,of 1 rating,N/A
CDC,$33.75,1441210857073,"5,400",Not yet rated,NULL,N/A
CSF,NULL,1441210857094,0,100% bearish,of 1 rating,N/A
CDL,$33.53,1441210857125,70,Not yet rated,NULL,N/A
CFA,NULL,1441210857164,0,100% bearish,of 1 rating,N/A
CSB,$32.83,1441210857258,72,Not yet rated,NULL,N/A
CPSI,$45.4,1441210857285,"22,300",100% bearish,of 1 rating,$45.50
CGEN,$5.01,1441210857306,"12,020",50% bullish,of 2 ratings,$11
CTG,$6.62,1441210857348,"6,901",100% bearish,of 1 rating,$8.50
CHCI,$0.67,1441210857439,400,50% bullish,of 2 ratings,N/A
SCOR,$43.485,1441210857466,"408,635",100% bearish,of 1 rating,$66
CNSI,$18.01,1441210857512,"19,954",100% bearish,of 2 ratings,$29
CNCE,$16.12,1441210857668,"26,811",75% bullish,of 4 ratings,$22
CNAT,$3.88,1441210857717,"56,698",83% bullish,of 6 ratings,$13
CMTL,$25.75,1441210857752,"14,666",100% bearish,of 2 ratings,$37
CXRX,$77.55,1441210857802,406,100% bearish,of 1 rating,$90
CDOR,$1.29,1441210857848,200,100% bullish,of 1 rating,N/A
CDORO,$19,1441210857879,160,100% bearish,of 1 rating,N/A
CFMS,$14.829,1441210857937,"120,240",100% bearish,of 1 rating,$26.50
CCUR,$5.173,1441210857965,"9,051",75% bullish,of 4 ratings,N/A
CDORP,NULL,1441210857993,0,100% bearish,of 1 rating,N/A
CNMD,$50.52,1441210858131,"112,656",Not yet rated,NULL,$59
CNFR,$9.96,1441210858160,554,Not yet rated,NULL,N/A
CTWS,$34.88,1441210858190,"4,436",100% bearish,of 1 rating,$44
CNOB,$18.8,1441210858228,"3,585",100% bullish,of 1 rating,$23.50
CNXR,$7.14,1441210858292,"26,844",100% bearish,of 1 rating,$12
CNSL,$19.31,1441210858430,"43,293",100% bearish,of 1 rating,$23
CWCO,$10.31,1441210858487,"21,222",67% bullish,of 3 ratings,$14.50
CONN,$27.705,1441210858533,"123,345",67% bullish,of 3 ratings,$48.50
CTCT,$24.04,1441210858558,"44,748",67% bullish,of 3 ratings,$37
CPSS,$5.53,1441210858594,"4,558",100% bullish,of 1 rating,$10
CFRX,$4.78,1441210858621,"2,623",Not yet rated,NULL,$14
CFRXW,NULL,1441210858687,0,100% bearish,of 1 rating,N/A
CFRXZ,$0.4,1441210858716,"1,000",Not yet rated,NULL,N/A
CTRV,$3.77,1441210858817,"4,613",Not yet rated,NULL,$6.40
CPRT,$34.545,1441210858904,"87,268",67% bearish,of 3 ratings,$40
CRBP,$1.8664,1441210858952,"64,881",100% bullish,of 2 ratings,$6.25
CTRL,$8.21,1441210859047,"18,871",50% bullish,of 2 ratings,$11
CORT,$5,1441210859078,"81,379",67% bullish,of 3 ratings,$12
BVA,NULL,1441210859103,0,50% bullish,of 2 ratings,N/A
CORE,$59.88,1441210859179,"27,111",100% bearish,of 1 rating,$72
CORI,$10.63,1441210859240,"14,333",100% bearish,of 1 rating,$18
CSOD,$35.565,1441210859279,"82,716",50% bullish,of 2 ratings,$42
CRVL,$31.06,1441210859376,"3,465",100% bearish,of 1 rating,N/A
COST,$138.91,1441210859405,"401,106",79% bullish,of 24 ratings,$154.50
CSGP,$171.47,1441210859426,"44,984",50% bullish,of 2 ratings,$235
COSI,$1.08,1441210859463,"17,301",100% bullish,of 1 rating,N/A
CVTI,$22.47,1441210859574,"38,780",67% bearish,of 3 ratings,$39
ICBK,NULL,1441210859604,0,Not yet rated,NULL,$21
CPAH,NULL,1441210859629,0,50% bullish,of 2 ratings,N/A
COVS,$2.53,1441210859795,"21,062",67% bullish,of 3 ratings,N/A
COWNL,$26.447,1441210859840,"1,500",Not yet rated,NULL,N/A
COWN,$5.05,1441210859870,"163,161",75% bullish,of 4 ratings,$7
CPSH,$2.36,1441210859907,"3,900",Not yet rated,NULL,N/A
CBRL,$144.8,1441210860006,"49,494",50% bullish,of 2 ratings,$155
BREW,$7.5672,1441210860033,"3,953",67% bullish,of 6 ratings,$15
CRAI,$23.43,1441210860056,"10,410",100% bearish,of 1 rating,$36
CRAY,$20.57,1441210860189,"46,423",83% bullish,of 6 ratings,$38.50
CACC,$199.45,1441210860230,"30,561",50% bullish,of 2 ratings,$158.50
GLDI,$11.0201,1441210860258,300,100% bearish,of 1 rating,N/A
CREE,$26.27,1441210860320,"228,456",65% bullish,of 17 ratings,$29.50
SLVO,$10.0896,1441210860349,833,100% bearish,of 1 rating,N/A
CRESY,$10.17,1441210860371,"7,929",100% bearish,of 1 rating,$19
CRTO,$37.625,1441210860505,"206,706",67% bullish,of 6 ratings,$64
CCRN,$13.88,1441210860560,"48,893",100% bearish,of 1 rating,$14.25
CROX,$14,1441210860641,"114,470",63% bullish,of 8 ratings,$16.50
CRWN,$4.9,1441210860694,"96,750",75% bullish,of 4 ratings,N/A
CYRX,$2.95,1441210860720,113,Not yet rated,NULL,$9
CRWS,$7.99,1441210860742,"4,400",Not yet rated,NULL,$10
CRDS,$0.95,1441210860774,"41,150",75% bullish,of 4 ratings,$4.50
CSGS,$30.06,1441210860932,"29,315",Not yet rated,NULL,$40
CCLP,$14.29,1441210860965,"27,823",67% bearish,of 3 ratings,$20
CYRXW,$0.74,1441210860994,"6,600",Not yet rated,NULL,N/A
CSPI,$5.8,1441210861066,899,67% bullish,of 3 ratings,N/A
CTCM,$1.674,1441210861097,"19,915",80% bearish,of 5 ratings,$3.90
CTIC,$1.56,1441210861161,"185,879",84% bullish,of 76 ratings,$5.75
CTIB,NULL,1441210861194,0,100% bearish,of 1 rating,N/A
CTRP,$64.42,1441210861244,"363,266",75% bullish,of 8 ratings,$92.50
CUI,$5.43,1441210861328,"13,789",50% bullish,of 2 ratings,$10
CUNB,$21.35,1441210861380,"6,586",Not yet rated,NULL,$24.50
CPIX,NULL,1441210861413,0,Not yet rated,NULL,N/A
CMLS,$1.34,1441210861438,"120,631",50% bullish,of 4 ratings,$6
CRIS,$2.55,1441210861517,"52,121",100% bullish,of 8 ratings,$6
CVBF,$15.69,1441210861591,"54,868",Not yet rated,NULL,$18
CUTR,$14.92,1441210861698,"14,154",67% bearish,of 3 ratings,$18
CYAN,$6.5001,1441210861726,"1,650",100% bearish,of 1 rating,N/A
CVV,$11.19,1441210861748,"1,944",100% bullish,of 5 ratings,N/A
CYBR,$49.75,1441210861801,"349,017",75% bullish,of 8 ratings,$68.50
CYBX,$63.0201,1441210861889,"63,727",50% bullish,of 4 ratings,$71.50
CYBE,$6.77,1441210861921,"1,253",100% bearish,of 1 rating,N/A
CYCC,$0.5494,1441210862019,"16,612",73% bullish,of 11 ratings,N/A
CBAY,$2.66,1441210862048,"7,538",100% bullish,of 1 rating,$4
CYNA,$16.04,1441210862075,"10,600",50% bullish,of 2 ratings,$31.50
CYNO,$31.68,1441210862207,"46,239",67% bearish,of 3 ratings,$45.50
CYCCP,NULL,1441210862242,0,100% bearish,of 1 rating,N/A
CY,$10.075,1441210862291,"3,455,964",80% bullish,of 10 ratings,$15.50
CYRN,$1.767,1441210862338,"1,300",67% bullish,of 3 ratings,$4
CONE,$30.97,1441210862369,"63,093",67% bearish,of 3 ratings,$35.50
CYTK,$7.06,1441210862395,"50,613",71% bullish,of 14 ratings,$13.50
CYTX,$0.3535,1441210862471,"633,445",83% bullish,of 12 ratings,$5.50
CTSO,$7.2736,1441210862598,"38,766",Not yet rated,NULL,$15.625
DAEG,$0.3699,1441210862703,620,100% bearish,of 1 rating,N/A
ZIV,$35.22,1441210862734,"44,191",Not yet rated,NULL,N/A
TVIX,$17.9474,1441210862759,"5,772,904",81% bullish,of 16 ratings,N/A
CYTR,$2.36,1441210862791,"103,350",67% bullish,of 6 ratings,$10
TVIZ,$24.2,1441210862812,"12,435",100% bearish,of 1 rating,N/A
XIV,$22.7525,1441210862842,"6,918,523",75% bearish,of 4 ratings,N/A
DJCO,$196,1441210862871,202,Not yet rated,NULL,N/A
DAKT,$8.455,1441210863078,"38,727",50% bullish,of 2 ratings,$12
DARA,$0.89,1441210863108,"1,535",83% bullish,of 6 ratings,$1.50
DAIO,$2.6601,1441210863135,"1,754",Not yet rated,NULL,N/A
DTLK,$5.535,1441210863157,"18,182",100% bearish,of 1 rating,$9
DRAM,$1.35,1441210863211,"5,092",78% bullish,of 9 ratings,N/A
DWCH,$4.94,1441210863295,"6,686",75% bullish,of 4 ratings,$8.25
DWSN,$4.235,1441210863512,"4,353",67% bullish,of 3 ratings,N/A
DTEA,$12.8726,1441210863545,"12,603",100% bearish,of 2 ratings,$24
PLAY,$34.84,1441210863570,"58,922",100% bullish,of 5 ratings,$42
DHRM,$1.61,1441210863591,690,Not yet rated,NULL,N/A
TRAK,$62.74,1441210863626,"153,697",50% bullish,of 2 ratings,$62.50
DBVT,$37.7,1441210863647,"28,906",100% bearish,of 1 rating,$53
DFRG,$14.38,1441210863683,"57,877",100% bearish,of 1 rating,$20
TACOW,$3.54,1441210863846,700,100% bullish,of 1 rating,N/A
DCTH,$0.4204,1441210863874,"74,348",78% bullish,of 9 ratings,N/A
TACO,$12.48,1441210863899,"71,793",75% bullish,of 4 ratings,$20
DGAS,$20.38,1441210863924,310,67% bearish,of 3 ratings,N/A
DELT,NULL,1441210864097,0,Not yet rated,NULL,N/A
DENN,$11.17,1441210864147,"122,427",100% bullish,of 3 ratings,$15
DELTW,NULL,1441210864172,0,Not yet rated,NULL,N/A
DSCI,$5.75,1441210864207,"25,225",50% bullish,of 2 ratings,$16
XRAY,$51.21,1441210864229,"126,047",100% bullish,of 1 rating,$58
DERM,$25.8,1441210864304,"12,592",100% bearish,of 1 rating,$33.50
DEPO,$26.6199,1441210864362,"166,791",60% bullish,of 5 ratings,$29
DSWL,$1.57,1441210864495,"5,704",100% bullish,of 1 rating,N/A
DXM,$0.2806,1441210864526,"195,072",50% bullish,of 2 ratings,N/A
DXLG,$6.16,1441210864547,"36,298",100% bearish,of 1 rating,$8
DEST,$10.78,1441210864576,"8,722",50% bullish,of 2 ratings,N/A
DXCM,$87.66,1441210864627,"135,125",57% bullish,of 7 ratings,$98
DMND,$29.88,1441210864762,"35,153",75% bullish,of 12 ratings,$32
DHIL,$190.4,1441210864831,202,Not yet rated,NULL,N/A
DHXM,$6.45,1441210864852,200,Not yet rated,NULL,N/A
FANG,$64.18,1441210864885,"231,986",50% bullish,of 2 ratings,$86
DGII,$10.07,1441210864913,"3,048",100% bearish,of 1 rating,$11
DMRC,$37.3225,1441210864944,"8,135",100% bearish,of 1 rating,$44
DRNA,$11.06,1441210864966,"28,598",67% bearish,of 3 ratings,$25
DCIX,$1.62,1441210865097,"15,854",50% bullish,of 4 ratings,$3.50
DRAD,$3.77,1441210865126,"6,494",100% bullish,of 1 rating,$5.25
APPS,$2.3,1441210865202,"195,982",100% bearish,of 1 rating,$10.25
DGLY,$7.35,1441210865517,"123,976",50% bullish,of 6 ratings,$20
DIOD,$19.2,1441210865552,"23,647",75% bearish,of 4 ratings,$24
DPRX,$14.725,1441210865574,"4,172",100% bullish,of 2 ratings,$27.75
DCOM,$16.46,1441210865607,"11,555",100% bearish,of 2 ratings,$16
DISCB,NULL,1441210865628,0,100% bearish,of 1 rating,$35
DISCA,$26.12,1441210865649,"565,231",67% bullish,of 3 ratings,$34
DISCK,$24.995,1441210865689,"280,765",100% bearish,of 1 rating,$32
DSCO,$0.42,1441210865791,"117,760",83% bullish,of 6 ratings,$2.75
DVCR,$10.93,1441210865822,"1,727",100% bullish,of 1 rating,N/A
DISH,$58.67,1441210865898,"308,765",69% bullish,of 13 ratings,$73
BAGR,$2.66,1441210865934,"9,000",100% bearish,of 1 rating,$6
DLHC,$2.9,1441210866029,"2,421",100% bearish,of 1 rating,N/A
DNBF,$26.05,1441210866059,"1,128",Not yet rated,NULL,$27.50
DLTR,$67.12,1441210866159,"3,776,364",82% bullish,of 11 ratings,$88
DMLP,$15.01,1441210866238,"26,716",100% bearish,of 1 rating,N/A
DORM,$50.3499,1441210866276,"85,863",100% bearish,of 1 rating,$56
DGICB,NULL,1441210866303,0,100% bearish,of 1 rating,N/A
DGICA,$14.28,1441210866324,"7,034",100% bearish,of 1 rating,$17
DRWIW,NULL,1441210866369,0,Not yet rated,NULL,N/A
DRWI,$0.2,1441210866398,"104,412",60% bullish,of 5 ratings,$.45
HILL,$9.68,1441210866474,"424,717",60% bearish,of 5 ratings,$9.75
DWA,$19.51,1441210866504,"627,407",63% bullish,of 8 ratings,$26
DSPG,$8.72,1441210866704,"5,763",100% bearish,of 1 rating,$13.50
DSKX,$3.5177,1441210866734,"49,832",100% bullish,of 1 rating,N/A
DRYS,$0.4249,1441210866770,"763,200",77% bullish,of 31 ratings,$.60
CADT,$10.02,1441210866865,100,Not yet rated,NULL,N/A
CADTU,NULL,1441210866896,0,Not yet rated,NULL,N/A
CADTR,NULL,1441210866917,0,Not yet rated,NULL,N/A
CADTW,NULL,1441210866948,0,Not yet rated,NULL,N/A
DNKN,$48.63,1441210866976,"400,356",67% bullish,of 15 ratings,$56.50
DTSI,$28.81,1441210867002,"92,175",100% bearish,of 2 ratings,$39.50
DRRX,$2.07,1441210867133,"42,212",50% bullish,of 6 ratings,$3
BOOM,$10.84,1441210867207,"34,689",67% bullish,of 3 ratings,$12
DYAX,$22.4,1441210867236,"115,367",89% bullish,of 9 ratings,$30
DYSL,$1.5599,1441210867257,"9,921",100% bullish,of 2 ratings,N/A
DXPE,$29.71,1441210867388,"41,598",50% bullish,of 2 ratings,N/A
DYNT,$3,1441210867413,"3,727",75% bullish,of 4 ratings,N/A
DVAX,$27.99,1441210867457,"62,525",70% bullish,of 10 ratings,$40
EBMT,$11.69,1441210867547,"1,300",Not yet rated,NULL,$13.50
ETFC,$24.83,1441210867586,"705,353",57% bullish,of 14 ratings,$32.50
EGBN,$39.93,1441210867644,"37,780",Not yet rated,NULL,$48
EGLE,$6.92,1441210867670,"6,308",60% bullish,of 5 ratings,N/A
EGRX,$77.4601,1441210867748,"53,909",67% bullish,of 3 ratings,$97
EROC,$1.45,1441210867806,"98,424",50% bullish,of 2 ratings,$3
EWBC,$38.3,1441210867883,"154,157",100% bearish,of 1 rating,$50
EACQU,$10.01,1441210867934,200,Not yet rated,NULL,N/A
EML,$16.2399,1441210867960,"2,418",Not yet rated,NULL,N/A
ELNK,$8.28,1441210867993,"148,715",60% bullish,of 5 ratings,$9.50
EVBS,$6.51,1441210868024,200,Not yet rated,NULL,$7
EBIX,$27.81,1441210868092,"59,345",69% bullish,of 13 ratings,$40
EBAY,$26.475,1441210868120,"2,381,386",81% bullish,of 117 ratings,$34
ECHO,$22.1,1441210868257,"43,383",67% bearish,of 3 ratings,$34.50
ELON,$0.605,1441210868320,"7,145",50% bullish,of 2 ratings,N/A
SATS,$43.18,1441210868347,"25,499",50% bullish,of 2 ratings,$60
ECTE,$1.4801,1441210868383,"2,090",75% bullish,of 4 ratings,N/A
EEI,$11.7396,1441210868479,"1,200",67% bearish,of 3 ratings,N/A
ECACU,$10.1,1441210868509,200,Not yet rated,NULL,N/A
ESES,NULL,1441210868536,0,100% bearish,of 1 rating,$7
EDAP,$3.649,1441210868609,"15,433",60% bullish,of 5 ratings,$4.50
EDGW,$7.15,1441210868667,959,100% bearish,of 1 rating,N/A
EDUC,$6.1501,1441210868698,"23,893",100% bearish,of 1 rating,N/A
EGAN,$3.61,1441210868739,725,50% bullish,of 2 ratings,$6.25
EGLT,$12.12,1441210868794,"57,454",50% bullish,of 2 ratings,$21
EHTH,$14.75,1441210868888,"51,363",50% bullish,of 4 ratings,$16.50
EFUT,$4.52,1441210868923,400,Not yet rated,NULL,N/A
EMITF,$1.2058,1441210869018,572,75% bullish,of 4 ratings,N/A
LOCO,$12.57,1441210869043,"127,235",69% bullish,of 13 ratings,$19.50
ESLT,$77.9813,1441210869122,"3,306",67% bullish,of 3 ratings,N/A
ELRC,$10.46,1441210869199,"4,230",100% bearish,of 1 rating,N/A
ERI,$9.44,1441210869230,"30,854",100% bearish,of 1 rating,$10
EA,$64.35,1441210869252,"836,162",78% bullish,of 36 ratings,$80
ESIO,$4.54,1441210869331,"8,003",50% bullish,of 2 ratings,$10
ELSE,$3.9288,1441210869386,300,60% bullish,of 5 ratings,N/A
EFII,$42.79,1441210869419,"19,370",80% bullish,of 5 ratings,$55
ELEC,NULL,1441210869450,0,Not yet rated,NULL,N/A
ELECU,NULL,1441210869517,0,Not yet rated,NULL,N/A
ELECW,NULL,1441210869542,0,Not yet rated,NULL,N/A
RDEN,$11.14,1441210869581,"26,807",100% bearish,of 4 ratings,$15
EBIO,$3.43,1441210869607,"114,739",100% bearish,of 2 ratings,$8.35
CAPX,$22.74,1441210869811,1,Not yet rated,NULL,N/A
ESBK,$19.867,1441210869871,510,Not yet rated,NULL,N/A
EMCF,NULL,1441210869902,0,100% bearish,of 1 rating,N/A
EMKR,$6.8,1441210869967,"20,553",75% bullish,of 4 ratings,$8.50
ELTK,$1.3314,1441210869996,"19,384",67% bearish,of 3 ratings,N/A
EMCI,$22.49,1441210870022,"5,724",Not yet rated,NULL,N/A
LONG,$16.9,1441210870048,"1,508",67% bullish,of 3 ratings,$15.75
EMMS,$1.18,1441210870183,"5,725",83% bullish,of 6 ratings,N/A
NYNY,$4.23,1441210870322,"8,853",50% bullish,of 2 ratings,N/A
ECPG,$38.34,1441210870351,"58,514",100% bullish,of 2 ratings,$52
ERS,$3.62,1441210870379,"5,345",Not yet rated,NULL,N/A
ENTA,$38.2,1441210870403,"40,537",50% bullish,of 2 ratings,$42
EMMSP,NULL,1441210870436,0,100% bearish,of 1 rating,N/A
WIRE,$31.5646,1441210870511,"20,738",100% bearish,of 1 rating,$37
ENDP,$73.0199,1441210870539,"301,707",50% bullish,of 6 ratings,$101.50
ECYT,$5.19,1441210870566,"83,322",83% bullish,of 6 ratings,$12
EIGI,$14.57,1441210870772,"66,363",67% bearish,of 3 ratings,$22.50
ELGX,$12.54,1441210870806,"90,677",75% bullish,of 4 ratings,$17
EFOI,$24.98,1441210870837,"539,447",50% bullish,of 2 ratings,$24.50
WATT,$7.03,1441210870910,"12,651",50% bullish,of 2 ratings,$13
ERII,$2.6,1441210870938,"7,950",80% bullish,of 5 ratings,$2.50
ENOC,$8.71,1441210870965,"55,380",75% bullish,of 4 ratings,$18
EXXI,$1.61,1441210870990,"585,445",86% bullish,of 7 ratings,$3.50
ENPH,$4.4,1441210871122,"268,760",75% bullish,of 4 ratings,$11
ENG,$1.0221,1441210871150,"24,200",100% bullish,of 3 ratings,N/A
ENFC,$17.8,1441210871180,200,Not yet rated,NULL,N/A
ENTL,$21.085,1441210871289,"9,370",Not yet rated,NULL,$28
ESGR,$148,1441210871327,"9,509",100% bearish,of 1 rating,$185
ENTG,$13.38,1441210871349,"47,995",100% bearish,of 1 rating,$18
ETRM,$0.3253,1441210871378,"3,414,397",69% bearish,of 35 ratings,$1.625
EFSC,$23.775,1441210871423,"7,906",Not yet rated,NULL,$27
EBTC,$21.65,1441210871451,310,Not yet rated,NULL,N/A
EGT,$1.9999,1441210871594,"4,001",100% bullish,of 1 rating,N/A
ENZN,$0.991,1441210871646,"104,001",100% bullish,of 9 ratings,N/A
ENVI,$1.87,1441210871676,"5,152",67% bullish,of 3 ratings,N/A
ENZY,$10.15,1441210871730,"13,692",67% bullish,of 3 ratings,$9.50
EPRS,$5.02,1441210871776,"10,149",82% bullish,of 11 ratings,$15
EPIQ,$12.685,1441210871868,"11,578",100% bearish,of 1 rating,$18
EQIX,$266.5,1441210871926,"207,293",75% bullish,of 4 ratings,$312.50
EPZM,$20.4,1441210871964,"119,041",60% bullish,of 5 ratings,$34
PLUS,$72.34,1441210871985,"11,825",50% bullish,of 2 ratings,$88
EQFN,NULL,1441210872018,0,100% bearish,of 1 rating,N/A
EAC,$3.41,1441210872055,"3,267",100% bearish,of 1 rating,$8
ERIE,$80.9,1441210872085,"3,654",Not yet rated,NULL,$73
ERIC,$9.55,1441210872148,"589,962",67% bullish,of 9 ratings,$12.20
ESCR,$0.1599,1441210872248,"37,233",50% bullish,of 2 ratings,N/A
ESCA,$18.227,1441210872274,"6,752",100% bearish,of 1 rating,$22
ESPR,$46.14,1441210872465,"237,700",70% bearish,of 10 ratings,$115
ESSA,$12.92,1441210872497,"4,365",100% bearish,of 1 rating,N/A
ESCRP,NULL,1441210872542,0,100% bearish,of 1 rating,N/A
EPIX,NULL,1441210872570,0,Not yet rated,NULL,N/A
ESMC,$1.42,1441210872595,440,Not yet rated,NULL,N/A
ESND,$33,1441210872623,"46,560",100% bearish,of 2 ratings,$40
ESSX,$0.4896,1441210872650,"1,709",50% bullish,of 2 ratings,N/A
CLWT,NULL,1441210872780,0,100% bullish,of 1 rating,N/A
EEFT,$62.72,1441210872808,"24,883",100% bearish,of 1 rating,$67.50
ETSY,$14.19,1441210872851,"168,225",80% bullish,of 5 ratings,$16
EVLV,$2.58,1441210872985,"29,997",60% bullish,of 5 ratings,$4.625
EVEP,$8.39,1441210873032,"41,201",50% bullish,of 2 ratings,$15
EVK,$3.95,1441210873058,200,75% bearish,of 4 ratings,N/A
ESEA,$4.72,1441210873084,"9,385",100% bullish,of 1 rating,$15
EVOK,$3.44,1441210873190,"5,988",100% bearish,of 1 rating,$13.375
EVOL,$5.93,1441210873215,"6,948",75% bullish,of 4 ratings,$10
EXA,$10.505,1441210873281,"18,467",100% bearish,of 1 rating,$13
EXFO,$2.91,1441210873345,200,67% bearish,of 3 ratings,$3.95
EXLS,$35.91,1441210873422,"37,295",50% bullish,of 2 ratings,$41
EXAC,$19.13,1441210873457,"7,988",100% bearish,of 1 rating,$22.50
EXAS,$21.77,1441210873485,"301,823",78% bullish,of 9 ratings,$31
EXPE,$111.24,1441210873510,"206,076",64% bullish,of 11 ratings,$130
EXEL,$5.69,1441210873552,"1,938,719",81% bullish,of 16 ratings,$6
EXPD,$49.045,1441210873642,"316,259",80% bullish,of 5 ratings,$52
EXPO,$42,1441210873724,"21,506",100% bearish,of 1 rating,$45.50
ESRX,$82.26,1441210873755,"648,524",67% bearish,of 6 ratings,$101
EXLP,$19.73,1441210873856,"19,550",100% bearish,of 1 rating,$25
EXTR,$3,1441210873883,"115,582",80% bullish,of 5 ratings,$3
EYEG,$3.7001,1441210873908,"4,618",Not yet rated,NULL,N/A
EYEGW,$1.0001,1441210874037,700,Not yet rated,NULL,N/A
EZCH,$22.53,1441210874067,"17,903",75% bullish,of 8 ratings,$19.50
EZPW,$6.16,1441210874090,"68,400",50% bullish,of 4 ratings,$7
FB,$87.975,1441210874139,"7,054,445",73% bullish,of 1074 ratings,$111
FFIV,$118.69,1441210874171,"232,954",63% bullish,of 8 ratings,$132
FRP,$15.71,1441210874239,"15,536",100% bearish,of 1 rating,$18
FCS,$13.22,1441210874277,"126,930",67% bearish,of 3 ratings,$17
FALC,$1.74,1441210874374,"11,400",63% bearish,of 8 ratings,N/A
FWM,$2.18,1441210874402,"45,764",100% bearish,of 2 ratings,$3.20
DAVE,$14.55,1441210874430,"4,663",100% bearish,of 1 rating,$15.50
FARM,$21.84,1441210874597,"6,226",100% bearish,of 1 rating,$35
FFKT,$26.04,1441210874698,"3,316",Not yet rated,NULL,$29
FAST,$38.09,1441210874725,"519,072",80% bullish,of 5 ratings,$45.50
FARO,$37.5,1441210874770,"17,512",50% bullish,of 2 ratings,$48
FATE,$6.24,1441210874862,"5,849",50% bullish,of 2 ratings,$11
FBSS,NULL,1441210874907,0,Not yet rated,NULL,N/A
FDML,$8.7,1441210874945,"50,440",50% bullish,of 4 ratings,$14
FBRC,$21.97,1441210874973,"16,402",100% bearish,of 1 rating,$29
FMNB,$8.25,1441210874994,400,Not yet rated,NULL,N/A
FNHC,$21.73,1441210875125,"9,763",100% bearish,of 1 rating,$35
FENX,$9.85,1441210875197,"19,671",100% bullish,of 1 rating,$14.25
FEIC,$74.2,1441210875226,"70,513",50% bullish,of 2 ratings,$95.50
FHCO,$1.39,1441210875252,"3,367",50% bullish,of 4 ratings,N/A
FGEN,$23.1,1441210875330,"46,866",100% bearish,of 1 rating,$39
FCSC,$5.5,1441210875390,"25,276",100% bearish,of 1 rating,$8.125
ONEQ,$183.85,1441210875421,"12,347",100% bullish,of 1 rating,N/A
LION,$18.73,1441210875558,"14,439",100% bullish,of 1 rating,$20
FRGI,$51.46,1441210875591,"21,430",50% bullish,of 2 ratings,$70
FDUS,$14.93,1441210875618,"8,000",50% bullish,of 2 ratings,$18
FSC,$6.56,1441210875644,"174,590",60% bullish,of 5 ratings,$8
FSAM,$7.993,1441210875694,"1,751",100% bearish,of 1 rating,$10.25
FSCFL,$24.73,1441210875797,322,Not yet rated,NULL,N/A
FITBI,$27.4425,1441210875829,"7,061",Not yet rated,NULL,N/A
FSFR,$8.71,1441210875855,"84,893",100% bearish,of 1 rating,$11.50
FITB,$19.08,1441210875880,"1,122,332",54% bullish,of 13 ratings,$22
FNGN,$29.89,1441210875930,"63,312",67% bullish,of 3 ratings,$47
FNTCW,NULL,1441210876533,0,Not yet rated,NULL,N/A
FBNC,$16.61,1441210876571,"1,330",100% bullish,of 1 rating,$20
FNTCU,NULL,1441210876592,0,Not yet rated,NULL,N/A
FNSR,$15.035,1441210876623,"157,485",71% bullish,of 7 ratings,$24
FNJN,$1.79,1441210876644,"1,300",100% bearish,of 1 rating,$5
FNTC,NULL,1441210876674,0,Not yet rated,NULL,N/A
FEYE,$36.45,1441210876695,"863,951",88% bullish,of 16 ratings,$55.50
FISI,$24.67,1441210876730,961,100% bullish,of 2 ratings,$24.50
FNLC,$18.51,1441210876827,"1,706",100% bullish,of 1 rating,N/A
FRBA,$6.1,1441210876898,"6,400",Not yet rated,NULL,$8
BUSE,$6.31,1441210876927,"27,836",Not yet rated,NULL,$6.875
FBIZ,$22.45,1441210876948,"26,118",100% bearish,of 2 ratings,$26
FCVA,NULL,1441210876988,0,Not yet rated,NULL,N/A
FCAP,$26.9,1441210877010,39,Not yet rated,NULL,N/A
FCFS,$39.35,1441210877095,"20,069",100% bearish,of 3 ratings,$47
FCNCA,$231.1,1441210877235,"1,107",Not yet rated,NULL,N/A
FCLF,$9.35,1441210877316,271,Not yet rated,NULL,N/A
FCCO,$12.34,1441210877428,300,Not yet rated,NULL,$13.25
FCFP,NULL,1441210877459,0,Not yet rated,NULL,N/A
FCBC,$17.25,1441210877501,"1,536",Not yet rated,NULL,$18
FBNK,$16.69,1441210877529,"4,620",100% bearish,of 1 rating,$17.50
FDEF,$36.54,1441210877558,"7,901",Not yet rated,NULL,$38
FFNM,NULL,1441210877586,0,Not yet rated,NULL,N/A
FFBC,$17.98,1441210877617,"25,721",67% bearish,of 3 ratings,$20.25
THFF,$32.49,1441210877658,997,Not yet rated,NULL,$35
FFBCW,NULL,1441210877719,0,100% bearish,of 1 rating,N/A
FFIN,$29.54,1441210877750,"29,608",50% bullish,of 2 ratings,$31.75
FFNW,$12.12,1441210877850,"6,369",Not yet rated,NULL,$14
INBK,$30.69,1441210877924,"5,758",50% bullish,of 2 ratings,$37
FFWM,$21.16,1441210877949,"2,146",Not yet rated,NULL,$24
FRME,$25.8,1441210878128,"44,263",Not yet rated,NULL,$26.50
FMBH,NULL,1441210878153,0,Not yet rated,NULL,N/A
FNFG,$8.79,1441210878287,"504,468",80% bullish,of 5 ratings,$9
FNBC,$34.17,1441210878318,"42,652",Not yet rated,NULL,$40
FIBK,$26.12,1441210878340,"19,376",Not yet rated,NULL,$32
FMBI,$16.93,1441210878376,"86,084",Not yet rated,NULL,$20
FNWB,$12.01,1441210878397,900,Not yet rated,NULL,N/A
FSFG,NULL,1441210878435,0,Not yet rated,NULL,N/A
FSGI,$2.47,1441210878533,"2,600",Not yet rated,NULL,N/A
FSLR,$47.02,1441210878562,"414,512",72% bullish,of 39 ratings,$65
FSBK,$7.67,1441210878611,"6,200",100% bullish,of 1 rating,N/A
BICK,NULL,1441210878690,0,100% bullish,of 1 rating,N/A
FBZ,$9.44,1441210878773,200,Not yet rated,NULL,N/A
FTCS,$35.6095,1441210878877,"252,499",100% bearish,of 1 rating,N/A
FCAN,$23.86,1441210878909,101,Not yet rated,NULL,N/A
FV,$22.787,1441210878938,"924,602",100% bearish,of 1 rating,N/A
FCA,$18.866,1441210878984,107,Not yet rated,NULL,N/A
IFV,$17.355,1441210879033,"100,528",100% bearish,of 1 rating,N/A
FEMB,NULL,1441210879063,0,Not yet rated,NULL,N/A
FEUZ,NULL,1441210879161,0,Not yet rated,NULL,N/A
FTSM,$59.95,1441210879219,"12,453",100% bearish,of 1 rating,N/A
MDIV,$18.8949,1441210879256,"84,138",Not yet rated,NULL,N/A
TDIV,$24.2301,1441210879276,"24,338",100% bearish,of 1 rating,N/A
FGM,$34.9401,1441210879349,710,Not yet rated,NULL,N/A
FTGC,$22.0889,1441210879377,"116,522",Not yet rated,NULL,N/A
FTHI,$19.1,1441210879436,551,Not yet rated,NULL,N/A
HYLS,$49.5928,1441210879564,"29,386",100% bearish,of 1 rating,N/A
FPXI,$26.4,1441210879639,200,Not yet rated,NULL,N/A
SKYY,$28.11,1441210879668,"17,180",100% bullish,of 1 rating,N/A
YDIV,$16.13,1441210879727,700,Not yet rated,NULL,N/A
FHK,$32.24,1441210879766,"5,100",Not yet rated,NULL,N/A
CU,$12.56,1441210879834,920,100% bearish,of 1 rating,N/A
PLTM,$6.205,1441210879862,600,100% bearish,of 1 rating,N/A
FJP,$45.1,1441210879883,"14,108",Not yet rated,NULL,N/A
FTLB,$18.91,1441210879942,1,100% bearish,of 1 rating,N/A
LMBS,$50.32,1441210880023,800,Not yet rated,NULL,N/A
FMB,$51.08,1441210880155,"2,562",Not yet rated,NULL,N/A
CIBR,$17.245,1441210880237,"14,448",Not yet rated,NULL,N/A
FONE,NULL,1441210880286,0,Not yet rated,NULL,N/A
QABA,$36.57,1441210880313,"1,744",100% bearish,of 1 rating,N/A
GRID,NULL,1441210880339,0,100% bearish,of 1 rating,N/A
QCLN,$14.8,1441210880360,"7,378",Not yet rated,NULL,N/A
CARZ,$34.0399,1441210880491,291,100% bearish,of 1 rating,N/A
QQEW,$40.77,1441210880623,"142,698",Not yet rated,NULL,N/A
RDVY,$20.6,1441210880657,"1,188",Not yet rated,NULL,N/A
QINC,NULL,1441210880677,0,Not yet rated,NULL,N/A
QTEC,$39.03,1441210880711,"9,847",Not yet rated,NULL,N/A
AIRR,$16.175,1441210880732,"4,279",100% bearish,of 1 rating,N/A
QQXT,$39.468,1441210880752,"8,937",Not yet rated,NULL,N/A
FTSL,$48.8195,1441210880793,"27,531",100% bearish,of 1 rating,N/A
FKO,NULL,1441210880975,0,Not yet rated,NULL,N/A
FDIV,$46.96,1441210881029,925,100% bearish,of 1 rating,N/A
FTW,NULL,1441210881078,0,Not yet rated,NULL,N/A
FSZ,$38.21,1441210881126,829,Not yet rated,NULL,N/A
FKU,$41.03,1441210881210,"8,832",Not yet rated,NULL,N/A
FUNC,$8.12,1441210881257,400,Not yet rated,NULL,N/A
SVVC,$9.226,1441210881290,"5,955",50% bullish,of 2 ratings,$26
TUSA,$24.288,1441210881311,"2,455",Not yet rated,NULL,N/A
FMER,$17.02,1441210881387,"146,623",50% bullish,of 2 ratings,$20
FSV,$32.13,1441210881448,"5,004",Not yet rated,NULL,$33.60
FPRX,$18.45,1441210881484,"72,380",50% bullish,of 2 ratings,$35
FISV,$83.34,1441210881556,"296,532",100% bearish,of 3 ratings,$90
FLML,$22.637,1441210881588,"49,719",50% bullish,of 2 ratings,$30
FIVE,$37.42,1441210881609,"331,367",75% bearish,of 4 ratings,$44
FIVN,$3.87,1441210881641,"30,917",100% bullish,of 1 rating,$8.50
FLXN,$25.109,1441210882242,"69,153",100% bearish,of 1 rating,$40
MBSD,$24.91,1441210882273,315,Not yet rated,NULL,N/A
FLKS,$11.61,1441210882298,"21,759",50% bullish,of 2 ratings,$27
FLXS,$31.01,1441210882322,"4,602",100% bearish,of 2 ratings,N/A
FLIR,$28.1065,1441210882354,"246,069",100% bearish,of 2 ratings,$38.50
FLEX,$10.155,1441210882375,"437,936",63% bullish,of 8 ratings,$12
SKOR,NULL,1441210882396,0,Not yet rated,NULL,N/A
FOGO,$19.21,1441210882428,"21,199",50% bullish,of 2 ratings,$25.50
FONR,$9.56,1441210882618,520,100% bullish,of 1 rating,N/A
FFIC,$19.38,1441210882663,"28,883",Not yet rated,NULL,$20.50
FOMX,$9.92,1441210882684,"22,014",50% bullish,of 2 ratings,$23.50
FLDM,$11.02,1441210882706,"59,105",67% bearish,of 3 ratings,$15
FES,$0.9,1441210882749,"21,628",50% bullish,of 2 ratings,$1
FORM,$6.53,1441210882778,"30,827",67% bullish,of 3 ratings,$10.50
FORR,$31.16,1441210882801,"6,891",Not yet rated,NULL,N/A
FORTY,$30.17,1441210882821,200,100% bearish,of 1 rating,N/A
FORD,$1.69,1441210883143,"1,234,802",67% bullish,of 3 ratings,N/A
FBIO,$2.56,1441210883169,"35,473",83% bullish,of 6 ratings,N/A
FTNT,$40.81,1441210883214,"201,814",80% bullish,of 10 ratings,$52
FWP,$27.01,1441210883241,"16,197",100% bearish,of 1 rating,$45
FWRD,$43.72,1441210883262,"19,359",100% bearish,of 1 rating,$50
FMI,$22.97,1441210883297,"54,944",100% bearish,of 2 ratings,$27.50
FOSL,$59.58,1441210883323,"129,322",60% bearish,of 5 ratings,$80
FXCB,$17.17,1441210883407,"3,578",Not yet rated,NULL,$19
FRAN,$11.275,1441210883472,"115,929",50% bullish,of 4 ratings,$15
FOXF,$14.97,1441210883534,"4,115",100% bearish,of 1 rating,$19
FELE,$27.6,1441210883570,"63,801",50% bullish,of 4 ratings,$33
FREE,$0.4563,1441210883636,"2,802,944",92% bullish,of 12 ratings,N/A
RAIL,$20.84,1441210883665,"25,043",100% bearish,of 1 rating,$24.50
FRED,$12.87,1441210883687,"31,488",50% bullish,of 2 ratings,$15.50
FRPT,$12.3,1441210883881,"122,440",67% bearish,of 3 ratings,$23.50
FTR,$5.1725,1441210883914,"5,396,922",78% bullish,of 27 ratings,$6.25
FTRPR,$101.83,1441210883982,"1,000",100% bearish,of 1 rating,N/A
FSBW,$23.1483,1441210884008,"3,980",Not yet rated,NULL,N/A
FRPH,$31.19,1441210884045,902,100% bearish,of 1 rating,N/A
FEIM,NULL,1441210884076,0,100% bearish,of 1 rating,N/A
FTD,$29.7,1441210884107,"10,107",100% bearish,of 1 rating,$40
FSYS,$6.555,1441210884175,"97,494",67% bullish,of 3 ratings,$10
FTEK,$2.03,1441210884204,"8,629",75% bullish,of 4 ratings,N/A
FULLL,NULL,1441210884368,0,Not yet rated,NULL,N/A
FULL,$3.0699,1441210884397,"2,798",67% bearish,of 3 ratings,$4.25
FULT,$11.65,1441210884418,"120,667",100% bearish,of 1 rating,$13
FCEL,$0.829,1441210884447,"452,907",88% bullish,of 41 ratings,$2.65
FLL,$1.4963,1441210884629,"16,068",75% bullish,of 4 ratings,$3.50
FSNN,$2.06,1441210884693,200,67% bullish,of 3 ratings,$6
FFHL,$0.9947,1441210884715,870,50% bullish,of 4 ratings,N/A
FXEN,$1.05,1441210884745,"96,128",75% bullish,of 4 ratings,$1.10
WILC,$4.88,1441210884774,"2,110",100% bullish,of 2 ratings,N/A
FXENP,NULL,1441210884795,0,100% bearish,of 1 rating,N/A
GK,$66.34,1441210884826,"30,711",Not yet rated,NULL,$78
GAIA,$6.05,1441210884962,"99,190",50% bullish,of 2 ratings,$8.50
GLPG,$57.06,1441210884992,"7,858",100% bullish,of 1 rating,$75
GALTW,NULL,1441210885037,0,100% bullish,of 1 rating,N/A
GALT,$2.1199,1441210885070,"14,590",80% bullish,of 5 ratings,N/A
GALE,$1.61,1441210885099,"309,376",89% bullish,of 47 ratings,$4
GLMD,$8.44,1441210885164,"13,958",67% bullish,of 3 ratings,$20.50
GLPI,$30.91,1441210885240,"122,163",100% bearish,of 1 rating,$37.50
GPIC,$9.76,1441210885275,100,100% bearish,of 1 rating,N/A
GRMN,$36.9795,1441210885371,"172,943",50% bullish,of 6 ratings,$46.50
GALTU,NULL,1441210885400,0,100% bearish,of 1 rating,N/A
GGACR,$0.26,1441210885459,"25,200",100% bullish,of 1 rating,N/A
GGAC,NULL,1441210885505,0,100% bearish,of 1 rating,N/A
GGACU,$10.24,1441210885536,100,Not yet rated,NULL,N/A
GGACW,$0.1436,1441210885636,"3,816",Not yet rated,NULL,N/A
GARS,$14.31,1441210885668,"16,136",Not yet rated,NULL,$16
GENC,NULL,1441210885699,0,100% bearish,of 1 rating,N/A
GFN,$3.88,1441210885769,"2,081",100% bearish,of 2 ratings,$8
GNCMA,$16.61,1441210885801,"47,726",100% bearish,of 1 rating,$12
GFNCP,NULL,1441210885829,0,Not yet rated,NULL,N/A
GFNSL,$26.1,1441210885897,550,Not yet rated,NULL,N/A
GENE,$2.3463,1441210885955,"14,594",100% bullish,of 12 ratings,N/A
GNMK,$9.59,1441210885983,"47,223",67% bullish,of 6 ratings,$14
GNCA,$11.28,1441210886060,"15,275",100% bearish,of 1 rating,$20
GHDX,$26.1,1441210886120,"60,476",50% bullish,of 2 ratings,$30
THRM,$44.33,1441210886206,"41,058",75% bearish,of 4 ratings,$55.50
GNVC,$2.49,1441210886262,"3,004",90% bullish,of 10 ratings,$8.50
GNTX,$15.34,1441210886335,"647,628",Not yet rated,NULL,$20
GERN,$2.99,1441210886367,"425,785",88% bullish,of 16 ratings,$5.25
GABC,$28.55,1441210886396,"5,026",Not yet rated,NULL,$31
GEOS,$16.91,1441210886425,"30,524",100% bearish,of 3 ratings,$21
GEVO,$2.348,1441210886471,"99,283",75% bullish,of 12 ratings,$5
GTWN,$18.97,1441210886527,500,Not yet rated,NULL,N/A
ROCK,$16.4,1441210886565,"35,370",80% bullish,of 5 ratings,$24
GIGA,$1.49,1441210886665,"1,558",100% bearish,of 1 rating,N/A
GIII,$65.35,1441210886717,"373,338",67% bullish,of 3 ratings,$75
GIGM,$0.521,1441210886744,"3,379",100% bullish,of 2 ratings,N/A
GILT,$4.1714,1441210886800,"1,536",50% bullish,of 2 ratings,N/A
GILD,$101.26,1441210886826,"2,178,521",91% bullish,of 87 ratings,$129
GLAD,$8.66,1441210886995,"53,249",50% bullish,of 2 ratings,$8.75
GLADO,$25.5,1441210887027,727,Not yet rated,NULL,N/A
GBCI,$25.29,1441210887059,"118,737",50% bullish,of 2 ratings,$31
GOOD,$14.2,1441210887087,"16,386",Not yet rated,NULL,$19
GOODN,NULL,1441210887129,0,Not yet rated,NULL,N/A
GOODP,$25.1,1441210887157,712,Not yet rated,NULL,N/A
GOODO,$25.1,1441210887223,1,Not yet rated,NULL,N/A
GAIN,$7.38,1441210887286,"36,443",100% bullish,of 2 ratings,$8.25
GAINO,$25.19,1441210887391,1,Not yet rated,NULL,N/A
GAINN,$25.1502,1441210887439,"13,196",Not yet rated,NULL,N/A
GAINP,$25.61,1441210887464,"4,419",Not yet rated,NULL,N/A
LAND,$9.163,1441210888666,"13,085",50% bullish,of 2 ratings,$13.75
GLBZ,NULL,1441210888699,0,Not yet rated,NULL,N/A
GBLI,$27.01,1441210888721,"6,474",Not yet rated,NULL,N/A
ENT,$10.856,1441210888742,"15,156",100% bearish,of 1 rating,$18
GDEF,$10.65,1441210888763,400,Not yet rated,NULL,N/A
GPACU,NULL,1441210888811,0,Not yet rated,NULL,N/A
GBT,$49.9,1441210888832,"34,585",100% bearish,of 1 rating,N/A
GSOL,$8.19,1441210888854,"12,619",100% bearish,of 1 rating,N/A
QQQC,$18.25,1441210888988,"4,400",100% bearish,of 1 rating,N/A
ACTX,$12.76,1441210889014,"2,000",100% bullish,of 1 rating,N/A
SOCL,$17.07,1441210889036,"26,141",100% bullish,of 2 ratings,N/A
ALTY,$14.04,1441210889168,660,Not yet rated,NULL,N/A
YLCO,$11.66,1441210889323,600,Not yet rated,NULL,N/A
GLUU,$4.18,1441210889356,"488,231",92% bullish,of 26 ratings,$9
SRET,$12.95,1441210889377,"2,153",Not yet rated,NULL,N/A
GLBS,$1.06,1441210889409,300,67% bullish,of 3 ratings,N/A
GBIM,$2.47,1441210889433,"5,130",50% bullish,of 2 ratings,N/A
GAI,$6.03,1441210889455,100,50% bullish,of 2 ratings,N/A
GSM,$13.6,1441210889489,"68,355",50% bullish,of 2 ratings,$22
GLRI,$1.01,1441210889597,"30,457",100% bearish,of 1 rating,$4.25
GOGO,$15.63,1441210889624,"200,561",80% bullish,of 5 ratings,$25
GLNG,$37.8,1441210889685,"172,590",83% bullish,of 6 ratings,$55.50
GLYC,$7,1441210889714,400,50% bullish,of 2 ratings,$14
GMLP,$19.6799,1441210889735,"53,736",50% bullish,of 4 ratings,$29
GOOG,$602.885,1441210890005,"495,473",88% bullish,of 73 ratings,$787.50
GBDC,$16.95,1441210890041,"54,560",Not yet rated,NULL,$17.75
GTIM,$6.75,1441210890062,"6,246",Not yet rated,NULL,$11.50
GDEN,$8.98,1441210890083,"1,000",50% bullish,of 2 ratings,N/A
GOGL,$2.905,1441210890122,"110,086",75% bullish,of 4 ratings,$5
GPRO,$39.88,1441210890143,"7,771,796",78% bullish,of 58 ratings,$72
GLDC,$4.0987,1441210890185,200,50% bullish,of 2 ratings,N/A
GMAN,$3.6501,1441210890215,"13,381",60% bullish,of 5 ratings,$8.50
GPIA,NULL,1441210890275,0,100% bearish,of 1 rating,N/A
GPIAU,$9.95,1441210890303,500,Not yet rated,NULL,N/A
GOOGL,$633.62,1441210890324,"286,396",88% bullish,of 1082 ratings,$749
GRVY,NULL,1441210890470,0,50% bullish,of 2 ratings,N/A
LOPE,$36.34,1441210890497,"34,940",100% bearish,of 2 ratings,$50
GPIAW,NULL,1441210890563,0,Not yet rated,NULL,N/A
GBSN,$0.279,1441210890589,"2,384,878",50% bullish,of 2 ratings,$8.25
GBSNU,NULL,1441210890626,0,NULL,NULL,NULL
GLDD,$5.32,1441210890687,"32,774",100% bearish,of 4 ratings,$7.75
GSBC,$40.4,1441210890761,"4,810",100% bullish,of 1 rating,$44
GNBC,$11.68,1441210890905,"2,396",100% bearish,of 1 rating,$16.50
GRBK,$11.59,1441210890931,"50,851",77% bullish,of 13 ratings,N/A
GCBC,$28.5,1441210890952,101,100% bullish,of 1 rating,N/A
GPP,$14.3732,1441210890993,"12,810",Not yet rated,NULL,$20.50
GLRE,$24.93,1441210891015,"80,692",50% bullish,of 2 ratings,$41
GPRE,$19.96,1441210891044,"123,112",67% bullish,of 6 ratings,$28.50
GRIF,NULL,1441210891083,0,100% bearish,of 1 rating,N/A
GRPN,$4.28,1441210891247,"1,221,659",61% bullish,of 71 ratings,$6.75
OMAB,$41.16,1441210891351,"9,503",100% bullish,of 1 rating,$44
GSIG,$12.63,1441210891381,"5,300",100% bearish,of 2 ratings,N/A
GRFS,$29.73,1441210891420,"153,818",50% bullish,of 2 ratings,$35
GGAL,$18.69,1441210891449,"39,766",80% bullish,of 5 ratings,$40
GSIT,$4.62,1441210891479,"2,000",100% bearish,of 1 rating,N/A
GSVC,$8.65,1441210891552,"6,326",50% bullish,of 2 ratings,$15.75
GBNK,$15.68,1441210891579,"2,713",100% bearish,of 1 rating,$18
GTXI,$0.89,1441210891608,"11,346",100% bullish,of 5 ratings,$.75
GUID,$6.855,1441210891769,"13,613",100% bearish,of 3 ratings,$10
GFED,$14.97,1441210891797,300,Not yet rated,NULL,$17
GIFI,$12.625,1441210891818,"20,309",100% bearish,of 1 rating,$16
GPOR,$33.4,1441210891850,"226,006",75% bullish,of 4 ratings,$54
GURE,$1.69,1441210891881,"20,348",88% bullish,of 8 ratings,N/A
GULTU,$0.3274,1441210891987,"12,203",100% bearish,of 1 rating,N/A
GWPH,$104.04,1441210892041,"34,516",78% bullish,of 9 ratings,$148.50
GYRO,$29.7,1441210892140,"2,600",100% bearish,of 1 rating,N/A
GWGH,$8.12,1441210892166,100,100% bearish,of 1 rating,$15.05
HEES,$18.46,1441210892194,"155,606",67% bearish,of 3 ratings,$31
HLG,NULL,1441210892224,0,100% bearish,of 1 rating,N/A
HALL,$11.39,1441210892326,"3,500",Not yet rated,NULL,N/A
HNRG,$7.385,1441210892356,"25,918",100% bearish,of 1 rating,$10
HMPR,$1.83,1441210892459,"6,199",100% bullish,of 1 rating,N/A
HALO,$17.06,1441210892487,"211,756",67% bullish,of 3 ratings,$22.50
HBHCL,$24.4482,1441210892509,"22,132",Not yet rated,NULL,N/A
HBHC,$26.3653,1441210892546,"76,299",50% bullish,of 2 ratings,$30
HBK,NULL,1441210892574,0,50% bullish,of 2 ratings,N/A
HNH,$24.77,1441210892646,"9,087",100% bullish,of 1 rating,N/A
HNSN,$0.522,1441210892710,"20,522",88% bullish,of 8 ratings,$.40
HAFC,$23.4,1441210892739,"22,046",100% bullish,of 2 ratings,$28.50
HQCL,$12.17,1441210892840,"3,434",67% bullish,of 3 ratings,$14
HDNG,$9.8999,1441210892869,"3,472",50% bullish,of 4 ratings,N/A
HRMN,NULL,1441210892978,0,Not yet rated,NULL,N/A
HRMNW,$0.4375,1441210893005,100,Not yet rated,NULL,N/A
HLIT,$5.65,1441210893034,"73,390",100% bearish,of 1 rating,$6.50
TINY,$2.455,1441210893077,"1,938",50% bullish,of 2 ratings,$5.26
HART,$1.18,1441210893108,"128,350",100% bearish,of 1 rating,N/A
HBIO,$4.41,1441210893140,"29,757",100% bearish,of 1 rating,$10
HRMNU,NULL,1441210893210,0,Not yet rated,NULL,N/A
HCAP,$12,1441210893243,887,50% bullish,of 2 ratings,$15
HAS,$74.29,1441210893340,"440,775",63% bullish,of 8 ratings,$84.50
HCAPL,$25.45,1441210893371,300,Not yet rated,NULL,N/A
HA,$23.48,1441210893433,"144,665",67% bullish,of 9 ratings,$27
HCOM,$21.98,1441210893468,"2,213",100% bearish,of 1 rating,$28
HWKN,$38.015,1441210893563,"2,956",Not yet rated,NULL,N/A
HWBK,$13.56,1441210893593,300,100% bearish,of 1 rating,N/A
HAYN,$37.86,1441210893666,"8,316",100% bearish,of 1 rating,$59
HDS,$31.895,1441210893693,"482,907",100% bearish,of 2 ratings,$39.50
HIIQ,$4.7,1441210893738,"13,584",50% bullish,of 2 ratings,$7
HCSG,$32.66,1441210893870,"23,138",50% bullish,of 4 ratings,$35
HQY,$29.295,1441210893898,"52,892",67% bullish,of 3 ratings,$35
HSTM,$23.965,1441210893919,"20,471",50% bullish,of 2 ratings,$33.75
HTLD,$20.02,1441210893957,"119,999",Not yet rated,NULL,$22.50
HWAY,$11.79,1441210894050,"62,062",100% bearish,of 1 rating,$15
HTWR,$66.73,1441210894076,"1,081,890",50% bullish,of 2 ratings,$103
HELE,$81.95,1441210894258,"37,102",67% bearish,of 3 ratings,$100
HTBX,$4.0923,1441210894288,"15,116",50% bullish,of 2 ratings,$15.50
HTLF,$35.51,1441210894315,"2,775",100% bullish,of 1 rating,$39.50
HMNY,NULL,1441210894336,0,100% bearish,of 1 rating,N/A
HSII,$19.7,1441210894365,"11,784",100% bullish,of 3 ratings,$25
HMTV,$13.27,1441210894397,"2,239",100% bearish,of 1 rating,$16
HCACU,$9.99,1441210894496,700,Not yet rated,NULL,N/A
HNNA,$24.65,1441210894523,200,Not yet rated,NULL,N/A
HERO,NULL,1441210894551,0,NULL,NULL,NULL
HTBK,$10.29,1441210894653,"12,858",Not yet rated,NULL,$12
HEOP,$7.62,1441210894684,468,Not yet rated,NULL,$8.50
HFWA,$17.34,1441210894736,"76,217",100% bullish,of 1 rating,$20
HSIC,$133.54,1441210894765,"71,943",83% bullish,of 6 ratings,$146
MLHR,$26.33,1441210894873,"144,098",50% bullish,of 2 ratings,$33.50
HRTX,$35.9,1441210895027,"225,867",57% bullish,of 7 ratings,$41
HCCI,$11.8989,1441210895056,"13,355",100% bearish,of 1 rating,$16.50
HSKA,$34.01,1441210895091,"24,613",100% bearish,of 1 rating,$38
HFFC,$15.98,1441210895117,"4,200",Not yet rated,NULL,N/A
HIBB,$38.485,1441210895155,"71,046",100% bearish,of 1 rating,$46.50
HPJ,$2.1,1441210895194,"16,960",75% bullish,of 4 ratings,$12.43
HIHO,$4.14,1441210895249,"1,680",Not yet rated,NULL,N/A
HIMX,$6.44,1441210895326,"647,197",86% bullish,of 21 ratings,$8.50
HIFS,$116.2,1441210895407,"2,667",Not yet rated,NULL,N/A
HMNF,NULL,1441210895432,0,Not yet rated,NULL,N/A
HSGX,$6.03,1441210895482,"1,104",100% bearish,of 1 rating,$17
HMSY,$9.78,1441210895587,"229,959",67% bullish,of 3 ratings,$19.35
HOLI,$16.6,1441210895612,"78,969",50% bullish,of 4 ratings,$27
HFBL,$22,1441210895744,700,Not yet rated,NULL,N/A
HBCP,$24.76,1441210895771,7,Not yet rated,NULL,$29
AWAY,$27.57,1441210895801,"170,910",67% bullish,of 3 ratings,$36
HOLX,$37.4,1441210895822,"886,210",50% bullish,of 4 ratings,$42
HMIN,$25.42,1441210895854,"20,203",100% bearish,of 2 ratings,$35
HOMB,$36.77,1441210895878,"28,065",Not yet rated,NULL,$42
HMST,$21.54,1441210896019,"48,194",100% bullish,of 2 ratings,$27
HTBI,$18.04,1441210896066,"9,356",67% bullish,of 3 ratings,$18.625
CETC,$0.75,1441210896093,"22,864",86% bullish,of 7 ratings,N/A
HKTV,$4.38,1441210896114,"14,750",100% bearish,of 1 rating,N/A
HOFT,$23.23,1441210896246,"14,917",100% bearish,of 1 rating,N/A
HFBC,$11.415,1441210896315,"2,000",Not yet rated,NULL,N/A
HBNC,$23.59,1441210896387,"1,450",100% bullish,of 1 rating,$27
HZNP,$29.305,1441210896420,"367,448",85% bullish,of 20 ratings,$40
HRZN,$10.3936,1441210896441,"5,586",50% bullish,of 2 ratings,$14.25
ZINC,$7.21,1441210896462,"504,707",100% bearish,of 1 rating,$17
HMHC,$21.76,1441210896502,"397,770",Not yet rated,NULL,$27
HDP,$23.21,1441210896523,"96,531",67% bearish,of 3 ratings,$30.50
HSNI,$59.61,1441210896679,"25,734",Not yet rated,NULL,$80
HOVNP,$3.97,1441210896711,"1,000",100% bearish,of 1 rating,N/A
HBMD,$14.4,1441210896736,40,100% bearish,of 1 rating,N/A
HTGM,$5.79,1441210896772,"1,103",100% bearish,of 1 rating,$19.50
HWCC,$7.62,1441210896813,"36,692",100% bearish,of 1 rating,$9
HUBG,$37.25,1441210896947,"33,365",100% bearish,of 1 rating,$43
HDSN,$3.1,1441210897034,"5,400",100% bullish,of 1 rating,$6.25
HCBK,$8.87,1441210897072,"475,378",83% bullish,of 6 ratings,$8.61
HSON,$2.71,1441210897093,"10,373",100% bearish,of 1 rating,$5
HBAN,$10.424,1441210897122,"1,634,729",76% bullish,of 17 ratings,$12.29
HURC,$29.27,1441210897160,"4,006",100% bearish,of 1 rating,N/A
HBANP,$1340,1441210897190,28,100% bearish,of 1 rating,N/A
HTCH,$1.3976,1441210897291,"37,714",100% bearish,of 1 rating,$3.50
HURN,$72.49,1441210897378,"21,343",50% bullish,of 2 ratings,$80
HBP,$3.1,1441210897422,"3,376",100% bullish,of 1 rating,N/A
HDRA,NULL,1441210897450,0,Not yet rated,NULL,N/A
HDRAR,NULL,1441210897553,0,Not yet rated,NULL,N/A
HDRAU,$10.18,1441210897606,900,Not yet rated,NULL,N/A
HDRAW,NULL,1441210897634,0,Not yet rated,NULL,N/A
IKGH,$1.52,1441210897769,"2,300",75% bullish,of 4 ratings,N/A
IBKC,$58.4,1441210897799,"20,115",100% bullish,of 1 rating,$70
IACI,$69.31,1441210897821,"207,119",80% bullish,of 5 ratings,$90
HYGS,$8.71,1441210897862,"23,687",50% bullish,of 2 ratings,$13
IDSY,$3.715,1441210897883,"17,250",100% bearish,of 1 rating,$7
IEP,$70.95,1441210897957,"19,915",75% bullish,of 4 ratings,$99
ICAD,$3.69,1441210897984,"24,437",100% bullish,of 2 ratings,$7.25
ICFI,$34.01,1441210898028,"14,562",50% bullish,of 2 ratings,$48.50
ICLR,$75.52,1441210898181,"105,121",100% bearish,of 3 ratings,$85
ICON,$13.01,1441210898207,"145,437",50% bullish,of 2 ratings,$28
INVE,$4.41,1441210898423,"11,480",75% bullish,of 4 ratings,$4
IPWR,$7.3,1441210898451,"2,400",100% bullish,of 1 rating,$15
IDRA,$2.83,1441210898476,"183,341",89% bullish,of 9 ratings,$6.50
IDXX,$71.535,1441210898506,"126,625",100% bearish,of 1 rating,$76
DSKY,$10.9,1441210898528,"17,150",67% bullish,of 6 ratings,$11.50
ICUI,$111.21,1441210898557,"47,492",Not yet rated,NULL,$122
IROQ,$16.83,1441210898689,100,100% bullish,of 1 rating,N/A
RXDX,$13.68,1441210898714,"31,869",100% bullish,of 1 rating,$20
KANG,$15.2,1441210898754,"85,785",50% bullish,of 2 ratings,$23.10
IIVI,$16.27,1441210898780,"66,861",100% bearish,of 1 rating,$22
IRG,$5,1441210898806,"5,616",100% bearish,of 1 rating,$4.25
ILMN,$193.63,1441210898945,"155,397",80% bullish,of 5 ratings,$245
IKAN,$2.732,1441210898992,"13,692",83% bullish,of 6 ratings,$5
ISNS,$4.1301,1441210899152,"1,890",50% bullish,of 2 ratings,N/A
IMMR,$11.47,1441210899198,"96,976",80% bullish,of 5 ratings,$15.50
IMDZ,$15.8,1441210899324,"19,433",100% bearish,of 1 rating,$33
ICCC,$6.55,1441210899349,"15,205",100% bullish,of 1 rating,N/A
IMNP,$1.24,1441210899377,"28,065",50% bullish,of 2 ratings,$6
IKNX,NULL,1441210899398,0,100% bearish,of 1 rating,N/A
IMGN,$13.21,1441210899434,"213,680",75% bullish,of 4 ratings,$17.50
IPXL,$40.3,1441210899534,"78,692",67% bullish,of 3 ratings,$46.50
IMMU,$2.11,1441210899563,"180,781",86% bullish,of 7 ratings,$2
INCR,$41.69,1441210899667,"84,148",50% bullish,of 2 ratings,$53
SAAS,$7.1,1441210900260,"148,480",50% bullish,of 2 ratings,$15
INCY,$117.92,1441210900285,"508,041",50% bullish,of 6 ratings,$125.50
INDB,$43.91,1441210900320,"6,008",Not yet rated,NULL,$44
IMMY,$7.6,1441210900360,"1,003",100% bearish,of 1 rating,$11
IBTX,$39.8,1441210900710,"5,706",100% bullish,of 2 ratings,$47.25
IBCP,$14.01,1441210900740,"21,950",100% bullish,of 1 rating,$14.50
INFN,$21.652,1441210900773,"198,435",71% bullish,of 7 ratings,$28
IPCC,$75.17,1441210900796,"6,368",Not yet rated,NULL,$77.50
INFI,$8.79,1441210900817,"71,601",50% bullish,of 4 ratings,$16.50
IDSA,NULL,1441210900855,0,Not yet rated,NULL,N/A
III,$3.555,1441210900876,"15,650",57% bullish,of 7 ratings,$6
IFON,$1.29,1441210900913,"7,299",75% bullish,of 4 ratings,N/A
INNL,NULL,1441210901015,0,100% bearish,of 1 rating,$16.50
INWK,$6.89,1441210901088,"25,683",50% bullish,of 2 ratings,$10
IMKTA,$49.66,1441210901113,"21,297",100% bearish,of 1 rating,N/A
INOD,$2.36,1441210901145,"1,137",100% bearish,of 1 rating,N/A
IPHS,$46.61,1441210901366,"11,903",100% bearish,of 1 rating,$60
INO,$7.0199,1441210901428,"203,520",89% bullish,of 18 ratings,$20
ITEK,$12.1,1441210901460,"100,855",100% bearish,of 3 ratings,$20
IOSP,$49.17,1441210901485,"72,075",100% bearish,of 1 rating,N/A
INGN,$48.93,1441210901516,"25,612",100% bearish,of 1 rating,$50.50
NSIT,$24.34,1441210901544,"62,517",50% bullish,of 2 ratings,N/A
INOV,$21.7,1441210901565,"59,938",100% bearish,of 1 rating,$33
ISSC,$2.85,1441210901598,"12,700",67% bearish,of 3 ratings,N/A
ISIG,$2.694,1441210901789,575,100% bearish,of 1 rating,N/A
PODD,$28.48,1441210901814,"50,175",67% bearish,of 3 ratings,$35
INSM,$23.93,1441210901840,"63,556",71% bullish,of 7 ratings,$31.50
IIIN,$17.19,1441210901865,"10,299",100% bearish,of 2 ratings,N/A
IART,$58.81,1441210902093,"69,689",100% bearish,of 2 ratings,$71.50
INSY,$33.09,1441210902158,"147,153",75% bullish,of 4 ratings,$48
NTEC,$5.66,1441210902180,"4,620",100% bearish,of 1 rating,N/A
INTC,$28.41,1441210902201,"9,672,431",82% bullish,of 238 ratings,$36
IDTI,$18.62,1441210902223,"354,153",60% bullish,of 5 ratings,$25
IESC,$7.21,1441210902256,"1,605",100% bearish,of 1 rating,N/A
IQNT,$18.3,1441210902298,"43,428",86% bullish,of 7 ratings,$20
ISSI,$21.87,1441210902320,"27,681",67% bullish,of 3 ratings,$19.75
IPCI,$2.23,1441210902403,"13,458",67% bullish,of 6 ratings,$8
IPAR,$24.54,1441210902535,"10,011",67% bullish,of 3 ratings,$38
IBKR,$36.77,1441210902564,"285,131",100% bullish,of 1 rating,N/A
ININ,$34.6,1441210902667,"13,822",67% bearish,of 3 ratings,$57
ICPT,$184.06,1441210902703,"56,285",70% bullish,of 10 ratings,$359.50
INAP,$9.03,1441210902800,"155,266",75% bullish,of 4 ratings,$11
ICLD,$1.87,1441210902827,"72,174",75% bullish,of 4 ratings,N/A
ICLDW,$1.17,1441210902860,200,100% bearish,of 1 rating,N/A
IDCC,$48.2901,1441210902889,"35,939",80% bullish,of 5 ratings,$63
TILE,$23.91,1441210902915,"129,935",100% bearish,of 3 ratings,$27
IMI,$2.01,1441210902967,"3,644",67% bullish,of 3 ratings,$2.22
IBOC,$24.5,1441210903106,"18,691",100% bearish,of 1 rating,N/A
IIJI,$9.14,1441210903138,100,50% bullish,of 2 ratings,$11.50
IGLD,$7.315,1441210903164,120,50% bullish,of 2 ratings,N/A
ISCA,$31.99,1441210903242,"10,761",100% bearish,of 1 rating,N/A
PTNT,$3.03,1441210903480,100,Not yet rated,NULL,N/A
INPH,NULL,1441210903511,0,50% bullish,of 2 ratings,N/A
INTX,$2.08,1441210903579,"27,042",67% bullish,of 3 ratings,N/A
XENT,$25.94,1441210903604,"23,913",50% bullish,of 2 ratings,$36.50
ISIL,$10.31,1441210903634,"186,301",50% bullish,of 6 ratings,$15
INTL,$25.53,1441210903738,"17,543",67% bearish,of 3 ratings,N/A
IILG,$19.43,1441210903794,"10,193",100% bearish,of 1 rating,$29
ISRG,$504.975,1441210903961,"44,998",67% bullish,of 3 ratings,$600
ITCI,$26.9201,1441210903994,"403,666",75% bearish,of 4 ratings,$40
IIN,NULL,1441210904014,0,100% bearish,of 1 rating,$12
INTLL,NULL,1441210904054,0,Not yet rated,NULL,N/A
IVAC,$4.64,1441210904077,"7,384",100% bearish,of 1 rating,$6.625
INTU,$84.145,1441210904107,"532,692",86% bullish,of 7 ratings,$107.50
INVT,$0.3136,1441210904146,"99,800",67% bullish,of 3 ratings,N/A
SNAK,$8.25,1441210904244,"15,301",50% bullish,of 2 ratings,$14
ISTR,$15.6101,1441210904348,749,100% bearish,of 1 rating,$18.50
NVIV,$9.1025,1441210904539,"43,190",50% bullish,of 4 ratings,$24.50
IPAS,$1.04,1441210904572,"195,664",67% bullish,of 3 ratings,N/A
IVTY,$13.72,1441210904610,"4,400",Not yet rated,NULL,$18
ISBC,$11.44,1441210904646,"891,087",100% bullish,of 1 rating,$13.25
DTUL,NULL,1441210904666,0,Not yet rated,NULL,N/A
ITIC,$71.12,1441210904697,400,100% bearish,of 2 ratings,N/A
DFVL,NULL,1441210904718,0,Not yet rated,NULL,N/A
IRMD,$23.75,1441210904751,"5,858",67% bearish,of 3 ratings,$25
IRDM,$6.835,1441210904887,"175,923",60% bullish,of 5 ratings,$11.50
IPGP,$81.95,1441210904934,"79,230",67% bearish,of 3 ratings,$109.50
IRIX,$6.78,1441210904960,"1,100",100% bearish,of 1 rating,N/A
IPCM,$79.305,1441210904986,"87,761",50% bullish,of 2 ratings,$80.125
IRBT,$29.03,1441210905020,"52,198",67% bullish,of 6 ratings,$37
IRDMB,$264.197,1441210905125,"10,250",67% bearish,of 3 ratings,N/A
IRWD,$10.845,1441210905264,"155,697",100% bearish,of 1 rating,$13
COMT,$32.4829,1441210905290,"3,845",100% bearish,of 1 rating,N/A
IRCP,NULL,1441210905313,0,100% bullish,of 2 ratings,N/A
FCHI,NULL,1441210905339,0,NULL,NULL,NULL
GNMA,$50,1441210905373,200,Not yet rated,NULL,N/A
IFAS,NULL,1441210905441,0,NULL,NULL,NULL
IFNA,NULL,1441210905471,0,NULL,NULL,NULL
IFGL,$27.69,1441210905537,"7,476",Not yet rated,NULL,N/A
IFEU,$37.66,1441210905568,"5,099",Not yet rated,NULL,N/A
ACWI,$54.35,1441210905606,"422,336",Not yet rated,NULL,N/A
ACWX,$39.59,1441210905629,"201,544",100% bearish,of 1 rating,N/A
AAXJ,$51.89,1441210905663,"299,786",Not yet rated,NULL,N/A
AXJS,NULL,1441210905692,0,NULL,NULL,NULL
AAIT,NULL,1441210905716,0,NULL,NULL,NULL
EMDI,NULL,1441210905848,0,NULL,NULL,NULL
EEMA,$48.922,1441210905905,"22,381",Not yet rated,NULL,N/A
EEME,NULL,1441210905928,0,NULL,NULL,NULL
EMEY,NULL,1441210905950,0,NULL,NULL,NULL
EGRW,NULL,1441210905977,0,NULL,NULL,NULL
EEML,NULL,1441210906079,0,Not yet rated,NULL,N/A
EVAL,NULL,1441210906106,0,NULL,NULL,NULL
EUFN,$21.2005,1441210906182,"43,509",100% bearish,of 1 rating,N/A
IEUS,$44.59,1441210906217,530,100% bearish,of 1 rating,N/A
UAE,$17.98,1441210906278,"9,379",Not yet rated,NULL,N/A
SOXX,$80.71,1441210906307,"167,516",50% bullish,of 2 ratings,N/A
IBB,$335.6801,1441210906336,"255,978",63% bullish,of 8 ratings,N/A
QAT,$21.33,1441210906356,4,Not yet rated,NULL,N/A
EMIF,$27.63,1441210906484,"2,965",Not yet rated,NULL,N/A
ICLN,$9.177,1441210906537,"2,946",50% bullish,of 2 ratings,N/A
WOOD,$46.94,1441210906566,"18,428",50% bullish,of 2 ratings,N/A
ISHG,$79.67,1441210906641,"10,602",100% bearish,of 1 rating,N/A
INDY,$26.59,1441210906669,"29,363",50% bullish,of 2 ratings,N/A
ISIS,$50.03,1441210906750,"340,721",53% bullish,of 15 ratings,$67
ISLE,$19.5644,1441210906825,"403,062",50% bullish,of 4 ratings,$16
IGOV,$90.8,1441210906855,"46,318",100% bearish,of 1 rating,N/A
ITRN,$24.03,1441210906887,707,50% bullish,of 2 ratings,N/A
ISRL,$126.18,1441210906928,2,100% bearish,of 1 rating,N/A
ITUS,$4.06,1441210906961,"3,400",Not yet rated,NULL,N/A
ITRI,$29.1,1441210906988,"68,726",100% bearish,of 1 rating,$37
IXYS,$11.31,1441210907060,"28,520",50% bullish,of 4 ratings,N/A
XXIA,$15.04,1441210907122,"46,963",71% bullish,of 7 ratings,$14.625
JJSF,$112.47,1441210907195,"7,790",100% bearish,of 1 rating,N/A
MAYS,NULL,1441210907224,0,Not yet rated,NULL,N/A
JBHT,$72.046,1441210907326,"140,267",50% bullish,of 4 ratings,$89.50
JASO,$7.83,1441210907504,"261,131",82% bullish,of 17 ratings,$10
JKHY,$65.6,1441210907578,"122,206",67% bearish,of 3 ratings,$72
JAXB,NULL,1441210907633,0,100% bullish,of 1 rating,N/A
JXSB,NULL,1441210907686,0,Not yet rated,NULL,N/A
JACK,$77.13,1441210907708,"100,677",71% bullish,of 7 ratings,$105
JCOM,$66.815,1441210907740,"44,226",100% bullish,of 2 ratings,$77
JAGX,$3.3999,1441210907768,"5,004",Not yet rated,NULL,$10.50
JAKK,$9.4,1441210907793,"79,000",60% bearish,of 5 ratings,$11
JRVR,$27.46,1441210907841,"13,137",Not yet rated,NULL,$32
ERW,NULL,1441210908020,0,Not yet rated,NULL,N/A
JMBA,$14.15,1441210908045,"18,848",75% bullish,of 4 ratings,$18
JASN,$4.8379,1441210908071,"4,697",50% bullish,of 2 ratings,$9.50
JASNW,NULL,1441210908092,0,50% bullish,of 2 ratings,N/A
JAZZ,$164.23,1441210908222,"46,427",80% bullish,of 15 ratings,$206.50
JD,$24.385,1441210908255,"2,025,125",75% bullish,of 16 ratings,$36
JCTCF,$9.65,1441210908355,100,100% bullish,of 1 rating,N/A
JTPY,NULL,1441210908385,0,100% bearish,of 1 rating,N/A
JBLU,$23.02,1441210908416,"2,407,203",94% bullish,of 18 ratings,$27
DATE,$6.18,1441210908448,"37,609",75% bullish,of 4 ratings,$9
JIVE,$4.57,1441210908470,"51,548",75% bullish,of 4 ratings,$5
JST,$3.77,1441210908521,"2,705",75% bullish,of 4 ratings,N/A
WYIGU,NULL,1441210908548,0,100% bearish,of 1 rating,N/A
JOEZ,$0.1798,1441210908699,"30,919",92% bullish,of 12 ratings,N/A
JBSS,$51.12,1441210908731,"3,425",67% bearish,of 3 ratings,N/A
JOUT,$24.23,1441210908752,"6,914",100% bearish,of 1 rating,$34
JUNO,$34.3,1441210908788,"283,989",73% bullish,of 11 ratings,$71.50
JNP,$11.76,1441210908832,"18,112",100% bullish,of 3 ratings,$15
KBIO,$2.0585,1441210909031,"10,081",50% bullish,of 4 ratings,N/A
KMDA,$3.46,1441210909065,"1,700",50% bullish,of 2 ratings,$8
KALU,$81.27,1441210909086,"33,657",67% bearish,of 3 ratings,$91
KCLI,$46.43,1441210909123,"8,155",Not yet rated,NULL,N/A
KNDI,$6.26,1441210909144,"77,994",86% bullish,of 22 ratings,N/A
KTWO,$20.79,1441210909165,"19,257",100% bearish,of 1 rating,$28.50
KBSF,NULL,1441210909208,0,100% bullish,of 1 rating,N/A
KPTI,$13.9,1441210909304,"104,469",67% bearish,of 3 ratings,$39
KRNY,$11.3,1441210909348,"110,319",100% bearish,of 1 rating,$12
KCAP,$4.66,1441210909382,"17,563",75% bullish,of 4 ratings,$6
KELYA,$14.29,1441210909435,"16,095",67% bullish,of 6 ratings,$20
GMCR,$55.92,1441210909605,"709,526",71% bullish,of 42 ratings,$64
KMPH,$19.54,1441210909701,"6,456",100% bearish,of 2 ratings,$22
KELYB,NULL,1441210909730,0,50% bullish,of 2 ratings,N/A
KFFB,$8.67,1441210909751,540,100% bearish,of 1 rating,N/A
KTCC,$10.4,1441210909793,"1,443",100% bearish,of 1 rating,$16
KEQU,$16.6026,1441210909883,800,100% bullish,of 1 rating,N/A
KTEC,$12.14,1441210909914,200,Not yet rated,NULL,N/A
KERX,$5.82,1441210909935,"202,875",82% bullish,of 11 ratings,$12
KFRC,$26.34,1441210909967,"30,157",100% bullish,of 2 ratings,$29
KE,$11.31,1441210910015,"56,464",67% bearish,of 3 ratings,$16
KBAL,$10.49,1441210910099,"20,689",50% bullish,of 2 ratings,N/A
KIN,$5.93,1441210910144,"2,422",50% bullish,of 2 ratings,$6.25
KGJI,$0.655,1441210910203,"51,884",89% bullish,of 9 ratings,N/A
