Symbol,Price,Date,Volume,Rating,RatingVoteCount,OneYearEstimate
TFSCU,$10.14,1440519602483,907,Not yet rated,NULL,N/A
PIH,$7.1009,1440519602514,307,100% bearish,of 1 rating,N/A
SRCE,$28.85,1440519602544,"4,428",100% bullish,of 3 ratings,$33
FCCY,$11.5,1440519602571,600,100% bullish,of 1 rating,$13
TFSCR,NULL,1440519602597,0,Not yet rated,NULL,N/A
FCTY,$7.7006,1440519602618,"3,250",100% bullish,of 1 rating,$8.50
VNET,$18.52,1440519602648,"227,496",60% bullish,of 5 ratings,$29.50
FLWS,$9.35,1440519602669,"75,385",100% bullish,of 5 ratings,$15
TFSC,NULL,1440519602977,0,100% bearish,of 1 rating,N/A
TFSCW,$0.2,1440519603002,"3,500",100% bearish,of 1 rating,N/A
TWOU,$34.2,1440519603133,"88,506",50% bullish,of 2 ratings,$39
DGLD,$80.84,1440519603199,"21,669",100% bullish,of 1 rating,N/A
UGLD,$9.33,1440519603224,"181,805",100% bearish,of 1 rating,N/A
JOBS,$27.45,1440519603354,"65,004",50% bullish,of 4 ratings,$36
DSLV,$69.268,1440519603389,"10,907",100% bearish,of 1 rating,N/A
USLV,$12.75,1440519603522,"221,645",86% bullish,of 7 ratings,N/A
CAFD,$14.64,1440519603755,"1,067,429",Not yet rated,NULL,$25
SIXD,$4.05,1440519603823,"399,010",Not yet rated,NULL,N/A
EGHT,$7.78,1440519603855,"263,312",82% bullish,of 17 ratings,$11
ABGB,$5.22,1440519603884,"115,838",67% bullish,of 3 ratings,$5.50
AVHI,$13.96,1440519603914,"17,792",100% bearish,of 1 rating,$19
ABAX,$47.05,1440519603974,"48,433",100% bearish,of 1 rating,$60
AAON,$20.45,1440519604013,"17,117",100% bearish,of 1 rating,$24
ABY,$20.11,1440519604184,"505,917",100% bearish,of 2 ratings,$46
SHLM,$32.9,1440519604210,"37,428",100% bearish,of 1 rating,$50
ABMD,$97.17,1440519604361,"252,004",75% bullish,of 4 ratings,$100.50
ABEO,$4.59,1440519604391,"49,595",50% bullish,of 4 ratings,$15.50
ABEOW,$1.68,1440519604447,"12,103",100% bullish,of 1 rating,N/A
AXAS,$1.54,1440519604498,"396,156",78% bullish,of 9 ratings,$3.50
ACTG,$8.77,1440519604603,"89,611",67% bullish,of 3 ratings,$18.50
AXDX,$18.9,1440519604880,"66,487",100% bearish,of 1 rating,N/A
ACAD,$35.22,1440519604917,"344,057",80% bullish,of 20 ratings,$48
ACHC,$71.99,1440519604946,"290,580",50% bullish,of 2 ratings,$92
ACST,$0.3634,1440519605048,"29,249",100% bullish,of 2 ratings,N/A
VXDN,$2.07,1440519605078,"196,899",100% bearish,of 1 rating,N/A
XLRN,$27.97,1440519605129,"54,009",50% bullish,of 2 ratings,$57
ANCX,$19.58,1440519605179,"19,929",Not yet rated,NULL,$19
VXUP,$1.53,1440519605205,"252,358",100% bearish,of 1 rating,N/A
ARAY,$6.63,1440519605334,"348,695",100% bearish,of 1 rating,$10.50
ACET,$22.91,1440519605435,"29,365",75% bullish,of 4 ratings,$30
ACRX,$4.155,1440519605506,"130,294",67% bearish,of 6 ratings,$5.50
AKAO,$6.33,1440519605534,"23,577",75% bullish,of 4 ratings,$15
ACHN,$7.52,1440519605561,"688,986",90% bullish,of 21 ratings,$16
ACIW,$21.06,1440519605707,"137,062",50% bullish,of 2 ratings,$24
ACOR,$32.3,1440519605736,"1,474,512",67% bearish,of 3 ratings,$38.50
ACNB,$20.05,1440519605835,720,Not yet rated,NULL,N/A
ACPW,$1.8199,1440519605927,"31,838",100% bullish,of 4 ratings,$3.50
ACTS,$1.59,1440519605963,"62,068",100% bearish,of 1 rating,N/A
ATVI,$26.9901,1440519606056,"1,590,126",68% bullish,of 84 ratings,$31.50
ACTA,$13.39,1440519606082,"35,140",67% bearish,of 3 ratings,$25
ACUR,$0.5394,1440519606129,"95,629",100% bullish,of 5 ratings,$1
ACXM,$20.11,1440519606345,"155,411",67% bullish,of 3 ratings,N/A
ADMP,$3.552,1440519606372,"29,475",50% bullish,of 2 ratings,$10
ADAP,$11.51,1440519606570,"55,633",67% bullish,of 3 ratings,$22
ADMS,$19.34,1440519606632,"15,065",100% bearish,of 2 ratings,$36
ADUS,$29.12,1440519606658,"23,416",100% bearish,of 1 rating,$31
ADMA,$9.42,1440519606691,"6,776",Not yet rated,NULL,$19
AEY,$2.36,1440519606788,"16,511",100% bearish,of 2 ratings,N/A
ADEP,$6.65,1440519606813,"8,844",50% bullish,of 2 ratings,$10.75
ADBE,$77.11,1440519606841,"1,705,507",65% bullish,of 17 ratings,$90
AMD,$1.77,1440519607049,"3,743,805",83% bullish,of 103 ratings,$2
AEIS,$24.34,1440519607113,"50,265",50% bullish,of 2 ratings,$32.50
ADRO,$19.23,1440519607209,"146,741",80% bullish,of 5 ratings,$45.50
ADTN,$15.16,1440519607237,"78,748",67% bullish,of 3 ratings,$17.125
ADXS,$13.54,1440519607314,"385,196",64% bullish,of 14 ratings,$27
MULT,NULL,1440519607372,0,100% bearish,of 1 rating,N/A
ADXSW,$9.2,1440519607400,"2,100",100% bullish,of 1 rating,N/A
YPRO,$22.93,1440519607603,"3,718",100% bearish,of 1 rating,N/A
AEGR,$17.38,1440519607733,"90,213",50% bullish,of 6 ratings,$26
AERI,$16.0001,1440519607772,"107,571",75% bullish,of 4 ratings,$31.50
AEGN,$17.97,1440519607798,"48,392",100% bearish,of 2 ratings,$21
AEPI,$53.8,1440519607830,"2,464",100% bearish,of 1 rating,N/A
AMTX,$2.62,1440519607878,"12,202",50% bullish,of 2 ratings,$26.11
AEHR,NULL,1440519607926,0,50% bullish,of 2 ratings,N/A
AEZS,$0.0916,1440519608079,"4,813,478",90% bullish,of 21 ratings,$1.50
AVAV,$23.72,1440519608111,"35,648",50% bullish,of 4 ratings,$31
AFMD,$9.85,1440519608212,"67,618",50% bullish,of 4 ratings,$15
AEMD,$7.0446,1440519608241,"4,390",Not yet rated,NULL,$27.50
AGEN,$6.8,1440519608268,"334,119",85% bullish,of 13 ratings,$14
AFFX,$9.02,1440519608293,"88,766",80% bullish,of 5 ratings,$12
AGRX,$8.19,1440519608551,"3,450",100% bearish,of 1 rating,$17.50
AGIO,$85.41,1440519608623,"106,811",88% bullish,of 8 ratings,$114
AGYS,$9.44,1440519608683,"8,960",100% bearish,of 1 rating,N/A
AIMT,$21.06,1440519608752,"41,554",Not yet rated,NULL,N/A
AGFS,$10.05,1440519608949,"98,033",100% bearish,of 1 rating,N/A
AGFSW,$1.83,1440519609047,"2,243",100% bearish,of 2 ratings,N/A
AIRT,$21.92,1440519609144,100,100% bullish,of 1 rating,N/A
AMCN,$4.49,1440519609173,"359,776",83% bullish,of 6 ratings,N/A
AIRM,$35.96,1440519609246,"59,185",80% bearish,of 5 ratings,$53
AKAM,$68.455,1440519609309,"927,789",63% bullish,of 8 ratings,$77
ATSG,$8.65,1440519609338,"54,032",67% bullish,of 3 ratings,$13
AIXG,$5.74,1440519609435,"10,342",67% bearish,of 3 ratings,$5.25
AKBA,$6.38,1440519609538,"93,147",100% bearish,of 1 rating,$18
AKRX,$40.49,1440519609620,"216,277",78% bullish,of 9 ratings,$56
ALSK,$2,1440519609678,"32,645",78% bullish,of 18 ratings,$2
AKER,$2.55,1440519609705,"1,700",Not yet rated,NULL,N/A
ALRM,$16.76,1440519609726,"101,453",100% bearish,of 1 rating,$22
AMRI,$19.33,1440519609866,"129,836",75% bearish,of 4 ratings,$24
ADHD,$8.36,1440519610028,"86,294",50% bullish,of 4 ratings,$18
ABDC,$11.9001,1440519610090,"23,995",Not yet rated,NULL,$15
ALDX,$6.78,1440519610117,"13,458",100% bearish,of 1 rating,$14.50
ALXN,$171.91,1440519610170,"507,288",88% bullish,of 8 ratings,$223
ALXA,$1.07,1440519610255,"7,481",83% bullish,of 6 ratings,$2.125
ALDR,$38.45,1440519610326,"194,978",67% bearish,of 3 ratings,$62
ALCO,$40.89,1440519610411,"2,208",50% bullish,of 2 ratings,N/A
ALGN,$55.73,1440519610484,"216,069",100% bearish,of 2 ratings,$73
ALIM,$3.23,1440519610539,"31,315",80% bullish,of 5 ratings,$10
ALKS,$60.08,1440519610640,"214,031",67% bullish,of 3 ratings,$75
ALGT,$218.33,1440519610670,"38,905",100% bearish,of 2 ratings,$235
AFOP,$18.45,1440519610694,"121,438",75% bullish,of 8 ratings,$21
ALLB,$22.87,1440519610719,400,Not yet rated,NULL,N/A
AIQ,$13.81,1440519610856,"3,137",67% bullish,of 3 ratings,N/A
ARLP,$24.18,1440519610999,"50,733",67% bearish,of 3 ratings,$32
AHGP,$35.51,1440519611033,"19,821",67% bullish,of 3 ratings,N/A
AHPI,$1.5,1440519611131,115,50% bullish,of 2 ratings,N/A
ALQA,$4.22,1440519611182,"27,256",75% bullish,of 4 ratings,$8.50
AMOT,$18.09,1440519611291,"43,842",100% bearish,of 1 rating,N/A
MDRX,$13.4,1440519611317,"526,613",60% bullish,of 5 ratings,$16
AFAM,$44.4033,1440519611516,"5,929",50% bullish,of 2 ratings,$44
ALLT,$5.05,1440519611550,"51,114",75% bullish,of 4 ratings,$6.25
SMCP,$22.69,1440519611690,"1,609",Not yet rated,NULL,N/A
ALNY,$98.21,1440519611795,"181,754",67% bullish,of 3 ratings,$148.50
AOSL,$7.2,1440519611832,"15,955",67% bullish,of 3 ratings,$9
ASPS,$26.57,1440519611973,"47,132",67% bullish,of 3 ratings,$46.50
ATEC,$0.58,1440519612029,"59,535",100% bullish,of 1 rating,$2
AIMC,$24.59,1440519612138,"28,347",100% bearish,of 2 ratings,$28.50
AMAG,$59.86,1440519612166,"121,064",100% bullish,of 2 ratings,$77.50
ALTR,$47.35,1440519612197,"945,986",80% bearish,of 5 ratings,$54
AMRK,$10.65,1440519612299,804,50% bullish,of 2 ratings,$14
AMRN,$1.99,1440519612372,"425,803",85% bullish,of 39 ratings,$8
AYA,$20.55,1440519612501,"27,945",100% bearish,of 1 rating,$40
AMZN,$484.39,1440519612573,"1,339,678",81% bullish,of 263 ratings,$646
AMBCW,$7.1275,1440519612668,"1,376",100% bearish,of 1 rating,N/A
AMBC,$15.48,1440519612727,"66,128",100% bearish,of 1 rating,$16.50
AMBA,$91.385,1440519612799,"1,112,988",83% bullish,of 12 ratings,$102.50
DOX,$56.64,1440519612950,"173,369",50% bullish,of 2 ratings,$60
AMCX,$70.1,1440519612979,"379,009",67% bullish,of 3 ratings,$87.50
AMDA,$0.4453,1440519613041,"740,552",90% bullish,of 10 ratings,$1
EPAX,$2.67,1440519613068,"6,925",100% bearish,of 1 rating,N/A
AMED,$38.53,1440519613096,"96,396",100% bearish,of 1 rating,$42
ASBI,$22.26,1440519613231,100,Not yet rated,NULL,N/A
ATAX,$5.13,1440519613256,"185,740",100% bullish,of 1 rating,$6.50
UHAL,$362.585,1440519613415,"6,455",100% bullish,of 2 ratings,$393.50
AGNC,$19.375,1440519613472,"1,093,772",71% bullish,of 28 ratings,$22
AMOV,$17.68,1440519613500,"9,675",100% bearish,of 1 rating,N/A
AAL,$39.21,1440519613543,"3,583,997",93% bullish,of 88 ratings,$57
AGNCB,$24.185,1440519613628,"2,240",Not yet rated,NULL,N/A
AGNCP,$25.192,1440519613882,"9,024",Not yet rated,NULL,N/A
MTGE,$15.35,1440519613912,"111,763",75% bullish,of 4 ratings,$19.50
MTGEP,$24.3,1440519614014,"5,300",Not yet rated,NULL,N/A
ANCI,$1.43,1440519614071,400,100% bearish,of 1 rating,N/A
ACAS,$13.435,1440519614118,"230,872",60% bullish,of 5 ratings,$16.75
ACSF,$12.09,1440519614144,"30,732",100% bearish,of 1 rating,$15
AMNB,$22.6,1440519614215,"3,272",Not yet rated,NULL,$25.50
AETI,NULL,1440519614279,0,67% bearish,of 3 ratings,N/A
AMIC,NULL,1440519614468,0,Not yet rated,NULL,N/A
ANAT,$97.32,1440519614606,"29,281",100% bullish,of 1 rating,N/A
APEI,$21.1,1440519614662,"18,354",100% bearish,of 1 rating,$25.50
ARII,$37.69,1440519614711,"99,147",67% bearish,of 3 ratings,$45
AMRB,$9.993,1440519614746,"1,200",Not yet rated,NULL,$11
ASEI,$37.1,1440519614840,"18,949",100% bearish,of 1 rating,$52.50
CRMT,$37.09,1440519614868,"24,297",100% bearish,of 1 rating,$39
AMSWA,$8.65,1440519614896,"10,709",100% bearish,of 2 ratings,$10.75
AMSC,$3.9001,1440519614918,"120,191",50% bullish,of 4 ratings,N/A
ABCB,$26.62,1440519615205,"30,588",Not yet rated,NULL,$31
AMWD,$64.46,1440519615289,"89,081",50% bullish,of 2 ratings,$70
AMSF,$47.42,1440519615315,"12,211",Not yet rated,NULL,$57.50
ASRV,$3.29,1440519615395,301,100% bullish,of 2 ratings,N/A
ASRVP,$28.17,1440519615483,394,Not yet rated,NULL,N/A
AMGN,$151.65,1440519615548,"1,650,502",89% bullish,of 19 ratings,$185
ATLO,$22.5,1440519615576,"2,893",Not yet rated,NULL,N/A
AMKR,$4.715,1440519615776,"1,135,814",100% bearish,of 2 ratings,$5
AMPH,$13.17,1440519615903,"68,979",50% bullish,of 2 ratings,$20
AMSG,$79.9,1440519615935,"132,985",100% bearish,of 1 rating,$85.50
FOLD,$14.0001,1440519615957,"663,865",56% bullish,of 9 ratings,$21
AMSGP,NULL,1440519615989,0,Not yet rated,NULL,N/A
ASYS,$5.08,1440519616016,"9,281",67% bullish,of 3 ratings,$12
AFSI,$59.09,1440519616043,"102,183",60% bullish,of 5 ratings,$72
AMRS,$1.58,1440519616205,"24,740",70% bullish,of 10 ratings,N/A
ANAC,$129.215,1440519616280,"269,790",80% bullish,of 5 ratings,$180.50
ANAD,$0.3098,1440519616418,"73,173",100% bullish,of 2 ratings,$.50
ALOG,$78.58,1440519616566,"11,856",100% bearish,of 2 ratings,$100.50
ADI,$52.96,1440519616613,"836,369",67% bullish,of 3 ratings,$69
ANGI,$4.9,1440519616769,"235,128",64% bullish,of 11 ratings,$5.50
AMCF,$0.2501,1440519616797,"5,900",100% bullish,of 7 ratings,N/A
ANGO,$14.57,1440519616826,"11,636",67% bullish,of 3 ratings,$19
ABCW,$39.18,1440519616847,"3,603",67% bullish,of 3 ratings,N/A
ANCB,NULL,1440519616868,0,Not yet rated,NULL,$23
ANIP,$49.93,1440519617000,"21,684",89% bullish,of 19 ratings,$66
ANIK,$33.627,1440519617145,"16,610",60% bullish,of 5 ratings,$51.25
ANTH,$7.28,1440519617177,"253,126",80% bullish,of 10 ratings,$13
ATRS,$1.78,1440519617277,"178,886",92% bullish,of 12 ratings,$4.50
ANSS,$88.19,1440519617333,"197,810",100% bearish,of 1 rating,$100
ABAC,$0.7099,1440519617381,"23,393",100% bearish,of 1 rating,N/A
APIC,$6.32,1440519617611,"142,240",100% bearish,of 1 rating,$19
ATNY,$2.31,1440519617639,"2,328",50% bullish,of 2 ratings,$3.75
APOG,$51,1440519617660,"105,688",100% bullish,of 1 rating,$67
APOL,$10.87,1440519617693,"310,640",87% bearish,of 68 ratings,$14
AAPL,$108.7199,1440519617723,"32,711,169",86% bullish,of 2344 ratings,$150
APPF,$16.35,1440519617831,"6,300",50% bullish,of 2 ratings,$22
AINV,$6.39,1440519618036,"361,467",50% bullish,of 4 ratings,$8
AGTC,$15.5,1440519618181,"61,391",50% bullish,of 2 ratings,$33
AMAT,$15.445,1440519618237,"6,317,944",82% bullish,of 11 ratings,$23
APDN,$3.155,1440519618267,"15,402",Not yet rated,NULL,$9
ARCI,$1.11,1440519618288,"1,000",Not yet rated,NULL,N/A
APDNW,$1.33,1440519618367,"7,198",Not yet rated,NULL,N/A
AMCC,$5.43,1440519618500,"221,557",80% bullish,of 5 ratings,$8
AAOI,$19.69,1440519618531,"83,704",50% bullish,of 4 ratings,$26
AREX,$1.845,1440519618628,"352,801",100% bearish,of 1 rating,$3
AQMS,$4.7,1440519618757,"15,231",Not yet rated,NULL,N/A
APRI,$1.253,1440519618786,"110,540",83% bullish,of 6 ratings,$4.86
APTO,$4.63,1440519618817,920,Not yet rated,NULL,$17
AQXP,$19,1440519618857,"1,182,538",50% bullish,of 2 ratings,$2
AUMA,NULL,1440519618918,0,Not yet rated,NULL,N/A
AUMAU,NULL,1440519619086,0,Not yet rated,NULL,N/A
PETX,$17.34,1440519619257,"130,917",100% bearish,of 2 ratings,$26
AUMAW,NULL,1440519619286,0,Not yet rated,NULL,N/A
ARDM,$6.93,1440519619340,427,100% bullish,of 1 rating,$26
ABUS,$6.975,1440519619391,"154,749",86% bullish,of 14 ratings,$23
ABIO,$0.8646,1440519619477,"48,086",50% bullish,of 2 ratings,$3.75
ARCW,$3.17,1440519619502,"8,796",100% bearish,of 2 ratings,$10.50
ARCB,$28.01,1440519619566,"88,846",67% bearish,of 3 ratings,$39.50
ACAT,$25.78,1440519619736,"39,119",100% bearish,of 3 ratings,$33
RKDA,$5.85,1440519619761,"17,294",100% bearish,of 2 ratings,$10
ACGL,$68.35,1440519619915,"86,149",50% bullish,of 2 ratings,$72
ARCC,$15.065,1440519620074,"1,113,073",67% bearish,of 3 ratings,$17.875
ARNA,$2.699,1440519620224,"764,629",90% bullish,of 77 ratings,$5.50
ARDX,$17.83,1440519620250,"24,845",50% bullish,of 2 ratings,$24.50
AGII,$55.53,1440519620271,"40,584",Not yet rated,NULL,$59.50
ARGS,$6.1501,1440519620431,"28,214",50% bullish,of 2 ratings,$19.50
ARIS,$3.21,1440519620469,"19,930",Not yet rated,NULL,$4.50
AGIIL,$25.15,1440519620495,"5,366",Not yet rated,NULL,N/A
ARIA,$6.505,1440519620531,"1,068,315",87% bullish,of 46 ratings,$9
ARKR,$24.5,1440519620662,"1,397",50% bullish,of 2 ratings,N/A
ARTX,$1.42,1440519620690,"90,809",88% bullish,of 16 ratings,$4.50
ARMH,$41.81,1440519620767,"882,361",54% bearish,of 13 ratings,$61
ARWAU,NULL,1440519620892,0,100% bullish,of 1 rating,N/A
ARWAR,$0.27,1440519620930,800,Not yet rated,NULL,N/A
ARWA,NULL,1440519620994,0,Not yet rated,NULL,N/A
ARWAW,NULL,1440519621061,0,Not yet rated,NULL,N/A
ARRS,$25.61,1440519621207,"400,994",50% bullish,of 2 ratings,$38
ARQL,$1.6301,1440519621257,"57,118",75% bullish,of 4 ratings,$5
ARRY,$5.48,1440519621342,"522,526",100% bullish,of 7 ratings,$10
DWAT,$9.74,1440519621395,"4,254",100% bearish,of 1 rating,N/A
ARWR,$5.32,1440519621476,"331,429",75% bullish,of 4 ratings,$10.50
ARTNA,$22.3299,1440519621503,"7,766",100% bearish,of 1 rating,$29
ASBB,NULL,1440519621650,0,Not yet rated,NULL,N/A
AROW,$27.18,1440519621678,"3,386",Not yet rated,NULL,N/A
ASNA,$11.11,1440519621751,"833,248",50% bullish,of 2 ratings,$18
ARTW,$4.35,1440519621811,100,75% bearish,of 4 ratings,N/A
ASND,$19.32,1440519621945,"31,467",100% bullish,of 1 rating,$30
ASCMA,$26.46,1440519622006,"28,752",100% bearish,of 1 rating,$45
ASTI,$0.1065,1440519622046,"1,022,921",83% bullish,of 6 ratings,$3
APWC,$1.9,1440519622083,100,100% bearish,of 1 rating,N/A
ASMI,NULL,1440519622139,0,NULL,NULL,NULL
ASML,$89.215,1440519622235,"408,090",50% bullish,of 4 ratings,$127
AZPN,$37,1440519622340,"221,770",50% bullish,of 2 ratings,$42
ASFI,$8.88,1440519622373,"3,710",100% bullish,of 1 rating,N/A
ASMB,$12.96,1440519622477,"13,729",67% bullish,of 3 ratings,N/A
ALOT,NULL,1440519622614,0,100% bearish,of 1 rating,N/A
ATRO,$51.75,1440519622643,"54,272",100% bearish,of 2 ratings,$80
ASTE,$35.76,1440519622671,"15,419",100% bearish,of 1 rating,$48
ASTC,$2.1087,1440519622747,"25,410",100% bullish,of 5 ratings,N/A
ASUR,$5.48,1440519622891,"2,089",50% bullish,of 2 ratings,$8
ATRA,$39.48,1440519623050,"50,236",50% bullish,of 2 ratings,$68
AFCB,$27.6,1440519623091,700,Not yet rated,NULL,N/A
ATHX,$1.12,1440519623116,"115,468",89% bullish,of 9 ratings,$5
AAPC,$10.2,1440519623182,583,Not yet rated,NULL,N/A
ATAI,$2.5301,1440519623213,"5,951",100% bearish,of 1 rating,N/A
ATHN,$130.75,1440519623242,"65,791",67% bearish,of 3 ratings,$153
AAME,$3.53,1440519623314,100,Not yet rated,NULL,N/A
ACFC,$5.8972,1440519623383,"22,351",Not yet rated,NULL,$6.50
ATNI,$70.13,1440519623543,"27,136",100% bearish,of 1 rating,$69.50
ATLC,$3.74,1440519623568,"8,231",67% bullish,of 3 ratings,N/A
AAWW,$40.4,1440519623808,"87,206",50% bullish,of 2 ratings,$65
ATML,$7.535,1440519623833,"4,524,199",78% bullish,of 9 ratings,$9.50
AFH,$16.42,1440519623888,"8,704",Not yet rated,NULL,$21.50
ATOS,$0.8099,1440519623916,"87,712",100% bullish,of 7 ratings,$7
ATRI,$380,1440519624045,583,Not yet rated,NULL,N/A
ATRC,$24.91,1440519624094,"47,441",100% bullish,of 1 rating,$30
ATRM,NULL,1440519624120,0,50% bullish,of 2 ratings,N/A
ATTU,$13.4,1440519624249,"20,020",100% bearish,of 1 rating,$20.50
AUDC,$3.1,1440519624412,"18,158",80% bullish,of 5 ratings,$5
AUBN,$26.43,1440519624462,100,Not yet rated,NULL,N/A
LIFE,$13.64,1440519624515,"8,688",86% bullish,of 7 ratings,$43
ADAT,$0.41,1440519624592,"2,056,531",100% bullish,of 2 ratings,N/A
EARS,$4.35,1440519624678,"4,043",100% bearish,of 2 ratings,$11.50
ABTL,$17.1,1440519624706,"93,858",100% bullish,of 4 ratings,$20.25
AUPH,$2.91,1440519624757,"19,358",100% bearish,of 1 rating,$8
ADSK,$50.0801,1440519624837,"806,351",67% bullish,of 6 ratings,$69.50
ADP,$76.37,1440519624965,"702,716",100% bearish,of 1 rating,$88
AVNU,$12.16,1440519625061,581,Not yet rated,NULL,$14
AAVL,$10.27,1440519625086,"110,642",100% bearish,of 1 rating,$20
AVEO,$1.34,1440519625159,"210,500",75% bullish,of 8 ratings,$3
AVID,$8,1440519625286,"159,181",100% bearish,of 1 rating,$20
AVGO,$112.56,1440519625315,"1,125,324",88% bullish,of 8 ratings,$165
AVNW,$1.12,1440519625425,"68,163",50% bullish,of 2 ratings,$2.20
AVGR,$14.27,1440519625698,"12,300",100% bearish,of 1 rating,$20
AWRE,$3.1,1440519625760,"35,903",67% bullish,of 3 ratings,N/A
CAR,$41.605,1440519625796,"638,515",80% bullish,of 5 ratings,$60
AXPWW,NULL,1440519625825,0,Not yet rated,NULL,N/A
AXPW,$1.1,1440519625850,"15,006",83% bullish,of 6 ratings,N/A
ACLS,$3.125,1440519626012,"171,267",67% bullish,of 6 ratings,$4.75
AXGN,$3.87,1440519626156,"8,004",Not yet rated,NULL,$5
BCOM,NULL,1440519626242,0,100% bearish,of 1 rating,N/A
BIDU,$147.38,1440519626287,"1,854,678",81% bullish,of 88 ratings,$210
AXTI,$2.15,1440519626317,"36,003",50% bullish,of 2 ratings,$2.75
BOSC,$2.3299,1440519626345,"1,502",50% bullish,of 2 ratings,N/A
BEAV,$47.77,1440519626390,"452,643",67% bearish,of 3 ratings,$59
RILY,$9.97,1440519626447,200,Not yet rated,NULL,N/A
BWINA,NULL,1440519626641,0,Not yet rated,NULL,N/A
BCPC,$56.32,1440519626828,"73,867",100% bearish,of 1 rating,$75
BLDP,$1.2001,1440519626875,"187,030",91% bullish,of 22 ratings,$2.50
BWINB,$22.75,1440519626900,"6,030",Not yet rated,NULL,N/A
BKMU,$6.91,1440519626958,"13,609",Not yet rated,NULL,$8
BOCH,$5.73,1440519627027,"8,537",Not yet rated,NULL,$6.50
BMRC,$48.88,1440519627052,"1,700",Not yet rated,NULL,$52
BANFP,NULL,1440519627079,0,Not yet rated,NULL,N/A
BANF,$59.01,1440519627103,"2,835",Not yet rated,NULL,$68
BWFG,$17.88,1440519627405,700,100% bearish,of 1 rating,N/A
OZRK,$40.51,1440519627434,"210,391",67% bullish,of 3 ratings,$49.50
BKSC,$15.2,1440519627462,"4,588",Not yet rated,NULL,N/A
BOTJ,$11.11,1440519627536,500,Not yet rated,NULL,N/A
BANR,$43.22,1440519627634,"15,897",100% bullish,of 3 ratings,$50
BFIN,$11.98,1440519627678,"14,080",Not yet rated,NULL,$13
BZUN,$4.8399,1440519627822,"365,400",50% bullish,of 2 ratings,$12.60
TAPR,$31.2,1440519628006,"1,200",100% bearish,of 1 rating,N/A
BHAC,NULL,1440519628076,0,Not yet rated,NULL,N/A
BHACU,NULL,1440519628122,0,Not yet rated,NULL,N/A
BHACR,NULL,1440519628153,0,Not yet rated,NULL,N/A
BHACW,NULL,1440519628174,0,Not yet rated,NULL,N/A
BSET,$28.82,1440519628340,"10,051",100% bearish,of 1 rating,$35
BYBK,$4.79,1440519628366,100,100% bearish,of 1 rating,N/A
BBSI,$34.15,1440519628389,"11,899",67% bearish,of 3 ratings,$62.50
BV,$5.06,1440519628615,"128,015",67% bullish,of 6 ratings,$9
BYLK,$12.69,1440519628640,400,Not yet rated,NULL,$14
BCBP,$11.6,1440519628696,"1,588",Not yet rated,NULL,N/A
BBCN,$14.17,1440519628884,"66,890",100% bearish,of 1 rating,$16
BBGI,$4.25,1440519628912,600,100% bearish,of 1 rating,N/A
BECN,$34.7,1440519628937,"162,222",50% bullish,of 2 ratings,$40
BSF,$8.24,1440519628993,"9,101",Not yet rated,NULL,N/A
BEBE,$1.75,1440519629096,"69,008",75% bullish,of 4 ratings,$3.075
BDCV,$4.76,1440519629142,"2,381",100% bearish,of 1 rating,$10.19
BBBY,$61.06,1440519629282,"903,579",71% bullish,of 7 ratings,$75
BLPH,$5.04,1440519629347,"23,051",100% bearish,of 1 rating,$12.50
BELFB,$17.99,1440519629418,"4,200",100% bearish,of 1 rating,N/A
BLCM,$16.97,1440519629479,"119,340",50% bullish,of 4 ratings,$40
BNFT,$35.42,1440519629504,"34,873",67% bullish,of 3 ratings,$46
BELFA,$15.3,1440519629650,708,100% bearish,of 1 rating,N/A
BNCL,$12.2,1440519629705,"112,387",100% bullish,of 3 ratings,$12.50
BNTC,$8.0101,1440519629754,"16,300",100% bullish,of 1 rating,N/A
BGMD,$0.803,1440519629831,"88,125",100% bullish,of 10 ratings,N/A
BGCP,$8.7,1440519629896,"371,904",88% bullish,of 8 ratings,$14
BGFV,$10.53,1440519629929,"17,732",57% bullish,of 7 ratings,$12
BASI,$1.47,1440519630188,792,Not yet rated,NULL,N/A
ORPN,$5.52,1440519630240,"5,663",100% bullish,of 1 rating,$28.50
BIND,$4.38,1440519630265,"11,643",75% bullish,of 4 ratings,$13.50
BCDA,NULL,1440519630319,0,Not yet rated,NULL,N/A
BIOC,$1.9901,1440519630451,"182,840",83% bullish,of 6 ratings,$3.85
BCRX,$11.16,1440519630636,"252,327",63% bullish,of 8 ratings,$18
BIIB,$294.4,1440519630665,"942,673",88% bullish,of 16 ratings,$400
BIOD,$0.6995,1440519630713,"41,771",80% bullish,of 5 ratings,$4
BIOL,$1.3792,1440519630767,"8,515",Not yet rated,NULL,N/A
BLRX,$1.28,1440519630850,"119,083",100% bullish,of 12 ratings,$5
BLFS,$2.07,1440519630878,"31,094",100% bearish,of 1 rating,$4.75
BDSI,$6.38,1440519630899,"329,985",88% bullish,of 8 ratings,$17
BVXV,$3.5799,1440519630945,"1,050",Not yet rated,NULL,N/A
BMRN,$124.84,1440519631096,"335,588",80% bullish,of 5 ratings,$160
BVXVW,NULL,1440519631235,0,100% bearish,of 1 rating,N/A
BRLI,NULL,1440519631259,0,NULL,NULL,NULL
BPTH,$1.05,1440519631335,"24,935",100% bullish,of 2 ratings,$5
BBC,$29.99,1440519631433,"12,702",Not yet rated,NULL,N/A
BIOS,$2.155,1440519631460,"625,758",71% bullish,of 7 ratings,$4
BSTC,$47.879,1440519631652,"8,279",100% bearish,of 1 rating,$76
BSPM,$0.6501,1440519631686,"13,945",50% bullish,of 2 ratings,N/A
BBP,$31.38,1440519631712,"24,115",Not yet rated,NULL,N/A
BOTA,$2.14,1440519631782,"30,766",88% bullish,of 8 ratings,N/A
TECH,$95,1440519631856,"45,012",100% bullish,of 1 rating,$117
BEAT,$14.49,1440519631918,"297,034",67% bearish,of 3 ratings,$15
BDMS,$13.13,1440519632030,200,100% bearish,of 1 rating,N/A
BITI,$17.24,1440519632066,"23,533",100% bullish,of 1 rating,$28
BJRI,$44.21,1440519632131,"99,998",50% bullish,of 2 ratings,$55
BBOX,$14.76,1440519632300,"15,167",100% bearish,of 1 rating,N/A
BDE,$7.215,1440519632326,"30,640",50% bullish,of 2 ratings,$9
BBRY,$6.865,1440519632356,"1,734,752",61% bullish,of 330 ratings,$9
BLKB,$58.03,1440519632405,"59,124",100% bearish,of 2 ratings,$66
HAWK,$40.1705,1440519632459,"138,750",91% bullish,of 11 ratings,$49
ADRA,$26.505,1440519632791,"1,101",100% bearish,of 1 rating,N/A
ADRE,$29.33,1440519632820,"8,526",100% bearish,of 1 rating,N/A
ADRD,$22.04,1440519632853,"4,032",100% bearish,of 1 rating,N/A
ADRU,$21.6301,1440519632882,"1,676",100% bearish,of 1 rating,N/A
BKCC,$9,1440519632917,"160,844",100% bullish,of 2 ratings,$10
BCOR,$13.4,1440519632984,"41,845",57% bullish,of 7 ratings,$15
BLMN,$19.4099,1440519633011,"557,291",83% bullish,of 6 ratings,$27.50
BLBD,$11.65,1440519633045,"3,376",Not yet rated,NULL,N/A
BUFF,$26.43,1440519633346,"91,420",83% bullish,of 12 ratings,$31.50
BLUE,$125.39,1440519633485,"194,067",71% bullish,of 7 ratings,$217.50
NILE,$33.04,1440519633512,"29,034",50% bullish,of 2 ratings,$34
BBLU,$0.7526,1440519633538,"28,969",100% bullish,of 2 ratings,$4.43
BKEP,$6.238,1440519633590,"58,233",100% bearish,of 1 rating,$8.50
BHBK,$13.905,1440519633619,"13,766",100% bullish,of 1 rating,$14.50
BKEPP,$7.55,1440519633697,"1,470",100% bearish,of 1 rating,N/A
BPMC,$27.21,1440519633722,"22,859",50% bullish,of 2 ratings,$47.50
BOFI,$122.79,1440519634066,"67,938",100% bullish,of 6 ratings,$144
BNCN,$20.41,1440519634118,"37,752",Not yet rated,NULL,$23
BOBE,$43.09,1440519634207,"50,008",75% bullish,of 4 ratings,$57
WIFI,$7.7,1440519634291,"114,387",50% bullish,of 2 ratings,$13.50
BOKF,$59.3,1440519634434,"115,800",100% bearish,of 1 rating,$70.50
BONA,$11.7499,1440519634459,"190,293",75% bullish,of 4 ratings,$8.50
BOJA,$20.9,1440519634676,"75,889",100% bullish,of 1 rating,$30
BPFH,$11.5,1440519634707,"78,564",100% bearish,of 1 rating,$14
BAMM,$3.16,1440519634774,"3,245",60% bullish,of 5 ratings,N/A
BPFHP,$25.64,1440519634804,608,100% bearish,of 1 rating,N/A
BNSO,$1.37,1440519634831,400,100% bearish,of 1 rating,N/A
EPAY,$25.01,1440519634908,"31,815",100% bearish,of 2 ratings,$30
BPFHW,NULL,1440519634994,0,100% bearish,of 1 rating,N/A
BDBD,$8.13,1440519635019,"296,784",60% bullish,of 5 ratings,$10
BCLI,$2.9,1440519635079,"34,021",80% bullish,of 5 ratings,$12
BBRG,$12.06,1440519635226,"49,757",67% bullish,of 3 ratings,$14.50
BBEP,$2.45,1440519635370,"851,977",69% bullish,of 13 ratings,$5.625
BBEPP,$12.55,1440519635515,"36,635",100% bearish,of 1 rating,N/A
BLIN,$1.4099,1440519635732,500,50% bullish,of 2 ratings,$2.20
BDGE,$26.68,1440519635764,"2,572",Not yet rated,NULL,$31.75
BCOV,$5.1801,1440519635963,"27,402",67% bullish,of 3 ratings,$10.20
BRID,NULL,1440519636007,0,100% bearish,of 1 rating,N/A
BYFC,$1.32,1440519636364,"2,926",50% bullish,of 2 ratings,N/A
BRCM,$48.715,1440519636389,"1,185,815",75% bullish,of 12 ratings,$56
BSFT,$30.28,1440519636446,"60,029",57% bullish,of 7 ratings,$40.50
BVSN,$5.9699,1440519636475,905,60% bearish,of 5 ratings,N/A
BWEN,$3.2,1440519636548,"24,084",100% bullish,of 3 ratings,$8
BRKL,$10.415,1440519636573,"62,715",100% bearish,of 1 rating,$10.75
BRCD,$10.365,1440519636604,"1,571,704",92% bullish,of 13 ratings,$11.50
BLMT,$20.88,1440519637024,"7,501",Not yet rated,NULL,N/A
BRKS,$10.12,1440519637284,"24,628",67% bullish,of 3 ratings,$15.25
BWLD,$190.95,1440519637325,"99,811",82% bullish,of 11 ratings,$205
BRKR,$18.6954,1440519637388,"97,818",100% bearish,of 2 ratings,$22
BMTC,$28.53,1440519637418,"9,293",Not yet rated,NULL,$34
BSQR,$5.855,1440519637452,"31,665",67% bullish,of 3 ratings,N/A
BLDR,$14.255,1440519637476,"235,677",50% bullish,of 2 ratings,$22
BUR,$1.81,1440519637517,406,100% bearish,of 1 rating,$8
CFFI,$34.01,1440519637546,"2,385",100% bearish,of 1 rating,N/A
CDNS,$19.35,1440519637946,"522,905",75% bullish,of 4 ratings,$22.50
CA,$26.55,1440519638011,"798,411",50% bullish,of 4 ratings,$33
CZR,$9.41,1440519638037,"510,932",60% bearish,of 5 ratings,$10.50
CHRW,$66.1,1440519638087,"479,186",Not yet rated,NULL,$72
CCMP,$42.86,1440519638170,"22,805",50% bullish,of 2 ratings,$59
CDZI,$7.52,1440519638235,"11,878",100% bearish,of 1 rating,N/A
CACQ,$7.18,1440519638269,"17,301",100% bearish,of 1 rating,$12.25
CSTE,$43.47,1440519638336,"189,058",100% bearish,of 1 rating,$65
PRSS,$4.25,1440519638576,"10,592",80% bullish,of 5 ratings,$4.50
CLBS,$1.31,1440519638605,"39,091",79% bullish,of 14 ratings,$4
CHY,$11.13,1440519638745,"108,753",Not yet rated,NULL,N/A
CCD,$19.05,1440519638818,"47,550",Not yet rated,NULL,N/A
CFGE,$10.345,1440519638875,253,Not yet rated,NULL,N/A
CHI,$10.35,1440519638951,"135,580",100% bearish,of 1 rating,N/A
CHW,$7.365,1440519639021,"132,075",100% bearish,of 1 rating,N/A
CLMS,$10.52,1440519639052,"31,838",Not yet rated,NULL,$10.50
CAMP,$15.8401,1440519639251,"81,243",88% bullish,of 8 ratings,$25
CSQ,$9.58,1440519639490,"202,917",Not yet rated,NULL,N/A
CVGW,$55.17,1440519639539,"40,581",50% bullish,of 2 ratings,$58.50
CFNB,NULL,1440519639570,0,100% bearish,of 1 rating,N/A
CALA,$4.74,1440519639597,"117,778",100% bullish,of 3 ratings,$19.50
CALM,$47.9767,1440519639677,"256,751",80% bullish,of 5 ratings,$65
CALD,$15.1,1440519639738,"86,537",100% bearish,of 1 rating,$20.50
CLMT,$25.115,1440519639894,"160,779",75% bullish,of 8 ratings,$31
ABCD,$4.95,1440519639994,"25,419",83% bullish,of 6 ratings,N/A
CAMB,$10.05,1440519640150,400,Not yet rated,NULL,N/A
CAMBU,NULL,1440519640176,0,100% bearish,of 1 rating,N/A
CGO,$11.65,1440519640229,"40,106",100% bearish,of 1 rating,N/A
CAMBW,NULL,1440519640373,0,Not yet rated,NULL,N/A
CAMT,$2.68,1440519640509,"19,090",73% bullish,of 11 ratings,$4
CSIQ,$18.33,1440519640544,"1,662,039",86% bullish,of 28 ratings,$45
CAC,$40.16,1440519640641,"1,920",Not yet rated,NULL,N/A
CGIX,$9.0034,1440519640670,"6,728",67% bullish,of 3 ratings,$14.375
CBNJ,$10.67,1440519640743,"4,092",100% bullish,of 1 rating,N/A
CPHC,$10.24,1440519640806,400,100% bearish,of 1 rating,N/A
CBF,$28.77,1440519640878,"31,935",Not yet rated,NULL,$32
CPLA,$47.09,1440519640951,"21,479",67% bearish,of 3 ratings,$65
CCBG,$14.6443,1440519641084,200,Not yet rated,NULL,$17.25
CPLP,$6.855,1440519641109,"159,332",71% bullish,of 7 ratings,$11
CPTA,$13.86,1440519641305,"41,970",100% bearish,of 1 rating,$18.50
CSWC,$44.81,1440519641335,"2,594",Not yet rated,NULL,N/A
CAPN,$1.7799,1440519641364,"74,652",100% bullish,of 1 rating,$10.85
CFFN,$11.8,1440519641467,"232,692",Not yet rated,NULL,$12.75
CARA,$19.64,1440519641605,"149,949",50% bullish,of 4 ratings,$25
CAPNW,NULL,1440519641634,0,Not yet rated,NULL,N/A
CAPR,$4.1,1440519641697,"4,800",Not yet rated,NULL,$12
CPST,$0.3629,1440519641734,"298,500",95% bullish,of 22 ratings,$1.25
CBYL,$5.21,1440519641863,"10,560",100% bearish,of 1 rating,$20
CRDC,$0.37,1440519641891,"93,033",100% bullish,of 1 rating,$1.25
CARB,$11.2,1440519641912,"59,583",75% bullish,of 4 ratings,$12
CFNL,$21.68,1440519642043,"16,277",Not yet rated,NULL,$24
CRME,$8.9,1440519642275,"12,335",89% bullish,of 9 ratings,$11.25
CSII,$23.68,1440519642348,"55,913",100% bearish,of 2 ratings,$42.125
CATM,$33.75,1440519642373,"45,369",100% bearish,of 1 rating,$44
CDNA,$6.35,1440519642423,"3,100",100% bearish,of 1 rating,$9
CTRE,$11.54,1440519642608,"252,459",50% bullish,of 2 ratings,N/A
CECO,$3.44,1440519642654,"151,247",67% bearish,of 3 ratings,$6
CKEC,$22.36,1440519642704,"74,151",50% bullish,of 2 ratings,$35.915
CRZO,$28.55,1440519642889,"412,391",67% bearish,of 3 ratings,$57
CART,$5.3,1440519642920,830,100% bearish,of 1 rating,N/A
CARO,$15.01,1440519642941,"3,311",100% bearish,of 1 rating,$19
TAST,$12.16,1440519642973,"135,820",Not yet rated,NULL,$14.25
CLBH,$12.54,1440519643075,350,Not yet rated,NULL,$16.50
CRTN,$2.52,1440519643100,"3,102",100% bearish,of 1 rating,N/A
CASM,$1.1,1440519643304,"4,482",100% bullish,of 1 rating,$3.50
CARV,$6.7,1440519643329,"23,583",50% bullish,of 2 ratings,N/A
CASY,$103.845,1440519643457,"67,248",50% bullish,of 2 ratings,$99.50
CACB,$5.3,1440519643487,"14,942",Not yet rated,NULL,$5.50
CSCD,$14.88,1440519643508,"29,172",100% bullish,of 2 ratings,$17
CWST,$5.99,1440519643543,"31,859",50% bullish,of 2 ratings,$7.25
CASI,$1.4468,1440519643699,"6,907",100% bullish,of 1 rating,$3.50
CATB,$11.07,1440519643854,"2,182",100% bearish,of 1 rating,$28
CASS,$46.15,1440519643880,"17,104",100% bearish,of 1 rating,N/A
CATY,$28.6599,1440519644009,"254,268",100% bearish,of 1 rating,$33.50
CPRX,$3.41,1440519644060,"305,250",71% bullish,of 7 ratings,$7
CATYW,$8.27,1440519644109,500,100% bearish,of 1 rating,N/A
CAVM,$64.41,1440519644136,"152,042",67% bearish,of 3 ratings,$72
CVCO,$72.23,1440519644216,"11,621",100% bearish,of 1 rating,N/A
CNLM,NULL,1440519644458,0,Not yet rated,NULL,N/A
CNLMR,NULL,1440519644557,0,Not yet rated,NULL,N/A
CBFV,NULL,1440519644584,0,Not yet rated,NULL,N/A
CBOE,$61.13,1440519644633,"89,555",Not yet rated,NULL,$60
CNLMW,NULL,1440519644658,0,Not yet rated,NULL,N/A
CDK,$47.09,1440519644723,"108,878",67% bearish,of 3 ratings,$50
CDW,$38.5,1440519644790,"251,258",75% bullish,of 4 ratings,$44
CNLMU,$10.37,1440519644824,298,100% bullish,of 1 rating,N/A
CELG,$118.84,1440519645436,"2,304,837",92% bullish,of 13 ratings,$155.50
CPXX,$2.0401,1440519645511,"81,635",100% bullish,of 2 ratings,$7
CLDN,$1.0201,1440519645537,"61,505",71% bullish,of 7 ratings,$3
CECE,$9.13,1440519645558,"26,023",50% bullish,of 2 ratings,$16
CLRB,$3.11,1440519645691,"1,800",100% bearish,of 1 rating,N/A
CLDX,$14.57,1440519645717,"1,339,659",89% bullish,of 9 ratings,$36
CELGZ,$1.65,1440519645743,"10,199",80% bullish,of 5 ratings,N/A
CLRBW,NULL,1440519645871,0,Not yet rated,NULL,N/A
CLLS,$29.3,1440519646020,"30,965",75% bullish,of 4 ratings,$51.50
CBMG,$22.16,1440519646155,"25,332",50% bullish,of 2 ratings,N/A
CLTX,$2.902,1440519646210,"318,023",100% bullish,of 2 ratings,N/A
CEMP,$34.37,1440519646237,"181,271",71% bullish,of 7 ratings,$52
CLSN,$1.9043,1440519646264,"52,437",80% bullish,of 10 ratings,$7.50
CYAD,$51.44,1440519646285,"1,341",100% bullish,of 1 rating,$87.50
CSFL,$13.725,1440519646428,"28,588",Not yet rated,NULL,$15
CETX,$2.39,1440519646453,"7,323",Not yet rated,NULL,$5.60
CETV,$2.03,1440519646783,"14,868",67% bullish,of 3 ratings,$2.80
CFBK,NULL,1440519646846,0,Not yet rated,NULL,N/A
CENT,$11.81,1440519646925,"16,650",Not yet rated,NULL,$10
CENTA,$12.73,1440519646954,"61,039",Not yet rated,NULL,N/A
CVCY,$11.25,1440519646984,6,Not yet rated,NULL,$12
CNBKA,NULL,1440519647028,0,50% bullish,of 2 ratings,N/A
CENX,$4.87,1440519647083,"565,507",67% bullish,of 6 ratings,$9
CPHD,$47.23,1440519647109,"184,131",50% bullish,of 2 ratings,$66.50
CNTY,$6.1,1440519647264,"8,806",80% bullish,of 5 ratings,$7.75
CERN,$62.02,1440519647443,"505,576",67% bullish,of 3 ratings,$79
CERE,$1.04,1440519647479,"133,733",88% bullish,of 8 ratings,N/A
CRNT,$1.33,1440519647708,"177,172",50% bullish,of 2 ratings,$2
CERU,$3.34,1440519647862,"31,940",75% bullish,of 4 ratings,$15
CERS,$4.735,1440519647923,"279,176",75% bullish,of 4 ratings,$7
CYOU,$20.1,1440519648092,"40,796",50% bullish,of 6 ratings,$24
KOOL,$0.6647,1440519648118,"2,142",100% bullish,of 5 ratings,$7
CEVA,$17.66,1440519648150,"28,544",100% bearish,of 1 rating,$25
HOTR,$1.51,1440519648172,"178,546",100% bullish,of 2 ratings,$5
GTLS,$22.1301,1440519648250,"64,274",50% bullish,of 4 ratings,$40
HOTRW,NULL,1440519648315,0,Not yet rated,NULL,N/A
CTHR,$1.3,1440519648403,600,50% bullish,of 2 ratings,$2.50
CHFN,$12.235,1440519648458,"6,911",Not yet rated,NULL,$14
CHEK,$2.65,1440519648622,"4,570",Not yet rated,NULL,$7.75
CHTR,$175.36,1440519648680,"329,626",100% bearish,of 2 ratings,$196
CHKP,$77.62,1440519648726,"492,507",50% bullish,of 4 ratings,$92
CEMI,$3.88,1440519648908,"4,450",50% bullish,of 2 ratings,$7.50
CHEKW,NULL,1440519648942,0,Not yet rated,NULL,N/A
CHFC,$30.66,1440519649038,"29,478",100% bearish,of 1 rating,$36
CCXI,$6.62,1440519649098,"20,247",67% bullish,of 3 ratings,$14
CHEV,$14.47,1440519649175,800,Not yet rated,NULL,N/A
CHKE,$25.57,1440519649202,"6,167",100% bearish,of 1 rating,$32.50
CHMG,$26.275,1440519649280,"2,700",Not yet rated,NULL,$30
CMRX,$46.23,1440519649543,"94,473",50% bullish,of 2 ratings,$57
PLCE,$59.83,1440519649574,"298,553",100% bearish,of 1 rating,$71
CBNK,$16.49,1440519649609,500,100% bearish,of 1 rating,N/A
CHMA,$23.8,1440519649675,"52,446",Not yet rated,NULL,$40
CADC,$3.1562,1440519649702,200,78% bullish,of 9 ratings,N/A
CALI,$0.959,1440519649727,"5,550",67% bullish,of 3 ratings,N/A
CAAS,$5.8,1440519650010,"20,273",93% bullish,of 14 ratings,$11.50
CBPO,$99,1440519650040,"101,169",75% bullish,of 8 ratings,$140.50
CBAK,$1.72,1440519650071,"45,071",67% bullish,of 9 ratings,N/A
CCCL,$0.784,1440519650113,"5,675",100% bullish,of 6 ratings,N/A
CHOP,$1.22,1440519650144,"2,000",50% bullish,of 2 ratings,N/A
JRJC,$3.1,1440519650172,"106,471",82% bullish,of 11 ratings,N/A
CCCR,$0.8301,1440519650249,"7,200",67% bearish,of 3 ratings,N/A
HGSH,$1.6749,1440519650454,"8,747",67% bullish,of 3 ratings,N/A
CHLN,$2.16,1440519650515,"24,140",67% bullish,of 3 ratings,N/A
CNIT,$1.44,1440519650598,"55,555",67% bullish,of 6 ratings,N/A
CJJD,$1.8198,1440519650644,"72,871",100% bullish,of 1 rating,N/A
HTHT,$24.41,1440519650673,"28,043",50% bullish,of 2 ratings,$28.40
CHNR,$1.69,1440519650779,"3,804",100% bearish,of 1 rating,N/A
CREG,$0.66,1440519650983,"22,953",100% bullish,of 3 ratings,N/A
CPGI,$6.79,1440519651009,100,Not yet rated,NULL,N/A
CSUN,$1.4599,1440519651172,"11,315",80% bullish,of 5 ratings,N/A
CCIH,$6.5,1440519651210,"134,221",67% bullish,of 6 ratings,$12.65
CNTF,$0.83,1440519651243,"37,284",Not yet rated,NULL,N/A
CNYD,$2.957,1440519651319,"5,200",67% bullish,of 3 ratings,N/A
CNET,$0.8229,1440519651351,"15,353",50% bullish,of 2 ratings,N/A
CXDC,$5.998,1440519651376,"12,761",67% bullish,of 3 ratings,N/A
IMOS,$16.67,1440519651544,"104,937",60% bullish,of 5 ratings,$21.50
CHSCO,$28.05,1440519652026,"4,700",Not yet rated,NULL,N/A
CHSCL,$26.75,1440519652090,"5,466",Not yet rated,NULL,N/A
CHSCN,$26.512,1440519652120,"5,491",Not yet rated,NULL,N/A
CHSCP,$30.5619,1440519652158,"2,586",Not yet rated,NULL,N/A
CHSCM,$25.6168,1440519652190,"11,775",Not yet rated,NULL,N/A
CHDN,$132.96,1440519652216,"11,938",Not yet rated,NULL,$165
CHUY,$31.07,1440519652241,"76,796",50% bullish,of 2 ratings,$34
CDTX,$14.15,1440519652290,"3,704",Not yet rated,NULL,$22
CMPR,$68.66,1440519652473,"105,918",50% bullish,of 2 ratings,$72.50
CIDM,$0.6016,1440519652822,"30,900",50% bullish,of 2 ratings,$2.10
CMCT,$15.05,1440519652857,605,100% bearish,of 1 rating,N/A
CINF,$52.33,1440519652879,"258,274",50% bullish,of 4 ratings,$50.50
CIFC,$6.86,1440519652911,100,100% bearish,of 1 rating,N/A
CPHR,$5.81,1440519652955,"2,050",100% bearish,of 1 rating,$17
CTAS,$83.06,1440519652979,"128,982",100% bearish,of 1 rating,$91
CSCO,$25.61,1440519653375,"7,905,598",84% bullish,of 208 ratings,$32
CRUS,$27.8,1440519653431,"368,690",75% bullish,of 12 ratings,$44.50
CZWI,$8.89,1440519653483,301,Not yet rated,NULL,N/A
CZNC,$19.65,1440519653519,"11,557",Not yet rated,NULL,N/A
CZFC,NULL,1440519653540,0,Not yet rated,NULL,N/A
CTRN,$27.59,1440519653575,"44,175",100% bearish,of 1 rating,$31.50
CIZN,$19.54,1440519653618,"1,060",Not yet rated,NULL,N/A
CTXS,$68.955,1440519653674,"611,375",86% bullish,of 7 ratings,$80
CHCO,$46.345,1440519654000,"16,680",Not yet rated,NULL,$46
CIVBP,NULL,1440519654080,0,Not yet rated,NULL,N/A
CLNE,$4.31,1440519654134,"425,607",80% bullish,of 15 ratings,$9
CLNT,$1.4,1440519654165,"39,512",75% bullish,of 8 ratings,N/A
CLFD,$17.34,1440519654238,"12,845",67% bullish,of 3 ratings,$18
CDTI,$1.555,1440519654263,"56,368",75% bullish,of 4 ratings,$3.20
CIVB,$10.0499,1440519654291,"1,695",Not yet rated,NULL,$11
CLRO,$11.48,1440519654467,"2,351",50% bullish,of 2 ratings,$14.25
CBLI,$3.65,1440519654570,"14,471",60% bullish,of 5 ratings,N/A
CLIR,$4.8057,1440519654598,"6,300",100% bullish,of 3 ratings,N/A
CSBK,$13.67,1440519654634,"40,762",Not yet rated,NULL,N/A
CLVS,$69.62,1440519654661,"295,435",60% bullish,of 5 ratings,$101.50
CMFN,$11.7,1440519654728,"3,930",100% bearish,of 1 rating,$15.50
CCNE,$16.46,1440519654907,"2,300",50% bullish,of 2 ratings,$21.50
CME,$91.14,1440519654958,"517,452",67% bullish,of 3 ratings,$102
CISG,$7.48,1440519655064,"109,871",100% bullish,of 5 ratings,$10
CDRB,$11.03,1440519655310,"5,728",67% bullish,of 3 ratings,N/A
CWAY,$11.21,1440519655346,700,Not yet rated,NULL,N/A
COKE,$158.3583,1440519655412,"5,313",79% bullish,of 19 ratings,N/A
CDXS,$3.55,1440519655475,"20,792",64% bullish,of 11 ratings,$6
CNV,$4.465,1440519655509,"6,342",50% bullish,of 2 ratings,$7.15
COBZ,$12.68,1440519655530,"42,598",100% bullish,of 1 rating,$14
JVA,$4.46,1440519655576,"9,907",83% bullish,of 6 ratings,$7
CVLY,$20.36,1440519655601,"3,102",Not yet rated,NULL,N/A
CCOI,$27.79,1440519655734,"87,545",50% bullish,of 4 ratings,$35
CTSH,$61.7899,1440519655904,"1,352,797",90% bullish,of 10 ratings,$75
CGNX,$34.5,1440519655963,"538,769",50% bullish,of 2 ratings,$47
CGNT,$1.6058,1440519656095,"30,910",100% bullish,of 2 ratings,$2
COHR,$55.85,1440519656158,"33,082",50% bullish,of 2 ratings,$72
CLRX,$0.5465,1440519656262,"27,323",50% bullish,of 2 ratings,N/A
COHU,$9.39,1440519656291,"21,197",100% bearish,of 1 rating,$14.25
CHRS,$27.95,1440519656348,"48,705",67% bearish,of 3 ratings,$37
COLL,$14.6,1440519656392,"14,475",100% bearish,of 1 rating,$26
CLCT,$18.5175,1440519656446,"6,727",100% bearish,of 1 rating,N/A
CIGI,$42.57,1440519656494,"3,714",100% bearish,of 1 rating,$52
CBAN,$8.89,1440519656634,"1,000",Not yet rated,NULL,N/A
COLB,$29.45,1440519656729,"51,650",Not yet rated,NULL,$36
COLM,$59.8,1440519656776,"31,935",100% bearish,of 1 rating,$71
CLCD,$6.82,1440519656816,"46,934",100% bearish,of 1 rating,$20.50
CMCO,$18.35,1440519657082,"11,777",60% bullish,of 5 ratings,$28
CMCSA,$55.3601,1440519657308,"3,553,755",66% bullish,of 35 ratings,$69.50
CBSH,$43.85,1440519657337,"159,178",50% bullish,of 2 ratings,$46
CBSHP,$25.3,1440519657394,485,100% bearish,of 1 rating,N/A
CBMX,$1.18,1440519657465,"28,650",83% bullish,of 6 ratings,$3.15
CMCSK,$55.945,1440519657500,"1,022,716",Not yet rated,NULL,$84
CUBN,NULL,1440519657634,0,Not yet rated,NULL,N/A
CVGI,$4.52,1440519657763,"34,582",50% bullish,of 2 ratings,$6
CSAL,$20.09,1440519657792,"160,916",75% bullish,of 4 ratings,$30
COMM,$28.71,1440519657820,"193,034",67% bearish,of 3 ratings,$35
ESXB,$5.06,1440519657845,"69,300",Not yet rated,NULL,N/A
CYHHZ,$0.0104,1440519658042,"72,033",100% bullish,of 1 rating,N/A
CTBI,$34.2,1440519658109,"11,997",Not yet rated,NULL,$36
CWBC,NULL,1440519658208,0,Not yet rated,NULL,N/A
JCS,$8.5,1440519658340,"4,848",67% bullish,of 3 ratings,N/A
COB,$10.42,1440519658371,"2,732",100% bullish,of 1 rating,$11.75
CVLT,$35.53,1440519658393,"130,471",75% bullish,of 4 ratings,$44.50
CIL,$33.3,1440519658471,200,Not yet rated,NULL,N/A
CIZ,$33.05,1440519658651,"3,061",100% bearish,of 1 rating,N/A
CDC,$34.15,1440519658682,"10,475",Not yet rated,NULL,N/A
CID,NULL,1440519658709,0,Not yet rated,NULL,N/A
CSA,$32.64,1440519658780,400,Not yet rated,NULL,N/A
CFA,$34.8031,1440519658866,365,100% bearish,of 1 rating,N/A
CFO,$34.92,1440519658925,"27,710",100% bearish,of 1 rating,N/A
CSF,$35.86,1440519659070,"2,548",100% bearish,of 1 rating,N/A
CDL,NULL,1440519659133,0,Not yet rated,NULL,N/A
CPSI,$45.15,1440519659347,"31,995",100% bearish,of 1 rating,$45.50
CGEN,$4.93,1440519659372,"91,313",50% bullish,of 2 ratings,$11
SCOR,$55.27,1440519659397,"78,424",100% bearish,of 1 rating,$66
CMTL,$26.32,1440519659528,"8,669",100% bearish,of 2 ratings,$37
CSB,$32.96,1440519659562,200,Not yet rated,NULL,N/A
CTG,$6.51,1440519659658,"7,157",100% bearish,of 1 rating,$8.50
CNSI,$18.68,1440519659685,"43,820",100% bearish,of 2 ratings,$29
CHCI,$0.63,1440519659714,"5,158",50% bullish,of 2 ratings,N/A
CNAT,$3.66,1440519659850,"26,845",83% bullish,of 6 ratings,$13
CNCE,$15.45,1440519660031,"66,238",75% bullish,of 4 ratings,$22
CXRX,$70.7774,1440519660131,200,100% bearish,of 1 rating,$90
CCUR,$5.0396,1440519660354,"7,828",75% bullish,of 4 ratings,N/A
CDOR,$1.33,1440519660439,400,100% bullish,of 1 rating,N/A
CDORO,$16.6,1440519660496,150,100% bearish,of 1 rating,N/A
CDORP,$6.3,1440519660806,"2,008",100% bearish,of 1 rating,N/A
CNMD,$52.92,1440519660908,"37,258",Not yet rated,NULL,$59
CNFR,$10.355,1440519660940,"4,100",Not yet rated,NULL,N/A
CNXR,$6.66,1440519660965,"15,824",100% bearish,of 1 rating,$12
CFMS,$20.025,1440519661038,"76,286",Not yet rated,NULL,$27
CNOB,$19.17,1440519662339,"25,637",100% bullish,of 1 rating,$23.50
CTWS,$34.02,1440519662447,"8,065",100% bearish,of 1 rating,$44
CONN,$30.9,1440519662473,"97,067",67% bullish,of 3 ratings,$48.50
CTCT,$23.94,1440519662499,"136,745",67% bullish,of 3 ratings,$37
CNSL,$18.95,1440519662524,"84,647",100% bearish,of 1 rating,$23
CWCO,$10.378,1440519662674,"20,898",67% bullish,of 3 ratings,$14.50
CPSS,$5.66,1440519662706,"22,560",100% bullish,of 1 rating,$10
CFRX,$5.07,1440519662840,"4,439",Not yet rated,NULL,$14
CFRXZ,$0.46,1440519663367,550,Not yet rated,NULL,N/A
BVA,$3.51,1440519663399,100,50% bullish,of 2 ratings,N/A
CPRT,$34.07,1440519663421,"99,790",67% bearish,of 3 ratings,$40
CTRL,$7.9625,1440519663455,"34,296",50% bullish,of 2 ratings,$11
CTRV,$3.87,1440519663477,"6,426",Not yet rated,NULL,$6.40
CFRXW,$2,1440519663511,"4,591",100% bearish,of 1 rating,N/A
CRBP,$1.9185,1440519663551,"199,690",100% bullish,of 2 ratings,$6.25
CORT,$4.62,1440519663607,"117,087",67% bullish,of 3 ratings,$12
CORE,$60.96,1440519664003,"24,331",100% bearish,of 1 rating,$72
CSOD,$35.19,1440519664033,"190,231",50% bullish,of 2 ratings,$42
CORI,$10.13,1440519664054,"26,732",100% bearish,of 1 rating,$18
CRVL,$31.35,1440519664091,"24,787",100% bearish,of 1 rating,N/A
COSI,$1.06,1440519664187,"95,605",100% bullish,of 1 rating,N/A
CSGP,$175.74,1440519664215,"33,549",50% bullish,of 2 ratings,$235
COST,$137.83,1440519664316,"1,355,297",79% bullish,of 24 ratings,$154.50
CPAH,NULL,1440519664588,0,50% bullish,of 2 ratings,N/A
CVTI,$21.94,1440519664614,"47,026",67% bearish,of 3 ratings,$39
ICBK,$18,1440519664686,200,Not yet rated,NULL,$21
COWNL,$27.0999,1440519664759,"1,930",Not yet rated,NULL,N/A
COVS,$2.605,1440519664790,"24,849",67% bullish,of 3 ratings,N/A
CPSH,$2.0501,1440519664849,"5,800",Not yet rated,NULL,N/A
COWN,$5.085,1440519664888,"257,231",75% bullish,of 4 ratings,$7
CRAI,$21.69,1440519665132,"7,024",100% bearish,of 1 rating,$36
CBRL,$139.31,1440519665157,"194,564",50% bullish,of 2 ratings,$155
CACC,$193.185,1440519665342,"36,234",50% bullish,of 2 ratings,$158.50
BREW,$7.2,1440519665379,"43,865",67% bullish,of 6 ratings,$15
CRAY,$20.163,1440519665444,"84,699",83% bullish,of 6 ratings,$38.50
SLVO,$10.0452,1440519665510,"4,452",100% bearish,of 1 rating,N/A
CREE,$26.66,1440519665575,"505,935",65% bullish,of 17 ratings,$29.50
GLDI,$11.02,1440519665640,"7,089",100% bearish,of 1 rating,N/A
CRESY,$9.75,1440519665694,"23,676",100% bearish,of 1 rating,$19
CROX,$13.74,1440519665771,"163,795",63% bullish,of 8 ratings,$16.50
CRTO,$43.68,1440519665827,"154,827",67% bullish,of 6 ratings,$64
CCRN,$13.6,1440519665994,"89,794",100% bearish,of 1 rating,$14.25
CRWN,$4.5,1440519666091,"23,634",75% bullish,of 4 ratings,N/A
CYRX,$2.9221,1440519666118,"14,642",Not yet rated,NULL,$9
CRDS,$1.04,1440519666140,"6,697",50% bullish,of 4 ratings,$4.50
CRWS,$7.91,1440519666170,"13,619",Not yet rated,NULL,$10
CCLP,$13.52,1440519666524,"70,806",67% bearish,of 3 ratings,$20
CYRXW,$0.9001,1440519666553,500,Not yet rated,NULL,N/A
CSGS,$30.46,1440519666611,"42,642",Not yet rated,NULL,$40
CSPI,$5.87,1440519666650,317,67% bullish,of 3 ratings,N/A
CTIC,$1.655,1440519666721,"405,304",84% bullish,of 76 ratings,$5.75
CTIB,$3.55,1440519666748,400,100% bearish,of 1 rating,N/A
CUNB,$21.28,1440519666779,"5,171",Not yet rated,NULL,$24.50
CTCM,$1.7,1440519666882,"85,668",80% bearish,of 5 ratings,$3.90
CTRP,$65.98,1440519667149,"992,787",75% bullish,of 8 ratings,$92
CUI,$5.06,1440519667282,"41,300",50% bullish,of 2 ratings,$10
CRIS,$2.46,1440519667350,"113,584",100% bullish,of 8 ratings,$6
CMLS,$1.3,1440519667423,"138,067",50% bullish,of 4 ratings,$6
CVV,$10.8,1440519667449,"5,093",100% bullish,of 5 ratings,N/A
CPIX,$5.84,1440519667580,"1,900",Not yet rated,NULL,N/A
CVBF,$15.6925,1440519667610,"97,622",Not yet rated,NULL,$18
CUTR,$14.08,1440519667711,"18,135",67% bearish,of 3 ratings,$18
CYAN,$6.92,1440519668034,200,100% bearish,of 1 rating,N/A
CYBR,$49.9,1440519668066,"717,788",86% bullish,of 7 ratings,$66
CYCC,$0.5501,1440519668167,"22,311",73% bullish,of 11 ratings,N/A
CYBE,$5.9,1440519668192,"2,756",100% bearish,of 1 rating,N/A
CYBX,$65,1440519668218,"74,574",50% bullish,of 4 ratings,$71.50
CYCCP,NULL,1440519668246,0,100% bearish,of 1 rating,N/A
CBAY,$2.69,1440519668516,"31,044",100% bullish,of 1 rating,$4
CYNA,$16.25,1440519668672,"9,272",100% bullish,of 1 rating,$31.50
CONE,$31.79,1440519669186,"166,489",67% bearish,of 3 ratings,$35
CYRN,$1.66,1440519669235,"35,746",67% bullish,of 3 ratings,$4
CYNO,$31.46,1440519669288,"52,726",67% bearish,of 3 ratings,$45.50
CY,$9.295,1440519669368,"1,565,828",80% bullish,of 10 ratings,$15.50
CYTK,$6.64,1440519669428,"61,934",71% bullish,of 14 ratings,$13.50
CYTX,$0.359,1440519669499,"418,460",83% bullish,of 12 ratings,$5.50
CTSO,$6.63,1440519669802,"13,981",Not yet rated,NULL,$15.625
DAEG,$0.313,1440519669828,"3,641",100% bearish,of 1 rating,N/A
CYTR,$2.0986,1440519669856,"392,409",67% bullish,of 6 ratings,$10
TVIZ,$16.78,1440519669988,"6,540",100% bearish,of 1 rating,N/A
ZIV,$42.58,1440519670015,"47,158",Not yet rated,NULL,N/A
XIV,$29.9821,1440519670036,"13,738,738",75% bearish,of 4 ratings,N/A
TVIX,$10.5399,1440519670170,"8,832,185",81% bullish,of 16 ratings,N/A
DJCO,NULL,1440519670200,0,Not yet rated,NULL,N/A
DARA,$0.8549,1440519670435,"41,127",83% bullish,of 6 ratings,$1.50
DAKT,$9.4101,1440519670627,"344,610",50% bullish,of 2 ratings,$14
DTLK,$5.44,1440519670760,"13,631",100% bearish,of 1 rating,$9
DRAM,$1.2392,1440519670797,"30,949",78% bullish,of 9 ratings,N/A
DAIO,$2.57,1440519670890,"7,124",Not yet rated,NULL,N/A
DTEA,$12.89,1440519670920,"46,426",100% bearish,of 2 ratings,$24
PLAY,$32.84,1440519670947,"81,494",100% bullish,of 5 ratings,$42
DWSN,$4.3,1440519670968,"4,850",67% bullish,of 3 ratings,$6
TRAK,$62.81,1440519671169,"250,635",50% bullish,of 2 ratings,$62.50
DBVT,$37.7,1440519671303,"32,065",100% bearish,of 1 rating,$53
DWCH,$4.84,1440519671368,"6,032",75% bullish,of 4 ratings,$8.25
DHRM,$1.6065,1440519671393,"5,689",Not yet rated,NULL,N/A
DFRG,$14.15,1440519671433,"70,166",100% bearish,of 1 rating,$20
TACO,$12.88,1440519671599,"120,722",75% bullish,of 4 ratings,$20
DCTH,$0.4368,1440519671624,"39,406",78% bullish,of 9 ratings,N/A
TACOW,$3.9,1440519671681,"1,825",100% bullish,of 1 rating,N/A
DGAS,$20.25,1440519671885,"22,286",67% bearish,of 3 ratings,N/A
DENN,$11.39,1440519671958,"86,790",100% bullish,of 3 ratings,$15
DELT,$2.59,1440519671984,750,Not yet rated,NULL,N/A
XRAY,$52.45,1440519672147,"136,161",100% bullish,of 1 rating,$58
DSCI,$5.98,1440519672246,"8,154",50% bullish,of 2 ratings,$16
DEPO,$28.305,1440519672271,"331,425",60% bullish,of 5 ratings,$29
DELTW,NULL,1440519673085,0,Not yet rated,NULL,N/A
DERM,$24.43,1440519673530,"40,179",100% bearish,of 1 rating,$33.50
DEST,$11.27,1440519674600,"9,751",50% bullish,of 2 ratings,N/A
DXLG,$4.49,1440519675031,"34,114",100% bearish,of 1 rating,$8
DSWL,$1.75,1440519675076,"1,000",100% bullish,of 1 rating,N/A
DXM,$0.3097,1440519675332,"76,838",50% bullish,of 2 ratings,N/A
DXCM,$91.33,1440519675584,"353,098",57% bullish,of 7 ratings,$98
DHXM,NULL,1440519676074,0,Not yet rated,NULL,N/A
DMND,$28.96,1440519676117,"43,396",75% bullish,of 12 ratings,$32
DHIL,$192.85,1440519676252,400,Not yet rated,NULL,N/A
FANG,$62.47,1440519676314,"309,104",50% bullish,of 2 ratings,$86.50
DCIX,$1.68,1440519676339,"19,991",50% bullish,of 4 ratings,$3.50
DRNA,$10.56,1440519676364,"23,705",67% bearish,of 3 ratings,$25
DGII,$9.61,1440519676727,"9,350",100% bearish,of 1 rating,$10
DMRC,$35,1440519676794,"27,350",100% bearish,of 1 rating,$44
APPS,$2.32,1440519677058,"14,851",100% bearish,of 1 rating,$10.25
DRAD,$3.65,1440519677084,"7,567",100% bullish,of 1 rating,$5.25
DGLY,$6.86,1440519677143,"80,634",50% bullish,of 6 ratings,$20
DCOM,$16.46,1440519677228,"24,836",100% bearish,of 2 ratings,$16.50
DIOD,$19.31,1440519677309,"65,469",75% bearish,of 4 ratings,$24
DPRX,$12.64,1440519677489,"10,004",100% bullish,of 2 ratings,$27.75
DSCO,$0.3999,1440519677579,"133,676",83% bullish,of 6 ratings,$2.75
DISH,$60.18,1440519677600,"284,510",69% bullish,of 13 ratings,$73
DISCA,$26.05,1440519677681,"1,776,951",67% bullish,of 3 ratings,$34
DVCR,$10.41,1440519677767,"4,900",100% bullish,of 1 rating,N/A
BAGR,$2.7599,1440519677826,"21,919",100% bearish,of 1 rating,$6
DISCB,$26,1440519677966,200,100% bearish,of 1 rating,$35
DLHC,$2.36,1440519677993,"2,000",100% bearish,of 1 rating,N/A
DISCK,$24.7915,1440519678069,"747,719",100% bearish,of 1 rating,$32
DLTR,$75.39,1440519678294,"547,035",82% bullish,of 11 ratings,$88
DMLP,$13.46,1440519678435,"12,789",100% bearish,of 1 rating,N/A
DGICB,NULL,1440519678535,0,100% bearish,of 1 rating,N/A
DGICA,$14.11,1440519678560,"1,824",100% bearish,of 1 rating,$17
HILL,$9.67,1440519678592,"604,058",60% bearish,of 5 ratings,$9.75
DNBF,$26.55,1440519678614,605,Not yet rated,NULL,$27.50
DORM,$50.14,1440519678665,"80,223",100% bearish,of 1 rating,$56
DRWIW,$0.0474,1440519678927,117,Not yet rated,NULL,N/A
DRYS,$0.346,1440519679032,"2,386,192",77% bullish,of 31 ratings,$.60
DRWI,$0.24,1440519679081,"99,303",60% bullish,of 5 ratings,$.45
DWA,$19.73,1440519679107,"356,223",63% bullish,of 8 ratings,$26
DSKX,$2.88,1440519679177,"141,896",100% bullish,of 1 rating,N/A
DSPG,$8.2,1440519679202,"35,976",100% bearish,of 1 rating,$13.50
CADT,NULL,1440519679399,0,Not yet rated,NULL,N/A
CADTR,NULL,1440519679693,0,Not yet rated,NULL,N/A
CADTU,NULL,1440519679746,0,Not yet rated,NULL,N/A
CADTW,NULL,1440519679797,0,Not yet rated,NULL,N/A
DTSI,$26.34,1440519679872,"56,135",100% bearish,of 2 ratings,$39.50
DRRX,$1.97,1440519679900,"48,752",50% bullish,of 6 ratings,$3
DNKN,$50.707,1440519680049,"376,800",67% bullish,of 15 ratings,$56.50
DXPE,$27.95,1440519680131,"48,317",50% bullish,of 2 ratings,N/A
DYAX,$21.92,1440519680177,"184,802",89% bullish,of 9 ratings,$30
BOOM,$9.5,1440519680209,"23,167",67% bullish,of 3 ratings,$12
DYNT,$2.89,1440519680478,"4,209",75% bullish,of 4 ratings,N/A
DYSL,$1.46,1440519680551,"19,400",100% bullish,of 2 ratings,N/A
EBMT,$11.41,1440519680684,"9,214",Not yet rated,NULL,$13.50
EGBN,$41.95,1440519680719,"65,389",Not yet rated,NULL,$48
DVAX,$26.25,1440519680812,"148,919",70% bullish,of 10 ratings,$40
EGLE,$6.14,1440519680838,"5,111",60% bullish,of 5 ratings,N/A
ETFC,$25.145,1440519680870,"877,166",57% bullish,of 14 ratings,$33
EROC,$1.21,1440519680913,"162,084",50% bullish,of 2 ratings,$3
EGRX,$71.101,1440519680968,"135,095",67% bullish,of 3 ratings,$97
EWBC,$38.62,1440519681174,"614,292",100% bearish,of 1 rating,$50
ELNK,$8.18,1440519681306,"218,130",60% bullish,of 5 ratings,$9.50
EML,$16.24,1440519681385,"5,936",Not yet rated,NULL,N/A
EACQU,$10.2,1440519681450,400,Not yet rated,NULL,N/A
EVBS,$6.4501,1440519681475,"6,603",Not yet rated,NULL,$7
ECTE,$1.424,1440519681742,"14,854",75% bullish,of 4 ratings,N/A
EBAY,$25.65,1440519681791,"4,068,553",81% bullish,of 117 ratings,$48
ECHO,$23.85,1440519681820,"139,183",67% bearish,of 3 ratings,$35.50
EBIX,$26.35,1440519681871,"117,180",69% bullish,of 13 ratings,$40
ELON,$0.5399,1440519681897,"16,346",50% bullish,of 2 ratings,N/A
ECACU,NULL,1440519681923,0,Not yet rated,NULL,N/A
EEI,$10.7901,1440519682053,"1,100",67% bearish,of 3 ratings,N/A
SATS,$42.58,1440519682110,"54,215",50% bullish,of 2 ratings,$60
EDAP,$3.32,1440519682460,"40,085",60% bullish,of 5 ratings,$4.50
ESES,$3.24,1440519682485,"1,980",100% bearish,of 1 rating,$7
EGLT,$11,1440519682927,"31,689",50% bullish,of 2 ratings,$21
EDUC,$4.9399,1440519682956,"7,041",100% bearish,of 1 rating,N/A
ESLT,$77.4736,1440519682977,"6,343",67% bullish,of 3 ratings,N/A
EDGW,$6.79,1440519683014,"2,704",100% bearish,of 1 rating,N/A
EHTH,$13.58,1440519683035,"26,624",50% bullish,of 4 ratings,$16.50
EMITF,$1.24,1440519683110,"4,518",75% bullish,of 4 ratings,N/A
EGAN,$3.3,1440519683139,"26,400",50% bullish,of 2 ratings,$6.25
EFUT,NULL,1440519683239,0,Not yet rated,NULL,N/A
ERI,$9.22,1440519683478,"20,457",100% bearish,of 1 rating,$10
ESIO,$4.395,1440519684139,"30,906",50% bullish,of 2 ratings,$10
ELRC,$10.33,1440519684439,"7,639",100% bearish,of 1 rating,N/A
EA,$65.77,1440519684498,"1,501,176",77% bullish,of 35 ratings,$80
LOCO,$12.78,1440519685400,"663,340",69% bullish,of 13 ratings,$20
EFII,$43.81,1440519685426,"78,789",80% bullish,of 5 ratings,$55
ELECW,NULL,1440519686977,0,Not yet rated,NULL,N/A
EBIO,$3.3515,1440519687042,"57,564",100% bearish,of 2 ratings,$8.35
ELECU,NULL,1440519687071,0,Not yet rated,NULL,N/A
ELEC,NULL,1440519687092,0,Not yet rated,NULL,N/A
ELSE,$3.8801,1440519687113,200,60% bullish,of 5 ratings,N/A
RDEN,$10.1767,1440519687247,"19,190",100% bearish,of 4 ratings,$15
ESBK,$19.515,1440519687273,600,Not yet rated,NULL,N/A
LONG,$16.43,1440519687294,"53,384",67% bullish,of 3 ratings,$15.75
CAPX,$22.15,1440519687677,200,Not yet rated,NULL,N/A
EMKR,$6.98,1440519687766,"35,399",75% bullish,of 4 ratings,$8.50
EMCI,$22.565,1440519687897,"2,091",Not yet rated,NULL,N/A
EMMSP,NULL,1440519687983,0,100% bearish,of 1 rating,N/A
EMCF,NULL,1440519688010,0,100% bearish,of 1 rating,N/A
ELTK,$1.09,1440519688142,200,67% bearish,of 3 ratings,N/A
EMMS,$1.12,1440519688168,"23,994",67% bullish,of 6 ratings,N/A
NYNY,$4.06,1440519688189,"12,060",50% bullish,of 2 ratings,N/A
WIRE,$30.96,1440519688682,"44,366",100% bearish,of 1 rating,$37
ERS,$2.8299,1440519688732,"2,803",Not yet rated,NULL,N/A
ENTA,$40.31,1440519688758,"49,156",50% bullish,of 2 ratings,$42
ECPG,$39.26,1440519688790,"42,558",100% bullish,of 2 ratings,$52
EIGI,$15.25,1440519688891,"97,523",67% bearish,of 3 ratings,$22.50
ECYT,$4.95,1440519688973,"92,357",83% bullish,of 6 ratings,$12
EFOI,$16.57,1440519689048,"361,737",50% bullish,of 2 ratings,$20.50
ENDP,$76.68,1440519689105,"759,722",50% bullish,of 6 ratings,$104
WATT,$6.21,1440519689305,"82,831",50% bullish,of 2 ratings,$13
ELGX,$12.48,1440519689357,"211,175",75% bullish,of 4 ratings,$17
ENOC,$8.385,1440519689453,"105,373",75% bullish,of 4 ratings,$18
EXXI,$1.35,1440519689623,"591,815",86% bullish,of 7 ratings,$3.50
ERII,$2.91,1440519689730,"23,913",80% bullish,of 5 ratings,$2.50
ENG,$0.97,1440519689872,"46,039",100% bullish,of 3 ratings,N/A
ENPH,$4.558,1440519689950,"301,253",75% bullish,of 4 ratings,$11
ENTG,$13.445,1440519690094,"131,401",100% bearish,of 1 rating,$18
ENFC,$18.06,1440519690155,"3,500",Not yet rated,NULL,N/A
ENTL,$21.19,1440519690222,"7,763",Not yet rated,NULL,$28
ESGR,$147.462,1440519690251,"11,303",100% bearish,of 1 rating,$185
ETRM,$0.279,1440519690278,"1,270,714",69% bearish,of 35 ratings,$1.625
EBTC,$20.91,1440519690382,600,Not yet rated,NULL,N/A
EFSC,$23.91,1440519690521,"17,462",Not yet rated,NULL,$27
EGT,$2.05,1440519690568,"3,124",100% bullish,of 1 rating,N/A
ENZN,$0.9401,1440519690763,"335,482",100% bullish,of 9 ratings,N/A
ENVI,$1.715,1440519690811,"1,513",67% bullish,of 3 ratings,N/A
ENZY,$9.17,1440519690865,"5,945",67% bullish,of 3 ratings,$9.50
EPIQ,$13.12,1440519690966,"19,759",100% bearish,of 1 rating,$18
EPRS,$4.985,1440519691195,"18,530",82% bullish,of 11 ratings,$15
EPZM,$18.02,1440519691262,"127,953",60% bullish,of 5 ratings,$34
EQIX,$262.4775,1440519691339,"183,373",75% bullish,of 4 ratings,$312.50
EAC,$3.2985,1440519691364,"7,469",100% bearish,of 1 rating,$8
PLUS,$74.71,1440519691405,"38,627",50% bullish,of 2 ratings,$88
EQFN,NULL,1440519691535,0,100% bearish,of 1 rating,N/A
ERIC,$9.63,1440519691573,"932,698",63% bullish,of 8 ratings,$12.20
ERIE,$81.1,1440519691599,"16,883",Not yet rated,NULL,$73
ESCA,$17.04,1440519691845,"3,984",100% bearish,of 1 rating,$22
ESCR,$0.18,1440519691872,"35,457",50% bullish,of 2 ratings,N/A
ESCRP,NULL,1440519692004,0,100% bearish,of 1 rating,N/A
ESMC,NULL,1440519692086,0,Not yet rated,NULL,N/A
ESSA,$12.6,1440519692139,"2,350",100% bearish,of 1 rating,N/A
ESPR,$53.06,1440519692170,"238,652",70% bearish,of 10 ratings,$123
ESSX,$0.44,1440519692198,"35,881",50% bullish,of 2 ratings,N/A
EPIX,NULL,1440519692235,0,Not yet rated,NULL,N/A
ESND,$33.93,1440519692265,"28,823",100% bearish,of 2 ratings,$40
ETSY,$13.442,1440519692530,"232,893",80% bullish,of 5 ratings,$16
EEFT,$63.99,1440519692659,"65,873",100% bearish,of 1 rating,$67.50
CLWT,$2.5,1440519692719,306,100% bearish,of 1 rating,N/A
EVEP,$7.155,1440519692759,"152,965",50% bullish,of 2 ratings,$15
ESEA,$5.59,1440519692799,100,100% bullish,of 1 rating,$15
EVLV,$2.1,1440519692888,"74,726",60% bullish,of 5 ratings,$6.50
EVK,NULL,1440519693015,0,75% bearish,of 4 ratings,N/A
EVOK,$3.8,1440519693041,"26,415",100% bearish,of 1 rating,$13.375
EVOL,$5.99,1440519693208,"7,037",75% bullish,of 4 ratings,$10
EXA,$10.73,1440519693265,"3,300",100% bearish,of 1 rating,$13
EXAS,$20.68,1440519693290,"464,454",78% bullish,of 9 ratings,$31
EXAC,$17.99,1440519693452,"22,104",100% bearish,of 1 rating,$22.50
EXEL,$5.275,1440519693479,"1,995,165",81% bullish,of 16 ratings,$6
EXFO,$2.6,1440519693500,"14,052",67% bearish,of 3 ratings,$3.95
EXLS,$35.73,1440519693530,"50,751",50% bullish,of 2 ratings,$41
EXPE,$112.14,1440519693666,"333,820",64% bullish,of 11 ratings,$130
ESRX,$83.95,1440519693992,"1,274,594",67% bearish,of 6 ratings,$101
EXPO,$41.33,1440519694048,"14,155",100% bearish,of 1 rating,$45.50
EXPD,$48.17,1440519694120,"516,836",80% bullish,of 5 ratings,$51.50
EXLP,$18.26,1440519694148,"99,609",100% bearish,of 1 rating,$25
EZCH,$21.32,1440519694169,"23,023",75% bullish,of 8 ratings,$19.50
EXTR,$2.79,1440519694204,"190,241",80% bullish,of 5 ratings,$3
EYEG,$3.84,1440519694299,"21,700",Not yet rated,NULL,N/A
EYEGW,NULL,1440519694516,0,Not yet rated,NULL,N/A
FB,$87.0864,1440519694711,"17,026,873",73% bullish,of 1066 ratings,$111
EZPW,$5.87,1440519694857,"130,623",50% bullish,of 4 ratings,$7.50
FFIV,$120.39,1440519694916,"206,128",63% bullish,of 8 ratings,$132
FCS,$13.15,1440519694955,"209,064",67% bearish,of 3 ratings,$17
FWM,$2.315,1440519694980,"52,549",100% bearish,of 2 ratings,$3.20
FRP,$15.79,1440519695010,"20,851",100% bearish,of 1 rating,$18
FALC,$1.55,1440519695118,"22,150",63% bearish,of 8 ratings,N/A
DAVE,$14.24,1440519695281,"4,907",100% bearish,of 1 rating,$15.50
FARM,$21.72,1440519695385,"16,135",100% bearish,of 1 rating,$35
FMNB,$8.04,1440519695419,"4,800",Not yet rated,NULL,N/A
FAST,$37.36,1440519695447,"1,372,121",80% bullish,of 5 ratings,$45.50
FARO,$37.865,1440519695517,"39,602",50% bullish,of 2 ratings,$48
FATE,$6.16,1440519695652,"20,197",50% bullish,of 2 ratings,$11
FFKT,$25.61,1440519695715,"3,429",Not yet rated,NULL,$29
FBSS,$15.92,1440519695813,"1,615",Not yet rated,NULL,N/A
FBRC,$21.805,1440519696019,"7,809",100% bearish,of 1 rating,$29
FDML,$8.6,1440519696079,"91,679",50% bullish,of 4 ratings,$14
FNHC,$21.81,1440519696364,"15,177",100% bearish,of 1 rating,$35
FGEN,$22.78,1440519696401,"90,886",100% bearish,of 1 rating,$39
FHCO,$1.38,1440519696436,"32,514",50% bullish,of 4 ratings,N/A
FEIC,$74.38,1440519696465,"70,863",50% bullish,of 2 ratings,$95.50
ONEQ,$183.3059,1440519696491,"32,770",100% bullish,of 1 rating,N/A
FENX,$9.69,1440519696516,"31,175",100% bullish,of 1 rating,$14.25
LION,$18.55,1440519696647,"42,010",100% bullish,of 1 rating,$20
FCSC,$5.6,1440519696812,"122,643",100% bearish,of 1 rating,$8.125
FSAM,$8.51,1440519697007,"4,616",100% bearish,of 1 rating,$11
FDUS,$13.664,1440519697036,"21,204",50% bullish,of 2 ratings,$18
FRGI,$51.76,1440519697111,"46,853",50% bullish,of 2 ratings,$70
FSC,$6.2,1440519697243,"528,666",75% bullish,of 4 ratings,$8
FSCFL,$24.5,1440519697275,771,Not yet rated,NULL,N/A
FSFR,$8.819,1440519697411,"73,623",100% bearish,of 1 rating,$11.50
FITB,$18.98,1440519697438,"2,091,877",54% bullish,of 13 ratings,$22
FITBI,$26.951,1440519697487,"5,430",Not yet rated,NULL,N/A
FNSR,$15.16,1440519697714,"260,368",71% bullish,of 7 ratings,$24.50
FNGN,$32.12,1440519697749,"96,498",67% bullish,of 3 ratings,$47
FNJN,$1.58,1440519697817,"12,833",100% bearish,of 1 rating,$5
FISI,$24.5176,1440519697842,"14,736",100% bullish,of 2 ratings,$24.50
FNTC,NULL,1440519698001,0,Not yet rated,NULL,N/A
FNTCU,$10.42,1440519698032,186,Not yet rated,NULL,N/A
FNTCW,NULL,1440519698489,0,Not yet rated,NULL,N/A
FEYE,$38.476,1440519698585,"1,684,965",87% bullish,of 15 ratings,$55.50
FBNC,$16.57,1440519698714,"5,328",100% bullish,of 1 rating,$20
FNLC,$18.37,1440519698813,"6,338",100% bullish,of 1 rating,N/A
BUSE,$6.32,1440519698944,"252,192",Not yet rated,NULL,$6.875
FRBA,$6.016,1440519698969,"1,102",Not yet rated,NULL,$8
FBIZ,$43.75,1440519698994,"1,845",100% bearish,of 2 ratings,$52
FCVA,NULL,1440519699138,0,Not yet rated,NULL,N/A
FCFS,$38.295,1440519699185,"51,518",100% bearish,of 3 ratings,$48
FCAP,$26.8,1440519699246,450,Not yet rated,NULL,N/A
FCLF,$9.08,1440519699318,100,Not yet rated,NULL,N/A
FCNCA,$231.41,1440519699385,825,Not yet rated,NULL,N/A
FCCO,$11.73,1440519699470,100,Not yet rated,NULL,$13.25
FCBC,$17.2,1440519699530,"1,454",Not yet rated,NULL,$18
FCFP,$6.82,1440519699565,"2,300",Not yet rated,NULL,N/A
FBNK,$16.6,1440519699775,"3,325",100% bearish,of 1 rating,$17.50
FFNM,$6.3699,1440519699942,500,Not yet rated,NULL,N/A
FDEF,$37.18,1440519700027,"8,065",Not yet rated,NULL,$38
FFIN,$29.81,1440519700095,"78,352",50% bullish,of 2 ratings,$31.75
THFF,$32.93,1440519700122,"2,357",Not yet rated,NULL,$35
FFNW,$11.94,1440519700149,"15,950",Not yet rated,NULL,$14
FFBCW,$6.3,1440519700178,100,100% bearish,of 1 rating,N/A
FFBC,$18.05,1440519700199,"38,240",67% bearish,of 3 ratings,$20.25
INBK,$30.43,1440519700461,"8,360",50% bullish,of 2 ratings,$37
FFWM,$20.91,1440519700556,800,Not yet rated,NULL,$24
FIBK,$26.22,1440519700615,"41,146",Not yet rated,NULL,$32
FRME,$25.03,1440519700651,"20,706",Not yet rated,NULL,$26.50
FMBI,$17.21,1440519700785,"113,452",Not yet rated,NULL,$20
FMBH,NULL,1440519700810,0,Not yet rated,NULL,N/A
FNBC,$33.63,1440519700940,"20,775",Not yet rated,NULL,$41.50
FSLR,$46.9101,1440519701086,"796,071",74% bullish,of 39 ratings,$65
FNWB,$11.815,1440519701193,"2,295",Not yet rated,NULL,N/A
FSFG,$30.41,1440519701257,"1,800",Not yet rated,NULL,N/A
FSGI,$2.46,1440519701358,"2,686",Not yet rated,NULL,N/A
BICK,$19.7199,1440519701387,320,100% bullish,of 1 rating,N/A
FSBK,$7.75,1440519701418,"2,544",100% bullish,of 1 rating,N/A
FBZ,$10.06,1440519701521,240,Not yet rated,NULL,N/A
FCAN,$23.54,1440519701790,"21,111",Not yet rated,NULL,N/A
FTCS,$35.9101,1440519702074,"22,785",100% bearish,of 1 rating,N/A
FCA,$19.35,1440519702131,"1,125",Not yet rated,NULL,N/A
IFV,$17.675,1440519702201,"628,973",100% bearish,of 1 rating,N/A
FV,$22.93,1440519702259,"1,426,853",100% bearish,of 1 rating,N/A
FEMB,NULL,1440519702285,0,Not yet rated,NULL,N/A
FTSM,$59.88,1440519702314,"5,758",100% bearish,of 1 rating,N/A
FEUZ,$31.1356,1440519702415,108,Not yet rated,NULL,N/A
MDIV,$18.9,1440519702809,"80,048",Not yet rated,NULL,N/A
TDIV,$24.096,1440519702856,"31,581",100% bearish,of 1 rating,N/A
FTGC,$21.82,1440519703375,"171,966",Not yet rated,NULL,N/A
FGM,$35.5,1440519703555,"12,707",Not yet rated,NULL,N/A
FNFG,$8.86,1440519703640,"937,429",80% bullish,of 5 ratings,$9
HYLS,$49.02,1440519703802,"15,654",100% bearish,of 1 rating,N/A
FTHI,$19.299,1440519703906,"1,366",Not yet rated,NULL,N/A
SKYY,$28.25,1440519704254,"31,977",100% bullish,of 1 rating,N/A
FPXI,$26.89,1440519704279,"1,000",Not yet rated,NULL,N/A
FHK,$32.82,1440519704515,"34,200",Not yet rated,NULL,N/A
CU,$12.41,1440519704543,"5,990",100% bearish,of 1 rating,N/A
PLTM,$6.3399,1440519704575,"4,324",100% bearish,of 1 rating,N/A
FTLB,$19.05,1440519704700,300,100% bearish,of 1 rating,N/A
LMBS,$50.03,1440519704737,"2,718",Not yet rated,NULL,N/A
FJP,$45.8218,1440519704873,"7,099",Not yet rated,NULL,N/A
FMB,$51.05,1440519704894,"3,451",Not yet rated,NULL,N/A
QABA,$36.66,1440519704975,"17,931",100% bearish,of 1 rating,N/A
CIBR,$17.9305,1440519705033,"56,122",Not yet rated,NULL,N/A
FONE,NULL,1440519705128,0,Not yet rated,NULL,N/A
QCLN,$14.56,1440519705232,"19,190",Not yet rated,NULL,N/A
GRID,NULL,1440519705419,0,100% bearish,of 1 rating,N/A
CARZ,$34.27,1440519705551,"2,440",100% bearish,of 1 rating,N/A
RDVY,$20.757,1440519705583,"4,847",Not yet rated,NULL,N/A
QQEW,$40.79,1440519705605,"124,023",Not yet rated,NULL,N/A
QTEC,$38.9299,1440519705679,"28,948",Not yet rated,NULL,N/A
QQXT,$39.5999,1440519705739,"8,084",Not yet rated,NULL,N/A
AIRR,$15.81,1440519705899,"4,563",100% bearish,of 1 rating,N/A
QINC,NULL,1440519705977,0,Not yet rated,NULL,N/A
FTSL,$48.76,1440519706132,"75,624",100% bearish,of 1 rating,N/A
FKO,$22.35,1440519706164,530,Not yet rated,NULL,N/A
FDIV,$47.25,1440519706231,"3,060",100% bearish,of 1 rating,N/A
FSZ,$39.125,1440519706262,"30,681",Not yet rated,NULL,N/A
FTW,$29.95,1440519706337,"1,800",Not yet rated,NULL,N/A
TUSA,NULL,1440519706539,0,Not yet rated,NULL,N/A
FUNC,$8.18,1440519706631,700,Not yet rated,NULL,N/A
FKU,$41.4401,1440519706700,"15,876",Not yet rated,NULL,N/A
SVVC,$9.405,1440519706772,"8,755",50% bullish,of 2 ratings,$26
FSV,$31.34,1440519706831,"8,256",Not yet rated,NULL,$33.60
FMER,$17.4125,1440519706858,"590,886",50% bullish,of 2 ratings,$20
FISV,$82.9669,1440519707060,"404,261",100% bearish,of 3 ratings,$90
FIVE,$35.95,1440519707135,"150,443",75% bearish,of 4 ratings,$44
FPRX,$18.88,1440519707276,"119,890",50% bullish,of 2 ratings,$35
FLML,$21.42,1440519707307,"47,327",50% bullish,of 2 ratings,$30
FIVN,$4.255,1440519707333,"50,297",100% bullish,of 1 rating,$8.50
FLKS,$13.625,1440519707408,"16,096",50% bullish,of 2 ratings,$27
FLXN,$23.64,1440519707705,"21,140",100% bearish,of 1 rating,$40
SKOR,NULL,1440519707733,0,Not yet rated,NULL,N/A
FLEX,$10.265,1440519707864,"1,069,535",63% bullish,of 8 ratings,$12
MBSD,$24.96,1440519707890,800,Not yet rated,NULL,N/A
FLXS,$31.44,1440519707920,"12,118",100% bearish,of 2 ratings,N/A
FLIR,$27.85,1440519707946,"251,060",100% bearish,of 1 rating,$38.50
FLDM,$12.11,1440519708104,"98,257",67% bearish,of 3 ratings,$21.50
FOGO,$17.91,1440519708259,"86,676",50% bullish,of 2 ratings,$25.50
FOMX,$9.79,1440519708329,"35,551",50% bullish,of 2 ratings,$23.50
FFIC,$19.7,1440519708355,"17,809",Not yet rated,NULL,$21
FONR,$9.2,1440519708486,"5,126",100% bullish,of 1 rating,N/A
FES,$0.92,1440519708518,"2,405",50% bullish,of 2 ratings,$1
FORM,$6.11,1440519708621,"108,550",67% bullish,of 3 ratings,$10.50
FORTY,$31.46,1440519709016,150,100% bearish,of 1 rating,N/A
FBIO,$2.5,1440519709174,"113,861",83% bullish,of 6 ratings,N/A
FORR,$31.96,1440519709279,"6,567",Not yet rated,NULL,N/A
YDIV,$16.46,1440519709304,"6,193",Not yet rated,NULL,N/A
FORD,$1.39,1440519709330,"1,979,059",50% bullish,of 2 ratings,N/A
FWP,$25.79,1440519709351,"16,634",100% bearish,of 1 rating,$45
FTNT,$42.64,1440519709379,"429,370",80% bullish,of 10 ratings,$52
FWRD,$45.24,1440519709579,"62,860",100% bearish,of 1 rating,$50
FOSL,$59.27,1440519709812,"370,084",50% bullish,of 4 ratings,$80
FMI,$20.495,1440519709834,"66,545",100% bearish,of 2 ratings,$27.50
FELE,$28.28,1440519709870,"36,889",50% bullish,of 4 ratings,$33
FOXF,$15.4,1440519709896,"36,981",100% bearish,of 1 rating,$19
FXCB,$16.96,1440519709928,"3,113",Not yet rated,NULL,$19
FRED,$13.29,1440519710002,"30,297",50% bullish,of 2 ratings,$16.50
FRAN,$10.455,1440519710192,"163,543",50% bullish,of 4 ratings,$15
FTR,$5.06,1440519710591,"5,558,698",78% bullish,of 27 ratings,$6.25
FTRPR,$100.89,1440519710647,"112,504",100% bearish,of 1 rating,N/A
FEIM,$10.81,1440519710674,"1,007",100% bearish,of 1 rating,N/A
RAIL,$19.33,1440519710695,"44,788",100% bearish,of 1 rating,$24.50
FRPT,$13.24,1440519710725,"182,008",67% bearish,of 3 ratings,$23.50
FRPH,$30.2,1440519710746,"1,535",100% bearish,of 1 rating,N/A
FSBW,$22.78,1440519710994,130,Not yet rated,NULL,N/A
FSYS,$6.13,1440519711267,"11,002",67% bullish,of 3 ratings,$10
FULL,$3.0964,1440519711328,"11,551",67% bearish,of 3 ratings,$4.25
FULLL,$25,1440519711363,"4,500",Not yet rated,NULL,N/A
FCEL,$0.73,1440519711396,"719,646",88% bullish,of 40 ratings,$2.65
FTD,$29.38,1440519711426,"22,715",100% bearish,of 1 rating,$40
FTEK,$2.07,1440519711475,"27,651",75% bullish,of 4 ratings,N/A
FLL,$1.46,1440519711808,"1,429",75% bullish,of 4 ratings,$3.50
FSNN,$2.4501,1440519711908,"3,400",67% bullish,of 3 ratings,$6
FULT,$11.96,1440519711958,"315,550",100% bearish,of 1 rating,$13
FXEN,$0.83,1440519712062,"37,370",75% bullish,of 4 ratings,$1.10
FFHL,NULL,1440519712087,0,50% bullish,of 4 ratings,N/A
FXENP,$16.2,1440519712145,800,100% bearish,of 1 rating,N/A
WILC,NULL,1440519712287,0,100% bullish,of 2 ratings,N/A
GK,$68.06,1440519712364,"23,467",Not yet rated,NULL,$78
GLPG,$63.48,1440519712657,"11,548",100% bullish,of 1 rating,$75
GAIA,$6.01,1440519712687,"6,594",50% bullish,of 2 ratings,$8.50
GALT,$1.86,1440519712722,"47,968",80% bullish,of 5 ratings,N/A
GALTU,NULL,1440519712793,0,100% bearish,of 1 rating,N/A
GALE,$1.615,1440519712825,"672,086",89% bullish,of 47 ratings,$4
GALTW,NULL,1440519712849,0,100% bullish,of 1 rating,N/A
GLMD,$8.08,1440519713167,"11,240",67% bullish,of 3 ratings,$20.50
GLPI,$31.15,1440519713299,"132,000",100% bearish,of 1 rating,$37.50
GPIC,$9.81,1440519713329,"1,700",100% bearish,of 1 rating,N/A
GRMN,$38.2,1440519713357,"428,959",50% bullish,of 6 ratings,$48
GGACR,NULL,1440519713465,0,100% bullish,of 1 rating,N/A
GGACU,NULL,1440519713532,0,Not yet rated,NULL,N/A
GGAC,NULL,1440519713557,0,100% bearish,of 1 rating,N/A
GARS,$14.09,1440519713935,"13,753",Not yet rated,NULL,$16
GGACW,$0.0899,1440519714066,"1,000",Not yet rated,NULL,N/A
GFN,$3.23,1440519714091,"34,617",100% bearish,of 2 ratings,$8
GNCMA,$16.28,1440519714282,"64,414",100% bearish,of 1 rating,$12
GENC,$9.3189,1440519715442,"1,700",100% bearish,of 1 rating,N/A
GFNCP,$89.01,1440519715520,204,Not yet rated,NULL,N/A
GENE,$2.16,1440519715552,"53,842",100% bullish,of 12 ratings,N/A
GHDX,$24.45,1440519715580,"36,505",50% bullish,of 2 ratings,$30
GFNSL,$25.6,1440519715652,400,Not yet rated,NULL,N/A
GNMK,$9.27,1440519715732,"66,615",67% bullish,of 6 ratings,$14
GNCA,$12.48,1440519715926,"39,187",100% bearish,of 1 rating,$20
GNVC,$2.27,1440519716218,"28,584",90% bullish,of 10 ratings,$8.50
GTWN,$18.95,1440519716249,225,Not yet rated,NULL,N/A
GNTX,$15.1725,1440519716275,"666,432",Not yet rated,NULL,$20
THRM,$43.41,1440519716348,"62,850",75% bearish,of 4 ratings,$55.50
GERN,$3.09,1440519716419,"643,272",88% bullish,of 16 ratings,$5.25
GEOS,$14.59,1440519716450,"50,284",100% bearish,of 3 ratings,$21
GABC,$29.11,1440519716554,"10,173",Not yet rated,NULL,$31.50
GIGM,$0.5689,1440519716782,"42,100",100% bullish,of 2 ratings,N/A
GEVO,$2.459,1440519716811,"535,653",75% bullish,of 12 ratings,$5
GIGA,$1.53,1440519716836,"187,054",100% bearish,of 1 rating,N/A
ROCK,$16.55,1440519716912,"37,899",80% bullish,of 5 ratings,$24
GIII,$65.43,1440519716974,"70,668",67% bullish,of 3 ratings,$75
GILT,$4.2801,1440519717054,"10,824",50% bullish,of 2 ratings,N/A
GILD,$107.615,1440519717080,"5,114,023",91% bullish,of 87 ratings,$129
GLAD,$8.135,1440519717367,"56,402",50% bullish,of 2 ratings,$8.75
GLADO,$25.59,1440519717499,551,Not yet rated,NULL,N/A
GOODO,$25.1,1440519717566,300,Not yet rated,NULL,N/A
GOOD,$14.25,1440519717592,"66,992",Not yet rated,NULL,$19
GBCI,$25.0035,1440519717614,"83,276",50% bullish,of 2 ratings,$31
GOODN,$25.3001,1440519717648,900,Not yet rated,NULL,N/A
GAIN,$7.43,1440519717754,"116,220",100% bullish,of 2 ratings,$8.25
GAINN,$25.36,1440519718038,"56,297",Not yet rated,NULL,N/A
GOODP,$25.1161,1440519718194,200,Not yet rated,NULL,N/A
GAINO,$25.22,1440519718373,578,Not yet rated,NULL,N/A
GLBZ,NULL,1440519718445,0,Not yet rated,NULL,N/A
GAINP,$25.831,1440519718471,"3,064",Not yet rated,NULL,N/A
LAND,$9.24,1440519718603,"16,000",50% bullish,of 2 ratings,$13.75
GDEF,NULL,1440519718950,0,Not yet rated,NULL,N/A
ENT,$11.06,1440519718976,"97,426",100% bearish,of 1 rating,$18
GBT,$44.48,1440519719034,"53,069",100% bearish,of 1 rating,N/A
GPACU,NULL,1440519719312,0,Not yet rated,NULL,N/A
GBLI,$26.22,1440519719384,"3,820",Not yet rated,NULL,N/A
ACTX,$12.75,1440519719441,2,100% bullish,of 1 rating,N/A
GSOL,$8.31,1440519719467,"13,375",100% bearish,of 1 rating,N/A
QQQC,$19.0566,1440519719599,"3,215",100% bearish,of 1 rating,N/A
SOCL,$17.16,1440519719741,"44,654",100% bullish,of 2 ratings,N/A
ALTY,NULL,1440519719874,0,Not yet rated,NULL,N/A
GAI,$5.8,1440519720046,"3,245",50% bullish,of 2 ratings,N/A
YLCO,$11.4316,1440519720071,510,Not yet rated,NULL,N/A
SRET,$13.2499,1440519720125,"1,483",Not yet rated,NULL,N/A
GSM,$12.52,1440519720330,"72,984",50% bullish,of 2 ratings,$23
GBIM,$2.187,1440519720391,"1,784",50% bullish,of 2 ratings,N/A
GLUU,$4.23,1440519720657,"557,619",92% bullish,of 26 ratings,$9
GLRI,$1.06,1440519720684,"5,834",100% bearish,of 1 rating,$4.25
GLYC,$7.03,1440519720712,"14,444",50% bullish,of 2 ratings,$14
GOGO,$15.36,1440519720741,"578,104",80% bullish,of 5 ratings,$25
FREE,$0.36,1440519720839,"327,124",92% bullish,of 12 ratings,N/A
GLNG,$34.54,1440519720943,"221,196",83% bullish,of 6 ratings,$58
GMLP,$17.85,1440519721083,"143,223",50% bullish,of 4 ratings,$32.50
GDEN,$8.9501,1440519721277,718,50% bullish,of 2 ratings,N/A
GLDC,NULL,1440519721303,0,50% bullish,of 2 ratings,N/A
GOGL,$2.67,1440519721435,"109,340",75% bullish,of 4 ratings,$5
GBDC,$16.55,1440519721460,"60,812",Not yet rated,NULL,$17.75
GOOGL,$643.34,1440519721624,"763,337",88% bullish,of 1080 ratings,$749
GOOG,$614.17,1440519721650,"730,485",89% bullish,of 70 ratings,$825
GTIM,$6.82,1440519721727,"33,105",Not yet rated,NULL,$11.50
GPRO,$50.11,1440519721785,"2,611,658",78% bullish,of 58 ratings,$72
GMAN,$4.32,1440519721951,"23,962",60% bullish,of 5 ratings,$8.50
GPIAU,$9.98,1440519722049,"1,200",Not yet rated,NULL,N/A
GPIA,NULL,1440519722079,0,Not yet rated,NULL,N/A
LOPE,$36.47,1440519722190,"56,109",100% bearish,of 2 ratings,$50
GPIAW,NULL,1440519722381,0,Not yet rated,NULL,N/A
GBSNU,NULL,1440519722404,0,NULL,NULL,NULL
GRVY,$3.2899,1440519722454,"1,100",50% bullish,of 2 ratings,N/A
GBSN,$0.7351,1440519722550,"2,061,227",100% bearish,of 1 rating,$8.25
GLDD,$5.195,1440519722731,"55,381",100% bearish,of 4 ratings,$7.75
GSBC,$38.95,1440519722916,"9,565",100% bullish,of 1 rating,$44
GNBC,$11.27,1440519723130,"24,179",100% bearish,of 1 rating,$17
GRBK,$12.29,1440519723175,"89,128",77% bullish,of 13 ratings,N/A
GCBC,NULL,1440519723234,0,100% bullish,of 1 rating,N/A
GPP,$13.74,1440519723373,"13,000",Not yet rated,NULL,$20.50
GPRE,$18.41,1440519723444,"191,113",67% bullish,of 6 ratings,$28.50
GLRE,$24.48,1440519723474,"55,428",50% bullish,of 2 ratings,$41
GRIF,NULL,1440519723581,0,100% bearish,of 1 rating,N/A
GRPN,$4.13,1440519723712,"1,790,404",61% bullish,of 71 ratings,$6.75
GRFS,$30.85,1440519723775,"64,630",50% bullish,of 2 ratings,$35
OMAB,$39.52,1440519723800,"13,259",100% bullish,of 1 rating,$44
GGAL,$18.47,1440519723988,"93,591",80% bullish,of 5 ratings,$40
GSIG,$12.6,1440519724054,"21,005",100% bearish,of 2 ratings,N/A
GSIT,$4.77,1440519724083,"45,006",100% bearish,of 1 rating,N/A
GSVC,$8.635,1440519724184,"18,795",50% bullish,of 2 ratings,$14.50
GBNK,$15.21,1440519724653,"11,839",100% bearish,of 1 rating,$18
GTXI,$0.784,1440519724742,"46,409",100% bullish,of 5 ratings,$.75
GFED,$14.61,1440519724784,700,Not yet rated,NULL,$17
GIFI,$11.54,1440519724817,"21,850",100% bearish,of 1 rating,$16
GUID,$7.1321,1440519724846,"40,318",100% bearish,of 3 ratings,$10
GULTU,$0.272,1440519724868,"17,202",100% bearish,of 1 rating,N/A
GURE,$1.6299,1440519724897,"60,223",88% bullish,of 8 ratings,N/A
GPOR,$33.75,1440519725577,"424,776",75% bullish,of 4 ratings,$55
GWGH,$7.28,1440519725622,100,100% bearish,of 1 rating,$15.05
GWPH,$102.95,1440519725667,"51,865",78% bullish,of 9 ratings,$148.50
HLG,NULL,1440519726020,0,100% bearish,of 1 rating,N/A
HEES,$16.47,1440519726045,"90,571",67% bearish,of 3 ratings,$31
GYRO,$2.8,1440519726176,"15,850",100% bearish,of 1 rating,N/A
HALO,$17.38,1440519726595,"499,335",67% bullish,of 3 ratings,$22.50
HNRG,$7.1825,1440519727028,"29,198",100% bearish,of 1 rating,$10
HALL,$11.4,1440519727099,"9,967",Not yet rated,NULL,N/A
HBHC,$25.82,1440519727255,"235,472",50% bullish,of 2 ratings,$30
HMPR,$1.88,1440519727281,"10,162",100% bullish,of 1 rating,N/A
HBK,$13.51,1440519727314,300,50% bullish,of 2 ratings,N/A
HBHCL,$24.1126,1440519727415,"11,430",Not yet rated,NULL,N/A
HNH,$25.885,1440519727566,"1,151",100% bullish,of 1 rating,N/A
HAFC,$23.8,1440519727844,"52,422",100% bullish,of 2 ratings,$28.50
HQCL,$10.19,1440519727983,"22,225",67% bullish,of 3 ratings,$14
HNSN,$0.5059,1440519728013,"14,363",88% bullish,of 8 ratings,$.40
HDNG,$9.6401,1440519728118,"3,369",50% bullish,of 4 ratings,N/A
HLIT,$5.55,1440519728168,"164,322",100% bearish,of 1 rating,$6.50
HRMN,NULL,1440519728194,0,Not yet rated,NULL,N/A
HRMNW,NULL,1440519728214,0,Not yet rated,NULL,N/A
HRMNU,NULL,1440519728431,0,Not yet rated,NULL,N/A
HART,$0.87,1440519728502,"60,702",100% bearish,of 1 rating,N/A
TINY,$2.5286,1440519728684,"35,540",50% bullish,of 2 ratings,$5.26
HBIO,$4.41,1440519728762,"19,586",Not yet rated,NULL,$10
HCAP,$12.2899,1440519728862,703,50% bullish,of 2 ratings,$15
HCAPL,$25.4456,1440519728932,"1,600",Not yet rated,NULL,N/A
HAS,$72.98,1440519729031,"851,452",63% bullish,of 8 ratings,$84.50
HCOM,$22.11,1440519729295,"2,400",100% bearish,of 1 rating,$28
HA,$22.815,1440519729345,"211,299",67% bullish,of 9 ratings,$27
HWKN,$36.38,1440519729450,"3,203",Not yet rated,NULL,N/A
HWBK,$13.12,1440519729498,300,100% bearish,of 1 rating,N/A
HDS,$32.01,1440519729527,"746,133",100% bearish,of 2 ratings,$39.50
HCSG,$32.87,1440519729663,"58,188",50% bullish,of 4 ratings,$35
HAYN,$36.13,1440519729760,"9,334",100% bearish,of 1 rating,$59
HIIQ,$4.49,1440519730253,"25,536",50% bullish,of 2 ratings,$7
HQY,$28.645,1440519730347,"36,567",67% bullish,of 3 ratings,$31
HWAY,$11.82,1440519730379,"90,216",100% bearish,of 1 rating,$15
HSTM,$24.481,1440519730446,"29,823",50% bullish,of 2 ratings,$33.75
HTLD,$20.16,1440519730513,"119,027",Not yet rated,NULL,$22.50
HTWR,$81.7,1440519730540,"114,604",50% bullish,of 2 ratings,$103
HTLF,$35.26,1440519730674,"3,153",100% bullish,of 1 rating,$39.50
HSII,$20,1440519730832,"38,365",100% bullish,of 3 ratings,$25
HTBX,$5.1601,1440519730902,"3,700",50% bullish,of 2 ratings,$15.50
HMNY,$2.21,1440519731049,553,100% bearish,of 1 rating,N/A
HELE,$85.03,1440519731153,"60,188",67% bearish,of 3 ratings,$100
HNNA,$24.5,1440519731213,"4,966",Not yet rated,NULL,N/A
HMTV,$13.27,1440519731246,"24,862",100% bearish,of 1 rating,$16
HERO,NULL,1440519731380,0,NULL,NULL,NULL
HCACU,$9.95,1440519731427,6,Not yet rated,NULL,N/A
HSIC,$136.09,1440519731791,"126,242",83% bullish,of 6 ratings,$146
HTBK,$10.63,1440519732367,"7,000",Not yet rated,NULL,$12
HFWA,$17.46,1440519732392,"37,201",100% bullish,of 1 rating,$20
HEOP,$7.51,1440519732419,"7,673",Not yet rated,NULL,$8.50
GLBS,$1.08,1440519732443,54,67% bullish,of 3 ratings,N/A
HCCI,$10.99,1440519732548,"1,382",100% bearish,of 1 rating,$16.50
MLHR,$27.18,1440519732604,"109,438",50% bullish,of 2 ratings,$33.50
HRTX,$34.69,1440519732788,"174,689",67% bullish,of 6 ratings,$41
HSKA,$31.93,1440519733398,"22,328",100% bearish,of 1 rating,$38
HIBB,$38.005,1440519734347,"93,991",100% bearish,of 1 rating,$48.50
HFFC,$15.9001,1440519734503,"3,089",Not yet rated,NULL,N/A
HPJ,$2.18,1440519734684,"13,155",75% bullish,of 4 ratings,$12.43
HIHO,$3.75,1440519734852,"3,964",Not yet rated,NULL,N/A
HIMX,$6.3701,1440519734877,"345,528",86% bullish,of 21 ratings,$8.50
HSGX,$5.65,1440519735259,"1,400",100% bearish,of 1 rating,$17
HIFS,$115.605,1440519735286,980,Not yet rated,NULL,N/A
HMNF,NULL,1440519735451,0,Not yet rated,NULL,N/A
HMSY,$10.11,1440519736260,"1,278,733",67% bullish,of 3 ratings,$19.35
HBCP,$24.83,1440519736363,200,Not yet rated,NULL,$29
HOLI,$17.55,1440519736422,"155,958",50% bullish,of 4 ratings,$27
HOLX,$39.12,1440519736665,"738,872",67% bullish,of 3 ratings,$42
HFBL,$22,1440519736819,400,Not yet rated,NULL,N/A
HOMB,$37.3,1440519736846,"45,704",Not yet rated,NULL,$41
AWAY,$28.48,1440519736871,"286,620",67% bullish,of 3 ratings,$36
HTBI,$17.89,1440519737243,"12,719",67% bullish,of 3 ratings,$18.625
HMST,$21.46,1440519737305,"62,292",100% bullish,of 2 ratings,$27
HMIN,$27.48,1440519737331,"96,576",100% bearish,of 2 ratings,$35
HOFT,$23.5,1440519737374,"40,118",100% bearish,of 1 rating,N/A
HKTV,$4.4999,1440519737404,"71,320",100% bearish,of 1 rating,N/A
CETC,$0.7158,1440519737466,"12,105",86% bullish,of 7 ratings,N/A
HFBC,$11.25,1440519737505,"2,813",Not yet rated,NULL,N/A
HBNC,$23.125,1440519737534,"6,441",100% bullish,of 1 rating,$27
HZNP,$29.16,1440519737776,"967,706",85% bullish,of 20 ratings,$40
HRZN,$10.07,1440519737946,"144,646",100% bearish,of 1 rating,$14.25
HMHC,$22.84,1440519738103,"223,599",Not yet rated,NULL,$27
HDP,$24.21,1440519738129,"91,780",67% bearish,of 3 ratings,$30.50
HOVNP,NULL,1440519738283,0,100% bearish,of 1 rating,N/A
HWCC,$7.3,1440519738312,"15,578",100% bearish,of 1 rating,$9
HSNI,$60.06,1440519738342,"117,320",Not yet rated,NULL,$80
HBMD,$13.55,1440519738363,100,100% bearish,of 1 rating,N/A
ZINC,$6.86,1440519738418,"173,694",100% bearish,of 1 rating,$17
HCBK,$9.24,1440519738522,"857,170",83% bullish,of 6 ratings,$8.61
HUBG,$37.67,1440519738556,"29,329",100% bearish,of 1 rating,$43
HTGM,$5.89,1440519738583,"3,100",100% bearish,of 1 rating,$19.50
HSON,$2.6,1440519738740,"11,905",100% bearish,of 1 rating,$5
HBANP,$1358,1440519738836,86,100% bearish,of 1 rating,N/A
HBAN,$10.575,1440519738861,"3,123,178",76% bullish,of 17 ratings,$12.29
HDSN,$3.0199,1440519738886,"7,083",100% bullish,of 1 rating,$6.25
HURC,$28.63,1440519739361,"4,114",100% bearish,of 1 rating,N/A
HBP,$3.2379,1440519739394,"14,400",100% bullish,of 1 rating,N/A
HDRAR,NULL,1440519739423,0,Not yet rated,NULL,N/A
HURN,$72.95,1440519739444,"79,094",50% bullish,of 2 ratings,$80
HYGS,$7.535,1440519739466,"14,158",50% bullish,of 2 ratings,$13
HTCH,$1.44,1440519739505,"82,371",100% bearish,of 1 rating,$3.50
HDRA,$9.65,1440519739526,"3,600",Not yet rated,NULL,N/A
HDRAU,NULL,1440519739674,0,Not yet rated,NULL,N/A
HDRAW,NULL,1440519739974,0,Not yet rated,NULL,N/A
IDSY,$3.9,1440519740177,"3,946",100% bearish,of 1 rating,$7
IKGH,$1.63,1440519740202,"19,800",75% bullish,of 4 ratings,N/A
IACI,$69.55,1440519740228,"277,621",75% bullish,of 4 ratings,$90
ICFI,$34,1440519740360,"13,569",50% bullish,of 2 ratings,$48.50
ICLR,$78.49,1440519740492,"158,909",100% bearish,of 3 ratings,$85
ICAD,$3.41,1440519740521,"10,712",50% bullish,of 2 ratings,$7.25
IEP,$69.111,1440519740550,"84,042",75% bullish,of 4 ratings,$99
IBKC,$58.68,1440519740652,"64,011",100% bullish,of 1 rating,$70
IPWR,$7.04,1440519740747,"9,243",100% bullish,of 1 rating,$15
ICUI,$112.1328,1440519740814,"28,380",Not yet rated,NULL,$122
INVE,$4.38,1440519740959,"32,527",75% bullish,of 4 ratings,$4
IDRA,$2.65,1440519740988,"438,894",89% bullish,of 9 ratings,$6.50
ICON,$12.78,1440519741091,"306,979",50% bullish,of 2 ratings,$18.50
IDXX,$71.84,1440519741118,"165,825",100% bearish,of 1 rating,$77
DSKY,$11.06,1440519741476,"246,512",67% bullish,of 6 ratings,$11.50
IROQ,$16.72,1440519741508,"2,370",100% bullish,of 1 rating,N/A
IRG,$4.55,1440519741682,"4,804",100% bearish,of 1 rating,$4.50
IIVI,$17.08,1440519741719,"30,427",100% bearish,of 1 rating,$22
RXDX,$12.87,1440519741740,"64,773",100% bullish,of 1 rating,$20
IKAN,$2.7201,1440519741825,"46,778",83% bullish,of 6 ratings,$5
KANG,$14.63,1440519741853,"238,585",50% bullish,of 2 ratings,$22.55
IKNX,NULL,1440519742040,0,100% bearish,of 1 rating,N/A
ILMN,$198.14,1440519742089,"330,783",80% bullish,of 5 ratings,$240
ISNS,$3.94,1440519742118,"26,820",50% bullish,of 2 ratings,N/A
IMMR,$11.6,1440519742218,"71,628",80% bullish,of 5 ratings,$15.50
ICCC,$7.69,1440519742374,"3,570",100% bullish,of 1 rating,N/A
IMGN,$13.45,1440519742543,"343,426",75% bullish,of 4 ratings,$17.50
IMDZ,$14.46,1440519742675,"20,525",100% bearish,of 1 rating,$33
IMMU,$1.91,1440519742712,"203,041",86% bullish,of 7 ratings,$2
IMMY,$7.25,1440519742928,"2,128",100% bearish,of 1 rating,$11
INCR,$41.99,1440519742953,"289,721",50% bullish,of 2 ratings,$53
IMNP,$1.2599,1440519742981,"58,655",50% bullish,of 2 ratings,$6
IPXL,$41.88,1440519743114,"178,338",67% bullish,of 3 ratings,$46.50
INCY,$102.53,1440519743263,"330,984",50% bullish,of 6 ratings,$125.50
SAAS,$7.13,1440519743288,"171,586",50% bullish,of 2 ratings,$15
INDB,$44.28,1440519743530,"36,706",Not yet rated,NULL,$44
IBCP,$13.89,1440519743660,"26,437",100% bullish,of 1 rating,$14.50
INFN,$21.1397,1440519743816,"619,616",71% bullish,of 7 ratings,$28
IBTX,$39.475,1440519743845,"47,068",100% bullish,of 2 ratings,$47.25
IDSA,$3.4675,1440519743950,"1,200",Not yet rated,NULL,N/A
IPCC,$79.29,1440519744011,"7,477",Not yet rated,NULL,$77.50
III,$4.025,1440519744085,"56,843",57% bullish,of 7 ratings,$6
IMKTA,$50.57,1440519744110,"41,421",100% bearish,of 1 rating,N/A
IFON,$1.22,1440519744143,"8,390",75% bullish,of 4 ratings,N/A
INFI,$8.665,1440519744168,"146,445",50% bullish,of 4 ratings,$18
INWK,$6.99,1440519744251,"34,737",50% bullish,of 2 ratings,$10
INOD,$2.38,1440519744381,"9,550",100% bearish,of 1 rating,N/A
INNL,NULL,1440519744405,0,100% bearish,of 1 rating,$16.50
ISSC,$2.9,1440519744582,"2,200",67% bearish,of 3 ratings,N/A
IPHS,$46.14,1440519744608,"39,054",100% bearish,of 1 rating,$60
IOSP,$46.77,1440519744678,"62,219",100% bearish,of 1 rating,N/A
INGN,$47.2,1440519744742,"67,107",100% bearish,of 1 rating,$50.50
INO,$6.76,1440519744877,"449,739",89% bullish,of 18 ratings,$20
ITEK,$12.34,1440519744908,"312,867",100% bearish,of 3 ratings,$20
INOV,$21.01,1440519745007,"181,562",100% bearish,of 1 rating,$33
ISIG,$2.59,1440519745038,"1,152",100% bearish,of 1 rating,N/A
NSIT,$24.97,1440519745063,"35,333",50% bullish,of 2 ratings,N/A
INSM,$23.8,1440519745136,"163,496",71% bullish,of 7 ratings,$31.50
PODD,$28.61,1440519745314,"89,339",67% bearish,of 3 ratings,$35
INSY,$33.31,1440519745472,"322,403",75% bullish,of 4 ratings,$48
IIIN,$16.78,1440519745497,"9,109",100% bearish,of 2 ratings,N/A
NTEC,$5.9,1440519745542,"2,203",100% bearish,of 1 rating,N/A
IART,$59.95,1440519745678,"79,063",100% bearish,of 1 rating,$71.50
IESC,$7.39,1440519745734,"1,900",100% bearish,of 1 rating,N/A
IDTI,$17.515,1440519745783,"496,666",60% bullish,of 5 ratings,$25
ISSI,$22.2,1440519745939,"30,452",67% bullish,of 3 ratings,$19.75
INTC,$26.8599,1440519745998,"11,835,945",82% bullish,of 238 ratings,$36
IQNT,$18.22,1440519746145,"81,183",86% bullish,of 7 ratings,$20
IPCI,$2.15,1440519746186,"15,495",67% bullish,of 6 ratings,$8
IBKR,$37.8463,1440519746281,"362,975",100% bullish,of 1 rating,N/A
ININ,$36.16,1440519746314,"20,086",67% bearish,of 3 ratings,$57
IPAR,$25.31,1440519746343,"18,024",67% bullish,of 3 ratings,$38
ICPT,$185.11,1440519746442,"91,343",70% bullish,of 10 ratings,$359.50
ICLD,$1.785,1440519746469,"65,841",75% bullish,of 4 ratings,N/A
ICLDW,NULL,1440519746658,0,100% bearish,of 1 rating,N/A
IDCC,$48.11,1440519746948,"158,150",80% bullish,of 5 ratings,$63
IMI,$1.98,1440519747003,"5,196",67% bullish,of 3 ratings,$2.22
IBOC,$24.66,1440519747029,"41,185",100% bearish,of 1 rating,N/A
INAP,$7.855,1440519747092,"56,018",75% bullish,of 4 ratings,$11
TILE,$23.93,1440519747117,"204,935",67% bearish,of 3 ratings,$27
ISCA,$31.16,1440519747162,"22,556",100% bearish,of 1 rating,N/A
IGLD,$6.53,1440519747260,"6,665",50% bullish,of 2 ratings,N/A
IIJI,$9.55,1440519747286,100,50% bullish,of 2 ratings,$11.50
PTNT,NULL,1440519747550,0,Not yet rated,NULL,N/A
INPH,$0.3,1440519747578,"8,357",50% bullish,of 2 ratings,N/A
XENT,$26.01,1440519747607,"90,483",50% bullish,of 2 ratings,$36.50
ISIL,$10.1999,1440519747653,"163,806",50% bullish,of 6 ratings,$15
INTX,$2.15,1440519747740,"1,462",67% bullish,of 3 ratings,N/A
IILG,$19.41,1440519747765,"26,562",100% bearish,of 1 rating,$29
IVAC,$4.7001,1440519747919,"7,200",100% bearish,of 1 rating,$6.625
INTL,$26.14,1440519748101,"46,404",67% bearish,of 3 ratings,N/A
ITCI,$26.175,1440519748159,"255,373",75% bearish,of 4 ratings,$40
INTLL,$25.5,1440519748190,"1,100",Not yet rated,NULL,N/A
IIN,$6.0001,1440519748251,524,100% bearish,of 1 rating,$12
INTU,$85.05,1440519748295,"812,833",86% bullish,of 7 ratings,$107.50
INVT,$0.2651,1440519748323,"21,150",67% bullish,of 3 ratings,N/A
ISRG,$507.06,1440519748466,"85,598",67% bullish,of 3 ratings,$600
SNAK,$8.25,1440519748510,"57,017",50% bullish,of 2 ratings,$14
ISTR,$15.75,1440519748639,402,100% bearish,of 1 rating,$18.50
ITIC,$71.5,1440519748786,100,100% bearish,of 2 ratings,N/A
ISBC,$11.52,1440519748842,"748,408",100% bullish,of 1 rating,$13.25
NVIV,$10.24,1440519748894,"149,545",50% bullish,of 4 ratings,$24.50
IVTY,$12.34,1440519748975,"2,329",Not yet rated,NULL,$18
IPAS,$1.04,1440519749033,"5,900",67% bullish,of 3 ratings,N/A
DTUL,NULL,1440519749115,0,Not yet rated,NULL,N/A
DFVL,NULL,1440519749220,0,Not yet rated,NULL,N/A
IPGP,$83.985,1440519749375,"96,026",100% bearish,of 2 ratings,$109.50
IPCM,$79.15,1440519749441,"378,580",50% bullish,of 2 ratings,$80.125
IRMD,$25.105,1440519749467,"11,668",67% bearish,of 3 ratings,$25
IRIX,$6.81,1440519749496,"2,500",100% bearish,of 1 rating,N/A
IRDM,$6.8,1440519749599,"267,648",60% bullish,of 5 ratings,$11.50
IRDMB,$274.21,1440519749683,"1,134",67% bearish,of 3 ratings,N/A
IRWD,$10.96,1440519750115,"301,810",100% bearish,of 1 rating,$13
IRBT,$28.7934,1440519750247,"78,079",67% bullish,of 6 ratings,$37
FCHI,NULL,1440519750401,0,NULL,NULL,NULL
IFAS,NULL,1440519751011,0,NULL,NULL,NULL
IRCP,$26,1440519751051,300,100% bullish,of 2 ratings,N/A
IFNA,NULL,1440519751337,0,NULL,NULL,NULL
GNMA,$50.05,1440519751362,"1,723",Not yet rated,NULL,N/A
COMT,$31.5,1440519751387,"10,932",100% bearish,of 1 rating,N/A
IFGL,$28.51,1440519751519,"30,613",Not yet rated,NULL,N/A
AXJS,NULL,1440519751600,0,NULL,NULL,NULL
IFEU,$38.41,1440519751677,"9,374",Not yet rated,NULL,N/A
ACWX,$40.26,1440519751779,"374,847",100% bearish,of 1 rating,N/A
AAIT,NULL,1440519751801,0,NULL,NULL,NULL
ACWI,$55.04,1440519751839,"2,095,512",Not yet rated,NULL,N/A
EEMA,$49.34,1440519752011,"8,864",Not yet rated,NULL,N/A
EMDI,NULL,1440519752068,0,NULL,NULL,NULL
EMEY,NULL,1440519752139,0,NULL,NULL,NULL
AAXJ,$52.49,1440519752166,"729,422",Not yet rated,NULL,N/A
EEME,NULL,1440519752185,0,NULL,NULL,NULL
EGRW,NULL,1440519752212,0,NULL,NULL,NULL
EEML,$26.92,1440519752406,"2,205",Not yet rated,NULL,N/A
EVAL,NULL,1440519752436,0,NULL,NULL,NULL
EUFN,$21.82,1440519752587,"44,048",100% bearish,of 1 rating,N/A
QAT,NULL,1440519752667,0,Not yet rated,NULL,N/A
IEUS,$45.0101,1440519752766,"1,613",100% bearish,of 1 rating,N/A
IBB,$338.71,1440519752815,"687,488",63% bullish,of 8 ratings,N/A
UAE,$17.23,1440519752840,"17,281",Not yet rated,NULL,N/A
SOXX,$79.12,1440519753079,"174,123",50% bullish,of 2 ratings,N/A
EMIF,$28.04,1440519753216,"1,841",Not yet rated,NULL,N/A
ICLN,$9.3799,1440519753271,"15,796",50% bullish,of 2 ratings,N/A
ISHG,$80.66,1440519753304,"5,430",100% bearish,of 1 rating,N/A
WOOD,$47.65,1440519753325,"120,842",50% bullish,of 2 ratings,N/A
INDY,$27.38,1440519753355,"158,434",50% bullish,of 2 ratings,N/A
IGOV,$91.8132,1440519753383,"20,789",100% bearish,of 1 rating,N/A
ISIS,$47.265,1440519753410,"509,798",53% bullish,of 15 ratings,$67
ISLE,$16.65,1440519753653,"145,194",50% bullish,of 4 ratings,$16
ITRN,$23.8421,1440519753749,"1,289",50% bullish,of 2 ratings,N/A
ISRL,$125,1440519753796,200,100% bearish,of 1 rating,N/A
ITRI,$30.8,1440519753822,"54,463",Not yet rated,NULL,$37
ITUS,$4,1440519753847,101,Not yet rated,NULL,N/A
XXIA,$15.01,1440519753991,"105,086",71% bullish,of 7 ratings,$14.625
IXYS,$10.4,1440519754122,"49,283",50% bullish,of 4 ratings,N/A
JJSF,$111.14,1440519754221,"14,860",100% bearish,of 1 rating,N/A
MAYS,NULL,1440519754257,0,Not yet rated,NULL,N/A
JKHY,$67.3,1440519754504,"82,112",50% bullish,of 2 ratings,$72
JBHT,$74.95,1440519754570,"301,690",50% bullish,of 4 ratings,$89.50
JASO,$7.465,1440519754630,"542,230",82% bullish,of 17 ratings,$10
JCOM,$67.6,1440519754670,"79,123",100% bullish,of 2 ratings,$77
JACK,$79.98,1440519754734,"196,852",83% bullish,of 6 ratings,$105
JXSB,$24.19,1440519754872,436,Not yet rated,NULL,N/A
JAXB,$13.33,1440519754974,100,100% bullish,of 1 rating,N/A
JAGX,$2.78,1440519755180,856,Not yet rated,NULL,N/A
JMBA,$13.08,1440519755223,"27,180",75% bullish,of 4 ratings,$18
JAKK,$9.3866,1440519755252,"106,491",60% bearish,of 5 ratings,$11
JRVR,$26.25,1440519755358,"6,508",Not yet rated,NULL,$32
ERW,NULL,1440519755421,0,Not yet rated,NULL,N/A
JASN,$4.78,1440519755529,"9,500",50% bullish,of 2 ratings,$9.50
JASNW,NULL,1440519755557,0,50% bullish,of 2 ratings,N/A
JD,$25.86,1440519755611,"3,726,223",75% bullish,of 16 ratings,$36
JAZZ,$165.67,1440519755768,"120,870",80% bullish,of 15 ratings,$206.50
JTPY,$2.96,1440519755926,456,100% bearish,of 1 rating,N/A
JBLU,$22.35,1440519756054,"3,023,034",94% bullish,of 18 ratings,$27
DATE,$5.645,1440519756114,"242,698",75% bullish,of 4 ratings,$9
JST,$3.8597,1440519756141,"7,486",75% bullish,of 4 ratings,N/A
JIVE,$4.19,1440519756285,"126,900",75% bullish,of 4 ratings,$5
JCTCF,NULL,1440519756342,0,100% bullish,of 1 rating,N/A
WYIGU,$10,1440519756415,"2,500",Not yet rated,NULL,N/A
JOEZ,$0.1748,1440519756441,"161,890",92% bullish,of 12 ratings,N/A
JBSS,$50.72,1440519756658,"12,004",67% bearish,of 3 ratings,N/A
JOUT,$22.58,1440519756690,"10,789",100% bearish,of 1 rating,$34
JNP,$9.6699,1440519756716,"6,870",100% bullish,of 3 ratings,$15
KTWO,$21.25,1440519756791,"56,786",100% bearish,of 1 rating,$28.50
JUNO,$36.6464,1440519756847,"471,926",73% bullish,of 11 ratings,$71.50
KALU,$79.5,1440519756898,"41,997",67% bearish,of 3 ratings,$91
KBIO,$1.8301,1440519756991,"4,091",50% bullish,of 4 ratings,N/A
KMDA,$3.36,1440519757122,"4,500",50% bullish,of 2 ratings,$8
KNDI,$6.2601,1440519757149,"222,232",86% bullish,of 22 ratings,N/A
KCLI,$46.4956,1440519757335,"6,546",Not yet rated,NULL,N/A
KPTI,$13.495,1440519757361,"155,763",67% bearish,of 3 ratings,$39
KBSF,NULL,1440519757493,0,100% bullish,of 1 rating,N/A
KRNY,$11.11,1440519757520,"202,796",100% bearish,of 1 rating,$12
KCAP,$4.545,1440519757541,"85,852",75% bullish,of 4 ratings,$6
KELYA,$13.89,1440519757668,"39,304",67% bullish,of 6 ratings,$20
KELYB,NULL,1440519757772,0,50% bullish,of 2 ratings,N/A
KMPH,$19.4559,1440519757800,"17,694",100% bearish,of 2 ratings,$22
