Symbol,Price,Date,Volume,Rating,RatingVoteCount,OneYearEstimate
FCTY,NULL,1439835602198,0,100% bullish,of 1 rating,$8.50
FCCY,$11.544,1439835602256,"3,894",100% bullish,of 1 rating,$13
FLWS,$9.7,1439835602291,"38,639",100% bullish,of 5 ratings,$15
TFSCW,NULL,1439835602318,0,100% bearish,of 1 rating,N/A
TFSC,NULL,1439835602348,0,100% bearish,of 1 rating,N/A
PIH,$7.569,1439835602387,"7,175",100% bearish,of 1 rating,N/A
TFSCR,NULL,1439835602411,0,Not yet rated,NULL,N/A
TFSCU,NULL,1439835602454,0,Not yet rated,NULL,N/A
SRCE,$31.42,1439835602628,"11,067",100% bullish,of 3 ratings,$33
DSLV,$61.69,1439835602679,"4,192",100% bearish,of 1 rating,N/A
TWOU,$35.99,1439835602711,"382,362",50% bullish,of 2 ratings,$39
DGLD,$85.32,1439835602743,994,100% bullish,of 1 rating,N/A
VNET,$21.32,1439835602777,"478,933",60% bullish,of 5 ratings,$29.50
JOBS,$28.485,1439835602808,"52,523",50% bullish,of 4 ratings,$36
USLV,$14.79,1439835602876,"92,771",86% bullish,of 7 ratings,N/A
UGLD,$8.92,1439835602941,"40,205",100% bearish,of 1 rating,N/A
CAFD,$15.75,1439835603219,"47,950",Not yet rated,NULL,$25
SIXD,$3.2841,1439835603251,"46,268",Not yet rated,NULL,N/A
AAON,$22.99,1439835603354,"27,442",100% bearish,of 1 rating,$24
AVHI,$14.265,1439835603375,"12,782",100% bearish,of 1 rating,$19
EGHT,$8.64,1439835603434,"90,897",82% bullish,of 17 ratings,$11
ABY,$22.32,1439835603456,"285,675",100% bearish,of 2 ratings,$46
SHLM,$35.29,1439835603547,"30,104",100% bearish,of 1 rating,$50
ABAX,$48.34,1439835603582,"50,484",100% bearish,of 1 rating,$60
ABEOW,$2.1,1439835603652,"1,100",100% bullish,of 1 rating,N/A
ABEO,$5.44,1439835603679,"67,574",67% bullish,of 3 ratings,$15.50
ABMD,$107.39,1439835603815,"255,379",75% bullish,of 4 ratings,$86
ABGB,$4.8544,1439835603844,"31,151",67% bullish,of 3 ratings,$5.50
AXAS,$1.805,1439835603892,"326,966",78% bullish,of 9 ratings,$3.50
ACTG,$8.65,1439835603985,"63,197",67% bullish,of 3 ratings,$18.50
ACHC,$81.39,1439835604130,"314,912",50% bullish,of 2 ratings,$92
ACAD,$38.98,1439835604214,"351,471",85% bullish,of 20 ratings,$48
ANCX,$19.0701,1439835604395,"17,515",Not yet rated,NULL,$19
AXDX,$19.37,1439835604425,"78,085",100% bearish,of 1 rating,N/A
ACST,$0.3873,1439835604482,"29,904",100% bullish,of 2 ratings,N/A
XLRN,$32.84,1439835604510,"95,044",50% bullish,of 2 ratings,$57
VXDN,$16.8533,1439835604536,"2,310",Not yet rated,NULL,N/A
ARAY,$6.1,1439835604572,"281,777",100% bearish,of 1 rating,$10.50
ACRX,$4.49,1439835604720,"125,022",67% bearish,of 6 ratings,$5.50
VXUP,$16.85,1439835604889,"12,775",Not yet rated,NULL,N/A
ACET,$25.365,1439835604917,"33,420",75% bullish,of 4 ratings,$30
AKAO,$7.245,1439835604947,"73,404",75% bullish,of 4 ratings,$15
ACNB,$20.2,1439835605079,200,Not yet rated,NULL,N/A
ACHN,$8.48,1439835605106,"2,644,385",90% bullish,of 21 ratings,$16
ACIW,$23.107,1439835605132,"58,100",50% bullish,of 2 ratings,$24
ACPW,$1.9041,1439835605322,"7,079",100% bullish,of 4 ratings,$3.50
ACTS,$1.5,1439835605390,"34,035",100% bearish,of 1 rating,N/A
ACOR,$32.045,1439835605456,"93,381",67% bearish,of 3 ratings,$38.50
ATVI,$29.255,1439835605523,"1,600,546",68% bullish,of 84 ratings,$31.50
ACUR,$0.6448,1439835605558,"89,045",100% bullish,of 5 ratings,$1
ADMS,$22.13,1439835605651,"27,382",100% bearish,of 2 ratings,$36
ACXM,$21.21,1439835605682,"117,672",67% bullish,of 3 ratings,N/A
ACTA,$13.96,1439835605710,"33,775",67% bearish,of 3 ratings,$25
ADAP,$15.975,1439835605846,"48,742",67% bullish,of 3 ratings,$22
ADMP,$3.5226,1439835605990,"18,145",50% bullish,of 2 ratings,$10
ADEP,$7.4207,1439835606148,"10,914",50% bullish,of 2 ratings,$10.75
ADMA,$9.49,1439835606383,"4,612",Not yet rated,NULL,$19
ADBE,$86.36,1439835606409,"468,426",65% bullish,of 17 ratings,$90
ADUS,$29.4064,1439835606439,"33,441",100% bearish,of 1 rating,$31
AEY,$2.26,1439835606474,"8,285",100% bearish,of 2 ratings,N/A
AEIS,$26.49,1439835606548,"112,563",50% bullish,of 2 ratings,$32.50
ADTN,$16.265,1439835606577,"102,323",67% bullish,of 3 ratings,$17.125
ADRO,$21.4701,1439835606606,"75,785",80% bullish,of 5 ratings,$45.50
AMD,$1.83,1439835606711,"4,077,284",83% bullish,of 102 ratings,$2
ADXSW,$11.8131,1439835606786,"1,485",100% bullish,of 1 rating,N/A
MULT,NULL,1439835606860,0,100% bearish,of 1 rating,N/A
ADXS,$16.904,1439835606915,"396,932",64% bullish,of 14 ratings,$27
AEGR,$18.295,1439835607048,"136,960",50% bullish,of 6 ratings,$26
YPRO,$23.0801,1439835607106,"1,500",100% bearish,of 1 rating,N/A
AEGN,$18.9697,1439835607239,"26,618",100% bearish,of 1 rating,$21
AEHR,$2.2,1439835607267,632,50% bullish,of 2 ratings,N/A
AMTX,$3.4,1439835607307,"3,765",50% bullish,of 2 ratings,$26.11
AERI,$16.0933,1439835607397,"111,977",75% bullish,of 4 ratings,$31.50
AEPI,$57.76,1439835607446,"13,165",100% bearish,of 1 rating,N/A
AVAV,$26.24,1439835607527,"61,158",50% bullish,of 4 ratings,$31
AEZS,$0.124,1439835607578,"5,149,097",90% bullish,of 21 ratings,$1.625
AEMD,$6.8201,1439835607608,"16,774",Not yet rated,NULL,$27.50
AFMD,$11.94,1439835607708,"84,266",50% bullish,of 4 ratings,$15
AFFX,$9.801,1439835607839,"290,829",80% bullish,of 5 ratings,$12
AGEN,$7.67,1439835607898,"400,879",85% bullish,of 13 ratings,$14
AGIO,$94.76,1439835608041,"121,949",88% bullish,of 8 ratings,$114
AGRX,$8.9,1439835608102,"6,967",100% bearish,of 1 rating,$18
AGFS,$11.01,1439835608132,"60,299",100% bearish,of 1 rating,N/A
AGYS,$9.46,1439835608154,"4,566",100% bearish,of 1 rating,N/A
AGFSW,$2.44,1439835608184,"9,800",100% bearish,of 1 rating,N/A
ATSG,$9.81,1439835608343,"29,838",67% bullish,of 3 ratings,$13
AIMT,$24.585,1439835608372,"129,509",Not yet rated,NULL,N/A
AIRM,$40.22,1439835608401,"63,911",80% bearish,of 5 ratings,$53
AIRT,$23.2499,1439835608505,907,100% bullish,of 1 rating,N/A
AMCN,$5.025,1439835608565,"281,014",83% bullish,of 6 ratings,N/A
AIXG,$6.0299,1439835608728,"3,002",67% bearish,of 3 ratings,$6
AKAM,$73.21,1439835608790,"317,383",63% bullish,of 8 ratings,$77
AKBA,$7.25,1439835608869,"72,013",100% bearish,of 1 rating,$18
AKER,$3.8299,1439835608899,954,Not yet rated,NULL,N/A
AKRX,$44.17,1439835609002,"133,648",78% bullish,of 9 ratings,$56
ALRM,$16.99,1439835609783,"34,841",100% bearish,of 1 rating,$22
AMRI,$20.81,1439835610046,"65,559",75% bearish,of 4 ratings,$24
ALSK,$2.09,1439835610081,"47,775",78% bullish,of 18 ratings,$2
ADHD,$9.26,1439835610181,"229,755",50% bullish,of 4 ratings,$18
ABDC,$12.94,1439835610209,"24,208",Not yet rated,NULL,$15
ALDR,$38.32,1439835610235,"345,043",67% bearish,of 3 ratings,$62
ALXA,$1.14,1439835610945,"10,300",83% bullish,of 6 ratings,$2.125
ALXN,$190.17,1439835611006,"221,358",88% bullish,of 8 ratings,$223
ALDX,$7.89,1439835611046,"4,700",100% bearish,of 1 rating,$14.50
ALCO,$44.24,1439835611246,"7,734",50% bullish,of 2 ratings,N/A
ALGN,$60.4,1439835611406,"206,100",100% bearish,of 2 ratings,$73
ALKS,$67.83,1439835611435,"220,096",67% bullish,of 3 ratings,$75
ALIM,$4,1439835611471,"21,154",80% bullish,of 5 ratings,$10
ALGT,$235.03,1439835611570,"47,413",100% bearish,of 1 rating,$235
AFOP,$19.11,1439835611604,"32,073",75% bullish,of 8 ratings,$21
ALLB,$23.88,1439835611625,"2,048",Not yet rated,NULL,N/A
AIQ,$15.25,1439835611657,"3,648",67% bullish,of 3 ratings,N/A
AHGP,$36.1,1439835611700,"24,468",67% bullish,of 3 ratings,N/A
ARLP,$24.75,1439835612014,"74,159",67% bearish,of 3 ratings,$32
ALQA,$4.634,1439835612099,"20,954",75% bullish,of 4 ratings,$8.50
AMOT,$18.18,1439835612130,"19,086",100% bearish,of 1 rating,N/A
AHPI,$1.45,1439835612152,700,50% bullish,of 2 ratings,N/A
MDRX,$14.28,1439835612236,"844,348",60% bullish,of 5 ratings,$16
ALLT,$5.05,1439835612288,"50,529",75% bullish,of 4 ratings,$6.25
AFAM,$49.81,1439835612343,"34,241",50% bullish,of 2 ratings,$44
AOSL,$7.34,1439835612430,"8,503",67% bullish,of 3 ratings,$9
ALNY,$110.25,1439835612510,"150,100",67% bullish,of 3 ratings,$148.50
ATEC,$0.68,1439835612557,"23,642",100% bullish,of 1 rating,$2
ALTR,$49.34,1439835612608,"365,324",80% bearish,of 5 ratings,$54
AIMC,$26.57,1439835612654,"32,076",100% bearish,of 1 rating,$28.50
SMCP,NULL,1439835612687,0,Not yet rated,NULL,N/A
ASPS,$30.36,1439835612758,"40,579",67% bullish,of 3 ratings,$46.50
AMAG,$64.43,1439835612788,"233,859",100% bullish,of 2 ratings,$75
AMRN,$2.3201,1439835612976,"378,014",85% bullish,of 39 ratings,$8
AMRK,$10.5,1439835613202,"1,712",50% bullish,of 2 ratings,$14
AYA,$23,1439835613261,"11,396",100% bearish,of 1 rating,$40
AMZN,$536.03,1439835613338,"849,694",81% bullish,of 261 ratings,$646
EPAX,$2.7,1439835613391,"143,840",100% bearish,of 1 rating,N/A
AMBA,$108.14,1439835613417,"594,602",83% bullish,of 12 ratings,$102.50
AMBC,$16.81,1439835613467,"80,993",100% bearish,of 1 rating,$16.50
AMBCW,$8.399,1439835613495,"2,112",100% bearish,of 1 rating,N/A
AMCX,$75.93,1439835613516,"219,510",67% bullish,of 3 ratings,$85.50
AMDA,$0.4989,1439835613650,"832,484",90% bullish,of 10 ratings,$1
DOX,$60.24,1439835613678,"123,336",100% bullish,of 2 ratings,$60
UHAL,$384.095,1439835613949,"9,060",100% bullish,of 2 ratings,$393.50
ASBI,$22.74,1439835614006,899,Not yet rated,NULL,N/A
AMED,$45.43,1439835614031,"47,247",100% bearish,of 1 rating,$42
ATAX,$5.34,1439835614082,"30,979",100% bullish,of 1 rating,$6.50
AMOV,$18.648,1439835614175,"11,022",100% bearish,of 1 rating,N/A
AAL,$43.875,1439835614257,"3,198,033",93% bullish,of 87 ratings,$57
AGNC,$19.89,1439835614304,"1,648,000",75% bullish,of 28 ratings,$22
MTGEP,$24.2587,1439835614450,400,Not yet rated,NULL,N/A
AGNCP,$25.27,1439835614479,"5,375",Not yet rated,NULL,N/A
MTGE,$15.94,1439835614538,"200,289",75% bullish,of 4 ratings,$19.50
AGNCB,$24.13,1439835614672,"9,014",Not yet rated,NULL,N/A
ACAS,$14.315,1439835614704,"753,823",60% bullish,of 5 ratings,$16.75
ANCI,$1.61,1439835614760,"2,450",100% bearish,of 1 rating,N/A
AETI,$3.8401,1439835614808,"6,335",67% bearish,of 3 ratings,N/A
ACSF,$12.78,1439835614942,"15,131",100% bearish,of 1 rating,$15
AMIC,$10.1,1439835615090,236,Not yet rated,NULL,N/A
ARII,$40.81,1439835615174,"89,388",67% bearish,of 3 ratings,$45
AMRB,$10.098,1439835615221,"34,379",Not yet rated,NULL,$11
ANAT,$104.87,1439835615248,"6,846",100% bullish,of 1 rating,N/A
APEI,$22.27,1439835615269,"30,317",100% bearish,of 1 rating,$29
AMNB,$23.58,1439835615311,"1,982",Not yet rated,NULL,$25.50
ASEI,$39.8191,1439835615403,"13,348",100% bearish,of 1 rating,$52.50
AMWD,$66.02,1439835615431,"35,121",50% bullish,of 2 ratings,$58
AMSWA,$9.39,1439835615568,"4,212",100% bearish,of 2 ratings,$10.75
AMSC,$4.12,1439835615603,"9,026",50% bullish,of 4 ratings,N/A
CRMT,$45.61,1439835615741,"1,300",100% bearish,of 1 rating,$49
ABCB,$28.74,1439835615772,"58,405",Not yet rated,NULL,$30.50
AMSF,$50.85,1439835615842,"9,503",Not yet rated,NULL,$57.50
ASRV,$3.3098,1439835615868,"7,737",100% bullish,of 2 ratings,N/A
ATLO,$23.9,1439835615929,"2,112",Not yet rated,NULL,N/A
ASRVP,$27.52,1439835616010,100,Not yet rated,NULL,N/A
AMKR,$4.53,1439835616185,"398,716",100% bearish,of 2 ratings,$5
AMGN,$169.61,1439835616217,"702,286",89% bullish,of 19 ratings,$185
AMSG,$86.225,1439835616245,"98,435",100% bearish,of 1 rating,$85.50
AMPH,$14.55,1439835616280,"86,151",50% bullish,of 2 ratings,$20
FOLD,$16.37,1439835616308,"398,327",56% bullish,of 9 ratings,$21
ASYS,$5.81,1439835616443,"23,508",67% bullish,of 3 ratings,$12
AFSI,$62.88,1439835616573,"436,369",60% bullish,of 5 ratings,$72
AMSGP,NULL,1439835616618,0,Not yet rated,NULL,N/A
ANAC,$136.99,1439835616675,"221,001",80% bullish,of 5 ratings,$180.50
ANAD,$0.35,1439835616713,"520,379",100% bullish,of 2 ratings,$.50
AMRS,$1.66,1439835616766,"31,395",70% bullish,of 10 ratings,N/A
ADI,$59.18,1439835616850,"471,207",67% bullish,of 3 ratings,$68
ABCW,$41.5,1439835616979,"5,186",67% bullish,of 3 ratings,N/A
AMCF,$0.28,1439835617031,"14,400",100% bullish,of 7 ratings,N/A
ANCB,$22.75,1439835617074,100,Not yet rated,NULL,$23
ALOG,$81.63,1439835617168,"33,428",100% bearish,of 2 ratings,$100.50
ANIP,$57.1,1439835617204,"178,208",89% bullish,of 19 ratings,$66
ANGO,$15.2,1439835617231,"16,899",67% bullish,of 3 ratings,$19
ANGI,$4.47,1439835617257,"186,825",64% bullish,of 11 ratings,$5.50
ANSS,$96.38,1439835617511,"190,696",100% bearish,of 1 rating,$100
ANIK,$36.15,1439835617583,"39,283",60% bullish,of 5 ratings,$51.25
ATRS,$1.871,1439835617620,"392,680",92% bullish,of 12 ratings,$4.50
ABAC,$0.885,1439835617714,"22,547",100% bearish,of 1 rating,N/A
ATNY,$2.39,1439835617742,"2,589",50% bullish,of 2 ratings,$3.75
ANTH,$9.57,1439835617768,"244,154",80% bullish,of 10 ratings,$13
APIC,$7.9,1439835617798,"47,680",100% bearish,of 1 rating,$19
APOG,$54.35,1439835617876,"71,620",100% bullish,of 1 rating,$62
APDN,$3.275,1439835618271,"30,439",Not yet rated,NULL,$9
AINV,$6.555,1439835618299,"2,591,404",50% bullish,of 4 ratings,$8
ARCI,$1.29,1439835618325,"8,208",Not yet rated,NULL,N/A
AAPL,$117.39,1439835618357,"16,434,568",86% bullish,of 2331 ratings,$150
APOL,$11.92,1439835618462,"304,207",87% bearish,of 68 ratings,$14
APPF,$17.385,1439835618490,"48,864",50% bullish,of 2 ratings,$22
AGTC,$15.73,1439835618626,"11,590",50% bullish,of 2 ratings,$33
AMAT,$16.98,1439835618761,"5,281,999",82% bullish,of 11 ratings,$23.50
AAOI,$22.01,1439835618795,"1,371,162",50% bullish,of 4 ratings,$26
APDNW,$1.3501,1439835618816,"6,000",Not yet rated,NULL,N/A
AMCC,$5.895,1439835618846,"369,380",80% bullish,of 5 ratings,$8
AREX,$2.63,1439835618899,"103,199",100% bearish,of 1 rating,$3
AQMS,$5.5,1439835619034,"20,200",Not yet rated,NULL,N/A
APTO,$5.08,1439835619065,"2,002",Not yet rated,NULL,$17
APRI,$1.1838,1439835619203,"28,421",83% bullish,of 6 ratings,$4.86
AQXP,$20.49,1439835619230,"658,715",50% bullish,of 2 ratings,$2
AUMA,$9.75,1439835619260,"99,314",Not yet rated,NULL,N/A
AUMAU,NULL,1439835619288,0,Not yet rated,NULL,N/A
AUMAW,NULL,1439835619359,0,Not yet rated,NULL,N/A
ARDM,$7.4,1439835619442,530,100% bullish,of 1 rating,$26
ABUS,$8.74,1439835619669,"196,693",86% bullish,of 14 ratings,$23
PETX,$16.98,1439835619748,"104,966",100% bearish,of 2 ratings,$26
ARCB,$32.75,1439835619811,"53,660",50% bullish,of 2 ratings,$39.50
RKDA,$4.86,1439835619837,"10,761",100% bearish,of 2 ratings,$10
ABIO,$0.9,1439835619995,"98,101",50% bullish,of 2 ratings,$3.75
ARCW,$3.74,1439835620210,"4,576",100% bearish,of 2 ratings,$10.50
ACAT,$29.96,1439835620907,"53,245",100% bearish,of 3 ratings,$33
ARDX,$18.96,1439835620937,"61,267",50% bullish,of 2 ratings,$22
ACGL,$73.68,1439835621037,"43,778",50% bullish,of 2 ratings,$72
ARNA,$3.41,1439835621242,"595,263",90% bullish,of 77 ratings,$5.50
ARCC,$16.035,1439835621545,"342,089",67% bearish,of 3 ratings,$17.875
ARIA,$7.49,1439835621651,"644,918",87% bullish,of 46 ratings,$9
AGII,$57.77,1439835621677,"115,423",Not yet rated,NULL,$58
ARGS,$4.4835,1439835621752,"11,636",50% bullish,of 2 ratings,$19.50
ARKR,NULL,1439835621779,0,50% bullish,of 2 ratings,N/A
ARIS,$3.18,1439835621809,"1,227",Not yet rated,NULL,$4.50
AGIIL,$25.38,1439835621835,601,Not yet rated,NULL,N/A
ARMH,$42.99,1439835621912,"1,419,358",54% bearish,of 13 ratings,$61
ARTX,$1.56,1439835622013,"52,743",88% bullish,of 16 ratings,$4.50
ARWA,NULL,1439835622045,0,Not yet rated,NULL,N/A
ARRY,$5.815,1439835622172,"231,906",100% bullish,of 7 ratings,$10
ARWAR,NULL,1439835622241,0,Not yet rated,NULL,N/A
ARQL,$1.71,1439835622267,"11,729",75% bullish,of 4 ratings,$5
ARWAW,NULL,1439835622304,0,Not yet rated,NULL,N/A
ARWAU,NULL,1439835622329,0,100% bullish,of 1 rating,N/A
ARRS,$27.9,1439835622493,"283,912",50% bullish,of 2 ratings,$38
DWAT,$10.21,1439835622598,"8,406",100% bearish,of 1 rating,N/A
ARWR,$5.6438,1439835622738,"484,365",75% bullish,of 4 ratings,$10.50
AROW,$27.36,1439835622769,"4,690",Not yet rated,NULL,N/A
ARTW,$4.44,1439835622798,"1,102",75% bearish,of 4 ratings,N/A
ARTNA,$22.44,1439835622829,"3,451",100% bearish,of 1 rating,$29
ASNA,$12.41,1439835622869,"401,339",50% bullish,of 2 ratings,$18
ASND,$17,1439835622926,"47,643",100% bullish,of 1 rating,$30
ASBB,$23.3,1439835622955,"2,925",Not yet rated,NULL,N/A
ASTI,$0.17,1439835623197,"2,044,563",83% bullish,of 6 ratings,$3
ASCMA,$29.87,1439835623225,"60,387",100% bearish,of 1 rating,$45
ASMI,$39.2701,1439835623391,500,50% bullish,of 2 ratings,N/A
AZPN,$39.2,1439835623421,"570,164",50% bullish,of 2 ratings,$42
ASML,$93.05,1439835623450,"425,792",67% bullish,of 3 ratings,$127
APWC,$2.09,1439835623471,20,100% bearish,of 1 rating,N/A
ASMB,$13.685,1439835623530,"25,144",67% bullish,of 3 ratings,N/A
ASFI,$9.2,1439835623666,"7,900",100% bullish,of 1 rating,N/A
ATRO,$58.12,1439835623693,"97,608",100% bearish,of 2 ratings,$80
ASTC,$2.35,1439835623851,"1,629",100% bullish,of 5 ratings,N/A
ATAI,$3.073,1439835623881,"35,389",100% bearish,of 1 rating,N/A
ALOT,$13.7,1439835623910,"1,558",100% bearish,of 1 rating,N/A
ASTE,$38.22,1439835623936,"56,079",100% bearish,of 1 rating,$48
ASUR,$5.9715,1439835623971,"7,590",Not yet rated,NULL,$8
ATRA,$49.76,1439835624074,"62,615",50% bullish,of 2 ratings,$68
ATHN,$141.7,1439835624145,"81,279",67% bearish,of 3 ratings,$153
ATHX,$1.185,1439835624317,"159,565",89% bullish,of 9 ratings,$5
AFCB,NULL,1439835624402,0,Not yet rated,NULL,N/A
AAPC,$10.19,1439835624458,44,Not yet rated,NULL,N/A
ATNI,$75.84,1439835624488,"41,268",100% bearish,of 1 rating,$69.50
AAME,$3.54,1439835624593,831,Not yet rated,NULL,N/A
ACFC,$6.54,1439835624662,"165,580",Not yet rated,NULL,$6.50
AAWW,$45.07,1439835624805,"80,958",50% bullish,of 2 ratings,$65
ATOS,$0.96,1439835624894,"17,925",100% bullish,of 7 ratings,$7
ATLC,$3.94,1439835624950,"1,900",67% bullish,of 3 ratings,N/A
AFH,$17.21,1439835624980,"2,337",Not yet rated,NULL,$21.50
ATRC,$27.52,1439835625027,"45,750",100% bullish,of 1 rating,$30
ATML,$7.89,1439835625082,"1,121,119",78% bullish,of 9 ratings,$9.50
ATRI,$401.165,1439835625166,718,Not yet rated,NULL,N/A
ATRM,$3,1439835625319,"1,032",50% bullish,of 2 ratings,N/A
LIFE,$15.8124,1439835625361,"52,176",86% bullish,of 7 ratings,$43
AUBN,NULL,1439835625409,0,Not yet rated,NULL,N/A
ATTU,$14.91,1439835625449,"10,024",100% bearish,of 1 rating,$20.50
AUDC,$3.27,1439835625507,"43,291",80% bullish,of 5 ratings,$5
AUPH,$3.5132,1439835625581,"9,835",100% bearish,of 1 rating,$8
EARS,$5,1439835625607,"11,163",100% bearish,of 2 ratings,$12
ADAT,$0.1149,1439835625741,"4,999",100% bullish,of 2 ratings,N/A
ADSK,$55.16,1439835625927,"245,258",83% bullish,of 6 ratings,$69.50
ABTL,$20.23,1439835625995,"47,066",100% bullish,of 4 ratings,$20.25
AVGO,$124.71,1439835626062,"700,994",88% bullish,of 8 ratings,$160
ADP,$84.48,1439835626095,"1,098,377",100% bearish,of 1 rating,$88
AVEO,$1.7501,1439835626124,"17,996,020",75% bullish,of 8 ratings,$3
AAVL,$10.99,1439835626149,"952,610",100% bearish,of 1 rating,$20
AVNW,$1.13,1439835626192,"22,411",50% bullish,of 2 ratings,$2.20
AVNU,NULL,1439835626218,0,Not yet rated,NULL,$14
CAR,$47.155,1439835626491,"1,889,902",80% bullish,of 5 ratings,$60
ACLS,$3.235,1439835626550,"207,091",67% bullish,of 6 ratings,$4.75
AVGR,$15.5,1439835626576,"11,674",100% bearish,of 1 rating,$20
AVID,$9.13,1439835626623,"82,518",100% bearish,of 1 rating,$20
AWRE,$3.2685,1439835626653,300,67% bullish,of 3 ratings,N/A
AXPWW,$1.47,1439835626760,192,Not yet rated,NULL,N/A
AXPW,$1.3201,1439835626987,"38,675",83% bullish,of 6 ratings,N/A
BCOM,$19.98,1439835627082,516,100% bearish,of 1 rating,N/A
BOSC,$2.3699,1439835627121,"7,476",50% bullish,of 2 ratings,N/A
AXGN,$3.95,1439835627143,"13,988",Not yet rated,NULL,$5
BEAV,$50.76,1439835627173,"191,518",67% bearish,of 3 ratings,$59
AXTI,$2.25,1439835627194,"12,210",50% bullish,of 2 ratings,$2.75
RILY,$10,1439835627232,50,Not yet rated,NULL,N/A
BIDU,$167.05,1439835627363,"1,268,273",81% bullish,of 88 ratings,$215
BCPC,$60.56,1439835627429,"86,022",100% bearish,of 1 rating,$75
BWINA,NULL,1439835627530,0,Not yet rated,NULL,N/A
BWINB,$23.5,1439835627737,"13,584",Not yet rated,NULL,N/A
BOCH,$5.79,1439835627836,"2,028",Not yet rated,NULL,$6.50
BLDP,$1.335,1439835627865,"70,644",91% bullish,of 22 ratings,$2.50
BANF,$63.74,1439835627893,"2,000",Not yet rated,NULL,$68
BANFP,$27.05,1439835627915,"2,900",Not yet rated,NULL,N/A
BKMU,$7.41,1439835627966,"10,132",Not yet rated,NULL,$8
BMRC,$48.7,1439835628046,"3,605",Not yet rated,NULL,$52
OZRK,$43.96,1439835628073,"97,700",67% bullish,of 3 ratings,$49.50
BOTJ,$11.14,1439835628204,"1,756",Not yet rated,NULL,N/A
BKSC,NULL,1439835628267,0,Not yet rated,NULL,N/A
BWFG,$18.22,1439835628338,692,100% bearish,of 1 rating,N/A
BFIN,$12.483,1439835628444,"4,220",Not yet rated,NULL,$13
BANR,$48.17,1439835628479,"20,493",100% bullish,of 3 ratings,$50
BZUN,$7.72,1439835628647,"30,167",50% bullish,of 2 ratings,$13.85
TAPR,$31.2,1439835628672,26,100% bearish,of 1 rating,N/A
BHAC,NULL,1439835628731,0,Not yet rated,NULL,N/A
BHACW,NULL,1439835628813,0,Not yet rated,NULL,N/A
BHACU,NULL,1439835628840,0,Not yet rated,NULL,N/A
BHACR,NULL,1439835628987,0,Not yet rated,NULL,N/A
BSET,$31.82,1439835629071,"38,169",100% bearish,of 1 rating,$35
BBSI,$37.77,1439835629105,"20,771",67% bearish,of 3 ratings,$62.50
BYBK,$5.09,1439835629139,300,100% bearish,of 1 rating,N/A
BYLK,$12.91,1439835629203,"5,024",Not yet rated,NULL,$14
BBCN,$15.66,1439835629242,"69,484",100% bearish,of 1 rating,$16
BV,$5.35,1439835629271,"90,579",67% bullish,of 6 ratings,$9
BCBP,$11.7245,1439835629403,"4,253",Not yet rated,NULL,N/A
BDCV,$4.99,1439835629537,"16,571",100% bearish,of 1 rating,$10.19
BECN,$35.98,1439835629612,"73,411",50% bullish,of 2 ratings,$40
BEBE,$1.855,1439835629744,"22,158",75% bullish,of 4 ratings,$3.075
BBGI,$4.85,1439835629823,157,100% bearish,of 1 rating,N/A
BELFB,$20.025,1439835629855,"6,541",100% bearish,of 1 rating,N/A
BELFA,$17.23,1439835629877,506,100% bearish,of 1 rating,N/A
BSF,$9.11,1439835629906,230,Not yet rated,NULL,N/A
BBBY,$63.32,1439835629957,"439,360",71% bullish,of 7 ratings,$75
BLCM,$18.69,1439835630086,"146,467",50% bullish,of 4 ratings,$40
BNCL,$13,1439835630174,"63,909",100% bullish,of 3 ratings,$12.50
BLPH,$4.45,1439835630218,"20,555",100% bearish,of 1 rating,$12.50
BGCP,$9.59,1439835630829,"274,359",88% bullish,of 8 ratings,$14
BNFT,$40.47,1439835630974,"55,191",67% bullish,of 3 ratings,$46
BGMD,$0.865,1439835631202,"168,023",100% bullish,of 10 ratings,N/A
BNTC,NULL,1439835631239,0,100% bullish,of 1 rating,N/A
BCDA,NULL,1439835631479,0,Not yet rated,NULL,N/A
ORPN,$5.77,1439835631510,"8,593",100% bullish,of 1 rating,$28.50
BGFV,$11.2,1439835631532,"59,578",57% bullish,of 7 ratings,$12
BASI,$1.65,1439835631566,750,Not yet rated,NULL,N/A
BIOC,$1.8535,1439835631617,"134,903",83% bullish,of 6 ratings,$3.70
BIND,$4.55,1439835631676,"20,058",67% bullish,of 3 ratings,$13.50
BIOD,$0.71,1439835631714,"233,341",80% bullish,of 5 ratings,$4
BCRX,$12,1439835631739,"172,276",63% bullish,of 8 ratings,$18
BIOL,$1.62,1439835631874,"23,512",Not yet rated,NULL,N/A
BIIB,$317.0217,1439835631901,"425,220",88% bullish,of 16 ratings,$400
BDSI,$6.65,1439835631922,"484,627",88% bullish,of 8 ratings,$17
BLFS,$2.18,1439835631954,"3,603",100% bearish,of 1 rating,$4.75
BLRX,$1.545,1439835632127,"149,435",100% bullish,of 12 ratings,$7
BMRN,$138.42,1439835632181,"173,662",80% bullish,of 5 ratings,$160
BVXV,$4.19,1439835632391,"27,131",Not yet rated,NULL,N/A
BVXVW,NULL,1439835632417,0,100% bearish,of 1 rating,N/A
BRLI,$35.73,1439835632440,"90,772",83% bullish,of 6 ratings,$32
BIOS,$1.575,1439835632470,"1,144,530",71% bullish,of 7 ratings,$4
BPTH,$1.16,1439835632496,"20,185",100% bullish,of 2 ratings,$5
BBC,$33.54,1439835632714,"9,673",Not yet rated,NULL,N/A
BSPM,$0.6715,1439835632793,"13,474",50% bullish,of 2 ratings,N/A
TECH,$106.33,1439835632886,"62,396",100% bullish,of 1 rating,$117
BOTA,$2.3,1439835632919,"40,585",86% bullish,of 7 ratings,N/A
BSTC,$51.3,1439835632951,"46,331",100% bearish,of 1 rating,$76
BEAT,$12.35,1439835632973,"123,733",67% bearish,of 3 ratings,$15
BBP,$34.48,1439835633005,"11,576",Not yet rated,NULL,N/A
BITI,$19.42,1439835633034,"23,182",100% bullish,of 1 rating,$28
BDMS,NULL,1439835633257,0,100% bearish,of 1 rating,N/A
BJRI,$46.61,1439835633434,"77,871",50% bullish,of 2 ratings,$55
BDE,$7.7,1439835633459,"52,519",50% bullish,of 2 ratings,$9
BBOX,$16.17,1439835633489,"18,928",100% bearish,of 1 rating,N/A
HAWK,$44.09,1439835633591,"242,433",90% bullish,of 10 ratings,$49
ADRA,NULL,1439835633619,0,Not yet rated,NULL,N/A
BBRY,$7.595,1439835633647,"1,239,972",61% bullish,of 330 ratings,$9
BLKB,$63.19,1439835633673,"46,182",100% bearish,of 2 ratings,$66
ADRD,$23.425,1439835633948,"2,814",100% bearish,of 1 rating,N/A
BKCC,$9.48,1439835633985,"103,999",100% bullish,of 2 ratings,$10
ADRU,$23.17,1439835634017,"2,805",100% bearish,of 1 rating,N/A
ADRE,$31.3716,1439835634046,"9,587",Not yet rated,NULL,N/A
BLBD,$13,1439835634119,"8,000",Not yet rated,NULL,N/A
BLMN,$21.99,1439835634190,"347,933",83% bullish,of 6 ratings,$27.50
BCOR,$13.7,1439835634219,"64,275",57% bullish,of 7 ratings,$15
BUFF,$26.23,1439835634369,"312,355",83% bullish,of 12 ratings,N/A
BLUE,$132.335,1439835634508,"309,043",86% bullish,of 7 ratings,$217.50
BKEPP,NULL,1439835634685,0,100% bearish,of 1 rating,N/A
BHBK,$14.41,1439835634713,"13,082",100% bullish,of 1 rating,$14.50
NILE,$34.766,1439835634735,"36,727",50% bullish,of 2 ratings,$34
BKEP,$6.94,1439835634757,"15,528",100% bearish,of 1 rating,$8.50
BBLU,$0.87,1439835634800,"38,502",100% bullish,of 2 ratings,$4.43
BPMC,$28.57,1439835634822,"181,813",50% bullish,of 2 ratings,$47.50
BNCN,$22.09,1439835634890,"32,508",Not yet rated,NULL,$22
BOJA,$22.595,1439835635096,"129,383",100% bullish,of 1 rating,$30
WIFI,$9.26,1439835635165,"142,715",50% bullish,of 2 ratings,$13.50
BOBE,$46.6543,1439835635191,"38,786",75% bullish,of 4 ratings,$57
BOFI,$132.14,1439835635239,"58,369",100% bullish,of 6 ratings,$137.50
BONA,$12.24,1439835635329,"228,719",75% bullish,of 4 ratings,$8.50
BOKF,$66.5,1439835635354,"33,108",100% bearish,of 1 rating,$71
BNSO,$1.39,1439835635535,"55,824",100% bearish,of 1 rating,N/A
BPFHW,$6.4,1439835635586,"1,278",100% bearish,of 1 rating,N/A
BAMM,$3.2101,1439835635671,"3,057",60% bullish,of 5 ratings,N/A
EPAY,$26.47,1439835635780,"23,847",100% bearish,of 2 ratings,$30
BCLI,$2.88,1439835635847,"44,527",80% bullish,of 5 ratings,$12
BPFHP,$25.36,1439835635880,"1,100",100% bearish,of 1 rating,N/A
BBRG,$13.292,1439835635938,"45,569",67% bullish,of 3 ratings,$14.50
BDBD,$9.09,1439835635975,"269,590",60% bullish,of 5 ratings,$10
BPFH,$12.5371,1439835636006,"22,451",100% bearish,of 1 rating,$14
BBEP,$2.61,1439835636106,"1,055,463",69% bullish,of 13 ratings,$5.625
BRID,NULL,1439835636473,0,100% bearish,of 1 rating,N/A
BBEPP,$14.44,1439835636517,"13,234",100% bearish,of 1 rating,N/A
BLIN,$1.355,1439835636573,"2,500",50% bullish,of 2 ratings,$2.80
BDGE,$28.05,1439835636599,"2,328",Not yet rated,NULL,$31.75
BRCM,$51.29,1439835636629,"733,004",75% bullish,of 12 ratings,$56
BCOV,$5.51,1439835636677,"24,451",67% bullish,of 3 ratings,$10.20
BVSN,$6.05,1439835636734,"1,326",60% bearish,of 5 ratings,N/A
BWEN,$3.6,1439835636891,"9,089",100% bullish,of 3 ratings,$8
BSFT,$33.96,1439835636919,"32,261",57% bullish,of 7 ratings,$40.50
BRKS,$11.05,1439835637054,"60,153",67% bullish,of 3 ratings,$15.25
BYFC,$1.37,1439835637103,400,50% bullish,of 2 ratings,N/A
BRKR,$20.26,1439835637125,"111,210",100% bearish,of 2 ratings,$22
BMTC,$29.98,1439835637160,"28,089",Not yet rated,NULL,$34
BRCD,$10.065,1439835637263,"675,264",92% bullish,of 13 ratings,$12.50
BRKL,$10.93,1439835637298,"69,765",100% bearish,of 1 rating,$10.75
BLMT,$21.45,1439835637563,650,Not yet rated,NULL,N/A
BWLD,$198.86,1439835637640,"60,592",82% bullish,of 11 ratings,$205
BUR,$2.09,1439835637695,"1,400",100% bearish,of 1 rating,$8
BLDR,$14.49,1439835637727,"200,977",50% bullish,of 2 ratings,$22
BSQR,$7.49,1439835637755,"184,119",67% bullish,of 3 ratings,N/A
CFFI,$37.34,1439835637830,"4,950",100% bearish,of 1 rating,N/A
CHRW,$69.42,1439835637855,"342,731",Not yet rated,NULL,$72
CCMP,$45.745,1439835637885,"17,207",50% bullish,of 2 ratings,$59
CDNS,$21.75,1439835637937,"440,112",75% bullish,of 4 ratings,$22.50
CDZI,$7.32,1439835638103,"14,502",100% bearish,of 1 rating,N/A
CACQ,$7.49,1439835638131,"22,150",100% bearish,of 1 rating,$12.25
CA,$29.54,1439835638157,"417,851",50% bullish,of 4 ratings,$33
CZR,$7.54,1439835638320,"436,230",60% bearish,of 5 ratings,$10.50
CLBS,$1.365,1439835638499,"123,852",79% bullish,of 14 ratings,$4
CLMS,$11.88,1439835638553,"40,801",Not yet rated,NULL,$10.50
CHI,$11.12,1439835638584,"156,164",100% bearish,of 1 rating,N/A
CSTE,$48.28,1439835638613,"366,289",100% bearish,of 1 rating,$65
PRSS,$4.8,1439835638638,"9,132",80% bullish,of 5 ratings,$4.50
CCD,$21,1439835638690,"73,840",Not yet rated,NULL,N/A
CFGE,$11.0699,1439835638858,"2,000",Not yet rated,NULL,N/A
CHY,$11.9099,1439835638929,"183,052",Not yet rated,NULL,N/A
CGO,$12.89,1439835639066,"20,755",100% bearish,of 1 rating,N/A
CAMP,$16.57,1439835639093,"85,164",86% bullish,of 7 ratings,$25
CSQ,$10.5967,1439835639115,"214,784",Not yet rated,NULL,N/A
CHW,$8.12,1439835639170,"120,601",100% bearish,of 1 rating,N/A
CVGW,$54.22,1439835639260,"36,383",50% bullish,of 2 ratings,$58.50
CALD,$16.43,1439835639424,"106,262",100% bearish,of 1 rating,$20.50
CLMT,$26.77,1439835639453,"183,123",75% bullish,of 8 ratings,$31
CALA,$5.43,1439835639475,"110,730",100% bullish,of 3 ratings,$19.50
CFNB,NULL,1439835639505,0,100% bearish,of 1 rating,N/A
CAMB,NULL,1439835639637,0,Not yet rated,NULL,N/A
ABCD,$4.7297,1439835639663,"41,393",83% bullish,of 6 ratings,N/A
CAMBW,NULL,1439835639928,0,Not yet rated,NULL,N/A
CAC,$40.69,1439835639954,"2,300",Not yet rated,NULL,N/A
CGIX,$11.227,1439835640161,"14,099",67% bullish,of 3 ratings,$14.375
CALM,$52.265,1439835640187,"240,941",80% bullish,of 5 ratings,$65
CAMT,$2.89,1439835640219,"24,111",73% bullish,of 11 ratings,$4
CPHC,NULL,1439835640248,0,100% bearish,of 1 rating,N/A
CAMBU,NULL,1439835640269,0,100% bearish,of 1 rating,N/A
CSIQ,$24.16,1439835640318,"1,052,215",86% bullish,of 28 ratings,$45
CBNJ,$10.99,1439835640405,"35,680",100% bullish,of 1 rating,N/A
CPLA,$49.72,1439835640449,"24,297",50% bullish,of 2 ratings,$65
CCBG,$15.16,1439835640609,"10,091",Not yet rated,NULL,$17.25
CPLP,$7.3,1439835640659,"195,229",71% bullish,of 7 ratings,$11
CBF,$30.55,1439835640735,"5,172",Not yet rated,NULL,$32
CPTA,$15.05,1439835640838,"67,065",Not yet rated,NULL,$18.50
CSWC,$49.8,1439835640863,"12,092",Not yet rated,NULL,N/A
CAPNW,$0.6,1439835641046,"7,800",Not yet rated,NULL,N/A
CFFN,$12.2,1439835641075,"221,030",Not yet rated,NULL,$12.75
CAPR,$4.0201,1439835641104,"4,304",Not yet rated,NULL,$12
CAPN,$2.4339,1439835641133,"372,683",100% bullish,of 1 rating,$10.85
CPST,$0.404,1439835641209,"386,115",95% bullish,of 22 ratings,$1
CARA,$22,1439835641265,"161,107",50% bullish,of 4 ratings,$27.50
CARB,$11.57,1439835641400,"41,492",75% bullish,of 4 ratings,$12
CBYL,$6.55,1439835641433,"12,266",100% bearish,of 1 rating,$20
CRDC,$0.38,1439835641509,"64,836",100% bullish,of 1 rating,$1.25
CFNL,$23.61,1439835641540,"41,976",Not yet rated,NULL,$24
CRME,$9.79,1439835641561,"3,712",89% bullish,of 9 ratings,$11.25
CATM,$35.48,1439835641973,"88,305",100% bearish,of 1 rating,$44
CKEC,$23.92,1439835642033,"34,676",50% bullish,of 2 ratings,$35.915
CSII,$24.055,1439835642067,"71,123",100% bearish,of 2 ratings,$42.125
CECO,$3.985,1439835642088,"162,454",67% bearish,of 3 ratings,$6
CDNA,$6.2301,1439835642124,160,100% bearish,of 1 rating,$9
CARO,$15.6799,1439835642152,"22,284",100% bearish,of 1 rating,$19
CTRE,$11.39,1439835642182,"137,940",50% bullish,of 2 ratings,N/A
CART,$5.49,1439835642220,159,100% bearish,of 1 rating,N/A
CLBH,NULL,1439835642387,0,Not yet rated,NULL,$16.50
TAST,$13.05,1439835642564,"122,322",Not yet rated,NULL,$14.25
CRTN,NULL,1439835642590,0,100% bearish,of 1 rating,N/A
CRZO,$34.94,1439835642620,"217,029",67% bearish,of 3 ratings,$57
CARV,$5.85,1439835642666,200,50% bullish,of 2 ratings,N/A
CACB,$5.54,1439835642722,"7,681",Not yet rated,NULL,$5.50
CASM,$1.1,1439835642806,"9,612",100% bullish,of 1 rating,$3.50
CSCD,$14,1439835642869,"24,507",100% bullish,of 2 ratings,$17
CASS,$51.6,1439835643041,"4,174",100% bearish,of 1 rating,N/A
CASI,$1.4601,1439835643072,211,100% bullish,of 1 rating,$3.50
CASY,$107.56,1439835643145,"93,683",50% bullish,of 2 ratings,$99.50
CATB,$12.1763,1439835643175,"14,325",100% bearish,of 1 rating,$28
CWST,$6.45,1439835643208,"32,061",50% bullish,of 2 ratings,$7
CPRX,$4.27,1439835643285,"222,580",71% bullish,of 7 ratings,$7
CATY,$32.36,1439835643312,"114,127",100% bearish,of 1 rating,$33.50
CATYW,NULL,1439835643446,0,100% bearish,of 1 rating,N/A
CVCO,$73.31,1439835643551,"8,419",100% bearish,of 1 rating,N/A
CAVM,$73.48,1439835643598,"217,819",67% bearish,of 3 ratings,$72
CNLMU,NULL,1439835643769,0,100% bullish,of 1 rating,N/A
CNLM,NULL,1439835643798,0,Not yet rated,NULL,N/A
CNLMW,NULL,1439835643828,0,Not yet rated,NULL,N/A
CNLMR,NULL,1439835643902,0,Not yet rated,NULL,N/A
CBFV,NULL,1439835643956,0,Not yet rated,NULL,N/A
CDK,$51.3902,1439835643982,"122,662",67% bearish,of 3 ratings,$50
CBOE,$64.24,1439835644055,"156,875",Not yet rated,NULL,$60
CPXX,$2.1601,1439835644282,"61,416",100% bullish,of 2 ratings,$7
CDW,$39.67,1439835644327,"490,507",75% bullish,of 4 ratings,$44
CECE,$10.28,1439835644383,"57,340",50% bullish,of 2 ratings,$16
CELG,$130.784,1439835644408,"793,771",92% bullish,of 13 ratings,$155.50
CLDN,$1.0538,1439835644461,"86,898",71% bullish,of 7 ratings,$3
CELGZ,$2.07,1439835644511,"2,000",80% bullish,of 5 ratings,N/A
CLDX,$16.16,1439835644643,"708,136",89% bullish,of 9 ratings,$36
CLRBW,NULL,1439835644840,0,Not yet rated,NULL,N/A
CLRB,$3.07,1439835644870,400,100% bearish,of 1 rating,N/A
CLLS,$32.9379,1439835644900,"31,503",75% bullish,of 4 ratings,$51.50
CLSN,$2.2,1439835644936,"60,148",80% bullish,of 10 ratings,$7.50
CLTX,$0.6,1439835645004,"4,130",100% bullish,of 2 ratings,N/A
CBMG,$23.07,1439835645031,"25,208",50% bullish,of 2 ratings,N/A
CEMP,$37.445,1439835645067,"336,113",71% bullish,of 7 ratings,$48.50
CYAD,$55.11,1439835645098,200,100% bullish,of 1 rating,$87.50
CETX,$2.64,1439835645411,"15,914",Not yet rated,NULL,$5.60
CSFL,$14.33,1439835645470,"40,076",Not yet rated,NULL,$15
CETV,$2.24,1439835645496,"19,087",67% bullish,of 3 ratings,$2.80
CVCY,$11.15,1439835645631,911,Not yet rated,NULL,$12
CENX,$5.82,1439835645657,"729,691",67% bullish,of 6 ratings,$9
CENTA,$12.29,1439835645685,"26,715",Not yet rated,NULL,N/A
CENT,$11.513,1439835645707,"34,070",Not yet rated,NULL,$10
CFBK,NULL,1439835645740,0,Not yet rated,NULL,N/A
CNTY,$6.4,1439835645884,"32,858",80% bullish,of 5 ratings,$7.75
CNBKA,$41.57,1439835645986,"1,542",100% bullish,of 1 rating,N/A
CPHD,$51.09,1439835646015,"264,807",50% bullish,of 2 ratings,$67
CRNT,$1.47,1439835646086,"335,919",50% bullish,of 2 ratings,$2
CERE,$1.57,1439835646147,"452,280",88% bullish,of 8 ratings,N/A
CERU,$3.41,1439835646214,"116,612",75% bullish,of 4 ratings,$15
CERS,$4.831,1439835646245,"229,044",75% bullish,of 4 ratings,$7
CERN,$64.65,1439835646266,"806,363",67% bullish,of 3 ratings,$79
HOTR,$1.521,1439835646585,"613,196",100% bullish,of 2 ratings,$5
KOOL,$0.6804,1439835646615,"13,015",100% bullish,of 5 ratings,$7
CEVA,$19.19,1439835646642,"39,560",100% bearish,of 1 rating,$25
CYOU,$20.45,1439835646677,"168,336",50% bullish,of 6 ratings,$24
GTLS,$24.93,1439835646778,"106,909",50% bullish,of 4 ratings,$40
HOTRW,NULL,1439835646803,0,Not yet rated,NULL,N/A
CHTR,$183.9,1439835646862,"287,293",100% bearish,of 2 ratings,$196
CTHR,$1.22,1439835646934,"4,315",50% bullish,of 2 ratings,$2.50
CHFN,$12.54,1439835647041,"3,199",Not yet rated,NULL,$14
CHEK,NULL,1439835647177,0,Not yet rated,NULL,$7.75
CHKP,$81.88,1439835647199,"285,722",50% bullish,of 4 ratings,$92
CHEKW,$1.11,1439835647244,"1,000",Not yet rated,NULL,N/A
CEMI,$4.68,1439835647333,"3,300",50% bullish,of 2 ratings,$7.50
CCXI,$6.655,1439835647361,"17,278",67% bullish,of 3 ratings,$14
CHFC,$33.06,1439835647390,"13,482",100% bearish,of 1 rating,$36
CHMG,$26.5,1439835647415,150,Not yet rated,NULL,$30
CHKE,$27.89,1439835647561,"4,319",100% bearish,of 1 rating,$32.50
CHEV,$14.4227,1439835647671,"1,157",Not yet rated,NULL,N/A
CBNK,$16.62,1439835647702,100,100% bearish,of 1 rating,N/A
CHMA,$28.22,1439835647775,"300,769",Not yet rated,NULL,$40
PLCE,$60.12,1439835647803,"74,933",100% bearish,of 1 rating,$71
CMRX,$52.2869,1439835647836,"57,338",50% bullish,of 2 ratings,$57
CADC,NULL,1439835647942,0,78% bullish,of 9 ratings,N/A
CBAK,$2.353,1439835648134,"15,387",67% bullish,of 9 ratings,N/A
CALI,$0.914,1439835648173,"42,600",67% bullish,of 3 ratings,N/A
CCCL,$0.98,1439835648201,100,100% bullish,of 6 ratings,N/A
CBPO,$110.84,1439835648223,"86,880",75% bullish,of 8 ratings,$140.50
CAAS,$6.98,1439835648264,"35,091",93% bullish,of 14 ratings,$11.50
CCCR,$0.6599,1439835648355,"11,653",67% bearish,of 3 ratings,N/A
JRJC,$4.42,1439835648381,"16,496",82% bullish,of 11 ratings,N/A
HGSH,$1.77,1439835648412,"7,063",67% bullish,of 3 ratings,N/A
CHOP,$1.36,1439835648555,849,50% bullish,of 2 ratings,N/A
CNIT,$1.84,1439835648590,"127,325",67% bullish,of 6 ratings,N/A
CJJD,$2.27,1439835648759,"44,176",100% bullish,of 1 rating,N/A
CHLN,$1.38,1439835648811,928,67% bullish,of 3 ratings,N/A
HTHT,$24.07,1439835648897,"182,837",50% bullish,of 2 ratings,$28
CREG,$0.7923,1439835648991,"36,388",100% bullish,of 3 ratings,N/A
CPGI,$6.98,1439835649023,24,Not yet rated,NULL,N/A
CHNR,NULL,1439835649044,0,100% bearish,of 1 rating,N/A
CNTF,$0.93,1439835649089,"14,026",Not yet rated,NULL,N/A
CSUN,$1.534,1439835649118,"2,600",80% bullish,of 5 ratings,N/A
CXDC,$6.2,1439835649178,"12,498",67% bullish,of 3 ratings,N/A
CCIH,$10.278,1439835649347,"41,659",67% bullish,of 6 ratings,$12.65
CNET,$0.82,1439835649410,"90,863",50% bullish,of 2 ratings,N/A
CNYD,$3.1611,1439835649432,"4,014",67% bullish,of 3 ratings,N/A
IMOS,$16.44,1439835649463,"86,034",60% bullish,of 5 ratings,$21.50
CHSCL,$27.156,1439835649513,"36,820",Not yet rated,NULL,N/A
CHSCN,$27.4699,1439835649696,"8,665",Not yet rated,NULL,N/A
CHSCM,$26.35,1439835649832,"9,192",Not yet rated,NULL,N/A
CHUY,$34,1439835649861,"69,752",50% bullish,of 2 ratings,$34
CHDN,$137.28,1439835649889,"54,718",Not yet rated,NULL,$165
CIFC,$7.3,1439835649910,3,Not yet rated,NULL,N/A
CHSCP,$30.54,1439835649950,"1,866",Not yet rated,NULL,N/A
CHSCO,$28.4868,1439835650043,"2,501",Not yet rated,NULL,N/A
CDTX,$14.67,1439835650070,"17,015",Not yet rated,NULL,$22
CMPR,$70.52,1439835650221,"97,676",50% bullish,of 2 ratings,$72.50
CMCT,NULL,1439835650251,0,100% bearish,of 1 rating,N/A
CINF,$56.65,1439835650354,"104,129",50% bullish,of 4 ratings,$50.50
CIDM,$0.68,1439835650490,"290,459",50% bullish,of 2 ratings,$2.10
CTAS,$88.77,1439835650521,"82,962",100% bearish,of 1 rating,$91
CSCO,$28.84,1439835650546,"9,209,962",84% bullish,of 208 ratings,$32.50
CRUS,$29.45,1439835650571,"189,761",75% bullish,of 12 ratings,$44.50
CPHR,$6.86,1439835650600,"8,910",100% bearish,of 1 rating,$16
CZNC,$20.27,1439835650739,"2,451",Not yet rated,NULL,N/A
CTRN,$22.97,1439835650814,"29,806",100% bearish,of 1 rating,$29.50
CZFC,NULL,1439835650897,0,Not yet rated,NULL,N/A
CZWI,NULL,1439835650923,0,Not yet rated,NULL,N/A
CTXS,$77.55,1439835650978,"229,239",86% bullish,of 7 ratings,$80
CIZN,$19.5925,1439835651007,500,Not yet rated,NULL,N/A
CIVB,$10.26,1439835651111,106,Not yet rated,NULL,$11
CHCO,$48.87,1439835651139,"11,152",Not yet rated,NULL,$46
CDTI,$1.73,1439835651267,"118,802",75% bullish,of 4 ratings,$3.25
CIVBP,NULL,1439835651316,0,Not yet rated,NULL,N/A
CLNE,$4.865,1439835651373,"497,174",80% bullish,of 15 ratings,$9
CLRO,$11.78,1439835651533,"2,789",50% bullish,of 2 ratings,$14.25
CLNT,$2.02,1439835651621,"41,139",75% bullish,of 8 ratings,N/A
CLFD,$18.29,1439835651666,"10,857",67% bullish,of 3 ratings,$18
CBLI,$3.76,1439835651697,"28,832",60% bullish,of 5 ratings,N/A
CLIR,$5.15,1439835651729,"44,678",100% bullish,of 3 ratings,N/A
CSBK,$14.033,1439835651829,"26,531",Not yet rated,NULL,N/A
CLVS,$78.8,1439835651857,"137,866",60% bullish,of 5 ratings,$101.50
CMFN,$11.1025,1439835651963,"18,819",100% bearish,of 1 rating,$15.50
CCNE,$17.79,1439835652101,"4,900",50% bullish,of 2 ratings,$21.50
CISG,$8.51,1439835652134,"43,408",100% bullish,of 5 ratings,$10
CME,$98.12,1439835652164,"296,403",67% bullish,of 3 ratings,$102
CWAY,$11.5,1439835652231,500,Not yet rated,NULL,N/A
CNV,$4.73,1439835652263,"12,615",50% bullish,of 2 ratings,$7.15
COBZ,$12.94,1439835652390,"42,558",100% bullish,of 1 rating,$14
COKE,$165.55,1439835652423,"5,106",79% bullish,of 19 ratings,N/A
CDXS,$3.89,1439835652518,"73,019",64% bullish,of 11 ratings,$6
CVLY,NULL,1439835652556,0,Not yet rated,NULL,N/A
JVA,$4.7599,1439835652617,"1,725",83% bullish,of 6 ratings,$7
CDRB,$13.24,1439835652648,"8,003",67% bullish,of 3 ratings,N/A
CCOI,$29.25,1439835652749,"170,222",50% bullish,of 4 ratings,$35
CGNT,$1.6,1439835652821,"34,659",100% bullish,of 2 ratings,$2
CGNX,$36.93,1439835652855,"307,538",50% bullish,of 2 ratings,$47
COHR,$59.04,1439835652959,"40,393",50% bullish,of 2 ratings,$72
CTSH,$67.24,1439835652988,"948,660",90% bullish,of 10 ratings,$74.50
CHRS,$33.4,1439835653092,"80,456",67% bearish,of 3 ratings,$37
COHU,$9.46,1439835653138,"26,578",100% bearish,of 1 rating,$14.25
CLRX,$0.49,1439835653169,"15,697",50% bullish,of 2 ratings,$1.85
CLCT,$19.75,1439835653270,"3,527",100% bearish,of 1 rating,N/A
CBAN,NULL,1439835653398,0,Not yet rated,NULL,N/A
CIGI,$46.97,1439835653468,"4,569",100% bearish,of 1 rating,$52
COLL,$16.08,1439835653537,"18,650",100% bearish,of 1 rating,$26
CMCO,$21.87,1439835653566,"9,828",60% bullish,of 5 ratings,$28
COLB,$33.52,1439835653593,"77,358",Not yet rated,NULL,$36
CLCD,$8.024,1439835653619,"22,251",100% bearish,of 1 rating,$20.50
CBMX,$1.34,1439835653774,"14,238",83% bullish,of 6 ratings,$3.15
COLM,$66.06,1439835653828,"40,242",100% bearish,of 1 rating,$71
CMCSK,$60.415,1439835653973,"1,243,887",Not yet rated,NULL,$84
CUBN,$13.85,1439835654037,"15,823",Not yet rated,NULL,N/A
CBSHP,$25.26,1439835654064,"4,704",100% bearish,of 1 rating,N/A
CBSH,$47.88,1439835654085,"84,685",50% bullish,of 2 ratings,$46
CMCSA,$60.06,1439835654115,"3,794,272",66% bullish,of 35 ratings,$69.50
CVGI,$4.71,1439835654267,"105,047",50% bullish,of 2 ratings,$6
COMM,$31.83,1439835654364,"300,073",67% bearish,of 3 ratings,$35
JCS,$9.935,1439835654429,"1,153",67% bullish,of 3 ratings,N/A
CSAL,$23.22,1439835654462,"302,878",75% bullish,of 4 ratings,$30
CTBI,$35.49,1439835654490,"9,205",Not yet rated,NULL,$36
ESXB,$5.07,1439835654561,"25,213",Not yet rated,NULL,N/A
CWBC,$6.731,1439835654621,"2,200",Not yet rated,NULL,N/A
CYHHZ,$0.011,1439835654651,"110,600",100% bullish,of 1 rating,N/A
COB,$10.8,1439835654756,"2,289",100% bullish,of 1 rating,$11.50
CIZ,$35.1584,1439835654860,"1,892",100% bearish,of 1 rating,N/A
CIL,NULL,1439835654936,0,Not yet rated,NULL,N/A
CVLT,$38.44,1439835654963,"245,971",75% bullish,of 4 ratings,$44.50
CSA,NULL,1439835655022,0,Not yet rated,NULL,N/A
CID,NULL,1439835655179,0,Not yet rated,NULL,N/A
CSF,$38.59,1439835655211,524,100% bearish,of 1 rating,N/A
CDC,$36.8882,1439835655246,"1,950",Not yet rated,NULL,N/A
CFO,$37.685,1439835655341,"3,127",100% bearish,of 1 rating,N/A
CDL,NULL,1439835655372,0,Not yet rated,NULL,N/A
CSB,NULL,1439835655400,0,Not yet rated,NULL,N/A
CFA,$37.7189,1439835655477,782,100% bearish,of 1 rating,N/A
CGEN,$5.72,1439835655683,"53,229",50% bullish,of 2 ratings,$11
CPSI,$46.7999,1439835655723,"18,726",100% bearish,of 1 rating,$45.50
CHCI,$0.55,1439835655755,"26,400",50% bullish,of 2 ratings,N/A
CTG,$6.6768,1439835655852,"32,902",100% bearish,of 1 rating,$8.50
SCOR,$64.39,1439835655884,"108,876",100% bearish,of 1 rating,$66
CNAT,$4.28,1439835655910,"54,554",83% bullish,of 6 ratings,$13
CMTL,$28.27,1439835655937,"22,547",100% bearish,of 2 ratings,$37
CNSI,$19.54,1439835655958,"34,220",100% bearish,of 2 ratings,$29
CNCE,$17,1439835656120,"86,015",75% bullish,of 4 ratings,$22
CCUR,$5.08,1439835656295,"12,875",75% bullish,of 4 ratings,N/A
CXRX,$78,1439835656340,"3,255",Not yet rated,NULL,$90
CFMS,$21.6299,1439835656380,"98,559",Not yet rated,NULL,$27
CDORO,$19,1439835656427,850,100% bearish,of 1 rating,N/A
CDOR,$1.4999,1439835656453,"8,882",100% bullish,of 1 rating,N/A
CDORP,$7.25,1439835656525,600,100% bearish,of 1 rating,N/A
CTWS,$35.24,1439835656634,"5,644",100% bearish,of 1 rating,$44
CNMD,$56.76,1439835656695,"18,022",Not yet rated,NULL,$59
CNFR,$10.51,1439835656783,"17,825",Not yet rated,NULL,N/A
CNOB,$20.4,1439835656812,"11,845",100% bullish,of 1 rating,$23.50
CNXR,$6.79,1439835656833,"12,680",100% bearish,of 1 rating,$12
CONN,$34.85,1439835656877,"100,556",67% bullish,of 3 ratings,$48.50
CWCO,$12.1,1439835656966,"39,911",67% bullish,of 3 ratings,$14.50
CNSL,$20.49,1439835656992,"37,317",100% bearish,of 1 rating,$23
CTCT,$24.6,1439835657220,"83,846",67% bullish,of 3 ratings,$37
CPSS,$5.74,1439835657278,"12,128",100% bullish,of 1 rating,$10
CFRX,$5.24,1439835657350,"76,050",Not yet rated,NULL,$14
CTRL,$8.63,1439835657410,"58,394",50% bullish,of 2 ratings,$11
CFRXW,$1.86,1439835657440,"12,100",100% bearish,of 1 rating,N/A
CFRXZ,$0.6,1439835657480,"30,880",Not yet rated,NULL,N/A
CORT,$5.46,1439835657510,"92,478",67% bullish,of 3 ratings,$12
CPRT,$36.62,1439835657544,"62,071",67% bearish,of 3 ratings,$40
CTRV,$4.63,1439835657639,"10,709",Not yet rated,NULL,$6.40
CRBP,$1.9203,1439835657665,"39,666",100% bullish,of 1 rating,$6.25
CORI,$11.92,1439835657829,"20,567",100% bearish,of 1 rating,$18
CORE,$64.3,1439835657859,"44,571",100% bearish,of 1 rating,$72
BVA,$3.9,1439835657908,101,50% bullish,of 2 ratings,N/A
CSOD,$38.45,1439835658045,"158,968",50% bullish,of 2 ratings,$42
CRVL,$33.815,1439835658073,"3,301",100% bearish,of 1 rating,N/A
COSI,$1.22,1439835658125,"66,425",100% bullish,of 1 rating,N/A
CSGP,$195.4,1439835658233,"35,688",50% bullish,of 2 ratings,$235
COST,$145.87,1439835658394,"262,061",83% bullish,of 24 ratings,$154.50
CPAH,$0.451,1439835658450,"2,485",50% bullish,of 2 ratings,N/A
COWNL,NULL,1439835658476,0,Not yet rated,NULL,N/A
ICBK,$18.22,1439835658526,"1,180",Not yet rated,NULL,$21
COWN,$5.51,1439835658554,"551,787",75% bullish,of 4 ratings,$7
CVTI,$25.75,1439835658575,"38,179",67% bearish,of 3 ratings,$39
COVS,$2.81,1439835658611,"97,529",67% bullish,of 3 ratings,N/A
CRAI,$23.53,1439835658947,"11,426",Not yet rated,NULL,$36
CBRL,$151.59,1439835658973,"90,842",50% bullish,of 2 ratings,$155
CPSH,$2.4,1439835659006,203,Not yet rated,NULL,N/A
CRAY,$22.96,1439835659105,"77,201",83% bullish,of 6 ratings,$38.50
BREW,$8.2,1439835659131,"29,466",67% bullish,of 6 ratings,$15
CACC,$205.62,1439835659157,"40,812",50% bullish,of 2 ratings,$158.50
GLDI,$10.97,1439835659210,"1,482",100% bearish,of 1 rating,N/A
SLVO,$10.58,1439835659393,"2,414",100% bearish,of 1 rating,N/A
CREE,$27.65,1439835659424,"459,013",65% bullish,of 17 ratings,$28.50
CROX,$14.81,1439835659494,"333,777",63% bullish,of 8 ratings,$16.50
CRESY,$11.68,1439835659536,"4,889",100% bearish,of 1 rating,$19
CCRN,$14.13,1439835659559,"118,100",100% bearish,of 1 rating,$14.25
CRTO,$46.895,1439835659593,"114,869",67% bullish,of 6 ratings,$64
CRWS,$8.18,1439835659623,"5,539",Not yet rated,NULL,$10
CRDS,$1.13,1439835659650,"7,239",50% bullish,of 4 ratings,$4.50
CRWN,$4.8,1439835659847,"37,327",75% bullish,of 4 ratings,N/A
CYRXW,$0.95,1439835659984,"37,871",Not yet rated,NULL,N/A
CSGS,$32.3,1439835660114,"39,444",Not yet rated,NULL,$40
CTIC,$1.825,1439835660144,"233,276",84% bullish,of 76 ratings,$5.75
CCLP,$15,1439835660172,"21,657",67% bearish,of 3 ratings,$21
CYRX,$3,1439835660210,"42,668",Not yet rated,NULL,$9
CSPI,$6.181,1439835660243,"4,600",67% bullish,of 3 ratings,N/A
CTCM,$1.7701,1439835660303,"119,948",80% bearish,of 5 ratings,$3.90
CTIB,NULL,1439835660331,0,100% bearish,of 1 rating,N/A
CTRP,$72.32,1439835660476,"310,113",75% bullish,of 8 ratings,$92
CPIX,$6.03,1439835660544,"7,400",Not yet rated,NULL,N/A
CUNB,$22.64,1439835660639,"1,700",Not yet rated,NULL,$24.50
CUI,$5.57,1439835660671,"45,849",50% bullish,of 2 ratings,$10
CRIS,$2.86,1439835660725,"153,904",100% bullish,of 8 ratings,$6
CMLS,$1.3,1439835660771,"308,443",50% bullish,of 4 ratings,$6
CVBF,$17.59,1439835660904,"57,421",Not yet rated,NULL,$18
CYBR,$59.13,1439835661035,"750,679",86% bullish,of 7 ratings,$66
CVV,$12.88,1439835661067,"135,203",100% bullish,of 5 ratings,N/A
CUTR,$14.99,1439835661089,"13,699",67% bearish,of 3 ratings,$18
CYAN,$7.6129,1439835661121,"1,360",100% bearish,of 1 rating,N/A
CYBE,$5.6932,1439835661166,"2,049",100% bearish,of 1 rating,N/A
CYBX,$59.33,1439835661269,"78,417",50% bullish,of 4 ratings,$70
CYCC,$0.6199,1439835661297,"49,277",73% bullish,of 11 ratings,N/A
CYCCP,NULL,1439835661478,0,100% bearish,of 1 rating,N/A
CYNO,$34.261,1439835661511,"55,887",67% bearish,of 3 ratings,$45.50
CBAY,$2.68,1439835661551,"44,872",100% bullish,of 1 rating,$4
CYNA,$15.04,1439835661580,"5,723",100% bullish,of 1 rating,$33
CY,$10.27,1439835661606,"1,612,713",80% bullish,of 10 ratings,$15.50
CYRN,$1.66,1439835661739,"167,838",67% bullish,of 3 ratings,$4
CONE,$34.44,1439835661772,"465,978",67% bearish,of 3 ratings,$35
CYTX,$0.3924,1439835661866,"404,696",83% bullish,of 12 ratings,$5.50
CYTK,$6.72,1439835661896,"96,237",71% bullish,of 14 ratings,$13.50
CTSO,$7.63,1439835661995,"136,855",Not yet rated,NULL,$15.625
CYTR,$2.46,1439835662049,"326,850",67% bullish,of 6 ratings,$10
DAEG,$0.36,1439835662137,"32,900",100% bearish,of 1 rating,N/A
TVIZ,NULL,1439835662162,0,100% bearish,of 1 rating,N/A
TVIX,$5.53,1439835662324,"2,202,195",81% bullish,of 16 ratings,N/A
XIV,$48.37,1439835662463,"3,711,600",75% bearish,of 4 ratings,N/A
ZIV,$50.05,1439835662522,"44,111",Not yet rated,NULL,N/A
DJCO,$210.45,1439835662549,"7,903",Not yet rated,NULL,N/A
DARA,$0.9,1439835662570,"47,003",83% bullish,of 6 ratings,$1.50
DAIO,$2.7028,1439835662606,"1,512",Not yet rated,NULL,N/A
DAKT,$12.28,1439835662628,"56,026",50% bullish,of 2 ratings,$14
DTLK,$6.06,1439835662703,"25,718",100% bearish,of 1 rating,$9
DRAM,$1.494,1439835662874,100,78% bullish,of 9 ratings,N/A
DBVT,$42.2514,1439835663013,"34,674",100% bearish,of 1 rating,$53
DTEA,$14.11,1439835663040,"119,239",100% bearish,of 2 ratings,$24
DWCH,$5.21,1439835663064,"13,261",75% bullish,of 4 ratings,$8.25
PLAY,$37.3,1439835663095,"56,272",100% bullish,of 5 ratings,$42
DWSN,$5.105,1439835663126,"21,566",67% bullish,of 3 ratings,$6
TRAK,$62.23,1439835663226,"51,299",50% bullish,of 2 ratings,$62.50
DHRM,$1.73,1439835663378,75,Not yet rated,NULL,N/A
TACOW,$4.5,1439835663441,"24,209",100% bullish,of 1 rating,N/A
DFRG,$15.3808,1439835663478,"44,513",100% bearish,of 1 rating,$20
TACO,$13.715,1439835663545,"239,931",100% bullish,of 3 ratings,$20
DCTH,$0.4918,1439835663570,"152,209",78% bullish,of 9 ratings,N/A
DELT,$2.4999,1439835663596,535,Not yet rated,NULL,N/A
DGAS,$20.2045,1439835663650,540,67% bearish,of 3 ratings,N/A
DELTW,$0.17,1439835663848,"2,500",Not yet rated,NULL,N/A
XRAY,$56.809,1439835663884,"128,803",100% bullish,of 1 rating,$58
DENN,$12.5,1439835663937,"123,749",100% bullish,of 3 ratings,$15
DSCI,$6.68,1439835663978,"57,059",50% bullish,of 2 ratings,$16
DEPO,$31.536,1439835664010,"309,707",60% bullish,of 5 ratings,$32
DEST,$12.15,1439835664107,"21,739",50% bullish,of 2 ratings,N/A
DERM,$25.09,1439835664133,"68,825",100% bearish,of 1 rating,$23
DSWL,NULL,1439835664262,0,100% bullish,of 1 rating,N/A
DXLG,$4.9,1439835664288,"2,783",100% bearish,of 1 rating,$8
DHXM,NULL,1439835664541,0,Not yet rated,NULL,N/A
DXCM,$97.57,1439835664611,"309,720",57% bullish,of 7 ratings,$98
DMND,$32.153,1439835664639,"36,128",75% bullish,of 12 ratings,$32
FANG,$72.02,1439835664667,"298,150",50% bullish,of 2 ratings,$86
DXM,$0.3204,1439835664694,"52,495",50% bullish,of 2 ratings,N/A
DHIL,$191.13,1439835664826,585,Not yet rated,NULL,N/A
DCIX,$1.903,1439835664911,"14,748",50% bullish,of 4 ratings,$3.50
DRNA,$11.14,1439835664989,"35,420",67% bearish,of 3 ratings,$25
DRAD,$4,1439835665046,"7,547",100% bullish,of 1 rating,$5.25
DGLY,$7.74,1439835665075,"77,240",50% bullish,of 6 ratings,$20
DMRC,$37.57,1439835665152,"20,143",100% bearish,of 1 rating,$44
DGII,$10.06,1439835665181,"15,852",100% bearish,of 1 rating,$10
DCOM,$17.37,1439835665330,"21,087",100% bearish,of 2 ratings,$16.50
APPS,$2.325,1439835665356,"39,625",100% bearish,of 1 rating,$10.25
DIOD,$20.32,1439835665492,"46,839",75% bearish,of 4 ratings,$24
DPRX,$14.32,1439835665545,"12,102",100% bullish,of 2 ratings,$27.75
DISCA,$29.25,1439835665624,"706,501",67% bullish,of 3 ratings,$34
DISCB,NULL,1439835665715,0,100% bearish,of 1 rating,$35
DSCO,$0.475,1439835665862,"207,875",83% bullish,of 6 ratings,$2.75
DISCK,$27.645,1439835665898,"392,902",100% bearish,of 1 rating,$40
DISH,$66.75,1439835665992,"293,682",69% bullish,of 13 ratings,$73
DVCR,$11.85,1439835666019,"2,537",100% bullish,of 1 rating,N/A
DLHC,$2.5148,1439835666067,"1,050",100% bearish,of 1 rating,N/A
BAGR,$2.9242,1439835666096,"10,572",100% bearish,of 1 rating,$6
DNBF,NULL,1439835666229,0,Not yet rated,NULL,$27.50
DLTR,$78.36,1439835666257,"404,996",82% bullish,of 11 ratings,$88
DORM,$52.38,1439835666525,"59,832",100% bearish,of 1 rating,$56
DGICA,$14.69,1439835666550,"8,846",100% bearish,of 1 rating,$17
DGICB,$21.37,1439835666592,4,100% bearish,of 1 rating,N/A
DMLP,$14.6506,1439835666618,"20,500",100% bearish,of 1 rating,N/A
HILL,$5.45,1439835666755,"189,535",60% bearish,of 5 ratings,$8
DRWI,$0.31,1439835666783,"62,600",60% bullish,of 5 ratings,$.45
DWA,$19.603,1439835666833,"130,434",63% bullish,of 8 ratings,$26
DRWIW,NULL,1439835666861,0,Not yet rated,NULL,N/A
DRYS,$0.3669,1439835667005,"1,453,177",77% bullish,of 31 ratings,$.60
DSKX,$3.397,1439835667097,"1,053,159",100% bullish,of 1 rating,N/A
CADT,NULL,1439835667131,0,Not yet rated,NULL,N/A
DSPG,$8.99,1439835667196,"11,123",100% bearish,of 1 rating,$13.50
CADTR,$0.195,1439835667225,300,Not yet rated,NULL,N/A
CADTU,NULL,1439835667326,0,Not yet rated,NULL,N/A
CADTW,NULL,1439835667418,0,Not yet rated,NULL,N/A
DTSI,$27.82,1439835667508,"39,183",100% bearish,of 2 ratings,$39.50
DXPE,$30.1,1439835667647,"60,113",50% bullish,of 2 ratings,N/A
DRRX,$2.24,1439835667679,"91,876",50% bullish,of 6 ratings,$3
DYAX,$23.035,1439835667711,"215,751",89% bullish,of 9 ratings,$30
DNKN,$52.63,1439835667750,"163,229",67% bullish,of 15 ratings,$56.50
BOOM,$10.12,1439835667778,"16,803",67% bullish,of 3 ratings,$12
DYNT,$3,1439835667806,"3,050",75% bullish,of 4 ratings,N/A
DYSL,NULL,1439835667941,0,100% bullish,of 2 ratings,N/A
DVAX,$30,1439835667968,"115,387",70% bullish,of 10 ratings,$40
ETFC,$28.57,1439835668009,"601,726",57% bullish,of 14 ratings,$33
EGBN,$45,1439835668144,"96,519",Not yet rated,NULL,$48
EBMT,NULL,1439835668203,0,Not yet rated,NULL,$13.50
EGLE,$7.7,1439835668305,"10,850",60% bullish,of 5 ratings,N/A
EWBC,$45.26,1439835668466,"406,112",100% bearish,of 1 rating,$50
EROC,$1.5121,1439835668501,"164,792",50% bullish,of 2 ratings,$3
EGRX,$72.93,1439835668537,"210,721",67% bullish,of 3 ratings,$97
ELNK,$9.315,1439835668568,"355,069",80% bullish,of 5 ratings,$9.50
EACQU,$10.05,1439835668636,900,Not yet rated,NULL,N/A
EML,$17.2001,1439835668661,"2,577",Not yet rated,NULL,N/A
EBAY,$28.13,1439835668693,"3,081,474",81% bullish,of 117 ratings,$48
EVBS,NULL,1439835668791,0,Not yet rated,NULL,$7
EBIX,$30.85,1439835668896,"34,099",69% bullish,of 13 ratings,$40
ELON,$0.57,1439835668933,"36,302",50% bullish,of 2 ratings,N/A
ECTE,$1.5,1439835668992,"61,472",75% bullish,of 4 ratings,N/A
ECHO,$25.01,1439835669091,"83,002",67% bearish,of 3 ratings,$36
SATS,$46.71,1439835669194,"28,933",50% bullish,of 2 ratings,$60
EEI,$11.1475,1439835669378,"1,284",67% bearish,of 3 ratings,N/A
ECACU,$10.02,1439835669444,"1,100",Not yet rated,NULL,N/A
ESES,$3.5,1439835669474,"5,727",100% bearish,of 1 rating,$7
EDAP,$3.65,1439835669496,"18,153",60% bullish,of 5 ratings,$4.50
EDGW,$7.1,1439835669532,258,100% bearish,of 1 rating,N/A
EFUT,$4.719,1439835669554,"3,099",Not yet rated,NULL,N/A
EDUC,$4.652,1439835669627,"1,800",100% bearish,of 1 rating,N/A
EGAN,$3.5,1439835669869,"75,441",50% bullish,of 2 ratings,$6.25
EGLT,$12.65,1439835669899,"42,721",50% bullish,of 2 ratings,$21
LOCO,$14.8001,1439835669921,"1,134,311",69% bullish,of 13 ratings,$23
EHTH,$15,1439835669957,"64,022",50% bullish,of 4 ratings,$16.50
EMITF,$1.29,1439835670049,"9,308",75% bullish,of 4 ratings,N/A
ESLT,$81.98,1439835670076,"4,027",100% bullish,of 2 ratings,N/A
ERI,$9.83,1439835670154,"131,765",100% bearish,of 1 rating,$10
EFII,$46.065,1439835670324,"40,634",80% bullish,of 5 ratings,$55
ESIO,$4.64,1439835670371,"59,292",50% bullish,of 2 ratings,$10
ELRC,$10.34,1439835670402,"4,690",100% bearish,of 1 rating,N/A
ELEC,NULL,1439835670430,0,Not yet rated,NULL,N/A
ELSE,$4.08,1439835670461,"5,348",60% bullish,of 5 ratings,N/A
EA,$73.451,1439835670500,"989,402",77% bullish,of 35 ratings,$80
ELECU,NULL,1439835670658,0,Not yet rated,NULL,N/A
ELECW,NULL,1439835670686,0,Not yet rated,NULL,N/A
EBIO,$4.0001,1439835670747,"957,399",100% bearish,of 2 ratings,$8.35
CAPX,NULL,1439835670843,0,Not yet rated,NULL,N/A
RDEN,$10.29,1439835670873,"36,697",100% bearish,of 4 ratings,$15
ESBK,NULL,1439835670947,0,Not yet rated,NULL,N/A
LONG,$17.1,1439835671006,"86,390",67% bullish,of 3 ratings,$15.75
EMCI,$24.45,1439835671178,"4,129",Not yet rated,NULL,N/A
ELTK,$1.14,1439835671204,"2,495",67% bearish,of 3 ratings,N/A
EMKR,$7.37,1439835671232,"470,589",75% bullish,of 4 ratings,$8.50
EMMSP,$3.38,1439835671475,400,100% bearish,of 1 rating,N/A
EMMS,$1.2,1439835671542,"29,995",67% bullish,of 6 ratings,N/A
EMCF,NULL,1439835671606,0,100% bearish,of 1 rating,N/A
NYNY,$4.55,1439835671677,"15,580",50% bullish,of 2 ratings,N/A
ERS,$3.06,1439835671702,"7,116",Not yet rated,NULL,N/A
ENTA,$41.47,1439835671732,"49,359",50% bullish,of 2 ratings,$42
ECPG,$40.57,1439835671757,"44,026",100% bullish,of 2 ratings,$52
WIRE,$33.78,1439835671904,"24,865",100% bearish,of 1 rating,$41
ENDP,$86.23,1439835672008,"557,655",50% bullish,of 6 ratings,$104
ELGX,$12.98,1439835672362,"336,423",75% bullish,of 4 ratings,$17
EIGI,$16.43,1439835672384,"200,573",67% bearish,of 3 ratings,$20
EFOI,$16.2,1439835672407,"712,297",50% bullish,of 2 ratings,$17
ECYT,$5.42,1439835672443,"108,105",83% bullish,of 6 ratings,$12
ERII,$2.89,1439835672471,"37,454",80% bullish,of 5 ratings,$2.50
EXXI,$1.71,1439835672492,"434,586",86% bullish,of 7 ratings,$3.50
WATT,$7.095,1439835672542,"70,397",50% bullish,of 2 ratings,$13
ENG,$1.1,1439835672708,"14,242",100% bullish,of 3 ratings,N/A
ENOC,$8.97,1439835672811,"77,277",75% bullish,of 4 ratings,$18
ENPH,$5.55,1439835672843,"155,719",75% bullish,of 4 ratings,$11
ENFC,NULL,1439835672865,0,Not yet rated,NULL,N/A
ESGR,$161.6,1439835672900,"17,599",100% bearish,of 1 rating,$185
ENTG,$14.7301,1439835672930,"224,962",100% bearish,of 1 rating,$18
ENTL,$22.73,1439835672998,"5,252",Not yet rated,NULL,$28
ETRM,$0.2714,1439835673143,"508,043",69% bearish,of 35 ratings,$1.625
EBTC,$20.98,1439835673362,306,Not yet rated,NULL,N/A
ENVI,$1.83,1439835673389,"20,700",67% bullish,of 3 ratings,N/A
EGT,$2.21,1439835673415,253,100% bullish,of 1 rating,N/A
EFSC,$24.85,1439835673446,"10,489",Not yet rated,NULL,$27
EPRS,$5.235,1439835673546,"28,494",82% bullish,of 11 ratings,$15
ENZY,$8.8,1439835673573,"21,577",67% bullish,of 3 ratings,$9.50
ENZN,$1.14,1439835673599,"703,271",100% bullish,of 9 ratings,N/A
EPIQ,$13.96,1439835673627,"19,179",100% bearish,of 1 rating,$18
EAC,$3.38,1439835673839,"1,279",100% bearish,of 1 rating,$7.50
PLUS,$75.54,1439835673864,"41,506",50% bullish,of 2 ratings,$88
EQIX,$282.98,1439835673892,"92,205",67% bullish,of 3 ratings,$312.50
EPZM,$18.36,1439835673919,"75,147",60% bullish,of 5 ratings,$34
EQFN,$8.3601,1439835673947,"2,000",Not yet rated,NULL,N/A
ERIC,$10.41,1439835674103,"613,213",63% bullish,of 8 ratings,$13.30
ESCR,$0.2299,1439835674275,"6,831",50% bullish,of 2 ratings,N/A
ESMC,$1.31,1439835674308,606,Not yet rated,NULL,N/A
ESCA,$18.72,1439835674335,"3,466",100% bearish,of 1 rating,$22
ESCRP,$1.6592,1439835674360,"5,485",100% bearish,of 1 rating,N/A
ERIE,$86.85,1439835674408,"6,758",Not yet rated,NULL,$73
ESPR,$75.85,1439835674437,"805,848",56% bearish,of 9 ratings,$130
ESSA,$12.79,1439835674539,"2,699",100% bearish,of 1 rating,N/A
ESND,$36.44,1439835674670,"32,278",100% bearish,of 1 rating,$40
EPIX,NULL,1439835674700,0,Not yet rated,NULL,N/A
ETSY,$17.34,1439835674759,"436,214",80% bullish,of 5 ratings,$16
CLWT,$2.45,1439835674854,110,100% bearish,of 1 rating,N/A
ESSX,$0.46,1439835674895,"25,063",50% bullish,of 2 ratings,N/A
EEFT,$68.53,1439835674955,"35,304",100% bearish,of 1 rating,$67.50
ESEA,$6.45,1439835674981,279,100% bullish,of 1 rating,$15
EVK,$3.74,1439835675174,"2,884",75% bearish,of 4 ratings,N/A
EVEP,$9.2099,1439835675211,"230,909",50% bullish,of 2 ratings,$15
EVOL,$6.32,1439835675279,"10,188",75% bullish,of 4 ratings,$10
EVLV,$2.28,1439835675313,"28,201",60% bullish,of 5 ratings,$6.50
EXAS,$23.65,1439835675339,"200,065",78% bullish,of 9 ratings,$31
EVOK,$4.6301,1439835675407,"4,266",100% bearish,of 1 rating,$13.75
EXA,$10.645,1439835675475,"22,890",100% bearish,of 1 rating,$13
EXAC,$18.77,1439835675503,"28,573",100% bearish,of 1 rating,$22.50
EXEL,$5.9636,1439835675639,"797,676",81% bullish,of 16 ratings,$6
EXFO,$2.91,1439835675722,"1,500",67% bearish,of 3 ratings,$3.95
EXPD,$49.15,1439835675852,"302,468",80% bullish,of 5 ratings,$50.50
EXPE,$122.46,1439835675882,"233,995",64% bullish,of 11 ratings,$130
EXLS,$37.47,1439835675904,"19,964",100% bullish,of 1 rating,$41
EXPO,$44.15,1439835675986,"15,380",100% bearish,of 1 rating,$45.50
ESRX,$89.13,1439835676038,"701,795",67% bearish,of 6 ratings,$101
EXLP,$20.59,1439835676068,"62,738",100% bearish,of 1 rating,$27
EXTR,$3,1439835676129,"312,081",80% bullish,of 5 ratings,$3
EYEG,$4.5268,1439835676169,"55,462",Not yet rated,NULL,N/A
EYEGW,NULL,1439835676300,0,Not yet rated,NULL,N/A
EZPW,$6.19,1439835676332,"86,717",50% bullish,of 4 ratings,$7.50
EZCH,$21.66,1439835676360,"96,260",75% bullish,of 8 ratings,$19.50
FB,$93.751,1439835676390,"8,539,696",73% bullish,of 1063 ratings,$111
FFIV,$133.68,1439835676429,"183,335",71% bullish,of 7 ratings,$132
FCS,$14.52,1439835676626,"209,251",67% bearish,of 3 ratings,$17
FRP,$17.78,1439835676697,"72,873",100% bearish,of 1 rating,$18
DAVE,$15.1,1439835676830,"31,433",100% bearish,of 1 rating,$15.50
FWM,$2.36,1439835676863,"99,670",100% bearish,of 2 ratings,$3.20
FMNB,$8.17,1439835676899,"10,068",Not yet rated,NULL,N/A
FALC,$1.673,1439835676925,"31,243",63% bearish,of 8 ratings,N/A
FFKT,$27.22,1439835676968,"9,306",Not yet rated,NULL,$29
FARM,$23.58,1439835677066,"6,760",100% bearish,of 1 rating,$35
FATE,$7.6,1439835677095,"10,003",100% bearish,of 1 rating,$11
FARO,$42.22,1439835677168,"38,571",50% bullish,of 2 ratings,$48
FBSS,NULL,1439835677333,0,Not yet rated,NULL,N/A
FAST,$40.4,1439835677399,"336,949",80% bullish,of 5 ratings,$46
FNHC,$24.61,1439835677466,"24,599",100% bearish,of 1 rating,$35
FDML,$9.76,1439835677487,"42,903",50% bullish,of 4 ratings,$14
FBRC,$23.08,1439835677521,"3,004",100% bearish,of 1 rating,$29
FHCO,$1.53,1439835677569,"15,484",50% bullish,of 4 ratings,N/A
FEIC,$81.61,1439835677621,"158,894",50% bullish,of 2 ratings,$95.50
FCSC,$6.66,1439835677816,"49,733",100% bearish,of 1 rating,$8.125
FENX,$9.95,1439835677873,"34,449",100% bullish,of 1 rating,$14.25
FGEN,$25.33,1439835677902,"303,340",100% bearish,of 1 rating,$39
ONEQ,$199.67,1439835677937,"40,081",100% bullish,of 1 rating,N/A
FDUS,$14.94,1439835677968,"19,194",100% bullish,of 1 rating,$18
LION,$20.66,1439835678033,"104,330",100% bullish,of 1 rating,$20
FRGI,$55.61,1439835678061,"84,821",50% bullish,of 2 ratings,$70
FSAM,$8.87,1439835678095,"8,916",100% bearish,of 1 rating,$11
FSC,$6.515,1439835678279,"245,029",75% bullish,of 4 ratings,$8
FSCFL,$24.958,1439835678327,"1,800",Not yet rated,NULL,N/A
FSFR,$9.17,1439835678481,"73,043",100% bearish,of 1 rating,$11.50
FNGN,$36.675,1439835678512,"79,919",67% bullish,of 3 ratings,$47
FITBI,$27.82,1439835678542,"8,345",Not yet rated,NULL,N/A
FNSR,$17.64,1439835678585,"350,199",86% bullish,of 7 ratings,$25
FITB,$21.19,1439835678617,"1,229,111",54% bullish,of 13 ratings,$22
FISI,$24.6,1439835678643,"105,764",100% bullish,of 2 ratings,$24.50
FNJN,$1.7999,1439835678720,"16,933",100% bearish,of 1 rating,$5
FNTCU,NULL,1439835678939,0,Not yet rated,NULL,N/A
FEYE,$43.3601,1439835678967,"1,221,043",87% bullish,of 15 ratings,$55.50
FNTCW,NULL,1439835678996,0,Not yet rated,NULL,N/A
FNLC,$18.82,1439835679130,"7,300",100% bullish,of 1 rating,N/A
FNTC,NULL,1439835679181,0,Not yet rated,NULL,N/A
FBNC,$17.46,1439835679205,"7,600",100% bullish,of 1 rating,$20
FRBA,$5.992,1439835679230,"5,550",Not yet rated,NULL,$8
BUSE,$6.45,1439835679454,"15,338",Not yet rated,NULL,$6.875
FBIZ,$44,1439835679482,"4,162",100% bearish,of 2 ratings,$52
FCVA,NULL,1439835679516,0,Not yet rated,NULL,N/A
FCAP,$26.12,1439835679538,"4,166",Not yet rated,NULL,N/A
FCLF,$9.2,1439835679623,"1,200",Not yet rated,NULL,N/A
FCFS,$38.07,1439835679668,"28,061",100% bearish,of 2 ratings,$48
FCNCA,$253.31,1439835679696,"13,647",Not yet rated,NULL,N/A
FCCO,$12,1439835679826,101,Not yet rated,NULL,$13.25
FCBC,$18.18,1439835679910,"8,590",Not yet rated,NULL,$17
FDEF,$37.7,1439835680060,"10,991",Not yet rated,NULL,$38
FFBCW,NULL,1439835680197,0,100% bearish,of 1 rating,N/A
FFIN,$32.85,1439835680232,"11,948",50% bullish,of 2 ratings,$31.75
FBNK,$16.34,1439835680254,"3,283",100% bearish,of 1 rating,$17.50
FCFP,$7,1439835680330,"1,400",Not yet rated,NULL,N/A
FFBC,$19.13,1439835680359,"51,386",67% bearish,of 3 ratings,$20.25
FFNM,$6.42,1439835680389,400,Not yet rated,NULL,N/A
THFF,$33.985,1439835680495,"6,460",Not yet rated,NULL,$35
FFNW,$12.51,1439835680574,"2,876",Not yet rated,NULL,$14
FFWM,$21.33,1439835680627,"2,649",Not yet rated,NULL,$24
INBK,$36.49,1439835680682,"17,316",50% bullish,of 2 ratings,$37
FIBK,$28.16,1439835680713,"17,809",Not yet rated,NULL,$32
FRME,$26.3,1439835680811,"166,053",Not yet rated,NULL,$26.50
FMBH,$21.86,1439835680873,"3,157",Not yet rated,NULL,N/A
FNFG,$9.77,1439835681051,"515,685",80% bullish,of 5 ratings,$9
FNBC,$36.87,1439835681078,"35,895",Not yet rated,NULL,$41
FMBI,$18.5971,1439835681211,"55,412",Not yet rated,NULL,$20
FSGI,$2.5,1439835681237,"1,500",Not yet rated,NULL,N/A
FNWB,$12.33,1439835681268,"2,200",Not yet rated,NULL,N/A
FSLR,$51.605,1439835681290,"517,579",74% bullish,of 39 ratings,$65
FSFG,$31.49,1439835681371,"4,568",Not yet rated,NULL,N/A
FSBK,$7.9,1439835681425,"2,136",100% bullish,of 1 rating,N/A
FBZ,NULL,1439835681473,0,Not yet rated,NULL,N/A
BICK,NULL,1439835681628,0,100% bullish,of 1 rating,N/A
FTCS,$38.77,1439835681727,"12,697",Not yet rated,NULL,N/A
FCAN,$25.77,1439835681830,"1,965",Not yet rated,NULL,N/A
FCA,$23,1439835681894,"5,787",Not yet rated,NULL,N/A
FEMB,NULL,1439835681973,0,Not yet rated,NULL,N/A
FV,$24.889,1439835682000,"761,589",Not yet rated,NULL,N/A
IFV,$18.868,1439835682031,"345,272",100% bearish,of 1 rating,N/A
FTSM,$59.94,1439835682131,"9,739",100% bearish,of 1 rating,N/A
FEUZ,$32.5,1439835682157,100,Not yet rated,NULL,N/A
FGM,$37.5055,1439835682301,"2,856",Not yet rated,NULL,N/A
TDIV,$26.09,1439835682355,"27,665",100% bearish,of 1 rating,N/A
FTHI,$20.57,1439835682392,"1,106",Not yet rated,NULL,N/A
MDIV,$19.87,1439835682421,"76,666",Not yet rated,NULL,N/A
FTGC,$22.8499,1439835682454,"198,363",Not yet rated,NULL,N/A
HYLS,$49.8193,1439835682556,"162,427",100% bearish,of 1 rating,N/A
FHK,$35.98,1439835682628,"2,300",Not yet rated,NULL,N/A
FPXI,NULL,1439835682731,0,Not yet rated,NULL,N/A
YDIV,$17.206,1439835682791,"1,175",Not yet rated,NULL,N/A
SKYY,$30.65,1439835682887,"32,670",100% bullish,of 1 rating,N/A
CU,$13.3449,1439835682953,"1,212",100% bearish,of 1 rating,N/A
PLTM,$6.53,1439835682979,"1,053",100% bearish,of 1 rating,N/A
FTLB,NULL,1439835683055,0,100% bearish,of 1 rating,N/A
LMBS,NULL,1439835683144,0,Not yet rated,NULL,N/A
FJP,$50.51,1439835683173,"20,901",Not yet rated,NULL,N/A
FMB,$51.2,1439835683205,204,Not yet rated,NULL,N/A
QABA,$39.9799,1439835683226,"11,500",100% bearish,of 1 rating,N/A
FONE,$36.47,1439835683300,160,Not yet rated,NULL,N/A
CIBR,$19.69,1439835683407,"55,817",Not yet rated,NULL,N/A
GRID,$34.6299,1439835683437,107,100% bearish,of 1 rating,N/A
QCLN,$16.2566,1439835683577,"6,641",Not yet rated,NULL,N/A
CARZ,$37,1439835683651,"1,532",100% bearish,of 1 rating,N/A
QQEW,$44.36,1439835683739,"19,068",Not yet rated,NULL,N/A
RDVY,$22.5384,1439835683765,"10,796",Not yet rated,NULL,N/A
QQXT,$42.9308,1439835683895,"3,176",Not yet rated,NULL,N/A
AIRR,$17.11,1439835683922,"13,377",100% bearish,of 1 rating,N/A
QTEC,$42.44,1439835683953,"110,495",Not yet rated,NULL,N/A
QINC,$21.6399,1439835683992,"5,689",Not yet rated,NULL,N/A
FTSL,$48.92,1439835684054,"20,424",100% bearish,of 1 rating,N/A
FKO,NULL,1439835684134,0,Not yet rated,NULL,N/A
FSZ,$40.798,1439835684200,704,Not yet rated,NULL,N/A
FDIV,$47.6,1439835684232,"5,139",100% bearish,of 1 rating,N/A
FTW,$31.91,1439835684301,551,Not yet rated,NULL,N/A
TUSA,$26.3974,1439835684334,110,Not yet rated,NULL,N/A
FKU,$43.9899,1439835684469,"29,469",Not yet rated,NULL,N/A
FUNC,$8.3,1439835684602,500,Not yet rated,NULL,N/A
FISV,$90,1439835684662,"224,321",100% bearish,of 3 ratings,$90
FIVE,$37.57,1439835684739,"183,935",75% bearish,of 4 ratings,$44
SVVC,$10.6,1439835684769,"8,352",100% bullish,of 1 rating,$26
FMER,$18.82,1439835684798,"432,130",50% bullish,of 2 ratings,$20
FPRX,$19.14,1439835684837,"120,993",50% bullish,of 2 ratings,$35
FSV,$33.04,1439835684872,"3,863",Not yet rated,NULL,$33.60
FLKS,$14.56,1439835685040,"12,308",50% bullish,of 2 ratings,$27
FLML,$21.49,1439835685097,"119,506",50% bullish,of 2 ratings,$30
FIVN,$4.4799,1439835685125,"68,869",100% bullish,of 1 rating,$8.50
FLXN,$23.97,1439835685202,"19,668",100% bearish,of 1 rating,$39.50
SKOR,$50.43,1439835685268,20,Not yet rated,NULL,N/A
MBSD,NULL,1439835685360,0,Not yet rated,NULL,N/A
FLXS,$41.39,1439835685442,"11,186",100% bearish,of 2 ratings,N/A
FLEX,$11.175,1439835685470,"695,366",63% bullish,of 8 ratings,$12
FLIR,$30.56,1439835685496,"77,750",100% bearish,of 1 rating,$38.50
FFIC,$20.98,1439835685644,"9,576",Not yet rated,NULL,$21
FLDM,$12.85,1439835685713,"132,826",67% bearish,of 3 ratings,$21.50
FOMX,$10.55,1439835685741,"52,247",50% bullish,of 2 ratings,$23.50
FONR,$9.52,1439835685772,"1,138",100% bullish,of 1 rating,N/A
FES,$1.0099,1439835685876,920,50% bullish,of 2 ratings,$1
FOGO,$18.55,1439835685981,"74,968",50% bullish,of 2 ratings,$25.50
FORTY,$35,1439835686114,500,Not yet rated,NULL,N/A
FBIO,$3.09,1439835686174,"49,826",83% bullish,of 6 ratings,N/A
FORR,$32.33,1439835686225,"12,831",Not yet rated,NULL,N/A
FTNT,$47.64,1439835686268,"399,887",80% bullish,of 10 ratings,$52
FORM,$6.6247,1439835686294,"54,113",67% bullish,of 3 ratings,$10.50
FWRD,$48.66,1439835686358,"55,203",100% bearish,of 1 rating,$50
FORD,$1.1169,1439835686452,"487,833",50% bullish,of 2 ratings,N/A
FWP,$25.53,1439835686522,"14,111",100% bearish,of 1 rating,$45
FMI,$20.18,1439835686691,"83,521",100% bearish,of 2 ratings,$27.50
FRAN,$11.32,1439835686718,"300,712",50% bullish,of 4 ratings,$15
FOSL,$62.43,1439835686786,"325,759",50% bullish,of 4 ratings,$70
FELE,$30.22,1439835686860,"71,865",50% bullish,of 4 ratings,$33
FXCB,$17.69,1439835686887,412,Not yet rated,NULL,$19
FOXF,$15.85,1439835686909,"13,428",100% bearish,of 1 rating,$19
FRED,$14.47,1439835687044,"25,519",50% bullish,of 2 ratings,$16.50
FREE,$0.518,1439835687071,"1,010,480",92% bullish,of 12 ratings,N/A
RAIL,$22.12,1439835687122,"39,761",100% bearish,of 1 rating,$24.50
FTRPR,$108.71,1439835687290,"108,950",100% bearish,of 1 rating,N/A
FEIM,$10.96,1439835687321,910,100% bearish,of 1 rating,N/A
FTR,$5.59,1439835687347,"7,470,517",78% bullish,of 27 ratings,$6.25
FRPT,$14.71,1439835687388,"114,988",67% bearish,of 3 ratings,$23.50
FRPH,$31.06,1439835687413,606,100% bearish,of 1 rating,N/A
FSBW,$23.5,1439835687481,"2,772",Not yet rated,NULL,N/A
FTD,$30.68,1439835687641,"27,562",100% bearish,of 1 rating,$40
FSYS,$6.73,1439835687676,"15,129",67% bullish,of 3 ratings,$10
FCEL,$0.81,1439835687780,"292,946",88% bullish,of 40 ratings,$2.65
FULL,$3.21,1439835687867,"45,153",67% bearish,of 3 ratings,$4.25
FTEK,$2.31,1439835687918,"22,475",75% bullish,of 4 ratings,N/A
FULLL,$25.5,1439835687950,300,Not yet rated,NULL,N/A
FLL,$1.62,1439835687976,"14,203",75% bullish,of 4 ratings,$2.825
FULT,$13.16,1439835688048,"118,439",100% bearish,of 1 rating,$13
FFHL,$0.88,1439835688145,30,50% bullish,of 4 ratings,N/A
FXENP,$16.5,1439835688310,350,100% bearish,of 1 rating,N/A
FSNN,$2.6,1439835688340,"1,088",67% bullish,of 3 ratings,$6
WILC,$5.2149,1439835688366,"3,793",100% bullish,of 2 ratings,N/A
GK,$71.72,1439835688394,"25,487",Not yet rated,NULL,$78
FXEN,$1.02,1439835688442,"209,874",75% bullish,of 4 ratings,$1.10
GAIA,$6.01,1439835688574,"26,250",50% bullish,of 2 ratings,$8.50
GALT,$2.2499,1439835688641,"117,928",80% bullish,of 5 ratings,N/A
GLPG,$60.1,1439835688671,"4,905",100% bullish,of 1 rating,$75
GALTW,$0.7131,1439835688737,999,100% bullish,of 1 rating,N/A
GALE,$1.44,1439835688840,"302,489",89% bullish,of 47 ratings,$4
GLMD,$8.97,1439835688873,"9,051",67% bullish,of 3 ratings,$20.50
GALTU,NULL,1439835688911,0,100% bearish,of 1 rating,N/A
GPIC,$10.27,1439835688971,864,100% bearish,of 1 rating,N/A
GLPI,$33.46,1439835689013,"121,367",100% bearish,of 1 rating,$37.50
GRMN,$40.36,1439835689105,"177,304",50% bullish,of 6 ratings,$48
GGAC,$9.82,1439835689160,200,100% bearish,of 1 rating,N/A
GGACU,NULL,1439835689305,0,Not yet rated,NULL,N/A
GGACW,NULL,1439835689339,0,Not yet rated,NULL,N/A
GENC,$9.49,1439835689389,125,100% bearish,of 1 rating,N/A
GGACR,NULL,1439835689442,0,100% bullish,of 1 rating,N/A
GARS,$14.83,1439835689521,"9,365",Not yet rated,NULL,$16
GFN,$4.1,1439835689551,"27,050",100% bearish,of 2 ratings,$8
GFNCP,$93.77,1439835689614,100,Not yet rated,NULL,N/A
GNCMA,$18.22,1439835689641,"30,925",100% bearish,of 1 rating,$12
GFNSL,$26,1439835689882,200,Not yet rated,NULL,N/A
GENE,$2.7715,1439835689934,"94,265",100% bullish,of 12 ratings,N/A
GNMK,$9.52,1439835689964,"30,014",67% bullish,of 6 ratings,$14
GNTX,$15.955,1439835690066,"641,837",Not yet rated,NULL,$20
GNCA,$13.12,1439835690133,"49,060",100% bearish,of 1 rating,$20
GHDX,$26.39,1439835690159,"96,489",50% bullish,of 2 ratings,$30
THRM,$48.615,1439835690206,"73,428",75% bearish,of 4 ratings,$55.50
GNVC,$2.3871,1439835690332,"3,407",90% bullish,of 10 ratings,$8.50
GTWN,NULL,1439835690362,0,Not yet rated,NULL,N/A
GEOS,$15.97,1439835690391,"37,375",100% bearish,of 3 ratings,$25.50
GABC,$29.99,1439835690436,"5,455",Not yet rated,NULL,$31.50
GERN,$3.39,1439835690523,"828,249",88% bullish,of 16 ratings,$5.25
GEVO,$2.17,1439835690570,"127,661",75% bullish,of 12 ratings,N/A
ROCK,$18.665,1439835690670,"172,945",80% bullish,of 5 ratings,$24
GIGA,$1.4799,1439835690748,"13,114",100% bearish,of 1 rating,N/A
GIGM,$0.6581,1439835690804,"40,023",100% bullish,of 2 ratings,N/A
GIII,$69.67,1439835690902,"41,302",67% bullish,of 3 ratings,$75
GILT,$4.564,1439835690927,"5,044",50% bullish,of 2 ratings,N/A
GLAD,$8.3379,1439835691106,"46,741",50% bullish,of 2 ratings,$8.75
GLADO,$25.59,1439835691135,"2,190",Not yet rated,NULL,N/A
GBCI,$28.33,1439835691167,"20,753",50% bullish,of 2 ratings,$31
GILD,$116.46,1439835691198,"2,435,338",91% bullish,of 86 ratings,$129
GOOD,$15.98,1439835691271,"31,268",Not yet rated,NULL,$19
GOODN,$25.6,1439835691307,500,Not yet rated,NULL,N/A
GOODO,$25.223,1439835691374,550,Not yet rated,NULL,N/A
GOODP,$25.21,1439835691401,"1,163",Not yet rated,NULL,N/A
GAIN,$7.975,1439835691565,"100,399",100% bullish,of 2 ratings,$8.25
GAINN,$25.44,1439835691649,"69,295",Not yet rated,NULL,N/A
GAINO,$25.4801,1439835691675,915,Not yet rated,NULL,N/A
GAINP,$26.1305,1439835691804,"1,467",Not yet rated,NULL,N/A
LAND,$9.6006,1439835691854,"6,585",50% bullish,of 2 ratings,$13.75
GDEF,$10.54,1439835691939,1,Not yet rated,NULL,N/A
GLBZ,NULL,1439835691998,0,Not yet rated,NULL,N/A
ENT,$12.565,1439835692033,"53,471",100% bearish,of 1 rating,$18
GBT,$55.06,1439835692101,"284,167",Not yet rated,NULL,N/A
GBLI,$27.2,1439835692130,"2,004",Not yet rated,NULL,N/A
GPACU,NULL,1439835692157,0,Not yet rated,NULL,N/A
ACTX,NULL,1439835692331,0,100% bullish,of 1 rating,N/A
GSOL,$8.48,1439835692357,"11,275",100% bearish,of 1 rating,N/A
QQQC,$21.4453,1439835692389,"7,702",100% bearish,of 1 rating,N/A
SOCL,$18.7101,1439835692487,"13,383",100% bullish,of 2 ratings,N/A
ALTY,NULL,1439835692532,0,Not yet rated,NULL,N/A
YLCO,$12.3,1439835692717,915,Not yet rated,NULL,N/A
SRET,$13.8935,1439835692744,"3,225",Not yet rated,NULL,N/A
GLBS,$1.21,1439835692774,"3,218",67% bullish,of 3 ratings,N/A
GBIM,$2.3795,1439835692803,"60,575",50% bullish,of 2 ratings,N/A
GAI,$5.51,1439835692830,812,50% bullish,of 2 ratings,N/A
GSM,$14.2,1439835692876,"86,018",50% bullish,of 2 ratings,$24.50
GLUU,$4.7997,1439835692961,"843,951",92% bullish,of 26 ratings,$9
GLRI,$1.2,1439835693127,"4,862",100% bearish,of 1 rating,$6
GOGO,$16.385,1439835693182,"184,936",80% bullish,of 5 ratings,$25
GLNG,$38.6275,1439835693207,"454,527",83% bullish,of 6 ratings,$58
GLYC,$7.44,1439835693279,"8,376",50% bullish,of 2 ratings,$14
GMLP,$20.7069,1439835693422,"44,161",50% bullish,of 4 ratings,$33
GLDC,NULL,1439835693455,0,50% bullish,of 2 ratings,N/A
GDEN,$9.082,1439835693477,864,50% bullish,of 2 ratings,N/A
GOGL,$3.55,1439835693551,"80,083",75% bullish,of 4 ratings,$5
GTIM,$7.32,1439835693626,"26,598",Not yet rated,NULL,$11.50
GBDC,$16.61,1439835693661,"47,131",Not yet rated,NULL,$17.75
GOOGL,$691.6921,1439835693693,"371,735",88% bullish,of 1078 ratings,$747
GOOG,$658.46,1439835693758,"336,779",89% bullish,of 64 ratings,$795
GPRO,$58.35,1439835693787,"1,778,038",79% bullish,of 58 ratings,$72
GMAN,$4.735,1439835693927,"45,622",60% bullish,of 5 ratings,$8
GPIAU,NULL,1439835693998,0,Not yet rated,NULL,N/A
GPIA,NULL,1439835694024,0,Not yet rated,NULL,N/A
GRVY,$3.41,1439835694228,100,50% bullish,of 2 ratings,N/A
LOPE,$39.76,1439835694255,"94,621",100% bearish,of 2 ratings,$50
GPIAW,NULL,1439835694276,0,Not yet rated,NULL,N/A
GLDD,$5.59,1439835694478,"41,762",100% bearish,of 4 ratings,$7.75
GBSN,$2.43,1439835694503,"39,542",100% bearish,of 1 rating,$8.25
GBSNU,$16.5,1439835695315,"11,450",Not yet rated,NULL,N/A
GSBC,$42.65,1439835695415,"9,917",100% bullish,of 1 rating,$44
GNBC,$13.51,1439835695485,"4,614",100% bearish,of 1 rating,$17
GRBK,$14.66,1439835695677,"133,655",77% bullish,of 13 ratings,N/A
GPRE,$23.14,1439835695726,"221,020",67% bullish,of 6 ratings,$28.50
GPP,$14.9,1439835695759,"4,676",Not yet rated,NULL,$20.50
GLRE,$26.73,1439835695891,"39,559",100% bullish,of 1 rating,$41
GCBC,NULL,1439835695954,0,100% bullish,of 1 rating,N/A
GRPN,$4.4,1439835696033,"4,702,708",61% bullish,of 71 ratings,$6.75
OMAB,$43.2,1439835696169,"15,892",100% bullish,of 1 rating,$44
GRIF,NULL,1439835696196,0,100% bearish,of 1 rating,N/A
GRFS,$32.23,1439835696218,"153,666",50% bullish,of 2 ratings,$35
GGAL,$20.9125,1439835696251,"79,231",80% bullish,of 5 ratings,$40
GSIG,$13.66,1439835696351,"4,589",100% bearish,of 2 ratings,N/A
GSIT,$5.02,1439835696394,"4,938",100% bearish,of 1 rating,N/A
GSVC,$9.48,1439835696492,"18,560",50% bullish,of 2 ratings,$14.50
GBNK,$16.28,1439835696638,"6,658",100% bearish,of 1 rating,$18
GTXI,$0.95,1439835696666,"12,208",100% bullish,of 5 ratings,$.75
GFED,NULL,1439835696696,0,Not yet rated,NULL,$17
GUID,$9.16,1439835696834,"26,437",100% bearish,of 3 ratings,$10
GIFI,$12.02,1439835696883,"21,497",100% bearish,of 1 rating,$16
GULTU,$0.3772,1439835696913,"12,350",100% bearish,of 1 rating,N/A
GURE,$1.825,1439835697021,"60,374",88% bullish,of 8 ratings,N/A
GPOR,$35.695,1439835697051,"989,773",75% bullish,of 4 ratings,$55.50
GWPH,$114.206,1439835697129,"80,714",78% bullish,of 9 ratings,$148.50
GWGH,NULL,1439835697218,0,100% bearish,of 1 rating,$15.05
HLG,$9.44,1439835697267,153,100% bearish,of 1 rating,N/A
HEES,$17.35,1439835697328,"93,135",67% bearish,of 3 ratings,$31
GYRO,$2.85,1439835697366,600,100% bearish,of 1 rating,N/A
HNRG,$7.68,1439835697580,"46,490",100% bearish,of 1 rating,$10
HALL,$11.775,1439835697608,"27,431",Not yet rated,NULL,N/A
HALO,$19.82,1439835697639,"512,911",67% bullish,of 3 ratings,$22.50
HMPR,$1.99,1439835697739,"4,900",100% bullish,of 1 rating,N/A
HBK,$13.5,1439835697814,600,50% bullish,of 2 ratings,N/A
HBHC,$29.2,1439835697843,"74,695",50% bullish,of 2 ratings,$30
HBHCL,$24.6299,1439835697879,"16,030",Not yet rated,NULL,N/A
HNH,$28.86,1439835697976,883,100% bullish,of 1 rating,N/A
HNSN,$0.536,1439835698005,"112,313",88% bullish,of 8 ratings,$.40
HAFC,$26.04,1439835698149,"21,206",100% bullish,of 2 ratings,$28.50
HDNG,$9.87,1439835698178,"3,620",50% bullish,of 4 ratings,N/A
HQCL,$11.16,1439835698211,"2,710",67% bullish,of 3 ratings,N/A
HRMN,NULL,1439835698319,0,Not yet rated,NULL,N/A
HLIT,$5.835,1439835698351,"197,616",100% bearish,of 1 rating,$6.50
HRMNU,NULL,1439835698451,0,Not yet rated,NULL,N/A
TINY,$2.6,1439835698583,"9,434",50% bullish,of 2 ratings,$5.26
HRMNW,NULL,1439835698661,0,Not yet rated,NULL,N/A
HBIO,$4.61,1439835698716,"38,076",Not yet rated,NULL,$10
HART,$0.6698,1439835698749,"169,667",100% bearish,of 1 rating,N/A
HCAP,$12.4,1439835698845,"6,574",50% bullish,of 2 ratings,$15
HA,$25.92,1439835698875,"451,141",67% bullish,of 9 ratings,$27
HAS,$80.41,1439835698901,"201,383",63% bullish,of 8 ratings,$84.50
HCAPL,$25.74,1439835698945,"1,400",Not yet rated,NULL,N/A
HCOM,$23.49,1439835698971,"4,050",100% bearish,of 1 rating,$28
HWKN,$37.83,1439835699105,"5,712",Not yet rated,NULL,N/A
HWBK,NULL,1439835699162,0,100% bearish,of 1 rating,N/A
HAYN,$41,1439835699316,"29,952",100% bearish,of 1 rating,$59
HDS,$34.55,1439835699345,"389,866",100% bearish,of 2 ratings,$39.50
HIIQ,$4.85,1439835699447,"33,663",50% bullish,of 2 ratings,$7
HSTM,$25.785,1439835699616,"39,980",50% bullish,of 2 ratings,$33.75
HCSG,$34.87,1439835699642,"48,374",50% bullish,of 4 ratings,$35
HQY,$33.56,1439835699685,"122,458",67% bullish,of 3 ratings,$31
HWAY,$12.47,1439835699711,"73,711",100% bearish,of 1 rating,$15
HTLF,$37.6,1439835699785,"10,220",100% bullish,of 1 rating,$39.50
HTWR,$89.56,1439835699875,"81,775",50% bullish,of 2 ratings,$103
HTLD,$21.37,1439835699915,"75,607",Not yet rated,NULL,$22.50
HTBX,$5.67,1439835699978,"11,906",50% bullish,of 2 ratings,$15.50
HELE,$91.24,1439835700141,"30,241",67% bearish,of 3 ratings,$100
HMNY,NULL,1439835700167,0,100% bearish,of 1 rating,N/A
HSII,$20.48,1439835700189,"29,304",100% bullish,of 3 ratings,$25
HNNA,$23.2978,1439835700348,350,Not yet rated,NULL,N/A
HMTV,$13.45,1439835700378,"1,341",100% bearish,of 1 rating,$16
HCACU,NULL,1439835700449,0,Not yet rated,NULL,N/A
HERO,$0.0715,1439835700479,"1,055,352",81% bullish,of 16 ratings,$.75
HSIC,$145.42,1439835700511,"123,649",83% bullish,of 6 ratings,$146
HFWA,$18.38,1439835700544,"6,062",100% bullish,of 1 rating,$20
HTBK,$11.06,1439835700638,"11,400",Not yet rated,NULL,$12
MLHR,$29.38,1439835700746,"91,489",100% bullish,of 1 rating,$33.50
HEOP,$8.11,1439835700772,"9,725",Not yet rated,NULL,$8.50
HCCI,$13,1439835700851,"13,058",100% bearish,of 1 rating,$16.50
HRTX,$31.565,1439835700904,"139,199",67% bullish,of 6 ratings,$41
HSKA,$34.83,1439835700982,"25,912",100% bearish,of 1 rating,$38
HFFC,$16.51,1439835701036,302,Not yet rated,NULL,N/A
HIHO,$4.43,1439835701293,"11,545",Not yet rated,NULL,N/A
HIMX,$6.871,1439835701370,"413,381",85% bullish,of 20 ratings,$8.50
HIBB,$41.205,1439835701405,"62,888",100% bearish,of 1 rating,$48.50
HPJ,$2.86,1439835701527,"13,806",75% bullish,of 4 ratings,$12.43
HSGX,$6.68,1439835701556,"6,799",100% bearish,of 1 rating,$17
HIFS,$119.7,1439835701584,745,Not yet rated,NULL,N/A
HMNF,$11.5,1439835701634,20,Not yet rated,NULL,N/A
HMSY,$9.59,1439835701715,"563,081",67% bullish,of 3 ratings,$19.35
HOLI,$18.573,1439835701780,"309,737",50% bullish,of 4 ratings,$27
HOLX,$42.73,1439835701842,"940,138",67% bullish,of 3 ratings,$42
HOMB,$41.225,1439835701941,"107,552",Not yet rated,NULL,$41
HBCP,NULL,1439835701977,0,Not yet rated,NULL,$29
AWAY,$31.1,1439835702111,"191,110",67% bullish,of 3 ratings,$36
HMST,$22.2,1439835702270,"14,940",100% bullish,of 2 ratings,$27
HFBL,NULL,1439835702300,0,Not yet rated,NULL,N/A
HTBI,$18.76,1439835702326,"20,202",67% bullish,of 3 ratings,$18.625
HMIN,$29.715,1439835702357,"25,162",100% bearish,of 2 ratings,$35
HKTV,$5.23,1439835702389,968,100% bearish,of 1 rating,N/A
CETC,$0.99,1439835702453,"62,872",86% bullish,of 7 ratings,N/A
HFBC,$11.64,1439835702483,"2,822",Not yet rated,NULL,N/A
HOFT,$25.65,1439835702582,"12,377",100% bearish,of 1 rating,N/A
HZNP,$31.69,1439835702674,"897,166",85% bullish,of 20 ratings,$40
HBNC,$24.81,1439835702818,"5,845",100% bullish,of 1 rating,$27
ZINC,$8.81,1439835702844,"138,607",100% bearish,of 1 rating,$17
HRZN,$11.26,1439835702870,"16,586",100% bearish,of 1 rating,$14.25
HDP,$26.09,1439835702999,"159,717",67% bearish,of 3 ratings,$30.50
HMHC,$23.55,1439835703028,"123,099",Not yet rated,NULL,$27
HWCC,$7.27,1439835703061,"51,154",100% bearish,of 1 rating,$9
HOVNP,$5.1501,1439835703157,"1,202",100% bearish,of 1 rating,N/A
HBMD,$14.01,1439835703187,200,100% bearish,of 1 rating,N/A
HSNI,$63.53,1439835703288,"148,673",Not yet rated,NULL,$80
HTGM,$5.7835,1439835703347,"14,827",100% bearish,of 1 rating,$19.50
HCBK,$10.37,1439835703377,"334,708",83% bullish,of 6 ratings,$8.61
HUBG,$41.48,1439835703593,"31,383",100% bearish,of 1 rating,$43
HSON,$2.9,1439835703634,"30,584",100% bearish,of 1 rating,$5
HDSN,$3.1835,1439835703695,"8,460",100% bullish,of 1 rating,$6.25
HBAN,$11.835,1439835703766,"3,351,047",76% bullish,of 17 ratings,$12.50
HBANP,$1357,1439835703849,40,100% bearish,of 1 rating,N/A
HURN,$76.05,1439835703875,"55,949",50% bullish,of 2 ratings,$80
HURC,$31,1439835703919,"7,157",100% bearish,of 1 rating,N/A
HTCH,$1.66,1439835704058,"21,218",100% bearish,of 1 rating,$3.50
HDRA,NULL,1439835704088,0,Not yet rated,NULL,N/A
HBP,$3.15,1439835704193,"20,499",100% bullish,of 1 rating,N/A
HYGS,$7.72,1439835704229,"13,718",50% bullish,of 2 ratings,$13
HDRAW,NULL,1439835704250,0,Not yet rated,NULL,N/A
HDRAR,NULL,1439835704279,0,Not yet rated,NULL,N/A
HDRAU,NULL,1439835704300,0,Not yet rated,NULL,N/A
IDSY,$4.04,1439835704451,"1,675",100% bearish,of 1 rating,$7
IACI,$74.9,1439835704607,"153,103",75% bullish,of 4 ratings,$90
IKGH,$1.79,1439835704633,"34,695",75% bullish,of 4 ratings,N/A
ICAD,$3.52,1439835704691,"10,606",50% bullish,of 2 ratings,$7.25
IBKC,$64.2499,1439835704721,"47,906",100% bullish,of 1 rating,$70
IEP,$73.5988,1439835704831,"71,604",75% bullish,of 4 ratings,$99
IPWR,$7.89,1439835704864,"4,445",100% bullish,of 1 rating,$15
ICUI,$121.08,1439835704901,"39,776",Not yet rated,NULL,$122
ICLR,$79.72,1439835705004,"1,155,028",100% bearish,of 3 ratings,$82
ICON,$13.72,1439835705036,"306,956",50% bullish,of 2 ratings,$18.50
ICFI,$35.59,1439835705111,"16,016",50% bullish,of 2 ratings,$48.50
IDXX,$78.36,1439835705141,"142,298",100% bearish,of 1 rating,$77
IDRA,$2.715,1439835705189,"519,498",89% bullish,of 9 ratings,$6.50
IROQ,$16.6,1439835705289,"6,833",100% bullish,of 1 rating,N/A
INVE,$4.61,1439835705316,"109,823",75% bullish,of 4 ratings,$4
DSKY,$12.56,1439835705400,"72,477",67% bullish,of 6 ratings,$11.50
IRG,$4.59,1439835705503,"2,500",100% bearish,of 1 rating,$4.50
RXDX,$13.76,1439835705676,"91,377",100% bullish,of 1 rating,$20
IIVI,$17.8999,1439835705705,"73,415",100% bearish,of 1 rating,$22
KANG,$16.71,1439835705733,"60,800",50% bullish,of 2 ratings,$22.55
IKAN,$2.74,1439835705763,"11,551",83% bullish,of 6 ratings,$5
IKNX,$11.4,1439835705859,"1,270",100% bearish,of 1 rating,N/A
IMMR,$12.579,1439835705890,"30,429",80% bullish,of 5 ratings,$15.50
ILMN,$208,1439835705920,"395,733",80% bullish,of 5 ratings,$240
ISNS,$4.0721,1439835706022,"8,760",50% bullish,of 2 ratings,N/A
ICCC,$8.9018,1439835706113,"5,222",100% bullish,of 1 rating,N/A
IMDZ,$16.57,1439835706216,"26,821",100% bearish,of 1 rating,$33
IMNP,$1.59,1439835706242,"72,450",50% bullish,of 2 ratings,$6
IMGN,$14.36,1439835706271,"399,325",75% bullish,of 4 ratings,$17.50
IMMU,$1.83,1439835706371,"150,600",86% bullish,of 7 ratings,$2
SAAS,$8.005,1439835706547,"211,181",50% bullish,of 2 ratings,$15
IPXL,$46.3,1439835706574,"215,135",67% bullish,of 3 ratings,$46.50
IMMY,$7.7,1439835706621,"12,050",100% bearish,of 1 rating,$11
INCR,$44.49,1439835706648,"310,539",50% bullish,of 2 ratings,$53
INCY,$112.49,1439835706669,"807,022",50% bullish,of 6 ratings,$125.50
INDB,$49.2,1439835706704,"27,964",Not yet rated,NULL,$44
IBCP,$14.79,1439835706731,"17,611",100% bullish,of 1 rating,$14.50
IBTX,$44.06,1439835706863,"6,654",100% bullish,of 2 ratings,$47.25
IDSA,$3.743,1439835706928,"8,799",Not yet rated,NULL,N/A
INFN,$24.55,1439835706960,"689,965",71% bullish,of 7 ratings,$27.50
INFI,$9.57,1439835707065,"164,264",50% bullish,of 4 ratings,$18
IPCC,$78.84,1439835707099,"9,507",Not yet rated,NULL,$77
IFON,$1.35,1439835707241,"82,072",75% bullish,of 4 ratings,N/A
III,$4.24,1439835707270,"45,800",57% bullish,of 7 ratings,$6
IMKTA,$55.18,1439835707297,"43,847",100% bearish,of 1 rating,N/A
INNL,$13.01,1439835707377,"1,700",100% bearish,of 1 rating,$16.50
IOSP,$46.58,1439835707556,"27,698",100% bearish,of 1 rating,N/A
INOD,$2.5425,1439835707592,"1,465",100% bearish,of 1 rating,N/A
INWK,$7.71,1439835707619,"48,582",50% bullish,of 2 ratings,$10
IPHS,$51.59,1439835707649,"68,901",100% bearish,of 1 rating,$60
ISSC,$3,1439835707682,"3,700",67% bearish,of 3 ratings,N/A
ITEK,$15.7901,1439835707708,"1,071,622",67% bearish,of 3 ratings,$20
INGN,$50.49,1439835707760,"215,836",100% bearish,of 1 rating,$50.50
NSIT,$26.8,1439835707982,"31,160",50% bullish,of 2 ratings,N/A
INSM,$26.93,1439835708117,"113,450",71% bullish,of 7 ratings,$32
ISIG,$2.69,1439835708143,700,100% bearish,of 1 rating,N/A
INOV,$21.18,1439835708173,"88,048",100% bearish,of 1 rating,$33
INO,$7.7441,1439835708199,"529,165",89% bullish,of 18 ratings,$20
IIIN,$18.05,1439835708281,"3,704",100% bearish,of 2 ratings,N/A
INSY,$35.46,1439835708355,"323,072",75% bullish,of 4 ratings,$48
PODD,$30.43,1439835708381,"247,630",50% bullish,of 2 ratings,$35
NTEC,$6.05,1439835708534,"9,705",Not yet rated,NULL,N/A
IESC,$7.23,1439835708624,"4,466",100% bearish,of 1 rating,N/A
INTC,$29.115,1439835708685,"5,900,355",82% bullish,of 238 ratings,$36
ISSI,$22.4,1439835708707,"87,081",67% bullish,of 3 ratings,$19.75
IDTI,$19.4625,1439835708740,"438,523",60% bullish,of 5 ratings,$25
IART,$62.43,1439835708761,"73,999",100% bearish,of 1 rating,$71.50
IQNT,$17.77,1439835708891,"48,882",86% bullish,of 7 ratings,$20
IPCI,$2.26,1439835709023,"58,229",67% bullish,of 6 ratings,$7.75
IBKR,$42.47,1439835709054,"145,518",100% bullish,of 1 rating,N/A
ICLD,$1.97,1439835709079,"1,146,814",75% bullish,of 4 ratings,N/A
IPAR,$28.62,1439835709157,"57,751",67% bullish,of 3 ratings,$38
ININ,$40.6,1439835709259,"14,652",67% bearish,of 3 ratings,$57
ICPT,$212.45,1439835709324,"70,283",70% bullish,of 10 ratings,$363
ICLDW,$1.06,1439835709421,1,100% bearish,of 1 rating,N/A
IMI,$2.07,1439835709492,"10,257",67% bullish,of 3 ratings,$2.22
INAP,$8.79,1439835709521,"27,492",75% bullish,of 4 ratings,$11
TILE,$26.17,1439835709555,"391,204",67% bearish,of 3 ratings,$27
IDCC,$50.26,1439835709594,"98,511",75% bullish,of 4 ratings,$63
IBOC,$27.81,1439835709651,"34,267",100% bearish,of 1 rating,N/A
IGLD,$7.73,1439835709683,"3,300",50% bullish,of 2 ratings,N/A
ISCA,$33.93,1439835709795,"25,690",100% bearish,of 1 rating,N/A
IIJI,NULL,1439835709971,0,50% bullish,of 2 ratings,$11.50
INPH,$0.3363,1439835710051,"4,452",50% bullish,of 2 ratings,N/A
PTNT,$3.06,1439835710080,300,Not yet rated,NULL,N/A
INTX,$2.56,1439835710185,"25,273",67% bullish,of 3 ratings,N/A
ISIL,$11.01,1439835710211,"115,509",50% bullish,of 6 ratings,$15
XENT,$28.6,1439835710237,"43,174",50% bullish,of 2 ratings,$36.50
IVAC,$5.11,1439835710367,"4,634",Not yet rated,NULL,$6.625
IILG,$21.46,1439835710398,"17,367",100% bearish,of 1 rating,$30.50
ITCI,$31,1439835710425,"245,334",75% bearish,of 4 ratings,$40
INTL,$28.68,1439835710452,"24,924",67% bearish,of 3 ratings,N/A
INTLL,$25.7,1439835710584,"2,200",Not yet rated,NULL,N/A
ISRG,$530.89,1439835710715,"51,085",67% bullish,of 3 ratings,$600
INTU,$105.46,1439835710761,"231,199",100% bullish,of 7 ratings,$107.50
IIN,NULL,1439835710792,0,100% bearish,of 1 rating,$12
INVT,$0.291,1439835710813,"107,396",67% bullish,of 3 ratings,N/A
SNAK,$8.79,1439835710894,"24,694",50% bullish,of 2 ratings,$14
ITIC,$71.16,1439835711027,"2,448",100% bearish,of 2 ratings,N/A
IPAS,$1.07,1439835711162,"12,666",67% bullish,of 3 ratings,N/A
NVIV,$12.44,1439835711201,"114,030",50% bullish,of 4 ratings,$24.50
IVTY,$12.21,1439835711223,"7,100",Not yet rated,NULL,$18
ISTR,$15.8999,1439835711245,629,100% bearish,of 1 rating,$18.50
DTUL,NULL,1439835711285,0,Not yet rated,NULL,N/A
IPCM,$79.32,1439835711312,"48,983",50% bullish,of 2 ratings,$80.125
ISBC,$12.4,1439835711333,"590,069",100% bullish,of 1 rating,$13.25
DFVL,NULL,1439835711519,0,Not yet rated,NULL,N/A
IPGP,$91.58,1439835711546,"69,712",100% bearish,of 2 ratings,$109.50
IRMD,$26.24,1439835711602,"6,688",67% bearish,of 3 ratings,$25
IRIX,$6.94,1439835711817,"5,546",100% bearish,of 1 rating,N/A
IRDMB,NULL,1439835711902,0,67% bearish,of 3 ratings,N/A
IRBT,$31.32,1439835711936,"61,814",67% bullish,of 6 ratings,$37
GNMA,$50.0675,1439835711964,"3,286",Not yet rated,NULL,N/A
IRDM,$6.97,1439835711986,"132,345",60% bullish,of 5 ratings,$11.50
IRWD,$11.66,1439835712045,"466,522",100% bearish,of 1 rating,$13
IRCP,NULL,1439835712118,0,100% bullish,of 2 ratings,N/A
IFAS,$29.05,1439835712145,200,Not yet rated,NULL,N/A
COMT,$33.6101,1439835712334,"1,495",100% bearish,of 1 rating,N/A
IFGL,$30.1518,1439835712396,"75,206",Not yet rated,NULL,N/A
FCHI,$50.4573,1439835712430,250,Not yet rated,NULL,N/A
IFEU,$40.0795,1439835712455,"7,529",Not yet rated,NULL,N/A
IFNA,NULL,1439835712480,0,Not yet rated,NULL,N/A
ACWI,$59.27,1439835712778,"2,123,797",Not yet rated,NULL,N/A
AAXJ,$56.4,1439835712809,"245,442",Not yet rated,NULL,N/A
ACWX,$43.17,1439835712841,"287,769",100% bearish,of 1 rating,N/A
EMDI,NULL,1439835712868,0,Not yet rated,NULL,N/A
EEMA,$53.2499,1439835712905,"10,393",Not yet rated,NULL,N/A
AAIT,$30.622,1439835712935,200,100% bullish,of 1 rating,N/A
AXJS,NULL,1439835713005,0,Not yet rated,NULL,N/A
EEME,$39.6,1439835713032,"3,620",100% bearish,of 1 rating,N/A
EMEY,$25.71,1439835713257,214,Not yet rated,NULL,N/A
EVAL,$37.65,1439835713347,441,Not yet rated,NULL,N/A
EEML,$28.885,1439835713385,556,Not yet rated,NULL,N/A
EGRW,$49.7489,1439835713426,"3,904",Not yet rated,NULL,N/A
QAT,$22.05,1439835713479,"1,300",Not yet rated,NULL,N/A
IEUS,$47.43,1439835713553,"4,776",100% bearish,of 1 rating,N/A
IBB,$370.65,1439835713629,"422,463",63% bullish,of 8 ratings,N/A
EUFN,$23.214,1439835713660,"103,300",100% bearish,of 1 rating,N/A
UAE,$19.23,1439835713705,"1,050",Not yet rated,NULL,N/A
SOXX,$86.11,1439835713795,"113,685",50% bullish,of 2 ratings,N/A
EMIF,$30.34,1439835713899,"2,375",Not yet rated,NULL,N/A
ICLN,$10.25,1439835713928,"31,141",50% bullish,of 2 ratings,N/A
WOOD,$51.39,1439835714032,"10,897",50% bullish,of 2 ratings,N/A
INDY,$29.695,1439835714069,"271,997",100% bullish,of 1 rating,N/A
ISHG,$78.6501,1439835714097,"1,114",100% bearish,of 1 rating,N/A
IGOV,$90.2839,1439835714165,"4,130",100% bearish,of 1 rating,N/A
ISLE,$19.205,1439835714315,"112,385",50% bullish,of 4 ratings,$16
ISIS,$51.362,1439835714347,"346,046",53% bullish,of 15 ratings,$67
XXIA,$15.68,1439835714534,"155,859",71% bullish,of 7 ratings,$14.625
JJSF,$118.82,1439835714603,"9,145",100% bearish,of 1 rating,N/A
ITRI,$33.57,1439835714631,"43,360",Not yet rated,NULL,$37
ISRL,NULL,1439835714659,0,100% bearish,of 1 rating,N/A
ITRN,$25.84,1439835714690,"5,583",50% bullish,of 2 ratings,N/A
ITUS,$3.99,1439835714716,"1,013",Not yet rated,NULL,N/A
IXYS,$11.1,1439835714790,"48,394",50% bullish,of 4 ratings,N/A
MAYS,NULL,1439835714990,0,Not yet rated,NULL,N/A
JASO,$8.32,1439835715050,"767,243",82% bullish,of 17 ratings,$10
JCOM,$73.639,1439835715072,"92,089",100% bullish,of 2 ratings,$77
JKHY,$71.44,1439835715102,"92,016",50% bullish,of 2 ratings,$72
JBHT,$79.9,1439835715154,"142,955",50% bullish,of 4 ratings,$89.50
JACK,$87.71,1439835715181,"81,288",83% bullish,of 6 ratings,$105
JAXB,NULL,1439835715376,0,100% bullish,of 1 rating,N/A
JXSB,NULL,1439835715401,0,Not yet rated,NULL,N/A
JAGX,$2.7001,1439835715432,"1,300",Not yet rated,NULL,N/A
JAKK,$9.78,1439835715540,"101,362",60% bearish,of 5 ratings,$10.50
JRVR,$27.28,1439835715640,"10,280",Not yet rated,NULL,$27
JMBA,$14.09,1439835715696,"78,055",75% bullish,of 4 ratings,$18
ERW,$51.83,1439835715739,20,Not yet rated,NULL,N/A
JASN,$5.29,1439835715912,"17,540",50% bullish,of 2 ratings,$9.50
JAZZ,$185.35,1439835715943,"57,417",80% bullish,of 15 ratings,$206.50
JASNW,$0.3985,1439835715971,"3,050",50% bullish,of 2 ratings,N/A
JD,$27.43,1439835716043,"3,678,043",75% bullish,of 16 ratings,$36
JBLU,$24.31,1439835716103,"2,521,175",94% bullish,of 16 ratings,$27
JTPY,$2.978,1439835716150,"1,317",100% bearish,of 1 rating,N/A
JCTCF,NULL,1439835716179,0,100% bullish,of 1 rating,N/A
JST,$4.42,1439835716321,"12,059",75% bullish,of 4 ratings,N/A
DATE,$6.55,1439835716370,"58,769",75% bullish,of 4 ratings,$9
JIVE,$4.1,1439835716421,"111,184",75% bullish,of 4 ratings,$5
JOEZ,$0.1999,1439835716473,"108,014",92% bullish,of 12 ratings,N/A
WYIGU,$10.05,1439835716604,200,Not yet rated,NULL,N/A
JBSS,$48.3,1439835716672,"21,777",67% bearish,of 3 ratings,N/A
JUNO,$41.26,1439835716702,"717,280",73% bullish,of 11 ratings,$70
JNP,$9.81,1439835716756,"12,212",100% bullish,of 3 ratings,$15
KTWO,$21.31,1439835716832,"20,494",100% bearish,of 1 rating,$28.50
KALU,$85.72,1439835716859,"34,797",67% bearish,of 3 ratings,$91
JOUT,$25.3,1439835716880,"3,966",100% bearish,of 1 rating,$34
KBIO,$2.04,1439835717014,"9,187",50% bullish,of 4 ratings,N/A
KNDI,$7.028,1439835717172,"123,219",86% bullish,of 22 ratings,N/A
KBSF,$4.15,1439835717203,"8,550",100% bullish,of 1 rating,N/A
KPTI,$14.43,1439835717240,"692,180",67% bearish,of 3 ratings,$41
KMDA,$3.92,1439835717270,"1,500",50% bullish,of 2 ratings,$8
KCLI,$47.92,1439835717338,"6,702",Not yet rated,NULL,N/A
KCAP,$4.925,1439835717371,"38,119",75% bullish,of 4 ratings,$6.75
KELYA,$14.815,1439835717403,"24,283",67% bullish,of 6 ratings,$20
KRNY,$11.76,1439835717473,"520,239",100% bearish,of 1 rating,$12
KELYB,NULL,1439835717623,0,50% bullish,of 2 ratings,N/A
KERX,$6.37,1439835717782,"526,235",82% bullish,of 11 ratings,$12
KFFB,$8.34,1439835717841,"2,984",100% bearish,of 1 rating,N/A
