Symbol,Price,Date,Volume,Rating,RatingVoteCount,OneYearEstimate
FCCY,$11.45,1440094503014,902,100% bullish,of 1 rating,$13
TFSC,$9.73,1440094503048,400,100% bearish,of 1 rating,N/A
FCTY,NULL,1440094503094,0,100% bullish,of 1 rating,$8.50
TFSCU,NULL,1440094503122,0,Not yet rated,NULL,N/A
FLWS,$9.58,1440094503143,"115,626",100% bullish,of 5 ratings,$15
TFSCR,NULL,1440094503173,0,Not yet rated,NULL,N/A
PIH,$7.49,1440094503195,"3,740",100% bearish,of 1 rating,N/A
TFSCW,NULL,1440094503224,0,100% bearish,of 1 rating,N/A
SRCE,$30.165,1440094503373,"5,954",100% bullish,of 3 ratings,$33
TWOU,$34.875,1440094503511,"159,092",50% bullish,of 2 ratings,$39
VNET,$20.05,1440094503533,"239,047",60% bullish,of 5 ratings,$29.50
USLV,$15.2637,1440094503579,"260,038",86% bullish,of 7 ratings,N/A
DSLV,$58.4978,1440094503605,"9,067",100% bearish,of 1 rating,N/A
DGLD,$77.4,1440094503631,"7,703",100% bullish,of 1 rating,N/A
JOBS,$25.93,1440094503665,"100,070",50% bullish,of 4 ratings,$36
UGLD,$9.736,1440094503691,"185,955",100% bearish,of 1 rating,N/A
CAFD,$15.67,1440094503938,"76,782",Not yet rated,NULL,$25
SIXD,$2.03,1440094503968,"53,487",Not yet rated,NULL,N/A
AVHI,$13.88,1440094504074,"14,132",100% bearish,of 1 rating,$19
SHLM,$35.45,1440094504128,"42,544",100% bearish,of 1 rating,$50
EGHT,$8.3,1440094504175,"127,252",82% bullish,of 17 ratings,$11
ABAX,$47.6912,1440094504207,"82,332",100% bearish,of 1 rating,$60
ABGB,$3.99,1440094504261,"65,217",67% bullish,of 3 ratings,$5.50
AAON,$22.5196,1440094504291,"27,574",100% bearish,of 1 rating,$24
ABY,$20.88,1440094504391,"92,136",100% bearish,of 2 ratings,$46
ABEO,$5,1440094504470,"105,305",67% bullish,of 3 ratings,$15.50
ABMD,$103.04,1440094504502,"177,758",75% bullish,of 4 ratings,$100.50
ABEOW,$1.71,1440094504532,"1,450",100% bullish,of 1 rating,N/A
AXAS,$1.6566,1440094504608,"229,673",78% bullish,of 9 ratings,$3.50
ACAD,$37.17,1440094504694,"451,796",80% bullish,of 20 ratings,$48
ACTG,$8.745,1440094504720,"98,480",67% bullish,of 3 ratings,$18.50
ACHC,$76.89,1440094504742,"316,046",50% bullish,of 2 ratings,$92
AXDX,$18.48,1440094504899,"78,748",100% bearish,of 1 rating,N/A
ACST,$0.3602,1440094504927,"30,900",100% bullish,of 2 ratings,N/A
ARAY,$5.72,1440094505103,"685,967",100% bearish,of 1 rating,$10.50
XLRN,$29.57,1440094505140,"37,534",50% bullish,of 2 ratings,$57
VXUP,$17.9,1440094505235,"16,570",Not yet rated,NULL,N/A
ANCX,$19.009,1440094505262,"15,397",Not yet rated,NULL,$19
VXDN,$13.7,1440094505289,"3,515",Not yet rated,NULL,N/A
ACRX,$4.28,1440094505321,"131,039",67% bearish,of 6 ratings,$5.50
ACET,$25.01,1440094505392,"42,922",75% bullish,of 4 ratings,$30
AKAO,$7.07,1440094505456,"47,129",75% bullish,of 4 ratings,$15
ACIW,$22.34,1440094505532,"123,942",50% bullish,of 2 ratings,$24
ACHN,$8.05,1440094505588,"636,926",90% bullish,of 21 ratings,$16
ACNB,$20.15,1440094505666,472,Not yet rated,NULL,N/A
ACOR,$29.522,1440094505723,"120,976",67% bearish,of 3 ratings,$38.50
ACTS,$1.35,1440094505858,"32,585",100% bearish,of 1 rating,N/A
ATVI,$28.15,1440094505893,"2,299,262",68% bullish,of 84 ratings,$31.50
ACPW,$1.85,1440094505918,"8,035",100% bullish,of 4 ratings,$3.50
ACTA,$13.3495,1440094505990,"62,342",67% bearish,of 3 ratings,$25
ACXM,$20.4,1440094506019,"107,371",67% bullish,of 3 ratings,N/A
ADMS,$20.07,1440094506153,"39,664",100% bearish,of 2 ratings,$36
ACUR,$0.61,1440094506184,638,100% bullish,of 5 ratings,$1
ADMP,$3.5699,1440094506249,"4,337",50% bullish,of 2 ratings,$10
ADAP,$15.14,1440094506276,"29,513",67% bullish,of 3 ratings,$22
ADUS,$29.405,1440094506317,"45,456",100% bearish,of 1 rating,$31
AEY,$2.3858,1440094506352,"3,624",100% bearish,of 2 ratings,N/A
ADEP,$7.1,1440094506410,"13,777",50% bullish,of 2 ratings,$10.75
ADMA,$9.35,1440094506620,"2,221",Not yet rated,NULL,$19
ADBE,$83.39,1440094506648,"692,664",65% bullish,of 17 ratings,$90
ADRO,$20.58,1440094506697,"84,329",80% bullish,of 5 ratings,$45.50
ADTN,$15.665,1440094506724,"159,093",67% bullish,of 3 ratings,$17.125
AMD,$1.709,1440094506915,"5,554,488",83% bullish,of 102 ratings,$2
ADXSW,$9.97,1440094506944,"2,792",100% bullish,of 1 rating,N/A
ADXS,$14.29,1440094506971,"425,392",64% bullish,of 14 ratings,$27
AEIS,$25.515,1440094507001,"89,054",50% bullish,of 2 ratings,$32.50
AEGR,$17.95,1440094507098,"147,609",50% bullish,of 6 ratings,$26
AEGN,$18.62,1440094507130,"82,032",100% bearish,of 1 rating,$21
YPRO,$23.2299,1440094507158,"1,502",100% bearish,of 1 rating,N/A
MULT,NULL,1440094507179,0,100% bearish,of 1 rating,N/A
AEHR,$2.135,1440094507334,"2,194",50% bullish,of 2 ratings,N/A
AMTX,$3.52,1440094507395,"10,899",50% bullish,of 2 ratings,$26.11
AEPI,$57.4,1440094507461,"3,836",100% bearish,of 1 rating,N/A
AERI,$15.815,1440094507529,"183,016",75% bullish,of 4 ratings,$31.50
AEZS,$0.1061,1440094507563,"4,962,789",90% bullish,of 21 ratings,$1.50
AVAV,$24.7475,1440094507602,"66,033",50% bullish,of 4 ratings,$31
AEMD,$6.5801,1440094507630,"19,618",Not yet rated,NULL,$27.50
AGYS,$9.54,1440094507791,"12,054",100% bearish,of 1 rating,N/A
AGRX,$8.25,1440094507840,"21,382",100% bearish,of 1 rating,$17.50
AGEN,$7.335,1440094507922,"284,327",85% bullish,of 13 ratings,$14
AFMD,$10.3949,1440094507956,"118,035",50% bullish,of 4 ratings,$15
AGFS,$9.55,1440094507986,"128,182",100% bearish,of 1 rating,N/A
AFFX,$9.43,1440094508008,"103,009",80% bullish,of 5 ratings,$12
AGIO,$86.45,1440094508056,"202,680",88% bullish,of 8 ratings,$114
AIMT,$22.02,1440094508210,"99,212",Not yet rated,NULL,N/A
AGFSW,$1.75,1440094508238,"12,145",100% bearish,of 2 ratings,N/A
AIRT,$22.5,1440094508488,"2,119",100% bullish,of 1 rating,N/A
AMCN,$4.94,1440094508570,"316,799",83% bullish,of 6 ratings,N/A
ATSG,$9.3,1440094508598,"42,173",67% bullish,of 3 ratings,$13
AKBA,$6.415,1440094508631,"162,889",100% bearish,of 1 rating,$18
AKAM,$70.54,1440094508659,"727,022",63% bullish,of 8 ratings,$77
AIRM,$37.6,1440094508681,"80,536",80% bearish,of 5 ratings,$53
AIXG,$6.06,1440094508703,"5,978",67% bearish,of 3 ratings,$6
AKER,$2.8001,1440094508744,"4,727",Not yet rated,NULL,N/A
ALRM,$17.03,1440094508836,"117,700",100% bearish,of 1 rating,$22
AKRX,$42.05,1440094509026,"285,656",78% bullish,of 9 ratings,$56
ADHD,$8.6799,1440094509063,"105,585",50% bullish,of 4 ratings,$18
ALSK,$2.14,1440094509090,"37,050",78% bullish,of 18 ratings,$2
AMRI,$19.75,1440094509111,"105,495",75% bearish,of 4 ratings,$24
ABDC,$12.878,1440094509140,"6,686",Not yet rated,NULL,$15
ALXN,$181.32,1440094509380,"356,906",88% bullish,of 8 ratings,$223
ALDX,$7.72,1440094509417,"8,470",100% bearish,of 1 rating,$14.50
ALXA,$1.13,1440094509449,"10,120",83% bullish,of 6 ratings,$2.125
ALIM,$3.405,1440094509477,"28,159",80% bullish,of 5 ratings,$10
ALGN,$58.64,1440094509503,"192,674",100% bearish,of 2 ratings,$73
ALDR,$37.29,1440094509540,"160,723",67% bearish,of 3 ratings,$62
ALGT,$219.71,1440094509561,"52,697",100% bearish,of 1 rating,$235
ALCO,$42.87,1440094509608,"2,420",50% bullish,of 2 ratings,N/A
ALKS,$63.99,1440094509739,"242,946",67% bullish,of 3 ratings,$75
ALLB,$23.59,1440094509842,200,Not yet rated,NULL,N/A
AFOP,$17.88,1440094509981,"88,261",75% bullish,of 8 ratings,$21
AIQ,$14.71,1440094510077,"5,625",67% bullish,of 3 ratings,N/A
ARLP,$24.93,1440094510133,"89,162",67% bearish,of 3 ratings,$32
AHGP,$37.19,1440094510175,"28,506",67% bullish,of 3 ratings,N/A
AHPI,$1.44,1440094510207,"1,018",50% bullish,of 2 ratings,N/A
MDRX,$13.89,1440094510274,"697,865",60% bullish,of 5 ratings,$16
AMOT,$16.3651,1440094510300,"29,361",100% bearish,of 1 rating,N/A
AFAM,$47.095,1440094510576,"41,256",50% bullish,of 2 ratings,$44
SMCP,NULL,1440094510656,0,Not yet rated,NULL,N/A
AOSL,$7.2,1440094510681,"28,481",67% bullish,of 3 ratings,$9
ALLT,$5.04,1440094510959,"31,028",75% bullish,of 4 ratings,$6.25
ALTR,$48.81,1440094511033,"735,339",80% bearish,of 5 ratings,$54
ALQA,$4.4899,1440094511246,"17,697",75% bullish,of 4 ratings,$8.50
ALNY,$104.695,1440094511400,"322,418",67% bullish,of 3 ratings,$148.50
AMAG,$62.67,1440094511426,"97,053",100% bullish,of 2 ratings,$77.50
ASPS,$29.488,1440094511473,"32,412",67% bullish,of 3 ratings,$46.50
AMRN,$2.04,1440094511505,"1,202,515",85% bullish,of 39 ratings,$8
ATEC,$0.5998,1440094511527,"29,425",100% bullish,of 1 rating,$2
AMRK,NULL,1440094511605,0,50% bullish,of 2 ratings,$14
AYA,$21.93,1440094511743,"19,341",100% bearish,of 1 rating,$40
AMZN,$517.1719,1440094511787,"1,542,758",81% bullish,of 263 ratings,$646
AMBA,$98.8,1440094511841,"1,150,209",83% bullish,of 12 ratings,$102.50
AIMC,$25.745,1440094511871,"13,041",100% bearish,of 1 rating,$28.50
AMBCW,$7.4,1440094511904,"2,510",100% bearish,of 1 rating,N/A
AMBC,$15.86,1440094511969,"89,021",100% bearish,of 1 rating,$16.50
AMCX,$70.08,1440094512038,"441,732",67% bullish,of 3 ratings,$85.50
EPAX,$2.6785,1440094512065,"29,534",100% bearish,of 1 rating,N/A
DOX,$59.2,1440094512254,"94,848",100% bullish,of 2 ratings,$60
AMDA,$0.4825,1440094512292,"833,952",90% bullish,of 10 ratings,$1
ASBI,$22.65,1440094512433,600,Not yet rated,NULL,N/A
UHAL,$373.43,1440094512468,"5,985",100% bullish,of 2 ratings,$393.50
AMED,$41.24,1440094512494,"183,538",100% bearish,of 1 rating,$42
ATAX,$5.2996,1440094512569,"56,540",100% bullish,of 1 rating,$6.50
AMOV,$18.2486,1440094512597,"5,926",100% bearish,of 1 rating,N/A
AAL,$42.05,1440094512626,"3,262,986",93% bullish,of 87 ratings,$57
AGNC,$20.0101,1440094512657,"2,125,676",75% bullish,of 28 ratings,$22
AGNCB,$24.2,1440094512784,"15,600",Not yet rated,NULL,N/A
MTGE,$16,1440094512852,"92,294",75% bullish,of 4 ratings,$19.50
MTGEP,NULL,1440094512880,0,Not yet rated,NULL,N/A
AGNCP,$25.394,1440094512922,"1,672",Not yet rated,NULL,N/A
ACSF,$12.6616,1440094513019,"7,112",100% bearish,of 1 rating,$15
ANAT,$102.7,1440094513308,"5,155",100% bullish,of 1 rating,N/A
APEI,$21.7,1440094513334,"26,827",100% bearish,of 1 rating,$25.50
AETI,NULL,1440094513364,0,67% bearish,of 3 ratings,N/A
AMIC,NULL,1440094513389,0,Not yet rated,NULL,N/A
ACAS,$14.15,1440094513411,"617,440",60% bullish,of 5 ratings,$16.75
ANCI,$1.58,1440094513451,"2,500",100% bearish,of 1 rating,N/A
AMNB,$22.945,1440094513499,"4,274",Not yet rated,NULL,$25.50
ARII,$38.82,1440094513550,"94,361",67% bearish,of 3 ratings,$45
AMRB,$10,1440094513683,"1,217",Not yet rated,NULL,$11
ASEI,$39.74,1440094513712,"43,068",100% bearish,of 1 rating,$52.50
AMSC,$3.751,1440094513850,"16,291",50% bullish,of 4 ratings,N/A
AMWD,$60,1440094513877,"116,071",50% bullish,of 2 ratings,$58
AMSWA,$9.13,1440094513905,"6,028",100% bearish,of 2 ratings,$10.75
CRMT,$42.575,1440094514049,"15,290",100% bearish,of 1 rating,$49
ABCB,$27.7805,1440094514149,"22,512",Not yet rated,NULL,$31
ATLO,$23.6228,1440094514201,"2,259",Not yet rated,NULL,N/A
AMSF,$50.49,1440094514233,"29,706",Not yet rated,NULL,$57.50
ASRVP,NULL,1440094514266,0,Not yet rated,NULL,N/A
ASRV,$3.26,1440094514333,"1,460",100% bullish,of 2 ratings,N/A
AMGN,$162.97,1440094514364,"947,609",89% bullish,of 19 ratings,$185
FOLD,$15.445,1440094514429,"341,638",56% bullish,of 9 ratings,$21
AMKR,$4.265,1440094514530,"452,224",100% bearish,of 2 ratings,$5
AMPH,$14.22,1440094514629,"97,401",50% bullish,of 2 ratings,$20
AMSG,$82.2417,1440094514654,"119,349",100% bearish,of 1 rating,$85.50
ASYS,$5.42,1440094514784,"31,835",67% bullish,of 3 ratings,$12
AMSGP,NULL,1440094514814,0,Not yet rated,NULL,N/A
AMRS,$1.65,1440094514889,"39,805",70% bullish,of 10 ratings,N/A
ANAC,$132.35,1440094514919,"218,573",80% bullish,of 5 ratings,$180.50
AFSI,$63.69,1440094514944,"224,100",60% bullish,of 5 ratings,$72
ALOG,$83.725,1440094515099,"26,901",100% bearish,of 2 ratings,$100.50
ADI,$55.1875,1440094515127,"1,866,116",67% bullish,of 3 ratings,$69
ABCW,$39.99,1440094515265,"7,707",67% bullish,of 3 ratings,N/A
ANCB,NULL,1440094515292,0,Not yet rated,NULL,$23
ANAD,$0.3797,1440094515317,"134,101",100% bullish,of 2 ratings,$.50
ANGI,$4.36,1440094515483,"240,094",64% bullish,of 11 ratings,$5.50
AMCF,$0.2997,1440094515511,"1,484",100% bullish,of 7 ratings,N/A
ANGO,$14.75,1440094515543,"16,526",67% bullish,of 3 ratings,$19
ANSS,$93.79,1440094515683,"145,488",100% bearish,of 1 rating,$100
ANIP,$52.33,1440094515709,"108,830",89% bullish,of 19 ratings,$66
ATRS,$1.81,1440094515880,"176,014",92% bullish,of 12 ratings,$4.50
ANTH,$8.26,1440094515912,"463,593",80% bullish,of 10 ratings,$13
ABAC,$0.7708,1440094515946,"7,310",100% bearish,of 1 rating,N/A
ANIK,$34.95,1440094515968,"39,454",60% bullish,of 5 ratings,$51.25
ATNY,$2.35,1440094516012,"1,100",50% bullish,of 2 ratings,$3.75
APIC,$6.99,1440094516041,"153,256",100% bearish,of 1 rating,$19
APOG,$52.05,1440094516227,"55,720",100% bullish,of 1 rating,$62
APOL,$11.185,1440094516259,"489,641",87% bearish,of 68 ratings,$14
AINV,$6.54,1440094516358,"780,064",50% bullish,of 4 ratings,$8
APPF,$16.85,1440094516385,"18,130",50% bullish,of 2 ratings,$22
AAPL,$112.7556,1440094516596,"26,835,293",86% bullish,of 2335 ratings,$150
AGTC,$15.22,1440094516649,"87,039",50% bullish,of 2 ratings,$33
APDNW,$1.2,1440094516700,"3,745",Not yet rated,NULL,N/A
AAOI,$20.78,1440094516733,"152,245",50% bullish,of 4 ratings,$26
AMCC,$5.34,1440094516838,"164,766",80% bullish,of 5 ratings,$8
AMAT,$16.095,1440094516911,"4,032,821",82% bullish,of 11 ratings,$23
ARCI,$1.25,1440094516976,200,Not yet rated,NULL,N/A
AREX,$2.36,1440094517082,"256,833",100% bearish,of 1 rating,$3
APRI,$1.3499,1440094517110,"353,236",83% bullish,of 6 ratings,$4.86
APDN,$3.23,1440094517137,"30,789",Not yet rated,NULL,$9
AQMS,$5.1,1440094517271,"7,582",Not yet rated,NULL,N/A
AQXP,$15.84,1440094517419,"296,205",50% bullish,of 2 ratings,$2
APTO,$4.9,1440094517445,"5,700",Not yet rated,NULL,$17
AUMA,NULL,1440094517490,0,Not yet rated,NULL,N/A
AUMAU,NULL,1440094517520,0,Not yet rated,NULL,N/A
AUMAW,NULL,1440094517581,0,Not yet rated,NULL,N/A
ARDM,$7.01,1440094517619,"4,754",100% bullish,of 1 rating,$26
PETX,$17.01,1440094517714,"135,958",100% bearish,of 2 ratings,$26
ARCW,$3.64,1440094517747,"2,820",100% bearish,of 2 ratings,$10.50
ABIO,$0.8805,1440094517887,"55,885",50% bullish,of 2 ratings,$3.75
ABUS,$7.5,1440094517918,"205,344",86% bullish,of 14 ratings,$23
RKDA,$5.74,1440094518018,"4,168",100% bearish,of 2 ratings,$10
ARCB,$31.015,1440094518147,"84,496",50% bullish,of 2 ratings,$39.50
ACGL,$72.5978,1440094518178,"86,482",50% bullish,of 2 ratings,$72
ACAT,$28.04,1440094518284,"55,303",100% bearish,of 3 ratings,$33
ARCC,$15.83,1440094518311,"359,873",67% bearish,of 3 ratings,$17.875
ARDX,$17.56,1440094518337,"42,239",50% bullish,of 2 ratings,$24.50
ARNA,$2.8896,1440094518393,"1,037,353",90% bullish,of 77 ratings,$5.50
AGII,$58.42,1440094518566,"64,323",Not yet rated,NULL,$59.50
ARIS,$3.28,1440094518598,"2,825",Not yet rated,NULL,$4.50
AGIIL,$25.45,1440094518630,"2,817",Not yet rated,NULL,N/A
ARGS,$5.705,1440094518702,"83,774",50% bullish,of 2 ratings,$19.50
ARIA,$6.865,1440094518731,"1,055,887",87% bullish,of 46 ratings,$9
ARKR,NULL,1440094518805,0,50% bullish,of 2 ratings,N/A
ARMH,$41.695,1440094518865,"751,621",54% bearish,of 13 ratings,$61
ARTX,$1.5199,1440094519043,"114,053",88% bullish,of 16 ratings,$4.50
ARWAR,NULL,1440094519084,0,Not yet rated,NULL,N/A
ARWA,NULL,1440094519115,0,Not yet rated,NULL,N/A
ARWAU,NULL,1440094519142,0,100% bullish,of 1 rating,N/A
ARRY,$5.42,1440094519222,"367,120",100% bullish,of 7 ratings,$10
ARWAW,NULL,1440094519301,0,Not yet rated,NULL,N/A
ARQL,$1.66,1440094519330,"97,248",75% bullish,of 4 ratings,$5
ARRS,$27.32,1440094519356,"348,638",50% bullish,of 2 ratings,$38
AROW,$27.17,1440094519567,"6,103",Not yet rated,NULL,N/A
DWAT,$10.2556,1440094519596,800,100% bearish,of 1 rating,N/A
ARWR,$5.6003,1440094519649,"372,034",75% bullish,of 4 ratings,$10.50
ARTNA,$22.577,1440094519730,"16,620",100% bearish,of 1 rating,$29
ASBB,$23.72,1440094519786,305,Not yet rated,NULL,N/A
ARTW,$4.5099,1440094519811,300,75% bearish,of 4 ratings,N/A
ASNA,$11.585,1440094519863,"952,460",50% bullish,of 2 ratings,$18
ASND,$17.7,1440094519997,"18,564",100% bullish,of 1 rating,$30
ASCMA,$27.65,1440094520056,"40,095",100% bearish,of 1 rating,$45
ASMI,$36.57,1440094520193,300,50% bullish,of 2 ratings,N/A
ASML,$87.62,1440094520223,"587,741",67% bullish,of 3 ratings,$127
ASTI,$0.1201,1440094520244,"1,018,917",83% bullish,of 6 ratings,$3
APWC,$2,1440094520281,600,100% bearish,of 1 rating,N/A
AZPN,$38.58,1440094520378,"332,243",50% bullish,of 2 ratings,$42
ASMB,$12.96,1440094520450,"39,816",67% bullish,of 3 ratings,N/A
ASTE,$36.73,1440094520642,"19,092",100% bearish,of 1 rating,$48
ASFI,$9,1440094520671,"5,610",100% bullish,of 1 rating,N/A
ALOT,$13.14,1440094520698,"1,312",100% bearish,of 1 rating,N/A
ASTC,$2.2916,1440094520745,"17,658",100% bullish,of 5 ratings,N/A
ATRO,$53.78,1440094520881,"51,151",100% bearish,of 2 ratings,$80
ASUR,$5.7899,1440094520913,"5,578",100% bearish,of 1 rating,$8
ATRA,$43.61,1440094520941,"54,917",50% bullish,of 2 ratings,$68
ATAI,$3.02,1440094521019,"17,851",100% bearish,of 1 rating,N/A
AFCB,NULL,1440094521073,0,Not yet rated,NULL,N/A
ATHN,$135.89,1440094521099,"43,639",67% bearish,of 3 ratings,$153
ATHX,$1.19,1440094521125,"68,023",89% bullish,of 9 ratings,$5
AAPC,$10.2,1440094521255,170,Not yet rated,NULL,N/A
AAME,$3.6399,1440094521286,835,Not yet rated,NULL,N/A
ACFC,$6.22,1440094521387,"48,145",Not yet rated,NULL,$6.50
ATLC,$3.98,1440094521525,492,67% bullish,of 3 ratings,N/A
AAWW,$42.275,1440094521895,"234,115",50% bullish,of 2 ratings,$65
ATNI,$73.64,1440094521943,"23,115",100% bearish,of 1 rating,$69.50
ATML,$7.35,1440094521998,"2,127,648",78% bullish,of 9 ratings,$9.50
AFH,$17,1440094522084,"8,234",Not yet rated,NULL,$21.50
ATRC,$26.43,1440094522213,"32,325",100% bullish,of 1 rating,$30
ATRI,$394.45,1440094522239,501,Not yet rated,NULL,N/A
ATOS,$0.9198,1440094522269,"98,265",100% bullish,of 7 ratings,$7
ATTU,$14.52,1440094522296,"25,014",100% bearish,of 1 rating,$20.50
AUPH,$3.334,1440094522371,"3,450",100% bearish,of 1 rating,$8
LIFE,$14.7,1440094522507,"15,694",86% bullish,of 7 ratings,$43
ATRM,$2.87,1440094522544,690,50% bullish,of 2 ratings,N/A
AUDC,$3.23,1440094522576,"52,077",80% bullish,of 5 ratings,$5
AUBN,$27.21,1440094522650,100,Not yet rated,NULL,N/A
ADAT,$0.11,1440094522677,"50,455",100% bullish,of 2 ratings,N/A
EARS,$5.01,1440094522714,"35,045",100% bearish,of 2 ratings,$11.50
ABTL,$18.4901,1440094522739,"52,632",100% bullish,of 4 ratings,$20.25
AVGO,$116.75,1440094523079,"1,123,081",88% bullish,of 8 ratings,$160
ADP,$83,1440094523108,"763,271",100% bearish,of 1 rating,$88
AVNU,$12.48,1440094523148,"2,020",Not yet rated,NULL,$14
AAVL,$10.59,1440094523179,"176,462",100% bearish,of 1 rating,$20
ADSK,$53.25,1440094523240,"727,236",83% bullish,of 6 ratings,$69.50
AVNW,$1.12,1440094523270,"30,841",50% bullish,of 2 ratings,$2.20
AVEO,$1.41,1440094523291,"635,666",75% bullish,of 8 ratings,$3
AVID,$7.9,1440094523323,"105,210",100% bearish,of 1 rating,$20
ACLS,$3.415,1440094523564,"561,133",67% bullish,of 6 ratings,$4.75
CAR,$44.7,1440094523592,"640,595",80% bullish,of 5 ratings,$60
AVGR,$15.01,1440094523621,"17,521",100% bearish,of 1 rating,$20
AWRE,$3.1901,1440094523670,"9,094",67% bullish,of 3 ratings,N/A
AXPWW,NULL,1440094523751,0,Not yet rated,NULL,N/A
AXGN,$3.89,1440094523779,"15,959",Not yet rated,NULL,$5
AXTI,$2.16,1440094523806,"7,930",50% bullish,of 2 ratings,$2.75
AXPW,$1.12,1440094523828,"32,206",83% bullish,of 6 ratings,N/A
BCOM,$19.98,1440094524044,187,100% bearish,of 1 rating,N/A
BOSC,$2.25,1440094524109,"2,414",50% bullish,of 2 ratings,N/A
RILY,$9.8601,1440094524135,505,Not yet rated,NULL,N/A
BEAV,$50.04,1440094524177,"283,508",67% bearish,of 3 ratings,$59
BIDU,$158,1440094524278,"2,021,345",81% bullish,of 88 ratings,$215
BCPC,$59.25,1440094524336,"49,547",100% bearish,of 1 rating,$75
BWINA,NULL,1440094524441,0,Not yet rated,NULL,N/A
BWINB,$22.92,1440094524478,"1,048",Not yet rated,NULL,N/A
BANF,$61.41,1440094524572,706,Not yet rated,NULL,$68
BKMU,$7.2,1440094524604,"27,578",Not yet rated,NULL,$8
BLDP,$1.32,1440094524625,"176,700",91% bullish,of 22 ratings,$2.50
BANFP,NULL,1440094524656,0,Not yet rated,NULL,N/A
BKSC,$15.83,1440094524901,800,Not yet rated,NULL,N/A
BOCH,$5.75,1440094524948,"12,990",Not yet rated,NULL,$6.50
BOTJ,NULL,1440094524973,0,Not yet rated,NULL,N/A
BMRC,$48.52,1440094525001,"3,781",Not yet rated,NULL,$52
OZRK,$41.89,1440094525038,"92,281",67% bullish,of 3 ratings,$49.50
BFIN,$12.08,1440094525141,"5,834",Not yet rated,NULL,$13
BWFG,$18.25,1440094525195,"1,627",100% bearish,of 1 rating,N/A
BANR,$45.72,1440094525538,"22,951",100% bullish,of 3 ratings,$50
BHACR,NULL,1440094525569,0,Not yet rated,NULL,N/A
BHAC,NULL,1440094525620,0,Not yet rated,NULL,N/A
BZUN,$6.1001,1440094525673,"425,080",50% bullish,of 2 ratings,$13.85
TAPR,$29.77,1440094525719,"1,000",100% bearish,of 1 rating,N/A
BSET,$30.38,1440094525764,"35,584",100% bearish,of 1 rating,$35
BHACU,$10.19,1440094525794,200,Not yet rated,NULL,N/A
BHACW,NULL,1440094525824,0,Not yet rated,NULL,N/A
BBSI,$34.48,1440094525928,"48,003",67% bearish,of 3 ratings,$62.50
BYBK,$5.05,1440094525993,100,100% bearish,of 1 rating,N/A
BYLK,$12.96,1440094526081,"1,904",Not yet rated,NULL,$14
BV,$5.16,1440094526153,"132,219",67% bullish,of 6 ratings,$9
BBCN,$15.18,1440094526224,"94,741",100% bearish,of 1 rating,$16
BCBP,$11.68,1440094526283,"13,154",Not yet rated,NULL,N/A
BECN,$36.4,1440094526379,"107,820",50% bullish,of 2 ratings,$40
BDCV,$5.04,1440094526411,"9,715",100% bearish,of 1 rating,$10.19
BSF,$8.86,1440094526632,"6,499",Not yet rated,NULL,N/A
BEBE,$1.82,1440094526693,"43,859",75% bullish,of 4 ratings,$3.075
BELFB,$19.59,1440094526727,"10,664",100% bearish,of 1 rating,N/A
BBGI,$4.8499,1440094526748,100,100% bearish,of 1 rating,N/A
BELFA,NULL,1440094526783,0,100% bearish,of 1 rating,N/A
BLCM,$17.5,1440094526805,"87,938",50% bullish,of 4 ratings,$40
BBBY,$63.25,1440094526837,"770,947",71% bullish,of 7 ratings,$75
BNCL,$12.78,1440094527013,"137,355",100% bullish,of 3 ratings,$12.50
BNFT,$37.55,1440094527146,"31,923",67% bullish,of 3 ratings,$46
BGCP,$9.27,1440094527216,"296,395",88% bullish,of 8 ratings,$14
BGMD,$0.8139,1440094527277,"189,553",100% bullish,of 10 ratings,N/A
BLPH,$5.66,1440094527380,"26,624",100% bearish,of 1 rating,$12.50
BIND,$4.593,1440094527407,"31,887",67% bullish,of 3 ratings,$13.50
BNTC,$8.26,1440094527434,"80,178",100% bullish,of 1 rating,N/A
BGFV,$11.15,1440094527456,"51,581",57% bullish,of 7 ratings,$12
ORPN,$5.5,1440094527623,"4,450",100% bullish,of 1 rating,$28.50
BCDA,NULL,1440094527690,0,Not yet rated,NULL,N/A
BIOC,$2.03,1440094527726,"491,847",83% bullish,of 6 ratings,$3.85
BASI,$1.28,1440094527753,"7,706",Not yet rated,NULL,N/A
BCRX,$11.87,1440094527790,"418,583",63% bullish,of 8 ratings,$18
BDSI,$6.38,1440094527817,"308,690",88% bullish,of 8 ratings,$17
BIOD,$0.65,1440094527884,"93,101",80% bullish,of 5 ratings,$4
BIIB,$310.96,1440094527966,"459,866",88% bullish,of 16 ratings,$400
BLRX,$1.465,1440094528214,"113,097",100% bullish,of 12 ratings,$5
BLFS,$2.11,1440094528243,"12,289",100% bearish,of 1 rating,$4.75
BIOL,$1.5,1440094528271,"43,499",Not yet rated,NULL,N/A
BMRN,$132.275,1440094528293,"319,645",80% bullish,of 5 ratings,$160
BVXVW,$0.7051,1440094528327,"3,000",100% bearish,of 1 rating,N/A
BPTH,$1.17,1440094528424,"11,800",100% bullish,of 2 ratings,$5
BRLI,NULL,1440094528453,0,83% bullish,of 6 ratings,N/A
BVXV,$4,1440094528479,"6,358",Not yet rated,NULL,N/A
BIOS,$1.685,1440094528663,"579,636",71% bullish,of 7 ratings,$4
BSTC,$50.125,1440094528724,"48,265",100% bearish,of 1 rating,$76
BBC,$31.0399,1440094528751,"10,045",Not yet rated,NULL,N/A
BSPM,$0.7092,1440094528777,"10,200",50% bullish,of 2 ratings,N/A
BBP,$33.2399,1440094528802,"31,375",Not yet rated,NULL,N/A
TECH,$104.32,1440094528959,"27,478",100% bullish,of 1 rating,$117
BEAT,$13,1440094529030,"239,923",67% bearish,of 3 ratings,$15
BOTA,$2.32,1440094529059,"50,466",88% bullish,of 8 ratings,N/A
BDMS,NULL,1440094529192,0,100% bearish,of 1 rating,N/A
BITI,$18.94,1440094529227,"27,225",100% bullish,of 1 rating,$28
BDE,$7.52,1440094529252,"45,431",50% bullish,of 2 ratings,$9
BJRI,$46.385,1440094529279,"61,175",50% bullish,of 2 ratings,$55
BBOX,$15.26,1440094529329,"16,948",100% bearish,of 1 rating,N/A
BLKB,$59.95,1440094529500,"48,228",100% bearish,of 2 ratings,$66
BBRY,$7.345,1440094529601,"2,562,003",61% bullish,of 330 ratings,$9
HAWK,$44,1440094529640,"186,226",90% bullish,of 10 ratings,$49
BKCC,$9.28,1440094529669,"67,020",100% bullish,of 2 ratings,$10
ADRE,$30.36,1440094529699,"4,482",Not yet rated,NULL,N/A
ADRD,$22.82,1440094529808,"2,438",100% bearish,of 1 rating,N/A
ADRA,$27.77,1440094529834,908,Not yet rated,NULL,N/A
BLBD,$12.47,1440094530098,"3,089",Not yet rated,NULL,N/A
ADRU,$22.5308,1440094530134,208,100% bearish,of 1 rating,N/A
BLMN,$21.04,1440094530166,"458,674",83% bullish,of 6 ratings,$27.50
BCOR,$13.5,1440094530231,"95,629",57% bullish,of 7 ratings,$15
BUFF,$27.01,1440094530260,"116,783",83% bullish,of 12 ratings,$31.50
BBLU,$0.86,1440094530297,"57,849",100% bullish,of 2 ratings,$4.43
BHBK,$14.22,1440094530397,"23,382",100% bullish,of 1 rating,$14.50
NILE,$34.49,1440094530423,"23,465",50% bullish,of 2 ratings,$34
BKEP,$6.84,1440094530555,"22,664",100% bearish,of 1 rating,$8.50
BLUE,$123.49,1440094530613,"359,503",71% bullish,of 7 ratings,$217.50
BKEPP,$7.75,1440094530690,"9,900",100% bearish,of 1 rating,N/A
BNCN,$21.56,1440094530788,"23,797",Not yet rated,NULL,$23
BPMC,$26.45,1440094530816,"49,469",50% bullish,of 2 ratings,$47.50
BOBE,$44.909,1440094530849,"31,292",75% bullish,of 4 ratings,$57
BONA,$11.96,1440094530982,"127,973",75% bullish,of 4 ratings,$8.50
WIFI,$8.275,1440094531009,"179,727",50% bullish,of 2 ratings,$13.50
BOJA,$21.09,1440094531034,"131,772",100% bullish,of 1 rating,$30
BOFI,$129.75,1440094531069,"77,921",100% bullish,of 6 ratings,$144
BOKF,$63.56,1440094531173,"44,040",100% bearish,of 1 rating,$71
BAMM,$3.2078,1440094531310,"1,958",60% bullish,of 5 ratings,N/A
BPFH,$12.29,1440094531337,"162,869",100% bearish,of 1 rating,$14
BNSO,$1.42,1440094531385,"3,202",100% bearish,of 1 rating,N/A
BPFHW,NULL,1440094531517,0,100% bearish,of 1 rating,N/A
BPFHP,NULL,1440094531573,0,100% bearish,of 1 rating,N/A
BBRG,$13.07,1440094531707,"32,704",67% bullish,of 3 ratings,$14.50
BCLI,$3.01,1440094531737,"39,644",80% bullish,of 5 ratings,$12
BBEPP,$13.501,1440094531769,"17,561",100% bearish,of 1 rating,N/A
BBEP,$2.28,1440094531799,"1,066,419",69% bullish,of 13 ratings,$5.625
EPAY,$26.22,1440094531820,"51,004",100% bearish,of 2 ratings,$30
BDBD,$8.505,1440094531854,"309,699",60% bullish,of 5 ratings,$10
BDGE,$27.5,1440094532103,"6,105",Not yet rated,NULL,$31.75
BLIN,$1.33,1440094532128,"19,477",50% bullish,of 2 ratings,$2.20
BCOV,$5.26,1440094532187,"56,395",67% bullish,of 3 ratings,$10.20
BRID,NULL,1440094532218,0,100% bearish,of 1 rating,N/A
BRCM,$49.905,1440094532318,"2,191,632",75% bullish,of 12 ratings,$56
BSFT,$31.8,1440094532404,"59,963",57% bullish,of 7 ratings,$40.50
BYFC,$1.49,1440094532454,"13,810",50% bullish,of 2 ratings,N/A
BRCD,$9.88,1440094532562,"3,032,175",92% bullish,of 13 ratings,$12.50
BVSN,$5.95,1440094532610,"2,008",60% bearish,of 5 ratings,N/A
BRKL,$10.9,1440094532640,"49,756",100% bearish,of 1 rating,$10.75
BWEN,$3.35,1440094532669,"25,101",100% bullish,of 3 ratings,$8
BRKS,$10.49,1440094532694,"57,301",67% bullish,of 3 ratings,$15.25
BRKR,$19.63,1440094532828,"351,323",100% bearish,of 2 ratings,$22
BMTC,$29.51,1440094532854,"11,998",Not yet rated,NULL,$34
BLMT,$20.84,1440094532880,"3,042",Not yet rated,NULL,N/A
BSQR,$6.53,1440094533121,"71,180",67% bullish,of 3 ratings,N/A
BWLD,$193.7,1440094533289,"133,095",82% bullish,of 11 ratings,$205
BLDR,$15.16,1440094533317,"603,557",50% bullish,of 2 ratings,$22
CHRW,$69.51,1440094533381,"569,936",Not yet rated,NULL,$72
CFFI,NULL,1440094533447,0,100% bearish,of 1 rating,N/A
CA,$28.44,1440094533472,"761,885",50% bullish,of 4 ratings,$33
CCMP,$44.55,1440094533499,"30,757",50% bullish,of 2 ratings,$59
BUR,$1.99,1440094533534,816,100% bearish,of 1 rating,$8
CDNS,$20.58,1440094533637,"599,505",75% bullish,of 4 ratings,$22.50
CDZI,$7.445,1440094533786,"11,283",100% bearish,of 1 rating,N/A
CZR,$6.885,1440094533836,"443,685",60% bearish,of 5 ratings,$10.50
CACQ,$7.21,1440094533973,"16,405",100% bearish,of 1 rating,$12.25
CLBS,$1.36,1440094533998,"75,842",79% bullish,of 14 ratings,$4
PRSS,$4.39,1440094534033,"4,115",80% bullish,of 5 ratings,$4.50
CSTE,$43.17,1440094534059,"518,304",100% bearish,of 1 rating,$65
CLMS,$11.76,1440094534199,"15,043",Not yet rated,NULL,$10.50
CCD,$20.657,1440094534277,"36,192",Not yet rated,NULL,N/A
CHY,$11.823,1440094534305,"158,906",Not yet rated,NULL,N/A
CHI,$10.9601,1440094534374,"97,665",100% bearish,of 1 rating,N/A
CGO,$12.48,1440094534484,"17,821",100% bearish,of 1 rating,N/A
CFGE,NULL,1440094534516,0,Not yet rated,NULL,N/A
CSQ,$10.257,1440094534544,"204,723",Not yet rated,NULL,N/A
CHW,$7.84,1440094534585,"152,445",100% bearish,of 1 rating,N/A
CAMP,$15.95,1440094534693,"126,315",88% bullish,of 8 ratings,$25
CVGW,$54.92,1440094534742,"62,147",50% bullish,of 2 ratings,$58.50
CALA,$5.129,1440094534875,"173,732",100% bullish,of 3 ratings,$19.50
CFNB,$13.4399,1440094534939,421,100% bearish,of 1 rating,N/A
CLMT,$26.255,1440094535091,"73,828",75% bullish,of 8 ratings,$31
CALM,$50.28,1440094535119,"188,787",80% bullish,of 5 ratings,$65
CALD,$15.8,1440094535165,"81,878",100% bearish,of 1 rating,$20.50
ABCD,$4.74,1440094535249,"52,355",83% bullish,of 6 ratings,N/A
CAMBU,NULL,1440094535293,0,100% bearish,of 1 rating,N/A
CAMB,$9.95,1440094535347,400,Not yet rated,NULL,N/A
CAC,$39.75,1440094535386,"1,996",Not yet rated,NULL,N/A
CAMBW,NULL,1440094535422,0,Not yet rated,NULL,N/A
CGIX,$9.87,1440094535595,"16,605",67% bullish,of 3 ratings,$14.375
CAMT,$2.83,1440094535622,"19,470",73% bullish,of 11 ratings,$4
CSIQ,$19.12,1440094535701,"2,092,363",86% bullish,of 28 ratings,$45
CBNJ,$10.85,1440094535785,"1,408",100% bullish,of 1 rating,N/A
CPLA,$48.509,1440094535880,"34,413",50% bullish,of 2 ratings,$65
CPHC,$10.53,1440094535944,196,100% bearish,of 1 rating,N/A
CBF,$30.08,1440094535971,"45,769",Not yet rated,NULL,$32
CCBG,$15.08,1440094536001,"3,865",Not yet rated,NULL,$17.25
CPLP,$6.8899,1440094536099,"342,770",71% bullish,of 7 ratings,$11
CSWC,$48.15,1440094536163,"6,699",Not yet rated,NULL,N/A
CFFN,$12.06,1440094536190,"121,305",Not yet rated,NULL,$12.75
CPTA,$14.5999,1440094536216,"40,584",Not yet rated,NULL,$18.50
CAPN,$2.2845,1440094536349,"130,019",100% bullish,of 1 rating,$10.85
CAPNW,$0.76,1440094536426,"3,300",Not yet rated,NULL,N/A
CPST,$0.3887,1440094536452,"398,751",95% bullish,of 22 ratings,$1
CAPR,$4,1440094536532,"16,145",Not yet rated,NULL,$12
CARA,$21.32,1440094536663,"145,696",50% bullish,of 4 ratings,$25
CARB,$11.28,1440094536690,"41,671",75% bullish,of 4 ratings,$12
CBYL,$6.94,1440094536881,"16,608",100% bearish,of 1 rating,$20
CFNL,$22.8,1440094536912,"44,632",Not yet rated,NULL,$24
CRME,$9.36,1440094536946,"17,682",89% bullish,of 9 ratings,$11.25
CSII,$24.07,1440094536970,"99,954",100% bearish,of 2 ratings,$42.125
CRDC,$0.39,1440094536995,"21,988",100% bullish,of 1 rating,$1.25
CATM,$35.33,1440094537043,"176,903",100% bearish,of 1 rating,$44
CDNA,$6.3694,1440094537137,"1,900",100% bearish,of 1 rating,$9
CECO,$3.615,1440094537213,"104,293",67% bearish,of 3 ratings,$6
CLBH,$12.75,1440094537443,"3,457",Not yet rated,NULL,$16.50
CTRE,$12,1440094537493,"196,579",50% bullish,of 2 ratings,N/A
CKEC,$22.18,1440094537530,"91,506",50% bullish,of 2 ratings,$35.915
CART,$5.45,1440094537558,"2,256",100% bearish,of 1 rating,N/A
CRTN,$2.71,1440094537623,100,100% bearish,of 1 rating,N/A
TAST,$12.4225,1440094537650,"91,699",Not yet rated,NULL,$14.25
CARO,$15.43,1440094537672,"8,733",100% bearish,of 1 rating,$19
CRZO,$33.03,1440094537705,"253,323",67% bearish,of 3 ratings,$57
CARV,$6.04,1440094537927,317,50% bullish,of 2 ratings,N/A
CASM,$1.091,1440094538020,"36,048",100% bullish,of 1 rating,$3.50
CSCD,$14.45,1440094538058,"44,545",100% bullish,of 2 ratings,$17
CACB,$5.51,1440094538089,"36,424",Not yet rated,NULL,$5.50
CWST,$6.28,1440094538217,"68,001",50% bullish,of 2 ratings,$7
CASY,$107.2916,1440094538242,"90,948",50% bullish,of 2 ratings,$99.50
CASI,$1.49,1440094538268,"7,980",100% bullish,of 1 rating,$3.50
CASS,$49.37,1440094538398,"5,834",100% bearish,of 1 rating,N/A
CATB,$11.9,1440094538459,"10,007",100% bearish,of 1 rating,$28
CPRX,$3.6,1440094538533,"481,924",71% bullish,of 7 ratings,$7
CATYW,NULL,1440094538562,0,100% bearish,of 1 rating,N/A
CATY,$30.82,1440094538590,"130,270",100% bearish,of 1 rating,$33.50
CVCO,$73.38,1440094538693,"9,486",100% bearish,of 1 rating,N/A
CAVM,$68.536,1440094538725,"149,012",67% bearish,of 3 ratings,$72
CBFV,$20.62,1440094538833,"2,673",Not yet rated,NULL,N/A
CNLM,$9.98,1440094538912,200,Not yet rated,NULL,N/A
CNLMU,$10.4,1440094539005,100,100% bullish,of 1 rating,N/A
CNLMR,NULL,1440094539068,0,Not yet rated,NULL,N/A
CECE,$9.785,1440094539266,"66,606",50% bullish,of 2 ratings,$16
CELG,$126.47,1440094539303,"1,576,600",92% bullish,of 13 ratings,$155.50
CNLMW,NULL,1440094539332,0,Not yet rated,NULL,N/A
CDK,$48.51,1440094539365,"211,612",67% bearish,of 3 ratings,$50
CBOE,$63.5,1440094539392,"145,978",Not yet rated,NULL,$60
CDW,$39.0033,1440094539418,"236,613",75% bullish,of 4 ratings,$44
CPXX,$2.14,1440094539463,"36,515",100% bullish,of 2 ratings,$7
CLDN,$1.0501,1440094539644,"97,148",71% bullish,of 7 ratings,$3
CLDX,$13.9005,1440094539744,"864,809",89% bullish,of 9 ratings,$36
CELGZ,$1.7698,1440094539799,"31,149",80% bullish,of 5 ratings,N/A
CLRB,$3,1440094539846,900,100% bearish,of 1 rating,N/A
CLLS,$30.55,1440094539950,"68,975",75% bullish,of 4 ratings,$51.50
CLRBW,NULL,1440094539976,0,Not yet rated,NULL,N/A
CLSN,$2.035,1440094540107,"42,009",80% bullish,of 10 ratings,$7.50
CBMG,$21.55,1440094540138,"62,633",50% bullish,of 2 ratings,N/A
CLTX,$2.71,1440094540176,"6,148,013",100% bullish,of 2 ratings,N/A
CEMP,$35.61,1440094540287,"432,039",71% bullish,of 7 ratings,$52
CYAD,$53.29,1440094540327,"1,418",100% bullish,of 1 rating,$87.50
CETX,$2.5325,1440094540354,"7,752",Not yet rated,NULL,$5.60
CSFL,$14.11,1440094540418,"57,128",Not yet rated,NULL,$15
CETV,$2.01,1440094540445,"35,931",67% bullish,of 3 ratings,$2.80
CFBK,$1.372,1440094540590,100,Not yet rated,NULL,N/A
CENT,$12.0028,1440094540700,"17,237",Not yet rated,NULL,$10
CENTA,$12.72,1440094540769,"40,481",Not yet rated,NULL,N/A
CENX,$5.275,1440094540864,"1,073,481",67% bullish,of 6 ratings,$9
CVCY,NULL,1440094540930,0,Not yet rated,NULL,$12
CNBKA,$41.1,1440094540961,34,100% bullish,of 1 rating,N/A
CPHD,$48.1,1440094540995,"133,119",50% bullish,of 2 ratings,$66.50
CNTY,$6.3,1440094541030,"5,568",80% bullish,of 5 ratings,$7.75
CERE,$1.2101,1440094541094,"247,034",88% bullish,of 8 ratings,N/A
CRNT,$1.41,1440094541163,"79,949",50% bullish,of 2 ratings,$2
CERU,$3.37,1440094541440,"11,175",75% bullish,of 4 ratings,$15
KOOL,$0.6866,1440094541476,"3,670",100% bullish,of 5 ratings,$7
CERS,$4.9,1440094541570,"170,016",75% bullish,of 4 ratings,$7
CEVA,$18.67,1440094541596,"18,988",100% bearish,of 1 rating,$25
CERN,$63.4632,1440094541642,"451,839",67% bullish,of 3 ratings,$79
CYOU,$19.99,1440094541668,"196,281",50% bullish,of 6 ratings,$24
HOTRW,$0.156,1440094541797,"6,099",Not yet rated,NULL,N/A
HOTR,$1.29,1440094541825,"157,266",100% bullish,of 2 ratings,$5
CTHR,$1.21,1440094541898,"80,863",50% bullish,of 2 ratings,$2.50
CHTR,$183.57,1440094542005,"499,051",100% bearish,of 2 ratings,$196
CHFN,$12.45,1440094542040,"2,722",Not yet rated,NULL,$14
GTLS,$22.96,1440094542067,"101,609",50% bullish,of 4 ratings,$40
CHKP,$80.08,1440094542135,"414,269",50% bullish,of 4 ratings,$92
CHEK,$3.08,1440094542215,38,Not yet rated,NULL,$7.75
CHEKW,NULL,1440094542317,0,Not yet rated,NULL,N/A
CEMI,$4.4699,1440094542342,"9,418",50% bullish,of 2 ratings,$7.50
CCXI,$6.99,1440094542590,"27,691",67% bullish,of 3 ratings,$14
CHFC,$32.22,1440094542622,"25,491",100% bearish,of 1 rating,$36
CHMG,$26.6,1440094542673,"3,212",Not yet rated,NULL,$30
CHEV,$14.66,1440094542720,700,Not yet rated,NULL,N/A
CHKE,$26.08,1440094542808,"4,163",100% bearish,of 1 rating,$32.50
CHMA,$25.73,1440094542850,"53,871",Not yet rated,NULL,$40
CBNK,$16.52,1440094542878,100,100% bearish,of 1 rating,N/A
CMRX,$48.44,1440094543010,"64,341",50% bullish,of 2 ratings,$57
PLCE,$60.625,1440094543041,"138,154",100% bearish,of 1 rating,$71
CADC,NULL,1440094543143,0,78% bullish,of 9 ratings,N/A
CALI,$0.916,1440094543168,"4,592",67% bullish,of 3 ratings,N/A
CAAS,$6.66,1440094543316,"10,889",93% bullish,of 14 ratings,$11.50
CBAK,$2.0799,1440094543392,"33,616",67% bullish,of 9 ratings,N/A
CBPO,$101.37,1440094543485,"172,249",75% bullish,of 8 ratings,$140.50
JRJC,$4.18,1440094543521,"30,497",82% bullish,of 11 ratings,N/A
CCCR,$0.8,1440094543551,"11,457",67% bearish,of 3 ratings,N/A
CCCL,$0.9,1440094543581,"2,372",100% bullish,of 6 ratings,N/A
HGSH,$1.96,1440094543657,357,67% bullish,of 3 ratings,N/A
CHOP,$1.23,1440094543717,"4,600",50% bullish,of 2 ratings,N/A
CHLN,$1.917,1440094543788,"17,960",67% bullish,of 3 ratings,N/A
HTHT,$25.72,1440094543942,"19,193",50% bullish,of 2 ratings,$28
CNIT,$1.6,1440094543968,"70,172",67% bullish,of 6 ratings,N/A
CJJD,$2.01,1440094544040,"9,863",100% bullish,of 1 rating,N/A
CHNR,NULL,1440094544139,0,100% bearish,of 1 rating,N/A
CREG,$0.7516,1440094544201,"8,926",100% bullish,of 3 ratings,N/A
CPGI,$6.7065,1440094544270,140,Not yet rated,NULL,N/A
CSUN,$1.383,1440094544302,"11,999",80% bullish,of 5 ratings,N/A
CCIH,$8.75,1440094544353,"81,911",67% bullish,of 6 ratings,$12.65
CNTF,$0.88,1440094544402,"38,817",Not yet rated,NULL,N/A
CXDC,$6.2,1440094544538,"25,102",67% bullish,of 3 ratings,N/A
CNYD,NULL,1440094544558,0,67% bullish,of 3 ratings,N/A
CNET,$0.8301,1440094544641,"33,747",50% bullish,of 2 ratings,N/A
CHSCL,$26.9996,1440094544729,"13,915",Not yet rated,NULL,N/A
IMOS,$15.35,1440094544799,"90,974",60% bullish,of 5 ratings,$21.50
CHSCM,$26.1895,1440094544831,"24,672",Not yet rated,NULL,N/A
CHSCN,$27.2993,1440094544934,"4,034",Not yet rated,NULL,N/A
CHSCP,$30.5816,1440094545011,"3,931",Not yet rated,NULL,N/A
CHDN,$133.5201,1440094545045,"33,299",Not yet rated,NULL,$165
CHUY,$31.53,1440094545142,"89,099",50% bullish,of 2 ratings,$34
CHSCO,$28.4,1440094545170,"1,900",Not yet rated,NULL,N/A
CDTX,$14.115,1440094545204,"16,168",Not yet rated,NULL,$22
CIFC,$7.1461,1440094545238,"1,318",Not yet rated,NULL,N/A
CMCT,$15.03,1440094545305,300,100% bearish,of 1 rating,N/A
CMPR,$68.3,1440094545334,"135,344",50% bullish,of 2 ratings,$72.50
CINF,$55.95,1440094545463,"133,161",50% bullish,of 4 ratings,$50.50
CIDM,$0.6594,1440094545590,"50,482",50% bullish,of 2 ratings,$2.10
CTAS,$86.93,1440094545698,"150,984",100% bearish,of 1 rating,$91
CPHR,$6.4,1440094545763,"7,153",100% bearish,of 1 rating,$16
CSCO,$27.26,1440094545831,"11,610,943",84% bullish,of 208 ratings,$32
CZWI,NULL,1440094545862,0,Not yet rated,NULL,N/A
CTRN,$28.145,1440094545894,"100,335",100% bearish,of 1 rating,$30.50
CZFC,$12.75,1440094545965,700,Not yet rated,NULL,N/A
CRUS,$28.38,1440094545993,"571,634",75% bullish,of 12 ratings,$44.50
CZNC,$20.0099,1440094546024,"9,704",Not yet rated,NULL,N/A
CTXS,$76.0117,1440094546239,"298,136",86% bullish,of 7 ratings,$80
CIZN,NULL,1440094546270,0,Not yet rated,NULL,N/A
CHCO,$47.95,1440094546296,"27,513",Not yet rated,NULL,$46
CIVB,$10.3,1440094546371,"3,700",Not yet rated,NULL,$11
CIVBP,NULL,1440094546396,0,Not yet rated,NULL,N/A
CLNE,$4.18,1440094546619,"443,888",80% bullish,of 15 ratings,$9
CLFD,$17.285,1440094546645,"41,567",67% bullish,of 3 ratings,$18
CLNT,$1.9,1440094546680,"7,992",75% bullish,of 8 ratings,N/A
CDTI,$1.5751,1440094546702,"79,690",75% bullish,of 4 ratings,$3.20
CLIR,$5.11,1440094546733,"20,127",100% bullish,of 3 ratings,N/A
CLRO,$12.25,1440094546775,"5,027",50% bullish,of 2 ratings,$14.25
CSBK,$13.72,1440094546880,"24,731",Not yet rated,NULL,N/A
CBLI,$3.9999,1440094546945,"22,231",60% bullish,of 5 ratings,N/A
CMFN,$11.695,1440094547197,"9,958",100% bearish,of 1 rating,$15.50
CME,$96.88,1440094547225,"506,449",67% bullish,of 3 ratings,$102
CLVS,$74.474,1440094547258,"193,332",60% bullish,of 5 ratings,$101.50
CCNE,$17.265,1440094547291,"1,364",50% bullish,of 2 ratings,$21.50
CWAY,$11.45,1440094547389,"5,300",Not yet rated,NULL,N/A
COBZ,$12.98,1440094547418,"50,728",100% bullish,of 1 rating,$14
CISG,$8.28,1440094547445,"79,330",100% bullish,of 5 ratings,$10
CNV,$4.6,1440094547467,"77,837",50% bullish,of 2 ratings,$7.15
COKE,$159.39,1440094547647,"16,158",79% bullish,of 19 ratings,N/A
CDXS,$3.983,1440094547783,"24,355",64% bullish,of 11 ratings,$6
CDRB,$11.845,1440094547822,"2,496",67% bullish,of 3 ratings,N/A
CVLY,NULL,1440094547859,0,Not yet rated,NULL,N/A
JVA,$4.66,1440094547890,"5,089",83% bullish,of 6 ratings,$7
CCOI,$28.7,1440094547911,"116,492",50% bullish,of 4 ratings,$35
CGNT,$1.633,1440094548050,"12,021",100% bullish,of 2 ratings,$2
COHR,$57.92,1440094548254,"33,111",50% bullish,of 2 ratings,$72
CGNX,$36.515,1440094548296,"219,676",50% bullish,of 2 ratings,$47
CTSH,$66.01,1440094548317,"1,333,116",90% bullish,of 10 ratings,$74.50
CHRS,$29.37,1440094548391,"48,418",67% bearish,of 3 ratings,$37
CLCT,$19.0056,1440094548416,"4,271",100% bearish,of 1 rating,N/A
CLRX,$0.5,1440094548445,"21,577",50% bullish,of 2 ratings,N/A
COHU,$9.68,1440094548475,"32,805",100% bearish,of 1 rating,$14.25
COLL,$15.5699,1440094548501,"27,744",100% bearish,of 1 rating,$26
CIGI,$46.11,1440094548823,"5,000",100% bearish,of 1 rating,$52
CLCD,$7.7,1440094548858,"6,910",100% bearish,of 1 rating,$20.50
CMCO,$19.92,1440094548903,"162,537",60% bullish,of 5 ratings,$28
CBAN,$8.76,1440094548928,705,Not yet rated,NULL,N/A
COLM,$64.51,1440094548955,"38,986",100% bearish,of 1 rating,$71
COLB,$32.06,1440094548981,"105,283",Not yet rated,NULL,$36
CMCSA,$58.3,1440094549113,"6,173,171",66% bullish,of 35 ratings,$69.50
CMCSK,$58.93,1440094549196,"1,588,647",Not yet rated,NULL,$84
CBMX,$1.1699,1440094549248,"6,080",83% bullish,of 6 ratings,$3.15
COMM,$30.765,1440094549382,"411,685",67% bearish,of 3 ratings,$35
CVGI,$4.61,1440094549408,"39,503",50% bullish,of 2 ratings,$6
CBSHP,$25.2499,1440094549438,"3,342",100% bearish,of 1 rating,N/A
CBSH,$46.195,1440094549460,"102,320",50% bullish,of 2 ratings,$46
CUBN,NULL,1440094549496,0,Not yet rated,NULL,N/A
CSAL,$22.02,1440094549590,"229,057",75% bullish,of 4 ratings,$30
JCS,$9.31,1440094549774,"5,100",67% bullish,of 3 ratings,N/A
CYHHZ,$0.011,1440094549852,"17,000",100% bullish,of 1 rating,N/A
ESXB,$5.1,1440094549882,"34,502",Not yet rated,NULL,N/A
CTBI,$34.72,1440094549904,"6,450",Not yet rated,NULL,$36
CWBC,$6.752,1440094549983,200,Not yet rated,NULL,N/A
COB,$10.54,1440094550041,"3,300",100% bullish,of 1 rating,$11.75
CIZ,$34.0754,1440094550112,"4,910",100% bearish,of 1 rating,N/A
CVLT,$36.99,1440094550141,"106,907",75% bullish,of 4 ratings,$44.50
CIL,$34.44,1440094550270,"1,400",Not yet rated,NULL,N/A
CDC,$36.2,1440094550301,"1,142",Not yet rated,NULL,N/A
CID,$34.7,1440094550360,"10,500",Not yet rated,NULL,N/A
CSA,NULL,1440094550390,0,Not yet rated,NULL,N/A
CSF,$37.6,1440094550457,"1,039",100% bearish,of 1 rating,N/A
CFO,$36.8812,1440094550482,"5,376",100% bearish,of 1 rating,N/A
CFA,$37.15,1440094550617,200,100% bearish,of 1 rating,N/A
CSB,$34.01,1440094550864,"2,380",Not yet rated,NULL,N/A
CGEN,$5.25,1440094550900,"121,055",50% bullish,of 2 ratings,$11
CDL,NULL,1440094550927,0,Not yet rated,NULL,N/A
CTG,$6.65,1440094550997,"9,118",100% bearish,of 1 rating,$8.50
SCOR,$60.59,1440094551018,"217,797",100% bearish,of 1 rating,$66
CHCI,$0.61,1440094551055,"11,405",50% bullish,of 2 ratings,N/A
CMTL,$26.79,1440094551082,"15,121",100% bearish,of 2 ratings,$37
CPSI,$45.42,1440094551108,"13,096",100% bearish,of 1 rating,$45.50
CNSI,$18.75,1440094551279,"12,448",100% bearish,of 2 ratings,$29
CCUR,$5.167,1440094551409,"9,626",75% bullish,of 4 ratings,N/A
CXRX,$75.75,1440094551437,"7,662",Not yet rated,NULL,$90
CNAT,$4.2901,1440094551459,"22,525",83% bullish,of 6 ratings,$13
CNCE,$15.46,1440094551493,"117,392",75% bullish,of 4 ratings,$22
CDORO,NULL,1440094551601,0,100% bearish,of 1 rating,N/A
CDOR,$1.4511,1440094551745,"3,612",100% bullish,of 1 rating,N/A
CFMS,$21.93,1440094551803,"64,076",Not yet rated,NULL,$27
CNFR,$10.3505,1440094551830,"15,960",Not yet rated,NULL,N/A
CDORP,$7.1195,1440094551851,"2,036",100% bearish,of 1 rating,N/A
CNOB,$20.11,1440094551900,"46,066",100% bullish,of 1 rating,$23.50
CTWS,$34.88,1440094552007,"7,506",100% bearish,of 1 rating,$44
CNMD,$55.94,1440094552036,"14,773",Not yet rated,NULL,$59
CNXR,$6.36,1440094552058,"13,350",100% bearish,of 1 rating,$12
CONN,$31.54,1440094552265,"127,474",67% bullish,of 3 ratings,$48.50
CWCO,$11.32,1440094552326,"30,957",67% bullish,of 3 ratings,$14.50
CNSL,$20.03,1440094552353,"56,216",100% bearish,of 1 rating,$23
CTCT,$23.92,1440094552489,"115,975",67% bullish,of 3 ratings,$37
CFRX,$5.05,1440094552546,"21,225",Not yet rated,NULL,$14
CFRXZ,$0.51,1440094552575,400,Not yet rated,NULL,N/A
CPSS,$5.62,1440094552637,"14,620",100% bullish,of 1 rating,$10
CFRXW,NULL,1440094552676,0,100% bearish,of 1 rating,N/A
CTRL,$7.843,1440094552811,"98,093",50% bullish,of 2 ratings,$11
CPRT,$35.5722,1440094552840,"98,402",67% bearish,of 3 ratings,$40
CTRV,$4.04,1440094552969,"23,060",Not yet rated,NULL,$6.40
CRBP,$2.1375,1440094553015,"1,320,754",100% bullish,of 2 ratings,$6.25
BVA,NULL,1440094553108,0,50% bullish,of 2 ratings,N/A
CORT,$4.84,1440094553193,"100,723",67% bullish,of 3 ratings,$12
CORI,$11.01,1440094553222,"23,337",100% bearish,of 1 rating,$18
CORE,$62.94,1440094553249,"27,495",100% bearish,of 1 rating,$72
CSOD,$37.3,1440094553379,"219,321",50% bullish,of 2 ratings,$42
CRVL,$33,1440094553437,"3,583",100% bearish,of 1 rating,N/A
COST,$143.91,1440094553476,"496,523",83% bullish,of 24 ratings,$154.50
COSI,$1.13,1440094553516,"177,373",100% bullish,of 1 rating,N/A
CSGP,$188.355,1440094553574,"39,308",50% bullish,of 2 ratings,$235
CPAH,$0.4673,1440094553646,"1,750",50% bullish,of 2 ratings,N/A
ICBK,NULL,1440094553702,0,Not yet rated,NULL,$21
CVTI,$24.0275,1440094553838,"59,065",67% bearish,of 3 ratings,$39
COVS,$2.66,1440094553894,"85,769",67% bullish,of 3 ratings,N/A
COWN,$5.265,1440094553921,"290,484",75% bullish,of 4 ratings,$7
COWNL,$27.21,1440094554051,"2,400",Not yet rated,NULL,N/A
CBRL,$147.26,1440094554209,"77,910",50% bullish,of 2 ratings,$155
CPSH,$2.3,1440094554243,"4,400",Not yet rated,NULL,N/A
CRAY,$21.33,1440094554273,"100,716",83% bullish,of 6 ratings,$38.50
CRAI,$22.52,1440094554299,"9,162",Not yet rated,NULL,$36
BREW,$7.75,1440094554339,"25,426",67% bullish,of 6 ratings,$15
CACC,$193.46,1440094554369,"57,484",50% bullish,of 2 ratings,$158.50
GLDI,$11.1,1440094554402,"2,528",100% bearish,of 1 rating,N/A
CREE,$25.785,1440094554471,"498,588",65% bullish,of 17 ratings,$28.50
CRESY,$10.884,1440094554642,"80,531",100% bearish,of 1 rating,$19
SLVO,$10.61,1440094554683,"5,217",100% bearish,of 1 rating,N/A
CROX,$14.57,1440094554818,"302,630",63% bullish,of 8 ratings,$16.50
CRTO,$44.795,1440094554902,"401,131",67% bullish,of 6 ratings,$64
CCRN,$14.94,1440094554962,"110,300",100% bearish,of 1 rating,$14.25
CRDS,$1.06,1440094554992,"23,000",50% bullish,of 4 ratings,$4.50
CRWN,$4.7,1440094555047,"71,009",75% bullish,of 4 ratings,N/A
CRWS,$8.08,1440094555091,665,Not yet rated,NULL,$10
CSGS,$31.665,1440094555179,"43,037",Not yet rated,NULL,$40
CYRX,$3.09,1440094555222,"8,838",Not yet rated,NULL,$9
CYRXW,$0.945,1440094555249,"10,900",Not yet rated,NULL,N/A
CCLP,$14.8299,1440094555414,"19,744",67% bearish,of 3 ratings,$21
CTCM,$1.73,1440094555440,"154,226",80% bearish,of 5 ratings,$3.90
CSPI,$6.17,1440094555466,855,67% bullish,of 3 ratings,N/A
CTIC,$1.64,1440094555497,"984,193",84% bullish,of 76 ratings,$5.75
CTIB,$3.54,1440094555599,"2,475",100% bearish,of 1 rating,N/A
CUNB,$22.1,1440094555736,"4,490",Not yet rated,NULL,$24.50
CTRP,$64.3925,1440094555762,"1,618,889",75% bullish,of 8 ratings,$92
CPIX,$5.86,1440094555909,"3,889",Not yet rated,NULL,N/A
CRIS,$2.61,1440094555941,"134,754",100% bullish,of 8 ratings,$6
CMLS,$1.19,1440094555970,"411,108",50% bullish,of 4 ratings,$6
CUTR,$14.51,1440094555996,"11,821",67% bearish,of 3 ratings,$18
CUI,$5.27,1440094556039,"37,569",50% bullish,of 2 ratings,$10
CVBF,$16.845,1440094556127,"194,668",Not yet rated,NULL,$18
CYBR,$56.2,1440094556271,"1,277,490",86% bullish,of 7 ratings,$66
CYBX,$65.32,1440094556348,"427,954",50% bullish,of 4 ratings,$70
CYAN,$7.54,1440094556376,"3,790",100% bearish,of 1 rating,N/A
CVV,$12.0101,1440094556425,"24,931",100% bullish,of 5 ratings,N/A
CYBE,$5.94,1440094556563,"7,678",100% bearish,of 1 rating,N/A
CYCC,$0.5899,1440094556592,"35,512",73% bullish,of 11 ratings,N/A
CYCCP,NULL,1440094556620,0,100% bearish,of 1 rating,N/A
CBAY,$2.6999,1440094556780,"36,571",100% bullish,of 1 rating,$4
CY,$9.495,1440094556810,"2,739,533",80% bullish,of 10 ratings,$15.50
CYNO,$33.155,1440094556838,"72,938",67% bearish,of 3 ratings,$45.50
CYNA,$16.03,1440094556860,"16,957",100% bullish,of 1 rating,$31.50
CYRN,$1.7,1440094557026,"60,630",67% bullish,of 3 ratings,$4
CONE,$33.9,1440094557056,"155,926",67% bearish,of 3 ratings,$35
CYTK,$6.4,1440094557086,"110,623",71% bullish,of 14 ratings,$13.50
CTSO,$7.12,1440094557219,"43,445",Not yet rated,NULL,$15.625
CYTX,$0.3903,1440094557253,"394,093",83% bullish,of 12 ratings,$5.50
CYTR,$2.24,1440094557348,"196,663",67% bullish,of 6 ratings,$10
TVIZ,$13.88,1440094557378,400,100% bearish,of 1 rating,N/A
DAEG,$0.3301,1440094557480,"15,273",100% bearish,of 1 rating,N/A
TVIX,$6.645,1440094557579,"7,760,108",81% bullish,of 16 ratings,N/A
XIV,$43.9101,1440094557606,"10,389,152",75% bearish,of 4 ratings,N/A
ZIV,$48.39,1440094557639,"63,878",Not yet rated,NULL,N/A
DJCO,$205.8,1440094557734,200,Not yet rated,NULL,N/A
DTLK,$5.445,1440094557836,"45,749",100% bearish,of 1 rating,$9
DARA,$0.89,1440094557881,"19,322",83% bullish,of 6 ratings,$1.50
DAKT,$11.8072,1440094557912,"110,903",50% bullish,of 2 ratings,$14
DAIO,$2.6699,1440094558018,"21,180",Not yet rated,NULL,N/A
DRAM,$1.4299,1440094558044,"1,912",78% bullish,of 9 ratings,N/A
DWCH,$5.16,1440094558214,"30,153",75% bullish,of 4 ratings,$8.25
PLAY,$34.98,1440094558268,"127,042",100% bullish,of 5 ratings,$42
TRAK,$63,1440094558370,"720,933",50% bullish,of 2 ratings,$62.50
DWSN,$4.33,1440094558399,"6,330",67% bullish,of 3 ratings,$6
DTEA,$12.38,1440094558429,"61,506",100% bearish,of 2 ratings,$24
DBVT,$40.85,1440094558532,"40,609",100% bearish,of 1 rating,$53
DHRM,$1.8595,1440094558598,"5,738",Not yet rated,NULL,N/A
DFRG,$14.82,1440094558668,"39,489",100% bearish,of 1 rating,$20
TACOW,$4.38,1440094558723,"5,333",100% bullish,of 1 rating,N/A
TACO,$13.34,1440094558830,"62,894",100% bullish,of 3 ratings,$20
DCTH,$0.4946,1440094558909,"112,651",78% bullish,of 9 ratings,N/A
DELT,$2.77,1440094558938,"3,668",Not yet rated,NULL,N/A
DGAS,$20.25,1440094558960,"7,258",67% bearish,of 3 ratings,N/A
DELTW,NULL,1440094559096,0,Not yet rated,NULL,N/A
DENN,$12.12,1440094559122,"193,022",100% bullish,of 3 ratings,$15
XRAY,$55.8638,1440094559153,"118,287",100% bullish,of 1 rating,$58
DEPO,$30.13,1440094559257,"361,758",60% bullish,of 5 ratings,$29
DSCI,$6.43,1440094559402,"23,046",50% bullish,of 2 ratings,$16
DEST,$11.955,1440094559430,"17,695",50% bullish,of 2 ratings,N/A
DXLG,$4.65,1440094559459,"15,288",100% bearish,of 1 rating,$8
DERM,$24.15,1440094559487,"52,282",100% bearish,of 1 rating,$33.50
DXM,$0.313,1440094559619,"93,015",50% bullish,of 2 ratings,N/A
DSWL,NULL,1440094559646,0,100% bullish,of 1 rating,N/A
DXCM,$91.2,1440094559685,"417,463",57% bullish,of 7 ratings,$98
DHXM,NULL,1440094559834,0,Not yet rated,NULL,N/A
DMND,$31,1440094559898,"131,185",75% bullish,of 12 ratings,$32
DHIL,$191.68,1440094559927,970,Not yet rated,NULL,N/A
FANG,$70.71,1440094560003,"314,534",50% bullish,of 2 ratings,$86
DCIX,$1.7901,1440094560034,"23,786",50% bullish,of 4 ratings,$3.50
DRNA,$9.845,1440094560140,"70,984",67% bearish,of 3 ratings,$25
DGII,$10.05,1440094560179,"22,616",100% bearish,of 1 rating,$10
DMRC,$35.335,1440094560241,"41,965",100% bearish,of 1 rating,$44
DRAD,$3.9801,1440094560329,"8,620",100% bullish,of 1 rating,$5.25
DGLY,$7.167,1440094560402,"83,560",50% bullish,of 6 ratings,$20
APPS,$2.28,1440094560497,"52,012",100% bearish,of 1 rating,$10.25
DCOM,$17.115,1440094560528,"43,104",100% bearish,of 2 ratings,$16.50
DIOD,$19.47,1440094560580,"66,353",75% bearish,of 4 ratings,$24
DISCA,$27.325,1440094560626,"3,104,128",67% bullish,of 3 ratings,$34
DPRX,$12.21,1440094560722,"72,918",100% bullish,of 2 ratings,$27.75
DISCB,$30.53,1440094560752,50,100% bearish,of 1 rating,$35
DISCK,$26.27,1440094560783,"3,489,216",100% bearish,of 1 rating,$32
DSCO,$0.4435,1440094560887,"84,937",83% bullish,of 6 ratings,$2.75
DISH,$63.37,1440094560915,"769,698",69% bullish,of 13 ratings,$73
BAGR,$3.08,1440094561050,"6,356",100% bearish,of 1 rating,$6
DVCR,$11.49,1440094561084,"6,849",100% bullish,of 1 rating,N/A
DLHC,$2.58,1440094561182,"1,404",100% bearish,of 1 rating,N/A
DNBF,$26.71,1440094561204,"1,238",Not yet rated,NULL,$27.50
DLTR,$80.7601,1440094561286,"672,760",82% bullish,of 11 ratings,$88
DGICA,$14.41,1440094561431,"3,190",100% bearish,of 1 rating,$17
DGICB,NULL,1440094561464,0,100% bearish,of 1 rating,N/A
DMLP,$13.84,1440094561502,"132,621",100% bearish,of 1 rating,N/A
DORM,$50.36,1440094561531,"48,960",100% bearish,of 1 rating,$56
HILL,$9.67,1440094561565,"4,397,145",60% bearish,of 5 ratings,$9
DRWI,$0.2509,1440094561593,"387,092",60% bullish,of 5 ratings,$.45
DRWIW,$0.068,1440094561666,200,Not yet rated,NULL,N/A
DWA,$18.15,1440094561797,"229,615",63% bullish,of 8 ratings,$26
DRYS,$0.3456,1440094561890,"2,066,844",77% bullish,of 31 ratings,$.60
DSKX,$3.17,1440094561997,"102,608",100% bullish,of 1 rating,N/A
DSPG,$8.79,1440094562047,"23,765",100% bearish,of 1 rating,$13.50
CADTU,NULL,1440094562152,0,Not yet rated,NULL,N/A
CADT,NULL,1440094562195,0,Not yet rated,NULL,N/A
CADTR,NULL,1440094562230,0,Not yet rated,NULL,N/A
DNKN,$50.325,1440094562297,"846,065",67% bullish,of 15 ratings,$56.50
CADTW,NULL,1440094562328,0,Not yet rated,NULL,N/A
DTSI,$27.02,1440094562432,"34,271",100% bearish,of 2 ratings,$39.50
DRRX,$2.01,1440094562530,"110,730",50% bullish,of 6 ratings,$3
DXPE,$28.239,1440094562558,"60,410",50% bullish,of 2 ratings,N/A
DYAX,$22.36,1440094562743,"110,731",89% bullish,of 9 ratings,$30
DYSL,$1.6198,1440094562769,"373,184",100% bullish,of 2 ratings,N/A
DVAX,$28.14,1440094562974,"133,200",70% bullish,of 10 ratings,$40
DYNT,$2.95,1440094563006,"5,642",75% bullish,of 4 ratings,N/A
BOOM,$10.24,1440094563049,"31,713",67% bullish,of 3 ratings,$12
ETFC,$26.77,1440094563109,"1,013,532",57% bullish,of 14 ratings,$33
EBMT,$11.46,1440094563138,"1,300",Not yet rated,NULL,$13.50
EGBN,$43.51,1440094563185,"27,004",Not yet rated,NULL,$48
EGRX,$65.56,1440094563267,"161,473",67% bullish,of 3 ratings,$97
EGLE,$6.615,1440094563297,"8,456",60% bullish,of 5 ratings,N/A
ELNK,$8.6,1440094563458,"286,275",60% bullish,of 5 ratings,$9.50
EROC,$1.17,1440094563506,"184,232",50% bullish,of 2 ratings,$3
EWBC,$42.88,1440094563539,"683,266",100% bearish,of 1 rating,$50
EVBS,$6.45,1440094563699,886,Not yet rated,NULL,$7
EACQU,$10.2,1440094563725,944,Not yet rated,NULL,N/A
EML,$16.96,1440094563756,"12,900",Not yet rated,NULL,N/A
EBAY,$26.65,1440094563785,"5,091,429",81% bullish,of 117 ratings,$48
ELON,$0.5499,1440094563865,"28,912",50% bullish,of 2 ratings,N/A
EBIX,$29.56,1440094563937,"124,451",69% bullish,of 13 ratings,$40
ECHO,$25.61,1440094563965,"229,656",67% bearish,of 3 ratings,$35.50
EEI,$11.22,1440094564136,900,67% bearish,of 3 ratings,N/A
SATS,$45.485,1440094564158,"52,466",50% bullish,of 2 ratings,$60
ECACU,$10.09,1440094564191,"13,500",Not yet rated,NULL,N/A
ECTE,$1.4901,1440094564234,"5,900",75% bullish,of 4 ratings,N/A
EDAP,$3.45,1440094564320,"27,921",60% bullish,of 5 ratings,$4.50
ESES,$3.4,1440094564420,"1,649",100% bearish,of 1 rating,$7
EDGW,$7.15,1440094564551,"11,300",100% bearish,of 1 rating,N/A
EFUT,$4.2711,1440094564576,"1,000",Not yet rated,NULL,N/A
EDUC,$4.7,1440094564613,"5,966",100% bearish,of 1 rating,N/A
EHTH,$14.25,1440094564707,"51,525",50% bullish,of 4 ratings,$16.50
EGLT,$11.3,1440094564745,"103,128",50% bullish,of 2 ratings,$21
EGAN,$3.5,1440094564772,"105,300",50% bullish,of 2 ratings,$6.25
LOCO,$12.6699,1440094564847,"1,121,936",69% bullish,of 13 ratings,$20
ESLT,$81.0001,1440094564928,"4,256",100% bullish,of 2 ratings,N/A
EMITF,$1.299,1440094564956,"3,704",75% bullish,of 4 ratings,N/A
ELRC,$10.26,1440094565127,"8,460",100% bearish,of 1 rating,N/A
ERI,$9.485,1440094565177,"45,046",100% bearish,of 1 rating,$10
ESIO,$4.63,1440094565203,"46,905",50% bullish,of 2 ratings,$10
EA,$68.5,1440094565261,"1,865,510",77% bullish,of 35 ratings,$80
EFII,$44.39,1440094565391,"46,493",80% bullish,of 5 ratings,$55
ELSE,$4.07,1440094565416,486,60% bullish,of 5 ratings,N/A
ELECU,NULL,1440094565574,0,Not yet rated,NULL,N/A
ELEC,NULL,1440094565614,0,Not yet rated,NULL,N/A
ELECW,NULL,1440094565673,0,Not yet rated,NULL,N/A
EBIO,$3.195,1440094565695,"459,494",100% bearish,of 2 ratings,$8.35
RDEN,$10.64,1440094565734,"40,856",100% bearish,of 4 ratings,$15
CAPX,NULL,1440094565777,0,Not yet rated,NULL,N/A
ESBK,$19.5,1440094565828,"2,800",Not yet rated,NULL,N/A
LONG,$17.065,1440094565865,"21,651",67% bullish,of 3 ratings,$15.75
ELTK,$1.13,1440094566074,"25,248",67% bearish,of 3 ratings,N/A
EMCI,$23.665,1440094566152,"8,250",Not yet rated,NULL,N/A
EMCF,NULL,1440094566336,0,100% bearish,of 1 rating,N/A
EMMS,$1.324,1440094566388,"16,400",67% bullish,of 6 ratings,N/A
NYNY,$4.1,1440094566416,"32,843",50% bullish,of 2 ratings,N/A
ERS,$3.39,1440094566438,"1,385",Not yet rated,NULL,N/A
EMMSP,NULL,1440094566472,0,100% bearish,of 1 rating,N/A
EMKR,$7.045,1440094566504,"39,923",75% bullish,of 4 ratings,$8.50
ENDP,$82.175,1440094566572,"614,481",50% bullish,of 6 ratings,$104
WIRE,$32.81,1440094566608,"23,227",100% bearish,of 1 rating,$37
ECYT,$5.05,1440094566758,"141,959",83% bullish,of 6 ratings,$12
ENTA,$40.785,1440094566791,"70,947",50% bullish,of 2 ratings,$42
ECPG,$39.4,1440094566813,"68,276",100% bullish,of 2 ratings,$52
ELGX,$13.09,1440094566846,"318,622",75% bullish,of 4 ratings,$17
EIGI,$15.51,1440094566945,"267,429",67% bearish,of 3 ratings,$20
WATT,$6.9802,1440094567093,"44,481",50% bullish,of 2 ratings,$13
ENOC,$8.05,1440094567232,"79,669",75% bullish,of 4 ratings,$18
EFOI,$17.06,1440094567259,"426,080",50% bullish,of 2 ratings,$20.50
ERII,$2.841,1440094567286,"30,778",80% bullish,of 5 ratings,$2.50
EXXI,$1.58,1440094567308,"669,618",86% bullish,of 7 ratings,$3.50
ENPH,$4.55,1440094567442,"290,919",75% bullish,of 4 ratings,$11
ENG,$1.05,1440094567474,"19,556",100% bullish,of 3 ratings,N/A
ENFC,$18.1337,1440094567575,"2,684",Not yet rated,NULL,N/A
ESGR,$152.07,1440094567607,"17,486",100% bearish,of 1 rating,$185
ENTG,$13.99,1440094567680,"97,792",100% bearish,of 1 rating,$18
ENTL,$22.19,1440094567712,"23,569",Not yet rated,NULL,$28
ETRM,$0.2451,1440094567785,"286,825",69% bearish,of 35 ratings,$1.625
EBTC,$20.62,1440094567814,"1,735",Not yet rated,NULL,N/A
EFSC,$24.7289,1440094567920,"13,012",Not yet rated,NULL,$27
EGT,$2.15,1440094568078,"6,725",100% bullish,of 1 rating,N/A
ENVI,$1.7701,1440094568112,"5,814",67% bullish,of 3 ratings,N/A
ENZN,$1.1,1440094568248,"229,265",100% bullish,of 9 ratings,N/A
ENZY,$8.97,1440094568285,"5,576",67% bullish,of 3 ratings,$9.50
EPIQ,$13.94,1440094568380,"36,641",100% bearish,of 1 rating,$18
EPRS,$4.8,1440094568409,"58,696",82% bullish,of 11 ratings,$15
EPZM,$16.23,1440094568438,"79,825",60% bullish,of 5 ratings,$34
EQIX,$281.94,1440094568509,"124,958",67% bullish,of 3 ratings,$312.50
EQFN,$8.3,1440094568674,"2,400",Not yet rated,NULL,N/A
PLUS,$78.93,1440094568732,"127,812",50% bullish,of 2 ratings,$88
EAC,$3.69,1440094568758,"10,962",100% bearish,of 1 rating,$8
ERIC,$9.87,1440094568806,"662,433",63% bullish,of 8 ratings,$13.30
ERIE,$87.43,1440094568893,"6,201",Not yet rated,NULL,$73
ESCA,$18.35,1440094568919,"4,329",100% bearish,of 1 rating,$22
ESCR,$0.181,1440094568945,"40,816",50% bullish,of 2 ratings,N/A
ESCRP,NULL,1440094569110,0,100% bearish,of 1 rating,N/A
ESMC,$1.3,1440094569242,101,Not yet rated,NULL,N/A
ESSA,$12.8676,1440094569299,"3,854",100% bearish,of 1 rating,N/A
ESND,$35.93,1440094569327,"28,724",50% bullish,of 2 ratings,$40
ESPR,$52.1746,1440094569381,"977,555",67% bearish,of 9 ratings,$123
EPIX,NULL,1440094569412,0,Not yet rated,NULL,N/A
ETSY,$14.5001,1440094569513,"398,898",80% bullish,of 5 ratings,$16
ESSX,$0.48,1440094569649,"18,600",50% bullish,of 2 ratings,N/A
ESEA,$6.12,1440094569710,"2,047",100% bullish,of 1 rating,$15
CLWT,NULL,1440094569737,0,100% bearish,of 1 rating,N/A
EVEP,$7.759,1440094569870,"160,827",50% bullish,of 2 ratings,$15
EEFT,$68,1440094569896,"82,791",100% bearish,of 1 rating,$67.50
EVK,$3.86,1440094569945,"1,312",75% bearish,of 4 ratings,N/A
EVOK,$4.22,1440094570040,"146,384",100% bearish,of 1 rating,$13.75
EVLV,$2.2,1440094570107,"66,371",60% bullish,of 5 ratings,$6.50
EXA,$10.705,1440094570136,"5,522",100% bearish,of 1 rating,$13
EVOL,$6.168,1440094570267,"8,287",75% bullish,of 4 ratings,$10
EXAS,$21.8019,1440094570293,"278,729",78% bullish,of 9 ratings,$31
EXAC,$18.87,1440094570322,"13,173",100% bearish,of 1 rating,$22.50
EXEL,$5.4803,1440094570350,"1,557,349",81% bullish,of 16 ratings,$6
EXFO,$2.83,1440094570501,"2,900",67% bearish,of 3 ratings,$3.95
EXLS,$37.11,1440094570638,"41,834",100% bullish,of 1 rating,$41
EXPE,$119.14,1440094570665,"310,165",64% bullish,of 11 ratings,$130
EXPD,$49.56,1440094570691,"888,143",80% bullish,of 5 ratings,$50.50
EXPO,$43.12,1440094570748,"17,097",100% bearish,of 1 rating,$45.50
EXLP,$19.4954,1440094570885,"39,164",100% bearish,of 1 rating,$27
ESRX,$88.48,1440094570910,"1,214,193",67% bearish,of 6 ratings,$101
EYEGW,NULL,1440094571089,0,Not yet rated,NULL,N/A
EZCH,$21.26,1440094571138,"50,138",75% bullish,of 8 ratings,$19.50
EXTR,$2.89,1440094571167,"449,272",80% bullish,of 5 ratings,$3
EYEG,$4.25,1440094571202,"13,485",Not yet rated,NULL,N/A
EZPW,$6.08,1440094571234,"71,827",50% bullish,of 4 ratings,$7.50
FFIV,$128.03,1440094571301,"446,478",63% bullish,of 8 ratings,$132
FB,$91.31,1440094571333,"17,408,313",73% bullish,of 1065 ratings,$111
FWM,$2.32,1440094571594,"70,061",100% bearish,of 2 ratings,$3.20
FCS,$13.45,1440094571730,"432,186",67% bearish,of 3 ratings,$17
FARM,$22.37,1440094571762,"6,714",100% bearish,of 1 rating,$35
FALC,$1.62,1440094571783,"23,153",63% bearish,of 8 ratings,N/A
FRP,$16.945,1440094571813,"24,150",100% bearish,of 1 rating,$18
FFKT,$26.6941,1440094571842,"2,305",Not yet rated,NULL,$29
DAVE,$14.055,1440094571873,"12,329",100% bearish,of 1 rating,$15.50
FMNB,$8.1,1440094571977,"3,387",Not yet rated,NULL,N/A
FAST,$39.66,1440094572218,"580,817",80% bullish,of 5 ratings,$46
FATE,$6.04,1440094572247,"109,622",50% bullish,of 2 ratings,$11
FARO,$38.985,1440094572273,"44,919",50% bullish,of 2 ratings,$48
FBRC,$22.8,1440094572409,"3,325",100% bearish,of 1 rating,$29
FBSS,$15.451,1440094572434,163,Not yet rated,NULL,N/A
FDML,$9.165,1440094572463,"95,786",50% bullish,of 4 ratings,$14
FNHC,$22.63,1440094572489,"26,426",100% bearish,of 1 rating,$35
FEIC,$79.94,1440094572713,"148,925",50% bullish,of 2 ratings,$95.50
FHCO,$1.4,1440094572768,"14,160",50% bullish,of 4 ratings,N/A
FCSC,$5.77,1440094572810,"72,853",100% bearish,of 1 rating,$8.125
FENX,$9.735,1440094572861,"14,809",100% bullish,of 1 rating,$14.25
FGEN,$24.43,1440094572888,"88,449",100% bearish,of 1 rating,$39
ONEQ,$193.22,1440094572915,"11,840",100% bullish,of 1 rating,N/A
LION,$19.4393,1440094573059,"38,366",100% bullish,of 1 rating,$20
FDUS,$14.82,1440094573086,"12,588",100% bullish,of 1 rating,$18
FRGI,$53.5,1440094573142,"59,775",50% bullish,of 2 ratings,$70
FSAM,$8.88,1440094573316,"1,532",100% bearish,of 1 rating,$11
FSCFL,$24.89,1440094573344,"6,305",Not yet rated,NULL,N/A
FSC,$6.595,1440094573366,"462,002",75% bullish,of 4 ratings,$8
FITB,$20.56,1440094573588,"2,193,513",54% bullish,of 13 ratings,$22
FITBI,$27.74,1440094573638,"4,589",Not yet rated,NULL,N/A
FNGN,$34.325,1440094573680,"157,586",67% bullish,of 3 ratings,$47
FSFR,$9.125,1440094573706,"42,893",100% bearish,of 1 rating,$11.50
FISI,$24.75,1440094573766,"36,417",100% bullish,of 2 ratings,$24.50
FNTC,$9.82,1440094573836,100,Not yet rated,NULL,N/A
FNSR,$15.91,1440094573862,"580,258",71% bullish,of 7 ratings,$24.50
FNJN,$1.73,1440094573891,"5,972",100% bearish,of 1 rating,$5
FNTCW,NULL,1440094574168,0,Not yet rated,NULL,N/A
FNTCU,NULL,1440094574223,0,Not yet rated,NULL,N/A
FEYE,$40.58,1440094574302,"2,440,488",87% bullish,of 15 ratings,$55.50
FNLC,$18.8,1440094574333,"2,710",100% bullish,of 1 rating,N/A
FBNC,$16.92,1440094574354,"13,557",100% bullish,of 1 rating,$20
BUSE,$6.37,1440094574436,"33,562",Not yet rated,NULL,$6.875
FRBA,$6.0499,1440094574617,500,Not yet rated,NULL,$8
FCVA,$4.78,1440094574837,"1,580",Not yet rated,NULL,N/A
FBIZ,$43.75,1440094574868,"6,836",100% bearish,of 2 ratings,$52
FCNCA,$242.884,1440094574923,"1,238",Not yet rated,NULL,N/A
FCAP,$27,1440094574948,200,Not yet rated,NULL,N/A
FCFS,$38.59,1440094575012,"42,598",100% bearish,of 2 ratings,$48
FCLF,NULL,1440094575037,0,Not yet rated,NULL,N/A
FCBC,$17.69,1440094575088,"6,801",Not yet rated,NULL,$18
FCCO,$11.9,1440094575180,836,Not yet rated,NULL,$13.25
FDEF,$37.97,1440094575446,"18,112",Not yet rated,NULL,$38
FCFP,$6.824,1440094575495,"1,500",Not yet rated,NULL,N/A
FFBCW,NULL,1440094575599,0,100% bearish,of 1 rating,N/A
FFIN,$31.23,1440094575629,"66,010",50% bullish,of 2 ratings,$31.75
FBNK,$16.39,1440094575659,"5,346",100% bearish,of 1 rating,$17.50
FFNM,$6.42,1440094575733,100,Not yet rated,NULL,N/A
FFBC,$19.0999,1440094575763,"52,454",67% bearish,of 3 ratings,$20.25
FFNW,$12.5511,1440094575798,"20,714",Not yet rated,NULL,$14
FFWM,$21.5,1440094575893,"6,916",Not yet rated,NULL,$24
THFF,$33.34,1440094575921,"3,757",Not yet rated,NULL,$35
FIBK,$27.3,1440094576081,"21,534",Not yet rated,NULL,$32
INBK,$32.142,1440094576114,"7,164",50% bullish,of 2 ratings,$37
FRME,$25.6,1440094576216,"72,915",Not yet rated,NULL,$26.50
FMBH,NULL,1440094576307,0,Not yet rated,NULL,N/A
FMBI,$18.03,1440094576373,"98,075",Not yet rated,NULL,$20
FNFG,$9.46,1440094576443,"962,487",80% bullish,of 5 ratings,$9
FNBC,$34.86,1440094576471,"36,006",Not yet rated,NULL,$41.50
FNWB,$12.06,1440094576601,"6,470",Not yet rated,NULL,N/A
FSFG,$31.12,1440094576631,100,Not yet rated,NULL,N/A
FSLR,$48.27,1440094576734,"710,947",74% bullish,of 39 ratings,$65
FSBK,$7.9101,1440094576761,"4,389",100% bullish,of 1 rating,N/A
FSGI,$2.49,1440094576794,"2,957",Not yet rated,NULL,N/A
BICK,$19.93,1440094576823,400,100% bullish,of 1 rating,N/A
FBZ,NULL,1440094576923,0,Not yet rated,NULL,N/A
FCAN,$24.74,1440094577055,"1,429",Not yet rated,NULL,N/A
FTCS,$37.9128,1440094577087,"27,499",Not yet rated,NULL,N/A
FV,$24.04,1440094577184,"925,920",Not yet rated,NULL,N/A
FCA,$20.8905,1440094577215,"3,750",Not yet rated,NULL,N/A
IFV,$18.118,1440094577241,"1,154,526",100% bearish,of 1 rating,N/A
FEMB,$42.01,1440094577378,100,Not yet rated,NULL,N/A
FTSM,$59.93,1440094577463,"7,400",100% bearish,of 1 rating,N/A
TDIV,$25.29,1440094577493,"105,155",100% bearish,of 1 rating,N/A
FGM,$35.85,1440094577599,"24,814",Not yet rated,NULL,N/A
FEUZ,$31.41,1440094577625,697,Not yet rated,NULL,N/A
MDIV,$19.73,1440094577696,"105,551",Not yet rated,NULL,N/A
FTHI,$20.24,1440094577769,"5,292",Not yet rated,NULL,N/A
FTGC,$22.5701,1440094577801,"61,633",Not yet rated,NULL,N/A
FHK,$33.8301,1440094577907,"63,007",Not yet rated,NULL,N/A
HYLS,$49.7101,1440094577943,"13,918",100% bearish,of 1 rating,N/A
FPXI,$28.25,1440094578135,"1,025",Not yet rated,NULL,N/A
YDIV,$16.81,1440094578161,"5,437",Not yet rated,NULL,N/A
SKYY,$29.7396,1440094578190,"28,004",100% bullish,of 1 rating,N/A
CU,$13.0141,1440094578212,"6,210",100% bearish,of 1 rating,N/A
FJP,$48.11,1440094578389,"65,455",Not yet rated,NULL,N/A
PLTM,$6.6987,1440094578469,"4,632",100% bearish,of 1 rating,N/A
LMBS,$50.48,1440094578497,"9,114",Not yet rated,NULL,N/A
FTLB,NULL,1440094578550,0,100% bearish,of 1 rating,N/A
QABA,$38.36,1440094578633,"20,977",100% bearish,of 1 rating,N/A
FMB,$51.14,1440094578776,"4,628",Not yet rated,NULL,N/A
CIBR,$18.7311,1440094578868,"85,137",Not yet rated,NULL,N/A
QCLN,$15.32,1440094579008,"14,561",Not yet rated,NULL,N/A
GRID,$32.3901,1440094579112,100,100% bearish,of 1 rating,N/A
FONE,$35.26,1440094579137,"1,849",Not yet rated,NULL,N/A
RDVY,$22.0599,1440094579182,"1,646",Not yet rated,NULL,N/A
CARZ,$35.8184,1440094579213,"1,457",100% bearish,of 1 rating,N/A
QQEW,$42.88,1440094579234,"79,960",Not yet rated,NULL,N/A
QQXT,$41.8602,1440094579313,"3,566",Not yet rated,NULL,N/A
AIRR,$16.521,1440094579421,"3,859",100% bearish,of 1 rating,N/A
QINC,NULL,1440094579629,0,Not yet rated,NULL,N/A
FTSL,$48.9662,1440094579663,"27,132",100% bearish,of 1 rating,N/A
QTEC,$40.8245,1440094579684,"49,462",Not yet rated,NULL,N/A
FDIV,$48.09,1440094579714,323,100% bearish,of 1 rating,N/A
FKO,NULL,1440094579764,0,Not yet rated,NULL,N/A
FSZ,$39.84,1440094579789,"18,782",Not yet rated,NULL,N/A
TUSA,NULL,1440094580066,0,Not yet rated,NULL,N/A
FKU,$42.96,1440094580105,"16,194",Not yet rated,NULL,N/A
FTW,NULL,1440094580198,0,Not yet rated,NULL,N/A
SVVC,$10.5701,1440094580230,"10,575",100% bullish,of 1 rating,$26
FUNC,$8.3194,1440094580259,"2,300",Not yet rated,NULL,N/A
FMER,$18.02,1440094580286,"324,198",50% bullish,of 2 ratings,$20
FSV,$32.06,1440094580356,"2,645",Not yet rated,NULL,$33.60
FISV,$89.01,1440094580462,"329,766",100% bearish,of 3 ratings,$90
FIVN,$4.18,1440094580686,"232,130",100% bullish,of 1 rating,$8.50
FPRX,$18.0601,1440094580712,"125,875",50% bullish,of 2 ratings,$35
FLKS,$14.26,1440094580761,"40,697",50% bullish,of 2 ratings,$27
FIVE,$36.34,1440094580787,"107,901",75% bearish,of 4 ratings,$44
FLXN,$24.245,1440094580841,"53,115",100% bearish,of 1 rating,$40
FLML,$21.14,1440094580869,"92,924",50% bullish,of 2 ratings,$30
SKOR,$50.5,1440094580947,200,Not yet rated,NULL,N/A
MBSD,$24.932,1440094581001,805,Not yet rated,NULL,N/A
FLXS,$32.36,1440094581186,"30,031",100% bearish,of 2 ratings,N/A
FLEX,$10.815,1440094581215,"1,057,611",63% bullish,of 8 ratings,$12
FLIR,$29.78,1440094581249,"308,060",100% bearish,of 1 rating,$38.50
FLDM,$12.745,1440094581347,"249,421",67% bearish,of 3 ratings,$21.50
FFIC,$20.47,1440094581377,"10,565",Not yet rated,NULL,$21
FOMX,$10.11,1440094581405,"208,739",50% bullish,of 2 ratings,$23.50
FOGO,$18.89,1440094581479,"77,868",50% bullish,of 2 ratings,$25.50
FES,$0.9484,1440094581638,300,50% bullish,of 2 ratings,$1
FORTY,NULL,1440094581683,0,Not yet rated,NULL,N/A
FORR,$32.82,1440094581783,"12,970",Not yet rated,NULL,N/A
FTNT,$44.9601,1440094581815,"867,746",80% bullish,of 10 ratings,$52
FONR,$9.8999,1440094581846,"18,411",100% bullish,of 1 rating,N/A
FORM,$6.15,1440094581914,"67,144",67% bullish,of 3 ratings,$10.50
FBIO,$2.8028,1440094581947,"71,721",83% bullish,of 6 ratings,N/A
FWRD,$48.12,1440094581976,"161,691",100% bearish,of 1 rating,$50
FORD,$1.04,1440094582081,"89,111",50% bullish,of 2 ratings,N/A
FMI,$20.04,1440094582237,"75,801",100% bearish,of 2 ratings,$27.50
FWP,$25.41,1440094582264,"7,626",100% bearish,of 1 rating,$45
FOSL,$60.98,1440094582294,"395,959",50% bullish,of 4 ratings,$70
FXCB,$17.27,1440094582394,"1,084",Not yet rated,NULL,$19
FOXF,$15.4,1440094582502,"14,785",100% bearish,of 1 rating,$19
FELE,$29.41,1440094582533,"118,347",50% bullish,of 4 ratings,$33
FRAN,$10.28,1440094582561,"224,387",50% bullish,of 4 ratings,$15
FREE,$0.5001,1440094582634,"2,164,940",92% bullish,of 12 ratings,N/A
RAIL,$20.74,1440094582691,"36,138",100% bearish,of 1 rating,$24.50
FRED,$14.44,1440094582720,"44,627",50% bullish,of 2 ratings,$16.50
FEIM,$11.09,1440094582849,"2,300",100% bearish,of 1 rating,N/A
FRPT,$13.29,1440094583034,"144,030",67% bearish,of 3 ratings,$23.50
FTRPR,$103.57,1440094583064,"101,848",100% bearish,of 1 rating,N/A
FTR,$5.27,1440094583170,"9,029,486",78% bullish,of 27 ratings,$6.25
FSBW,$23.44,1440094583200,1,Not yet rated,NULL,N/A
FRPH,$31.02,1440094583245,447,100% bearish,of 1 rating,N/A
FSYS,$6.52,1440094583280,"29,051",67% bullish,of 3 ratings,$10
FTD,$30.15,1440094583301,"25,398",100% bearish,of 1 rating,$40
FTEK,$2.195,1440094583383,"20,225",75% bullish,of 4 ratings,N/A
FULLL,$25.38,1440094583487,"2,400",Not yet rated,NULL,N/A
FULL,$3.1801,1440094583515,"7,197",67% bearish,of 3 ratings,$4.25
FLL,$1.5407,1440094583643,"57,795",75% bullish,of 4 ratings,$2.825
FCEL,$0.7784,1440094583669,"524,561",88% bullish,of 40 ratings,$2.65
FULT,$12.6487,1440094583697,"291,726",100% bearish,of 1 rating,$13
FFHL,NULL,1440094583907,0,50% bullish,of 4 ratings,N/A
FXEN,$0.9701,1440094583932,"35,650",75% bullish,of 4 ratings,$1.10
FSNN,$2.552,1440094583961,"1,600",67% bullish,of 3 ratings,$6
GK,$71.02,1440094584092,"13,118",Not yet rated,NULL,$78
FXENP,$16.25,1440094584129,400,100% bearish,of 1 rating,N/A
WILC,$5.1499,1440094584157,"5,470",100% bullish,of 2 ratings,N/A
GLPG,$63.9077,1440094584196,"4,835",100% bullish,of 1 rating,$75
GAIA,$5.9,1440094584224,"9,465",50% bullish,of 2 ratings,$8.50
GALT,$1.98,1440094584362,"54,251",80% bullish,of 5 ratings,N/A
GALTW,NULL,1440094584541,0,100% bullish,of 1 rating,N/A
GALTU,NULL,1440094584593,0,100% bearish,of 1 rating,N/A
GALE,$1.3599,1440094584622,"644,336",89% bullish,of 47 ratings,$4
GLMD,$8.5366,1440094584643,"2,071",67% bullish,of 3 ratings,$20.50
GRMN,$39.43,1440094584684,"264,290",50% bullish,of 6 ratings,$48
GPIC,$10.89,1440094584773,200,100% bearish,of 1 rating,N/A
GLPI,$32.71,1440094584799,"134,891",100% bearish,of 1 rating,$37.50
GGACU,NULL,1440094584997,0,Not yet rated,NULL,N/A
GGAC,NULL,1440094585022,0,100% bearish,of 1 rating,N/A
GGACR,NULL,1440094585081,0,100% bullish,of 1 rating,N/A
GENC,$9.5001,1440094585211,600,100% bearish,of 1 rating,N/A
GGACW,$0.12,1440094585237,500,Not yet rated,NULL,N/A
GARS,$14.81,1440094585272,"6,454",Not yet rated,NULL,$16
GNCMA,$17.02,1440094585364,"36,555",100% bearish,of 1 rating,$12
GFNCP,NULL,1440094585398,0,Not yet rated,NULL,N/A
GFNSL,$25.697,1440094585467,"1,700",Not yet rated,NULL,N/A
GFN,$3.8,1440094585495,"17,681",100% bearish,of 2 ratings,$8
GENE,$2.575,1440094585724,"137,528",100% bullish,of 12 ratings,N/A
GNMK,$9.11,1440094585752,"46,519",67% bullish,of 6 ratings,$14
GNCA,$12.25,1440094585782,"92,805",100% bearish,of 1 rating,$20
GHDX,$25.3,1440094585828,"40,024",50% bullish,of 2 ratings,$30
GNTX,$15.375,1440094585882,"634,974",Not yet rated,NULL,$20
THRM,$45.01,1440094585976,"105,604",75% bearish,of 4 ratings,$55.50
GNVC,$2.45,1440094586082,"3,810",90% bullish,of 10 ratings,$8.50
GTWN,$18.57,1440094586115,1,Not yet rated,NULL,N/A
GEOS,$15.18,1440094586218,"73,689",100% bearish,of 3 ratings,$25.50
GERN,$3.06,1440094586247,"431,207",88% bullish,of 16 ratings,$5.25
GEVO,$2.3525,1440094586275,"171,980",75% bullish,of 12 ratings,$5
GABC,$29.77,1440094586308,"7,660",Not yet rated,NULL,$31.50
ROCK,$18.22,1440094586406,"19,918",80% bullish,of 5 ratings,$24
GIGA,$1.39,1440094586474,"7,431",100% bearish,of 1 rating,N/A
GIII,$67.86,1440094586556,"45,761",67% bullish,of 3 ratings,$75
GIGM,$0.6206,1440094586656,"11,892",100% bullish,of 2 ratings,N/A
GILD,$113.3315,1440094586710,"2,992,906",91% bullish,of 86 ratings,$129
GILT,$4.48,1440094586761,"9,206",50% bullish,of 2 ratings,N/A
GBCI,$26.585,1440094586845,"119,992",50% bullish,of 2 ratings,$31
GLADO,$25.5,1440094587002,"1,341",Not yet rated,NULL,N/A
GLAD,$8.33,1440094587029,"34,973",50% bullish,of 2 ratings,$8.75
GOOD,$15.66,1440094587051,"12,281",Not yet rated,NULL,$19
GOODN,$25.6499,1440094587085,400,Not yet rated,NULL,N/A
GOODO,NULL,1440094587185,0,Not yet rated,NULL,N/A
GOODP,NULL,1440094587253,0,Not yet rated,NULL,N/A
GAINO,$25.7499,1440094587386,200,Not yet rated,NULL,N/A
GAIN,$7.7,1440094587435,"100,313",100% bullish,of 2 ratings,$8.25
GAINN,$25.466,1440094588143,"58,311",Not yet rated,NULL,N/A
GLBZ,NULL,1440094588272,0,Not yet rated,NULL,N/A
LAND,$9.53,1440094588357,"10,191",50% bullish,of 2 ratings,$13.75
GAINP,$26.065,1440094588384,"1,222",Not yet rated,NULL,N/A
GBT,$44.39,1440094588414,"63,037",100% bearish,of 1 rating,N/A
GDEF,NULL,1440094588444,0,Not yet rated,NULL,N/A
GBLI,$26.47,1440094588515,"6,300",Not yet rated,NULL,N/A
ENT,$11.56,1440094588541,"235,313",100% bearish,of 1 rating,$18
GPACU,NULL,1440094588670,0,Not yet rated,NULL,N/A
GSOL,$8.45,1440094588724,"5,647",100% bearish,of 1 rating,N/A
QQQC,$20.1959,1440094588769,"8,373",100% bearish,of 1 rating,N/A
ACTX,$13.78,1440094588857,"1,051",100% bullish,of 1 rating,N/A
ALTY,NULL,1440094588899,0,Not yet rated,NULL,N/A
SOCL,$17.79,1440094588932,"37,726",100% bullish,of 2 ratings,N/A
YLCO,$12.1099,1440094588952,100,Not yet rated,NULL,N/A
SRET,$13.85,1440094589030,"1,301",Not yet rated,NULL,N/A
GAI,$5.4001,1440094589307,"1,762",50% bullish,of 2 ratings,N/A
GSM,$13.5299,1440094589343,"136,529",50% bullish,of 2 ratings,$24.50
GLBS,$1.0701,1440094589370,"2,000",67% bullish,of 3 ratings,N/A
GBIM,$2.23,1440094589409,"10,093",50% bullish,of 2 ratings,N/A
GLRI,$1.163,1440094589440,"2,789",100% bearish,of 1 rating,$6
GLUU,$4.505,1440094589512,"1,738,530",92% bullish,of 26 ratings,$9
GLNG,$37.25,1440094589541,"264,427",83% bullish,of 6 ratings,$58
GOGO,$15.82,1440094589609,"346,701",80% bullish,of 5 ratings,$25
GDEN,$8.79,1440094589828,"6,495",50% bullish,of 2 ratings,N/A
GLDC,NULL,1440094589850,0,50% bullish,of 2 ratings,N/A
GMLP,$19.67,1440094589883,"110,966",50% bullish,of 4 ratings,$32.50
GLYC,$7.21,1440094589924,"1,712",50% bullish,of 2 ratings,$14
GBDC,$16.6,1440094590011,"30,828",Not yet rated,NULL,$17.75
GOGL,$3.16,1440094590039,"161,289",75% bullish,of 4 ratings,$5
GTIM,$6.155,1440094590098,"50,125",Not yet rated,NULL,$11.50
GOOG,$647.47,1440094590245,"762,809",89% bullish,of 65 ratings,$825
GOOGL,$679.32,1440094590273,"733,846",88% bullish,of 1079 ratings,$749
GPRO,$50.9799,1440094590295,"4,205,019",78% bullish,of 58 ratings,$72
GPIA,NULL,1440094590423,0,Not yet rated,NULL,N/A
GMAN,$4.53,1440094590449,"28,196",60% bullish,of 5 ratings,$8
GPIAW,NULL,1440094590633,0,Not yet rated,NULL,N/A
LOPE,$36.88,1440094590672,"105,779",100% bearish,of 2 ratings,$50
GPIAU,NULL,1440094590727,0,Not yet rated,NULL,N/A
GRVY,$3.67,1440094590756,519,50% bullish,of 2 ratings,N/A
GBSNU,$17.25,1440094590855,"3,050",Not yet rated,NULL,N/A
GBSN,$2.07,1440094590930,"66,003",100% bearish,of 1 rating,$8.25
GLDD,$5.475,1440094590987,"79,092",100% bearish,of 4 ratings,$7.75
GSBC,$40.79,1440094591156,"12,436",100% bullish,of 1 rating,$44
GPP,$14.85,1440094591205,"24,993",Not yet rated,NULL,$20.50
GRBK,$13.48,1440094591235,"88,844",77% bullish,of 13 ratings,N/A
GCBC,NULL,1440094591336,0,100% bullish,of 1 rating,N/A
GPRE,$20.03,1440094591391,"290,350",67% bullish,of 6 ratings,$28.50
GLRE,$25.98,1440094591427,"92,513",100% bullish,of 1 rating,$41
GRIF,NULL,1440094591496,0,100% bearish,of 1 rating,N/A
GRPN,$4.07,1440094591627,"3,769,818",61% bullish,of 71 ratings,$6.75
GRFS,$31.08,1440094591653,"43,550",50% bullish,of 2 ratings,$35
GGAL,$19.09,1440094591789,"135,299",80% bullish,of 5 ratings,$40
OMAB,$40.55,1440094591814,"15,912",100% bullish,of 1 rating,$44
GSIG,$13.29,1440094591842,"9,060",100% bearish,of 2 ratings,N/A
GSIT,$4.81,1440094591870,"6,632",100% bearish,of 1 rating,N/A
GNBC,$12.57,1440094592091,"4,399",100% bearish,of 1 rating,$17
GSVC,$9.3,1440094592129,"29,542",50% bullish,of 2 ratings,$14.50
GBNK,$15.815,1440094592173,"13,387",100% bearish,of 1 rating,$18
GFED,$14.8443,1440094592262,"1,000",Not yet rated,NULL,$17
GTXI,$0.92,1440094592297,"44,345",100% bullish,of 5 ratings,$.75
GULTU,$0.301,1440094592325,"3,298,579",100% bearish,of 1 rating,N/A
GUID,$7.75,1440094592395,"59,833",100% bearish,of 3 ratings,$10
GURE,$1.74,1440094592597,"39,858",88% bullish,of 8 ratings,N/A
GIFI,$12.41,1440094592627,"27,080",100% bearish,of 1 rating,$16
GPOR,$33.82,1440094592726,"404,145",75% bullish,of 4 ratings,$55
GWPH,$101.8799,1440094592810,"194,706",78% bullish,of 9 ratings,$148.50
HNRG,$7.165,1440094592967,"110,238",100% bearish,of 1 rating,$10
GWGH,$7.55,1440094593022,200,100% bearish,of 1 rating,$15.05
HLG,$9.3,1440094593098,"2,100",100% bearish,of 1 rating,N/A
HEES,$16.31,1440094593128,"146,821",67% bearish,of 3 ratings,$31
GYRO,$3.01,1440094593157,"7,326",100% bearish,of 1 rating,N/A
HALL,$11.5779,1440094593179,"3,758",Not yet rated,NULL,N/A
HALO,$17.94,1440094593264,"483,403",67% bullish,of 3 ratings,$22.50
HBK,$13.72,1440094593315,550,50% bullish,of 2 ratings,N/A
HMPR,$1.96,1440094593344,"183,205",100% bullish,of 1 rating,N/A
HBHCL,$24.59,1440094593471,"14,182",Not yet rated,NULL,N/A
HNH,$28.66,1440094593566,"7,969",100% bullish,of 1 rating,N/A
HBHC,$27.49,1440094593593,"115,872",50% bullish,of 2 ratings,$30
HQCL,$9.73,1440094593808,"7,515",67% bullish,of 3 ratings,N/A
HNSN,$0.5094,1440094593900,"25,163",88% bullish,of 8 ratings,$.40
HAFC,$24.8,1440094593928,"28,116",100% bullish,of 2 ratings,$28.50
HLIT,$5.67,1440094593975,"82,309",100% bearish,of 1 rating,$6.50
HDNG,$10.26,1440094594011,"1,066",50% bullish,of 4 ratings,N/A
HRMN,NULL,1440094594032,0,Not yet rated,NULL,N/A
HRMNU,NULL,1440094594101,0,Not yet rated,NULL,N/A
HRMNW,NULL,1440094594126,0,Not yet rated,NULL,N/A
HART,$0.6523,1440094594201,"89,278",100% bearish,of 1 rating,N/A
TINY,$2.4501,1440094594376,"18,776",50% bullish,of 2 ratings,$5.26
HCAPL,$25.51,1440094594402,"1,087",Not yet rated,NULL,N/A
HCAP,$12.114,1440094594428,"4,439",50% bullish,of 2 ratings,$15
HBIO,$4.33,1440094594478,"15,408",Not yet rated,NULL,$10
HAS,$78.36,1440094594803,"266,806",63% bullish,of 8 ratings,$84.50
HA,$24.68,1440094594842,"250,989",67% bullish,of 9 ratings,$27
HWBK,$13.49,1440094594897,328,100% bearish,of 1 rating,N/A
HWKN,$36.72,1440094595045,"6,733",Not yet rated,NULL,N/A
HCOM,$22.55,1440094595152,954,100% bearish,of 1 rating,$28
HIIQ,$4.59,1440094595229,"20,450",50% bullish,of 2 ratings,$7
HDS,$33.665,1440094595352,"494,047",100% bearish,of 2 ratings,$39.50
HAYN,$39.03,1440094595379,"28,819",100% bearish,of 1 rating,$59
HCSG,$34.095,1440094595404,"52,344",50% bullish,of 4 ratings,$35
HSTM,$24.99,1440094595438,"53,668",50% bullish,of 2 ratings,$33.75
HQY,$31.083,1440094595459,"108,574",67% bullish,of 3 ratings,$31
HWAY,$12.43,1440094595481,"111,292",100% bearish,of 1 rating,$15
HTLF,$36.5516,1440094595699,"19,061",100% bullish,of 1 rating,$39.50
HTLD,$20.63,1440094595779,"175,474",Not yet rated,NULL,$22.50
HTWR,$85.69,1440094595804,"51,297",50% bullish,of 2 ratings,$103
HTBX,$5.4324,1440094595842,"16,420",50% bullish,of 2 ratings,$15.50
HSII,$20.22,1440094595872,"35,605",100% bullish,of 3 ratings,$25
HELE,$89.17,1440094595977,"80,502",67% bearish,of 3 ratings,$100
HMNY,$2.29,1440094596025,"1,100",100% bearish,of 1 rating,N/A
HMTV,$12.97,1440094596158,806,100% bearish,of 1 rating,$16
HCACU,$10.02,1440094596229,200,Not yet rated,NULL,N/A
HTBK,$10.78,1440094596327,"25,699",Not yet rated,NULL,$12
HSIC,$143.84,1440094596361,"108,185",83% bullish,of 6 ratings,$146
HNNA,$23,1440094596383,"5,148",Not yet rated,NULL,N/A
HERO,$0.068,1440094596462,"690,700",81% bullish,of 16 ratings,$.75
HFWA,$17.99,1440094596490,"7,910",100% bullish,of 1 rating,$20
HEOP,$7.82,1440094596519,"4,652",Not yet rated,NULL,$8.50
HCCI,$11.85,1440094596572,"3,954",100% bearish,of 1 rating,$16.50
HRTX,$32.985,1440094596746,"230,820",67% bullish,of 6 ratings,$41
MLHR,$28.75,1440094596815,"71,893",50% bullish,of 2 ratings,$33.50
HSKA,$33.82,1440094596890,"17,088",100% bearish,of 1 rating,$38
HFFC,$16.2,1440094596950,"2,402",Not yet rated,NULL,N/A
HIBB,$39.62,1440094596980,"121,102",100% bearish,of 1 rating,$48.50
HPJ,$2.6489,1440094597034,"13,550",75% bullish,of 4 ratings,$12.43
HIHO,$4.11,1440094597090,"9,915",Not yet rated,NULL,N/A
HIMX,$6.57,1440094597166,"1,197,473",86% bullish,of 21 ratings,$8.50
HMSY,$9.19,1440094597405,"424,008",67% bullish,of 3 ratings,$19.35
HIFS,$118.35,1440094597440,461,Not yet rated,NULL,N/A
HMNF,$11.2,1440094597461,100,Not yet rated,NULL,N/A
HSGX,$6.29,1440094597483,"2,400",100% bearish,of 1 rating,$17
HOLI,$17.41,1440094597552,"171,159",50% bullish,of 4 ratings,$27
HOLX,$41.41,1440094597616,"453,171",67% bullish,of 3 ratings,$42
HBCP,$24.29,1440094597652,"1,645",Not yet rated,NULL,$29
HOMB,$39.87,1440094597798,"35,272",Not yet rated,NULL,$41
HFBL,$21.8,1440094597898,"6,661",Not yet rated,NULL,N/A
HMIN,$29.38,1440094597925,"66,195",100% bearish,of 2 ratings,$35
AWAY,$30.34,1440094597954,"282,211",67% bullish,of 3 ratings,$36
HKTV,$4.9101,1440094598102,"15,500",100% bearish,of 1 rating,N/A
CETC,$0.8272,1440094598132,"63,425",86% bullish,of 7 ratings,N/A
HMST,$21.315,1440094598209,"43,221",100% bullish,of 2 ratings,$27
HOFT,$24.6,1440094598348,"13,158",100% bearish,of 1 rating,N/A
HFBC,$11.5,1440094598380,"3,400",Not yet rated,NULL,N/A
HTBI,$18.55,1440094598489,"19,941",67% bullish,of 3 ratings,$18.625
HZNP,$30.02,1440094598516,"753,224",85% bullish,of 20 ratings,$40
HBNC,$24.58,1440094598538,"18,733",100% bullish,of 1 rating,$27
HRZN,$10.79,1440094598567,"29,876",100% bearish,of 1 rating,$14.25
HDP,$25.63,1440094598764,"167,914",67% bearish,of 3 ratings,$30.50
HMHC,$22.29,1440094598792,"172,928",Not yet rated,NULL,$27
ZINC,$7.51,1440094598824,"270,483",100% bearish,of 1 rating,$17
HOVNP,NULL,1440094598928,0,100% bearish,of 1 rating,N/A
HBMD,NULL,1440094598959,0,100% bearish,of 1 rating,N/A
HWCC,$7.2633,1440094598986,"32,921",100% bearish,of 1 rating,$9
HSNI,$62.08,1440094599008,"83,295",Not yet rated,NULL,$80
HTGM,$5.87,1440094599171,"8,884",100% bearish,of 1 rating,$19.50
HUBG,$40,1440094599303,"81,953",100% bearish,of 1 rating,$43
HCBK,$9.92,1440094599337,"628,790",83% bullish,of 6 ratings,$8.61
HSON,$2.87,1440094599372,"6,661",100% bearish,of 1 rating,$5
HDSN,$2.93,1440094599470,"41,324",100% bullish,of 1 rating,$6.25
HBAN,$11.4,1440094599631,"2,461,307",76% bullish,of 17 ratings,$12.50
HURC,$30.12,1440094599671,"8,796",100% bearish,of 1 rating,N/A
HBANP,$1358,1440094599696,79,100% bearish,of 1 rating,N/A
HDRA,$9.69,1440094599918,100,Not yet rated,NULL,N/A
HTCH,$1.64,1440094599950,"32,030",100% bearish,of 1 rating,$3.50
HURN,$74.2,1440094599972,"34,569",50% bullish,of 2 ratings,$80
HBP,$3.2,1440094600005,"2,800",100% bullish,of 1 rating,N/A
HDRAR,$0.3701,1440094600027,"1,700",Not yet rated,NULL,N/A
HDRAU,$10.1,1440094600174,"5,825",Not yet rated,NULL,N/A
HDRAW,NULL,1440094600205,0,Not yet rated,NULL,N/A
HYGS,$7.4,1440094600230,"15,182",50% bullish,of 2 ratings,$13
IDSY,$3.84,1440094600334,"13,038",100% bearish,of 1 rating,$7
IACI,$71.579,1440094600504,"403,723",75% bullish,of 4 ratings,$90
IBKC,$61.67,1440094600533,"50,046",100% bullish,of 1 rating,$70
IKGH,$1.71,1440094600561,"4,800",75% bullish,of 4 ratings,N/A
ICAD,$3.5,1440094600632,"18,335",50% bullish,of 2 ratings,$7.25
ICLR,$79.4,1440094600727,"142,460",100% bearish,of 3 ratings,$85
ICFI,$36.21,1440094600758,"43,612",50% bullish,of 2 ratings,$48.50
IEP,$68.92,1440094600787,"84,729",75% bullish,of 4 ratings,$99
IPWR,$7.5,1440094600956,"5,540",100% bullish,of 1 rating,$15
ICUI,$118.89,1440094600983,"35,171",Not yet rated,NULL,$122
ICON,$12.82,1440094601017,"190,520",50% bullish,of 2 ratings,$18.50
INVE,$4.6589,1440094601112,"47,276",75% bullish,of 4 ratings,$4
IDRA,$2.49,1440094601247,"974,117",89% bullish,of 9 ratings,$6.50
IDXX,$76.59,1440094601280,"181,082",100% bearish,of 1 rating,$77
DSKY,$11.94,1440094601302,"323,796",67% bullish,of 6 ratings,$11.50
IROQ,NULL,1440094601382,0,100% bullish,of 1 rating,N/A
IRG,$4.775,1440094601514,"11,364",100% bearish,of 1 rating,$4.50
RXDX,$12.35,1440094601548,"86,256",100% bullish,of 1 rating,$20
IIVI,$17.89,1440094601644,"84,603",100% bearish,of 1 rating,$22
KANG,$15.54,1440094601674,"278,049",50% bullish,of 2 ratings,$22.55
IKAN,$2.73,1440094601701,"28,500",83% bullish,of 6 ratings,$5
ILMN,$201.84,1440094601723,"323,425",80% bullish,of 5 ratings,$240
IMMR,$11.31,1440094601966,"127,203",80% bullish,of 5 ratings,$15.50
ISNS,$4.06,1440094601993,"19,051",50% bullish,of 2 ratings,N/A
IKNX,NULL,1440094602015,0,100% bearish,of 1 rating,N/A
IMNP,$1.4499,1440094602182,"69,204",50% bullish,of 2 ratings,$6
IMDZ,$15.72,1440094602208,"35,072",100% bearish,of 1 rating,$33
IMGN,$12.7,1440094602251,"337,679",75% bullish,of 4 ratings,$17.50
ICCC,$8.174,1440094602282,"10,459",100% bullish,of 1 rating,N/A
IMMU,$1.77,1440094602381,"259,858",86% bullish,of 7 ratings,$2
IPXL,$44.81,1440094602471,"255,973",67% bullish,of 3 ratings,$46.50
IMMY,$7.46,1440094602513,"13,388",100% bearish,of 1 rating,$11
INCR,$43.51,1440094602572,"165,739",50% bullish,of 2 ratings,$53
SAAS,$7.64,1440094602599,"179,208",50% bullish,of 2 ratings,$15
INCY,$109.77,1440094602733,"476,572",50% bullish,of 6 ratings,$125.50
INDB,$47.52,1440094602761,"30,795",Not yet rated,NULL,$44
IBTX,$43.47,1440094602816,"18,234",100% bullish,of 2 ratings,$47.25
IBCP,$14.35,1440094602896,"12,192",100% bullish,of 1 rating,$14.50
IDSA,$3.73,1440094603033,"5,227",Not yet rated,NULL,N/A
INFI,$9,1440094603064,"254,624",50% bullish,of 4 ratings,$18
INFN,$22.2199,1440094603095,"1,517,037",71% bullish,of 7 ratings,$28
IPCC,$81.2,1440094603197,"10,904",Not yet rated,NULL,$77.50
III,$4.25,1440094603394,"22,138",57% bullish,of 7 ratings,$6
IMKTA,$54.02,1440094603531,"38,610",100% bearish,of 1 rating,N/A
IFON,$1.22,1440094603558,"138,327",75% bullish,of 4 ratings,N/A
INOD,$2.518,1440094603579,"29,817",100% bearish,of 1 rating,N/A
INWK,$7.445,1440094603615,"42,780",50% bullish,of 2 ratings,$10
IPHS,$49.03,1440094603717,"20,997",100% bearish,of 1 rating,$60
INNL,$12.63,1440094603791,588,100% bearish,of 1 rating,$16.50
IOSP,$46.425,1440094603928,"39,067",100% bearish,of 1 rating,N/A
ISSC,$2.93,1440094603958,"8,862",67% bearish,of 3 ratings,N/A
ITEK,$14.59,1440094603999,"296,709",100% bearish,of 3 ratings,$20
INGN,$49.715,1440094604026,"65,601",100% bearish,of 1 rating,$50.50
INOV,$21.02,1440094604054,"120,963",100% bearish,of 1 rating,$33
NSIT,$26.39,1440094604208,"40,077",50% bullish,of 2 ratings,N/A
INO,$7.24,1440094604234,"600,584",89% bullish,of 18 ratings,$20
ISIG,$2.6,1440094604401,"14,350",100% bearish,of 1 rating,N/A
INSM,$26.07,1440094604428,"75,618",71% bullish,of 7 ratings,$31.50
INSY,$32.65,1440094604454,"305,472",75% bullish,of 4 ratings,$48
IIIN,$17.83,1440094604481,"31,021",100% bearish,of 2 ratings,N/A
PODD,$29.34,1440094604511,"218,190",50% bullish,of 2 ratings,$35
NTEC,$6.03,1440094604616,"12,278",Not yet rated,NULL,N/A
IART,$60.62,1440094604706,"93,081",100% bearish,of 1 rating,$71.50
IDTI,$17.74,1440094604786,"1,209,142",60% bullish,of 5 ratings,$25
IESC,$7.2,1440094604812,"2,100",100% bearish,of 1 rating,N/A
IPCI,$2.17,1440094604946,"22,371",67% bullish,of 6 ratings,$7.75
IQNT,$19.48,1440094604976,"317,985",86% bullish,of 7 ratings,$20
INTC,$27.7281,1440094604997,"10,354,452",82% bullish,of 238 ratings,$36
ISSI,$22.32,1440094605031,"232,367",67% bullish,of 3 ratings,$19.75
IPAR,$28.14,1440094605126,"17,459",67% bullish,of 3 ratings,$38
IBKR,$40.5,1440094605233,"274,131",100% bullish,of 1 rating,N/A
ICPT,$197.235,1440094605314,"118,938",70% bullish,of 10 ratings,$359.50
ININ,$39.89,1440094605375,"47,809",67% bearish,of 3 ratings,$57
IDCC,$48.67,1440094605504,"72,976",80% bullish,of 5 ratings,$63
ICLDW,NULL,1440094605556,0,100% bearish,of 1 rating,N/A
ICLD,$1.8,1440094605583,"193,466",75% bullish,of 4 ratings,N/A
TILE,$25.02,1440094605618,"208,355",67% bearish,of 3 ratings,$27
IMI,$2,1440094605716,"1,600",67% bullish,of 3 ratings,$2.22
IBOC,$26.4,1440094605744,"62,410",100% bearish,of 1 rating,N/A
ISCA,$32.15,1440094605778,"15,553",100% bearish,of 1 rating,N/A
INAP,$8.68,1440094605804,"62,991",75% bullish,of 4 ratings,$11
IIJI,$9.23,1440094606050,400,50% bullish,of 2 ratings,$11.50
IGLD,$7.25,1440094606086,712,50% bullish,of 2 ratings,N/A
PTNT,$3,1440094606113,810,Not yet rated,NULL,N/A
INPH,$0.3248,1440094606156,"12,518",50% bullish,of 2 ratings,N/A
XENT,$27.82,1440094606287,"80,006",50% bullish,of 2 ratings,$36.50
INTX,$2.52,1440094606394,"5,218",67% bullish,of 3 ratings,N/A
IILG,$21.03,1440094606426,"32,942",100% bearish,of 1 rating,$30.50
ISIL,$10.445,1440094606465,"254,878",50% bullish,of 6 ratings,$15
INTL,$27.01,1440094606526,"29,820",67% bearish,of 3 ratings,N/A
INTLL,$25.92,1440094606554,400,Not yet rated,NULL,N/A
IVAC,$4.955,1440094606591,"9,828",Not yet rated,NULL,$6.625
IIN,$6.42,1440094606691,510,100% bearish,of 1 rating,$12
ITCI,$28.75,1440094606723,"236,761",75% bearish,of 4 ratings,$40
INTU,$103.67,1440094606826,"329,964",100% bullish,of 7 ratings,$110.50
ISRG,$518.05,1440094606975,"49,239",67% bullish,of 3 ratings,$600
INVT,$0.282,1440094607003,"29,541",67% bullish,of 3 ratings,N/A
ISTR,$15.6,1440094607129,416,100% bearish,of 1 rating,$18.50
SNAK,$8.65,1440094607165,"41,658",50% bullish,of 2 ratings,$14
NVIV,$10.9,1440094607234,"162,008",50% bullish,of 4 ratings,$24.50
IPAS,$1.0621,1440094607261,"12,468",67% bullish,of 3 ratings,N/A
ISBC,$12.03,1440094607293,"1,062,341",100% bullish,of 1 rating,$13.25
ITIC,NULL,1440094607322,0,100% bearish,of 2 ratings,N/A
IVTY,$12.05,1440094607394,"16,110",Not yet rated,NULL,$18
DTUL,NULL,1440094607490,0,Not yet rated,NULL,N/A
DFVL,NULL,1440094607567,0,Not yet rated,NULL,N/A
IPGP,$87.605,1440094607741,"80,667",100% bearish,of 2 ratings,$109.50
IPCM,$79.15,1440094607786,"131,087",50% bullish,of 2 ratings,$80.125
IRMD,$25.273,1440094607922,"16,653",67% bearish,of 3 ratings,$25
IRIX,$7.1801,1440094607977,"14,500",100% bearish,of 1 rating,N/A
IRDMB,$267.5,1440094608025,120,67% bearish,of 3 ratings,N/A
IRBT,$30.06,1440094608108,"98,938",67% bullish,of 6 ratings,$37
IRDM,$6.7,1440094608194,"187,244",60% bullish,of 5 ratings,$11.50
IRWD,$11.14,1440094608223,"572,090",100% bearish,of 1 rating,$13
IRCP,$33.5,1440094608253,957,100% bullish,of 2 ratings,N/A
GNMA,$50.31,1440094608350,"2,346",Not yet rated,NULL,N/A
IFAS,$28.62,1440094608445,"1,100",Not yet rated,NULL,N/A
FCHI,$47.9,1440094608471,470,Not yet rated,NULL,N/A
COMT,$33.08,1440094608492,"4,200",100% bearish,of 1 rating,N/A
IFEU,$39.3801,1440094608526,"3,815",Not yet rated,NULL,N/A
IFGL,$29.6129,1440094608661,"14,641",Not yet rated,NULL,N/A
IFNA,$56.1,1440094608686,"4,750",Not yet rated,NULL,N/A
ACWX,$41.6335,1440094608830,"383,162",100% bearish,of 1 rating,N/A
ACWI,$57.52,1440094608875,"466,903",Not yet rated,NULL,N/A
AAXJ,$53.94,1440094608995,"1,007,438",Not yet rated,NULL,N/A
AXJS,NULL,1440094609027,0,Not yet rated,NULL,N/A
EEMA,$50.88,1440094609053,"10,304",Not yet rated,NULL,N/A
EEME,$38.47,1440094609129,571,100% bearish,of 1 rating,N/A
EMDI,$44.2402,1440094609189,860,Not yet rated,NULL,N/A
AAIT,$30.2135,1440094609223,306,100% bullish,of 1 rating,N/A
EMEY,$24.3966,1440094609320,500,Not yet rated,NULL,N/A
EGRW,$47.6799,1440094609375,"5,262",Not yet rated,NULL,N/A
EEML,$28.36,1440094609401,"1,220",Not yet rated,NULL,N/A
EVAL,$36.3,1440094609537,"3,982",Not yet rated,NULL,N/A
EUFN,$22.4945,1440094609565,"87,055",100% bearish,of 1 rating,N/A
IEUS,$46.2759,1440094609694,"2,277",100% bearish,of 1 rating,N/A
UAE,$18.16,1440094609823,"5,850",Not yet rated,NULL,N/A
SOXX,$81.55,1440094609853,"393,720",50% bullish,of 2 ratings,N/A
QAT,NULL,1440094609881,0,Not yet rated,NULL,N/A
IBB,$356,1440094609919,"561,391",63% bullish,of 8 ratings,N/A
EMIF,$29.2696,1440094609952,"3,694",Not yet rated,NULL,N/A
ICLN,$9.7235,1440094610080,"11,047",50% bullish,of 2 ratings,N/A
ISHG,$79.33,1440094610289,"1,873",100% bearish,of 1 rating,N/A
IGOV,$91.17,1440094610325,"9,708",100% bearish,of 1 rating,N/A
WOOD,$50.2447,1440094610353,"6,711",50% bullish,of 2 ratings,N/A
ISIS,$48.14,1440094610418,"471,781",53% bullish,of 15 ratings,$67
INDY,$29.06,1440094610444,"218,415",100% bullish,of 1 rating,N/A
ISLE,$17.59,1440094610482,"105,101",50% bullish,of 4 ratings,$16
ISRL,$136.99,1440094610524,121,100% bearish,of 1 rating,N/A
ITRI,$32.625,1440094610744,"103,505",Not yet rated,NULL,$37
ITUS,$4.4499,1440094610798,"4,100",Not yet rated,NULL,N/A
XXIA,$15.63,1440094610845,"132,573",71% bullish,of 7 ratings,$14.625
ITRN,$24.81,1440094610872,"1,763",50% bullish,of 2 ratings,N/A
IXYS,$10.77,1440094610953,"109,330",50% bullish,of 4 ratings,N/A
JJSF,$117.64,1440094611000,"11,028",100% bearish,of 1 rating,N/A
MAYS,$59,1440094611025,100,Not yet rated,NULL,N/A
JBHT,$78.83,1440094611195,"324,509",50% bullish,of 4 ratings,$89.50
JCOM,$71.61,1440094611267,"44,192",100% bullish,of 2 ratings,$77
JASO,$7.73,1440094611294,"464,451",82% bullish,of 17 ratings,$10
JXSB,NULL,1440094611449,0,Not yet rated,NULL,N/A
JKHY,$70.605,1440094611491,"74,141",50% bullish,of 2 ratings,$72
JAXB,$13.22,1440094611523,15,100% bullish,of 1 rating,N/A
JACK,$84.675,1440094611552,"182,135",83% bullish,of 6 ratings,$105
JAGX,$2.95,1440094611627,300,Not yet rated,NULL,N/A
JAKK,$9.66,1440094611689,"378,823",60% bearish,of 5 ratings,$10.50
JMBA,$13.41,1440094611796,"45,628",75% bullish,of 4 ratings,$18
JRVR,$26.72,1440094611853,"10,911",Not yet rated,NULL,$32
ERW,NULL,1440094611882,0,Not yet rated,NULL,N/A
JASN,$5,1440094611924,"30,952",50% bullish,of 2 ratings,$9.50
JAZZ,$183.575,1440094612061,"143,382",80% bullish,of 15 ratings,$206.50
JD,$25.31,1440094612092,"3,678,303",75% bullish,of 16 ratings,$36
JASNW,$0.25,1440094612120,"5,000",50% bullish,of 2 ratings,N/A
JBLU,$23.0899,1440094612190,"2,553,671",94% bullish,of 16 ratings,$27
JTPY,$3,1440094612288,"2,116",100% bearish,of 1 rating,N/A
JCTCF,NULL,1440094612329,0,100% bullish,of 1 rating,N/A
DATE,$6.4999,1440094612392,"115,322",75% bullish,of 4 ratings,$9
JST,$4.11,1440094612538,"29,168",75% bullish,of 4 ratings,N/A
JIVE,$4.095,1440094612567,"353,213",75% bullish,of 4 ratings,$5
WYIGU,$10.0524,1440094612698,400,Not yet rated,NULL,N/A
JOEZ,$0.18,1440094612728,"116,815",92% bullish,of 12 ratings,N/A
JBSS,$48.63,1440094612758,"13,283",67% bearish,of 3 ratings,N/A
JUNO,$38.992,1440094612785,"625,843",73% bullish,of 11 ratings,$71.50
JNP,$9.82,1440094612829,"9,585",100% bullish,of 3 ratings,$15
JOUT,$24.2375,1440094612920,"2,705",100% bearish,of 1 rating,$34
KTWO,$21.57,1440094613062,"104,862",100% bearish,of 1 rating,$28.50
KALU,$82.88,1440094613219,"52,513",67% bearish,of 3 ratings,$91
KBIO,$1.91,1440094613314,"36,237",50% bullish,of 4 ratings,N/A
KMDA,$3.709,1440094613354,"7,815",50% bullish,of 2 ratings,$8
KNDI,$7.2325,1440094613381,"249,757",86% bullish,of 22 ratings,N/A
KCLI,$47.6,1440094613449,"4,464",Not yet rated,NULL,N/A
KPTI,$13.22,1440094613476,"189,386",67% bearish,of 3 ratings,$39
