Symbol,Price,Date,Volume,Rating,RatingVoteCount,OneYearEstimate
TFSCU,NULL,1441044602994,0,Not yet rated,NULL,N/A
TFSCR,NULL,1441044603030,0,Not yet rated,NULL,N/A
VNET,$17.93,1441044603055,"226,509",60% bullish,of 5 ratings,$35
FCCY,$11.88,1441044603082,100,100% bullish,of 1 rating,$13
SRCE,$29.41,1441044603103,"7,383",100% bullish,of 3 ratings,$33
FLWS,$8.465,1441044603131,"308,957",80% bullish,of 5 ratings,$15
UGLD,$9.2601,1441044603437,"86,412",100% bearish,of 1 rating,N/A
DSLV,$68.885,1441044603520,"6,521",100% bearish,of 1 rating,N/A
FCTY,$7.79,1441044603617,"2,568",100% bullish,of 1 rating,$8.50
TFSC,NULL,1441044603647,0,100% bearish,of 1 rating,N/A
TFSCW,NULL,1441044603705,0,100% bearish,of 1 rating,N/A
TWOU,$34.915,1441044603838,"103,672",50% bullish,of 2 ratings,$39
PIH,$7.65,1441044603908,"3,000",100% bearish,of 1 rating,N/A
JOBS,$27.1,1441044603968,"38,709",50% bullish,of 4 ratings,$36
USLV,$12.5668,1441044604160,"171,815",86% bullish,of 7 ratings,N/A
CAFD,$14.98,1441044604363,"57,272",Not yet rated,NULL,$25
DGLD,$81.3299,1441044604407,"6,831",100% bullish,of 1 rating,N/A
SIXD,$2.38,1441044604435,"53,149",Not yet rated,NULL,N/A
EGHT,$7.87,1441044604456,"91,088",82% bullish,of 17 ratings,$11
AVHI,$13.95,1441044604503,"12,270",100% bearish,of 1 rating,$19
ABAX,$47.3,1441044604760,"32,362",100% bearish,of 1 rating,$60
ABEOW,$1.8689,1441044604833,"2,675",100% bullish,of 1 rating,N/A
SHLM,$34.49,1441044604938,"14,981",100% bearish,of 1 rating,$47
AAON,$20.71,1441044605005,"28,973",100% bearish,of 1 rating,$24
ABMD,$97.24,1441044605083,"134,731",75% bullish,of 4 ratings,$100.50
ACTG,$9.53,1441044605347,"54,212",67% bullish,of 3 ratings,$18.50
ABY,$22.83,1441044605385,"240,157",100% bearish,of 2 ratings,$46
ABGB,$5.84,1441044605512,"23,339",67% bullish,of 3 ratings,$5.50
AXAS,$1.95,1441044605610,"477,720",78% bullish,of 9 ratings,$3.50
ACAD,$37.42,1441044605673,"279,899",80% bullish,of 20 ratings,$48
ACHC,$73.8,1441044605737,"231,706",50% bullish,of 2 ratings,$92
ACST,$0.355,1441044605762,"17,365",100% bullish,of 2 ratings,N/A
ARAY,$6.85,1441044606165,"489,887",100% bearish,of 1 rating,$10.50
VXDN,$1.97,1441044606201,"32,010",100% bearish,of 1 rating,N/A
XLRN,$29.04,1441044606227,"33,162",50% bullish,of 2 ratings,$57
VXUP,$1.6,1441044606247,"40,429",100% bearish,of 1 rating,N/A
ACRX,$4.34,1441044606379,"150,656",67% bearish,of 6 ratings,$5.50
ANCX,$20.47,1441044606463,"11,935",Not yet rated,NULL,$20
ACET,$22.33,1441044606518,"17,617",75% bullish,of 4 ratings,$30
AKAO,$6.92,1441044606653,"20,846",75% bullish,of 4 ratings,$15
ACHN,$7.58,1441044606798,"812,758",90% bullish,of 21 ratings,$16
ACNB,$20,1441044606829,670,Not yet rated,NULL,N/A
ACIW,$21.44,1441044606931,"89,999",67% bearish,of 3 ratings,$24
ACPW,$2.0574,1441044607014,"101,128",100% bullish,of 4 ratings,$3.50
ACOR,$32.04,1441044607060,"255,440",67% bearish,of 3 ratings,$38.50
ACTS,$1.7001,1441044607086,"50,655",100% bearish,of 1 rating,N/A
ATVI,$28.76,1441044607364,"4,774,504",67% bullish,of 84 ratings,$31.50
ACUR,$3,1441044607424,"11,619",100% bullish,of 5 ratings,$5
ABEO,$4.78,1441044607496,"39,187",50% bullish,of 4 ratings,$15.50
ACTA,$14.16,1441044607521,"22,298",67% bearish,of 3 ratings,$25
ACXM,$21.06,1441044607557,"123,315",67% bullish,of 3 ratings,N/A
ADMS,$20.2,1441044607582,"16,958",100% bearish,of 2 ratings,$36
AXDX,$19.42,1441044607649,"55,482",100% bearish,of 1 rating,N/A
ADMP,$3.6235,1441044607674,"3,732",50% bullish,of 2 ratings,$10
ADEP,$7.44,1441044607956,"46,814",50% bullish,of 2 ratings,$10.75
ADAP,$11.36,1441044607988,"7,242",67% bullish,of 3 ratings,$22
ADUS,$28.82,1441044608018,"24,647",100% bearish,of 1 rating,$31
AEY,$2.3121,1441044608089,"1,000",100% bearish,of 2 ratings,N/A
ADMA,$9.38,1441044608118,"6,562",Not yet rated,NULL,$19
ADRO,$19.49,1441044608406,"131,073",80% bullish,of 5 ratings,$45.50
ADBE,$78.745,1441044608431,"609,557",65% bullish,of 17 ratings,$90
AMD,$1.8424,1441044608574,"2,921,253",83% bullish,of 103 ratings,$2
ADXSW,$10.83,1441044608759,"4,490",100% bullish,of 1 rating,N/A
ADXS,$15.3801,1441044608789,"418,848",64% bullish,of 14 ratings,$27
MULT,NULL,1441044608822,0,100% bearish,of 1 rating,N/A
AEIS,$24.24,1441044608893,"52,096",50% bullish,of 2 ratings,$32.50
ADTN,$15.945,1441044608957,"80,219",67% bullish,of 3 ratings,$17.125
AEGN,$18.5,1441044609291,"32,900",100% bearish,of 2 ratings,$21
AEGR,$17.97,1441044609354,"77,764",50% bullish,of 6 ratings,$26
AEPI,$55,1441044609386,"7,003",100% bearish,of 1 rating,N/A
AEHR,$2.3699,1441044609546,"3,200",50% bullish,of 2 ratings,N/A
YPRO,$23.0899,1441044609716,185,100% bearish,of 1 rating,N/A
AMTX,$2.992,1441044609741,"6,000",50% bullish,of 2 ratings,$26.11
AEZS,$0.086,1441044609822,"8,005,406",90% bullish,of 21 ratings,$1.50
AFMD,$10.23,1441044609896,"68,753",50% bullish,of 4 ratings,$15
AVAV,$23.98,1441044609955,"14,438",50% bullish,of 4 ratings,$31
AGEN,$7.185,1441044609990,"252,068",85% bullish,of 13 ratings,$14
AEMD,$7.55,1441044610024,"126,346",Not yet rated,NULL,$27.50
AGYS,$10.275,1441044610200,"19,968",100% bearish,of 1 rating,N/A
AFFX,$9.33,1441044610290,"102,737",80% bullish,of 5 ratings,$12.50
AGIO,$88.99,1441044610361,"78,638",88% bullish,of 8 ratings,$114
AERI,$16.14,1441044610423,"240,769",75% bullish,of 4 ratings,$31.50
AGRX,$8.87,1441044610493,"1,950",100% bearish,of 1 rating,$17.50
AGFSW,$2,1441044610518,"15,500",100% bearish,of 2 ratings,N/A
AIMT,$21.2,1441044610671,"86,572",Not yet rated,NULL,N/A
ATSG,$9.01,1441044610770,"31,944",67% bullish,of 3 ratings,$13
AIRM,$37.3493,1441044610837,"58,104",80% bearish,of 5 ratings,$53
AMCN,$4.56,1441044610870,"68,503",83% bullish,of 6 ratings,N/A
AKAM,$71.36,1441044610907,"485,796",63% bullish,of 8 ratings,$77
AIXG,$6.35,1441044611011,"7,712",67% bearish,of 3 ratings,$5.25
AKER,$2.5104,1441044611209,"19,989",Not yet rated,NULL,N/A
AGFS,$9.78,1441044611233,"39,244",100% bearish,of 1 rating,N/A
AKBA,$7.08,1441044611262,"50,197",100% bearish,of 1 rating,$18
ALRM,$16.91,1441044611369,"35,153",100% bearish,of 1 rating,$22
AIRT,$22.4367,1441044611400,368,100% bullish,of 1 rating,N/A
ALSK,$2.2099,1441044611504,"56,928",78% bullish,of 18 ratings,$2
AKRX,$40.45,1441044611572,"159,441",78% bullish,of 9 ratings,$56
AMRI,$20.38,1441044611633,"42,073",75% bearish,of 4 ratings,$24
ABDC,$12.98,1441044611667,"12,924",Not yet rated,NULL,$15
ADHD,$7.88,1441044611695,"70,020",50% bullish,of 4 ratings,$18
ALXN,$174.33,1441044612008,"364,595",88% bullish,of 8 ratings,$223
ALXA,$1.15,1441044612139,"2,090",83% bullish,of 6 ratings,$2.125
ALDR,$38.73,1441044612211,"144,769",67% bearish,of 3 ratings,$62
ALCO,$42.11,1441044612277,"1,028",50% bullish,of 2 ratings,N/A
ALGN,$56.98,1441044612408,"96,666",100% bearish,of 2 ratings,$73
ALDX,$7.4,1441044612454,"2,354",100% bearish,of 1 rating,$14.50
ALIM,$3.465,1441044612487,"14,953",80% bullish,of 5 ratings,$10
ALKS,$60.961,1441044612507,"182,945",67% bullish,of 3 ratings,$75
AFOP,$18.95,1441044612536,"83,174",75% bullish,of 8 ratings,$21
ALGT,$205.55,1441044612582,"66,432",100% bearish,of 2 ratings,$235
AHGP,$36.01,1441044612832,"32,527",67% bullish,of 3 ratings,N/A
ARLP,$25.7387,1441044612877,"87,277",67% bearish,of 3 ratings,$32
AIQ,$14.33,1441044612902,"4,800",67% bullish,of 3 ratings,N/A
AMOT,$19.33,1441044612966,"53,076",100% bearish,of 1 rating,N/A
ALLB,$22.64,1441044613244,100,Not yet rated,NULL,N/A
ALLT,$5.3,1441044613275,"208,276",75% bullish,of 4 ratings,$6.25
MDRX,$13.76,1441044613305,"531,234",60% bullish,of 5 ratings,$16
AHPI,$1.5,1441044613375,200,50% bullish,of 2 ratings,N/A
AFAM,$44.69,1441044613400,"24,331",50% bullish,of 2 ratings,$44
ALNY,$104.53,1441044613443,"697,207",67% bullish,of 3 ratings,$148.50
AOSL,$7.52,1441044613577,"15,583",67% bullish,of 3 ratings,$9
ALQA,$4.45,1441044613639,"12,485",75% bullish,of 4 ratings,$8.50
SMCP,NULL,1441044613808,0,Not yet rated,NULL,N/A
ALTR,$48.53,1441044613832,"363,826",80% bearish,of 5 ratings,$54
ATEC,$0.55,1441044613863,"41,300",100% bullish,of 1 rating,$2
ASPS,$27.14,1441044613974,"87,336",67% bullish,of 3 ratings,$46.50
AMAG,$64.49,1441044614141,"222,549",100% bullish,of 2 ratings,$77.50
AMRK,$10.51,1441044614167,"2,400",50% bullish,of 2 ratings,$14
AIMC,$25.12,1441044614193,"18,632",100% bearish,of 2 ratings,$28.50
AMRN,$2.25,1441044614217,"727,624",85% bullish,of 39 ratings,$8
AYA,$20.65,1441044614347,"6,367",100% bearish,of 1 rating,$40
AMBA,$96.37,1441044614479,"1,297,595",83% bullish,of 12 ratings,$102.50
AMBCW,$7.75,1441044614537,500,100% bearish,of 1 rating,N/A
EPAX,$2.7,1441044614706,"6,600",100% bearish,of 1 rating,N/A
AMZN,$513.3825,1441044614739,"809,953",81% bullish,of 264 ratings,$646
AMCX,$72.8,1441044614766,"151,944",67% bullish,of 3 ratings,$87.50
AMBC,$16.03,1441044614841,"84,371",100% bearish,of 1 rating,$16.50
DOX,$57.26,1441044614910,"77,009",67% bearish,of 3 ratings,$60
AMDA,$0.4678,1441044614939,"348,018",90% bullish,of 10 ratings,$1
AMED,$38.63,1441044615045,"55,015",100% bearish,of 1 rating,$42
UHAL,$373.98,1441044615170,"3,607",100% bullish,of 2 ratings,$393.50
ATAX,$5.28,1441044615197,"52,579",100% bullish,of 1 rating,$6.50
AAL,$39.5,1441044615272,"4,176,543",93% bullish,of 88 ratings,$57
ASBI,$22.71,1441044615512,100,Not yet rated,NULL,N/A
AGNCB,$24.2815,1441044615539,"1,643",Not yet rated,NULL,N/A
AGNCP,$25.38,1441044615574,"4,818",Not yet rated,NULL,N/A
AMOV,$18.14,1441044615608,295,100% bearish,of 1 rating,N/A
MTGE,$15.245,1441044615741,"227,098",75% bullish,of 4 ratings,$19.50
AGNC,$19.18,1441044615766,"1,500,678",71% bullish,of 28 ratings,$22
MTGEP,$24.13,1441044615795,"1,700",Not yet rated,NULL,N/A
ACSF,$12.25,1441044615906,"23,361",100% bearish,of 1 rating,$15
ANCI,$1.55,1441044615958,200,100% bearish,of 1 rating,N/A
ACAS,$13.925,1441044616090,"415,683",60% bullish,of 5 ratings,$16.75
AMNB,$23.53,1441044616150,"1,854",Not yet rated,NULL,$25.50
ANAT,$99.2,1441044616482,"26,766",100% bullish,of 1 rating,N/A
APEI,$22.03,1441044616551,"21,297",100% bearish,of 1 rating,$25.50
AETI,$3.62,1441044616654,"8,200",67% bearish,of 3 ratings,N/A
AMIC,NULL,1441044616690,0,100% bearish,of 1 rating,N/A
AMSWA,$9.06,1441044616760,"174,733",100% bearish,of 2 ratings,$10.75
AMRB,$10.08,1441044616830,"59,997",Not yet rated,NULL,$11
AMSC,$5.64,1441044616987,"242,560",50% bullish,of 4 ratings,N/A
CRMT,$35.7,1441044617014,"10,184",100% bearish,of 1 rating,$39
AMWD,$66.59,1441044617070,"50,988",50% bullish,of 2 ratings,$70
ASRV,$3.29,1441044617287,"2,268",100% bullish,of 2 ratings,N/A
ARII,$41.88,1441044617316,"119,915",67% bearish,of 3 ratings,$45
AMSF,$46.62,1441044617344,"25,736",Not yet rated,NULL,$57.50
ASEI,$39.52,1441044617444,"4,794",100% bearish,of 1 rating,$52.50
ASRVP,NULL,1441044617477,0,Not yet rated,NULL,N/A
ABCB,$27.22,1441044617502,"28,626",Not yet rated,NULL,$31
FOLD,$14.6,1441044617754,"849,973",56% bullish,of 9 ratings,$21
AMGN,$153.225,1441044617787,"1,235,170",89% bullish,of 19 ratings,$185
AMSG,$78.89,1441044617852,"80,209",100% bearish,of 1 rating,$85.50
AMPH,$12.95,1441044617995,"29,340",50% bullish,of 2 ratings,$20
AMKR,$5.355,1441044618153,"1,223,241",100% bearish,of 2 ratings,$5
ATLO,$23,1441044618183,517,Not yet rated,NULL,N/A
ASYS,$5.5,1441044618286,"13,600",67% bullish,of 3 ratings,$12
AMSGP,NULL,1441044618313,0,Not yet rated,NULL,N/A
AMRS,$1.81,1441044618337,"107,132",70% bullish,of 10 ratings,N/A
AFSI,$58.12,1441044618487,"102,284",60% bullish,of 5 ratings,$72
ANAC,$132,1441044618722,"137,830",80% bullish,of 5 ratings,$180.50
ADI,$55.75,1441044618762,"782,924",67% bullish,of 3 ratings,$69
ABCW,$40.94,1441044618820,"4,652",67% bullish,of 3 ratings,N/A
ANGI,$5.31,1441044618920,"264,821",64% bullish,of 11 ratings,$5.50
ANCB,$21.98,1441044619054,500,Not yet rated,NULL,$23
AMCF,$0.205,1441044619111,"132,310",100% bullish,of 7 ratings,N/A
ANGO,$14.91,1441044619218,"66,663",67% bullish,of 3 ratings,$19
ANIK,$35.42,1441044619251,"57,112",60% bullish,of 5 ratings,$51.25
ANSS,$88.85,1441044619281,"91,404",100% bearish,of 1 rating,$100
ALOG,$80.36,1441044619356,"16,919",100% bearish,of 2 ratings,$100.50
ANIP,$50.01,1441044619381,"39,731",89% bullish,of 19 ratings,$66
ATRS,$1.78,1441044619447,"217,693",92% bullish,of 12 ratings,$4.50
ANTH,$7.03,1441044619687,"302,431",80% bullish,of 10 ratings,$13
ABAC,$0.7101,1441044619714,"2,025",100% bearish,of 1 rating,N/A
ANAD,$0.3374,1441044619740,"42,544",100% bullish,of 2 ratings,$.50
APOG,$52.16,1441044619889,"55,959",50% bullish,of 2 ratings,$67
APIC,$6.52,1441044619943,"27,430",100% bearish,of 1 rating,$19
APOL,$11.29,1441044620042,"458,547",87% bearish,of 68 ratings,$14
ATNY,$2.32,1441044620109,"1,803",50% bullish,of 2 ratings,$3.75
APPF,$15.99,1441044620140,"25,538",50% bullish,of 2 ratings,$22
AINV,$6.5,1441044620167,"1,147,255",50% bullish,of 4 ratings,$8
APDN,$3.54,1441044620384,"67,932",Not yet rated,NULL,$9
APDNW,$1.4,1441044620408,"6,420",Not yet rated,NULL,N/A
ARCI,$1.18,1441044620476,"3,600",Not yet rated,NULL,N/A
AMAT,$16.045,1441044620538,"4,802,055",82% bullish,of 11 ratings,$23
AAPL,$113.3702,1441044620579,"19,569,247",86% bullish,of 2357 ratings,$150
AGTC,$16.42,1441044620616,"12,596",50% bullish,of 2 ratings,$33
AMCC,$5.835,1441044620713,"139,906",80% bullish,of 5 ratings,$8
AAOI,$20.99,1441044620918,"86,489",50% bullish,of 4 ratings,$26
APTO,$5.38,1441044621066,"1,626",Not yet rated,NULL,$17
APRI,$1.7,1441044621125,"1,210,034",83% bullish,of 6 ratings,$4.86
AQXP,$16.81,1441044621315,"192,977",50% bullish,of 2 ratings,$2
AUMA,NULL,1441044621339,0,Not yet rated,NULL,N/A
AREX,$2.4699,1441044621414,"267,486",100% bearish,of 1 rating,$3
ARDM,$6.9,1441044621475,"2,351",100% bullish,of 1 rating,$26
AQMS,$4.9,1441044621547,"24,744",Not yet rated,NULL,N/A
ABUS,$7.31,1441044621608,"179,945",86% bullish,of 14 ratings,$23
PETX,$17.84,1441044621679,"73,508",100% bearish,of 2 ratings,$26
AUMAU,NULL,1441044621703,0,Not yet rated,NULL,N/A
AUMAW,NULL,1441044621733,0,Not yet rated,NULL,N/A
ARCW,$3.65,1441044621864,"5,689",100% bearish,of 2 ratings,$10.50
ABIO,$0.905,1441044621890,"87,709",50% bullish,of 2 ratings,$3.75
RKDA,$6.39,1441044621967,"5,361",100% bearish,of 2 ratings,$10
ARCB,$29.35,1441044622265,"48,273",67% bearish,of 3 ratings,$39.50
ACGL,$68.07,1441044622298,"76,400",50% bullish,of 2 ratings,$72
ACAT,$26.48,1441044622329,"62,498",100% bearish,of 3 ratings,$33
ARDX,$19.27,1441044622351,"38,701",50% bullish,of 2 ratings,$24.50
AGII,$55.69,1441044622379,"31,174",Not yet rated,NULL,$59.50
ARNA,$2.72,1441044622407,"924,585",90% bullish,of 78 ratings,$5.50
AGIIL,$25.3,1441044622432,"2,125",Not yet rated,NULL,N/A
ARCC,$15.76,1441044622598,"512,915",67% bearish,of 3 ratings,$17.75
ARMH,$42.15,1441044622806,"585,197",54% bearish,of 13 ratings,$60
ARIS,$3.7201,1441044622833,"6,924",Not yet rated,NULL,$4.50
ARGS,$6.19,1441044622883,"21,312",50% bullish,of 2 ratings,$19.50
ARIA,$9.28,1441044622904,"6,220,310",87% bullish,of 46 ratings,$9
ARKR,$24.8391,1441044622932,927,50% bullish,of 2 ratings,N/A
ARWAU,NULL,1441044623274,0,100% bullish,of 1 rating,N/A
ARTX,$1.49,1441044623305,"9,561",88% bullish,of 16 ratings,$4.50
ARQL,$1.7101,1441044623413,"31,646",75% bullish,of 4 ratings,$5
ARRS,$26.47,1441044623467,"283,745",50% bullish,of 2 ratings,$38
ARRY,$5.96,1441044623497,"857,177",100% bullish,of 7 ratings,$10
ARWAW,NULL,1441044623559,0,Not yet rated,NULL,N/A
ARWA,NULL,1441044623598,0,Not yet rated,NULL,N/A
DWAT,$10.01,1441044623698,5,100% bearish,of 1 rating,N/A
ARWAR,NULL,1441044623802,0,Not yet rated,NULL,N/A
AROW,$27.45,1441044623946,"1,777",Not yet rated,NULL,N/A
ARWR,$6.01,1441044624031,"368,008",75% bullish,of 4 ratings,$10.50
ARTW,$4.25,1441044624088,764,75% bearish,of 4 ratings,N/A
ASBB,NULL,1441044624439,0,Not yet rated,NULL,N/A
ASTI,$0.1012,1441044624502,"1,227,589",83% bullish,of 6 ratings,$3
ASNA,$12,1441044624654,"700,252",50% bullish,of 2 ratings,$18
ARTNA,$22.084,1441044624684,"2,576",100% bearish,of 1 rating,$29
ASND,$19.1,1441044624813,"16,192",50% bullish,of 2 ratings,$30
ASCMA,$27.93,1441044624888,"22,255",100% bearish,of 1 rating,$45
AZPN,$37.92,1441044625112,"78,962",50% bullish,of 2 ratings,$42
ASMB,$13.68,1441044625292,"18,523",67% bullish,of 3 ratings,N/A
ASFI,$8.88,1441044625424,"2,000",100% bullish,of 1 rating,N/A
APWC,$1.7499,1441044625489,"2,070",100% bearish,of 1 rating,N/A
ATRO,$51.8,1441044625521,"40,609",100% bearish,of 2 ratings,$80
ASML,$91.06,1441044625579,"257,730",50% bullish,of 4 ratings,$127
ASMI,NULL,1441044625616,0,NULL,NULL,NULL
ASUR,$5.51,1441044625641,"9,700",50% bullish,of 2 ratings,$8
ASTE,$39.33,1441044625894,"79,258",100% bearish,of 1 rating,$48
ATAI,$2.395,1441044625985,"3,842",100% bearish,of 1 rating,N/A
ASTC,$2.07,1441044626062,"14,110",100% bullish,of 5 ratings,N/A
ALOT,$13.9999,1441044626091,116,100% bearish,of 1 rating,N/A
ATHN,$132.37,1441044626112,"61,842",67% bearish,of 3 ratings,$153
ATHX,$1.15,1441044626388,"89,922",89% bullish,of 9 ratings,$5
AAME,$3.48,1441044626451,100,Not yet rated,NULL,N/A
ACFC,$5.31,1441044626557,"51,160",100% bearish,of 1 rating,$6.50
ATNI,$72.0299,1441044626621,"40,015",100% bearish,of 1 rating,$69.50
ATRA,$41.98,1441044626655,"127,248",50% bullish,of 2 ratings,$68
AAWW,$41.46,1441044626889,"49,220",50% bullish,of 2 ratings,$65
AFCB,NULL,1441044626948,0,Not yet rated,NULL,N/A
AFH,$16.09,1441044626978,"7,432",Not yet rated,NULL,$21.50
AAPC,NULL,1441044627004,0,Not yet rated,NULL,N/A
ATRC,$24.87,1441044627188,"31,299",100% bullish,of 1 rating,$30
ATLC,$3.9899,1441044627216,"1,499",67% bullish,of 3 ratings,N/A
ATRI,$392.29,1441044627548,268,Not yet rated,NULL,N/A
ATRM,$2.8599,1441044627577,"1,000",50% bullish,of 2 ratings,N/A
ATOS,$0.789,1441044627769,"10,468",100% bullish,of 7 ratings,$7
ATTU,$13.1,1441044627794,"7,719",100% bearish,of 1 rating,$20.50
ATML,$8.105,1441044627830,"1,596,778",78% bullish,of 9 ratings,$9.50
AUDC,$3.4,1441044628089,"35,189",80% bullish,of 5 ratings,$5
AUBN,$26.5,1441044628302,100,Not yet rated,NULL,N/A
ADSK,$46.66,1441044628399,"1,232,535",67% bullish,of 6 ratings,$66
AUPH,$3.4172,1441044628427,"50,870",100% bearish,of 1 rating,$8
ADP,$77.59,1441044628556,"527,107",100% bearish,of 1 rating,$88
EARS,$4.91,1441044628682,"5,041",100% bearish,of 2 ratings,$11
LIFE,$14.395,1441044628712,"9,704",86% bullish,of 7 ratings,$43
ADAT,$0.3,1441044628733,"191,068",100% bullish,of 2 ratings,N/A
AVGO,$126.295,1441044628817,"813,236",88% bullish,of 8 ratings,$165
ABTL,$17.8,1441044628949,"26,130",100% bullish,of 4 ratings,$20.25
AVNU,$12.31,1441044629021,252,Not yet rated,NULL,$14
AAVL,$10.74,1441044629078,"74,027",100% bearish,of 1 rating,$20
AVEO,$1.425,1441044629117,"259,970",75% bullish,of 8 ratings,$3
AVID,$8.39,1441044629402,"77,082",100% bearish,of 1 rating,$20
AVNW,$1.19,1441044629490,"45,290",50% bullish,of 2 ratings,$2.20
AWRE,$3.24,1441044629536,"2,750",67% bullish,of 3 ratings,N/A
AVGR,$14.72,1441044629560,"3,700",100% bearish,of 1 rating,$20
AXPW,$3.07,1441044629588,"2,285,703",83% bullish,of 6 ratings,N/A
ACLS,$3.28,1441044629614,"286,864",67% bullish,of 6 ratings,$4.75
AXPWW,NULL,1441044629802,0,Not yet rated,NULL,N/A
AXGN,$4.85,1441044629857,"200,547",Not yet rated,NULL,$5
CAR,$44.32,1441044629891,"523,682",80% bullish,of 5 ratings,$60
BCOM,NULL,1441044629990,0,100% bearish,of 1 rating,N/A
RILY,$10.15,1441044630017,200,Not yet rated,NULL,N/A
AXTI,$2.2,1441044630080,"24,218",50% bullish,of 2 ratings,$2.75
BEAV,$49.061,1441044630321,"193,865",67% bearish,of 3 ratings,$59
BOSC,$2.21,1441044630365,"2,380",50% bullish,of 2 ratings,N/A
BLDP,$1.29,1441044630452,"135,314",91% bullish,of 22 ratings,$2.50
BIDU,$147.632,1441044630496,"1,157,806",81% bullish,of 88 ratings,$210
BWINB,$23,1441044630521,"1,223",Not yet rated,NULL,N/A
BANF,$60.0099,1441044630666,"6,140",Not yet rated,NULL,$68
BCPC,$58.5999,1441044630691,"48,548",100% bearish,of 1 rating,$75
BANFP,NULL,1441044630720,0,Not yet rated,NULL,N/A
BOCH,$5.73,1441044630895,7,Not yet rated,NULL,$6.50
BKSC,$16.42,1441044630928,"3,946",Not yet rated,NULL,N/A
BWINA,$23.31,1441044630956,280,Not yet rated,NULL,N/A
BMRC,$48,1441044631002,"17,280",Not yet rated,NULL,$52
BKMU,$7.155,1441044631183,"6,708",Not yet rated,NULL,$8
BOTJ,NULL,1441044631212,0,Not yet rated,NULL,N/A
OZRK,$41.73,1441044631315,"99,030",67% bullish,of 3 ratings,$49.50
BWFG,$18.09,1441044631444,206,100% bearish,of 1 rating,N/A
TAPR,NULL,1441044631469,0,100% bearish,of 1 rating,N/A
BZUN,$5.12,1441044631547,"79,821",50% bullish,of 2 ratings,$11.50
BHAC,NULL,1441044631723,0,Not yet rated,NULL,N/A
BHACU,NULL,1441044631854,0,Not yet rated,NULL,N/A
BHACW,NULL,1441044632001,0,Not yet rated,NULL,N/A
BHACR,NULL,1441044632176,0,Not yet rated,NULL,N/A
BFIN,$12.11,1441044632281,"4,810",Not yet rated,NULL,$13
BBSI,$35.825,1441044632347,"31,063",67% bearish,of 3 ratings,$62.50
BYBK,$4.86,1441044632409,500,100% bearish,of 1 rating,N/A
BANR,$44.08,1441044632446,"34,316",100% bullish,of 3 ratings,$50
BSET,$28.98,1441044632473,"17,435",100% bearish,of 1 rating,$35
BV,$5.32,1441044632548,"127,858",67% bullish,of 6 ratings,$9
BYLK,$12.8236,1441044632646,"5,186",Not yet rated,NULL,$14
BBCN,$14.4434,1441044632719,"35,966",100% bearish,of 1 rating,$16
BCBP,$11.4522,1441044632916,"2,000",Not yet rated,NULL,N/A
BSF,$8.67,1441044633018,"1,299",Not yet rated,NULL,N/A
BDCV,$4.97,1441044633042,"9,517",100% bearish,of 1 rating,$10.19
BBGI,$4.06,1441044633241,"2,993",100% bearish,of 1 rating,N/A
BELFB,$17.875,1441044633341,"15,507",100% bearish,of 1 rating,N/A
BEBE,$1.3,1441044633390,"396,112",75% bullish,of 4 ratings,$2.125
BELFA,$14.8701,1441044633426,210,100% bearish,of 1 rating,N/A
BLCM,$16.8,1441044633541,"72,306",50% bullish,of 4 ratings,$40
BLPH,$5.29,1441044633569,"2,925",100% bearish,of 1 rating,$12.50
BBBY,$61.8,1441044633595,"385,998",71% bullish,of 7 ratings,$75
BNFT,$36.58,1441044633779,"35,626",67% bullish,of 3 ratings,$46
BNTC,$7.9,1441044633834,"12,847",100% bullish,of 1 rating,N/A
BECN,$35.8599,1441044633858,"105,351",50% bullish,of 2 ratings,$40
BNCL,$12.38,1441044633885,"68,188",100% bullish,of 3 ratings,$12.50
BGMD,$0.7256,1441044634246,"89,422",100% bullish,of 10 ratings,N/A
BGFV,$11.5,1441044634273,"77,820",57% bullish,of 7 ratings,$12
BCRX,$11.841,1441044634432,"428,760",63% bullish,of 8 ratings,$18
BASI,$1.65,1441044634484,"5,448",Not yet rated,NULL,N/A
BCDA,NULL,1441044634528,0,Not yet rated,NULL,N/A
ORPN,$5.84,1441044634623,"4,700",100% bullish,of 1 rating,$28.50
BIND,$4.78,1441044634879,"154,280",75% bullish,of 4 ratings,$13.50
BIOD,$0.6699,1441044634910,"16,502",80% bullish,of 5 ratings,$4
BGCP,$8.77,1441044635008,"263,345",88% bullish,of 8 ratings,$14
BIOC,$1.98,1441044635036,"64,876",83% bullish,of 6 ratings,$3.85
BDSI,$6.76,1441044635079,"279,899",88% bullish,of 8 ratings,$17
BIIB,$300.96,1441044635167,"447,671",88% bullish,of 16 ratings,$400
BLFS,$2.9,1441044635324,"5,920,176",100% bearish,of 1 rating,$4.75
BIOL,$1.49,1441044635371,"17,460",Not yet rated,NULL,N/A
BLRX,$1.5101,1441044635515,"90,499",100% bullish,of 12 ratings,$5
BVXVW,$0.85,1441044635544,"3,000",100% bearish,of 1 rating,N/A
BMRN,$130.22,1441044635588,"208,018",80% bullish,of 5 ratings,$160
BRLI,NULL,1441044635648,0,NULL,NULL,NULL
BVXV,$3.5001,1441044635779,"7,670",Not yet rated,NULL,N/A
BPTH,$1.12,1441044635856,"21,757",100% bullish,of 2 ratings,$5
BIOS,$2.45,1441044636092,"206,168",71% bullish,of 7 ratings,$4
BSTC,$49.18,1441044636246,"55,780",100% bearish,of 1 rating,$76
BBP,$33.174,1441044636274,"6,643",Not yet rated,NULL,N/A
BSPM,$0.6525,1441044636299,"4,884",50% bullish,of 2 ratings,N/A
BBC,$31.65,1441044636463,"6,581",Not yet rated,NULL,N/A
TECH,$94.935,1441044636505,"37,166",100% bullish,of 1 rating,$117
BEAT,$14.47,1441044636532,"186,084",67% bearish,of 3 ratings,$15
BOTA,$2.1501,1441044636598,"16,501",88% bullish,of 8 ratings,N/A
BDMS,NULL,1441044636708,0,100% bearish,of 1 rating,N/A
BITI,$17.1,1441044636749,"5,346",100% bullish,of 1 rating,$28
BBOX,$15.33,1441044636804,"34,511",100% bearish,of 1 rating,N/A
BJRI,$43.51,1441044636830,"55,452",50% bullish,of 2 ratings,$55
BLKB,$57.36,1441044636907,"32,200",100% bearish,of 2 ratings,$66
BBRY,$7.5,1441044637122,"1,681,423",61% bullish,of 330 ratings,$9
BDE,$7.5,1441044637151,"37,883",50% bullish,of 2 ratings,$9
HAWK,$39.3301,1441044637248,"110,238",91% bullish,of 11 ratings,$49
BKCC,$9.45,1441044637286,"152,066",50% bullish,of 2 ratings,$10
ADRA,$27.1605,1441044637425,845,100% bearish,of 1 rating,N/A
ADRD,$22.05,1441044637493,"7,975",100% bearish,of 1 rating,N/A
ADRE,$29.833,1441044637526,"6,849",100% bearish,of 1 rating,N/A
ADRU,$21.79,1441044637626,551,100% bearish,of 1 rating,N/A
BLMN,$20.74,1441044637654,"548,095",83% bullish,of 6 ratings,$27.50
BCOR,$13.91,1441044637697,"87,903",57% bullish,of 7 ratings,$15
BUFF,$25.45,1441044637789,"462,129",83% bullish,of 12 ratings,$31.50
BLBD,$11.8305,1441044637865,"3,267",Not yet rated,NULL,N/A
BHBK,$14.1,1441044637951,"75,515",100% bullish,of 1 rating,$14.50
BBLU,$0.76,1441044638010,"65,532",100% bullish,of 2 ratings,$4.43
BLUE,$134.57,1441044638166,"179,286",71% bullish,of 7 ratings,$217.50
BKEP,$6.235,1441044638197,"17,165",100% bearish,of 1 rating,$8.50
NILE,$33.9175,1441044638262,"57,757",50% bullish,of 2 ratings,$34
BNCN,$20.62,1441044638437,"90,881",Not yet rated,NULL,$24
BPMC,$27.37,1441044638471,"14,712",50% bullish,of 2 ratings,$47.50
BKEPP,NULL,1441044638498,0,100% bearish,of 1 rating,N/A
BOFI,$115.94,1441044638572,"118,011",100% bullish,of 6 ratings,$144
BOBE,$45.14,1441044638597,"155,681",75% bullish,of 4 ratings,$57
WIFI,$7.52,1441044638742,"52,355",50% bullish,of 2 ratings,$13.50
BONA,$11.55,1441044638816,"54,237",75% bullish,of 4 ratings,$8.50
BOKF,$62.81,1441044638874,"48,082",100% bearish,of 1 rating,$69
BOJA,$20.7605,1441044639068,"89,648",100% bullish,of 1 rating,$30
BAMM,$3.18,1441044639113,"15,940",60% bullish,of 5 ratings,N/A
BNSO,$1.3,1441044639150,16,100% bearish,of 1 rating,N/A
BPFHW,NULL,1441044639247,0,100% bearish,of 1 rating,N/A
BPFHP,$25,1441044639294,"2,705",100% bearish,of 1 rating,N/A
BPFH,$11.79,1441044639322,"65,371",100% bearish,of 1 rating,$14
EPAY,$26.64,1441044639522,"46,122",100% bearish,of 2 ratings,$30
BCLI,$3.0376,1441044639665,"44,003",80% bullish,of 5 ratings,$12
BBRG,$12.67,1441044639695,"27,760",67% bullish,of 3 ratings,$14.50
BDBD,$8.3,1441044639724,"238,579",60% bullish,of 5 ratings,$10
BBEPP,$14.4156,1441044639761,"16,503",100% bearish,of 1 rating,N/A
BDGE,$26.1,1441044639791,"8,581",Not yet rated,NULL,$31.75
BBEP,$2.95,1441044639820,"1,309,069",69% bullish,of 13 ratings,$5.625
BRCM,$51.62,1441044640102,"1,003,771",75% bullish,of 12 ratings,$56
BRID,NULL,1441044640132,0,100% bearish,of 1 rating,N/A
BCOV,$5.31,1441044640190,"20,399",67% bullish,of 3 ratings,$10.20
BLIN,$1.35,1441044640234,"1,000",100% bullish,of 2 ratings,$2.20
BSFT,$31.4,1441044640291,"30,426",57% bullish,of 7 ratings,$40.50
BYFC,$1.46,1441044640364,107,50% bullish,of 2 ratings,N/A
BVSN,$6,1441044640460,"4,179",60% bearish,of 5 ratings,N/A
BWEN,$3.245,1441044640531,"11,818",75% bullish,of 4 ratings,$8
BRCD,$10.72,1441044640555,"876,474",92% bullish,of 13 ratings,$11.50
BRKS,$10.38,1441044640751,"27,961",67% bullish,of 3 ratings,$15.25
BRKL,$10.5,1441044640781,"42,206",100% bearish,of 1 rating,$10.75
BRKR,$18.38,1441044640809,"69,583",100% bearish,of 2 ratings,$22
BMTC,$29.35,1441044640830,"8,798",Not yet rated,NULL,$34
BWLD,$191.08,1441044641013,"57,186",82% bullish,of 11 ratings,$205
BLMT,$20.53,1441044641040,"1,952",Not yet rated,NULL,N/A
BSQR,$6.05,1441044641105,"42,194",67% bullish,of 3 ratings,N/A
BUR,$1.75,1441044641237,"21,100",100% bearish,of 1 rating,$8
BLDR,$14.82,1441044641341,"187,486",67% bullish,of 3 ratings,$22
CFFI,$36.06,1441044641370,189,100% bearish,of 1 rating,N/A
CA,$27.31,1441044641420,"609,663",50% bullish,of 4 ratings,$33
CHRW,$67.69,1441044641473,"355,751",Not yet rated,NULL,$72
CDNS,$20.04,1441044641606,"319,816",75% bullish,of 4 ratings,$22.50
CCMP,$43.28,1441044641680,"22,664",50% bullish,of 2 ratings,$59
CDZI,$8.11,1441044641738,"50,470",100% bearish,of 1 rating,N/A
CACQ,$6.9,1441044641781,"27,362",100% bearish,of 1 rating,$12.25
PRSS,$4.34,1441044641971,"12,004",80% bullish,of 5 ratings,$4.50
CLBS,$1.53,1441044642030,"85,561",79% bullish,of 14 ratings,$4
CSTE,$40.11,1441044642059,"58,565",50% bullish,of 2 ratings,$65
CZR,$9.51,1441044642086,"265,161",60% bearish,of 5 ratings,$10.50
CHY,$11.4,1441044642307,"110,437",Not yet rated,NULL,N/A
CLMS,$10.655,1441044642363,"30,030",Not yet rated,NULL,$10.50
CHI,$10.58,1441044642391,"127,205",100% bearish,of 1 rating,N/A
CFGE,$10.5301,1441044642463,755,Not yet rated,NULL,N/A
CCD,$19.35,1441044642516,"50,173",Not yet rated,NULL,N/A
CGO,$12.25,1441044642624,"11,979",100% bearish,of 1 rating,N/A
CSQ,$9.9492,1441044642727,"208,528",Not yet rated,NULL,N/A
CHW,$7.6,1441044642752,"107,928",100% bearish,of 1 rating,N/A
CVGW,$58.405,1441044642896,"49,083",50% bullish,of 2 ratings,$62
CAMP,$16.48,1441044642922,"95,439",88% bullish,of 8 ratings,$25
CALA,$5.92,1441044642967,"277,261",100% bullish,of 3 ratings,$19.50
CFNB,NULL,1441044643267,0,100% bearish,of 1 rating,N/A
CALD,$15.96,1441044643297,"103,818",100% bearish,of 1 rating,$21
CALM,$53.3276,1441044643331,"393,524",80% bullish,of 5 ratings,$65
CLMT,$26.14,1441044643401,"80,555",75% bullish,of 8 ratings,$31
CAMB,NULL,1441044643425,0,Not yet rated,NULL,N/A
CAMBW,NULL,1441044643453,0,Not yet rated,NULL,N/A
CAMBU,NULL,1441044643484,0,100% bearish,of 1 rating,N/A
ABCD,$5.2,1441044643505,"114,049",83% bullish,of 6 ratings,N/A
CAMT,$2.66,1441044643894,"21,509",73% bullish,of 11 ratings,$4
CSIQ,$18.8399,1441044643921,"702,213",86% bullish,of 28 ratings,$42.50
CAC,$40,1441044644003,200,Not yet rated,NULL,N/A
CPHC,NULL,1441044644052,0,100% bearish,of 1 rating,N/A
CGIX,$9.87,1441044644081,"7,722",67% bullish,of 3 ratings,$14.375
CBNJ,$10.99,1441044644135,"12,581",100% bearish,of 1 rating,N/A
CPLA,$49.01,1441044644188,"51,926",67% bearish,of 3 ratings,$65
CPLP,$7.01,1441044644291,"180,251",71% bullish,of 7 ratings,$11
CSWC,$45.28,1441044644320,"3,173",Not yet rated,NULL,N/A
CBF,$30.51,1441044644427,"51,039",Not yet rated,NULL,$32
CPTA,$13.63,1441044644479,"20,871",100% bearish,of 1 rating,$18.50
CCBG,$14.92,1441044644531,"1,297",Not yet rated,NULL,$17.25
CAPR,$4.9499,1441044644728,"10,201",Not yet rated,NULL,$12
CFFN,$12.04,1441044644754,"118,366",Not yet rated,NULL,$12.75
CAPNW,$0.6898,1441044644774,100,Not yet rated,NULL,N/A
CPST,$0.4101,1441044645056,"709,578",95% bullish,of 22 ratings,$1.25
CARB,$11.1,1441044645091,"38,194",75% bullish,of 4 ratings,$12
CARA,$19.27,1441044645117,"90,269",50% bullish,of 4 ratings,$25
CRDC,$0.351,1441044645188,"79,323",100% bullish,of 1 rating,$1.25
CFNL,$22.13,1441044645216,"20,112",Not yet rated,NULL,$24
CAPN,$2.365,1441044645320,"104,554",100% bullish,of 1 rating,$10.85
CBYL,$5.38,1441044645383,"4,533",100% bearish,of 1 rating,$20
CDNA,$6.87,1441044645450,"1,400",100% bearish,of 1 rating,$9
CATM,$34.49,1441044645488,"68,032",100% bearish,of 1 rating,$44
CRME,$8.97,1441044645623,"5,355",89% bullish,of 9 ratings,$11.25
CECO,$3.74,1441044645651,"106,897",67% bearish,of 3 ratings,$6
CTRE,$11.3,1441044645861,"48,693",50% bullish,of 2 ratings,$13.50
CSII,$24.055,1441044645927,"52,530",100% bearish,of 2 ratings,$42.125
CKEC,$23.5,1441044646027,"31,150",50% bullish,of 2 ratings,$35.915
CARO,$15.1676,1441044646292,"1,007",100% bearish,of 1 rating,$19
CRZO,$36.45,1441044646318,"618,151",67% bearish,of 3 ratings,$54.50
CLBH,$12.7,1441044646346,408,Not yet rated,NULL,$16.50
CASM,$1.1203,1441044646448,"8,078",100% bullish,of 1 rating,$3.50
CRTN,$2.51,1441044646511,"1,500",100% bearish,of 1 rating,N/A
TAST,$12.4,1441044646542,"174,650",Not yet rated,NULL,$14.25
CARV,$7.4999,1441044646594,903,50% bullish,of 2 ratings,N/A
CART,$5.35,1441044646643,"2,200",100% bearish,of 1 rating,N/A
CACB,$5.36,1441044646832,"41,153",Not yet rated,NULL,$5.50
CSCD,$15.386,1441044646856,"14,767",100% bullish,of 2 ratings,$17
CWST,$6.18,1441044646937,"20,175",50% bullish,of 2 ratings,$7.25
CASI,$1.4999,1441044646999,"1,255",100% bullish,of 1 rating,$3.50
CASY,$105.195,1441044647082,"54,963",50% bullish,of 2 ratings,$99.50
CATB,$11.47,1441044647286,"5,725",100% bearish,of 1 rating,$28
CATY,$29.51,1441044647313,"168,841",100% bearish,of 1 rating,$33.50
CPRX,$3.69,1441044647342,"111,501",71% bullish,of 7 ratings,$7
CASS,$48.02,1441044647447,"6,304",100% bearish,of 1 rating,N/A
CVCO,$71.41,1441044647473,"3,157",100% bearish,of 1 rating,N/A
CBFV,$20.46,1441044647546,886,Not yet rated,NULL,$25
CATYW,NULL,1441044647574,0,100% bearish,of 1 rating,N/A
CAVM,$68.37,1441044647706,"106,059",67% bearish,of 3 ratings,$72
CNLM,NULL,1441044647730,0,Not yet rated,NULL,N/A
CNLMU,NULL,1441044647873,0,100% bullish,of 1 rating,N/A
CNLMR,NULL,1441044647898,0,Not yet rated,NULL,N/A
CNLMW,NULL,1441044648030,0,Not yet rated,NULL,N/A
CBOE,$63.22,1441044648074,"131,300",Not yet rated,NULL,$60
CDW,$39.85,1441044648205,"331,912",75% bullish,of 4 ratings,$44
CECE,$9.62,1441044648237,"19,844",50% bullish,of 2 ratings,$16
CELGZ,$1.7,1441044648282,"23,275",80% bullish,of 5 ratings,N/A
CDK,$49.75,1441044648313,"161,982",67% bearish,of 3 ratings,$50
CPXX,$2.2,1441044648338,"74,337",100% bullish,of 2 ratings,$7
CELG,$119.75,1441044648496,"1,918,663",92% bullish,of 13 ratings,$155.50
CLDN,$1.12,1441044648599,"29,171",71% bullish,of 7 ratings,$3
CLRB,$3.082,1441044648679,300,100% bearish,of 1 rating,N/A
CLDX,$15.08,1441044648836,"482,247",89% bullish,of 9 ratings,$36
CLLS,$33.79,1441044648862,"59,102",75% bullish,of 4 ratings,$51.50
CLRBW,$0.92,1441044648992,100,Not yet rated,NULL,N/A
CBMG,$23.25,1441044649019,"40,146",50% bullish,of 2 ratings,N/A
CLTX,$2.36,1441044649048,"166,315",100% bullish,of 2 ratings,N/A
CEMP,$34.67,1441044649073,"331,074",71% bullish,of 7 ratings,$52
CLSN,$2.12,1441044649154,"38,769",80% bullish,of 10 ratings,$7.50
CYAD,$48.79,1441044649218,150,100% bullish,of 1 rating,$87.50
CETX,$2.2201,1441044649291,"4,400",Not yet rated,NULL,$5.60
CFBK,NULL,1441044649432,0,Not yet rated,NULL,N/A
CENT,$12.35,1441044649538,"57,789",Not yet rated,NULL,$10
CSFL,$13.58,1441044649563,"21,468",Not yet rated,NULL,$15
CETV,$2.18,1441044649628,"41,402",67% bullish,of 3 ratings,$2.80
CENTA,$12.7,1441044649710,"192,923",Not yet rated,NULL,N/A
CVCY,$11.21,1441044649781,100,Not yet rated,NULL,$12
CENX,$5.635,1441044649857,"759,969",67% bullish,of 6 ratings,$9
CNBKA,$41.59,1441044649885,215,50% bullish,of 2 ratings,N/A
CNTY,$5.86,1441044649910,"26,258",80% bullish,of 5 ratings,$7.75
CRNT,$1.47,1441044650108,"154,206",50% bullish,of 2 ratings,$2
CPHD,$49.28,1441044650185,"115,063",67% bearish,of 3 ratings,$66.50
CERN,$62.06,1441044650213,"564,288",67% bullish,of 3 ratings,$79
CERU,$4.1,1441044650234,"50,199",75% bullish,of 4 ratings,$14
CERE,$1.1437,1441044650295,"150,816",88% bullish,of 8 ratings,N/A
CERS,$4.97,1441044650365,"134,861",75% bullish,of 4 ratings,$7
KOOL,$0.72,1441044650398,"1,599",100% bullish,of 5 ratings,$7
HOTR,$1.49,1441044650651,"66,634",100% bullish,of 2 ratings,$5
CYOU,$20.93,1441044650681,"123,889",50% bullish,of 6 ratings,$24
CTHR,$1.34,1441044650703,"5,156",50% bullish,of 2 ratings,$2.50
CEVA,$19.32,1441044650791,"16,717",100% bearish,of 1 rating,$25
HOTRW,NULL,1441044650874,0,Not yet rated,NULL,N/A
GTLS,$24.99,1441044650959,"90,755",50% bullish,of 4 ratings,$40
CHKP,$77.865,1441044651039,"441,318",50% bullish,of 4 ratings,$92
CEMI,$4.15,1441044651236,"9,574",50% bullish,of 2 ratings,$7.50
CHEK,$2.1101,1441044651264,440,Not yet rated,NULL,$7.75
CHFN,$12.4999,1441044651306,"3,345",Not yet rated,NULL,$14
CHFC,$31.54,1441044651392,"12,069",100% bearish,of 1 rating,$36
CHEKW,NULL,1441044651463,0,Not yet rated,NULL,N/A
CCXI,$6.52,1441044651602,"27,075",67% bullish,of 3 ratings,$14
CHMA,$25.6,1441044651793,"24,523",Not yet rated,NULL,$40
CHTR,$181.69,1441044651818,"312,440",100% bearish,of 2 ratings,$202
CHMG,$26.1,1441044651847,100,Not yet rated,NULL,$30
CHKE,$25.5,1441044651879,"10,809",100% bearish,of 1 rating,$32.50
CBNK,$16.3,1441044651908,"23,255",100% bearish,of 1 rating,N/A
CHEV,$14.32,1441044651979,230,Not yet rated,NULL,N/A
CMRX,$49.29,1441044652004,"66,355",50% bullish,of 2 ratings,$57
PLCE,$59.43,1441044652242,"47,346",100% bearish,of 1 rating,$69
CADC,$2.9,1441044652307,"3,003",78% bullish,of 9 ratings,N/A
CAAS,$6.22,1441044652375,"16,358",93% bullish,of 14 ratings,$11.50
CBPO,$96.25,1441044652435,"90,031",75% bullish,of 8 ratings,$140.50
CALI,$0.885,1441044652465,700,67% bullish,of 3 ratings,N/A
CBAK,$1.98,1441044652518,"12,601",67% bullish,of 9 ratings,N/A
CCCR,$0.66,1441044652567,"42,775",67% bearish,of 3 ratings,N/A
CCCL,$0.7601,1441044652734,"1,600",100% bullish,of 6 ratings,N/A
JRJC,$3.7,1441044652826,"36,395",82% bullish,of 11 ratings,N/A
CNIT,$1.255,1441044652884,"127,569",67% bullish,of 6 ratings,N/A
HGSH,$1.84,1441044652909,"2,340",67% bullish,of 3 ratings,N/A
CHOP,$1.2,1441044652962,"3,968",50% bullish,of 2 ratings,N/A
CJJD,$1.9,1441044652989,"1,265",100% bullish,of 1 rating,N/A
HTHT,$25.53,1441044653289,"85,639",50% bullish,of 2 ratings,$28.40
CHNR,$1.6,1441044653320,"8,781",100% bearish,of 1 rating,N/A
CSUN,$1.4501,1441044653355,"5,559",80% bullish,of 5 ratings,N/A
CPGI,$6.8,1441044653447,479,Not yet rated,NULL,N/A
CHLN,$1.7701,1441044653484,"2,200",67% bullish,of 3 ratings,N/A
CREG,$0.6999,1441044653551,"38,187",100% bullish,of 3 ratings,N/A
CNTF,$0.802,1441044653579,"46,500",Not yet rated,NULL,N/A
CXDC,$5.7101,1441044653712,"14,792",67% bearish,of 3 ratings,N/A
CNYD,$3.29,1441044653814,"2,002",67% bullish,of 3 ratings,N/A
IMOS,$18.44,1441044653842,"106,479",60% bullish,of 5 ratings,$21.50
CCIH,$7.45,1441044653976,"74,410",67% bullish,of 6 ratings,$12.65
CNET,$0.8899,1441044654003,"38,440",50% bullish,of 2 ratings,N/A
CHSCM,$26.299,1441044654054,"8,428",Not yet rated,NULL,N/A
CHSCL,$27.208,1441044654079,"3,840",Not yet rated,NULL,N/A
CHSCN,$27.07,1441044654242,"5,203",Not yet rated,NULL,N/A
CHSCO,$28.3975,1441044654267,"4,400",Not yet rated,NULL,N/A
CHUY,$30.63,1441044654571,"56,252",50% bullish,of 2 ratings,$34
CHSCP,$30.7,1441044654620,"2,212",Not yet rated,NULL,N/A
CMCT,$15.1999,1441044654682,900,100% bearish,of 1 rating,N/A
CINF,$52.18,1441044654747,"169,102",50% bullish,of 4 ratings,$50.50
CMPR,$70.43,1441044654785,"121,190",50% bullish,of 2 ratings,$72.50
CDTX,$14.18,1441044654814,"16,073",Not yet rated,NULL,$22
CIFC,$6.98,1441044654839,200,100% bearish,of 1 rating,N/A
CPHR,$5.3999,1441044655076,"23,550",100% bearish,of 1 rating,$17
CIDM,$0.5698,1441044655143,"131,509",50% bullish,of 2 ratings,$2.10
CTAS,$85.16,1441044655175,"146,845",100% bearish,of 1 rating,$91
CSCO,$25.96,1441044655221,"8,196,386",84% bullish,of 209 ratings,$32
CRUS,$29.96,1441044655399,"287,999",75% bullish,of 12 ratings,$44.50
CTRN,$26.59,1441044655480,"20,121",100% bearish,of 1 rating,$31.50
CZNC,$19.84,1441044655538,"4,133",Not yet rated,NULL,N/A
CZFC,$12.6801,1441044655615,750,Not yet rated,NULL,N/A
CIZN,$19.4,1441044655647,616,Not yet rated,NULL,N/A
CZWI,$9.1,1441044655668,402,Not yet rated,NULL,N/A
CHCO,$47.31,1441044655945,"8,708",Not yet rated,NULL,$46
CTXS,$68.06,1441044655973,"520,007",86% bullish,of 7 ratings,$80
CIVBP,NULL,1441044656007,0,Not yet rated,NULL,N/A
CDTI,$1.64,1441044656106,"15,479",75% bullish,of 4 ratings,$3.20
CIVB,$9.9,1441044656131,497,Not yet rated,NULL,$11
CLNE,$5.26,1441044656415,"443,951",80% bullish,of 15 ratings,$9
CLRO,$11.48,1441044656479,"6,444",50% bullish,of 2 ratings,$14.25
CBLI,$4.06,1441044656550,"20,786",60% bullish,of 5 ratings,N/A
CSBK,$13.71,1441044656579,"5,020",Not yet rated,NULL,N/A
CLFD,$17.03,1441044656600,"25,334",67% bullish,of 3 ratings,$18
CLIR,$5.0399,1441044656635,"17,654",100% bullish,of 3 ratings,N/A
CLNT,$1.46,1441044656742,"6,600",75% bullish,of 8 ratings,N/A
CHDN,$131.77,1441044656772,"29,306",Not yet rated,NULL,$165
CME,$94.63,1441044656936,"853,140",67% bullish,of 3 ratings,$102
CLVS,$78.155,1441044656961,"182,519",60% bullish,of 5 ratings,$101.50
CMFN,$11.05,1441044657022,"12,297",100% bearish,of 1 rating,$15.50
CCNE,$17,1441044657101,"3,300",50% bullish,of 2 ratings,$21.50
CISG,$7.62,1441044657237,"45,768",100% bullish,of 5 ratings,$10
CNV,$4.48,1441044657437,"4,915",50% bullish,of 2 ratings,$7.15
CDRB,$13.9925,1441044657468,"3,305",67% bullish,of 3 ratings,N/A
COKE,$155.77,1441044657494,"12,940",79% bullish,of 19 ratings,N/A
CDXS,$3.8099,1441044657521,"8,307",64% bullish,of 11 ratings,$6
CWAY,$11.18,1441044657565,600,Not yet rated,NULL,N/A
CCOI,$27.78,1441044657654,"93,043",50% bullish,of 4 ratings,$35
JVA,$4.685,1441044657791,"3,775",83% bullish,of 6 ratings,$7
COBZ,$12.83,1441044657895,"11,192",100% bullish,of 1 rating,$14
CVLY,$20.7,1441044657920,200,Not yet rated,NULL,N/A
CGNX,$35.675,1441044657945,"109,195",50% bullish,of 2 ratings,$47
CGNT,$1.5799,1441044658084,"5,973",100% bullish,of 2 ratings,$2
COHR,$58.33,1441044658323,"23,499",50% bullish,of 2 ratings,$72
COLL,$15.16,1441044658451,"12,020",100% bearish,of 1 rating,$26
CLRX,$0.5441,1441044658479,"46,060",50% bullish,of 2 ratings,N/A
CTSH,$62.87,1441044658501,"1,263,621",90% bullish,of 10 ratings,$75
CLCT,$18.52,1441044658533,"7,710",100% bearish,of 1 rating,N/A
COHU,$9.66,1441044658558,"32,191",100% bearish,of 1 rating,$14.25
CIGI,$43.76,1441044658726,"13,437",100% bearish,of 1 rating,$52
CHRS,$27.93,1441044658791,"17,493",67% bearish,of 3 ratings,$37
CLCD,$6.73,1441044658902,"11,349",100% bearish,of 1 rating,$20.50
COLB,$30.09,1441044658929,"68,770",Not yet rated,NULL,$36
COLM,$62.1,1441044659145,"46,201",100% bearish,of 1 rating,$71
CBAN,$8.75,1441044659192,"1,100",Not yet rated,NULL,N/A
CBMX,$1.1,1441044659324,"5,490",83% bullish,of 6 ratings,$3.15
CMCSK,$57.41,1441044659349,"1,300,064",Not yet rated,NULL,$84
CMCSA,$56.2901,1441044659490,"2,704,459",66% bullish,of 35 ratings,$69.50
CMCO,$18.92,1441044659619,"7,110",60% bullish,of 5 ratings,$28
CVGI,$5.19,1441044659750,"56,497",50% bullish,of 2 ratings,$6
CSAL,$20.16,1441044659779,"207,314",75% bullish,of 4 ratings,$30
CBSHP,$25.4,1441044659801,"2,086",100% bearish,of 1 rating,N/A
CUBN,$13.5,1441044659822,200,Not yet rated,NULL,N/A
CBSH,$44.68,1441044659861,"114,440",50% bullish,of 2 ratings,$46
COMM,$32.57,1441044659968,"278,537",67% bearish,of 3 ratings,$35
JCS,$8.6147,1441044660011,"3,040",67% bullish,of 3 ratings,N/A
ESXB,$5.06,1441044660303,"12,057",Not yet rated,NULL,N/A
CTBI,$34.96,1441044660367,"3,567",Not yet rated,NULL,$36
COB,$10.5,1441044660398,920,100% bullish,of 1 rating,$11.75
CYHHZ,$0.0101,1441044660423,617,100% bullish,of 1 rating,N/A
CWBC,$6.8399,1441044660449,"2,615",Not yet rated,NULL,N/A
CIZ,$33.3811,1441044660575,"1,486",100% bearish,of 1 rating,N/A
CVLT,$36.03,1441044660617,"125,963",75% bullish,of 4 ratings,$44.50
CIL,$33.63,1441044660679,600,Not yet rated,NULL,N/A
CID,NULL,1441044660834,0,Not yet rated,NULL,N/A
CSA,NULL,1441044660867,0,Not yet rated,NULL,N/A
CDC,$34.6103,1441044660895,"4,403",Not yet rated,NULL,N/A
CSF,$36.9247,1441044660974,592,100% bearish,of 1 rating,N/A
CFO,$35.545,1441044661038,"4,910",100% bearish,of 1 rating,N/A
CFA,$35.575,1441044661109,"1,685",100% bearish,of 1 rating,N/A
CDL,NULL,1441044661313,0,Not yet rated,NULL,N/A
CGEN,$5.02,1441044661373,"60,160",50% bullish,of 2 ratings,$11
CSB,NULL,1441044661442,0,Not yet rated,NULL,N/A
CPSI,$45.81,1441044661473,"26,655",100% bearish,of 1 rating,$45.50
CMTL,$26.82,1441044661495,"21,615",100% bearish,of 2 ratings,$37
CTG,$6.7,1441044661530,"14,554",100% bearish,of 1 rating,$8.50
CHCI,$0.66,1441044661576,"6,848",50% bullish,of 2 ratings,N/A
SCOR,$53.15,1441044661627,"72,342",100% bearish,of 1 rating,$66
CNAT,$4.08,1441044661811,"26,433",83% bullish,of 6 ratings,$13
CNSI,$19.01,1441044661891,"56,035",100% bearish,of 2 ratings,$29
CNCE,$15.8,1441044661916,"45,010",75% bullish,of 4 ratings,$22
CXRX,$76.44,1441044661941,"4,300",100% bearish,of 1 rating,$90
CCUR,$5.35,1441044662081,"15,827",75% bullish,of 4 ratings,N/A
CDOR,$1.36,1441044662216,200,100% bullish,of 1 rating,N/A
CDORO,NULL,1441044662290,0,100% bearish,of 1 rating,N/A
CNMD,$52.7125,1441044662418,"34,332",Not yet rated,NULL,$59
CFMS,$16.4,1441044662518,"1,087,225",100% bearish,of 1 rating,$27
CNOB,$18.99,1441044662554,"7,900",100% bullish,of 1 rating,$23.50
CNXR,$7.04,1441044662578,"42,430",100% bearish,of 1 rating,$12
CTWS,$34.52,1441044662603,"12,264",100% bearish,of 1 rating,$44
CONN,$29.73,1441044662650,"149,537",67% bullish,of 3 ratings,$48.50
CDORP,$7,1441044662779,700,100% bearish,of 1 rating,N/A
CNSL,$19.78,1441044662873,"29,877",100% bearish,of 1 rating,$23
CNFR,$10.17,1441044662950,"3,469",Not yet rated,NULL,N/A
CWCO,$10.51,1441044662978,"29,654",67% bullish,of 3 ratings,$14.50
CPSS,$5.73,1441044663126,"8,928",100% bullish,of 1 rating,$10
CFRX,$4.955,1441044663154,"14,361",Not yet rated,NULL,$14
CTCT,$25.01,1441044663175,"55,245",67% bullish,of 3 ratings,$37
CTRL,$8.96,1441044663395,"35,023",50% bullish,of 2 ratings,$11
CORT,$4.95,1441044663488,"132,620",67% bullish,of 3 ratings,$12
CPRT,$35,1441044663520,"101,503",67% bearish,of 3 ratings,$40
CFRXZ,$0.49,1441044663540,598,Not yet rated,NULL,N/A
CTRV,$3.66,1441044663620,920,Not yet rated,NULL,$6.40
CFRXW,$2.28,1441044663668,"1,000",100% bearish,of 1 rating,N/A
CRBP,$1.89,1441044663695,"130,940",100% bullish,of 2 ratings,$6.25
CORE,$60.24,1441044663829,"49,904",100% bearish,of 1 rating,$72
CORI,$10.03,1441044663886,"78,638",100% bearish,of 1 rating,$18
COSI,$1.2,1441044664131,"32,658",100% bullish,of 1 rating,N/A
CSOD,$35.99,1441044664162,"131,334",50% bullish,of 2 ratings,$42
BVA,$3.86,1441044664183,"13,183",50% bullish,of 2 ratings,N/A
COST,$138.89,1441044664233,"658,331",79% bullish,of 24 ratings,$154.50
CRVL,$30.12,1441044664267,"11,670",100% bearish,of 1 rating,N/A
CSGP,$178.15,1441044664410,"66,886",50% bullish,of 2 ratings,$235
CVTI,$23.74,1441044664553,"27,701",67% bearish,of 3 ratings,$39
CPAH,$0.47,1441044664623,"2,600",50% bullish,of 2 ratings,N/A
COWN,$5.255,1441044664649,"169,898",75% bullish,of 4 ratings,$7
ICBK,NULL,1441044664678,0,Not yet rated,NULL,$21
COVS,$2.75,1441044664708,"64,629",67% bullish,of 3 ratings,N/A
COWNL,$26.6,1441044664782,"3,060",Not yet rated,NULL,N/A
CPSH,NULL,1441044665083,0,Not yet rated,NULL,N/A
CBRL,$144.65,1441044665143,"101,662",50% bullish,of 2 ratings,$155
BREW,$8.2296,1441044665168,"9,046",67% bullish,of 6 ratings,$15
CRAI,$22.67,1441044665230,"7,809",100% bearish,of 1 rating,$36
CRAY,$21.47,1441044665394,"66,974",83% bullish,of 6 ratings,$38.50
CACC,$203.57,1441044665441,"35,714",50% bullish,of 2 ratings,$158.50
GLDI,$11.0395,1441044665467,"4,280",100% bearish,of 1 rating,N/A
SLVO,$9.95,1441044665488,"1,071",100% bearish,of 1 rating,N/A
CRTO,$39.835,1441044665625,"180,852",67% bullish,of 6 ratings,$64
CRESY,$10.37,1441044665652,"4,652",100% bearish,of 1 rating,$19
CROX,$14.59,1441044665825,"302,067",63% bullish,of 8 ratings,$16.50
CREE,$27.18,1441044665879,"223,101",65% bullish,of 17 ratings,$29.50
CRDS,$1.0038,1441044665903,"8,713",75% bullish,of 4 ratings,$4.50
CRWS,$8.14,1441044665930,"1,192",Not yet rated,NULL,$10
CCRN,$14.12,1441044665958,"129,277",100% bearish,of 1 rating,$14.25
CRWN,$5.22,1441044666090,"292,079",75% bullish,of 4 ratings,N/A
CYRX,$2.902,1441044666260,"13,784",Not yet rated,NULL,$9
CYRXW,$0.77,1441044666392,"17,601",Not yet rated,NULL,N/A
CSGS,$30.7,1441044666435,"47,595",Not yet rated,NULL,$40
CTIC,$1.59,1441044666492,"164,507",84% bullish,of 76 ratings,$5.75
CCLP,$15.4,1441044666517,"32,463",67% bearish,of 3 ratings,$20
CSPI,NULL,1441044666565,0,67% bullish,of 3 ratings,N/A
CTCM,$1.8299,1441044666658,"51,936",80% bearish,of 5 ratings,$3.90
CTIB,NULL,1441044666690,0,100% bearish,of 1 rating,N/A
CUNB,$21.115,1441044666789,"2,147",Not yet rated,NULL,$24.50
CTRP,$66.38,1441044666884,"717,030",75% bullish,of 8 ratings,$92.50
CMLS,$1.45,1441044667013,"171,069",50% bullish,of 4 ratings,$6
CRIS,$2.63,1441044667099,"118,551",100% bullish,of 8 ratings,$6
CUI,$5.27,1441044667127,"4,043",50% bullish,of 2 ratings,$10
CPIX,$6.16,1441044667165,"3,633",Not yet rated,NULL,N/A
CUTR,$14.8,1441044667255,"615,479",67% bearish,of 3 ratings,$18
CVBF,$16.15,1441044667295,"69,512",Not yet rated,NULL,$18
CVV,$10.87,1441044667338,"4,348",100% bullish,of 5 ratings,N/A
CYBR,$51.65,1441044667423,"213,686",75% bullish,of 8 ratings,$66
CYBE,$6.787,1441044667591,"7,601",100% bearish,of 1 rating,N/A
CYCC,$0.54,1441044667675,"46,152",73% bullish,of 11 ratings,N/A
CYAN,$7,1441044667709,"6,850",100% bearish,of 1 rating,N/A
CYCCP,NULL,1441044667735,0,100% bearish,of 1 rating,N/A
CBAY,$2.67,1441044667807,"37,779",100% bullish,of 1 rating,$4
CYBX,$65.27,1441044667833,"66,475",50% bullish,of 4 ratings,$71.50
CYNA,$15.78,1441044667964,"29,405",50% bullish,of 2 ratings,$31.50
CYNO,$31.57,1441044668006,"40,662",67% bearish,of 3 ratings,$45.50
CONE,$31.9,1441044668102,"132,474",67% bearish,of 3 ratings,$35.50
CYRN,$1.7,1441044668132,"7,666",67% bullish,of 3 ratings,$4
CYTX,$0.3609,1441044668261,"2,117,714",83% bullish,of 12 ratings,$5.50
CYTK,$7.02,1441044668288,"60,999",71% bullish,of 14 ratings,$13.50
CY,$9.94,1441044668311,"1,114,469",80% bullish,of 10 ratings,$15.50
CYTR,$2.48,1441044668453,"203,615",67% bullish,of 6 ratings,$10
CTSO,$6.95,1441044668481,"24,543",Not yet rated,NULL,$15.625
TVIX,$14.81,1441044668611,"8,345,991",81% bullish,of 16 ratings,N/A
DAEG,$0.37,1441044668649,500,100% bearish,of 1 rating,N/A
TVIZ,$20.3,1441044668814,"2,200",100% bearish,of 1 rating,N/A
ZIV,$38.6,1441044668839,"56,429",Not yet rated,NULL,N/A
DJCO,$192.01,1441044668971,100,Not yet rated,NULL,N/A
DARA,$0.89,1441044669032,"36,464",83% bullish,of 6 ratings,$1.50
DAIO,$2.52,1441044669105,112,Not yet rated,NULL,N/A
DRAM,$1.3,1441044669163,"13,784",78% bullish,of 9 ratings,N/A
DTLK,$5.86,1441044669236,"21,372",100% bearish,of 1 rating,$9
XIV,$25.53,1441044669312,"9,794,904",75% bearish,of 4 ratings,N/A
DWCH,$5.2,1441044669413,"13,090",75% bullish,of 4 ratings,$8.25
DAKT,$8.71,1441044669438,"64,540",50% bullish,of 2 ratings,$12
DTEA,$13.81,1441044669508,"40,139",100% bearish,of 2 ratings,$24
PLAY,$33.83,1441044669580,"127,571",100% bullish,of 5 ratings,$42
DWSN,$4.6,1441044669642,"5,721",67% bullish,of 3 ratings,N/A
TRAK,$62.77,1441044669882,"108,569",50% bullish,of 2 ratings,$62.50
DHRM,$1.64,1441044669907,"7,933",Not yet rated,NULL,N/A
DFRG,$14.8,1441044669967,"42,533",100% bearish,of 1 rating,$20
TACOW,$3.86,1441044670098,"7,500",100% bullish,of 1 rating,N/A
TACO,$12.97,1441044670124,"76,185",75% bullish,of 4 ratings,$20
DCTH,$0.443,1441044670155,"39,574",78% bullish,of 9 ratings,N/A
DBVT,$39.8,1441044670257,"82,630",100% bearish,of 1 rating,$53
DGAS,$20.3,1441044670290,501,67% bearish,of 3 ratings,N/A
DELT,NULL,1441044670315,0,Not yet rated,NULL,N/A
DELTW,NULL,1441044670392,0,Not yet rated,NULL,N/A
DEPO,$27.3601,1441044670552,"300,568",60% bullish,of 5 ratings,$29
XRAY,$52.56,1441044670586,"85,720",100% bullish,of 1 rating,$58
DENN,$11.29,1441044670728,"116,401",100% bullish,of 3 ratings,$15
DSCI,$5.93,1441044670795,"12,450",50% bullish,of 2 ratings,$16
DEST,$11.41,1441044670828,"22,123",50% bullish,of 2 ratings,N/A
DXLG,$5.83,1441044670853,"94,935",100% bearish,of 1 rating,$8
DXCM,$95.245,1441044671058,"278,724",57% bullish,of 7 ratings,$98
DHXM,NULL,1441044671092,0,Not yet rated,NULL,N/A
DSWL,$1.6901,1441044671119,"8,015",100% bullish,of 1 rating,N/A
DERM,$25.9501,1441044671152,"53,166",100% bearish,of 1 rating,$33.50
DHIL,$193.0901,1441044671255,"1,116",Not yet rated,NULL,N/A
DXM,$0.2601,1441044671282,"97,560",50% bullish,of 2 ratings,N/A
DMND,$30.07,1441044671308,"91,355",75% bullish,of 12 ratings,$32
DCIX,$1.68,1441044671502,"13,271",50% bullish,of 4 ratings,$3.50
FANG,$68.37,1441044671560,"589,627",50% bullish,of 2 ratings,$86.50
DGII,$10.23,1441044671719,"31,571",100% bearish,of 1 rating,$11
DMRC,$38.66,1441044671755,"25,399",100% bearish,of 1 rating,$44
DRAD,$3.778,1441044671803,"14,972",100% bullish,of 1 rating,$5.25
APPS,$2.59,1441044671884,"65,566",100% bearish,of 1 rating,$10.25
DRNA,$11.11,1441044672130,"43,861",67% bearish,of 3 ratings,$25
DIOD,$19.7,1441044672161,"38,734",75% bearish,of 4 ratings,$24
DCOM,$17.06,1441044672182,"27,522",100% bearish,of 2 ratings,$16
DISCA,$26.54,1441044672212,"564,938",67% bullish,of 3 ratings,$34
DGLY,$8.39,1441044672261,"38,386",50% bullish,of 6 ratings,$20
DISCB,NULL,1441044672344,0,100% bearish,of 1 rating,$35
DPRX,$14.42,1441044672412,"5,540",100% bullish,of 2 ratings,$27.75
DSCO,$0.4153,1441044672512,"299,035",83% bullish,of 6 ratings,$2.75
DISH,$59.27,1441044672539,"300,995",69% bullish,of 13 ratings,$73
BAGR,$2.77,1441044672822,"6,612",100% bearish,of 1 rating,$6
DVCR,$10.65,1441044672854,"3,607",100% bullish,of 1 rating,N/A
DISCK,$25.31,1441044672954,"284,133",100% bearish,of 1 rating,$32
DLTR,$76.07,1441044672986,"1,565,911",82% bullish,of 11 ratings,$88
DGICA,$14.3,1441044673014,"2,074",100% bearish,of 1 rating,$17
DNBF,$26.07,1441044673039,"3,600",Not yet rated,NULL,$27.50
DLHC,$2.42,1441044673085,502,100% bearish,of 1 rating,N/A
DMLP,$15.26,1441044673255,"14,922",100% bearish,of 1 rating,N/A
DORM,$50.05,1441044673338,"33,770",100% bearish,of 1 rating,$56
DGICB,NULL,1441044673471,0,100% bearish,of 1 rating,N/A
DRWI,$0.205,1441044673499,"99,578",60% bullish,of 5 ratings,$.45
DRWIW,NULL,1441044673606,0,Not yet rated,NULL,N/A
DWA,$20.06,1441044673633,"117,089",63% bullish,of 8 ratings,$26
HILL,$9.675,1441044673659,"523,845",60% bearish,of 5 ratings,$9.75
DSKX,$3.29,1441044673818,"62,590",100% bullish,of 1 rating,N/A
DSPG,$8.77,1441044673898,"45,885",100% bearish,of 1 rating,$13.50
CADT,NULL,1441044673924,0,Not yet rated,NULL,N/A
CADTR,NULL,1441044673944,0,Not yet rated,NULL,N/A
DRYS,$0.4584,1441044673975,"2,312,932",77% bullish,of 31 ratings,$.60
DNKN,$50.52,1441044674190,"226,733",67% bullish,of 15 ratings,$56.50
CADTW,NULL,1441044674216,0,Not yet rated,NULL,N/A
CADTU,NULL,1441044674289,0,Not yet rated,NULL,N/A
DTSI,$26.705,1441044674377,"14,550",100% bearish,of 2 ratings,$39.50
DRRX,$2.061,1441044674421,"29,706",50% bullish,of 6 ratings,$3
DXPE,$29.715,1441044674448,"90,012",50% bullish,of 2 ratings,N/A
BOOM,$11.25,1441044674635,"32,969",67% bullish,of 3 ratings,$12
DYSL,$1.5,1441044674660,"12,470",100% bullish,of 2 ratings,N/A
DYAX,$23.07,1441044674826,"232,535",89% bullish,of 9 ratings,$30
DVAX,$29.34,1441044674952,"91,501",70% bullish,of 10 ratings,$40
ETFC,$26.331,1441044674978,"746,179",57% bullish,of 14 ratings,$32.50
EBMT,$11.61,1441044675017,404,Not yet rated,NULL,$13.50
EGLE,$6.95,1441044675042,"16,188",60% bullish,of 5 ratings,N/A
DYNT,$3.05,1441044675067,200,75% bullish,of 4 ratings,N/A
EGRX,$79.48,1441044675118,"98,780",67% bullish,of 3 ratings,$97
EGBN,$41.72,1441044675224,"16,190",Not yet rated,NULL,$48
ELNK,$8.42,1441044675409,"167,864",60% bullish,of 5 ratings,$9.50
EWBC,$40.2,1441044675504,"195,447",100% bearish,of 1 rating,$50
EVBS,$6.6,1441044675556,"7,454",Not yet rated,NULL,$7
EML,$16.489,1441044675582,302,Not yet rated,NULL,N/A
EACQU,$10.2,1441044675800,"2,504",Not yet rated,NULL,N/A
EBAY,$27.125,1441044675832,"3,666,294",81% bullish,of 117 ratings,$34
EBIX,$28.23,1441044675860,"55,686",69% bullish,of 13 ratings,$40
EROC,$1.58,1441044675932,"290,844",50% bullish,of 2 ratings,$3
ELON,$0.5808,1441044675964,"36,323",50% bullish,of 2 ratings,N/A
ECTE,$1.45,1441044675995,"5,384",75% bullish,of 4 ratings,N/A
EEI,$11.1684,1441044676065,200,67% bearish,of 3 ratings,N/A
ECHO,$23.14,1441044676091,"59,553",67% bearish,of 3 ratings,$34.50
ECACU,$10.1,1441044676314,50,Not yet rated,NULL,N/A
ESES,$3.2,1441044676495,400,100% bearish,of 1 rating,$7
SATS,$45,1441044676524,"33,640",50% bullish,of 2 ratings,$60
EFUT,NULL,1441044676602,0,Not yet rated,NULL,N/A
EDGW,$7.2,1441044676627,"3,950",100% bearish,of 1 rating,N/A
EGAN,$3.63,1441044676660,"6,386",50% bullish,of 2 ratings,$6.25
EDUC,$6.02,1441044676685,"20,956",100% bearish,of 1 rating,N/A
LOCO,$13.24,1441044676819,"423,463",69% bullish,of 13 ratings,$19.50
EDAP,$3.65,1441044676855,"36,846",60% bullish,of 5 ratings,$4.50
EHTH,$14.88,1441044676951,"30,254",50% bullish,of 4 ratings,$16.50
EMITF,$1.21,1441044677015,"21,160",75% bullish,of 4 ratings,N/A
ESLT,$76.01,1441044677048,"3,945",67% bullish,of 3 ratings,N/A
EGLT,$11.74,1441044677088,"99,523",50% bullish,of 2 ratings,$21
ERI,$9.51,1441044677115,"41,805",100% bearish,of 1 rating,$10
ESIO,$4.68,1441044677143,"33,496",50% bullish,of 2 ratings,$10
ELRC,$10.51,1441044677431,"6,774",100% bearish,of 1 rating,N/A
EA,$66.46,1441044677576,"903,729",77% bullish,of 35 ratings,$80
ELSE,$3.89,1441044677608,51,60% bullish,of 5 ratings,N/A
EFII,$43.85,1441044677629,"19,615",80% bullish,of 5 ratings,$55
ELEC,NULL,1441044677704,0,Not yet rated,NULL,N/A
EBIO,$3.55,1441044677763,"82,627",100% bearish,of 2 ratings,$8.35
ELECW,NULL,1441044677788,0,Not yet rated,NULL,N/A
ELECU,NULL,1441044677815,0,Not yet rated,NULL,N/A
ESBK,$19.78,1441044677972,130,Not yet rated,NULL,N/A
LONG,$16.96,1441044678054,"2,700",67% bullish,of 3 ratings,$15.75
RDEN,$10.95,1441044678110,"16,602",100% bearish,of 4 ratings,$15
ELTK,$1.2665,1441044678134,"51,454",67% bearish,of 3 ratings,N/A
EMCI,$22.88,1441044678288,"5,191",Not yet rated,NULL,N/A
EMCF,NULL,1441044678313,0,100% bearish,of 1 rating,N/A
CAPX,NULL,1441044678339,0,Not yet rated,NULL,N/A
EMMSP,$3,1441044678604,200,100% bearish,of 1 rating,N/A
EMMS,$1.2,1441044678629,"18,724",83% bullish,of 6 ratings,N/A
EMKR,$7.01,1441044678654,"51,541",75% bullish,of 4 ratings,$8.50
NYNY,$4.21,1441044678682,"12,502",50% bullish,of 2 ratings,N/A
ECPG,$40.23,1441044678713,"98,539",100% bullish,of 2 ratings,$52
WIRE,$32.37,1441044678814,"25,326",100% bearish,of 1 rating,$37
ERS,$2.8299,1441044678841,600,Not yet rated,NULL,N/A
ENDP,$77.53,1441044679083,"354,285",50% bullish,of 6 ratings,$104
ENTA,$39.85,1441044679115,"68,389",50% bullish,of 2 ratings,$42
ELGX,$12.89,1441044679136,"69,059",75% bullish,of 4 ratings,$17
ECYT,$5.3,1441044679218,"122,361",83% bullish,of 6 ratings,$12
EIGI,$15.21,1441044679266,"103,864",67% bearish,of 3 ratings,$22.50
WATT,$7.3344,1441044679295,"87,618",50% bullish,of 2 ratings,$13
EFOI,$22.29,1441044679402,"807,202",50% bullish,of 2 ratings,$24.50
ERII,$2.66,1441044679432,"61,187",80% bullish,of 5 ratings,$2.50
EXXI,$1.92,1441044679529,"1,085,906",86% bullish,of 7 ratings,$3.50
ENG,$1.04,1441044679557,"10,280",100% bullish,of 3 ratings,N/A
ENPH,$4.78,1441044679618,"359,833",75% bullish,of 4 ratings,$11
ENFC,$17.79,1441044679716,700,Not yet rated,NULL,N/A
ESGR,$146.455,1441044679880,800,100% bearish,of 1 rating,$185
ENTG,$13.7,1441044679909,"271,350",100% bearish,of 1 rating,$18
ENOC,$9.34,1441044680011,"64,113",75% bullish,of 4 ratings,$18
ETRM,$0.27,1441044680036,"534,680",69% bearish,of 35 ratings,$1.625
ENTL,$22.44,1441044680071,"5,516",Not yet rated,NULL,$28
EBTC,$21,1441044680167,100,Not yet rated,NULL,N/A
EFSC,$23.75,1441044680194,"5,062",Not yet rated,NULL,$27
ENZN,$1,1441044680375,"231,832",100% bullish,of 9 ratings,N/A
ENVI,$1.9,1441044680407,"20,958",67% bullish,of 3 ratings,N/A
EGT,$2.128,1441044680456,816,100% bullish,of 1 rating,N/A
EPRS,$5.01,1441044680507,"30,137",82% bullish,of 11 ratings,$15
EPZM,$20.58,1441044680611,"160,078",60% bullish,of 5 ratings,$34
EPIQ,$12.92,1441044680638,"36,543",100% bearish,of 1 rating,$18
ENZY,$9.98,1441044680772,"7,024",67% bullish,of 3 ratings,$9.50
PLUS,$75.92,1441044680797,"23,713",50% bullish,of 2 ratings,$88
EQIX,$265.19,1441044680953,"90,776",75% bullish,of 4 ratings,$312.50
EQFN,$8.39,1441044681014,35,100% bearish,of 1 rating,N/A
EAC,$3.491,1441044681087,"8,864",100% bearish,of 1 rating,$8
ERIC,$9.77,1441044681112,"866,295",67% bullish,of 9 ratings,$12.20
ESCA,$17.93,1441044681175,"3,060",100% bearish,of 1 rating,$22
ESCRP,$1.32,1441044681199,"3,280",100% bearish,of 1 rating,N/A
ERIE,$81.18,1441044681450,"3,569",Not yet rated,NULL,$73
EPIX,NULL,1441044681507,0,Not yet rated,NULL,N/A
ESCR,$0.1211,1441044681582,"127,832",50% bullish,of 2 ratings,N/A
ESPR,$48.85,1441044681613,"443,604",70% bearish,of 10 ratings,$122.50
ESMC,$1.39,1441044681634,"4,266",Not yet rated,NULL,N/A
ESSA,$12.8101,1441044681671,959,100% bearish,of 1 rating,N/A
ESSX,$0.48,1441044681784,"34,732",50% bullish,of 2 ratings,N/A
ESND,$34.48,1441044681808,"21,780",100% bearish,of 2 ratings,$40
CLWT,$2.5,1441044681978,300,100% bullish,of 1 rating,N/A
ESEA,$5.1,1441044682062,"1,560",100% bullish,of 1 rating,$15
EEFT,$64.87,1441044682146,"74,016",100% bearish,of 1 rating,$67.50
ETSY,$14.29,1441044682231,"244,473",80% bullish,of 5 ratings,$16
EVLV,$2.68,1441044682277,"62,728",60% bullish,of 5 ratings,$5.125
EVK,$3.96,1441044682311,832,75% bearish,of 4 ratings,N/A
EVOK,$3.906,1441044682410,"19,015",100% bearish,of 1 rating,$13.375
EVEP,$8.75,1441044682437,"167,350",50% bullish,of 2 ratings,$15
EVOL,$5.87,1441044682493,"3,556",75% bullish,of 4 ratings,$10
EXA,$11.01,1441044682623,"3,879",100% bearish,of 1 rating,$13
EXAS,$22.24,1441044682689,"204,510",78% bullish,of 9 ratings,$31
EXAC,$19.095,1441044682757,"11,379",100% bearish,of 1 rating,$22.50
EXEL,$6.02,1441044682783,"2,543,767",81% bullish,of 16 ratings,$6
EXLS,$36.05,1441044682908,"11,320",50% bullish,of 2 ratings,$41
EXPE,$114.49,1441044682933,"224,210",64% bullish,of 11 ratings,$130
EXPD,$49.18,1441044683065,"333,990",80% bullish,of 5 ratings,$52
EXPO,$42.46,1441044683157,"19,828",100% bearish,of 1 rating,$45.50
EXLP,$21.43,1441044683193,"209,672",100% bearish,of 1 rating,$25
EXFO,$3.05,1441044683231,"7,355",67% bearish,of 3 ratings,$3.95
ESRX,$83.4501,1441044683258,"855,037",67% bearish,of 6 ratings,$101
EXTR,$3.01,1441044683398,"663,889",80% bullish,of 5 ratings,$3
EYEG,$3.64,1441044683498,"3,837",Not yet rated,NULL,N/A
EYEGW,NULL,1441044683577,0,Not yet rated,NULL,N/A
EZPW,$6.18,1441044683718,"95,867",50% bullish,of 4 ratings,$7
FFIV,$122.25,1441044683745,"169,223",63% bullish,of 8 ratings,$132
EZCH,$22.9,1441044683766,"47,578",75% bullish,of 8 ratings,$19.50
FRP,$16.61,1441044683934,"68,183",100% bearish,of 1 rating,$18
FCS,$13.55,1441044683994,"133,344",67% bearish,of 3 ratings,$17
FB,$89.57,1441044684126,"10,987,601",73% bullish,of 1072 ratings,$111
FALC,$1.7001,1441044684161,"20,970",63% bearish,of 8 ratings,N/A
FARM,$22.18,1441044684190,"13,953",100% bearish,of 1 rating,$35
DAVE,$14.8,1441044684217,"20,651",100% bearish,of 1 rating,$15.50
FFKT,$25.64,1441044684242,"2,067",Not yet rated,NULL,$29
FWM,$2.3,1441044684270,"59,034",100% bearish,of 2 ratings,$3.20
FARO,$38.75,1441044684488,"26,430",50% bullish,of 2 ratings,$48
FMNB,$8.36,1441044684638,"6,371",Not yet rated,NULL,N/A
FATE,$6.56,1441044684674,"23,657",50% bullish,of 2 ratings,$11
FBSS,NULL,1441044684739,0,Not yet rated,NULL,N/A
FAST,$38.6,1441044684873,"651,549",80% bullish,of 5 ratings,$45.50
FDML,$9.11,1441044684901,"101,470",50% bullish,of 4 ratings,$14
FBRC,$22.06,1441044684981,"4,246",100% bearish,of 1 rating,$29
FNHC,$21.95,1441044685087,"23,475",100% bearish,of 1 rating,$35
FEIC,$76.02,1441044685120,"82,811",50% bullish,of 2 ratings,$95.50
FENX,$10,1441044685183,"19,903",100% bullish,of 1 rating,$14.25
FCSC,$5.7,1441044685212,"36,518",100% bearish,of 1 rating,$8.125
FHCO,$1.435,1441044685407,"41,714",50% bullish,of 4 ratings,N/A
ONEQ,$189.1399,1441044685465,"7,804",100% bullish,of 1 rating,N/A
LION,$19.18,1441044685490,"27,899",100% bullish,of 1 rating,$20
FDUS,$14.79,1441044685515,"13,768",50% bullish,of 2 ratings,$18
FGEN,$24.03,1441044685570,"120,749",100% bearish,of 1 rating,$39
FRGI,$51.63,1441044685762,"55,660",50% bullish,of 2 ratings,$70
FSC,$6.54,1441044685864,"349,291",60% bullish,of 5 ratings,$8
FSFR,$8.86,1441044685888,"15,197",100% bearish,of 1 rating,$11.50
FSCFL,$24.7,1441044685964,"1,175",Not yet rated,NULL,N/A
FITB,$19.865,1441044686063,"1,513,882",54% bullish,of 13 ratings,$22
FNGN,$32.3,1441044686246,"139,512",67% bullish,of 3 ratings,$47
FNSR,$15.51,1441044686326,"274,167",71% bullish,of 7 ratings,$24.50
FISI,$24.66,1441044686358,"7,095",100% bullish,of 2 ratings,$24.50
FSAM,$8.17,1441044686417,"1,007",100% bearish,of 1 rating,$10.25
FNJN,$1.9096,1441044686457,"9,778",100% bearish,of 1 rating,$5
FNTC,NULL,1441044686487,0,Not yet rated,NULL,N/A
FITBI,$27.498,1441044686585,"7,570",Not yet rated,NULL,N/A
FBNC,$16.86,1441044686770,"1,550",100% bullish,of 1 rating,$20
FNTCU,NULL,1441044686798,0,Not yet rated,NULL,N/A
FNTCW,$0.33,1441044686824,998,Not yet rated,NULL,N/A
FEYE,$38.1837,1441044686852,"1,221,698",87% bullish,of 15 ratings,$55.50
FNLC,$18.41,1441044686902,"4,080",100% bullish,of 1 rating,N/A
FRBA,$6.0335,1441044686982,"1,000",Not yet rated,NULL,$8
BUSE,$6.39,1441044687056,"5,302",Not yet rated,NULL,$6.875
FBIZ,$22.25,1441044687222,"25,475",100% bearish,of 2 ratings,$52
FCAP,NULL,1441044687286,0,Not yet rated,NULL,N/A
FCVA,$4.78,1441044687325,"5,090",Not yet rated,NULL,N/A
FCNCA,$236.27,1441044687393,"3,313",Not yet rated,NULL,N/A
FCLF,$9.1999,1441044687620,500,Not yet rated,NULL,N/A
FCBC,$17.53,1441044687700,"2,778",Not yet rated,NULL,$18
FCFP,$6.7501,1441044687730,"2,100",Not yet rated,NULL,N/A
FCCO,$12,1441044687775,"2,100",Not yet rated,NULL,$13.25
FCFS,$40.46,1441044687806,"31,769",100% bearish,of 3 ratings,$47
FDEF,$37.53,1441044687832,"6,345",Not yet rated,NULL,$38
FBNK,$17.01,1441044687963,"13,336",100% bearish,of 1 rating,$17.50
FFBC,$18.25,1441044687996,"24,790",67% bearish,of 3 ratings,$20.25
FFNM,$6.39,1441044688021,100,Not yet rated,NULL,N/A
FFIN,$30.84,1441044688244,"63,638",50% bullish,of 2 ratings,$31.75
FFBCW,NULL,1441044688275,0,100% bearish,of 1 rating,N/A
THFF,$32.99,1441044688375,"1,672",Not yet rated,NULL,$35
FFWM,$21.24,1441044688400,"6,148",Not yet rated,NULL,$24
INBK,$31.1301,1441044688445,"13,830",50% bullish,of 2 ratings,$37
FFNW,$12.2,1441044688577,"2,377",Not yet rated,NULL,$14
FIBK,$26.55,1441044688653,"47,484",Not yet rated,NULL,$32
FRME,$25.96,1441044688682,"22,038",Not yet rated,NULL,$26.50
FMBH,NULL,1441044688759,0,Not yet rated,NULL,N/A
FNFG,$9.145,1441044688792,"398,014",80% bullish,of 5 ratings,$9
FNBC,$34.88,1441044688822,"21,151",Not yet rated,NULL,$40
FMBI,$17.54,1441044688843,"92,773",Not yet rated,NULL,$20
FNWB,$11.9699,1441044688875,"1,600",Not yet rated,NULL,N/A
FSFG,$30.07,1441044689120,100,Not yet rated,NULL,N/A
FSLR,$47.95,1441044689157,"431,754",72% bullish,of 39 ratings,$65
FSGI,$2.5,1441044689186,"6,891",Not yet rated,NULL,N/A
FSBK,$7.8,1441044689288,200,100% bullish,of 1 rating,N/A
FCA,$19.7542,1441044689419,104,Not yet rated,NULL,N/A
FCAN,$24.71,1441044689452,800,Not yet rated,NULL,N/A
FTCS,$36.5099,1441044689480,"1,560",100% bearish,of 1 rating,N/A
FV,$23.4599,1441044689554,"940,799",100% bearish,of 1 rating,N/A
FEMB,NULL,1441044689607,0,Not yet rated,NULL,N/A
FBZ,$9.67,1441044689636,600,Not yet rated,NULL,N/A
BICK,$19.56,1441044689709,773,100% bullish,of 1 rating,N/A
IFV,$17.762,1441044689734,"97,217",100% bearish,of 1 rating,N/A
FTSM,$59.88,1441044689816,"61,482",100% bearish,of 1 rating,N/A
TDIV,$24.83,1441044689874,"28,348",100% bearish,of 1 rating,N/A
FEUZ,$30.9872,1441044689902,"1,225",Not yet rated,NULL,N/A
MDIV,$19.2306,1441044690006,"84,728",Not yet rated,NULL,N/A
FGM,$35.7395,1441044690194,"2,654",Not yet rated,NULL,N/A
HYLS,$49.3901,1441044690273,"7,735",100% bearish,of 1 rating,N/A
FTGC,$22.59,1441044690302,"33,149",Not yet rated,NULL,N/A
FTHI,$19.43,1441044690379,"1,441",Not yet rated,NULL,N/A
FPXI,$27.56,1441044690406,800,Not yet rated,NULL,N/A
YDIV,$16.4111,1441044690435,"1,992",Not yet rated,NULL,N/A
FHK,$33.2284,1441044690545,"2,144",Not yet rated,NULL,N/A
CU,$13.01,1441044690569,"7,189",100% bearish,of 1 rating,N/A
SKYY,$28.9466,1441044690630,"37,834",100% bullish,of 1 rating,N/A
PLTM,$6.4078,1441044690699,"2,538",100% bearish,of 1 rating,N/A
FTLB,$19.81,1441044690827,1,100% bearish,of 1 rating,N/A
LMBS,$50.2322,1441044690918,"1,389",Not yet rated,NULL,N/A
FJP,$47.28,1441044691013,"21,184",Not yet rated,NULL,N/A
QABA,$37.44,1441044691071,"3,037",100% bearish,of 1 rating,N/A
CIBR,$17.88,1441044691174,"32,241",Not yet rated,NULL,N/A
GRID,NULL,1441044691278,0,100% bearish,of 1 rating,N/A
FONE,$35,1441044691327,500,Not yet rated,NULL,N/A
RDVY,$21.16,1441044691425,"2,600",Not yet rated,NULL,N/A
CARZ,$35.02,1441044691520,"2,869",100% bearish,of 1 rating,N/A
QCLN,$15.27,1441044691552,"5,388",Not yet rated,NULL,N/A
QQEW,$41.89,1441044691656,"50,893",Not yet rated,NULL,N/A
QQXT,$40.54,1441044691746,"8,936",Not yet rated,NULL,N/A
QTEC,$40.22,1441044691771,"17,694",Not yet rated,NULL,N/A
AIRR,$16.65,1441044691793,"13,065",100% bearish,of 1 rating,N/A
FMB,NULL,1441044692031,0,Not yet rated,NULL,N/A
FTSL,$48.8,1441044692129,"18,861",100% bearish,of 1 rating,N/A
QINC,$20.151,1441044692156,257,Not yet rated,NULL,N/A
FDIV,$47,1441044692197,"1,797",100% bearish,of 1 rating,N/A
FSZ,$39.2,1441044692290,"2,237",Not yet rated,NULL,N/A
FKO,NULL,1441044692349,0,Not yet rated,NULL,N/A
TUSA,$24.975,1441044692432,"3,034",Not yet rated,NULL,N/A
FTW,$31.57,1441044692457,100,Not yet rated,NULL,N/A
FSV,$31.6,1441044692785,"5,537",Not yet rated,NULL,$33.60
FUNC,$8.0538,1441044692811,"2,704",Not yet rated,NULL,N/A
FKU,$41.7837,1441044692945,"2,866",Not yet rated,NULL,N/A
FMER,$17.88,1441044692971,"285,342",50% bullish,of 2 ratings,$20
FISV,$85.53,1441044692995,"349,776",100% bearish,of 3 ratings,$90
SVVC,$9.3797,1441044693042,"4,828",50% bullish,of 2 ratings,$26
FIVE,$38.71,1441044693071,"364,629",75% bearish,of 4 ratings,$44
FPRX,$19.75,1441044693206,"593,455",50% bullish,of 2 ratings,$35
FLML,$22.47,1441044693312,"31,906",50% bullish,of 2 ratings,$30
FIVN,$3.95,1441044693704,"41,523",100% bullish,of 1 rating,$8.50
FLEX,$10.535,1441044693884,"596,746",63% bullish,of 8 ratings,$12
FLXN,$24.57,1441044693912,"45,289",100% bearish,of 1 rating,$40
MBSD,$24.98,1441044694012,"1,385",Not yet rated,NULL,N/A
SKOR,$50.35,1441044694054,"3,700",Not yet rated,NULL,N/A
FLIR,$28.7,1441044694085,"285,004",100% bearish,of 1 rating,$38.50
FLXS,$31.43,1441044694110,"12,412",100% bearish,of 2 ratings,N/A
FLDM,$12.33,1441044694193,"93,413",67% bearish,of 3 ratings,$15
FOMX,$10.23,1441044694429,"93,539",50% bullish,of 2 ratings,$23.50
FOGO,$19.3306,1441044694519,"63,114",50% bullish,of 2 ratings,$25.50
FLKS,$12.14,1441044694548,"10,847",50% bullish,of 2 ratings,$27
FFIC,$19.89,1441044694589,"16,380",Not yet rated,NULL,$20.50
FONR,$9.68,1441044694677,"2,481",100% bullish,of 1 rating,N/A
FORTY,$32.4504,1441044694724,378,100% bearish,of 1 rating,N/A
FES,$0.901,1441044694755,"47,377",50% bullish,of 2 ratings,$1
FORM,$6.75,1441044694858,"54,755",67% bullish,of 3 ratings,$10.50
FORR,$31.67,1441044694926,"5,960",Not yet rated,NULL,N/A
FWRD,$45.01,1441044695075,"60,218",100% bearish,of 1 rating,$50
FBIO,$2.81,1441044695100,"49,733",83% bullish,of 6 ratings,N/A
FMI,$24.095,1441044695286,"102,221",100% bearish,of 2 ratings,$27.50
FORD,$1.4115,1441044695312,"946,498",67% bullish,of 3 ratings,N/A
FTNT,$42.1,1441044695337,"301,334",80% bullish,of 10 ratings,$52
FWP,$26.38,1441044695382,"14,591",100% bearish,of 1 rating,$45
FOSL,$61.64,1441044695477,"156,967",60% bearish,of 5 ratings,$80
FXCB,$17.1,1441044695510,"2,128",Not yet rated,NULL,$19
FRAN,$11.33,1441044695583,"122,847",50% bullish,of 4 ratings,$15
FOXF,$14.99,1441044695658,"13,142",100% bearish,of 1 rating,$19
FELE,$29.31,1441044695718,"39,383",50% bullish,of 4 ratings,$33
RAIL,$21.5,1441044695865,"66,724",100% bearish,of 1 rating,$24.50
FRED,$12.92,1441044695896,"93,349",50% bullish,of 2 ratings,$15.50
FREE,$0.36,1441044695995,"593,495",92% bullish,of 12 ratings,N/A
FTR,$5.05,1441044696074,"4,634,408",78% bullish,of 27 ratings,$6.25
FRPT,$12.99,1441044696204,"83,206",67% bearish,of 3 ratings,$23.50
FEIM,$10.89,1441044696233,453,100% bearish,of 1 rating,N/A
FTRPR,$100.71,1441044696263,"2,326",100% bearish,of 1 rating,N/A
FSBW,$23.03,1441044696288,"1,904",Not yet rated,NULL,N/A
FRPH,$30.38,1441044696367,"4,813",100% bearish,of 1 rating,N/A
FTD,$29.9,1441044696494,"52,666",100% bearish,of 1 rating,$40
FCEL,$0.8267,1441044696531,"371,530",88% bullish,of 41 ratings,$2.65
FTEK,$2.1,1441044696662,"14,016",75% bullish,of 4 ratings,N/A
FSYS,$6.97,1441044696760,"5,650",67% bullish,of 3 ratings,$10
FULLL,NULL,1441044696809,0,Not yet rated,NULL,N/A
FLL,$1.4899,1441044696870,"4,785",75% bullish,of 4 ratings,$3.50
FULL,$3.1301,1441044696898,"15,574",67% bearish,of 3 ratings,$4.25
FULT,$12.09,1441044696995,"116,256",100% bearish,of 1 rating,$13
FSNN,$2.1201,1441044697051,"1,382",67% bullish,of 3 ratings,$6
FXEN,$0.9779,1441044697097,"32,146",75% bullish,of 4 ratings,$1.10
FXENP,$15.65,1441044697243,712,100% bearish,of 1 rating,N/A
FFHL,$1.06,1441044697291,"2,050",50% bullish,of 4 ratings,N/A
WILC,$4.99,1441044697317,"3,252",100% bullish,of 2 ratings,N/A
GK,$67.15,1441044697447,"11,156",Not yet rated,NULL,$78
GLPG,$60.63,1441044697475,"16,036",100% bullish,of 1 rating,$75
GAIA,$6.01,1441044697519,"3,086",50% bullish,of 2 ratings,$8.50
GALT,$2.29,1441044697708,"116,444",80% bullish,of 5 ratings,N/A
GALE,$1.5649,1441044697772,"641,620",89% bullish,of 47 ratings,$4
GALTW,NULL,1441044697804,0,100% bullish,of 1 rating,N/A
GALTU,NULL,1441044697840,0,100% bearish,of 1 rating,N/A
GLPI,$31.02,1441044697928,"72,662",100% bearish,of 1 rating,$37.50
GLMD,$8.91,1441044697954,"9,687",67% bullish,of 3 ratings,$20.50
GPIC,$10.05,1441044698034,500,100% bearish,of 1 rating,N/A
GRMN,$37.72,1441044698235,"249,652",50% bullish,of 6 ratings,$46.50
GGACR,$0.2643,1441044698278,"14,000",100% bullish,of 1 rating,N/A
GGAC,NULL,1441044698334,0,100% bearish,of 1 rating,N/A
GGACU,$10.25,1441044698407,100,Not yet rated,NULL,N/A
GGACW,$0.13,1441044698544,"84,760",Not yet rated,NULL,N/A
GNCMA,$17.21,1441044698673,"34,405",100% bearish,of 1 rating,$12
GENC,$9.05,1441044698704,"3,900",100% bearish,of 1 rating,N/A
GENE,$2.41,1441044698749,"74,191",100% bullish,of 12 ratings,N/A
GFN,$3.75,1441044698780,"2,114",100% bearish,of 2 ratings,$8
GFNCP,$91.9999,1441044698806,100,Not yet rated,NULL,N/A
GARS,$14.48,1441044698879,"34,156",Not yet rated,NULL,$16
GNMK,$10.18,1441044698972,"130,514",67% bullish,of 6 ratings,$14
GFNSL,$25.6,1441044698997,800,Not yet rated,NULL,N/A
GHDX,$27.71,1441044699140,"54,269",50% bullish,of 2 ratings,$30
GNCA,$11.91,1441044699190,"45,189",100% bearish,of 1 rating,$20
GNTX,$15.495,1441044699319,"406,638",Not yet rated,NULL,$20
GNVC,$2.5,1441044699492,"5,018",90% bullish,of 10 ratings,$8.50
GEOS,$17.51,1441044699521,"43,024",100% bearish,of 3 ratings,$21
THRM,$45.735,1441044699594,"58,633",75% bearish,of 4 ratings,$55.50
GABC,$28.87,1441044699623,"1,948",Not yet rated,NULL,$31
GERN,$3.11,1441044699666,"774,021",88% bullish,of 16 ratings,$5.25
GEVO,$2.45,1441044699699,"137,216",75% bullish,of 12 ratings,$5
GTWN,NULL,1441044699719,0,Not yet rated,NULL,N/A
GIGM,$0.525,1441044699848,"27,116",100% bullish,of 2 ratings,N/A
ROCK,$16.48,1441044699911,"53,514",80% bullish,of 5 ratings,$24
GIGA,$1.46,1441044700016,"62,743",100% bearish,of 1 rating,N/A
GIII,$69.64,1441044700060,"122,689",67% bullish,of 3 ratings,$75
GILD,$106.03,1441044700087,"2,868,501",91% bullish,of 87 ratings,$129
GILT,$4.26,1441044700158,"4,507",50% bullish,of 2 ratings,N/A
GBCI,$25.89,1441044700326,"95,726",50% bullish,of 2 ratings,$31
GLAD,$9.0699,1441044700350,"138,702",50% bullish,of 2 ratings,$8.75
GAINN,$25.3034,1441044700566,"76,209",Not yet rated,NULL,N/A
GOOD,$14.26,1441044700626,"47,609",Not yet rated,NULL,$19
GAINO,$25.35,1441044700652,"1,142",Not yet rated,NULL,N/A
GLADO,$25.5739,1441044700699,"1,325",Not yet rated,NULL,N/A
GOODP,$25.14,1441044700724,7,Not yet rated,NULL,N/A
GOODN,$25.57,1441044700800,244,Not yet rated,NULL,N/A
GAIN,$7.455,1441044700880,"82,435",100% bullish,of 2 ratings,$8.25
GOODO,$24.85,1441044700931,"2,627",Not yet rated,NULL,N/A
LAND,$9.12,1441044701070,"16,707",50% bullish,of 2 ratings,$13.75
GLBZ,$11.72,1441044701132,454,Not yet rated,NULL,N/A
GBT,$49.51,1441044701158,"55,114",100% bearish,of 1 rating,N/A
GAINP,$25.9735,1441044701199,731,Not yet rated,NULL,N/A
GDEF,$10.52,1441044701347,1,Not yet rated,NULL,N/A
GPACU,NULL,1441044701475,0,Not yet rated,NULL,N/A
GBLI,$26.95,1441044701507,"3,585",Not yet rated,NULL,N/A
ENT,$11.7,1441044701561,"43,612",100% bearish,of 1 rating,$18
ACTX,$13.15,1441044701609,"74,850",100% bullish,of 1 rating,N/A
QQQC,$19.29,1441044701645,922,100% bearish,of 1 rating,N/A
GSOL,$8.13,1441044701799,"5,803",100% bearish,of 1 rating,N/A
ALTY,$14.38,1441044701828,"1,625",Not yet rated,NULL,N/A
SOCL,$17.642,1441044701853,"10,364",100% bullish,of 2 ratings,N/A
YLCO,$11.84,1441044702018,"2,820",Not yet rated,NULL,N/A
GAI,$6.11,1441044702044,"2,825",50% bullish,of 2 ratings,N/A
SRET,$13.1984,1441044702174,532,Not yet rated,NULL,N/A
GSM,$13.985,1441044702259,"172,736",50% bullish,of 2 ratings,$22
GBIM,$2.74,1441044702333,"45,917",50% bullish,of 2 ratings,N/A
GLBS,$1.08,1441044702401,"6,194",67% bullish,of 3 ratings,N/A
GLRI,$1.01,1441044702431,"3,976",100% bearish,of 1 rating,$4.25
GLUU,$4.59,1441044702491,"551,777",92% bullish,of 26 ratings,$9
GLYC,$6.977,1441044702531,"1,660",50% bullish,of 2 ratings,$14
GLNG,$39.03,1441044702725,"272,467",83% bullish,of 6 ratings,$55.50
GOGO,$15.89,1441044702753,"118,456",80% bullish,of 5 ratings,$25
GMLP,$19.075,1441044702810,"132,040",50% bullish,of 4 ratings,$30.50
GBDC,$16.67,1441044702990,"39,060",Not yet rated,NULL,$17.75
GOGL,$3.17,1441044703038,"120,084",75% bullish,of 4 ratings,$5
GOOG,$624.2,1441044703129,"514,342",89% bullish,of 71 ratings,$825
GDEN,$9.05,1441044703154,"6,341",50% bullish,of 2 ratings,N/A
GTIM,$6.75,1441044703228,"9,964",Not yet rated,NULL,$11.50
GOOGL,$654.01,1441044703259,"451,004",88% bullish,of 1082 ratings,$749
GLDC,$4,1441044703287,553,50% bullish,of 2 ratings,N/A
GMAN,$3.82,1441044703364,"26,343",60% bullish,of 5 ratings,$8.50
GPIA,NULL,1441044703434,0,100% bearish,of 1 rating,N/A
GPRO,$47.04,1441044703459,"2,093,840",78% bullish,of 58 ratings,$72
GPIAU,NULL,1441044703591,0,Not yet rated,NULL,N/A
GPIAW,NULL,1441044703658,0,Not yet rated,NULL,N/A
LOPE,$37.4,1441044703855,"43,353",100% bearish,of 2 ratings,$50
GBSN,$0.2999,1441044703885,"4,761,121",50% bullish,of 2 ratings,$8.25
GBSNU,NULL,1441044703987,0,NULL,NULL,NULL
GLDD,$5.5299,1441044704071,"48,812",100% bearish,of 4 ratings,$7.75
GRVY,$3.2489,1441044704100,"3,700",50% bullish,of 2 ratings,N/A
GSBC,$39.945,1441044704126,"7,923",100% bullish,of 1 rating,$44
GPP,$14.2,1441044704202,"102,761",Not yet rated,NULL,$20.50
GRBK,$11.97,1441044704341,"60,466",77% bullish,of 13 ratings,N/A
GPRE,$21.24,1441044704394,"198,848",67% bullish,of 6 ratings,$28.50
GRFS,$30.62,1441044704523,"60,026",50% bullish,of 2 ratings,$35
GRIF,$31.7999,1441044704550,100,100% bearish,of 1 rating,N/A
GCBC,$28.5,1441044704598,594,100% bullish,of 1 rating,N/A
GNBC,$11.95,1441044704805,"4,404",100% bearish,of 1 rating,$16.50
GRPN,$4.47,1441044704831,"2,785,297",61% bullish,of 71 ratings,$6.75
GGAL,$19.38,1441044704877,"55,522",80% bullish,of 5 ratings,$40
OMAB,$41.27,1441044704908,"23,122",100% bullish,of 1 rating,$44
GLRE,$25.57,1441044704965,"24,669",50% bullish,of 2 ratings,$41
GSIG,$12.96,1441044705005,"5,008",100% bearish,of 2 ratings,N/A
GSIT,$4.66,1441044705066,"2,014",100% bearish,of 1 rating,N/A
GTXI,$0.904,1441044705197,"29,510",100% bullish,of 5 ratings,$.75
GUID,$7.15,1441044705499,"4,000",100% bearish,of 3 ratings,$10
GBNK,$15.77,1441044705524,"6,380",100% bearish,of 1 rating,$18
GFED,$14.67,1441044705549,406,Not yet rated,NULL,$17
GULTU,$0.3001,1441044705574,"528,763",100% bearish,of 1 rating,N/A
GURE,$1.71,1441044705757,"2,927",88% bullish,of 8 ratings,N/A
GPOR,$35.65,1441044705825,"626,191",75% bullish,of 4 ratings,$55
GWPH,$107.2147,1441044705876,"26,361",78% bullish,of 9 ratings,$148.50
GSVC,$8.9901,1441044705934,"21,126",50% bullish,of 2 ratings,$14.50
HEES,$20.36,1441044705977,"157,391",67% bearish,of 3 ratings,$31
GYRO,$2.839,1441044706065,700,100% bearish,of 1 rating,N/A
GIFI,$12.5,1441044706104,"15,764",100% bearish,of 1 rating,$16
GWGH,$7.97,1441044706125,200,100% bearish,of 1 rating,$15.05
HNRG,$8.14,1441044706196,"33,491",100% bearish,of 1 rating,$10
HLG,$9.5,1441044706225,"1,412",100% bearish,of 1 rating,N/A
HALL,$11.5,1441044706470,"17,242",Not yet rated,NULL,N/A
HALO,$17.79,1441044706495,"301,350",67% bullish,of 3 ratings,$22.50
HBK,$13.67,1441044706639,100,50% bullish,of 2 ratings,N/A
HMPR,$1.83,1441044706711,"3,438",100% bullish,of 1 rating,N/A
HBHC,$27.945,1441044706773,"302,794",50% bullish,of 2 ratings,$30
HNSN,$0.54,1441044706799,"41,203",88% bullish,of 8 ratings,$.40
HNH,$25.265,1441044706878,"5,463",100% bullish,of 1 rating,N/A
HQCL,$12.9319,1441044706932,"11,311",67% bullish,of 3 ratings,$14
HBHCL,$24.3,1441044706958,"6,486",Not yet rated,NULL,N/A
HRMNU,$10.2,1441044707241,"2,100",Not yet rated,NULL,N/A
HDNG,$10.19,1441044707271,"11,332",50% bullish,of 4 ratings,N/A
HAFC,$24.16,1441044707322,"73,273",100% bullish,of 2 ratings,$28.50
HRMN,$9.9001,1441044707349,400,Not yet rated,NULL,N/A
HLIT,$5.79,1441044707374,"128,317",100% bearish,of 1 rating,$6.50
TINY,$2.5025,1441044707538,"13,446",50% bullish,of 2 ratings,$5.26
HCAP,$12.15,1441044707711,"7,534",50% bullish,of 2 ratings,$15
HRMNW,$0.34,1441044707772,"10,000",Not yet rated,NULL,N/A
HBIO,$4.32,1441044707808,"16,329",100% bearish,of 1 rating,$10
HAS,$75.27,1441044707839,"197,347",63% bullish,of 8 ratings,$84.50
HART,$1.37,1441044707865,"837,488",100% bearish,of 1 rating,N/A
HA,$22.91,1441044707894,"217,543",67% bullish,of 9 ratings,$27
HWKN,$38.48,1441044707994,"8,485",Not yet rated,NULL,N/A
HWBK,$14.05,1441044708187,200,100% bearish,of 1 rating,N/A
HCOM,$21.93,1441044708231,"1,000",100% bearish,of 1 rating,$28
HCAPL,$25.7,1441044708255,"3,900",Not yet rated,NULL,N/A
HDS,$33.085,1441044708319,"369,385",100% bearish,of 2 ratings,$39.50
HAYN,$38.055,1441044708552,"12,641",100% bearish,of 1 rating,$59
HCSG,$33.39,1441044708584,"39,997",50% bullish,of 4 ratings,$35
HQY,$29.32,1441044708610,"53,250",67% bullish,of 3 ratings,$32
HTLD,$20.29,1441044708638,"181,096",Not yet rated,NULL,$22.50
HIIQ,$5.14,1441044708682,"21,256",50% bullish,of 2 ratings,$7
HWAY,$12.27,1441044708739,"59,929",100% bearish,of 1 rating,$15
HTLF,$35.88,1441044708809,"11,820",100% bullish,of 1 rating,$39.50
HSTM,$24.9899,1441044708987,"8,969",50% bullish,of 2 ratings,$33.75
HTBX,$4.99,1441044709016,"6,830",50% bullish,of 2 ratings,$15.50
HSII,$19.52,1441044709043,"46,007",100% bullish,of 3 ratings,$25
HELE,$85.49,1441044709123,"26,345",67% bearish,of 3 ratings,$100
HTWR,$85.34,1441044709352,"59,076",50% bullish,of 2 ratings,$103
HMTV,$13.58,1441044709377,"6,977",100% bearish,of 1 rating,$16
HNNA,$24.8789,1441044709405,"2,998",Not yet rated,NULL,N/A
HCACU,$9.92,1441044709449,"16,912",Not yet rated,NULL,N/A
HMNY,$2.18,1441044709479,200,100% bearish,of 1 rating,N/A
HTBK,$10.522,1441044709532,"16,562",Not yet rated,NULL,$12
HSIC,$137.01,1441044709576,"61,884",83% bullish,of 6 ratings,$146
MLHR,$27.28,1441044709808,"49,931",50% bullish,of 2 ratings,$33.50
HCCI,$11.71,1441044709940,"79,815",100% bearish,of 1 rating,$16.50
HSKA,$33.93,1441044710002,"17,040",100% bearish,of 1 rating,$38
HRTX,$37.37,1441044710071,"969,985",67% bullish,of 6 ratings,$41
HERO,NULL,1441044710128,0,NULL,NULL,NULL
HFFC,$15.9999,1441044710200,"32,568",Not yet rated,NULL,N/A
HEOP,$7.74,1441044710227,"1,849",Not yet rated,NULL,$8.50
HFWA,$17.54,1441044710293,"5,654",100% bullish,of 1 rating,$20
HPJ,$2.22,1441044710421,"14,320",75% bullish,of 4 ratings,$12.43
HIBB,$39.28,1441044710445,"120,516",100% bearish,of 1 rating,$46.50
HIHO,$4.21,1441044710506,"29,512",Not yet rated,NULL,N/A
HIMX,$6.93,1441044710720,"601,265",86% bullish,of 21 ratings,$8.50
HIFS,$115.37,1441044710791,107,Not yet rated,NULL,N/A
HMSY,$10.42,1441044710896,"418,483",67% bullish,of 3 ratings,$19.35
HSGX,$6.1,1441044710959,"4,185",100% bearish,of 1 rating,$17
HOLI,$17.62,1441044711032,"31,502",50% bullish,of 4 ratings,$27
HMNF,$11.7,1441044711092,200,Not yet rated,NULL,N/A
HBCP,$25.3,1441044711223,829,Not yet rated,NULL,$29
HFBL,NULL,1441044711329,0,Not yet rated,NULL,N/A
HOMB,$37.81,1441044711384,"38,969",Not yet rated,NULL,$42
AWAY,$28.81,1441044711520,"160,984",67% bullish,of 3 ratings,$36
HKTV,$4.3101,1441044711623,"2,740",100% bearish,of 1 rating,N/A
CETC,$0.7297,1441044711706,"7,626",86% bullish,of 7 ratings,N/A
HOLX,$38.95,1441044711731,"520,884",67% bullish,of 3 ratings,$42
HTBI,$18.15,1441044711800,"14,571",67% bullish,of 3 ratings,$18.625
HMIN,$26.77,1441044711954,"16,283",100% bearish,of 2 ratings,$35
HFBC,$11.4599,1441044712091,"1,700",Not yet rated,NULL,N/A
HMST,$22.005,1441044712130,"26,588",100% bullish,of 2 ratings,$27
HBNC,$23.45,1441044712195,"5,696",100% bullish,of 1 rating,$27
ZINC,$8.085,1441044712260,"475,991",100% bearish,of 1 rating,$17
HZNP,$29.56,1441044712351,"616,312",85% bullish,of 20 ratings,$40
HOFT,$23.81,1441044712378,"15,294",100% bearish,of 1 rating,N/A
HMHC,$22.6,1441044712570,"182,636",Not yet rated,NULL,$27
HBMD,$14.45,1441044712769,500,100% bearish,of 1 rating,N/A
HRZN,$10.51,1441044712823,"12,922",50% bullish,of 2 ratings,$14.25
HWCC,$7.68,1441044712849,"52,784",100% bearish,of 1 rating,$9
HSNI,$60.51,1441044712878,"66,154",Not yet rated,NULL,$80
HOVNP,$4.51,1441044712924,"2,700",100% bearish,of 1 rating,N/A
HDP,$23.43,1441044712985,"94,805",67% bearish,of 3 ratings,$30.50
HUBG,$37.67,1441044713158,"65,933",100% bearish,of 1 rating,$43
HCBK,$9.28,1441044713187,"390,612",83% bullish,of 6 ratings,$8.61
HTGM,$5.67,1441044713227,"3,399",100% bearish,of 1 rating,$19.50
HSON,$2.61,1441044713289,"2,404",100% bearish,of 1 rating,$5
HDSN,$3.1,1441044713328,"2,443",100% bullish,of 1 rating,$6.25
HBAN,$10.88,1441044713574,"1,580,090",76% bullish,of 17 ratings,$12.29
HURC,$30.768,1441044713621,"3,033",100% bearish,of 1 rating,N/A
HTCH,$1.5,1441044713707,"70,160",100% bearish,of 1 rating,$3.50
HURN,$73.13,1441044713854,"58,400",50% bullish,of 2 ratings,$80
HBANP,NULL,1441044713882,0,100% bearish,of 1 rating,N/A
HDRA,NULL,1441044713909,0,Not yet rated,NULL,N/A
HBP,$3.1499,1441044713936,"2,700",100% bullish,of 1 rating,N/A
HDRAU,NULL,1441044714013,0,Not yet rated,NULL,N/A
IDSY,$3.8,1441044714167,"9,350",100% bearish,of 1 rating,$7
HDRAW,$0.264,1441044714193,600,Not yet rated,NULL,N/A
IACI,$69.695,1441044714268,"242,589",75% bullish,of 4 ratings,$90
IBKC,$60.5701,1441044714355,"40,512",100% bullish,of 1 rating,$70
HYGS,$9.28,1441044714384,"25,143",50% bullish,of 2 ratings,$13
HDRAR,$0.36,1441044714488,"10,000",Not yet rated,NULL,N/A
ICAD,$4.0799,1441044714676,"24,976",100% bullish,of 2 ratings,$7.25
IEP,$73.64,1441044714738,"30,321",75% bullish,of 4 ratings,$99
ICFI,$34.22,1441044714763,"16,318",50% bullish,of 2 ratings,$48.50
IKGH,NULL,1441044714814,0,75% bullish,of 4 ratings,N/A
ICLR,$77.54,1441044714840,"200,829",100% bearish,of 3 ratings,$85
ICON,$13.8,1441044714970,"258,550",50% bullish,of 2 ratings,$18.50
IPWR,$7.3,1441044715110,"2,470",100% bullish,of 1 rating,$15
ICUI,$113.55,1441044715184,"25,644",Not yet rated,NULL,$122
IDRA,$3.0401,1441044715242,"828,525",89% bullish,of 9 ratings,$6.50
DSKY,$11.07,1441044715410,"32,476",67% bullish,of 6 ratings,$11.50
IROQ,$16.99,1441044715676,981,100% bullish,of 1 rating,N/A
RXDX,$13.62,1441044715707,"31,880",100% bullish,of 1 rating,$20
INVE,$4.5801,1441044715736,"47,755",75% bullish,of 4 ratings,$4
IRG,$4.95,1441044715838,"5,108",100% bearish,of 1 rating,$4.25
IIVI,$16.6762,1441044715895,"56,966",100% bearish,of 1 rating,$22
IDXX,$71.64,1441044715920,"141,572",100% bearish,of 1 rating,$76
KANG,$15.61,1441044716066,"162,821",50% bullish,of 2 ratings,$22.55
ISNS,$4,1441044716170,"21,415",50% bullish,of 2 ratings,N/A
IKAN,$2.8,1441044716227,"47,150",83% bullish,of 6 ratings,$5
IMMR,$11.75,1441044716384,"47,117",80% bullish,of 5 ratings,$15.50
ILMN,$198.81,1441044716410,"336,556",80% bullish,of 5 ratings,$245
ICCC,$7.2384,1441044716436,"6,002",100% bullish,of 1 rating,N/A
IMDZ,$16.14,1441044716607,"20,583",100% bearish,of 1 rating,$33
IKNX,$12.25,1441044716633,"2,000",100% bearish,of 1 rating,N/A
IMNP,$1.33,1441044716664,"20,700",50% bullish,of 2 ratings,$6
IMGN,$13.74,1441044716709,"315,739",75% bullish,of 4 ratings,$17.50
IMMU,$2.16,1441044716799,"200,447",86% bullish,of 7 ratings,$2
IPXL,$41.105,1441044716864,"334,128",67% bullish,of 3 ratings,$46.50
IMMY,$7.8904,1441044716992,"2,500",100% bearish,of 1 rating,$11
INCR,$41,1441044717091,"174,506",50% bullish,of 2 ratings,$53
SAAS,$7.63,1441044717151,"123,879",50% bullish,of 2 ratings,$15
INCY,$118.285,1441044717234,"467,033",50% bullish,of 6 ratings,$125.50
INFI,$9.08,1441044717524,"122,088",50% bullish,of 4 ratings,$18
IDSA,$3.56,1441044717558,454,Not yet rated,NULL,N/A
INDB,$44.73,1441044717585,"25,960",Not yet rated,NULL,$44
INFN,$21.79,1441044717651,"1,166,344",71% bullish,of 7 ratings,$28
III,$3.91,1441044717676,"31,310",57% bullish,of 7 ratings,$6
IBCP,$14.05,1441044717742,"15,500",100% bullish,of 1 rating,$14.50
IPCC,$77.03,1441044717771,"4,987",Not yet rated,NULL,$77.50
IBTX,$41.61,1441044717849,"3,814",100% bullish,of 2 ratings,$47.25
IFON,$1.28,1441044717907,"10,100",75% bullish,of 4 ratings,N/A
IMKTA,$49.51,1441044718148,"28,775",100% bearish,of 1 rating,N/A
INNL,$12.75,1441044718176,400,100% bearish,of 1 rating,$16.50
INWK,$7.22,1441044718213,"16,042",50% bullish,of 2 ratings,$10
INOD,$2.47,1441044718304,"31,605",100% bearish,of 1 rating,N/A
ITEK,$12.4,1441044718470,"93,037",100% bearish,of 3 ratings,$20
IPHS,$48.09,1441044718566,"19,116",100% bearish,of 1 rating,$60
INO,$7.55,1441044718716,"520,470",89% bullish,of 18 ratings,$20
INOV,$21.98,1441044718747,"109,976",100% bearish,of 1 rating,$33
NSIT,$25.33,1441044718775,"39,701",50% bullish,of 2 ratings,N/A
IOSP,$49.211,1441044718796,"115,026",100% bearish,of 1 rating,N/A
ISSC,$2.87,1441044718845,"1,000",67% bearish,of 3 ratings,N/A
INGN,$49.21,1441044718947,"88,134",100% bearish,of 1 rating,$50.50
ISIG,$2.7,1441044718973,"18,369",100% bearish,of 1 rating,N/A
INSM,$25.14,1441044719024,"150,170",71% bullish,of 7 ratings,$31.50
IIIN,$17.37,1441044719178,"4,800",100% bearish,of 2 ratings,N/A
PODD,$29.66,1441044719226,"101,263",67% bearish,of 3 ratings,$35
IART,$60.4225,1441044719477,"60,168",100% bearish,of 2 ratings,$71.50
ISSI,$21.98,1441044719567,"80,023",67% bullish,of 3 ratings,$19.75
NTEC,$5.45,1441044719607,"27,500",100% bearish,of 1 rating,N/A
IQNT,$18.48,1441044719668,"83,937",86% bullish,of 7 ratings,$20
IPAR,$25.28,1441044719694,"28,814",67% bullish,of 3 ratings,$38
IPCI,$2.252,1441044719769,"26,920",67% bullish,of 6 ratings,$8
INSY,$32.9,1441044719874,"125,149",75% bullish,of 4 ratings,$48
IESC,$7.25,1441044720000,"9,100",100% bearish,of 1 rating,N/A
INTC,$28.83,1441044720026,"14,156,321",82% bullish,of 238 ratings,$36
ININ,$35.51,1441044720068,"38,683",67% bearish,of 3 ratings,$57
IDTI,$19.1,1441044720099,"541,545",60% bullish,of 5 ratings,$25
IBKR,$39.31,1441044720201,"209,482",100% bullish,of 1 rating,N/A
ICPT,$191.746,1441044720372,"111,510",70% bullish,of 10 ratings,$359.50
ICLDW,NULL,1441044720558,0,100% bearish,of 1 rating,N/A
IDCC,$49.47,1441044720592,"108,809",80% bullish,of 5 ratings,$63
ICLD,$1.89,1441044720690,"55,908",75% bullish,of 4 ratings,N/A
TILE,$24.15,1441044720714,"270,038",100% bearish,of 3 ratings,$27
IBOC,$25.38,1441044720853,"15,047",100% bearish,of 1 rating,N/A
INAP,$8,1441044720879,"33,982",75% bullish,of 4 ratings,$11
ISCA,$31.88,1441044720934,"16,560",100% bearish,of 1 rating,N/A
IMI,$2.13,1441044721006,"22,114",67% bullish,of 3 ratings,$2.22
IIJI,NULL,1441044721034,0,50% bullish,of 2 ratings,$11.50
PTNT,$3.02,1441044721110,200,Not yet rated,NULL,N/A
INPH,$0.3169,1441044721139,"16,059",50% bullish,of 2 ratings,N/A
XENT,$25.32,1441044721306,"35,763",50% bullish,of 2 ratings,$36.50
INTX,$2.05,1441044721332,"64,779",67% bullish,of 3 ratings,N/A
IGLD,$6.8901,1441044721353,937,50% bullish,of 2 ratings,N/A
ISIL,$10.5266,1441044721483,"189,738",50% bullish,of 6 ratings,$15
IILG,$19.89,1441044721626,"19,838",100% bearish,of 1 rating,$29
IIN,NULL,1441044721818,0,100% bearish,of 1 rating,$12
IVAC,$4.81,1441044721852,"7,780",100% bearish,of 1 rating,$6.625
ITCI,$27.3,1441044721952,"217,730",75% bearish,of 4 ratings,$40
ISRG,$513.12,1441044721980,"55,151",67% bullish,of 3 ratings,$600
INVT,$0.3399,1441044722083,"87,964",67% bullish,of 3 ratings,N/A
INTU,$85.31,1441044722139,"705,443",86% bullish,of 7 ratings,$107.50
INTLL,$25.943,1441044722168,"1,500",Not yet rated,NULL,N/A
SNAK,$8.65,1441044722274,"13,922",50% bullish,of 2 ratings,$14
ISBC,$11.74,1441044722310,"440,720",100% bullish,of 1 rating,$13.25
INTL,$26.35,1441044722410,"30,674",67% bearish,of 3 ratings,N/A
ISTR,$15.74,1441044722438,202,100% bearish,of 1 rating,$18.50
ITIC,$71.02,1441044722463,534,100% bearish,of 2 ratings,N/A
NVIV,$9.9,1441044722736,"94,987",50% bullish,of 4 ratings,$24.50
IVTY,$14.275,1441044722800,"2,900",Not yet rated,NULL,$18
IPAS,$1.07,1441044723020,"31,581",67% bullish,of 3 ratings,N/A
DTUL,NULL,1441044723073,0,Not yet rated,NULL,N/A
IPCM,$79.38,1441044723098,"52,779",50% bullish,of 2 ratings,$80.125
DFVL,$66.6,1441044723159,3,Not yet rated,NULL,N/A
IRMD,$25.49,1441044723192,"12,591",67% bearish,of 3 ratings,$25
IPGP,$84.74,1441044723288,"76,043",67% bearish,of 3 ratings,$109.50
IRDMB,$279,1441044723318,100,67% bearish,of 3 ratings,N/A
IRDM,$7.425,1441044723420,"160,897",60% bullish,of 5 ratings,$11.50
IRIX,$6.88,1441044723457,"30,313",100% bearish,of 1 rating,N/A
IRWD,$11.05,1441044723512,"148,953",100% bearish,of 1 rating,$13
IRBT,$29.4,1441044723594,"59,284",67% bullish,of 6 ratings,$37
IRCP,NULL,1441044723642,0,100% bullish,of 2 ratings,N/A
COMT,$34.5599,1441044723672,"2,685",100% bearish,of 1 rating,N/A
GNMA,$50.34,1441044723809,"4,900",Not yet rated,NULL,N/A
IFAS,NULL,1441044723988,0,NULL,NULL,NULL
IFNA,NULL,1441044724015,0,NULL,NULL,NULL
FCHI,NULL,1441044724061,0,NULL,NULL,NULL
ACWX,$40.8,1441044724230,"98,644",100% bearish,of 1 rating,N/A
AXJS,NULL,1441044724293,0,NULL,NULL,NULL
AAXJ,$53.38,1441044724321,"824,926",Not yet rated,NULL,N/A
ACWI,$55.91,1441044724342,"593,580",Not yet rated,NULL,N/A
IFGL,$28.31,1441044724382,"182,892",Not yet rated,NULL,N/A
EMDI,NULL,1441044724469,0,NULL,NULL,NULL
IFEU,$37.99,1441044724527,"62,694",Not yet rated,NULL,N/A
EEMA,$50.5099,1441044724627,"43,130",Not yet rated,NULL,N/A
AAIT,NULL,1441044724652,0,NULL,NULL,NULL
EEME,NULL,1441044724678,0,NULL,NULL,NULL
EMEY,NULL,1441044724809,0,NULL,NULL,NULL
EGRW,NULL,1441044724831,0,NULL,NULL,NULL
EVAL,NULL,1441044724990,0,NULL,NULL,NULL
IEUS,$45.5401,1441044725166,"4,329",100% bearish,of 1 rating,N/A
UAE,$18.78,1441044725298,685,Not yet rated,NULL,N/A
EMIF,$28.61,1441044725330,"28,066",Not yet rated,NULL,N/A
QAT,$21.82,1441044725356,"7,200",Not yet rated,NULL,N/A
EEML,$27.06,1441044725388,"2,300",Not yet rated,NULL,N/A
IBB,$345.48,1441044725493,"434,439",63% bullish,of 8 ratings,N/A
EUFN,$21.7901,1441044725519,"23,444",100% bearish,of 1 rating,N/A
SOXX,$83.18,1441044725543,"244,457",50% bullish,of 2 ratings,N/A
ICLN,$9.4785,1441044725719,"3,721",50% bullish,of 2 ratings,N/A
INDY,$27.43,1441044725746,"24,596",50% bullish,of 2 ratings,N/A
WOOD,$48.18,1441044725773,"3,638",50% bullish,of 2 ratings,N/A
IGOV,$90.4788,1441044725874,"210,272",100% bearish,of 1 rating,N/A
ISHG,$79.6499,1441044726005,"2,043",100% bearish,of 1 rating,N/A
ISIS,$50.52,1441044726031,"507,390",53% bullish,of 15 ratings,$67
ISLE,$18.13,1441044726188,"238,503",50% bullish,of 4 ratings,$16
ISRL,$126.9501,1441044726213,100,100% bearish,of 1 rating,N/A
ITRI,$29.97,1441044726237,"71,467",100% bearish,of 1 rating,$37
ITRN,$23.9,1441044726440,500,50% bullish,of 2 ratings,N/A
ITUS,$4.03,1441044726467,"1,100",Not yet rated,NULL,N/A
JBHT,$73.2,1441044726595,"308,016",50% bullish,of 4 ratings,$89.50
IXYS,$11.69,1441044726631,"108,242",50% bullish,of 4 ratings,N/A
XXIA,$15.568,1441044726676,"275,486",71% bullish,of 7 ratings,$14.625
MAYS,$59.93,1441044726769,160,Not yet rated,NULL,N/A
JJSF,$113.5,1441044726791,"9,796",100% bearish,of 1 rating,N/A
JASO,$8,1441044726822,"447,284",82% bullish,of 17 ratings,$10
JKHY,$68.08,1441044726864,"65,051",50% bullish,of 2 ratings,$72
JCOM,$69,1441044726965,"31,252",100% bullish,of 2 ratings,$77
JXSB,NULL,1441044727303,0,Not yet rated,NULL,N/A
JAXB,$13.71,1441044727401,400,100% bullish,of 1 rating,N/A
JACK,$78.84,1441044727428,"124,021",83% bullish,of 6 ratings,$105
JAGX,$2.6,1441044727468,"12,853",Not yet rated,NULL,$10.50
JAKK,$9.67,1441044727500,"344,440",60% bearish,of 5 ratings,$11
JRVR,$27.495,1441044727629,"27,866",Not yet rated,NULL,$32
JMBA,$14,1441044727708,"33,267",75% bullish,of 4 ratings,$18
ERW,NULL,1441044727759,0,Not yet rated,NULL,N/A
JAZZ,$169.96,1441044727789,"105,990",80% bullish,of 15 ratings,$206.50
JASN,$5,1441044727818,"3,075",50% bullish,of 2 ratings,$9.50
JD,$25.915,1441044727887,"3,510,271",75% bullish,of 16 ratings,$36
JTPY,$2.95,1441044727946,200,100% bearish,of 1 rating,N/A
JASNW,NULL,1441044727987,0,50% bullish,of 2 ratings,N/A
JBLU,$22.39,1441044728081,"1,887,101",94% bullish,of 18 ratings,$27
DATE,$6.0601,1441044728238,"18,050",75% bullish,of 4 ratings,$9
JCTCF,NULL,1441044728287,0,100% bullish,of 1 rating,N/A
WYIGU,NULL,1441044728413,0,100% bearish,of 1 rating,N/A
JST,$3.75,1441044728439,"4,100",75% bullish,of 4 ratings,N/A
JIVE,$4.51,1441044728468,"73,176",75% bullish,of 4 ratings,$5
JOUT,$25.09,1441044728575,"5,729",100% bearish,of 1 rating,$34
JOEZ,$0.165,1441044728599,"99,154",92% bullish,of 12 ratings,N/A
JBSS,$51.85,1441044728794,"11,674",67% bearish,of 3 ratings,N/A
JNP,$10.92,1441044728831,"23,151",100% bullish,of 3 ratings,$15
KALU,$83.48,1441044728862,"21,891",67% bearish,of 3 ratings,$91
JUNO,$36.87,1441044728883,"319,354",73% bullish,of 11 ratings,$71.50
KBIO,$2.0601,1441044728922,"18,665",50% bullish,of 4 ratings,N/A
KTWO,$21,1441044728950,"9,632",100% bearish,of 1 rating,$28.50
KMDA,$3.485,1441044729188,"2,386",50% bullish,of 2 ratings,$8
KPTI,$14.045,1441044729328,"134,265",67% bearish,of 3 ratings,$39
KCAP,$4.73,1441044729401,"46,722",75% bullish,of 4 ratings,$6
KELYA,$14.368,1441044729488,"25,191",67% bullish,of 6 ratings,$20
KCLI,$46.35,1441044729513,"7,856",Not yet rated,NULL,N/A
KNDI,$6.78,1441044729584,"101,568",86% bullish,of 22 ratings,N/A
KBSF,NULL,1441044729609,0,100% bullish,of 1 rating,N/A
KRNY,$11.3,1441044729743,"55,839",100% bearish,of 1 rating,$12
KMPH,$19.79,1441044729845,"12,734",100% bearish,of 2 ratings,$22
KELYB,NULL,1441044729872,0,50% bullish,of 2 ratings,N/A
KFFB,$8.7999,1441044729947,750,100% bearish,of 1 rating,N/A
