Symbol,Price,Date,Volume,Rating,RatingVoteCount,OneYearEstimate
FCTY,$8,1441203302805,350,100% bullish,of 1 rating,$8.50
TFSCW,NULL,1441203302833,0,100% bearish,of 1 rating,N/A
TFSCR,NULL,1441203302854,0,Not yet rated,NULL,N/A
FLWS,$8.55,1441203302876,"47,777",80% bullish,of 5 ratings,$15
PIH,NULL,1441203302910,0,100% bearish,of 1 rating,N/A
TFSC,NULL,1441203302931,0,100% bearish,of 1 rating,N/A
TFSCU,NULL,1441203302955,0,Not yet rated,NULL,N/A
FCCY,NULL,1441203303061,0,100% bullish,of 1 rating,$13
SRCE,$29.39,1441203303090,"1,117",100% bullish,of 3 ratings,$33
JOBS,$26.01,1441203303117,"9,671",50% bullish,of 4 ratings,$36
VNET,$17.05,1441203303138,"36,568",60% bullish,of 5 ratings,$35
DGLD,$80.45,1441203303177,700,100% bullish,of 1 rating,N/A
USLV,$12.7968,1441203303275,"82,779",86% bullish,of 7 ratings,N/A
UGLD,$9.35,1441203303316,"42,112",100% bearish,of 1 rating,N/A
DSLV,$67.3401,1441203303403,"7,440",100% bearish,of 1 rating,N/A
EGHT,$7.68,1441203303588,"20,301",82% bullish,of 17 ratings,$11
SIXD,$2.7,1441203303651,"5,400",Not yet rated,NULL,N/A
CAFD,$14.908,1441203303672,"17,222",Not yet rated,NULL,$24.50
TWOU,$34.075,1441203303703,"20,301",50% bullish,of 2 ratings,$39
AAON,$20,1441203303724,"4,136",100% bearish,of 1 rating,$24
ABAX,$46.92,1441203303755,"6,811",100% bearish,of 1 rating,$60
SHLM,$33.25,1441203303783,"19,140",100% bearish,of 1 rating,$47
AVHI,$13.82,1441203303804,827,100% bearish,of 1 rating,$19
ABY,$22.28,1441203303933,"43,650",100% bearish,of 2 ratings,$46
ABEOW,NULL,1441203304015,0,100% bullish,of 1 rating,N/A
ABEO,$4.78,1441203304068,"10,017",50% bullish,of 4 ratings,$15.50
ABMD,$94.48,1441203304095,"48,056",75% bullish,of 4 ratings,$100.50
ABGB,$5.27,1441203304146,"6,657",67% bullish,of 3 ratings,$5.50
AXAS,$1.755,1441203304228,"79,604",78% bullish,of 9 ratings,$3.50
ACAD,$36.69,1441203304362,"96,136",80% bullish,of 20 ratings,$48
ACTG,$9.06,1441203304394,"74,240",67% bullish,of 3 ratings,$18.50
ACST,$0.3749,1441203304498,100,100% bullish,of 2 ratings,N/A
AXDX,$19.13,1441203304565,"5,142",100% bearish,of 1 rating,N/A
ANCX,$20.0422,1441203304601,"4,157",Not yet rated,NULL,$20
ACHC,$71.8,1441203304698,"28,345",50% bullish,of 2 ratings,$92
VXDN,$1.71,1441203304725,500,100% bearish,of 1 rating,N/A
ARAY,$6.62,1441203304753,"55,210",100% bearish,of 1 rating,$10.50
VXUP,$1.6566,1441203304778,"11,272",100% bearish,of 1 rating,N/A
ACHN,$7.105,1441203304967,"290,714",90% bullish,of 21 ratings,$16
XLRN,$28.885,1441203305050,"10,138",50% bullish,of 2 ratings,$57
AKAO,$6.77,1441203305081,"4,070",75% bullish,of 4 ratings,$15
ACRX,$4.46,1441203305114,"105,419",67% bearish,of 6 ratings,$5.50
ACET,$21.65,1441203305135,"4,586",75% bullish,of 4 ratings,$30
ACNB,$20.32,1441203305185,10,Not yet rated,NULL,N/A
ACOR,$31.9,1441203305212,"74,270",67% bearish,of 3 ratings,$38.50
ACIW,$21.05,1441203305364,"27,737",67% bearish,of 3 ratings,$24
ATVI,$28.485,1441203305407,"998,708",67% bullish,of 84 ratings,$31.50
ACTS,$1.63,1441203305467,"1,232",100% bearish,of 1 rating,N/A
ACTA,$13.86,1441203305512,"11,882",67% bearish,of 3 ratings,$25
ACPW,$1.96,1441203305539,"4,135",100% bullish,of 4 ratings,$3.25
ACUR,$2.845,1441203305572,508,100% bullish,of 5 ratings,$5
ADMS,$19.59,1441203305673,"5,061",100% bearish,of 2 ratings,$36
ACXM,$20.47,1441203305703,"12,522",67% bullish,of 3 ratings,N/A
ADMP,$3.74,1441203305732,300,50% bullish,of 2 ratings,$10
ADAP,$10.9,1441203305807,"8,710",67% bullish,of 3 ratings,$22
AEY,$2.39,1441203305871,"1,020",100% bearish,of 2 ratings,N/A
ADEP,$6.6547,1441203305936,"2,873",50% bullish,of 2 ratings,$10.75
ADUS,$28.87,1441203305961,828,100% bearish,of 1 rating,$31
ADBE,$76.73,1441203305992,"175,085",65% bullish,of 17 ratings,$90
ADMA,NULL,1441203306013,0,Not yet rated,NULL,$19
ADTN,$15.83,1441203306149,"21,568",67% bullish,of 3 ratings,$17.125
ADRO,$18.625,1441203306193,"15,503",80% bullish,of 5 ratings,$45.50
ADXSW,$9.48,1441203306281,300,100% bullish,of 1 rating,N/A
AEIS,$23.72,1441203306313,"7,183",50% bullish,of 2 ratings,$32.50
ADXS,$13.615,1441203306334,"88,638",64% bullish,of 14 ratings,$27
AMD,$1.74,1441203306355,"929,690",83% bullish,of 103 ratings,$2
MULT,NULL,1441203306410,0,100% bearish,of 1 rating,N/A
YPRO,$22.9,1441203306497,2,100% bearish,of 1 rating,N/A
AEGR,$17.71,1441203306529,"21,688",50% bullish,of 6 ratings,$26
AEGN,$17.925,1441203306594,"10,083",100% bearish,of 2 ratings,$21
AMTX,$2.75,1441203306626,368,50% bullish,of 2 ratings,$26.11
AEPI,$52.87,1441203306722,"1,298",100% bearish,of 1 rating,N/A
AERI,$15.2,1441203306817,"60,101",75% bullish,of 4 ratings,$31.50
AEHR,$2.291,1441203306849,"1,700",50% bullish,of 2 ratings,N/A
AEZS,$0.087,1441203306875,"1,651,634",90% bullish,of 21 ratings,$1.50
AVAV,$21.07,1441203306907,"204,263",50% bullish,of 4 ratings,$31
AFMD,$10.3,1441203306932,"8,179",50% bullish,of 4 ratings,$15
AEMD,$7.44,1441203306958,"5,304",Not yet rated,NULL,$27.50
AFFX,$9.14,1441203307012,"20,635",80% bullish,of 5 ratings,$12.50
AGEN,$6.99,1441203307095,"52,849",85% bullish,of 13 ratings,$14
AGRX,$8.68,1441203307148,"7,642",100% bearish,of 1 rating,$17.50
AGYS,$10.04,1441203307185,694,100% bearish,of 1 rating,N/A
AGFS,$9.55,1441203307233,"6,646",100% bearish,of 1 rating,N/A
AGFSW,NULL,1441203307315,0,100% bearish,of 2 ratings,N/A
AGIO,$85.89,1441203307339,"18,418",88% bullish,of 8 ratings,$114
AIMT,$22.08,1441203307388,"7,229",Not yet rated,NULL,$35.50
AIRM,$36.26,1441203307484,"9,581",80% bearish,of 5 ratings,$53
AIRT,$22.3,1441203307515,776,100% bullish,of 1 rating,N/A
ATSG,$8.775,1441203307541,"13,897",67% bullish,of 3 ratings,$13
AMCN,$4.53,1441203307619,"4,749",83% bullish,of 6 ratings,N/A
AKER,$2.63,1441203307721,"4,723",Not yet rated,NULL,N/A
AKAM,$71.08,1441203307760,"110,632",63% bullish,of 8 ratings,$77.50
AKRX,$38.9342,1441203307787,"29,087",78% bullish,of 9 ratings,$56
AKBA,$7.53,1441203307821,"36,059",100% bearish,of 1 rating,$18
AIXG,$6.38,1441203307923,"2,327",67% bearish,of 3 ratings,$5.25
ALSK,$2.2095,1441203307949,"13,752",78% bullish,of 18 ratings,$2
ALRM,$15.8699,1441203307979,"54,582",100% bearish,of 1 rating,$22
AMRI,$19.68,1441203308005,"14,296",75% bearish,of 4 ratings,$24
ADHD,$7.88,1441203308082,"23,258",50% bullish,of 4 ratings,$18
ALDR,$40.613,1441203308140,"208,765",67% bearish,of 3 ratings,$62
ABDC,$12.82,1441203308166,"7,900",Not yet rated,NULL,$15
ALXN,$173.47,1441203308319,"95,466",88% bullish,of 8 ratings,$223.50
ALDX,$6.7898,1441203308344,"1,902",100% bearish,of 1 rating,$14.50
ALCO,$41.94,1441203308396,508,50% bullish,of 2 ratings,N/A
ALGN,$54,1441203308425,"60,069",100% bearish,of 2 ratings,$73
ALIM,$3.03,1441203308477,"9,243",80% bullish,of 5 ratings,$10
ALXA,NULL,1441203308504,0,83% bullish,of 6 ratings,$2.125
ALKS,$61.27,1441203308529,"79,159",67% bullish,of 3 ratings,$75
ALLB,$22.65,1441203308662,200,Not yet rated,NULL,N/A
ALGT,$200.89,1441203308693,"16,689",100% bearish,of 2 ratings,$235
AFOP,$18.36,1441203308770,"23,086",75% bullish,of 8 ratings,$21
ARLP,$25.11,1441203308798,"39,332",67% bearish,of 3 ratings,$32
AHGP,$35.251,1441203308823,"1,688",67% bullish,of 3 ratings,N/A
AIQ,$14.05,1441203308848,"1,007",67% bullish,of 3 ratings,N/A
AHPI,$1.5,1441203308979,200,50% bullish,of 2 ratings,N/A
ALQA,$4.6,1441203309005,"3,250",75% bullish,of 4 ratings,$8.50
AMOT,$17.47,1441203309139,"2,616",100% bearish,of 1 rating,N/A
MDRX,$13.48,1441203309201,"247,730",60% bullish,of 5 ratings,$16
ALLT,$5.12,1441203309271,"6,007",75% bullish,of 4 ratings,$6.25
ALNY,$97.706,1441203309302,"72,442",67% bullish,of 3 ratings,$151.50
AFAM,$44.35,1441203309328,"1,220",50% bullish,of 2 ratings,$44
AOSL,$7.75,1441203309498,"22,683",67% bullish,of 3 ratings,$9
SMCP,NULL,1441203309526,0,Not yet rated,NULL,N/A
ATEC,NULL,1441203309628,0,100% bullish,of 1 rating,$2
ASPS,$25.92,1441203309681,"16,346",67% bullish,of 3 ratings,$46.50
ALTR,$48.52,1441203309762,"239,332",80% bearish,of 5 ratings,$54
AIMC,$23.87,1441203309793,"15,112",100% bearish,of 2 ratings,$28.50
AMRN,$2.16,1441203309814,"133,210",85% bullish,of 39 ratings,$8
AMAG,$63.7,1441203309835,"50,219",100% bullish,of 2 ratings,$75
AMZN,$505.195,1441203309976,"357,823",81% bullish,of 266 ratings,$646
AMRK,$10.41,1441203310006,300,50% bullish,of 2 ratings,$14
AYA,$20.53,1441203310031,"2,152",100% bearish,of 1 rating,$40
AMBC,$16.71,1441203310063,"69,055",100% bearish,of 1 rating,$16.50
AMBA,$77.9399,1441203310090,"2,337,573",83% bullish,of 12 ratings,$102.50
AMBCW,$8.01,1441203310138,"2,700",100% bearish,of 1 rating,N/A
EPAX,$2.68,1441203310268,"1,067",100% bearish,of 1 rating,N/A
AMCX,$70.66,1441203310301,"100,853",67% bullish,of 3 ratings,$87.50
AMDA,$0.4716,1441203310403,"104,151",90% bullish,of 10 ratings,$1
AMED,$39.14,1441203310430,"28,844",100% bearish,of 1 rating,$42
DOX,$56.49,1441203310561,"26,212",67% bearish,of 3 ratings,$60
ASBI,NULL,1441203310595,0,Not yet rated,NULL,N/A
AMOV,$17.82,1441203310616,600,100% bearish,of 1 rating,N/A
AAL,$40.52,1441203310653,"1,663,918",93% bullish,of 88 ratings,$57
UHAL,$369.2629,1441203310674,"1,133",100% bullish,of 2 ratings,$393.50
ATAX,$5.36,1441203310709,368,100% bullish,of 1 rating,$6.50
AGNC,$19.1506,1441203310749,"274,839",71% bullish,of 28 ratings,$22
AGNCB,$24.266,1441203310812,"1,300",Not yet rated,NULL,N/A
MTGEP,$24.5,1441203310888,100,Not yet rated,NULL,N/A
MTGE,$15.265,1441203310918,"44,863",75% bullish,of 4 ratings,$19.50
AGNCP,$25.27,1441203310957,"2,316",Not yet rated,NULL,N/A
ACSF,$12.35,1441203311023,"7,929",100% bearish,of 1 rating,$15
AETI,$3.95,1441203311184,300,67% bearish,of 3 ratings,N/A
ACAS,$13.51,1441203311221,"130,961",60% bullish,of 5 ratings,$16.75
AMIC,NULL,1441203311248,0,100% bearish,of 1 rating,N/A
ANCI,$1.54,1441203311269,300,100% bearish,of 1 rating,N/A
AMNB,$23.21,1441203311301,8,Not yet rated,NULL,$25.50
ANAT,$98.42,1441203311330,"1,618",100% bullish,of 1 rating,N/A
ARII,$40.06,1441203311352,"18,990",67% bearish,of 3 ratings,$45
AMRB,$10.025,1441203311485,200,Not yet rated,NULL,$11
AMSWA,$8.92,1441203311544,"9,998",100% bearish,of 2 ratings,$10.75
ASEI,$38.34,1441203311569,"1,552",100% bearish,of 1 rating,$52.50
APEI,$21.4,1441203311595,"1,867",100% bearish,of 1 rating,$25.50
AMSC,$4.9099,1441203311623,"10,476",50% bullish,of 4 ratings,N/A
AMWD,$65.05,1441203311805,"15,143",50% bullish,of 2 ratings,$70
CRMT,$36.05,1441203311832,"2,046",100% bearish,of 1 rating,$39
AMSF,$46.05,1441203311858,"1,261",Not yet rated,NULL,$57.50
ASRV,$3.21,1441203311887,243,100% bullish,of 2 ratings,N/A
ABCB,$26.72,1441203311917,"3,796",Not yet rated,NULL,$31
AMGN,$149.155,1441203311990,"407,187",89% bullish,of 19 ratings,$185
ATLO,$22.91,1441203312054,111,Not yet rated,NULL,N/A
ASRVP,NULL,1441203312086,0,Not yet rated,NULL,N/A
FOLD,$14.6647,1441203312120,"165,377",56% bullish,of 9 ratings,$21
AMKR,$5.095,1441203312147,"218,643",100% bearish,of 2 ratings,$5
AMPH,$13.235,1441203312182,"10,015",50% bullish,of 2 ratings,$20
AMSGP,NULL,1441203312347,0,Not yet rated,NULL,N/A
ASYS,$5.4,1441203312380,"1,182",67% bullish,of 3 ratings,$12
AMSG,$76.84,1441203312401,"8,638",100% bearish,of 1 rating,$85.50
AMRS,$1.67,1441203312454,"24,526",70% bullish,of 10 ratings,N/A
AFSI,$56.225,1441203312479,"32,677",60% bullish,of 5 ratings,$72
ANAC,$130.77,1441203312556,"52,136",80% bullish,of 5 ratings,$180.50
ADI,$54.265,1441203312635,"188,352",75% bullish,of 4 ratings,$69
ALOG,$80.81,1441203312667,"1,920",100% bearish,of 2 ratings,$100.50
ANAD,$0.3298,1441203312696,"3,748",100% bullish,of 2 ratings,$.50
ANCB,$21.69,1441203312722,200,Not yet rated,NULL,$23
ABCW,$39.615,1441203312749,203,67% bullish,of 3 ratings,N/A
AMCF,NULL,1441203312776,0,NULL,NULL,NULL
ANGI,$5.095,1441203312905,"17,799",64% bullish,of 11 ratings,$5.50
ANGO,$14.61,1441203312959,"3,014",67% bullish,of 3 ratings,$19
ANIK,$35.22,1441203313090,"11,324",60% bullish,of 5 ratings,$51.25
ANSS,$87.42,1441203313118,"36,804",100% bearish,of 1 rating,$100
ATRS,$1.855,1441203313148,"76,223",92% bullish,of 12 ratings,$4.50
ANIP,$50.0601,1441203313178,"17,456",89% bullish,of 19 ratings,$66
ABAC,$0.806,1441203313252,701,100% bearish,of 1 rating,N/A
ANTH,$6.95,1441203313282,"98,531",80% bullish,of 10 ratings,$13
ATNY,NULL,1441203313314,0,50% bullish,of 2 ratings,$3.75
APIC,$6.45,1441203313388,"14,661",100% bearish,of 1 rating,$19
APOG,$50.41,1441203313420,"14,470",50% bullish,of 2 ratings,$67
APOL,$11.04,1441203313453,"71,276",87% bearish,of 68 ratings,$14
APPF,$15.33,1441203313525,"2,271",50% bullish,of 2 ratings,$22
AAPL,$110.56,1441203313554,"7,045,751",86% bullish,of 2360 ratings,$150
AINV,$6.3485,1441203313602,"104,460",50% bullish,of 4 ratings,$8
ARCI,$1.28,1441203313627,112,Not yet rated,NULL,N/A
APDN,$3.4811,1441203313760,"3,300",Not yet rated,NULL,$9
AGTC,$15.65,1441203313842,"2,318",50% bullish,of 2 ratings,$33
AAOI,$19.81,1441203313892,"24,452",50% bullish,of 4 ratings,$26
AMAT,$15.56,1441203313917,"1,190,232",82% bullish,of 11 ratings,$23
AREX,$2.255,1441203313951,"45,533",50% bullish,of 2 ratings,$3
APDNW,NULL,1441203313972,0,Not yet rated,NULL,N/A
AMCC,$5.685,1441203314000,"29,435",80% bullish,of 5 ratings,$8
APRI,$1.7288,1441203314053,"119,186",83% bullish,of 6 ratings,$4.86
APTO,$5.27,1441203314185,310,Not yet rated,NULL,$17
AUMAU,NULL,1441203314250,0,Not yet rated,NULL,N/A
AUMA,NULL,1441203314305,0,Not yet rated,NULL,N/A
AQMS,$4.86,1441203314328,702,Not yet rated,NULL,N/A
AQXP,$17.1,1441203314359,"16,048",50% bullish,of 2 ratings,$2
ARDM,NULL,1441203314380,0,100% bullish,of 1 rating,$26
AUMAW,NULL,1441203314410,0,Not yet rated,NULL,N/A
ARCW,$3.52,1441203314578,"1,052",100% bearish,of 2 ratings,$10.50
PETX,$17.625,1441203314606,"35,061",100% bearish,of 2 ratings,$26
RKDA,$6.295,1441203314627,234,100% bearish,of 2 ratings,$10
ABUS,$6.9699,1441203314659,"140,174",86% bullish,of 14 ratings,$23
ABIO,$0.9,1441203314682,"1,200",50% bullish,of 2 ratings,$3.75
ARCB,$28.045,1441203314706,"8,773",67% bearish,of 3 ratings,$39.50
ACGL,$68.22,1441203314836,"24,238",50% bullish,of 2 ratings,$72
ARNA,$2.619,1441203314924,"122,298",90% bullish,of 78 ratings,$5.50
ARCC,$15.42,1441203314970,"155,183",67% bearish,of 3 ratings,$17.75
ACAT,$25.75,1441203314997,"5,763",100% bearish,of 3 ratings,$33
ARDX,$18.25,1441203315020,"10,880",50% bullish,of 2 ratings,$24.50
AGII,$55.3,1441203315050,"2,519",Not yet rated,NULL,$59.50
AGIIL,$25.21,1441203315217,"1,202",Not yet rated,NULL,N/A
ARGS,$6.2,1441203315308,"8,569",50% bullish,of 2 ratings,$19.50
ARMH,$42.46,1441203315336,"187,697",54% bearish,of 13 ratings,$60
ARTX,$1.4301,1441203315363,"21,791",88% bullish,of 16 ratings,$4.50
ARIS,$3.65,1441203315384,"1,174",Not yet rated,NULL,$4.50
ARIA,$7.4479,1441203315404,"2,882,802",87% bullish,of 46 ratings,$9
ARKR,$24.95,1441203315548,9,50% bullish,of 2 ratings,N/A
ARWAU,NULL,1441203315609,0,100% bullish,of 1 rating,N/A
ARWAR,NULL,1441203315637,0,Not yet rated,NULL,N/A
ARWA,NULL,1441203315667,0,Not yet rated,NULL,N/A
ARQL,$1.66,1441203315692,"9,179",75% bullish,of 4 ratings,$5
ARWAW,$0.17,1441203315712,"7,500",Not yet rated,NULL,N/A
ARRY,$5.71,1441203315749,"109,693",100% bullish,of 7 ratings,$10
ARRS,$25.71,1441203315799,"50,867",50% bullish,of 2 ratings,$38
ARWR,$5.79,1441203315980,"268,553",75% bullish,of 4 ratings,$10.50
AROW,$26.91,1441203316037,"1,166",Not yet rated,NULL,N/A
DWAT,$9.73,1441203316062,"1,200",100% bearish,of 1 rating,N/A
ARTW,$4.26,1441203316195,100,75% bearish,of 4 ratings,N/A
ASBB,$24.8,1441203316228,100,Not yet rated,NULL,N/A
ASND,$19.22,1441203316258,"3,847",50% bullish,of 2 ratings,$30
ARTNA,$21.92,1441203316289,291,100% bearish,of 1 rating,$29
ASNA,$12.16,1441203316323,"180,973",50% bullish,of 2 ratings,$18
ASCMA,$27.82,1441203316351,"3,871",100% bearish,of 1 rating,$45
ASMI,NULL,1441203316380,0,NULL,NULL,NULL
ASTI,$0.2867,1441203316415,"3,508,619",83% bullish,of 6 ratings,$3
APWC,NULL,1441203316511,0,100% bearish,of 1 rating,N/A
ASML,$90.58,1441203316541,"396,387",50% bullish,of 4 ratings,$127
ASMB,$13.84,1441203316567,"4,247",67% bullish,of 3 ratings,N/A
AZPN,$37.17,1441203316649,"18,089",50% bullish,of 2 ratings,$42
ALOT,NULL,1441203316794,0,100% bearish,of 1 rating,N/A
ASFI,$8.89,1441203316826,379,100% bullish,of 1 rating,N/A
ASTC,$2.085,1441203316862,"2,000",100% bullish,of 5 ratings,N/A
ATRO,$49.37,1441203316884,"5,845",100% bearish,of 2 ratings,$80
ASUR,$5.48,1441203316922,"1,953",50% bullish,of 2 ratings,$8
ASTE,$38.14,1441203316955,"7,797",100% bearish,of 1 rating,$49
ATAI,$2.45,1441203316982,200,100% bearish,of 1 rating,N/A
ATRA,$40.92,1441203317114,"30,920",50% bullish,of 2 ratings,$68
ATHN,$129.1,1441203317163,"16,106",67% bearish,of 3 ratings,$153
ATHX,$1.15,1441203317193,"9,673",89% bullish,of 9 ratings,$5
AFCB,NULL,1441203317225,0,Not yet rated,NULL,N/A
AAPC,NULL,1441203317252,0,Not yet rated,NULL,N/A
AAME,$3.6,1441203317297,1,Not yet rated,NULL,N/A
ACFC,$5.45,1441203317325,"2,900",100% bearish,of 1 rating,$6.50
ATNI,$72.39,1441203317457,"2,563",100% bearish,of 1 rating,$69.50
ATLC,$3.84,1441203317495,"1,257",67% bullish,of 3 ratings,N/A
AFH,$16.19,1441203317587,"6,278",Not yet rated,NULL,$21.50
AAWW,$38.85,1441203317613,"43,577",50% bullish,of 2 ratings,$65
ATML,$7.9,1441203317635,"343,388",78% bullish,of 9 ratings,$9.50
ATRC,$24.38,1441203317765,"4,177",100% bullish,of 1 rating,$30
ATOS,$0.78,1441203317795,"10,160",100% bullish,of 7 ratings,$7
ATRI,$382.94,1441203317816,300,Not yet rated,NULL,N/A
ATRM,$2.83,1441203317848,100,50% bullish,of 2 ratings,N/A
LIFE,$14.05,1441203317980,"2,706",86% bullish,of 7 ratings,$43
AUBN,$27,1441203318007,100,Not yet rated,NULL,N/A
ATTU,$13.21,1441203318028,624,100% bearish,of 1 rating,$20.50
AUDC,$3.33,1441203318082,"5,532",80% bullish,of 5 ratings,$5
AUPH,$3.4601,1441203318187,600,100% bearish,of 1 rating,$8
ADAT,$0.29,1441203318259,"28,447",100% bullish,of 2 ratings,N/A
EARS,$4.55,1441203318315,"1,502",100% bearish,of 2 ratings,$11
ADSK,$45.31,1441203318342,"657,865",67% bullish,of 6 ratings,$66
AVGO,$122.21,1441203318394,"250,074",88% bullish,of 8 ratings,$165
AAVL,$10.31,1441203318420,"31,392",100% bearish,of 1 rating,$20
ADP,$75.97,1441203318441,"156,523",100% bearish,of 1 rating,$88
ABTL,$17.77,1441203318577,"4,600",100% bullish,of 4 ratings,$20.25
AVEO,$1.37,1441203318614,"83,697",75% bullish,of 8 ratings,$3
AVNU,$12.7,1441203318641,"16,100",Not yet rated,NULL,$14
AVNW,$1.18,1441203318665,"4,200",50% bullish,of 2 ratings,N/A
AVID,$8.31,1441203318708,"44,120",100% bearish,of 1 rating,$20
AVGR,$14.9,1441203318733,851,100% bearish,of 1 rating,$20
AWRE,$3.28,1441203318862,404,67% bullish,of 3 ratings,N/A
CAR,$43.525,1441203318888,"171,440",80% bullish,of 5 ratings,$60
AXPW,$2.2181,1441203318967,"1,650,056",86% bullish,of 7 ratings,N/A
AXPWW,NULL,1441203319022,0,Not yet rated,NULL,N/A
ACLS,$3.204,1441203319048,"21,966",67% bullish,of 6 ratings,$4.75
AXGN,$4.6499,1441203319069,"8,854",Not yet rated,NULL,$5
AXTI,$2.17,1441203319206,300,50% bullish,of 2 ratings,$2.75
BCOM,NULL,1441203319274,0,100% bearish,of 1 rating,N/A
RILY,NULL,1441203319295,0,Not yet rated,NULL,N/A
BOSC,NULL,1441203319359,0,50% bullish,of 2 ratings,N/A
BEAV,$48.68,1441203319392,"38,271",67% bearish,of 3 ratings,$59
BIDU,$145.57,1441203319413,"213,850",81% bullish,of 88 ratings,$210
BCPC,$58.11,1441203319434,"3,429",100% bearish,of 1 rating,$75
BWINB,$22.5,1441203319599,342,Not yet rated,NULL,N/A
BWINA,NULL,1441203319699,0,Not yet rated,NULL,N/A
BANFP,NULL,1441203319733,0,Not yet rated,NULL,N/A
BLDP,$1.33,1441203319755,"111,455",91% bullish,of 22 ratings,$2.50
BANF,$59.39,1441203319791,"1,510",Not yet rated,NULL,$68
BOCH,$5.75,1441203319828,646,Not yet rated,NULL,$6.50
BKSC,$16.97,1441203319890,"1,456",Not yet rated,NULL,N/A
BKMU,$6.93,1441203319917,"1,534",Not yet rated,NULL,$8
BMRC,$48.175,1441203319944,507,Not yet rated,NULL,$52
BFIN,$12.2,1441203320074,"5,512",Not yet rated,NULL,$13
BOTJ,NULL,1441203320170,0,Not yet rated,NULL,N/A
OZRK,$40.32,1441203320195,"62,741",67% bullish,of 3 ratings,$49.50
BWFG,$18.09,1441203320222,"1,563",100% bearish,of 1 rating,N/A
BANR,$43.65,1441203320248,"1,038",100% bullish,of 3 ratings,$50
BZUN,$4.87,1441203320275,"11,555",50% bullish,of 2 ratings,$11.50
TAPR,$33.88,1441203320296,955,100% bearish,of 1 rating,N/A
BHAC,NULL,1441203320429,0,Not yet rated,NULL,N/A
BHACR,NULL,1441203320454,0,Not yet rated,NULL,N/A
BHACW,NULL,1441203320591,0,Not yet rated,NULL,N/A
BBSI,$34.35,1441203320619,"3,660",67% bearish,of 3 ratings,$62.50
BSET,$28.21,1441203320643,"1,602",100% bearish,of 1 rating,$35
BYBK,NULL,1441203320672,0,100% bearish,of 1 rating,N/A
BHACU,NULL,1441203320703,0,Not yet rated,NULL,N/A
BYLK,$13.06,1441203320811,"1,000",Not yet rated,NULL,$14
BV,$4.935,1441203320844,"207,738",67% bullish,of 6 ratings,$8.75
BDCV,$4.9,1441203320916,6,100% bearish,of 1 rating,$10.19
BBCN,$14.06,1441203320944,"15,214",100% bearish,of 1 rating,$16
BCBP,$11.66,1441203320965,100,Not yet rated,NULL,N/A
BSF,$8.42,1441203321100,9,Not yet rated,NULL,N/A
BECN,$35.73,1441203321182,"7,889",50% bullish,of 2 ratings,$40
BEBE,$1.2775,1441203321213,"62,862",75% bullish,of 4 ratings,$2.125
BBGI,NULL,1441203321243,0,100% bearish,of 1 rating,N/A
BBBY,$62.11,1441203321270,"199,661",71% bullish,of 7 ratings,$75
BELFB,$17.71,1441203321313,978,100% bearish,of 1 rating,N/A
BELFA,$14.66,1441203321340,7,100% bearish,of 1 rating,N/A
BLPH,$3.8,1441203321497,"9,912",100% bearish,of 1 rating,$12.50
BLCM,$16.57,1441203321524,"3,222",50% bullish,of 4 ratings,$40
BNCL,$12.39,1441203321561,"36,306",100% bullish,of 3 ratings,$12.50
BGMD,$0.6613,1441203321653,"19,680",100% bullish,of 10 ratings,N/A
BNTC,$7.92,1441203321682,500,100% bullish,of 1 rating,N/A
BNFT,$35.97,1441203321781,"18,899",67% bullish,of 3 ratings,$46
BGCP,$8.83,1441203321854,"50,753",88% bullish,of 8 ratings,$14
BIND,$4.82,1441203321882,"2,623",75% bullish,of 4 ratings,$13.50
BGFV,$11.15,1441203321915,"6,395",57% bullish,of 7 ratings,$12
ORPN,$5.64,1441203321943,440,100% bullish,of 1 rating,$28.50
BCDA,NULL,1441203321972,0,Not yet rated,NULL,N/A
BIOC,$1.9899,1441203322013,"7,582",83% bullish,of 6 ratings,$3.85
BASI,$1.64,1441203322069,"3,100",Not yet rated,NULL,N/A
BDSI,$6.29,1441203322223,"176,395",88% bullish,of 8 ratings,$17
BIOD,$0.7485,1441203322251,"26,606",80% bullish,of 5 ratings,$4
BCRX,$11.37,1441203322290,"55,668",63% bullish,of 8 ratings,$18
BIIB,$299.125,1441203322323,"155,432",88% bullish,of 16 ratings,$400
BIOL,$1.54,1441203322456,"7,126",Not yet rated,NULL,N/A
BLFS,$2.36,1441203322482,"55,317",100% bearish,of 1 rating,$4.75
BMRN,$126.98,1441203322509,"38,577",80% bullish,of 5 ratings,$160
BVXV,$4.82,1441203322541,"1,086,310",Not yet rated,NULL,N/A
BLRX,$1.4899,1441203322572,"29,125",100% bullish,of 12 ratings,$5
BRLI,NULL,1441203322645,0,NULL,NULL,NULL
BVXVW,$0.86,1441203322677,"73,264",100% bearish,of 1 rating,N/A
BPTH,$1.21,1441203322708,"22,498",100% bullish,of 2 ratings,$5
BIOS,$2.415,1441203322784,"92,665",71% bullish,of 7 ratings,$4
BBC,$31.24,1441203322810,"1,607",Not yet rated,NULL,N/A
BBP,$31.9156,1441203322891,"4,430",Not yet rated,NULL,N/A
BSTC,$48.8599,1441203322947,"3,317",100% bearish,of 1 rating,$76
BOTA,$2.16,1441203323087,"1,320",88% bullish,of 8 ratings,N/A
TECH,$93.57,1441203323131,"9,986",100% bullish,of 1 rating,$117
BEAT,$15.0103,1441203323160,"87,544",67% bearish,of 3 ratings,$15
BBOX,$14.89,1441203323186,"3,558",100% bearish,of 1 rating,N/A
BSPM,NULL,1441203323215,0,50% bullish,of 2 ratings,N/A
BDMS,$12.89,1441203323248,350,100% bearish,of 1 rating,N/A
BITI,$17.0675,1441203323269,802,100% bullish,of 1 rating,$28
BJRI,$43.41,1441203323290,"16,639",50% bullish,of 2 ratings,$55
BDE,$7.18,1441203323421,"25,086",50% bullish,of 2 ratings,$9
BLKB,$55.75,1441203323491,"6,964",100% bearish,of 2 ratings,$66
BBRY,$7.43,1441203323556,"458,897",61% bullish,of 330 ratings,$9
HAWK,$38.32,1441203323623,"30,033",91% bullish,of 11 ratings,$49
BKCC,$9.23,1441203323654,"25,740",50% bullish,of 2 ratings,$10
ADRA,NULL,1441203323684,0,100% bearish,of 1 rating,N/A
BLMN,$20.71,1441203323763,"75,812",83% bullish,of 6 ratings,$27.50
ADRD,$21.6296,1441203323791,"1,080",100% bearish,of 1 rating,N/A
ADRE,$29.11,1441203323821,940,100% bearish,of 1 rating,N/A
BCOR,$13.49,1441203323928,"12,009",57% bullish,of 7 ratings,$15
ADRU,$21.47,1441203323957,12,100% bearish,of 1 rating,N/A
BUFF,$24.275,1441203323980,"19,664",83% bullish,of 12 ratings,$31.50
BLBD,$11.88,1441203324008,"2,700",Not yet rated,NULL,N/A
BBLU,$0.7901,1441203324113,"25,409",100% bullish,of 2 ratings,$4.43
NILE,$33.39,1441203324143,"15,670",50% bullish,of 2 ratings,$34
BHBK,$13.7,1441203324164,"6,614",100% bullish,of 1 rating,$14.50
BLUE,$130.9,1441203324321,"41,914",71% bullish,of 7 ratings,$217.50
BKEP,$6.22,1441203324350,"11,427",100% bearish,of 1 rating,$8.50
BPMC,$27.95,1441203324381,101,50% bullish,of 2 ratings,$47.50
BKEPP,$7.59,1441203324452,24,100% bearish,of 1 rating,N/A
BNCN,$20.61,1441203324487,"13,238",Not yet rated,NULL,$24
BOBE,$48.04,1441203324514,"183,996",75% bullish,of 4 ratings,$57
WIFI,$7.47,1441203324581,"5,450",50% bullish,of 2 ratings,$13.50
BOFI,$108.45,1441203324607,"53,989",100% bullish,of 6 ratings,$144
BOJA,$20.795,1441203324660,"4,717",100% bullish,of 1 rating,$30
BOKF,$60.88,1441203324686,"21,999",100% bearish,of 1 rating,$69
BONA,$11.26,1441203324818,"8,667",75% bullish,of 4 ratings,$8.50
BNSO,NULL,1441203324844,0,100% bearish,of 1 rating,N/A
BAMM,$3.2,1441203324865,575,60% bullish,of 5 ratings,N/A
BPFHP,$24.9999,1441203324997,"6,800",100% bearish,of 1 rating,N/A
BPFHW,NULL,1441203325026,0,100% bearish,of 1 rating,N/A
EPAY,$26.2,1441203325057,"14,711",100% bearish,of 2 ratings,$30
BPFH,$11.56,1441203325096,"31,885",100% bearish,of 1 rating,$14
BCLI,$3.05,1441203325158,"3,078",80% bullish,of 5 ratings,$12
BDBD,$8.41,1441203325195,"20,885",60% bullish,of 5 ratings,$10
BBEPP,$13.9801,1441203325298,"3,613",100% bearish,of 1 rating,N/A
BBEP,$2.68,1441203325331,"254,096",69% bullish,of 13 ratings,$5.625
BBRG,$12.32,1441203325375,"1,381",67% bullish,of 3 ratings,$14.50
BLIN,NULL,1441203325433,0,100% bullish,of 2 ratings,$2.20
BDGE,$26.32,1441203325462,207,Not yet rated,NULL,$31.75
BCOV,$5.16,1441203325504,"17,088",67% bullish,of 3 ratings,$10.20
BRID,NULL,1441203325566,0,100% bearish,of 1 rating,N/A
BRCM,$50.35,1441203325635,"304,021",69% bullish,of 13 ratings,$56
BVSN,NULL,1441203325663,0,60% bearish,of 5 ratings,N/A
BSFT,$31.52,1441203325700,"9,102",57% bullish,of 7 ratings,$40.50
BYFC,NULL,1441203325832,0,50% bullish,of 2 ratings,N/A
BRCD,$10.205,1441203325897,"305,902",92% bullish,of 13 ratings,$12
BRKS,$10.17,1441203325975,"13,272",67% bullish,of 3 ratings,$15.25
BRKR,$17.94,1441203326005,"25,698",100% bearish,of 2 ratings,$22
BRKL,$10.155,1441203326026,"37,895",100% bearish,of 1 rating,$10.75
BWEN,$3.1048,1441203326066,"2,406",75% bullish,of 4 ratings,$8
BLMT,$20.84,1441203326087,454,Not yet rated,NULL,N/A
BMTC,$28.98,1441203326160,"2,739",Not yet rated,NULL,$34
BSQR,$5.99,1441203326191,"2,286",67% bullish,of 3 ratings,N/A
BWLD,$192.05,1441203326292,"47,217",82% bullish,of 11 ratings,$205
BUR,NULL,1441203326370,0,100% bearish,of 1 rating,$8
BLDR,$14.66,1441203326395,"50,386",67% bullish,of 3 ratings,$22
CFFI,$35.59,1441203326423,200,100% bearish,of 1 rating,N/A
CA,$26.74,1441203326449,"179,416",50% bullish,of 4 ratings,$33
CHRW,$67.475,1441203326615,"184,767",Not yet rated,NULL,$72
CCMP,$41.91,1441203326642,"1,241",50% bullish,of 2 ratings,$59
CDZI,$7.92,1441203326716,"1,100",100% bearish,of 1 rating,N/A
CDNS,$19.91,1441203326774,"131,100",75% bullish,of 4 ratings,$22.50
CZR,$8.7899,1441203326802,"60,797",60% bearish,of 5 ratings,$10.50
CSTE,$38.445,1441203326823,"88,303",50% bullish,of 2 ratings,$65
PRSS,$4.47,1441203326872,"4,922",80% bullish,of 5 ratings,$4.50
CACQ,$7.1599,1441203326958,"1,295",100% bearish,of 1 rating,$12.25
CLBS,$1.71,1441203326987,"39,082",79% bullish,of 14 ratings,$4
CLMS,$10.05,1441203327122,"4,267",Not yet rated,NULL,$10.50
CFGE,$10.39,1441203327151,"2,200",Not yet rated,NULL,N/A
CHY,$11.29,1441203327182,"44,441",Not yet rated,NULL,N/A
CHI,$10.4608,1441203327203,"58,333",100% bearish,of 1 rating,N/A
CCD,$19.1701,1441203327224,"17,204",Not yet rated,NULL,N/A
CHW,$7.4799,1441203327285,"35,932",100% bearish,of 1 rating,N/A
CGO,$12.035,1441203327473,"2,291",100% bearish,of 1 rating,N/A
CFNB,$13.3,1441203327501,200,100% bearish,of 1 rating,N/A
CVGW,$56.87,1441203327522,"12,842",50% bullish,of 2 ratings,$62
CAMP,$16.035,1441203327543,"16,291",88% bullish,of 8 ratings,$25
CSQ,$9.74,1441203327586,"56,201",Not yet rated,NULL,N/A
CALD,$15.63,1441203327674,"15,686",100% bearish,of 1 rating,$21
CALA,$5.64,1441203327700,"37,411",67% bullish,of 3 ratings,$19.50
ABCD,$4.895,1441203327835,"15,751",83% bullish,of 6 ratings,N/A
CALM,$52.34,1441203327864,"111,318",80% bullish,of 5 ratings,$63.50
CLMT,$25.395,1441203327885,"18,297",75% bullish,of 8 ratings,$31
CAMB,$10.05,1441203327918,400,Not yet rated,NULL,N/A
CAMBU,NULL,1441203328027,0,100% bearish,of 1 rating,N/A
CAC,$40.54,1441203328065,282,Not yet rated,NULL,N/A
CAMBW,$0.15,1441203328086,200,Not yet rated,NULL,N/A
CAMT,$2.66,1441203328159,"3,033",73% bullish,of 11 ratings,$4
CGIX,$9.47,1441203328187,"2,352",67% bullish,of 3 ratings,$14.375
CSIQ,$18.27,1441203328214,"168,631",86% bullish,of 28 ratings,$42.50
CPHC,$10.28,1441203328352,100,100% bearish,of 1 rating,N/A
CPLA,$47.92,1441203328378,"5,718",67% bearish,of 3 ratings,$65
CBNJ,$11.04,1441203328513,717,100% bearish,of 1 rating,N/A
CCBG,$15.14,1441203328538,"1,714",Not yet rated,NULL,$17.25
CBF,$30.22,1441203328563,"2,824",Not yet rated,NULL,$32
CPLP,$7.18,1441203328600,"27,762",71% bullish,of 7 ratings,$11
CSWC,$45.42,1441203328700,"1,221",Not yet rated,NULL,N/A
CPTA,$13.7,1441203328729,"5,854",100% bearish,of 1 rating,$18.50
CFFN,$11.765,1441203328759,"65,519",Not yet rated,NULL,$12.75
CAPNW,$0.6789,1441203328856,100,Not yet rated,NULL,N/A
CAPN,$2.29,1441203328961,"7,470",100% bullish,of 1 rating,$10.85
CAPR,$4.3101,1441203328990,"5,300",Not yet rated,NULL,$12
CARA,$18.6,1441203329017,"14,838",50% bullish,of 4 ratings,$25
CARB,$11.15,1441203329042,"3,902",75% bullish,of 4 ratings,$12
CPST,$0.384,1441203329067,"77,765",95% bullish,of 22 ratings,$1.25
CFNL,$21.77,1441203329210,"8,799",Not yet rated,NULL,$24
CBYL,$5.08,1441203329239,208,100% bearish,of 1 rating,$20
CRDC,$0.32,1441203329327,600,100% bullish,of 1 rating,$1.25
CSII,$23.2419,1441203329354,"7,907",100% bearish,of 2 ratings,$42.125
CRME,$9.1,1441203329382,"1,859",89% bullish,of 9 ratings,$11.25
CDNA,NULL,1441203329407,0,100% bearish,of 1 rating,$9
CATM,$33.78,1441203329432,"11,902",100% bearish,of 1 rating,$44
CKEC,$23.31,1441203329599,"6,818",50% bullish,of 2 ratings,$35.915
CTRE,$10.83,1441203329635,"47,177",50% bullish,of 2 ratings,$13.50
CLBH,$12.68,1441203329656,200,Not yet rated,NULL,$16.50
CECO,$3.61,1441203329726,"14,824",67% bearish,of 3 ratings,$6
CARO,NULL,1441203329751,0,100% bearish,of 1 rating,$19
CART,$5.3,1441203329784,"1,000",100% bearish,of 1 rating,N/A
CRZO,$33.79,1441203329828,"77,582",67% bearish,of 3 ratings,$54.50
TAST,$12.92,1441203329918,"12,192",Not yet rated,NULL,$14.25
CRTN,$2.5,1441203329970,302,100% bearish,of 1 rating,N/A
CARV,NULL,1441203330018,0,50% bullish,of 2 ratings,N/A
CACB,$5.25,1441203330044,"1,917",Not yet rated,NULL,$5.50
CASM,$1.17,1441203330275,664,100% bullish,of 1 rating,$3.50
CSCD,$15.01,1441203330300,"1,539",100% bullish,of 2 ratings,$17
CWST,$6.11,1441203330338,"5,499",50% bullish,of 2 ratings,$7.25
CASI,$1.4189,1441203330370,100,100% bullish,of 1 rating,$3.50
CASY,$105.51,1441203330391,"14,669",50% bullish,of 2 ratings,$99.50
CASS,$47.99,1441203330438,97,100% bearish,of 1 rating,N/A
CPRX,$3.71,1441203330466,"22,006",71% bullish,of 7 ratings,$7
CATB,$10.96,1441203330538,400,100% bearish,of 1 rating,$28
CATY,$28.77,1441203330635,"26,133",100% bearish,of 1 rating,$33.50
CAVM,$66.22,1441203330692,"19,096",67% bearish,of 3 ratings,$72
CVCO,$71.42,1441203330726,"1,734",100% bearish,of 1 rating,N/A
CATYW,NULL,1441203330747,0,100% bearish,of 1 rating,N/A
CNLMR,NULL,1441203330825,0,Not yet rated,NULL,N/A
CNLM,NULL,1441203330850,0,Not yet rated,NULL,N/A
CBFV,$20.5601,1441203330883,407,Not yet rated,NULL,$25
CNLMU,NULL,1441203330991,0,100% bullish,of 1 rating,N/A
CNLMW,NULL,1441203331038,0,Not yet rated,NULL,N/A
CBOE,$63.41,1441203331129,"73,345",Not yet rated,NULL,$60
CDK,$48.26,1441203331162,"29,693",67% bearish,of 3 ratings,$50
CECE,$9.4401,1441203331265,"10,560",50% bullish,of 2 ratings,$16
CELG,$117.48,1441203331294,"483,224",92% bullish,of 13 ratings,$156
CELGZ,$1.84,1441203331343,10,80% bullish,of 5 ratings,N/A
CPXX,$2.16,1441203331398,"45,419",100% bullish,of 2 ratings,$7
CDW,$38.715,1441203331435,"42,391",75% bullish,of 4 ratings,$44
CLDN,$1.15,1441203331472,"9,000",71% bullish,of 7 ratings,$3
CLRBW,$0.9201,1441203331532,"1,000",Not yet rated,NULL,N/A
CLDX,$14.41,1441203331558,"101,912",89% bullish,of 9 ratings,$36
CLRB,$3.06,1441203331586,100,100% bearish,of 1 rating,N/A
CLLS,$32.18,1441203331614,"13,184",75% bullish,of 4 ratings,$51.50
CLSN,$2.03,1441203331799,"2,569",80% bullish,of 10 ratings,$7.50
CYAD,$48,1441203331876,"2,917",100% bullish,of 1 rating,$87.50
CLTX,$2.253,1441203331909,"30,209",100% bullish,of 2 ratings,N/A
CEMP,$33.91,1441203331935,"38,724",71% bullish,of 7 ratings,$52
CSFL,$13.62,1441203331960,"7,691",Not yet rated,NULL,$15
CBMG,$23.25,1441203332011,"10,185",50% bullish,of 2 ratings,N/A
CETX,$2.371,1441203332036,"3,762",Not yet rated,NULL,$5.60
CETV,$2.12,1441203332091,"3,493",67% bullish,of 3 ratings,$2.80
CENT,$12.87,1441203332178,"20,591",Not yet rated,NULL,$10
CVCY,$11.4,1441203332217,200,Not yet rated,NULL,$12
CENTA,$13.255,1441203332248,"11,677",Not yet rated,NULL,N/A
CFBK,NULL,1441203332269,0,Not yet rated,NULL,N/A
CNBKA,$41.35,1441203332307,1,50% bullish,of 2 ratings,N/A
CENX,$5.3,1441203332345,"261,865",67% bullish,of 6 ratings,$9
CNTY,$5.82,1441203332519,301,80% bullish,of 5 ratings,$7.75
CPHD,$47.54,1441203332549,"51,440",67% bearish,of 3 ratings,$66.50
CERE,$1.07,1441203332624,"67,185",88% bullish,of 8 ratings,N/A
CERN,$60.66,1441203332649,"148,335",67% bullish,of 3 ratings,$79
CRNT,$1.47,1441203332679,"42,791",50% bullish,of 2 ratings,$2
CEVA,$18.89,1441203332713,"2,312",100% bearish,of 1 rating,$25
CERS,$4.76,1441203332813,"28,695",75% bullish,of 4 ratings,$7
KOOL,$0.72,1441203332843,383,100% bullish,of 5 ratings,$7
CERU,$4.19,1441203332894,"7,220",75% bullish,of 4 ratings,$14
HOTR,$1.39,1441203332947,"30,161",100% bullish,of 2 ratings,$5
HOTRW,NULL,1441203332974,0,Not yet rated,NULL,N/A
CYOU,$18.96,1441203333001,"12,994",50% bullish,of 6 ratings,$24
CTHR,$1.29,1441203333030,71,50% bullish,of 2 ratings,$2.50
GTLS,$23.18,1441203333056,"68,400",50% bullish,of 4 ratings,$40
CHTR,$179.845,1441203333248,"55,646",100% bearish,of 2 ratings,$202
CHFN,$12.351,1441203333274,"8,462",Not yet rated,NULL,$14
CHEK,$2.3572,1441203333413,"3,681",Not yet rated,NULL,$7.75
CHKP,$77.98,1441203333449,"102,089",50% bullish,of 4 ratings,$92
CEMI,$4.24,1441203333479,"1,947",50% bullish,of 2 ratings,$7.50
CHEKW,$0.74,1441203333504,115,Not yet rated,NULL,N/A
CCXI,$6.42,1441203333543,"3,870",67% bullish,of 3 ratings,$14
CHMG,$26.5,1441203333568,200,Not yet rated,NULL,$30
CHKE,$25.9,1441203333602,"10,438",100% bearish,of 1 rating,$32.50
CHMA,$27.05,1441203333696,"8,900",Not yet rated,NULL,$40
CHFC,$31.11,1441203333725,"4,050",100% bearish,of 1 rating,$36
CBNK,NULL,1441203333758,0,100% bearish,of 1 rating,N/A
CHEV,$14.59,1441203333779,100,Not yet rated,NULL,N/A
PLCE,$59.36,1441203333813,"9,126",100% bearish,of 1 rating,$69
CMRX,$48.74,1441203333835,"8,042",50% bullish,of 2 ratings,$57
CADC,NULL,1441203333978,0,78% bullish,of 9 ratings,N/A
CAAS,$6.03,1441203334117,"1,403",93% bullish,of 14 ratings,$11.50
CALI,NULL,1441203334142,0,67% bullish,of 3 ratings,N/A
CBAK,$1.8285,1441203334178,"2,500",67% bullish,of 9 ratings,N/A
CBPO,$94.37,1441203334277,"10,616",75% bullish,of 8 ratings,$140.50
JRJC,$3.44,1441203334303,"13,790",82% bullish,of 11 ratings,N/A
CCCL,NULL,1441203334335,0,100% bullish,of 6 ratings,N/A
HGSH,$1.76,1441203334395,"5,703",67% bullish,of 3 ratings,N/A
CCCR,NULL,1441203334445,0,67% bearish,of 3 ratings,N/A
CHOP,$1.1,1441203334485,10,50% bullish,of 2 ratings,N/A
CJJD,$1.81,1441203334513,"1,578",100% bullish,of 1 rating,N/A
CHLN,$1.89,1441203334534,10,67% bullish,of 3 ratings,N/A
CNIT,$1.25,1441203334576,"3,166",67% bullish,of 6 ratings,N/A
HTHT,$25.51,1441203334601,"8,175",50% bullish,of 2 ratings,$28.40
CHNR,NULL,1441203334667,0,100% bearish,of 1 rating,N/A
CREG,NULL,1441203334749,0,100% bullish,of 3 ratings,N/A
CPGI,NULL,1441203334964,0,Not yet rated,NULL,N/A
CNTF,$0.82,1441203334999,522,Not yet rated,NULL,N/A
CXDC,$5.78,1441203335031,"4,717",67% bearish,of 3 ratings,N/A
CSUN,NULL,1441203335060,0,80% bullish,of 5 ratings,N/A
CNYD,$3.01,1441203335094,210,67% bullish,of 3 ratings,N/A
CCIH,$7.31,1441203335119,"9,773",67% bullish,of 6 ratings,$12.65
CNET,$0.83,1441203335144,"4,260",50% bullish,of 2 ratings,N/A
IMOS,$18.95,1441203335173,"45,398",60% bullish,of 5 ratings,$21.50
CHSCL,$27.15,1441203335356,596,Not yet rated,NULL,N/A
CHSCO,NULL,1441203335388,0,Not yet rated,NULL,N/A
CHSCN,NULL,1441203335420,0,Not yet rated,NULL,N/A
CHDN,$132.52,1441203335445,"2,474",Not yet rated,NULL,$165
CHSCM,$26.31,1441203335470,"2,582",Not yet rated,NULL,N/A
CHSCP,$30.5928,1441203335499,400,Not yet rated,NULL,N/A
CHUY,$31.21,1441203335699,"13,681",50% bullish,of 2 ratings,$34
CMCT,$15.23,1441203335735,100,100% bearish,of 1 rating,N/A
CINF,$51.67,1441203335790,"65,781",50% bullish,of 4 ratings,$50.50
CDTX,$14.455,1441203335817,"1,585",Not yet rated,NULL,$22
CIFC,$7.02,1441203335838,3,100% bearish,of 1 rating,N/A
CMPR,$68.46,1441203335876,"16,490",50% bullish,of 2 ratings,$72.50
CTAS,$83.97,1441203335905,"42,549",100% bearish,of 1 rating,$91
CIDM,$0.5759,1441203335970,"5,084",50% bullish,of 2 ratings,$2.10
CPHR,$5.11,1441203336003,"4,240",100% bearish,of 1 rating,$17
CRUS,$29.19,1441203336108,"66,816",75% bullish,of 12 ratings,$44.50
CSCO,$25.56,1441203336135,"3,519,991",83% bullish,of 210 ratings,$32
CTRN,$26.29,1441203336221,"2,762",100% bearish,of 1 rating,$31.50
CZNC,$19.55,1441203336294,906,Not yet rated,NULL,N/A
CZWI,$8.95,1441203336325,307,Not yet rated,NULL,N/A
CZFC,NULL,1441203336355,0,Not yet rated,NULL,N/A
CIZN,$19.62,1441203336423,100,Not yet rated,NULL,N/A
CIVB,NULL,1441203336457,0,Not yet rated,NULL,$11
CHCO,$46.82,1441203336485,"2,392",Not yet rated,NULL,$46
CTXS,$66.15,1441203336555,"194,440",86% bullish,of 7 ratings,$80
CDTI,$1.5701,1441203336580,"4,266",75% bullish,of 4 ratings,$3.20
CLNE,$5.0053,1441203336611,"110,568",80% bullish,of 15 ratings,$9
CIVBP,NULL,1441203336636,0,Not yet rated,NULL,N/A
CLNT,NULL,1441203336816,0,75% bullish,of 8 ratings,N/A
CLIR,$4.96,1441203336850,"8,580",100% bullish,of 3 ratings,N/A
CLFD,$16.7,1441203336875,"5,847",67% bullish,of 3 ratings,$18
CLRO,$11.39,1441203336900,595,50% bullish,of 2 ratings,$14.25
CSBK,$13.8,1441203336954,"1,389",Not yet rated,NULL,N/A
CLVS,$79.8759,1441203337038,"25,343",60% bullish,of 5 ratings,$101.50
CBLI,$3.98,1441203337084,"14,464",60% bullish,of 5 ratings,N/A
CMFN,$11.21,1441203337118,"3,504",100% bearish,of 1 rating,$15.50
CCNE,$16.93,1441203337175,"2,036",50% bullish,of 2 ratings,$21.50
CME,$92.64,1441203337215,"142,527",67% bullish,of 3 ratings,$102
CISG,$7.577,1441203337246,"2,496",100% bullish,of 5 ratings,$10
CWAY,$11.09,1441203337280,369,Not yet rated,NULL,N/A
CNV,$4.45,1441203337305,610,50% bullish,of 2 ratings,$7.15
COBZ,$12.6,1441203337463,"2,797",100% bullish,of 1 rating,$14
COKE,$155.11,1441203337532,"2,520",79% bullish,of 19 ratings,N/A
CDRB,$12.04,1441203337593,"1,668",67% bullish,of 3 ratings,N/A
CVLY,NULL,1441203337623,0,Not yet rated,NULL,N/A
CDXS,$3.593,1441203337662,"1,100",64% bullish,of 11 ratings,$6
JVA,$4.68,1441203337691,"2,200",83% bullish,of 6 ratings,$7
CCOI,$27.42,1441203337722,"21,666",50% bullish,of 4 ratings,$35
CGNT,$1.5068,1441203337919,"2,100",100% bullish,of 2 ratings,$2
CGNX,$34.48,1441203337980,"19,196",50% bullish,of 2 ratings,$47
CTSH,$61.21,1441203338007,"396,237",90% bullish,of 10 ratings,$75
COHR,$55.22,1441203338029,"4,223",50% bullish,of 2 ratings,$72
CHRS,$26.95,1441203338050,"4,292",67% bearish,of 3 ratings,$37
CLRX,$0.69,1441203338096,"26,520",50% bullish,of 2 ratings,N/A
COHU,$9.4,1441203338117,"3,864",100% bearish,of 1 rating,$14.25
CLCT,$17.831,1441203338186,"1,738",100% bearish,of 1 rating,N/A
CIGI,$44.56,1441203338361,"1,900",100% bearish,of 1 rating,$52
CBAN,$8.97,1441203338386,101,Not yet rated,NULL,N/A
COLL,$13.6,1441203338420,"29,088",100% bearish,of 1 rating,$26
CLCD,$6.3,1441203338516,"14,843",100% bearish,of 1 rating,$20.50
COLB,$29.39,1441203338545,"7,677",Not yet rated,NULL,$36
CMCO,$18.7375,1441203338650,"8,821",60% bullish,of 5 ratings,$28
CBSH,$43.325,1441203338678,"23,204",50% bullish,of 2 ratings,$46
CMCSA,$55.82,1441203338706,"1,965,090",66% bullish,of 35 ratings,$69.50
COLM,$60.225,1441203338735,"5,620",100% bearish,of 1 rating,$71
CMCSK,$57.12,1441203338756,"441,273",Not yet rated,NULL,$84
CBMX,$1.14,1441203338886,"2,964",83% bullish,of 6 ratings,$3.15
CVGI,$4.86,1441203338915,"6,771",50% bullish,of 2 ratings,$6
CBSHP,$25.47,1441203339018,600,100% bearish,of 1 rating,N/A
CUBN,NULL,1441203339052,0,Not yet rated,NULL,N/A
COMM,$32.07,1441203339078,"49,203",67% bearish,of 3 ratings,$35
CSAL,$20.5325,1441203339162,"88,200",75% bullish,of 4 ratings,$30
CYHHZ,$0.0105,1441203339312,"14,971",100% bullish,of 1 rating,N/A
JCS,$9.16,1441203339344,100,67% bullish,of 3 ratings,N/A
COB,$10.38,1441203339375,"1,137",100% bullish,of 1 rating,$11.75
CTBI,$34.65,1441203339408,"1,293",Not yet rated,NULL,$36
CWBC,$6.84,1441203339439,2,Not yet rated,NULL,N/A
ESXB,$5.09,1441203339470,1,Not yet rated,NULL,N/A
CIZ,NULL,1441203339542,0,100% bearish,of 1 rating,N/A
CIL,NULL,1441203339568,0,Not yet rated,NULL,N/A
CVLT,$35.13,1441203339618,"10,704",75% bullish,of 4 ratings,$44.50
CID,NULL,1441203339750,0,Not yet rated,NULL,N/A
CDC,$34,1441203339869,400,Not yet rated,NULL,N/A
CSA,NULL,1441203339894,0,Not yet rated,NULL,N/A
CFO,$34.81,1441203339975,224,100% bearish,of 1 rating,N/A
CSF,NULL,1441203340023,0,100% bearish,of 1 rating,N/A
CDL,$33.53,1441203340117,70,Not yet rated,NULL,N/A
CFA,NULL,1441203340174,0,100% bearish,of 1 rating,N/A
CSB,$32.83,1441203340199,72,Not yet rated,NULL,N/A
CTG,$6.61,1441203340246,28,100% bearish,of 1 rating,$8.50
CPSI,$45.68,1441203340272,"6,151",100% bearish,of 1 rating,$45.50
CGEN,$4.975,1441203340293,"4,200",50% bullish,of 2 ratings,$11
CHCI,NULL,1441203340329,0,50% bullish,of 2 ratings,N/A
SCOR,$47.7,1441203340354,"104,493",100% bearish,of 1 rating,$66
CNAT,$3.89,1441203340485,"5,724",83% bullish,of 6 ratings,$13
CNSI,$18.225,1441203340511,"6,820",100% bearish,of 2 ratings,$29
CMTL,$25.8,1441203340642,"4,948",100% bearish,of 2 ratings,$37
CNCE,$15.96,1441203340737,"6,208",75% bullish,of 4 ratings,$22
CDOR,$1.34,1441203340768,100,100% bullish,of 1 rating,N/A
CCUR,$5.39,1441203340797,300,75% bullish,of 4 ratings,N/A
CXRX,$77.81,1441203340866,206,100% bearish,of 1 rating,$90
CNFR,$9.78,1441203340895,154,Not yet rated,NULL,N/A
CFMS,$15.4101,1441203340924,"27,344",100% bearish,of 1 rating,$26.50
CDORP,NULL,1441203340964,0,100% bearish,of 1 rating,N/A
CDORO,$19,1441203341071,160,100% bearish,of 1 rating,N/A
CNMD,$51.03,1441203341110,"45,477",Not yet rated,NULL,$59
CNXR,$7.07,1441203341202,"11,260",100% bearish,of 1 rating,$12
CTWS,$35.03,1441203341232,"3,536",100% bearish,of 1 rating,$44
CNOB,$18.93,1441203341259,985,100% bullish,of 1 rating,$23.50
CONN,$27.83,1441203341280,"53,149",67% bullish,of 3 ratings,$48.50
CWCO,$10.3701,1441203341409,"5,380",67% bullish,of 3 ratings,$14.50
CPSS,$5.52,1441203341551,"1,558",100% bullish,of 1 rating,$10
CNSL,$19.35,1441203341586,"23,963",100% bearish,of 1 rating,$23
CTCT,$24.28,1441203341608,"10,570",67% bullish,of 3 ratings,$37
CFRXW,NULL,1441203341628,0,100% bearish,of 1 rating,N/A
CFRX,$4.94,1441203341665,932,Not yet rated,NULL,$14
CFRXZ,NULL,1441203341691,0,Not yet rated,NULL,N/A
CTRV,$3.65,1441203341758,"1,469",Not yet rated,NULL,$6.40
CPRT,$34.55,1441203341856,"27,824",67% bearish,of 3 ratings,$40
CRBP,$1.8901,1441203341921,"5,038",100% bullish,of 2 ratings,$6.25
BVA,NULL,1441203341959,0,50% bullish,of 2 ratings,N/A
CORT,$4.9,1441203341986,"17,832",67% bullish,of 3 ratings,$12
CTRL,$8.14,1441203342013,"7,504",50% bullish,of 2 ratings,$11
CORE,$60.02,1441203342055,"9,030",100% bearish,of 1 rating,$72
CORI,$10.4,1441203342249,"4,465",100% bearish,of 1 rating,$18
CRVL,$30.34,1441203342307,"1,365",100% bearish,of 1 rating,N/A
CSOD,$35.6,1441203342339,"23,796",50% bullish,of 2 ratings,$42
CSGP,$171.48,1441203342362,"4,552",50% bullish,of 2 ratings,$235
COSI,$1.13,1441203342394,"1,600",100% bullish,of 1 rating,N/A
COST,$139.7791,1441203342419,"162,366",79% bullish,of 24 ratings,$154.50
CPAH,NULL,1441203342448,0,50% bullish,of 2 ratings,N/A
ICBK,NULL,1441203342498,0,Not yet rated,NULL,$21
CVTI,$22.86,1441203342666,"7,477",67% bearish,of 3 ratings,$39
COWN,$5.07,1441203342714,"42,518",75% bullish,of 4 ratings,$7
COVS,$2.67,1441203342738,"5,112",67% bullish,of 3 ratings,N/A
COWNL,NULL,1441203342763,0,Not yet rated,NULL,N/A
CPSH,$2.36,1441203342904,100,Not yet rated,NULL,N/A
CRAI,$23.11,1441203343031,"1,917",100% bearish,of 1 rating,$36
CBRL,$144.98,1441203343114,"16,419",50% bullish,of 2 ratings,$155
CACC,$199.39,1441203343148,"2,966",50% bullish,of 2 ratings,$158.50
BREW,$7.79,1441203343169,"1,395",67% bullish,of 6 ratings,$15
GLDI,NULL,1441203343190,0,100% bearish,of 1 rating,N/A
CRAY,$20.61,1441203343211,"18,890",83% bullish,of 6 ratings,$38.50
CREE,$26.513,1441203343251,"96,980",65% bullish,of 17 ratings,$29.50
SLVO,$10.0896,1441203343397,833,100% bearish,of 1 rating,N/A
CRTO,$38.28,1441203343423,"92,997",67% bullish,of 6 ratings,$64
CRESY,$10.35,1441203343450,"1,456",100% bearish,of 1 rating,$19
CROX,$14.14,1441203343474,"37,950",63% bullish,of 8 ratings,$16.50
CCRN,$13.97,1441203343499,"29,244",100% bearish,of 1 rating,$14.25
CRWS,$7.99,1441203343820,"3,800",Not yet rated,NULL,$10
CRDS,$1,1441203343850,"6,000",75% bullish,of 4 ratings,$4.50
CRWN,$4.8299,1441203343871,"49,441",75% bullish,of 4 ratings,N/A
CYRXW,$0.78,1441203343914,100,Not yet rated,NULL,N/A
CCLP,$14.9277,1441203343935,"7,970",67% bearish,of 3 ratings,$20
CSGS,$30.2,1441203343956,"5,016",Not yet rated,NULL,$40
CYRX,$2.94,1441203343996,13,Not yet rated,NULL,$9
CSPI,$5.68,1441203344022,3,67% bullish,of 3 ratings,N/A
CTCM,$1.73,1441203344186,"8,592",80% bearish,of 5 ratings,$3.90
CTIC,$1.57,1441203344212,"83,976",84% bullish,of 76 ratings,$5.75
CTIB,NULL,1441203344250,0,100% bearish,of 1 rating,N/A
CTRP,$65.32,1441203344283,"179,712",75% bullish,of 8 ratings,$92.50
CPIX,NULL,1441203344515,0,Not yet rated,NULL,N/A
CMLS,$1.365,1441203344547,"55,200",50% bullish,of 4 ratings,$6
CUI,$5.15,1441203344579,"1,746",50% bullish,of 2 ratings,$10
CVBF,$15.88,1441203344609,"23,153",Not yet rated,NULL,$18
CUNB,$21.4,1441203344630,546,Not yet rated,NULL,$24.50
CUTR,$14.69,1441203344651,"2,666",67% bearish,of 3 ratings,$18
CVV,$11.82,1441203344672,255,100% bullish,of 5 ratings,N/A
CRIS,$2.55,1441203344722,"12,079",100% bullish,of 8 ratings,$6
CYAN,$6.52,1441203344803,"1,400",100% bearish,of 1 rating,N/A
CYBR,$50.808,1441203344829,"123,806",75% bullish,of 8 ratings,$68.50
CYBX,$64.25,1441203344920,"20,211",50% bullish,of 4 ratings,$71.50
CBAY,$2.67,1441203345112,357,100% bullish,of 1 rating,$4
CYNA,NULL,1441203345162,0,50% bullish,of 2 ratings,$31.50
CYBE,$6.7301,1441203345190,"1,153",100% bearish,of 1 rating,N/A
CYRN,$1.78,1441203345227,"1,200",67% bullish,of 3 ratings,$4
CYCCP,NULL,1441203345262,0,100% bearish,of 1 rating,N/A
CY,$9.97,1441203345293,"588,325",80% bullish,of 10 ratings,$15.50
CONE,$31,1441203345327,"21,005",67% bearish,of 3 ratings,$35.50
CYCC,NULL,1441203345355,0,73% bullish,of 11 ratings,N/A
CYNO,$31.52,1441203345526,"17,556",67% bearish,of 3 ratings,$45.50
CTSO,$7.2,1441203345740,"5,446",Not yet rated,NULL,$15.625
TVIZ,$23.5,1441203345772,"9,376",100% bearish,of 1 rating,N/A
TVIX,$17.5499,1441203345821,"2,355,110",81% bullish,of 16 ratings,N/A
ZIV,$35.75,1441203345980,"22,749",Not yet rated,NULL,N/A
DAKT,$8.45,1441203346013,"14,635",50% bullish,of 2 ratings,$12
DWCH,$5.085,1441203346067,"1,886",75% bullish,of 4 ratings,$8.25
DRAM,NULL,1441203346115,0,78% bullish,of 9 ratings,N/A
DAIO,$2.61,1441203346142,154,Not yet rated,NULL,N/A
DTLK,$5.6,1441203346169,"1,362",100% bearish,of 1 rating,$9
DARA,$0.8767,1441203346195,735,83% bullish,of 6 ratings,$1.50
DTEA,$12.7001,1441203346369,"4,703",100% bearish,of 2 ratings,$24
PLAY,$35.2,1441203346394,"24,214",100% bullish,of 5 ratings,$42
DBVT,$38.04,1441203346420,"16,086",100% bearish,of 1 rating,$53
DWSN,$4.5,1441203346549,"1,853",67% bullish,of 3 ratings,N/A
DHRM,NULL,1441203346637,0,Not yet rated,NULL,N/A
TRAK,$62.78,1441203346699,"77,869",50% bullish,of 2 ratings,$62.50
DGAS,$20.69,1441203346730,158,67% bearish,of 3 ratings,N/A
TACO,$12.66,1441203346830,"45,695",75% bullish,of 4 ratings,$20
DFRG,$14.53,1441203346916,"5,744",100% bearish,of 1 rating,$20
TACOW,$3.88,1441203346963,300,100% bullish,of 1 rating,N/A
DELT,NULL,1441203347102,0,Not yet rated,NULL,N/A
DEPO,$26.4,1441203347173,"52,948",60% bullish,of 5 ratings,$29
DCTH,$0.4153,1441203347206,"23,461",78% bullish,of 9 ratings,N/A
DELTW,NULL,1441203347229,0,Not yet rated,NULL,N/A
XRAY,$51.37,1441203347253,"59,712",100% bullish,of 1 rating,$58
DENN,$11.21,1441203347308,"75,152",100% bullish,of 3 ratings,$15
DSCI,$5.69,1441203347439,"2,625",50% bullish,of 2 ratings,$16
DXM,$0.2752,1441203347525,"100,430",50% bullish,of 2 ratings,N/A
DEST,$10.96,1441203347626,"2,122",50% bullish,of 2 ratings,N/A
DERM,$25.73,1441203347670,"6,792",100% bearish,of 1 rating,$33.50
DXLG,$6.29,1441203347709,"17,442",100% bearish,of 1 rating,$8
DSWL,$1.62,1441203347734,50,100% bullish,of 1 rating,N/A
DXCM,$88.8195,1441203347865,"71,614",57% bullish,of 7 ratings,$98
DHIL,$190.4,1441203347948,202,Not yet rated,NULL,N/A
DHXM,NULL,1441203348006,0,Not yet rated,NULL,N/A
DMND,$30.31,1441203348138,"15,081",75% bullish,of 12 ratings,$32
FANG,$64.44,1441203348165,"64,936",50% bullish,of 2 ratings,$86
DCIX,$1.63,1441203348202,"7,454",50% bullish,of 4 ratings,$3.50
DGII,$10.06,1441203348299,634,100% bearish,of 1 rating,$11
DRNA,$11.04,1441203348325,"9,093",67% bearish,of 3 ratings,$25
DMRC,$37.11,1441203348385,"2,876",100% bearish,of 1 rating,$44
DRAD,$3.8899,1441203348462,"1,494",100% bullish,of 1 rating,$5.25
APPS,$2.44,1441203348644,"71,175",100% bearish,of 1 rating,$10.25
DGLY,$7.39,1441203348682,"96,743",50% bullish,of 6 ratings,$20
DISCK,$25.3599,1441203348775,"109,712",100% bearish,of 1 rating,$32
DIOD,$19.25,1441203348801,"9,778",75% bearish,of 4 ratings,$24
DISCA,$26.43,1441203348822,"161,560",67% bullish,of 3 ratings,$34
DCOM,$16.59,1441203348855,"5,455",100% bearish,of 2 ratings,$16
DISCB,NULL,1441203348886,0,100% bearish,of 1 rating,$35
DPRX,$14.6,1441203348986,"1,233",100% bullish,of 2 ratings,$27.75
DISH,$59.6,1441203349076,"104,285",69% bullish,of 13 ratings,$73
DSCO,$0.4201,1441203349245,"63,882",83% bullish,of 6 ratings,$2.75
DVCR,$10.9253,1441203349273,327,100% bullish,of 1 rating,N/A
BAGR,$2.75,1441203349310,"5,400",100% bearish,of 1 rating,$6
DLHC,$2.96,1441203349403,"2,321",100% bearish,of 1 rating,N/A
DNBF,NULL,1441203349430,0,Not yet rated,NULL,$27.50
DLTR,$67.6425,1441203349451,"1,452,625",82% bullish,of 11 ratings,$88
DGICA,$14.43,1441203349499,"1,734",100% bearish,of 1 rating,$17
DGICB,NULL,1441203349629,0,100% bearish,of 1 rating,N/A
DMLP,$15.81,1441203349732,"3,136",100% bearish,of 1 rating,N/A
HILL,$9.68,1441203349760,"171,030",60% bearish,of 5 ratings,$9.75
DORM,$50.33,1441203349793,"13,072",100% bearish,of 1 rating,$56
DRWIW,NULL,1441203349819,0,Not yet rated,NULL,N/A
DRWI,$0.2,1441203349850,"9,650",60% bullish,of 5 ratings,$.45
DWA,$19.2,1441203349951,"33,706",63% bullish,of 8 ratings,$26
CADT,$10.02,1441203350176,100,Not yet rated,NULL,N/A
DRYS,$0.4456,1441203350205,"193,507",77% bullish,of 31 ratings,$.60
CADTU,NULL,1441203350226,0,Not yet rated,NULL,N/A
DSPG,$8.66,1441203350261,"3,089",100% bearish,of 1 rating,$13.50
DSKX,$3.486,1441203350287,"18,840",100% bullish,of 1 rating,N/A
CADTR,NULL,1441203350357,0,Not yet rated,NULL,N/A
DRRX,$2.08,1441203350490,"10,289",50% bullish,of 6 ratings,$3
CADTW,NULL,1441203350515,0,Not yet rated,NULL,N/A
DNKN,$49.47,1441203350664,"118,522",67% bullish,of 15 ratings,$56.50
DTSI,$29.34,1441203350699,"69,387",100% bearish,of 2 ratings,$39.50
DXPE,$30.41,1441203350730,"15,733",50% bullish,of 2 ratings,N/A
BOOM,$10.69,1441203350759,"15,824",67% bullish,of 3 ratings,$12
DYAX,$22.555,1441203350795,"35,253",89% bullish,of 9 ratings,$30
DYSL,$1.5599,1441203350833,531,100% bullish,of 2 ratings,N/A
DYNT,$3.0894,1441203351140,"2,327",75% bullish,of 4 ratings,N/A
DVAX,$28.21,1441203351166,"38,138",70% bullish,of 10 ratings,$40
EBMT,$12.115,1441203351197,200,Not yet rated,NULL,$13.50
EGBN,$41.33,1441203351224,"3,494",Not yet rated,NULL,$48
ETFC,$25.26,1441203351296,"307,243",57% bullish,of 14 ratings,$32.50
EGRX,$78.17,1441203351353,"24,137",67% bullish,of 3 ratings,$97
EGLE,$7.06,1441203351448,"2,308",60% bullish,of 5 ratings,N/A
EROC,$1.5141,1441203351473,"30,325",50% bullish,of 2 ratings,$3
ELNK,$8.44,1441203351523,"52,394",60% bullish,of 5 ratings,$9.50
EWBC,$39.09,1441203351549,"40,173",100% bearish,of 1 rating,$50
EACQU,$10.01,1441203351682,200,Not yet rated,NULL,N/A
EML,$16.25,1441203351710,302,Not yet rated,NULL,N/A
EBAY,$26.695,1441203351754,"837,402",81% bullish,of 117 ratings,$34
EVBS,$6.66,1441203351780,100,Not yet rated,NULL,$7
EBIX,$27.88,1441203351957,"17,714",69% bullish,of 13 ratings,$40
ELON,$0.58,1441203352089,"2,945",50% bullish,of 2 ratings,N/A
ECHO,$22.35,1441203352187,"8,969",67% bearish,of 3 ratings,$34.50
SATS,$43.7,1441203352209,"9,178",50% bullish,of 2 ratings,$60
ECACU,$10.1,1441203352279,200,Not yet rated,NULL,N/A
EEI,$11.6,1441203352313,500,67% bearish,of 3 ratings,N/A
ECTE,$1.58,1441203352334,"1,500",75% bullish,of 4 ratings,N/A
ESES,NULL,1441203352363,0,100% bearish,of 1 rating,$7
EDGW,$7.18,1441203352411,459,100% bearish,of 1 rating,N/A
EDAP,$3.65,1441203352593,"12,213",60% bullish,of 5 ratings,$4.50
EFUT,NULL,1441203352620,0,Not yet rated,NULL,N/A
EGAN,$3.66,1441203352688,425,50% bullish,of 2 ratings,$6.25
EDUC,$6.7,1441203352754,"12,469",100% bearish,of 1 rating,N/A
EHTH,$14.98,1441203352819,"33,563",50% bullish,of 4 ratings,$16.50
EGLT,$12.14,1441203352847,"15,454",50% bullish,of 2 ratings,$21
LOCO,$12.76,1441203352870,"63,423",69% bullish,of 13 ratings,$19.50
ERI,$9.5,1441203353155,"10,054",100% bearish,of 1 rating,$10
ELSE,NULL,1441203353181,0,60% bullish,of 5 ratings,N/A
ESLT,$78.41,1441203353203,"2,706",67% bullish,of 3 ratings,N/A
EMITF,$1.23,1441203353239,72,75% bullish,of 4 ratings,N/A
ESIO,$4.5,1441203353265,"1,103",50% bullish,of 2 ratings,$10
ELRC,$10.52,1441203353331,260,100% bearish,of 1 rating,N/A
EFII,$43.16,1441203353432,"3,587",80% bullish,of 5 ratings,$55
EA,$64.65,1441203353462,"348,760",78% bullish,of 36 ratings,$80
ELEC,NULL,1441203353494,0,Not yet rated,NULL,N/A
ELECU,NULL,1441203353597,0,Not yet rated,NULL,N/A
ELECW,NULL,1441203353622,0,Not yet rated,NULL,N/A
EBIO,$3.3476,1441203353755,"31,588",100% bearish,of 2 ratings,$8.35
RDEN,$11.03,1441203353840,"5,750",100% bearish,of 4 ratings,$15
ELTK,$1.3399,1441203353939,"17,964",67% bearish,of 3 ratings,N/A
CAPX,$22.74,1441203353968,1,Not yet rated,NULL,N/A
ESBK,$19.87,1441203353989,210,Not yet rated,NULL,N/A
EMCI,$22.7,1441203354022,553,Not yet rated,NULL,N/A
LONG,$16.91,1441203354118,208,67% bullish,of 3 ratings,$15.75
EMCF,NULL,1441203354195,0,100% bearish,of 1 rating,N/A
EMKR,$6.81,1441203354283,"7,359",75% bullish,of 4 ratings,$8.50
EMMS,$1.25,1441203354324,125,83% bullish,of 6 ratings,N/A
ERS,$3.96,1441203354349,"1,434",Not yet rated,NULL,N/A
EMMSP,NULL,1441203354386,0,100% bearish,of 1 rating,N/A
NYNY,$4.24,1441203354412,512,50% bullish,of 2 ratings,N/A
ENTA,$37.69,1441203354546,"8,370",50% bullish,of 2 ratings,$42
ECPG,$38.51,1441203354767,"11,362",100% bullish,of 2 ratings,$52
WIRE,$31.565,1441203354800,"4,733",100% bearish,of 1 rating,$37
EIGI,$14.83,1441203354820,"11,899",67% bearish,of 3 ratings,$22.50
ELGX,$12.63,1441203354852,"24,423",75% bullish,of 4 ratings,$17
ENDP,$73.725,1441203354873,"123,520",50% bullish,of 6 ratings,$101.50
ECYT,$5.12,1441203354894,"15,738",83% bullish,of 6 ratings,$12
WATT,$7.1075,1441203354932,"8,388",50% bullish,of 2 ratings,$13
EFOI,$24.465,1441203355156,"274,883",50% bullish,of 2 ratings,$24.50
ERII,$2.65,1441203355190,"2,650",80% bullish,of 5 ratings,$2.50
EXXI,$1.7699,1441203355290,"267,425",86% bullish,of 7 ratings,$3.50
ENOC,$8.89,1441203355478,"12,901",75% bullish,of 4 ratings,$18
ENG,$1.0001,1441203355503,"19,500",100% bullish,of 3 ratings,N/A
ENPH,$4.47,1441203355568,"129,363",75% bullish,of 4 ratings,$11
ENTG,$13.38,1441203355669,"15,131",100% bearish,of 1 rating,$18
ENFC,$17.8,1441203355725,200,Not yet rated,NULL,N/A
ETRM,$0.3152,1441203355751,"2,550,706",69% bearish,of 35 ratings,$1.625
ESGR,$147.205,1441203355783,"3,480",100% bearish,of 1 rating,$185
EBTC,$21.65,1441203355881,310,Not yet rated,NULL,N/A
ENTL,$21.085,1441203355913,836,Not yet rated,NULL,$28
ENVI,$1.9,1441203356018,"3,852",67% bullish,of 3 ratings,N/A
EGT,$2.08,1441203356046,"1,701",100% bullish,of 1 rating,N/A
EFSC,$23.88,1441203356071,"1,873",Not yet rated,NULL,$27
ENZN,$0.9904,1441203356127,"27,157",100% bullish,of 9 ratings,N/A
ENZY,$10,1441203356327,"2,270",67% bullish,of 3 ratings,$9.50
EPZM,$19.96,1441203356359,"24,935",60% bullish,of 5 ratings,$34
EPIQ,$12.61,1441203356430,"3,716",100% bearish,of 1 rating,$18
PLUS,$73.64,1441203356456,"3,030",50% bullish,of 2 ratings,$88
EPRS,$5.1,1441203356533,"2,200",82% bullish,of 11 ratings,$15
EQFN,NULL,1441203356591,0,100% bearish,of 1 rating,N/A
EQIX,$266.35,1441203356617,"46,054",75% bullish,of 4 ratings,$312.50
EAC,$3.4979,1441203356645,"2,567",100% bearish,of 1 rating,$8
ERIC,$9.6,1441203356695,"362,162",67% bullish,of 9 ratings,$12.20
ESCR,$0.1449,1441203356930,"13,802",50% bullish,of 2 ratings,N/A
ESCA,$17.49,1441203357002,"1,305",100% bearish,of 1 rating,$22
ESPR,$47.29,1441203357024,"43,831",70% bearish,of 10 ratings,$115
ERIE,$80.95,1441203357108,"1,554",Not yet rated,NULL,$73
ESCRP,NULL,1441203357164,0,100% bearish,of 1 rating,N/A
ESMC,$1.54,1441203357190,340,Not yet rated,NULL,N/A
ESSA,$12.92,1441203357268,"4,365",100% bearish,of 1 rating,N/A
ESND,$33.4,1441203357368,"6,364",100% bearish,of 2 ratings,$40
ETSY,$14.3,1441203357412,"75,713",80% bullish,of 5 ratings,$16
EPIX,NULL,1441203357499,0,Not yet rated,NULL,N/A
CLWT,NULL,1441203357546,0,100% bullish,of 1 rating,N/A
ESSX,$0.461,1441203357578,100,50% bullish,of 2 ratings,N/A
ESEA,$4.78,1441203357682,"3,800",100% bullish,of 1 rating,$15
EEFT,$62.915,1441203357706,"6,789",100% bearish,of 1 rating,$67.50
EVEP,$8.4767,1441203357733,"11,740",50% bullish,of 2 ratings,$15
EVK,$3.95,1441203357927,200,75% bearish,of 4 ratings,N/A
EVOK,$3.4599,1441203357964,"1,232",100% bearish,of 1 rating,$13.375
EVLV,$2.62,1441203358109,"9,397",60% bullish,of 5 ratings,$4.625
EXAS,$22.06,1441203358134,"122,698",78% bullish,of 9 ratings,$31
EVOL,$5.89,1441203358160,"3,548",75% bullish,of 4 ratings,$10
EXA,$10.57,1441203358193,"12,482",100% bearish,of 1 rating,$13
EXAC,$19.06,1441203358324,824,100% bearish,of 1 rating,$22.50
EXFO,NULL,1441203358354,0,67% bearish,of 3 ratings,$3.95
EXEL,$5.64,1441203358376,"769,950",81% bullish,of 16 ratings,$6
EXLS,$36.82,1441203358407,"10,471",50% bullish,of 2 ratings,$41
EXPO,$42.32,1441203358610,"2,757",100% bearish,of 1 rating,$45.50
EXPD,$49.07,1441203358636,"120,018",80% bullish,of 5 ratings,$52
EXPE,$112.6969,1441203358666,"101,324",64% bullish,of 11 ratings,$130
EYEG,$3.828,1441203358771,318,Not yet rated,NULL,N/A
EXLP,$20.41,1441203358810,"3,278",100% bearish,of 1 rating,$25
EXTR,$2.99,1441203358837,"33,967",80% bullish,of 5 ratings,$3
ESRX,$82.735,1441203358858,"285,583",67% bearish,of 6 ratings,$101
EZPW,$6.1258,1441203359056,"13,038",50% bullish,of 4 ratings,$7
FFIV,$119.18,1441203359084,"81,160",63% bullish,of 8 ratings,$132
FB,$88.4701,1441203359113,"3,321,479",73% bullish,of 1073 ratings,$111
EYEGW,NULL,1441203359137,0,Not yet rated,NULL,N/A
EZCH,$22.73,1441203359163,"9,173",75% bullish,of 8 ratings,$19.50
FCS,$13.38,1441203359295,"34,046",67% bearish,of 3 ratings,$17
FRP,$15.975,1441203359331,"1,019",100% bearish,of 1 rating,$18
FWM,$2.2069,1441203359494,"12,310",100% bearish,of 2 ratings,$3.20
DAVE,$14.62,1441203359520,863,100% bearish,of 1 rating,$15.50
FALC,$1.69,1441203359598,400,63% bearish,of 8 ratings,N/A
FFKT,$26.1,1441203359652,"1,004",Not yet rated,NULL,$29
FARM,$22.33,1441203359680,699,100% bearish,of 1 rating,$35
FMNB,NULL,1441203359740,0,Not yet rated,NULL,N/A
FATE,$6.06,1441203359984,"2,299",50% bullish,of 2 ratings,$11
FAST,$38.37,1441203360045,"263,719",80% bullish,of 5 ratings,$45.50
FBSS,NULL,1441203360074,0,Not yet rated,NULL,N/A
FARO,$38.18,1441203360116,"5,492",50% bullish,of 2 ratings,$48
FBRC,$21.59,1441203360175,"7,002",100% bearish,of 1 rating,$29
FEIC,$74.07,1441203360205,"19,133",50% bullish,of 2 ratings,$95.50
FDML,$8.88,1441203360272,"18,335",50% bullish,of 4 ratings,$14
FNHC,$21.61,1441203360301,"6,081",100% bearish,of 1 rating,$35
FHCO,$1.41,1441203360537,"1,000",50% bullish,of 4 ratings,N/A
FCSC,$5.45,1441203360589,"13,320",100% bearish,of 1 rating,$8.125
FGEN,$23.19,1441203360615,"22,623",100% bearish,of 1 rating,$39
LION,$18.81,1441203360643,"6,706",100% bullish,of 1 rating,$20
FENX,$9.81,1441203360666,"7,370",100% bullish,of 1 rating,$14.25
ONEQ,$184.67,1441203360696,"5,883",100% bullish,of 1 rating,N/A
FDUS,$14.88,1441203360825,"3,100",50% bullish,of 2 ratings,$18
FRGI,$51.42,1441203360851,"8,166",50% bullish,of 2 ratings,$70
FSAM,$8.15,1441203361027,401,100% bearish,of 1 rating,$10.25
FSC,$6.52,1441203361121,"40,473",60% bullish,of 5 ratings,$8
FSFR,$8.8,1441203361150,"52,510",100% bearish,of 1 rating,$11.50
FSCFL,$24.7399,1441203361177,122,Not yet rated,NULL,N/A
FITBI,$27.46,1441203361198,"6,011",Not yet rated,NULL,N/A
FITB,$19.3401,1441203361227,"503,260",54% bullish,of 13 ratings,$22
FISI,$24.8461,1441203361359,566,100% bullish,of 2 ratings,$24.50
FNGN,$30.81,1441203361410,"26,955",67% bullish,of 3 ratings,$47
FNSR,$15.18,1441203361493,"37,100",71% bullish,of 7 ratings,$24
FNJN,$1.7808,1441203361538,200,100% bearish,of 1 rating,$5
FNTC,NULL,1441203361563,0,Not yet rated,NULL,N/A
FEYE,$37.1,1441203361638,"334,670",88% bullish,of 16 ratings,$55.50
FNTCW,NULL,1441203361728,0,Not yet rated,NULL,N/A
FBNC,$16.79,1441203361916,230,100% bullish,of 1 rating,$20
FNLC,$18.67,1441203361947,"1,306",100% bullish,of 1 rating,N/A
FRBA,NULL,1441203361967,0,Not yet rated,NULL,$8
BUSE,$6.37,1441203362058,"4,422",Not yet rated,NULL,$6.875
FBIZ,$22.5,1441203362118,"8,572",100% bearish,of 2 ratings,$26
FNTCU,NULL,1441203362149,0,Not yet rated,NULL,N/A
FCVA,NULL,1441203362170,0,Not yet rated,NULL,N/A
FCLF,$9.25,1441203362251,171,Not yet rated,NULL,N/A
FCNCA,$230.99,1441203362303,"1,007",Not yet rated,NULL,N/A
FCAP,$26.9,1441203362332,39,Not yet rated,NULL,N/A
FCFS,$39.355,1441203362395,"3,706",100% bearish,of 3 ratings,$47
FCBC,$17.28,1441203362438,936,Not yet rated,NULL,$18
FCCO,$12.35,1441203362580,200,Not yet rated,NULL,$13.25
FCFP,NULL,1441203362618,0,Not yet rated,NULL,N/A
FFBC,$18.1307,1441203362792,"8,059",67% bearish,of 3 ratings,$20.25
FDEF,$36.695,1441203362823,331,Not yet rated,NULL,$38
FBNK,$16.74,1441203362850,676,100% bearish,of 1 rating,$17.50
FFNM,NULL,1441203362880,0,Not yet rated,NULL,N/A
FFBCW,NULL,1441203362920,0,100% bearish,of 1 rating,N/A
THFF,$32.67,1441203362983,497,Not yet rated,NULL,$35
FFNW,$12.21,1441203363054,218,Not yet rated,NULL,$14
FFIN,$29.84,1441203363082,"5,692",50% bullish,of 2 ratings,$31.75
INBK,$31.18,1441203363216,330,50% bullish,of 2 ratings,$37
FFWM,$21.2,1441203363245,946,Not yet rated,NULL,$24
FIBK,$26.31,1441203363270,"5,214",Not yet rated,NULL,$32
FRME,$26,1441203363400,"11,837",Not yet rated,NULL,$26.50
FNBC,$34.81,1441203363475,"16,047",Not yet rated,NULL,$40
FMBH,NULL,1441203363502,0,Not yet rated,NULL,N/A
FMBI,$17.1,1441203363528,"32,733",Not yet rated,NULL,$20
FSLR,$47.9999,1441203363791,"173,699",72% bullish,of 39 ratings,$65
FNWB,$12.1,1441203363819,800,Not yet rated,NULL,N/A
FNFG,$8.93,1441203363850,"169,445",80% bullish,of 5 ratings,$9
FSFG,NULL,1441203363879,0,Not yet rated,NULL,N/A
FSGI,$2.46,1441203363901,600,Not yet rated,NULL,N/A
BICK,NULL,1441203363949,0,100% bullish,of 1 rating,N/A
FBZ,$9.67,1441203364031,100,Not yet rated,NULL,N/A
FCAN,$23.22,1441203364082,100,Not yet rated,NULL,N/A
FSBK,$7.71,1441203364160,"1,000",100% bullish,of 1 rating,N/A
FTCS,$35.84,1441203364256,"249,437",100% bearish,of 1 rating,N/A
FV,$22.9599,1441203364309,"386,989",100% bearish,of 1 rating,N/A
IFV,$17.4499,1441203364441,"19,029",100% bearish,of 1 rating,N/A
FCA,NULL,1441203364465,0,Not yet rated,NULL,N/A
FEMB,NULL,1441203364513,0,Not yet rated,NULL,N/A
FEUZ,NULL,1441203364537,0,Not yet rated,NULL,N/A
FTSM,$59.9799,1441203364605,"6,063",100% bearish,of 1 rating,N/A
FGM,$35.22,1441203364685,100,Not yet rated,NULL,N/A
TDIV,$24.3508,1441203364760,"7,993",100% bearish,of 1 rating,N/A
FTGC,$22.3001,1441203364896,"52,508",Not yet rated,NULL,N/A
HYLS,$49.529,1441203364924,"4,723",100% bearish,of 1 rating,N/A
MDIV,$19.0114,1441203364951,"13,967",Not yet rated,NULL,N/A
FHK,NULL,1441203364980,0,Not yet rated,NULL,N/A
FTHI,$19.085,1441203365001,351,Not yet rated,NULL,N/A
FPXI,$26.4,1441203365082,200,Not yet rated,NULL,N/A
YDIV,NULL,1441203365295,0,Not yet rated,NULL,N/A
CU,$12.56,1441203365327,520,100% bearish,of 1 rating,N/A
SKYY,$28.3616,1441203365354,"6,857",100% bullish,of 1 rating,N/A
LMBS,$50.27,1441203365380,500,Not yet rated,NULL,N/A
PLTM,$6.25,1441203365404,100,100% bearish,of 1 rating,N/A
FJP,$45.365,1441203365435,"12,216",Not yet rated,NULL,N/A
FTLB,$18.91,1441203365542,1,100% bearish,of 1 rating,N/A
FMB,$51.1875,1441203365668,"2,112",Not yet rated,NULL,N/A
QABA,$36.68,1441203365746,114,100% bearish,of 1 rating,N/A
CIBR,$17.46,1441203365774,"5,004",Not yet rated,NULL,N/A
QCLN,$14.82,1441203365849,"1,228",Not yet rated,NULL,N/A
FONE,NULL,1441203365901,0,Not yet rated,NULL,N/A
GRID,NULL,1441203366031,0,100% bearish,of 1 rating,N/A
CARZ,NULL,1441203366081,0,100% bearish,of 1 rating,N/A
RDVY,$20.69,1441203366163,425,Not yet rated,NULL,N/A
QQXT,$39.58,1441203366192,"2,734",Not yet rated,NULL,N/A
QQEW,$41.0297,1441203366217,"119,440",Not yet rated,NULL,N/A
QINC,NULL,1441203366439,0,Not yet rated,NULL,N/A
QTEC,$39.24,1441203366469,"2,510",Not yet rated,NULL,N/A
FTSL,$48.84,1441203366498,"8,203",100% bearish,of 1 rating,N/A
FKO,NULL,1441203366519,0,Not yet rated,NULL,N/A
AIRR,$16.3,1441203366540,"1,679",100% bearish,of 1 rating,N/A
FDIV,NULL,1441203366701,0,100% bearish,of 1 rating,N/A
FSZ,$38.71,1441203366729,100,Not yet rated,NULL,N/A
FTW,NULL,1441203366753,0,Not yet rated,NULL,N/A
TUSA,$24.37,1441203366893,370,Not yet rated,NULL,N/A
FUNC,$8.15,1441203366991,200,Not yet rated,NULL,N/A
FKU,$41.198,1441203367017,269,Not yet rated,NULL,N/A
FISV,$83.99,1441203367380,"100,188",100% bearish,of 3 ratings,$90
SVVC,$9.26,1441203367405,"3,166",50% bullish,of 2 ratings,$26
FMER,$17.29,1441203367435,"49,317",50% bullish,of 2 ratings,$20
FPRX,$18.6,1441203367472,"24,281",50% bullish,of 2 ratings,$35
FIVN,$3.93,1441203367493,"8,252",100% bullish,of 1 rating,$8.50
FSV,$31.6,1441203367565,"1,000",Not yet rated,NULL,$33.60
FIVE,$37.74,1441203367593,"162,271",75% bearish,of 4 ratings,$44
FLML,$22.65,1441203367726,"14,530",50% bullish,of 2 ratings,$30
FLKS,$11.43,1441203367795,"12,000",50% bullish,of 2 ratings,$27
FLXN,$23.87,1441203367824,"39,624",100% bearish,of 1 rating,$40
SKOR,NULL,1441203368047,0,Not yet rated,NULL,N/A
MBSD,$24.91,1441203368075,315,Not yet rated,NULL,N/A
FLXS,$31.271,1441203368180,"2,512",100% bearish,of 2 ratings,N/A
FLDM,$11.34,1441203368255,"14,686",67% bearish,of 3 ratings,$15
FLIR,$28.19,1441203368311,"55,789",100% bearish,of 2 ratings,$38.50
FLEX,$10.23,1441203368384,"242,145",63% bullish,of 8 ratings,$12
FFIC,$19.35,1441203368449,"13,514",Not yet rated,NULL,$20.50
FOMX,$9.95,1441203368545,"4,546",50% bullish,of 2 ratings,$23.50
FONR,$9.68,1441203368566,20,100% bullish,of 1 rating,N/A
FOGO,$19.42,1441203368598,"5,300",50% bullish,of 2 ratings,$25.50
FES,$0.9,1441203368648,"4,379",50% bullish,of 2 ratings,$1
FORTY,$30.17,1441203368780,200,100% bearish,of 1 rating,N/A
FORM,$6.63,1441203368912,"8,132",67% bullish,of 3 ratings,$10.50
FORR,$30.91,1441203368971,"4,012",Not yet rated,NULL,N/A
FTNT,$41.3305,1441203369003,"58,365",80% bullish,of 10 ratings,$52
FBIO,$2.645,1441203369025,"3,200",83% bullish,of 6 ratings,N/A
FWRD,$43.92,1441203369103,"6,759",100% bearish,of 1 rating,$50
FOSL,$60.05,1441203369245,"36,929",60% bearish,of 5 ratings,$80
FORD,$1.5701,1441203369270,"729,125",67% bullish,of 3 ratings,N/A
FWP,$26,1441203369402,"2,212",100% bearish,of 1 rating,$45
FELE,$27.8,1441203369431,"10,388",50% bullish,of 4 ratings,$33
FMI,$23.275,1441203369452,"26,184",100% bearish,of 2 ratings,$27.50
FOXF,$14.99,1441203369490,915,100% bearish,of 1 rating,$19
FXCB,$17.34,1441203369584,"3,278",Not yet rated,NULL,$19
FRAN,$11.35,1441203369621,"47,683",50% bullish,of 4 ratings,$15
FRED,$13,1441203369671,"11,888",50% bullish,of 2 ratings,$15.50
FREE,$0.4401,1441203369752,"863,767",92% bullish,of 12 ratings,N/A
RAIL,$20.72,1441203369840,"4,743",100% bearish,of 1 rating,$24.50
FTR,$5.16,1441203370051,"2,183,648",78% bullish,of 27 ratings,$6.25
FEIM,NULL,1441203370077,0,100% bearish,of 1 rating,N/A
FRPT,$12.83,1441203370211,"56,952",67% bearish,of 3 ratings,$23.50
FRPH,$31.34,1441203370232,2,100% bearish,of 1 rating,N/A
FTRPR,$101.83,1441203370264,"1,000",100% bearish,of 1 rating,N/A
FTD,$29.725,1441203370318,"1,568",100% bearish,of 1 rating,$40
FSBW,$23.2,1441203370398,488,Not yet rated,NULL,N/A
FSYS,$6.6,1441203370429,"28,945",67% bullish,of 3 ratings,$10
FTEK,$1.96,1441203370455,729,75% bullish,of 4 ratings,N/A
FULL,$3.1199,1441203370657,"1,090",67% bearish,of 3 ratings,$4.25
FCEL,$0.8558,1441203370712,"227,312",88% bullish,of 41 ratings,$2.65
FULLL,NULL,1441203370738,0,Not yet rated,NULL,N/A
FLL,$1.4499,1441203370767,"5,219",75% bullish,of 4 ratings,$3.50
FULT,$11.82,1441203370868,"41,364",100% bearish,of 1 rating,$13
FSNN,NULL,1441203370893,0,67% bullish,of 3 ratings,$6
FFHL,NULL,1441203370962,0,50% bullish,of 4 ratings,N/A
FXENP,NULL,1441203371174,0,100% bearish,of 1 rating,N/A
GAIA,$6.14,1441203371205,471,50% bullish,of 2 ratings,$8.50
GLPG,$57.1,1441203371236,"5,958",100% bullish,of 1 rating,$75
GK,$66,1441203371262,"1,611",Not yet rated,NULL,$78
FXEN,$0.9801,1441203371310,"2,340",75% bullish,of 4 ratings,$1.10
WILC,$4.93,1441203371337,"2,010",100% bullish,of 2 ratings,N/A
GALT,$2.221,1441203371364,"3,933",80% bullish,of 5 ratings,N/A
GALTW,NULL,1441203371530,0,100% bullish,of 1 rating,N/A
GALTU,NULL,1441203371610,0,100% bearish,of 1 rating,N/A
GLPI,$30.68,1441203371663,"56,755",100% bearish,of 1 rating,$37.50
GALE,$1.6018,1441203371739,"119,037",89% bullish,of 47 ratings,$4
GLMD,$8.575,1441203371827,"3,358",67% bullish,of 3 ratings,$20.50
GPIC,$9.76,1441203371855,100,100% bearish,of 1 rating,N/A
GGAC,NULL,1441203371930,0,100% bearish,of 1 rating,N/A
GGACR,$0.26,1441203371987,"10,000",100% bullish,of 1 rating,N/A
GRMN,$37,1441203372066,"61,100",50% bullish,of 6 ratings,$46.50
GGACW,$0.18,1441203372096,"2,716",Not yet rated,NULL,N/A
GARS,$14.295,1441203372283,"13,036",Not yet rated,NULL,$16
GGACU,$10.24,1441203372331,100,Not yet rated,NULL,N/A
GFNCP,NULL,1441203372360,0,Not yet rated,NULL,N/A
GENC,NULL,1441203372385,0,100% bearish,of 1 rating,N/A
GNCMA,$16.58,1441203372410,"18,062",100% bearish,of 1 rating,$12
GFNSL,NULL,1441203372570,0,Not yet rated,NULL,N/A
GNMK,$9.51,1441203372652,"4,308",67% bullish,of 6 ratings,$14
GENE,$2.383,1441203372753,"8,665",100% bullish,of 12 ratings,N/A
GHDX,$25.94,1441203372799,"30,607",50% bullish,of 2 ratings,$30
GNCA,$11.39,1441203372831,"7,965",100% bearish,of 1 rating,$20
GFN,$3.88,1441203372896,684,100% bearish,of 2 ratings,$8
THRM,$44.315,1441203372926,"14,744",75% bearish,of 4 ratings,$55.50
GNTX,$15.47,1441203372959,"182,178",Not yet rated,NULL,$20
GNVC,$2.3701,1441203373088,604,90% bullish,of 10 ratings,$8.50
GTWN,$18.97,1441203373259,500,Not yet rated,NULL,N/A
GERN,$3.01,1441203373288,"204,055",88% bullish,of 16 ratings,$5.25
GEOS,$16.867,1441203373320,"8,960",100% bearish,of 3 ratings,$21
GABC,$28.5,1441203373347,"3,026",Not yet rated,NULL,$31
GEVO,$2.3999,1441203373378,"54,337",75% bullish,of 12 ratings,$5
GIGM,$0.5325,1441203373482,400,100% bullish,of 2 ratings,N/A
GBCI,$25.705,1441203373646,"19,227",50% bullish,of 2 ratings,$31
GIGA,$1.51,1441203373751,50,100% bearish,of 1 rating,N/A
GILT,$4.2,1441203373780,736,50% bullish,of 2 ratings,N/A
GILD,$102.8,1441203373809,"945,336",91% bullish,of 87 ratings,$129
GIII,$63.66,1441203373838,"156,316",67% bullish,of 3 ratings,$75
GLAD,$8.8075,1441203373938,"18,907",50% bullish,of 2 ratings,$8.75
GOODN,NULL,1441203374071,0,Not yet rated,NULL,N/A
ROCK,$16.21,1441203374103,"12,552",80% bullish,of 5 ratings,$24
GLADO,$25.5,1441203374198,727,Not yet rated,NULL,N/A
GOODO,$25.1,1441203374240,1,Not yet rated,NULL,N/A
GOODP,NULL,1441203374291,0,Not yet rated,NULL,N/A
GAIN,$7.38,1441203374466,"9,575",100% bullish,of 2 ratings,$8.25
GAINN,$25.07,1441203374539,"5,980",Not yet rated,NULL,N/A
GOOD,$14.2301,1441203374629,"4,548",Not yet rated,NULL,$19
GAINP,$25.61,1441203374654,"4,219",Not yet rated,NULL,N/A
LAND,$9.21,1441203374804,"7,242",50% bullish,of 2 ratings,$13.75
GLBZ,NULL,1441203374831,0,Not yet rated,NULL,N/A
GBT,$49.8,1441203374960,"15,250",100% bearish,of 1 rating,N/A
GAINO,$25.19,1441203374987,1,Not yet rated,NULL,N/A
GBLI,$26.84,1441203375012,"1,673",Not yet rated,NULL,N/A
GDEF,$10.65,1441203375037,400,Not yet rated,NULL,N/A
ENT,$11.02,1441203375066,"5,866",100% bearish,of 1 rating,$18
GPACU,NULL,1441203375199,0,Not yet rated,NULL,N/A
GSOL,$8.07,1441203375225,"2,221",100% bearish,of 1 rating,N/A
ACTX,NULL,1441203375305,0,100% bullish,of 1 rating,N/A
QQQC,$18.16,1441203375487,"2,900",100% bearish,of 1 rating,N/A
SOCL,$17.27,1441203375522,"10,229",100% bullish,of 2 ratings,N/A
ALTY,NULL,1441203375588,0,Not yet rated,NULL,N/A
SRET,$12.96,1441203375780,153,Not yet rated,NULL,N/A
YLCO,$11.66,1441203375827,600,Not yet rated,NULL,N/A
GAI,NULL,1441203375859,0,50% bullish,of 2 ratings,N/A
GBIM,$2.58,1441203375961,800,50% bullish,of 2 ratings,N/A
GLBS,$1.06,1441203375990,300,67% bullish,of 3 ratings,N/A
GLUU,$4.245,1441203376022,"216,091",92% bullish,of 26 ratings,$9
GOGO,$15.61,1441203376089,"71,441",80% bullish,of 5 ratings,$25
GLRI,$1.0699,1441203376116,"17,150",100% bearish,of 1 rating,$4.25
GLYC,$6.99,1441203376262,100,50% bullish,of 2 ratings,$14
GSM,$13.44,1441203376334,"21,584",50% bullish,of 2 ratings,$22
GLNG,$38.47,1441203376360,"53,101",83% bullish,of 6 ratings,$55.50
GMLP,$20.31,1441203376435,"16,541",50% bullish,of 4 ratings,$29
GDEN,$9.02,1441203376508,700,50% bullish,of 2 ratings,N/A
GLDC,$4.0987,1441203376679,200,50% bullish,of 2 ratings,N/A
GTIM,$6.72,1441203376792,"1,109",Not yet rated,NULL,$11.50
GOOG,$605.883,1441203376820,"258,309",88% bullish,of 72 ratings,$787.50
GOGL,$3,1441203376841,"66,110",75% bullish,of 4 ratings,$5
GOOGL,$637.82,1441203376871,"149,175",88% bullish,of 1082 ratings,$749
GBDC,$16.87,1441203376907,"21,317",Not yet rated,NULL,$17.75
GMAN,$3.77,1441203376928,"3,978",60% bullish,of 5 ratings,$8.50
GPRO,$39.47,1441203377016,"4,110,452",78% bullish,of 58 ratings,$72
GPIA,NULL,1441203377082,0,100% bearish,of 1 rating,N/A
GRVY,NULL,1441203377376,0,50% bullish,of 2 ratings,N/A
GPIAW,NULL,1441203377397,0,Not yet rated,NULL,N/A
LOPE,$36.62,1441203377418,"13,227",100% bearish,of 2 ratings,$50
GPIAU,$10,1441203377456,200,Not yet rated,NULL,N/A
GBSN,$0.2692,1441203377483,"1,586,350",50% bullish,of 2 ratings,$8.25
GBSNU,NULL,1441203377548,0,NULL,NULL,NULL
GLDD,$5.29,1441203377617,"14,862",100% bearish,of 4 ratings,$7.75
GNBC,$11.83,1441203377679,699,100% bearish,of 1 rating,$16.50
GSBC,$40.64,1441203377779,"2,510",100% bullish,of 1 rating,$44
GPP,$14.16,1441203377856,910,Not yet rated,NULL,$20.50
GRBK,$11.53,1441203377957,"7,875",77% bullish,of 13 ratings,N/A
GPRE,$19.885,1441203377982,"37,259",67% bullish,of 6 ratings,$28.50
GLRE,$24.865,1441203378046,"29,814",50% bullish,of 2 ratings,$41
GCBC,$28.5,1441203378074,101,100% bullish,of 1 rating,N/A
GRFS,$29.87,1441203378210,"21,343",50% bullish,of 2 ratings,$35
GRIF,NULL,1441203378290,0,100% bearish,of 1 rating,N/A
GGAL,$18.83,1441203378436,"14,892",80% bullish,of 5 ratings,$40
OMAB,$41.1,1441203378461,"2,018",100% bullish,of 1 rating,$44
GRPN,$4.39,1441203378494,"570,359",61% bullish,of 71 ratings,$6.75
GSIG,$12.68,1441203378529,"3,300",100% bearish,of 2 ratings,N/A
GSVC,$8.72,1441203378595,"5,493",50% bullish,of 2 ratings,$15.75
GTXI,$0.8601,1441203378626,"4,796",100% bullish,of 5 ratings,$.75
GSIT,$4.63,1441203378647,200,100% bearish,of 1 rating,N/A
GBNK,$15.79,1441203378840,"1,663",100% bearish,of 1 rating,$18
GUID,$6.9,1441203378944,"8,547",100% bearish,of 3 ratings,$10
GULTU,$0.3273,1441203379006,"8,400",100% bearish,of 1 rating,N/A
GIFI,$12.48,1441203379111,"4,206",100% bearish,of 1 rating,$16
GFED,$14.97,1441203379148,300,Not yet rated,NULL,$17
GURE,$1.7,1441203379198,"3,950",88% bullish,of 8 ratings,N/A
GWPH,$104.616,1441203379336,"13,905",78% bullish,of 9 ratings,$148.50
GPOR,$34.16,1441203379390,"74,467",75% bullish,of 4 ratings,$54
GYRO,$29.6,1441203379418,"2,400",100% bearish,of 1 rating,N/A
GWGH,$8.12,1441203379439,100,100% bearish,of 1 rating,$15.05
HLG,NULL,1441203379569,0,100% bearish,of 1 rating,N/A
HNRG,$7.57,1441203379598,"13,968",100% bearish,of 1 rating,$10
HEES,$19.11,1441203379628,"43,689",67% bearish,of 3 ratings,$31
HALL,$11.38,1441203379732,"1,800",Not yet rated,NULL,N/A
HBK,NULL,1441203379804,0,50% bullish,of 2 ratings,N/A
HALO,$17.06,1441203379829,"92,851",67% bullish,of 3 ratings,$22.50
HMPR,$1.811,1441203379977,"1,749",100% bullish,of 1 rating,N/A
HBHC,$26.88,1441203380082,"38,089",50% bullish,of 2 ratings,$30
HBHCL,$24.21,1441203380145,"3,888",Not yet rated,NULL,N/A
HQCL,$12.3399,1441203380226,"1,723",67% bullish,of 3 ratings,$14
HNH,$24.84,1441203380254,383,100% bullish,of 1 rating,N/A
HAFC,$23.77,1441203380276,"14,048",100% bullish,of 2 ratings,$28.50
HDNG,$10.1,1441203380407,470,50% bullish,of 4 ratings,N/A
HNSN,$0.5401,1441203380434,"1,540",88% bullish,of 8 ratings,$.40
HLIT,$5.64,1441203380457,"44,519",100% bearish,of 1 rating,$6.50
HRMN,NULL,1441203380590,0,Not yet rated,NULL,N/A
HRMNU,NULL,1441203380694,0,Not yet rated,NULL,N/A
HRMNW,$0.4375,1441203380721,100,Not yet rated,NULL,N/A
TINY,$2.4809,1441203380748,"1,278",50% bullish,of 2 ratings,$5.26
HBIO,$4.395,1441203380769,"9,125",100% bearish,of 1 rating,$10
HART,$1.2,1441203380900,"33,874",100% bearish,of 1 rating,N/A
HCOM,$21.92,1441203381062,686,100% bearish,of 1 rating,$28
HCAPL,$25.45,1441203381145,300,Not yet rated,NULL,N/A
HCAP,$12.08,1441203381178,87,50% bullish,of 2 ratings,$15
HA,$23.1,1441203381281,"45,103",67% bullish,of 9 ratings,$27
HAS,$74.23,1441203381308,"141,910",63% bullish,of 8 ratings,$84.50
HWKN,$38.02,1441203381437,"2,056",Not yet rated,NULL,N/A
HWBK,$13.34,1441203381469,200,100% bearish,of 1 rating,N/A
HAYN,$37.82,1441203381494,"2,465",100% bearish,of 1 rating,$59
HIIQ,$4.91,1441203381519,"1,408",50% bullish,of 2 ratings,$7
HDS,$32.27,1441203381572,"41,825",100% bearish,of 2 ratings,$39.50
HQY,$29.29,1441203381673,"17,856",67% bullish,of 3 ratings,$35
HCSG,$32.93,1441203381699,"4,230",50% bullish,of 4 ratings,$35
HSTM,$24.035,1441203381862,"16,258",50% bullish,of 2 ratings,$33.75
HTLD,$20.07,1441203381893,"28,331",Not yet rated,NULL,$22.50
HWAY,$11.89,1441203381994,"18,634",100% bearish,of 1 rating,$15
HTLF,$35.81,1441203382124,"1,395",100% bullish,of 1 rating,$39.50
HTWR,$67.81,1441203382152,"681,438",50% bullish,of 2 ratings,$103
HSII,$19.67,1441203382177,"1,084",100% bullish,of 3 ratings,$25
HTBX,$4.01,1441203382326,"9,385",50% bullish,of 2 ratings,$15.50
HNNA,$24.65,1441203382353,200,Not yet rated,NULL,N/A
HELE,$83.16,1441203382378,"10,837",67% bearish,of 3 ratings,$100
HMNY,NULL,1441203382528,0,100% bearish,of 1 rating,N/A
HMTV,$13.32,1441203382593,639,100% bearish,of 1 rating,$16
HERO,NULL,1441203382617,0,NULL,NULL,NULL
HSIC,$133.63,1441203382638,"28,962",83% bullish,of 6 ratings,$146
HCACU,NULL,1441203382669,0,Not yet rated,NULL,N/A
HTBK,$10.33,1441203382697,"1,868",Not yet rated,NULL,$12
HFWA,$17.41,1441203382964,234,100% bullish,of 1 rating,$20
HEOP,$7.57,1441203382994,368,Not yet rated,NULL,$8.50
HFFC,$15.99,1441203383101,200,Not yet rated,NULL,N/A
MLHR,$26.61,1441203383148,"10,186",50% bullish,of 2 ratings,$33.50
HIHO,$4.15,1441203383203,"1,261",Not yet rated,NULL,N/A
HRTX,$36.26,1441203383229,"110,760",57% bullish,of 7 ratings,$41
HIBB,$38.97,1441203383358,"11,326",100% bearish,of 1 rating,$46.50
HPJ,$2.177,1441203383454,"4,010",75% bullish,of 4 ratings,$12.43
HIFS,$118.43,1441203383485,"1,167",Not yet rated,NULL,N/A
HIMX,$6.43,1441203383552,"378,528",86% bullish,of 21 ratings,$8.50
HSKA,$34.163,1441203383579,"5,060",100% bearish,of 1 rating,$38
HCCI,$11.55,1441203383634,134,100% bearish,of 1 rating,$16.50
HSGX,$6.23,1441203383767,604,100% bearish,of 1 rating,$17
HMNF,NULL,1441203383792,0,Not yet rated,NULL,N/A
HMSY,$9.74,1441203383951,"46,304",67% bullish,of 3 ratings,$19.35
HOLI,$16.71,1441203384083,"46,148",50% bullish,of 4 ratings,$27
HBCP,$24.76,1441203384108,7,Not yet rated,NULL,$29
HFBL,$21.66,1441203384137,100,Not yet rated,NULL,N/A
HOLX,$37.67,1441203384162,"257,617",50% bullish,of 4 ratings,$42
HOMB,$37.19,1441203384187,"14,309",Not yet rated,NULL,$42
AWAY,$27.97,1441203384368,"84,430",67% bullish,of 3 ratings,$36
HTBI,$18,1441203384393,"1,856",67% bullish,of 3 ratings,$18.625
HMIN,$25.4,1441203384422,"9,003",100% bearish,of 2 ratings,$35
HKTV,$4.1745,1441203384448,"12,850",100% bearish,of 1 rating,N/A
CETC,$0.733,1441203384661,"17,864",86% bullish,of 7 ratings,N/A
HMST,$21.8001,1441203384686,"4,491",100% bullish,of 2 ratings,$27
HFBC,$11.3901,1441203384730,600,Not yet rated,NULL,N/A
HOFT,$23.73,1441203384755,"6,333",100% bearish,of 1 rating,N/A
HBNC,$23.94,1441203384822,"1,050",100% bullish,of 1 rating,$27
HZNP,$29.43,1441203385002,"113,255",85% bullish,of 20 ratings,$40
ZINC,$7.25,1441203385177,"128,099",100% bearish,of 1 rating,$17
HWCC,$7.45,1441203385204,"2,315",100% bearish,of 1 rating,$9
HSNI,$59.92,1441203385225,"6,455",Not yet rated,NULL,$80
HDP,$23.28,1441203385286,"52,447",67% bearish,of 3 ratings,$30.50
HOVNP,$3.95,1441203385307,300,100% bearish,of 1 rating,N/A
HRZN,$10.33,1441203385356,"3,636",50% bullish,of 2 ratings,$14.25
HMHC,$22.43,1441203385507,"50,416",Not yet rated,NULL,$27
HTGM,$5.71,1441203385543,603,100% bearish,of 1 rating,$19.50
HUBG,$37.27,1441203385568,"7,080",100% bearish,of 1 rating,$43
HBMD,$14.4,1441203385595,40,100% bearish,of 1 rating,N/A
HCBK,$8.94,1441203385818,"185,405",83% bullish,of 6 ratings,$8.61
HSON,$2.74,1441203385890,"5,673",100% bearish,of 1 rating,$5
HBAN,$10.56,1441203385951,"985,404",76% bullish,of 17 ratings,$12.29
HBANP,NULL,1441203386024,0,100% bearish,of 1 rating,N/A
HDSN,$3.15,1441203386095,200,100% bullish,of 1 rating,$6.25
HURN,$72.26,1441203386125,"3,476",50% bullish,of 2 ratings,$80
HURC,$29.31,1441203386147,600,100% bearish,of 1 rating,N/A
HTCH,$1.435,1441203386175,"21,608",100% bearish,of 1 rating,$3.50
HBP,$3.14,1441203386340,376,100% bullish,of 1 rating,N/A
HDRAU,$10.02,1441203386361,500,Not yet rated,NULL,N/A
HDRAR,NULL,1441203386440,0,Not yet rated,NULL,N/A
HDRAW,NULL,1441203386539,0,Not yet rated,NULL,N/A
HDRA,NULL,1441203386585,0,Not yet rated,NULL,N/A
IACI,$69.995,1441203386742,"45,986",80% bullish,of 5 ratings,$90
HYGS,$8.94,1441203386767,"7,397",50% bullish,of 2 ratings,$13
IDSY,NULL,1441203386795,0,100% bearish,of 1 rating,$7
IKGH,NULL,1441203386824,0,75% bullish,of 4 ratings,N/A
IEP,$71.6502,1441203386928,"2,943",75% bullish,of 4 ratings,$99
IBKC,$58.93,1441203386964,"6,917",100% bullish,of 1 rating,$70
ICAD,$3.66,1441203387016,"1,035",100% bullish,of 2 ratings,$7.25
ICUI,$110.595,1441203387093,"9,795",Not yet rated,NULL,$122
ICLR,$75.63,1441203387158,"55,073",100% bearish,of 3 ratings,$85
ICFI,$33.58,1441203387186,862,50% bullish,of 2 ratings,$48.50
ICON,$12.92,1441203387250,"48,950",50% bullish,of 2 ratings,$28
IPWR,$7.47,1441203387418,300,100% bullish,of 1 rating,$15
INVE,$4.58,1441203387463,"7,180",75% bullish,of 4 ratings,$4
IDRA,$2.88,1441203387496,"84,789",89% bullish,of 9 ratings,$6.50
DSKY,$10.9692,1441203387631,"7,150",67% bullish,of 6 ratings,$11.50
IROQ,$16.83,1441203387763,100,100% bullish,of 1 rating,N/A
IDXX,$71.53,1441203387789,"59,241",100% bearish,of 1 rating,$76
RXDX,$13.56,1441203387917,"7,510",100% bullish,of 1 rating,$20
IRG,$4.95,1441203388005,916,100% bearish,of 1 rating,$4.25
IIVI,$16.49,1441203388080,"13,918",100% bearish,of 1 rating,$22
KANG,$15.4001,1441203388158,"20,291",50% bullish,of 2 ratings,$23.10
IKNX,NULL,1441203388183,0,100% bearish,of 1 rating,N/A
IKAN,$2.74,1441203388315,"5,642",83% bullish,of 6 ratings,$5
ILMN,$195.4675,1441203388669,"58,742",80% bullish,of 5 ratings,$245
ISNS,$4.11,1441203388736,"1,640",50% bullish,of 2 ratings,N/A
IMNP,NULL,1441203388769,0,50% bullish,of 2 ratings,$6
IMMR,$11.38,1441203388798,"42,120",80% bullish,of 5 ratings,$15.50
ICCC,$6.7,1441203388901,"3,007",100% bullish,of 1 rating,N/A
IMDZ,$15.25,1441203388975,"2,003",100% bearish,of 1 rating,$33
IMGN,$13.47,1441203389119,"68,082",75% bullish,of 4 ratings,$17.50
SAAS,$7.21,1441203389145,"32,630",50% bullish,of 2 ratings,$15
IMMU,$2.11,1441203389175,"90,619",86% bullish,of 7 ratings,$2
INCR,$41.58,1441203389278,"13,558",50% bullish,of 2 ratings,$53
IPXL,$40.56,1441203389353,"43,941",67% bullish,of 3 ratings,$46.50
IBTX,$39.94,1441203389410,"3,856",100% bullish,of 2 ratings,$47.25
INDB,$44.22,1441203389495,"1,508",Not yet rated,NULL,$44
IMMY,$7.7225,1441203389525,803,100% bearish,of 1 rating,$11
INCY,$117.545,1441203389547,"184,642",50% bullish,of 6 ratings,$125.50
IBCP,$14.04,1441203389578,"9,892",100% bullish,of 1 rating,$14.50
IDSA,NULL,1441203389789,0,Not yet rated,NULL,N/A
INFN,$21.67,1441203389996,"102,492",71% bullish,of 7 ratings,$28
INFI,$8.81,1441203390045,"27,522",50% bullish,of 4 ratings,$16.50
IFON,$1.28,1441203390070,"5,699",75% bullish,of 4 ratings,N/A
IMKTA,$49.68,1441203390096,"3,303",100% bearish,of 1 rating,N/A
INWK,$7.19,1441203390150,"6,372",50% bullish,of 2 ratings,$10
INOD,$2.411,1441203390325,137,100% bearish,of 1 rating,N/A
III,$3.59,1441203390353,"7,150",57% bullish,of 7 ratings,$6
IPCC,$75.95,1441203390375,622,Not yet rated,NULL,$77.50
INGN,$48.99,1441203390433,"8,967",100% bearish,of 1 rating,$50.50
ISSC,NULL,1441203390638,0,67% bearish,of 3 ratings,N/A
IPHS,$47,1441203390728,"8,363",100% bearish,of 1 rating,$60
IOSP,$48.92,1441203390785,"15,775",100% bearish,of 1 rating,N/A
ITEK,$12.11,1441203390930,"21,581",100% bearish,of 3 ratings,$20
INNL,NULL,1441203390955,0,100% bearish,of 1 rating,$16.50
INO,$7.17,1441203390987,"101,241",89% bullish,of 18 ratings,$20
INOV,$21.755,1441203391284,"17,080",100% bearish,of 1 rating,$33
NSIT,$24.66,1441203391311,"27,900",50% bullish,of 2 ratings,N/A
NTEC,$5.74,1441203391332,714,100% bearish,of 1 rating,N/A
INSM,$24.02,1441203391366,"28,695",71% bullish,of 7 ratings,$31.50
IIIN,$16.885,1441203391467,"1,220",100% bearish,of 2 ratings,N/A
PODD,$28.32,1441203391496,"11,437",67% bearish,of 3 ratings,$35
ISIG,$2.7,1441203391523,475,100% bearish,of 1 rating,N/A
INSY,$33.52,1441203391572,"67,843",75% bullish,of 4 ratings,$48
ISSI,$21.88,1441203391846,"22,927",67% bullish,of 3 ratings,$19.75
IART,$58.375,1441203391957,"11,845",100% bearish,of 2 ratings,$71.50
IDTI,$18.62,1441203392016,"117,833",60% bullish,of 5 ratings,$25
INTC,$28.54,1441203392105,"4,382,187",82% bullish,of 238 ratings,$36
IESC,$7.2474,1441203392138,505,100% bearish,of 1 rating,N/A
IPCI,$2.21,1441203392236,"1,516",67% bullish,of 6 ratings,$8
ININ,$35.37,1441203392261,"2,406",67% bearish,of 3 ratings,$57
IQNT,$18.25,1441203392286,"14,430",86% bullish,of 7 ratings,$20
IBKR,$38.2,1441203392467,"78,844",100% bullish,of 1 rating,N/A
IPAR,$25.08,1441203392603,"3,711",67% bullish,of 3 ratings,$38
ICPT,$186.94,1441203392707,"25,983",70% bullish,of 10 ratings,$359.50
ICLDW,$1.17,1441203392737,200,100% bearish,of 1 rating,N/A
ICLD,$1.895,1441203392837,"6,424",75% bullish,of 4 ratings,N/A
IMI,$2.0192,1441203392864,"1,400",67% bullish,of 3 ratings,$2.22
TILE,$23.84,1441203392889,"18,260",100% bearish,of 3 ratings,$27
IDCC,$49.12,1441203392917,"8,871",80% bullish,of 5 ratings,$63
PTNT,NULL,1441203393207,0,Not yet rated,NULL,N/A
INAP,$9.12,1441203393303,"68,574",75% bullish,of 4 ratings,$11
IBOC,$24.75,1441203393330,"2,097",100% bearish,of 1 rating,N/A
IGLD,$7.21,1441203393359,20,50% bullish,of 2 ratings,N/A
ISCA,$32.12,1441203393386,"3,244",100% bearish,of 1 rating,N/A
INPH,NULL,1441203393435,0,50% bullish,of 2 ratings,N/A
INTX,$2.06,1441203393571,"13,154",67% bullish,of 3 ratings,N/A
IIJI,$9.14,1441203393600,100,50% bullish,of 2 ratings,$11.50
XENT,$26.2,1441203393703,"14,548",50% bullish,of 2 ratings,$36.50
ISIL,$10.34,1441203393884,"48,698",50% bullish,of 6 ratings,$15
INTL,$26.09,1441203394094,"11,443",67% bearish,of 3 ratings,N/A
ITCI,$26.2601,1441203394119,"184,739",75% bearish,of 4 ratings,$40
IVAC,$4.7,1441203394146,"2,084",100% bearish,of 1 rating,$6.625
IILG,$19.485,1441203394174,"4,600",100% bearish,of 1 rating,$29
IIN,NULL,1441203394316,0,100% bearish,of 1 rating,$12
INTLL,NULL,1441203394474,0,Not yet rated,NULL,N/A
INTU,$85.07,1441203394537,"162,929",86% bullish,of 7 ratings,$107.50
ISTR,$15.61,1441203394606,302,100% bearish,of 1 rating,$18.50
SNAK,$8.35,1441203394780,"4,358",50% bullish,of 2 ratings,$14
ISRG,$505.882,1441203394879,"10,163",67% bullish,of 3 ratings,$600
INVT,$0.3102,1441203394908,"34,700",67% bullish,of 3 ratings,N/A
NVIV,$9.245,1441203395041,"26,998",50% bullish,of 4 ratings,$24.50
ISBC,$11.535,1441203395105,"342,240",100% bullish,of 1 rating,$13.25
IVTY,$13.63,1441203395348,"1,600",Not yet rated,NULL,$18
ITIC,$69.41,1441203395374,200,100% bearish,of 2 ratings,N/A
DTUL,NULL,1441203395399,0,Not yet rated,NULL,N/A
IPAS,$1.05,1441203395422,"25,541",67% bullish,of 3 ratings,N/A
IPGP,$82.38,1441203395555,"17,500",67% bearish,of 3 ratings,$109.50
DFVL,NULL,1441203395609,0,Not yet rated,NULL,N/A
IPCM,$79.45,1441203395635,"13,246",50% bullish,of 2 ratings,$80.125
IRMD,$23.73,1441203395767,"1,626",67% bearish,of 3 ratings,$25
IRIX,$6.65,1441203395816,600,100% bearish,of 1 rating,N/A
IRDMB,$274,1441203396042,50,67% bearish,of 3 ratings,N/A
IRDM,$6.945,1441203396199,"73,202",60% bullish,of 5 ratings,$11.50
IRBT,$29.045,1441203396231,"22,157",67% bullish,of 6 ratings,$37
IRWD,$10.98,1441203396261,"51,368",100% bearish,of 1 rating,$13
IRCP,NULL,1441203396286,0,100% bullish,of 2 ratings,N/A
GNMA,$50,1441203396333,200,Not yet rated,NULL,N/A
COMT,$33.192,1441203396360,"2,179",100% bearish,of 1 rating,N/A
FCHI,NULL,1441203396496,0,NULL,NULL,NULL
IFAS,NULL,1441203396677,0,NULL,NULL,NULL
ACWX,$39.89,1441203396712,"45,651",100% bearish,of 1 rating,N/A
IFNA,NULL,1441203396819,0,NULL,NULL,NULL
IFGL,$27.865,1441203396853,490,Not yet rated,NULL,N/A
IFEU,$37.65,1441203396955,299,Not yet rated,NULL,N/A
ACWI,$54.73,1441203397025,"249,806",Not yet rated,NULL,N/A
AXJS,NULL,1441203397172,0,NULL,NULL,NULL
EEMA,$49.1499,1441203397197,"7,603",Not yet rated,NULL,N/A
AAIT,NULL,1441203397240,0,NULL,NULL,NULL
EMDI,NULL,1441203397339,0,NULL,NULL,NULL
AAXJ,$52.125,1441203397442,"71,295",Not yet rated,NULL,N/A
EEML,NULL,1441203397543,0,Not yet rated,NULL,N/A
EMEY,NULL,1441203397565,0,NULL,NULL,NULL
EVAL,NULL,1441203397768,0,NULL,NULL,NULL
IEUS,$44.46,1441203397902,230,100% bearish,of 1 rating,N/A
EEME,NULL,1441203397929,0,NULL,NULL,NULL
EUFN,$21.4894,1441203397953,"17,061",100% bearish,of 1 rating,N/A
EGRW,NULL,1441203397979,0,NULL,NULL,NULL
QAT,$21.33,1441203398238,4,Not yet rated,NULL,N/A
INDY,$26.714,1441203398492,"25,911",50% bullish,of 2 ratings,N/A
IBB,$337.81,1441203398527,"123,382",63% bullish,of 8 ratings,N/A
ICLN,$9.1701,1441203398660,"2,047",50% bullish,of 2 ratings,N/A
UAE,$17.98,1441203398814,"9,379",Not yet rated,NULL,N/A
ISHG,$79.82,1441203398844,2,100% bearish,of 1 rating,N/A
WOOD,$47.4,1441203398920,"9,182",50% bullish,of 2 ratings,N/A
SOXX,$81.27,1441203398946,"36,523",50% bullish,of 2 ratings,N/A
ISIS,$49.56,1441203399076,"117,432",53% bullish,of 15 ratings,$67
EMIF,$27.7716,1441203399100,395,Not yet rated,NULL,N/A
IGOV,$90.7,1441203399147,"1,540",100% bearish,of 1 rating,N/A
ISRL,$126.18,1441203399235,2,100% bearish,of 1 rating,N/A
ISLE,$19.98,1441203399324,"163,092",50% bullish,of 4 ratings,$16
ITRI,$29.14,1441203399428,"7,285",100% bearish,of 1 rating,$37
ITRN,$23.9,1441203399580,107,50% bullish,of 2 ratings,N/A
XXIA,$15.19,1441203399656,"12,977",71% bullish,of 7 ratings,$14.625
ITUS,NULL,1441203399681,0,Not yet rated,NULL,N/A
IXYS,$11.31,1441203399836,"7,830",50% bullish,of 4 ratings,N/A
JASO,$7.89,1441203400052,"137,049",82% bullish,of 17 ratings,$10
JJSF,$112.45,1441203400123,"2,254",100% bearish,of 1 rating,N/A
JBHT,$72.35,1441203400191,"63,019",50% bullish,of 4 ratings,$89.50
JCOM,$66.83,1441203400297,"18,618",100% bullish,of 2 ratings,$77
JKHY,$65.97,1441203400323,"25,238",67% bearish,of 3 ratings,$72
MAYS,NULL,1441203400383,0,Not yet rated,NULL,N/A
JAXB,NULL,1441203400412,0,100% bullish,of 1 rating,N/A
JXSB,NULL,1441203400544,0,Not yet rated,NULL,N/A
JACK,$78.2,1441203400625,"17,902",71% bullish,of 7 ratings,$105
JMBA,$14.04,1441203400757,"5,914",75% bullish,of 4 ratings,$18
JAGX,NULL,1441203400842,0,Not yet rated,NULL,$10.50
JAKK,$9.41,1441203400982,"27,516",60% bearish,of 5 ratings,$11
JRVR,$27.67,1441203401047,"4,550",Not yet rated,NULL,$32
JD,$24.83,1441203401134,"940,074",75% bullish,of 16 ratings,$36
JASN,$4.88,1441203401239,"3,597",50% bullish,of 2 ratings,$9.50
ERW,NULL,1441203401266,0,Not yet rated,NULL,N/A
JAZZ,$166.1,1441203401400,"17,733",80% bullish,of 15 ratings,$206.50
JTPY,NULL,1441203401428,0,100% bearish,of 1 rating,N/A
JASNW,NULL,1441203401453,0,50% bullish,of 2 ratings,N/A
JBLU,$22.77,1441203401500,"1,010,830",94% bullish,of 18 ratings,$27
JCTCF,$9.65,1441203401659,100,100% bullish,of 1 rating,N/A
DATE,$6.2,1441203401864,"15,849",75% bullish,of 4 ratings,$9
JOEZ,$0.175,1441203401995,"3,888",92% bullish,of 12 ratings,N/A
JIVE,$4.58,1441203402139,"21,335",75% bullish,of 4 ratings,$5
WYIGU,NULL,1441203402164,0,100% bearish,of 1 rating,N/A
JBSS,$51.01,1441203402296,"1,530",67% bearish,of 3 ratings,N/A
JNP,$11.544,1441203402329,"3,118",100% bullish,of 3 ratings,$15
JUNO,$34.7813,1441203402427,"169,777",73% bullish,of 11 ratings,$71.50
JST,$3.7207,1441203402454,215,75% bullish,of 4 ratings,N/A
JOUT,$24.8,1441203402499,"3,314",100% bearish,of 1 rating,$34
KTWO,$20.81,1441203402661,"3,721",100% bearish,of 1 rating,$28.50
KMDA,NULL,1441203402713,0,50% bullish,of 2 ratings,$8
KALU,$82.18,1441203402792,"6,380",67% bearish,of 3 ratings,$91
KPTI,$14.2,1441203402884,"62,184",67% bearish,of 3 ratings,$39
KNDI,$6.2616,1441203403027,"48,069",86% bullish,of 22 ratings,N/A
KBIO,$2.0885,1441203403052,"8,628",50% bullish,of 4 ratings,N/A
KCLI,$46.19,1441203403213,"3,272",Not yet rated,NULL,N/A
KBSF,NULL,1441203403277,0,100% bullish,of 1 rating,N/A
KCAP,$4.61,1441203403411,"7,263",75% bullish,of 4 ratings,$6
KRNY,$11.34,1441203403495,"66,694",100% bearish,of 1 rating,$12
GMCR,$56.43,1441203403600,"263,569",71% bullish,of 42 ratings,$64
KMPH,$19.83,1441203403687,"1,652",100% bearish,of 2 ratings,$22
KERX,$5.9292,1441203403731,"117,806",82% bullish,of 11 ratings,$12
KELYA,$14.2903,1441203403763,"6,756",67% bullish,of 6 ratings,$20
KELYB,NULL,1441203403783,0,50% bullish,of 2 ratings,N/A
KFFB,NULL,1441203403862,0,100% bearish,of 1 rating,N/A
KTEC,$12.14,1441203403926,200,Not yet rated,NULL,N/A
KFRC,$26.63,1441203404072,"8,490",100% bullish,of 2 ratings,$29
KEQU,$16.61,1441203404129,200,100% bullish,of 1 rating,N/A
KTCC,$10.34,1441203404215,"1,043",100% bearish,of 1 rating,$16
KE,$11.345,1441203404347,528,67% bearish,of 3 ratings,$16
KBAL,$10.49,1441203404380,"13,389",50% bullish,of 2 ratings,N/A
KIN,$6.02,1441203404515,"1,147",50% bullish,of 2 ratings,$6.25
KGJI,$0.6602,1441203404543,"4,808",89% bullish,of 9 ratings,N/A
KLAC,$48.39,1441203404568,"92,695",100% bearish,of 1 rating,$61.50
KINS,$8.64,1441203404594,"1,250",100% bullish,of 1 rating,N/A
KONE,NULL,1441203404730,0,Not yet rated,NULL,N/A
KIRK,$22.12,1441203404759,"4,141",50% bullish,of 2 ratings,$32
KOPN,$2.95,1441203404923,"10,815",50% bullish,of 2 ratings,$4.50
KONA,$18.18,1441203404951,"4,320",50% bullish,of 2 ratings,$28
KITE,$51.67,1441203404978,"23,621",89% bullish,of 9 ratings,$85
KLXI,$38.15,1441203405186,"16,269",100% bearish,of 1 rating,$48.50
KZ,$6.43,1441203405223,"1,500",60% bearish,of 5 ratings,N/A
KRNT,$11.81,1441203405249,924,50% bullish,of 2 ratings,$18
KWEB,$29.54,1441203405391,"3,546",Not yet rated,NULL,N/A
KOSS,$2.4,1441203405462,100,100% bearish,of 2 ratings,N/A
KUTV,NULL,1441203405594,0,50% bullish,of 2 ratings,N/A
FSTR,$17.06,1441203405658,"7,267",100% bearish,of 1 rating,$40.50
KVHI,$10.87,1441203405728,"1,424",100% bearish,of 1 rating,$16
KTOS,$4.4691,1441203405812,"133,995",50% bullish,of 2 ratings,$8.50
KLIC,$10.62,1441203405895,"42,858",80% bullish,of 5 ratings,$13
KYTH,$74.71,1441203405948,"14,553",100% bullish,of 3 ratings,$66
LSBG,$14.65,1441203406051,200,Not yet rated,NULL,N/A
LJPC,$34.97,1441203406092,"16,741",87% bullish,of 15 ratings,$32
LSBK,$13.6001,1441203406180,391,Not yet rated,NULL,N/A
LBAI,$10.86,1441203406271,250,Not yet rated,NULL,$13.25
LKFN,$40.17,1441203406311,"2,666",Not yet rated,NULL,$45
LRCX,$70.37,1441203406375,"109,396",50% bullish,of 4 ratings,$95
LAKE,$8.99,1441203406533,"3,068",57% bullish,of 7 ratings,$19
LAMR,$52.09,1441203406566,"17,113",67% bullish,of 3 ratings,$61
LMRK,$15.52,1441203406663,"2,600",100% bearish,of 1 rating,$20
LANC,$95.96,1441203406692,"5,381",Not yet rated,NULL,$89
LARK,$26.85,1441203406832,100,50% bullish,of 2 ratings,N/A
