Symbol,Price,Date,Volume,Rating,RatingVoteCount,OneYearEstimate
TFSC,NULL,1439828102205,0,100% bearish,of 1 rating,N/A
FLWS,$9.57,1439828102277,"31,689",100% bullish,of 5 ratings,$15
TFSCR,NULL,1439828102334,0,Not yet rated,NULL,N/A
FCTY,NULL,1439828102361,0,100% bullish,of 1 rating,$8.50
TFSCW,NULL,1439828102411,0,100% bearish,of 1 rating,N/A
PIH,$7.66,1439828102438,"5,000",100% bearish,of 1 rating,N/A
TFSCU,NULL,1439828102459,0,Not yet rated,NULL,N/A
FCCY,$11.72,1439828102481,"3,040",100% bullish,of 1 rating,$13
DGLD,$84.78,1439828102628,894,100% bullish,of 1 rating,N/A
VNET,$21.32,1439828102662,"350,624",60% bullish,of 5 ratings,$29.50
TWOU,$35.85,1439828102761,"310,739",50% bullish,of 2 ratings,$39
UGLD,$8.9228,1439828102796,"37,288",100% bearish,of 1 rating,N/A
JOBS,$28.51,1439828102817,"22,403",50% bullish,of 4 ratings,$36
DSLV,$61.67,1439828102850,"2,504",100% bearish,of 1 rating,N/A
USLV,$14.83,1439828102871,"67,565",86% bullish,of 7 ratings,N/A
SRCE,$31.38,1439828102907,"6,012",100% bullish,of 3 ratings,$33
CAFD,$15.72,1439828103237,"40,748",Not yet rated,NULL,$25
SIXD,$3.38,1439828103302,"34,954",Not yet rated,NULL,N/A
EGHT,$8.66,1439828103360,"60,550",82% bullish,of 17 ratings,$11
ABY,$22.26,1439828103501,"197,119",100% bearish,of 2 ratings,$46
AAON,$23.002,1439828103526,"21,583",100% bearish,of 1 rating,$24
AVHI,$14.07,1439828103551,"10,782",100% bearish,of 1 rating,$19
ABAX,$48.05,1439828103577,"27,760",100% bearish,of 1 rating,$60
SHLM,$35.07,1439828103711,"20,504",100% bearish,of 1 rating,$50
ABEO,$5.3301,1439828103749,"49,824",67% bullish,of 3 ratings,$15.50
ABGB,$4.8101,1439828103778,"22,831",67% bullish,of 3 ratings,$5.50
ACTG,$8.56,1439828103930,"35,092",67% bullish,of 3 ratings,$18.50
ABEOW,$2.1,1439828103957,"1,100",100% bullish,of 1 rating,N/A
ABMD,$104.67,1439828103978,"179,487",75% bullish,of 4 ratings,$86
AXAS,$1.83,1439828104009,"217,971",78% bullish,of 9 ratings,$3.50
ACHC,$81.185,1439828104151,"181,052",50% bullish,of 2 ratings,$92
ACST,$0.4,1439828104372,"18,404",100% bullish,of 2 ratings,N/A
ACAD,$38.11,1439828104426,"202,487",85% bullish,of 20 ratings,$48
ANCX,$19.0018,1439828104453,"14,049",Not yet rated,NULL,$19
AXDX,$19.02,1439828104508,"65,976",100% bearish,of 1 rating,N/A
XLRN,$31.42,1439828104539,"37,030",50% bullish,of 2 ratings,$57
ARAY,$6.095,1439828104560,"161,597",100% bearish,of 1 rating,$10.50
VXDN,$16.87,1439828104644,"1,310",Not yet rated,NULL,N/A
VXUP,$17,1439828104779,"8,875",Not yet rated,NULL,N/A
ACHN,$8.18,1439828104866,"1,721,148",90% bullish,of 21 ratings,$16
ACRX,$4.49,1439828105036,"95,248",67% bearish,of 6 ratings,$5.50
AKAO,$7.2001,1439828105066,"60,444",75% bullish,of 4 ratings,$15
ACNB,$20.2,1439828105094,200,Not yet rated,NULL,N/A
ACET,$25.16,1439828105120,"27,620",75% bullish,of 4 ratings,$30
ACIW,$22.8856,1439828105198,"34,509",50% bullish,of 2 ratings,$24
ACOR,$32.08,1439828105280,"56,441",67% bearish,of 3 ratings,$38.50
ACTS,$1.51,1439828105416,"26,535",100% bearish,of 1 rating,N/A
ACPW,$1.9,1439828105442,"5,979",100% bullish,of 4 ratings,$3.50
ATVI,$29.07,1439828105487,"999,196",68% bullish,of 84 ratings,$31.50
ACUR,$0.63,1439828105514,"58,159",100% bullish,of 5 ratings,$1
ACXM,$21.02,1439828105655,"81,171",67% bullish,of 3 ratings,N/A
ADMP,$3.598,1439828105787,"13,601",50% bullish,of 2 ratings,$10
ADMS,$21.9699,1439828105919,"15,782",100% bearish,of 2 ratings,$36
ACTA,$13.81,1439828106075,"28,125",67% bearish,of 3 ratings,$25
ADAP,$15.1799,1439828106101,"27,775",67% bullish,of 3 ratings,$22
ADUS,$28.5,1439828106127,"24,691",100% bearish,of 1 rating,$31
ADEP,$7.36,1439828106158,"7,294",50% bullish,of 2 ratings,$10.75
AEY,$2.26,1439828106231,"8,285",100% bearish,of 2 ratings,N/A
ADTN,$16.23,1439828106363,"65,092",67% bullish,of 3 ratings,$17.125
ADBE,$86.144,1439828106389,"351,443",65% bullish,of 17 ratings,$90
AMD,$1.84,1439828106451,"2,963,726",83% bullish,of 102 ratings,$2
AEIS,$26.36,1439828106539,"97,905",50% bullish,of 2 ratings,$32.50
ADRO,$21.29,1439828106560,"49,685",80% bullish,of 5 ratings,$45.50
ADMA,$9.49,1439828106593,"4,312",Not yet rated,NULL,$19
ADXSW,$11.8131,1439828106746,"1,485",100% bullish,of 1 rating,N/A
ADXS,$16.46,1439828106878,"280,764",64% bullish,of 14 ratings,$27
AEGN,$18.93,1439828107010,"18,231",100% bearish,of 1 rating,$21
MULT,NULL,1439828107048,0,100% bearish,of 1 rating,N/A
AEHR,$2.21,1439828107182,212,50% bullish,of 2 ratings,N/A
AEGR,$18.135,1439828107214,"100,475",50% bullish,of 6 ratings,$26
YPRO,$23.09,1439828107235,349,100% bearish,of 1 rating,N/A
AMTX,$3.28,1439828107267,"2,165",50% bullish,of 2 ratings,$26.11
AERI,$15.9,1439828107310,"48,579",75% bullish,of 4 ratings,$31.50
AEPI,$56.97,1439828107417,"11,353",100% bearish,of 1 rating,N/A
AVAV,$26.08,1439828107452,"48,153",50% bullish,of 4 ratings,$31
AFMD,$11.8,1439828107554,"66,116",50% bullish,of 4 ratings,$15
AEMD,$6.74,1439828107629,"8,211",Not yet rated,NULL,$27.50
AEZS,$0.133,1439828107655,"2,669,550",90% bullish,of 21 ratings,$1.625
AFFX,$9.65,1439828107730,"201,699",80% bullish,of 5 ratings,$12
AGEN,$7.6062,1439828107790,"291,065",85% bullish,of 13 ratings,$14
AGRX,$8.718,1439828108022,"5,667",100% bearish,of 1 rating,$18
AGYS,$9.45,1439828108049,"3,549",100% bearish,of 1 rating,N/A
AGIO,$93,1439828108075,"82,695",88% bullish,of 8 ratings,$114
AGFSW,$2.44,1439828108111,"9,800",100% bearish,of 1 rating,N/A
AIMT,$23.7999,1439828108138,"70,737",Not yet rated,NULL,N/A
AIRM,$40.21,1439828108212,"47,356",80% bearish,of 5 ratings,$53
AGFS,$11.06,1439828108237,"20,034",100% bearish,of 1 rating,N/A
ATSG,$9.745,1439828108426,"24,474",67% bullish,of 3 ratings,$13
AIRT,$22.1,1439828108455,807,100% bullish,of 1 rating,N/A
AIXG,$6.01,1439828108491,"1,802",67% bearish,of 3 ratings,$6
AMCN,$5.03,1439828108585,"180,343",83% bullish,of 6 ratings,N/A
AKAM,$72.94,1439828108689,"201,992",63% bullish,of 8 ratings,$77
AKER,$3.8299,1439828108785,954,Not yet rated,NULL,N/A
AKBA,$7.22,1439828108856,"46,613",100% bearish,of 1 rating,$18
ALSK,$2.11,1439828108921,"38,779",78% bullish,of 18 ratings,$2
AKRX,$43.87,1439828108997,"87,124",78% bullish,of 9 ratings,$56
ABDC,$12.97,1439828109028,"15,153",Not yet rated,NULL,$15
ALRM,$17.02,1439828109057,"26,841",100% bearish,of 1 rating,$22
AMRI,$20.76,1439828109129,"34,310",75% bearish,of 4 ratings,$24
ADHD,$9.32,1439828109220,"148,979",50% bullish,of 4 ratings,$18
ALDR,$38.7157,1439828109351,"205,569",67% bearish,of 3 ratings,$62
ALDX,$8.0201,1439828109376,"4,600",100% bearish,of 1 rating,$14.50
ALXA,$1.16,1439828109579,"6,700",83% bullish,of 6 ratings,$2.125
ALGN,$60.68,1439828109668,"115,331",100% bearish,of 2 ratings,$73
ALIM,$3.93,1439828109706,"16,079",80% bullish,of 5 ratings,$10
ALCO,$43.15,1439828109740,"2,203",50% bullish,of 2 ratings,N/A
ALXN,$187.55,1439828109801,"142,042",88% bullish,of 8 ratings,$223
ALLB,$23.9,1439828109833,"1,210",Not yet rated,NULL,N/A
ALGT,$238.05,1439828109861,"30,528",100% bearish,of 1 rating,$235
ALKS,$66.88,1439828109889,"152,459",67% bullish,of 3 ratings,$75
AFOP,$19.11,1439828110107,"22,371",75% bullish,of 8 ratings,$21
ARLP,$25.05,1439828110183,"53,720",67% bearish,of 3 ratings,$32
AHGP,$36.04,1439828110249,"18,573",67% bullish,of 3 ratings,N/A
AIQ,$15.25,1439828110279,"2,648",67% bullish,of 3 ratings,N/A
AMOT,$17.98,1439828110332,"9,281",100% bearish,of 1 rating,N/A
ALQA,$4.6401,1439828110382,"20,754",75% bullish,of 4 ratings,$8.50
AHPI,$1.45,1439828110406,700,50% bullish,of 2 ratings,N/A
ALLT,$5.14,1439828110562,"36,890",75% bullish,of 4 ratings,$6.25
MDRX,$14.2,1439828110622,"613,001",60% bullish,of 5 ratings,$16
ALNY,$108.43,1439828110683,"99,970",67% bullish,of 3 ratings,$148.50
AFAM,$49.47,1439828110783,"15,056",50% bullish,of 2 ratings,$44
SMCP,NULL,1439828110803,0,Not yet rated,NULL,N/A
AOSL,$7.45,1439828110831,"7,303",67% bullish,of 3 ratings,$9
ATEC,$0.7,1439828110965,"13,142",100% bullish,of 1 rating,$2
ALTR,$49.3,1439828111023,"299,171",80% bearish,of 5 ratings,$54
ASPS,$30.78,1439828111127,"28,346",67% bullish,of 3 ratings,$46.50
AMRN,$2.33,1439828111177,"274,397",85% bullish,of 39 ratings,$8
AIMC,$26.71,1439828111204,"26,750",100% bearish,of 1 rating,$28.50
AMZN,$533.69,1439828111369,"551,989",81% bullish,of 261 ratings,$646
AMAG,$63.55,1439828111432,"175,663",100% bullish,of 2 ratings,$75
AMRK,$10.46,1439828111511,"1,412",50% bullish,of 2 ratings,$14
AMBC,$17.05,1439828111545,"59,442",100% bearish,of 1 rating,$16.50
AYA,$22.95,1439828111643,"9,596",100% bearish,of 1 rating,$40
AMBCW,$8.6725,1439828111670,576,100% bearish,of 1 rating,N/A
AMBA,$108.2136,1439828111726,"436,005",83% bullish,of 12 ratings,$102.50
AMCX,$75.31,1439828111910,"153,069",67% bullish,of 3 ratings,$85.50
EPAX,$2.63,1439828111940,"111,745",100% bearish,of 1 rating,N/A
AMDA,$0.4998,1439828112038,"642,349",90% bullish,of 10 ratings,$1
UHAL,$384,1439828112120,"8,460",100% bullish,of 2 ratings,$393.50
DOX,$60.26,1439828112170,"63,730",100% bullish,of 2 ratings,$60
AMED,$45.35,1439828112221,"29,711",100% bearish,of 1 rating,$42
ATAX,$5.3,1439828112249,"17,812",100% bullish,of 1 rating,$6.50
ASBI,$22.74,1439828112329,899,Not yet rated,NULL,N/A
AMOV,$18.63,1439828112431,"9,822",100% bearish,of 1 rating,N/A
AGNC,$19.91,1439828112459,"1,239,685",75% bullish,of 28 ratings,$22
AAL,$43.85,1439828112497,"2,183,646",93% bullish,of 87 ratings,$57
AGNCP,$25.19,1439828112606,"2,075",Not yet rated,NULL,N/A
MTGE,$15.89,1439828112692,"142,939",75% bullish,of 4 ratings,$19.50
AGNCB,$24.1899,1439828112752,"2,300",Not yet rated,NULL,N/A
MTGEP,$24.2587,1439828112824,400,Not yet rated,NULL,N/A
ACSF,$12.794,1439828112955,"10,786",100% bearish,of 1 rating,$15
ACAS,$14.455,1439828113038,"396,089",60% bullish,of 5 ratings,$16.75
ANCI,$1.69,1439828113086,800,100% bearish,of 1 rating,N/A
AETI,$3.84,1439828113118,"4,135",67% bearish,of 3 ratings,N/A
ANAT,$104.64,1439828113145,946,100% bullish,of 1 rating,N/A
AMNB,$23.58,1439828113220,"1,300",Not yet rated,NULL,$25.50
AMIC,$10.1,1439828113245,236,Not yet rated,NULL,N/A
ARII,$40.55,1439828113381,"71,397",67% bearish,of 3 ratings,$45
AMRB,$10.1,1439828113457,"34,260",Not yet rated,NULL,$11
APEI,$22.17,1439828113522,"19,616",100% bearish,of 1 rating,$29
ASEI,$39.8999,1439828113623,"8,724",100% bearish,of 1 rating,$52.50
AMSWA,$9.3,1439828113648,"1,132",100% bearish,of 2 ratings,$10.75
AMSC,$4.12,1439828113790,"8,150",50% bullish,of 4 ratings,N/A
ABCB,$28.66,1439828113877,"41,988",Not yet rated,NULL,$30.50
AMWD,$65.12,1439828113983,"22,774",50% bullish,of 2 ratings,$58
ASRV,$3.3,1439828114020,"7,309",100% bullish,of 2 ratings,N/A
CRMT,$45.77,1439828114050,900,100% bearish,of 1 rating,$49
AMSF,$50.83,1439828114081,"7,203",Not yet rated,NULL,$57.50
ASRVP,NULL,1439828114109,0,Not yet rated,NULL,N/A
AMGN,$168.79,1439828114137,"507,205",89% bullish,of 19 ratings,$185
ATLO,$23.9,1439828114180,"2,112",Not yet rated,NULL,N/A
AMKR,$4.52,1439828114353,"275,309",100% bearish,of 2 ratings,$5
FOLD,$16.2,1439828114387,"225,406",56% bullish,of 9 ratings,$21
AMPH,$14.415,1439828114486,"62,247",50% bullish,of 2 ratings,$20
ASYS,$5.8175,1439828114675,"20,383",67% bullish,of 3 ratings,$12
AMSG,$86.37,1439828114705,"76,431",100% bearish,of 1 rating,$85.50
AMSGP,NULL,1439828114733,0,Not yet rated,NULL,N/A
AFSI,$63.12,1439828114760,"246,844",60% bullish,of 5 ratings,$72
ANAC,$134.59,1439828114786,"139,048",80% bullish,of 5 ratings,$180.50
AMRS,$1.645,1439828114816,"18,995",70% bullish,of 10 ratings,N/A
ANAD,$0.3488,1439828114922,"240,617",100% bullish,of 2 ratings,$.50
ADI,$59.3,1439828115061,"396,670",67% bullish,of 3 ratings,$68
ALOG,$80.985,1439828115082,"24,444",100% bearish,of 2 ratings,$100.50
ANCB,NULL,1439828115163,0,Not yet rated,NULL,$23
ABCW,$41.565,1439828115214,"4,486",67% bullish,of 3 ratings,N/A
AMCF,$0.27,1439828115292,"9,067",100% bullish,of 7 ratings,N/A
ANGI,$4.41,1439828115317,"135,772",64% bullish,of 11 ratings,$5.50
ANIP,$56.08,1439828115508,"98,025",89% bullish,of 19 ratings,$66
ANGO,$15.05,1439828115580,"10,814",67% bullish,of 3 ratings,$19
ANIK,$35.85,1439828115605,"27,845",60% bullish,of 5 ratings,$51.25
ATRS,$1.86,1439828115672,"280,628",92% bullish,of 12 ratings,$4.50
ANTH,$9.465,1439828115701,"203,496",80% bullish,of 10 ratings,$13
APIC,$7.99,1439828115806,"34,751",100% bearish,of 1 rating,$19
ANSS,$95.7703,1439828115856,"152,419",100% bearish,of 1 rating,$100
ABAC,$0.8999,1439828115938,"21,447",100% bearish,of 1 rating,N/A
ATNY,$2.409,1439828116168,"2,300",50% bullish,of 2 ratings,$3.75
APOL,$11.94,1439828116274,"199,043",87% bearish,of 68 ratings,$14
APOG,$54.285,1439828116299,"57,572",100% bullish,of 1 rating,$62
APPF,$17.3,1439828116326,"41,041",50% bullish,of 2 ratings,$22
AINV,$6.505,1439828116347,"1,898,450",50% bullish,of 4 ratings,$8
ARCI,$1.3,1439828116538,500,Not yet rated,NULL,N/A
AAPL,$117.408,1439828116565,"12,377,078",86% bullish,of 2331 ratings,$150
APDN,$3.33,1439828116586,"17,451",Not yet rated,NULL,$9
APDNW,$1.33,1439828116617,"4,900",Not yet rated,NULL,N/A
AMAT,$16.875,1439828116766,"3,486,455",82% bullish,of 11 ratings,$23.50
AAOI,$21.91,1439828116797,"1,240,606",50% bullish,of 4 ratings,$26
AGTC,$15.61,1439828116818,"7,923",50% bullish,of 2 ratings,$33
AREX,$2.68,1439828116969,"66,373",100% bearish,of 1 rating,$3
APRI,$1.1999,1439828116995,"20,945",83% bullish,of 6 ratings,$4.86
AMCC,$5.88,1439828117127,"231,645",80% bullish,of 5 ratings,$8
AUMA,$9.75,1439828117341,"99,314",Not yet rated,NULL,N/A
AQXP,$20.9101,1439828117374,"564,742",50% bullish,of 2 ratings,$2
APTO,$5.1,1439828117396,102,Not yet rated,NULL,$17
ARDM,$7.4,1439828117429,530,100% bullish,of 1 rating,$26
AQMS,$5.41,1439828117458,"15,800",Not yet rated,NULL,N/A
AUMAU,NULL,1439828117484,0,Not yet rated,NULL,N/A
AUMAW,NULL,1439828117559,0,Not yet rated,NULL,N/A
ABUS,$8.47,1439828117618,"132,037",86% bullish,of 14 ratings,$23
ARCW,$3.5836,1439828117745,"4,376",100% bearish,of 2 ratings,$10.50
PETX,$16.98,1439828117868,"57,925",100% bearish,of 2 ratings,$26
ARCB,$32.52,1439828117950,"37,067",50% bullish,of 2 ratings,$39.50
RKDA,$4.72,1439828117977,"6,161",100% bearish,of 2 ratings,$10
ACAT,$30.06,1439828118135,"24,026",100% bearish,of 3 ratings,$33
ACGL,$73.69,1439828118197,"35,278",50% bullish,of 2 ratings,$72
ABIO,$0.8995,1439828118241,"78,001",50% bullish,of 2 ratings,$3.75
ARDX,$18.87,1439828118272,"27,328",50% bullish,of 2 ratings,$22
AGII,$57.22,1439828118401,"61,354",Not yet rated,NULL,$58
ARCC,$16.04,1439828118445,"239,713",67% bearish,of 3 ratings,$17.875
ARNA,$3.38,1439828118530,"353,413",90% bullish,of 77 ratings,$5.50
AGIIL,$25.32,1439828118566,501,Not yet rated,NULL,N/A
ARGS,$4.469,1439828118594,"10,836",50% bullish,of 2 ratings,$19.50
ARIA,$7.37,1439828118622,"317,871",87% bullish,of 46 ratings,$9
ARIS,$3.28,1439828118658,727,Not yet rated,NULL,$4.50
ARMH,$42.96,1439828118820,"1,129,769",54% bearish,of 13 ratings,$61
ARKR,NULL,1439828118905,0,50% bullish,of 2 ratings,N/A
ARTX,$1.5629,1439828119059,"40,453",88% bullish,of 16 ratings,$4.50
ARWAR,NULL,1439828119104,0,Not yet rated,NULL,N/A
ARWAU,NULL,1439828119205,0,100% bullish,of 1 rating,N/A
ARWA,NULL,1439828119265,0,Not yet rated,NULL,N/A
ARWAW,NULL,1439828119291,0,Not yet rated,NULL,N/A
ARQL,$1.71,1439828119346,"8,279",75% bullish,of 4 ratings,$5
ARRY,$5.7308,1439828119428,"162,079",100% bullish,of 7 ratings,$10
ARRS,$27.79,1439828119458,"191,818",50% bullish,of 2 ratings,$38
AROW,$27.7,1439828119499,"2,690",Not yet rated,NULL,N/A
DWAT,$10.21,1439828119526,"8,406",100% bearish,of 1 rating,N/A
ARTNA,$22.47,1439828119701,"1,723",100% bearish,of 1 rating,$29
ARWR,$5.64,1439828119729,"356,364",75% bullish,of 4 ratings,$10.50
ARTW,$4.44,1439828119922,102,75% bearish,of 4 ratings,N/A
ASBB,$23.3,1439828120054,"2,925",Not yet rated,NULL,N/A
APWC,$2.09,1439828120130,20,100% bearish,of 1 rating,N/A
ASTI,$0.1621,1439828120231,"1,605,409",83% bullish,of 6 ratings,$3
ASNA,$12.34,1439828120320,"272,267",50% bullish,of 2 ratings,$18
ASCMA,$30.04,1439828120391,"43,560",100% bearish,of 1 rating,$45
ASND,$17.12,1439828120426,"42,553",100% bullish,of 1 rating,$30
ASML,$93.04,1439828120525,"258,757",67% bullish,of 3 ratings,$127
ASMI,$38.94,1439828120551,300,50% bullish,of 2 ratings,N/A
AZPN,$38.99,1439828120740,"372,165",50% bullish,of 2 ratings,$42
ASFI,$9.18,1439828120767,"6,200",100% bullish,of 1 rating,N/A
ASTE,$38.16,1439828120793,"33,925",100% bearish,of 1 rating,$48
ALOT,NULL,1439828120822,0,100% bearish,of 1 rating,N/A
ASMB,$13.7,1439828120925,"8,523",67% bullish,of 3 ratings,N/A
ATRO,$57.54,1439828121068,"59,560",100% bearish,of 2 ratings,$80
ASUR,$5.99,1439828121160,"2,040",Not yet rated,NULL,$8
ATRA,$48.77,1439828121189,"49,169",50% bullish,of 2 ratings,$68
ASTC,$2.4,1439828121219,659,100% bullish,of 5 ratings,N/A
ATAI,$3.12,1439828121324,"32,089",100% bearish,of 1 rating,N/A
AFCB,NULL,1439828121354,0,Not yet rated,NULL,N/A
ATHX,$1.22,1439828121383,"59,025",89% bullish,of 9 ratings,$5
ATHN,$140.29,1439828121408,"43,965",67% bearish,of 3 ratings,$153
AAPC,$10.19,1439828121517,44,Not yet rated,NULL,N/A
AAME,$3.54,1439828121649,831,Not yet rated,NULL,N/A
ACFC,$6.41,1439828121733,"114,727",Not yet rated,NULL,$6.50
ATLC,$3.94,1439828121820,"1,900",67% bullish,of 3 ratings,N/A
ATNI,$73.9,1439828121922,"18,598",100% bearish,of 1 rating,$69.50
AAWW,$45.211,1439828121951,"56,512",50% bullish,of 2 ratings,$65
ATML,$7.87,1439828121979,"768,971",78% bullish,of 9 ratings,$9.50
AFH,$17.25,1439828122058,"1,637",Not yet rated,NULL,$21.50
ATOS,$0.9599,1439828122205,"16,695",100% bullish,of 7 ratings,$7
ATRC,$27.055,1439828122232,"33,370",100% bullish,of 1 rating,$30
ATRM,$3,1439828122253,"1,032",50% bullish,of 2 ratings,N/A
ATTU,$14.71,1439828122386,"6,474",100% bearish,of 1 rating,$20.50
AUBN,NULL,1439828122415,0,Not yet rated,NULL,N/A
ATRI,$398.02,1439828122445,618,Not yet rated,NULL,N/A
LIFE,$16.59,1439828122471,"40,570",86% bullish,of 7 ratings,$43
AUDC,$3.275,1439828122622,"32,141",80% bullish,of 5 ratings,$5
AUPH,$3.5,1439828122781,"8,845",100% bearish,of 1 rating,$8
EARS,$5,1439828122833,"8,463",100% bearish,of 2 ratings,$12
ABTL,$19.7401,1439828122883,"17,338",100% bullish,of 4 ratings,$20.25
ADAT,$0.1198,1439828122935,"4,699",100% bullish,of 2 ratings,N/A
ADP,$83.99,1439828122979,"604,992",100% bearish,of 1 rating,$88
AVGO,$124.01,1439828123066,"486,763",88% bullish,of 8 ratings,$160
ADSK,$54.92,1439828123112,"131,661",83% bullish,of 6 ratings,$69.50
AVNW,$1.14,1439828123281,"19,511",50% bullish,of 2 ratings,$2.20
AVNU,NULL,1439828123309,0,Not yet rated,NULL,$14
AVEO,$1.78,1439828123359,"15,080,719",75% bullish,of 8 ratings,$3
AVID,$9.205,1439828123463,"50,121",100% bearish,of 1 rating,$20
AWRE,$3.2685,1439828123595,300,67% bullish,of 3 ratings,N/A
AAVL,$10.75,1439828123623,"770,574",100% bearish,of 1 rating,$20
AVGR,$15.5,1439828123648,"6,121",100% bearish,of 1 rating,$20
ACLS,$3.21,1439828123845,"115,673",67% bullish,of 6 ratings,$4.75
CAR,$46.41,1439828123873,"1,021,895",80% bullish,of 5 ratings,$60
AXPW,$1.33,1439828124006,"19,465",83% bullish,of 6 ratings,N/A
AXPWW,$1.47,1439828124073,192,Not yet rated,NULL,N/A
AXGN,$3.8499,1439828124101,"8,645",Not yet rated,NULL,$5
BCOM,$19.98,1439828124122,516,100% bearish,of 1 rating,N/A
AXTI,$2.2,1439828124157,"10,960",50% bullish,of 2 ratings,$2.75
RILY,$10,1439828124257,50,Not yet rated,NULL,N/A
BOSC,$2.3699,1439828124363,"7,276",50% bullish,of 2 ratings,N/A
BIDU,$166.6,1439828124519,"919,969",81% bullish,of 88 ratings,$215
BCPC,$60.56,1439828124566,"51,212",100% bearish,of 1 rating,$75
BEAV,$50.885,1439828124598,"87,663",67% bearish,of 3 ratings,$59
BWINB,$23.45,1439828124626,"13,484",Not yet rated,NULL,N/A
BWINA,NULL,1439828124701,0,Not yet rated,NULL,N/A
BLDP,$1.32,1439828124890,"57,075",91% bullish,of 22 ratings,$2.50
BANFP,NULL,1439828124956,0,Not yet rated,NULL,N/A
BKMU,$7.43,1439828124984,"5,832",Not yet rated,NULL,$8
BOCH,$5.79,1439828125059,"2,028",Not yet rated,NULL,$6.50
BANF,$63.21,1439828125088,800,Not yet rated,NULL,$68
BMRC,$48.72,1439828125190,605,Not yet rated,NULL,$52
OZRK,$43.39,1439828125329,"77,200",67% bullish,of 3 ratings,$49.50
BOTJ,$11.14,1439828125366,"1,756",Not yet rated,NULL,N/A
BWFG,$18.22,1439828125409,692,100% bearish,of 1 rating,N/A
BKSC,NULL,1439828125462,0,Not yet rated,NULL,N/A
BFIN,$12.28,1439828125494,"1,730",Not yet rated,NULL,$13
BZUN,$7.69,1439828125601,"22,407",50% bullish,of 2 ratings,$13.85
BANR,$47.995,1439828125627,"3,265",100% bullish,of 3 ratings,$50
TAPR,$31.2,1439828125657,26,100% bearish,of 1 rating,N/A
BHAC,NULL,1439828125788,0,Not yet rated,NULL,N/A
BHACR,NULL,1439828126018,0,Not yet rated,NULL,N/A
BHACU,NULL,1439828126076,0,Not yet rated,NULL,N/A
BBSI,$37.44,1439828126159,"11,157",67% bearish,of 3 ratings,$62.50
BYLK,$12.95,1439828126223,"3,824",Not yet rated,NULL,$14
BSET,$31.82,1439828126248,"34,450",100% bearish,of 1 rating,$35
BHACW,NULL,1439828126292,0,Not yet rated,NULL,N/A
BYBK,$5.09,1439828126317,300,100% bearish,of 1 rating,N/A
BBCN,$15.505,1439828126456,"42,717",100% bearish,of 1 rating,$16
BDCV,$4.9834,1439828126485,203,100% bearish,of 1 rating,$10.19
BV,$5.35,1439828126513,"40,710",67% bullish,of 6 ratings,$9
BSF,$9.1,1439828126754,30,Not yet rated,NULL,N/A
BCBP,$11.722,1439828126780,"3,703",Not yet rated,NULL,N/A
BEBE,$1.87,1439828126837,"13,198",75% bullish,of 4 ratings,$3.075
BBGI,$4.85,1439828126867,157,100% bearish,of 1 rating,N/A
BBBY,$63.24,1439828126942,"328,373",71% bullish,of 7 ratings,$75
BECN,$35.974,1439828126967,"49,366",50% bullish,of 2 ratings,$40
BELFA,$17.23,1439828127134,506,100% bearish,of 1 rating,N/A
BNTC,NULL,1439828127218,0,100% bullish,of 1 rating,N/A
BELFB,$20.04,1439828127249,"4,241",100% bearish,of 1 rating,N/A
BNCL,$12.92,1439828127280,"32,909",100% bullish,of 3 ratings,$12.50
BLPH,$4.12,1439828127303,"7,055",100% bearish,of 1 rating,$12.50
BLCM,$18.71,1439828127330,"95,627",50% bullish,of 4 ratings,$40
BGMD,$0.8339,1439828127465,"124,717",100% bullish,of 10 ratings,N/A
BNFT,$40.42,1439828127491,"32,191",67% bullish,of 3 ratings,$46
BGCP,$9.46,1439828127637,"164,981",88% bullish,of 8 ratings,$14
BGFV,$11.16,1439828127782,"45,146",57% bullish,of 7 ratings,$12
ORPN,$5.6499,1439828127847,"6,910",100% bullish,of 1 rating,$28.50
BIND,$4.49,1439828127877,"12,044",67% bullish,of 3 ratings,$13.50
BCDA,NULL,1439828127929,0,Not yet rated,NULL,N/A
BASI,$1.65,1439828127985,750,Not yet rated,NULL,N/A
BCRX,$11.81,1439828128059,"113,640",63% bullish,of 8 ratings,$18
BIOC,$1.89,1439828128085,"101,608",83% bullish,of 6 ratings,$3.70
BIOD,$0.7001,1439828128230,"89,405",80% bullish,of 5 ratings,$4
BDSI,$6.56,1439828128275,"341,143",88% bullish,of 8 ratings,$17
BIOL,$1.632,1439828128360,"18,185",Not yet rated,NULL,N/A
BLFS,$2.16,1439828128389,"2,003",100% bearish,of 1 rating,$4.75
BIIB,$314.19,1439828128521,"254,686",88% bullish,of 16 ratings,$400
BLRX,$1.54,1439828128553,"138,785",100% bullish,of 12 ratings,$7
BMRN,$137.67,1439828128575,"123,047",80% bullish,of 5 ratings,$160
BVXV,$4.2001,1439828128657,"26,331",Not yet rated,NULL,N/A
BVXVW,NULL,1439828128789,0,100% bearish,of 1 rating,N/A
BPTH,$1.16,1439828128815,"15,382",100% bullish,of 2 ratings,$5
BRLI,$35.28,1439828128877,"52,208",83% bullish,of 6 ratings,$32
BBP,$34.094,1439828128955,"10,543",Not yet rated,NULL,N/A
BSPM,$0.6601,1439828129022,"7,063",50% bullish,of 2 ratings,N/A
BIOS,$1.475,1439828129053,"720,566",71% bullish,of 7 ratings,$4
BBC,$33.0252,1439828129078,"3,696",Not yet rated,NULL,N/A
BSTC,$51.1787,1439828129150,"22,303",100% bearish,of 1 rating,$76
BOTA,$2.33,1439828129261,"28,507",86% bullish,of 7 ratings,N/A
BITI,$19.46,1439828129364,"20,681",100% bullish,of 1 rating,$28
TECH,$106,1439828129420,"42,915",100% bullish,of 1 rating,$117
BEAT,$12.14,1439828129462,"74,984",67% bearish,of 3 ratings,$15
BDMS,NULL,1439828129606,0,100% bearish,of 1 rating,N/A
BBOX,$15.93,1439828129637,"10,528",100% bearish,of 1 rating,N/A
BJRI,$46.38,1439828129663,"51,641",50% bullish,of 2 ratings,$55
BDE,$7.73,1439828129685,"32,736",50% bullish,of 2 ratings,$9
BLKB,$63.4,1439828129826,"21,616",100% bearish,of 2 ratings,$66
BKCC,$9.5,1439828129852,"64,423",100% bullish,of 2 ratings,$10
HAWK,$43.94,1439828129905,"121,667",90% bullish,of 10 ratings,$49
BBRY,$7.56,1439828129936,"881,023",61% bullish,of 330 ratings,$9
ADRD,$23.4025,1439828130119,764,100% bearish,of 1 rating,N/A
ADRA,NULL,1439828130173,0,Not yet rated,NULL,N/A
ADRE,$31.42,1439828130218,"7,160",Not yet rated,NULL,N/A
ADRU,$23.113,1439828130319,"1,800",100% bearish,of 1 rating,N/A
BLMN,$21.84,1439828130345,"228,970",83% bullish,of 6 ratings,$27.50
BLBD,$13.03,1439828130422,"4,200",Not yet rated,NULL,N/A
BCOR,$13.65,1439828130495,"15,922",57% bullish,of 7 ratings,$15
BUFF,$26.17,1439828130673,"234,792",83% bullish,of 12 ratings,N/A
NILE,$34.55,1439828130754,"31,958",50% bullish,of 2 ratings,$34
BLUE,$130.0248,1439828130822,"202,304",86% bullish,of 7 ratings,$217.50
BKEP,$6.969,1439828130854,"14,328",100% bearish,of 1 rating,$8.50
BBLU,$0.8928,1439828130884,"20,782",100% bullish,of 2 ratings,$4.43
BKEPP,NULL,1439828130910,0,100% bearish,of 1 rating,N/A
BHBK,$14.49,1439828130940,"7,382",100% bullish,of 1 rating,$14.50
BPMC,$27.07,1439828130986,"133,855",50% bullish,of 2 ratings,$47.50
BNCN,$21.78,1439828131085,"15,741",Not yet rated,NULL,$22
WIFI,$9.117,1439828131335,"103,922",50% bullish,of 2 ratings,$13.50
BOBE,$46.33,1439828131365,"25,236",75% bullish,of 4 ratings,$57
BOJA,$22.52,1439828131392,"92,403",100% bullish,of 1 rating,$30
BOFI,$130.07,1439828131467,"38,075",100% bullish,of 6 ratings,$137.50
BONA,$12.3,1439828131597,"205,272",75% bullish,of 4 ratings,$8.50
BOKF,$66.01,1439828131673,"21,548",100% bearish,of 1 rating,$71
BNSO,$1.44,1439828131730,"31,894",100% bearish,of 1 rating,N/A
BAMM,$3.2101,1439828131757,"3,057",60% bullish,of 5 ratings,N/A
BPFH,$12.47,1439828131780,"12,883",100% bearish,of 1 rating,$14
BPFHP,NULL,1439828131815,0,100% bearish,of 1 rating,N/A
BDBD,$9.1,1439828131917,"177,019",60% bullish,of 5 ratings,$10
BPFHW,$6.4,1439828131949,"1,278",100% bearish,of 1 rating,N/A
BCLI,$2.86,1439828132081,"35,757",80% bullish,of 5 ratings,$12
EPAY,$26.2537,1439828132114,"17,170",100% bearish,of 2 ratings,$30
BBRG,$13.15,1439828132212,"24,101",67% bullish,of 3 ratings,$14.50
BBEP,$2.6167,1439828132239,"780,579",69% bullish,of 13 ratings,$5.625
BBEPP,$14.35,1439828132534,"8,899",100% bearish,of 1 rating,N/A
BRID,NULL,1439828132594,0,100% bearish,of 1 rating,N/A
BDGE,$27.98,1439828132629,"1,328",Not yet rated,NULL,$31.75
BLIN,$1.45,1439828132696,500,50% bullish,of 2 ratings,$2.80
BYFC,$1.48,1439828132725,200,50% bullish,of 2 ratings,N/A
BRCM,$51.06,1439828132748,"474,514",75% bullish,of 12 ratings,$56
BVSN,$5.91,1439828132779,526,60% bearish,of 5 ratings,N/A
BCOV,$5.45,1439828132808,"12,946",67% bullish,of 3 ratings,$10.20
BSFT,$33.995,1439828132965,"25,970",57% bullish,of 7 ratings,$40.50
BWEN,$3.63,1439828133098,"8,459",100% bullish,of 3 ratings,$8
BRCD,$10.08,1439828133159,"331,091",92% bullish,of 13 ratings,$12.50
BRKS,$11.05,1439828133291,"30,020",67% bullish,of 3 ratings,$15.25
BRKL,$10.85,1439828133316,"49,794",100% bearish,of 1 rating,$10.75
BRKR,$20.25,1439828133458,"47,715",100% bearish,of 2 ratings,$22
BMTC,$29.91,1439828133489,"16,320",Not yet rated,NULL,$34
BLMT,$21.24,1439828133518,450,Not yet rated,NULL,N/A
BWLD,$195.67,1439828133593,"31,330",82% bullish,of 11 ratings,$205
BSQR,$7.3956,1439828133619,"131,658",67% bullish,of 3 ratings,N/A
BLDR,$14.42,1439828133677,"149,798",50% bullish,of 2 ratings,$22
CHRW,$69.2684,1439828133896,"198,382",Not yet rated,NULL,$72
CA,$29.43,1439828133976,"293,320",50% bullish,of 4 ratings,$33
CDNS,$21.74,1439828134138,"281,920",75% bullish,of 4 ratings,$22.50
CFFI,$37.25,1439828134167,"4,650",100% bearish,of 1 rating,N/A
BUR,$2.09,1439828134192,"1,400",100% bearish,of 1 rating,$8
CCMP,$45.66,1439828134244,"5,064",50% bullish,of 2 ratings,$59
CSTE,$48.8116,1439828134407,"257,758",100% bearish,of 1 rating,$65
CLBS,$1.41,1439828134475,"101,971",79% bullish,of 14 ratings,$4
CACQ,$7.475,1439828134538,"3,262",100% bearish,of 1 rating,$12.25
CDZI,$7.29,1439828134573,"11,102",100% bearish,of 1 rating,N/A
CLMS,$11.99,1439828134623,"16,101",Not yet rated,NULL,$10.50
CZR,$7.59,1439828134656,"299,082",60% bearish,of 5 ratings,$10.50
PRSS,$4.64,1439828134683,"7,332",80% bullish,of 5 ratings,$4.50
CHY,$11.87,1439828134756,"104,302",Not yet rated,NULL,N/A
CHI,$11.11,1439828134886,"97,819",100% bearish,of 1 rating,N/A
CFGE,$11.0699,1439828135049,"2,000",Not yet rated,NULL,N/A
CCD,$20.969,1439828135151,"37,801",Not yet rated,NULL,N/A
CHW,$8.1049,1439828135180,"76,028",100% bearish,of 1 rating,N/A
CGO,$12.81,1439828135282,"16,065",100% bearish,of 1 rating,N/A
CSQ,$10.6,1439828135415,"119,762",Not yet rated,NULL,N/A
CVGW,$53.86,1439828135445,"19,873",50% bullish,of 2 ratings,$58.50
CAMP,$16.4199,1439828135472,"52,971",86% bullish,of 7 ratings,$25
CFNB,NULL,1439828135504,0,100% bearish,of 1 rating,N/A
CALA,$5.4328,1439828135546,"81,345",100% bullish,of 3 ratings,$19.50
CALD,$16.4,1439828135607,"76,177",100% bearish,of 1 rating,$20.50
CLMT,$26.68,1439828135635,"114,286",75% bullish,of 8 ratings,$31
CALM,$52.2,1439828135676,"130,214",80% bullish,of 5 ratings,$65
ABCD,$4.59,1439828135846,"31,381",83% bullish,of 6 ratings,N/A
CAMB,NULL,1439828136004,0,Not yet rated,NULL,N/A
CAMT,$2.9001,1439828136075,"10,338",73% bullish,of 11 ratings,$4
CAMBU,NULL,1439828136109,0,100% bearish,of 1 rating,N/A
CAMBW,NULL,1439828136206,0,Not yet rated,NULL,N/A
CSIQ,$24.3899,1439828136236,"802,867",86% bullish,of 28 ratings,$45
CPHC,NULL,1439828136278,0,100% bearish,of 1 rating,N/A
CBNJ,$10.89,1439828136303,"19,250",100% bullish,of 1 rating,N/A
CAC,$40.41,1439828136334,"2,200",Not yet rated,NULL,N/A
CPLA,$49.85,1439828136475,"19,697",50% bullish,of 2 ratings,$65
CGIX,$11.32,1439828136529,"10,643",67% bullish,of 3 ratings,$14.375
CBF,$30.34,1439828136558,"3,072",Not yet rated,NULL,$32
CCBG,$15.12,1439828136591,"2,221",Not yet rated,NULL,$17.25
CPLP,$7.289,1439828136688,"161,005",71% bullish,of 7 ratings,$11
CSWC,$49.88,1439828136770,"6,892",Not yet rated,NULL,N/A
CPTA,$15.24,1439828136795,"44,808",Not yet rated,NULL,$18.50
CFFN,$12.225,1439828137037,"73,824",Not yet rated,NULL,$12.75
CAPN,$2.44,1439828137180,"338,908",100% bullish,of 1 rating,$10.85
CPST,$0.408,1439828137245,"273,115",95% bullish,of 22 ratings,$1
CARB,$11.58,1439828137316,"31,638",75% bullish,of 4 ratings,$12
CBYL,$6.465,1439828137345,"2,850",100% bearish,of 1 rating,$20
CAPR,$4.075,1439828137373,"2,384",Not yet rated,NULL,$12
CARA,$21.765,1439828137405,"102,656",50% bullish,of 4 ratings,$27.50
CAPNW,NULL,1439828137426,0,Not yet rated,NULL,N/A
CRDC,$0.381,1439828137503,"53,136",100% bullish,of 1 rating,$1.25
CFNL,$23.61,1439828137660,"19,125",Not yet rated,NULL,$24
CRME,$9.78,1439828137710,"3,512",89% bullish,of 9 ratings,$11.25
CATM,$34.94,1439828137737,"47,770",100% bearish,of 1 rating,$44
CDNA,$6.2301,1439828137791,160,100% bearish,of 1 rating,$9
CSII,$23.9988,1439828137922,"43,171",100% bearish,of 2 ratings,$42.125
CECO,$3.955,1439828138049,"122,447",67% bearish,of 3 ratings,$6
CTRE,$11.36,1439828138074,"98,834",50% bullish,of 2 ratings,N/A
CLBH,NULL,1439828138149,0,Not yet rated,NULL,$16.50
CKEC,$23.88,1439828138177,"25,656",50% bullish,of 2 ratings,$35.915
CART,$5.49,1439828138213,159,100% bearish,of 1 rating,N/A
CARO,$15.4288,1439828138342,"20,884",100% bearish,of 1 rating,$19
TAST,$12.94,1439828138368,"37,796",Not yet rated,NULL,$14.25
CRTN,NULL,1439828138511,0,100% bearish,of 1 rating,N/A
CRZO,$34.95,1439828138543,"129,674",67% bearish,of 3 ratings,$57
CARV,$5.85,1439828138642,200,50% bullish,of 2 ratings,N/A
CASM,$1.1,1439828138800,"9,062",100% bullish,of 1 rating,$3.50
CACB,$5.5101,1439828138825,"6,981",Not yet rated,NULL,$5.50
CSCD,$13.985,1439828138855,"5,900",100% bullish,of 2 ratings,$17
CASY,$107.56,1439828138954,"55,448",50% bullish,of 2 ratings,$99.50
CWST,$6.45,1439828139041,"19,280",50% bullish,of 2 ratings,$7
CASI,$1.47,1439828139091,11,100% bullish,of 1 rating,$3.50
CATB,$12,1439828139198,"10,425",100% bearish,of 1 rating,$28
CPRX,$4.18,1439828139228,"104,372",71% bullish,of 7 ratings,$7
CATY,$32.11,1439828139249,"58,657",100% bearish,of 1 rating,$33.50
CASS,$51.53,1439828139283,"3,004",100% bearish,of 1 rating,N/A
CATYW,NULL,1439828139376,0,100% bearish,of 1 rating,N/A
CVCO,$73.18,1439828139506,"6,319",100% bearish,of 1 rating,N/A
CAVM,$73.4,1439828139590,"134,738",67% bearish,of 3 ratings,$72
CBFV,NULL,1439828139650,0,Not yet rated,NULL,N/A
CNLMR,NULL,1439828139723,0,Not yet rated,NULL,N/A
CNLM,NULL,1439828139748,0,Not yet rated,NULL,N/A
CNLMU,NULL,1439828139812,0,100% bullish,of 1 rating,N/A
CNLMW,NULL,1439828140093,0,Not yet rated,NULL,N/A
CDW,$39.76,1439828140124,"332,341",75% bullish,of 4 ratings,$44
CPXX,$2.21,1439828140154,"39,593",100% bullish,of 2 ratings,$7
CBOE,$63.745,1439828140202,"127,842",Not yet rated,NULL,$60
CECE,$10.15,1439828140234,"32,215",50% bullish,of 2 ratings,$16
CDK,$51.2,1439828140335,"75,386",67% bearish,of 3 ratings,$50
CELG,$130,1439828140393,"515,417",92% bullish,of 13 ratings,$155.50
CELGZ,$2.07,1439828140553,"2,000",80% bullish,of 5 ratings,N/A
CLDN,$1.055,1439828140583,"75,048",71% bullish,of 7 ratings,$3
CLDX,$16.1141,1439828140686,"512,838",89% bullish,of 9 ratings,$36
CBMG,$23.105,1439828140910,"20,858",50% bullish,of 2 ratings,N/A
CLRBW,NULL,1439828140935,0,Not yet rated,NULL,N/A
CLLS,$32.84,1439828140962,"20,785",75% bullish,of 4 ratings,$51.50
CLRB,NULL,1439828140983,0,100% bearish,of 1 rating,N/A
CLTX,$0.6,1439828141115,"4,130",100% bullish,of 2 ratings,N/A
CLSN,$2.1999,1439828141141,"54,360",80% bullish,of 10 ratings,$7.50
CETX,$2.56,1439828141336,"15,414",Not yet rated,NULL,$5.60
CFBK,NULL,1439828141369,0,Not yet rated,NULL,N/A
CYAD,$55.11,1439828141436,200,100% bullish,of 1 rating,$87.50
CEMP,$36.7899,1439828141467,"226,195",71% bullish,of 7 ratings,$48.50
CETV,$2.24,1439828141497,"12,287",67% bullish,of 3 ratings,$2.80
CSFL,$14.32,1439828141563,"30,432",Not yet rated,NULL,$15
CENT,$11.57,1439828141596,"22,668",Not yet rated,NULL,$10
CENTA,$12.36,1439828141763,"19,335",Not yet rated,NULL,N/A
CVCY,$11.15,1439828141791,911,Not yet rated,NULL,$12
CNBKA,$41.56,1439828141924,692,100% bullish,of 1 rating,N/A
CNTY,$6.37,1439828141950,"4,444",80% bullish,of 5 ratings,$7.75
CENX,$5.85,1439828141976,"498,882",67% bullish,of 6 ratings,$9
CPHD,$50.82,1439828142110,"211,819",50% bullish,of 2 ratings,$67
CRNT,$1.47,1439828142137,"284,181",50% bullish,of 2 ratings,$2
CERE,$1.59,1439828142284,"404,089",88% bullish,of 8 ratings,N/A
KOOL,$0.72,1439828142524,"12,215",100% bullish,of 5 ratings,$7
CERU,$3.5086,1439828142554,"75,108",75% bullish,of 4 ratings,$15
CEVA,$19.15,1439828142575,"19,861",100% bearish,of 1 rating,$25
CERN,$64.63,1439828142619,"552,982",67% bullish,of 3 ratings,$79
CERS,$4.79,1439828142709,"152,124",75% bullish,of 4 ratings,$7
HOTR,$1.5,1439828142737,"528,878",100% bullish,of 2 ratings,$5
CYOU,$20.2,1439828142764,"106,106",50% bullish,of 6 ratings,$24
CTHR,$1.22,1439828142901,"4,315",50% bullish,of 2 ratings,$2.50
HOTRW,NULL,1439828142926,0,Not yet rated,NULL,N/A
CHKP,$81.69,1439828143142,"159,497",50% bullish,of 4 ratings,$92
CHFN,$12.53,1439828143173,"2,899",Not yet rated,NULL,$14
GTLS,$24.94,1439828143211,"79,255",50% bullish,of 4 ratings,$40
CHTR,$183.58,1439828143309,"203,125",100% bearish,of 2 ratings,$196
CHEK,NULL,1439828143343,0,Not yet rated,NULL,$7.75
CHEKW,$1.11,1439828143442,"1,000",Not yet rated,NULL,N/A
CEMI,$4.76,1439828143469,"1,300",50% bullish,of 2 ratings,$7.50
CCXI,$6.62,1439828143696,"12,196",67% bullish,of 3 ratings,$14
CHMG,$26.5,1439828143752,150,Not yet rated,NULL,$30
CHFC,$32.88,1439828143777,"10,717",100% bearish,of 1 rating,$36
CHMA,$28.66,1439828143936,"291,887",Not yet rated,NULL,$40
PLCE,$59.66,1439828143980,"56,766",100% bearish,of 1 rating,$71
CBNK,$16.62,1439828144034,100,100% bearish,of 1 rating,N/A
CHKE,$27.82,1439828144079,"2,419",100% bearish,of 1 rating,$32.50
CHEV,$14.4227,1439828144164,"1,157",Not yet rated,NULL,N/A
CALI,$1.0035,1439828144194,"13,000",67% bullish,of 3 ratings,N/A
CMRX,$50.74,1439828144244,"30,900",50% bullish,of 2 ratings,$57
CADC,NULL,1439828144295,0,78% bullish,of 9 ratings,N/A
CBAK,$2.34,1439828144559,"15,247",67% bullish,of 9 ratings,N/A
CAAS,$6.8,1439828144622,"30,791",93% bullish,of 14 ratings,$11.50
CBPO,$110.07,1439828144649,"50,302",75% bullish,of 8 ratings,$140.50
CCCR,$0.6501,1439828144702,"11,154",67% bearish,of 3 ratings,N/A
CHOP,$1.31,1439828144834,749,50% bullish,of 2 ratings,N/A
CHLN,$1.38,1439828144967,928,67% bullish,of 3 ratings,N/A
CCCL,NULL,1439828144994,0,100% bullish,of 6 ratings,N/A
JRJC,$4.45,1439828145035,"8,900",82% bullish,of 11 ratings,N/A
HGSH,$1.74,1439828145124,"6,313",67% bullish,of 3 ratings,N/A
CHNR,NULL,1439828145209,0,100% bearish,of 1 rating,N/A
HTHT,$24.33,1439828145348,"99,928",50% bullish,of 2 ratings,$28
CJJD,$2.28,1439828145376,"41,376",100% bullish,of 1 rating,N/A
CNIT,$1.85,1439828145407,"117,225",67% bullish,of 6 ratings,N/A
CSUN,$1.5498,1439828145509,"1,200",80% bullish,of 5 ratings,N/A
CPGI,$6.98,1439828145550,24,Not yet rated,NULL,N/A
CREG,$0.8,1439828145645,"25,288",100% bullish,of 3 ratings,N/A
CXDC,$6.22,1439828145738,"11,598",67% bullish,of 3 ratings,N/A
CNYD,$3.18,1439828145805,"2,298",67% bullish,of 3 ratings,N/A
CCIH,$10.1468,1439828145889,"23,294",67% bullish,of 6 ratings,$12.65
CNET,$0.84,1439828145951,"58,763",50% bullish,of 2 ratings,N/A
CNTF,$0.9499,1439828145979,"12,026",Not yet rated,NULL,N/A
IMOS,$16.48,1439828146129,"51,977",60% bullish,of 5 ratings,$21.50
CHSCM,$26.34,1439828146156,"6,583",Not yet rated,NULL,N/A
CHSCL,$27.13,1439828146188,"25,725",Not yet rated,NULL,N/A
CHSCN,$27.3781,1439828146322,"6,589",Not yet rated,NULL,N/A
CHSCP,$30.8,1439828146353,"1,166",Not yet rated,NULL,N/A
CHDN,$136.76,1439828146453,"44,538",Not yet rated,NULL,$165
CHUY,$33.175,1439828146508,"25,359",50% bullish,of 2 ratings,$34
CDTX,$14.81,1439828146555,"14,554",Not yet rated,NULL,$22
CHSCO,$28.5,1439828146694,"2,001",Not yet rated,NULL,N/A
CMCT,NULL,1439828146766,0,100% bearish,of 1 rating,N/A
CIFC,$7.3,1439828146829,3,Not yet rated,NULL,N/A
CIDM,$0.68,1439828146981,"87,800",50% bullish,of 2 ratings,$2.10
CTAS,$88.64,1439828147009,"60,004",100% bearish,of 1 rating,$91
CMPR,$69.66,1439828147058,"57,691",50% bullish,of 2 ratings,$72.50
CINF,$56.53,1439828147149,"66,713",50% bullish,of 4 ratings,$50.50
CRUS,$29.39,1439828147200,"115,768",75% bullish,of 12 ratings,$44.50
CTRN,$22.92,1439828147355,"13,996",100% bearish,of 1 rating,$29.50
CZFC,NULL,1439828147582,0,Not yet rated,NULL,N/A
CIZN,$19.44,1439828147611,200,Not yet rated,NULL,N/A
CPHR,$7,1439828147633,"4,620",100% bearish,of 1 rating,$16
CSCO,$28.895,1439828147672,"7,222,870",84% bullish,of 208 ratings,$32.50
CZWI,NULL,1439828147764,0,Not yet rated,NULL,N/A
CZNC,$20.3,1439828147813,651,Not yet rated,NULL,N/A
CTXS,$77.48,1439828147840,"165,408",86% bullish,of 7 ratings,$80
CHCO,$48.59,1439828148013,"10,652",Not yet rated,NULL,$46
CIVBP,NULL,1439828148148,0,Not yet rated,NULL,N/A
CDTI,$1.7299,1439828148182,"92,119",75% bullish,of 4 ratings,$3.25
CLNT,$2.03,1439828148279,"28,100",75% bullish,of 8 ratings,N/A
CLFD,$18.09,1439828148306,"5,919",67% bullish,of 3 ratings,$18
CIVB,$10.26,1439828148440,106,Not yet rated,NULL,$11
CLRO,$11.804,1439828148469,"1,939",50% bullish,of 2 ratings,$14.25
CLIR,$5.0052,1439828148497,"36,538",100% bullish,of 3 ratings,N/A
CLNE,$4.87,1439828148523,"422,368",80% bullish,of 15 ratings,$9
CSBK,$14.03,1439828148680,"8,042",Not yet rated,NULL,N/A
CBLI,$3.81,1439828148763,"24,732",60% bullish,of 5 ratings,N/A
CLVS,$78.61,1439828148812,"72,399",60% bullish,of 5 ratings,$101.50
CME,$97.77,1439828148988,"196,489",67% bullish,of 3 ratings,$102
CISG,$8.501,1439828149093,"29,533",100% bullish,of 5 ratings,$10
CMFN,$11.1542,1439828149169,"15,235",100% bearish,of 1 rating,$15.50
CCNE,$17.48,1439828149227,"3,015",50% bullish,of 2 ratings,$21.50
CWAY,$11.5,1439828149266,500,Not yet rated,NULL,N/A
COKE,$164.48,1439828149297,"3,556",79% bullish,of 19 ratings,N/A
CNV,$4.81,1439828149402,"1,815",50% bullish,of 2 ratings,$7.15
CDXS,$3.85,1439828149529,"46,957",64% bullish,of 11 ratings,$6
CDRB,$12.4,1439828149631,"6,903",67% bullish,of 3 ratings,N/A
CCOI,$29.45,1439828149674,"72,923",50% bullish,of 4 ratings,$35
JVA,$4.755,1439828149699,875,83% bullish,of 6 ratings,$7
CGNT,$1.59,1439828149841,"3,759",100% bullish,of 2 ratings,$2
COBZ,$12.82,1439828149866,"21,556",100% bullish,of 1 rating,$14
CGNX,$36.88,1439828149891,"173,965",50% bullish,of 2 ratings,$47
CVLY,NULL,1439828149944,0,Not yet rated,NULL,N/A
COHR,$59.01,1439828150090,"12,320",50% bullish,of 2 ratings,$72
CHRS,$33.6,1439828150234,"24,016",67% bearish,of 3 ratings,$37
CTSH,$67.01,1439828150298,"622,647",90% bullish,of 10 ratings,$74.50
CLCT,$19.84,1439828150366,"2,552",100% bearish,of 1 rating,N/A
CLRX,$0.5001,1439828150438,"13,473",50% bullish,of 2 ratings,$1.85
CBAN,NULL,1439828150571,0,Not yet rated,NULL,N/A
COLL,$15.9,1439828150597,"13,150",100% bearish,of 1 rating,$26
CLCD,$7.92,1439828150622,"12,800",100% bearish,of 1 rating,$20.50
CIGI,$47.58,1439828150649,"3,128",100% bearish,of 1 rating,$52
COHU,$9.47,1439828150786,"16,051",100% bearish,of 1 rating,$14.25
COLB,$33.29,1439828150844,"33,485",Not yet rated,NULL,$36
COLM,$65.54,1439828150977,"27,553",100% bearish,of 1 rating,$71
CMCO,$21.84,1439828151007,"5,728",60% bullish,of 5 ratings,$28
CBMX,$1.278,1439828151029,"12,596",83% bullish,of 6 ratings,$3.15
CMCSA,$59.74,1439828151063,"2,134,650",66% bullish,of 35 ratings,$69.50
CMCSK,$60.19,1439828151161,"709,866",Not yet rated,NULL,$84
CBSH,$47.66,1439828151384,"47,580",50% bullish,of 2 ratings,$46
COMM,$31.65,1439828151471,"160,385",67% bearish,of 3 ratings,$35
JCS,$9.705,1439828151604,600,67% bullish,of 3 ratings,N/A
CUBN,$13.71,1439828151630,"9,923",Not yet rated,NULL,N/A
CVGI,$4.74,1439828151780,"82,399",50% bullish,of 2 ratings,$6
CBSHP,$25.4321,1439828151855,"2,804",100% bearish,of 1 rating,N/A
CYHHZ,$0.012,1439828151987,"94,400",100% bullish,of 1 rating,N/A
CWBC,NULL,1439828152069,0,Not yet rated,NULL,N/A
CTBI,$35.33,1439828152099,"7,030",Not yet rated,NULL,$36
CSAL,$23.247,1439828152230,"165,663",75% bullish,of 4 ratings,$30
ESXB,$5.09,1439828152322,"24,258",Not yet rated,NULL,N/A
CVLT,$38.03,1439828152376,"148,280",75% bullish,of 4 ratings,$44.50
COB,$10.8,1439828152454,700,100% bullish,of 1 rating,$11.50
CIZ,$35.18,1439828152586,"1,442",100% bearish,of 1 rating,N/A
CSA,NULL,1439828152614,0,Not yet rated,NULL,N/A
CIL,NULL,1439828152640,0,Not yet rated,NULL,N/A
CDC,$36.879,1439828152775,"1,000",Not yet rated,NULL,N/A
CID,NULL,1439828152808,0,Not yet rated,NULL,N/A
CFO,$37.638,1439828152845,"2,080",100% bearish,of 1 rating,N/A
CFA,$37.5399,1439828152909,250,100% bearish,of 1 rating,N/A
CSF,NULL,1439828152980,0,100% bearish,of 1 rating,N/A
CDL,NULL,1439828153042,0,Not yet rated,NULL,N/A
CSB,NULL,1439828153120,0,Not yet rated,NULL,N/A
CGEN,$5.76,1439828153223,"22,545",50% bullish,of 2 ratings,$11
CTG,$6.5823,1439828153402,"17,152",100% bearish,of 1 rating,$8.50
CHCI,$0.55,1439828153470,"26,400",50% bullish,of 2 ratings,N/A
SCOR,$64.23,1439828153598,"80,819",100% bearish,of 1 rating,$66
CNSI,$19.16,1439828153625,"23,131",100% bearish,of 2 ratings,$29
CMTL,$28.53,1439828153657,"2,994",100% bearish,of 2 ratings,$37
CNCE,$17.065,1439828153755,"52,336",75% bullish,of 4 ratings,$22
CPSI,$46.76,1439828153784,"8,942",100% bearish,of 1 rating,$45.50
CXRX,$77.8762,1439828153885,"2,755",Not yet rated,NULL,$90
CCUR,$5.14,1439828153980,"3,800",75% bullish,of 4 ratings,N/A
CDORP,$7.7,1439828154147,220,100% bearish,of 1 rating,N/A
CDORO,$19.55,1439828154285,350,100% bearish,of 1 rating,N/A
CFMS,$22.06,1439828154435,"76,323",Not yet rated,NULL,$27
CDOR,$1.4001,1439828154477,"5,782",100% bullish,of 1 rating,N/A
CTWS,$35.1,1439828154506,"3,544",100% bearish,of 1 rating,$44
CNMD,$56.62,1439828154613,"11,222",Not yet rated,NULL,$59
CNAT,$4.17,1439828154639,"40,676",83% bullish,of 6 ratings,$13
CNOB,$20.44,1439828154666,"9,845",100% bullish,of 1 rating,$23.50
CNFR,$10.55,1439828154876,"16,519",Not yet rated,NULL,N/A
CNSL,$20.59,1439828154953,"21,395",100% bearish,of 1 rating,$23
CONN,$34.55,1439828154983,"42,337",67% bullish,of 3 ratings,$48.50
CWCO,$12.1501,1439828155010,"15,712",67% bullish,of 3 ratings,$14.50
CTCT,$24.43,1439828155058,"37,851",67% bullish,of 3 ratings,$37
CPSS,$5.718,1439828155203,"10,028",100% bullish,of 1 rating,$10
CNXR,$6.82,1439828155229,"11,680",100% bearish,of 1 rating,$12
CFRX,$5.165,1439828155262,"59,267",Not yet rated,NULL,$14
CFRXW,$1.8001,1439828155421,"12,000",100% bearish,of 1 rating,N/A
CFRXZ,$0.5336,1439828155587,"16,600",Not yet rated,NULL,N/A
BVA,$3.9,1439828155763,101,50% bullish,of 2 ratings,N/A
CRBP,$1.91,1439828155793,"27,125",100% bullish,of 1 rating,$6.25
CORE,$64.37,1439828155852,"33,863",100% bearish,of 1 rating,$72
CPRT,$36.5512,1439828155894,"41,021",67% bearish,of 3 ratings,$40
CTRL,$8.81,1439828155979,"46,384",50% bullish,of 2 ratings,$11
CSOD,$38.33,1439828156041,"119,097",50% bullish,of 2 ratings,$42
CTRV,$4.5234,1439828156080,"9,852",Not yet rated,NULL,$6.40
CRVL,$33.61,1439828156214,"2,101",100% bearish,of 1 rating,N/A
COSI,$1.19,1439828156245,"37,712",100% bullish,of 1 rating,N/A
CORT,$5.45,1439828156317,"63,782",67% bullish,of 3 ratings,$12
COST,$145.61,1439828156346,"186,162",83% bullish,of 24 ratings,$154.50
CSGP,$194.19,1439828156486,"19,105",50% bullish,of 2 ratings,$235
CPAH,$0.451,1439828156618,"2,485",50% bullish,of 2 ratings,N/A
CORI,$11.57,1439828156693,"16,167",100% bearish,of 1 rating,$18
CVTI,$25.32,1439828156798,"23,410",67% bearish,of 3 ratings,$39
COWNL,NULL,1439828156988,0,Not yet rated,NULL,N/A
ICBK,$18.22,1439828157013,"1,180",Not yet rated,NULL,$21
CBRL,$150.67,1439828157063,"58,695",50% bullish,of 2 ratings,$155
CRAY,$22.63,1439828157156,"43,747",83% bullish,of 6 ratings,$38.50
BREW,$8.2,1439828157211,"17,067",67% bullish,of 6 ratings,$15
COWN,$5.52,1439828157239,"376,537",75% bullish,of 4 ratings,$7
CRAI,$23.28,1439828157290,"3,473",Not yet rated,NULL,$36
CPSH,NULL,1439828157322,0,Not yet rated,NULL,N/A
CACC,$204.85,1439828157416,"18,659",50% bullish,of 2 ratings,$158.50
SLVO,$10.5999,1439828157591,"1,565",100% bearish,of 1 rating,N/A
COVS,$2.87,1439828157619,"49,367",67% bullish,of 3 ratings,N/A
GLDI,$11.0105,1439828157644,"1,250",100% bearish,of 1 rating,N/A
CREE,$27.42,1439828157971,"283,209",65% bullish,of 17 ratings,$28.50
CRTO,$46.35,1439828157999,"93,000",67% bullish,of 6 ratings,$64
CROX,$14.93,1439828158073,"251,798",63% bullish,of 8 ratings,$16.50
CRESY,$11.43,1439828158103,"4,389",100% bearish,of 1 rating,$19
CYRXW,$0.8201,1439828158153,300,Not yet rated,NULL,N/A
CRWS,$8.1032,1439828158213,"4,814",Not yet rated,NULL,$10
CCRN,$14.09,1439828158286,"80,485",100% bearish,of 1 rating,$14.25
CRWN,$4.77,1439828158514,"20,321",75% bullish,of 4 ratings,N/A
CSPI,$6.11,1439828158674,"4,300",67% bullish,of 3 ratings,N/A
CRDS,$1.11,1439828158707,"2,279",50% bullish,of 4 ratings,$4.50
CSGS,$31.96,1439828158728,"20,100",Not yet rated,NULL,$40
CYRX,$3.03,1439828158807,"10,442",Not yet rated,NULL,$9
CTCM,$1.78,1439828158887,"83,333",80% bearish,of 5 ratings,$3.90
CTIC,$1.7835,1439828158915,"151,045",84% bullish,of 76 ratings,$5.75
CTRP,$71.35,1439828159140,"203,356",75% bullish,of 8 ratings,$92
CCLP,$15.0438,1439828159168,"18,319",67% bearish,of 3 ratings,$21
CTIB,NULL,1439828159189,0,100% bearish,of 1 rating,N/A
CUNB,$22.65,1439828159220,500,Not yet rated,NULL,$24.50
CUI,$5.555,1439828159355,"25,462",50% bullish,of 2 ratings,$10
CPIX,$6,1439828159381,"6,100",Not yet rated,NULL,N/A
CMLS,$1.28,1439828159460,"216,951",50% bullish,of 4 ratings,$6
CRIS,$2.84,1439828159629,"115,482",100% bullish,of 8 ratings,$6
CUTR,$14.99,1439828159655,"11,099",67% bearish,of 3 ratings,$18
CYAN,$7.85,1439828159685,"1,110",100% bearish,of 1 rating,N/A
CVV,$13.3,1439828159725,"114,074",100% bullish,of 5 ratings,N/A
CYBR,$58.7736,1439828159789,"559,998",86% bullish,of 7 ratings,$66
CVBF,$17.51,1439828159814,"40,004",Not yet rated,NULL,$18
CYCC,$0.61,1439828160135,"29,535",73% bullish,of 11 ratings,N/A
CYBE,$5.69,1439828160161,734,100% bearish,of 1 rating,N/A
CBAY,$2.6,1439828160217,"18,685",100% bullish,of 1 rating,$4
CYCCP,NULL,1439828160315,0,100% bearish,of 1 rating,N/A
CYNO,$34,1439828160356,"39,220",67% bearish,of 3 ratings,$45.50
CY,$10.25,1439828160386,"1,037,416",80% bullish,of 10 ratings,$15.50
CYNA,$15.0195,1439828160408,"3,779",100% bullish,of 1 rating,$33
CYBX,$58.81,1439828160443,"64,295",50% bullish,of 4 ratings,$70
CYRN,$1.6501,1439828160591,"105,548",67% bullish,of 3 ratings,$4
CONE,$35.385,1439828160624,"324,757",67% bearish,of 3 ratings,$35
CYTK,$6.67,1439828160789,"78,307",71% bullish,of 14 ratings,$13.50
CTSO,$7.46,1439828160925,"112,264",Not yet rated,NULL,$15.625
CYTX,$0.3997,1439828161063,"241,254",83% bullish,of 12 ratings,$5.50
DAEG,$0.36,1439828161093,"32,900",100% bearish,of 1 rating,N/A
TVIZ,NULL,1439828161114,0,100% bearish,of 1 rating,N/A
CYTR,$2.44,1439828161147,"241,115",67% bullish,of 6 ratings,$10
ZIV,$50.0428,1439828161174,"39,121",Not yet rated,NULL,N/A
TVIX,$5.5451,1439828161247,"1,657,440",81% bullish,of 16 ratings,N/A
DJCO,$210.2,1439828161353,"4,515",Not yet rated,NULL,N/A
XIV,$48.32,1439828161380,"3,120,678",75% bearish,of 4 ratings,N/A
DAIO,$2.6,1439828161464,12,Not yet rated,NULL,N/A
DTLK,$5.96,1439828161529,"15,768",100% bearish,of 1 rating,$9
DAKT,$12.13,1439828161556,"31,952",50% bullish,of 2 ratings,$14
DARA,$0.919,1439828161610,"22,647",83% bullish,of 6 ratings,$1.50
DRAM,$1.494,1439828161697,100,78% bullish,of 9 ratings,N/A
DWCH,$5.3,1439828161778,"12,711",75% bullish,of 4 ratings,$8.25
DTEA,$14,1439828161935,"69,771",100% bearish,of 2 ratings,$24
DBVT,$41.91,1439828161964,"24,922",100% bearish,of 1 rating,$53
PLAY,$37.22,1439828161991,"26,456",100% bullish,of 5 ratings,$42
DWSN,$5.06,1439828162066,"7,806",67% bullish,of 3 ratings,$6
DHRM,$1.73,1439828162198,75,Not yet rated,NULL,N/A
TRAK,$62.22,1439828162235,"28,893",50% bullish,of 2 ratings,$62.50
DFRG,$15.28,1439828162376,"29,301",100% bearish,of 1 rating,$20
TACOW,$4.56,1439828162511,"11,109",100% bullish,of 1 rating,N/A
DCTH,$0.498,1439828162557,"66,232",78% bullish,of 9 ratings,N/A
TACO,$13.85,1439828162603,"108,922",100% bullish,of 3 ratings,$20
DGAS,$20.32,1439828162697,50,67% bearish,of 3 ratings,N/A
DELTW,$0.17,1439828162728,"2,500",Not yet rated,NULL,N/A
DELT,$2.4999,1439828162832,535,Not yet rated,NULL,N/A
DEPO,$31.26,1439828162967,"173,448",75% bullish,of 4 ratings,$32
DENN,$12.46,1439828162994,"81,514",100% bullish,of 3 ratings,$15
XRAY,$56.815,1439828163026,"70,567",100% bullish,of 1 rating,$58
DERM,$24.75,1439828163128,"44,224",100% bearish,of 1 rating,$23
DSCI,$6.72,1439828163157,"46,661",50% bullish,of 2 ratings,$16
DEST,$11.9,1439828163185,"7,347",50% bullish,of 2 ratings,N/A
DXLG,$4.86,1439828163213,"1,883",100% bearish,of 1 rating,$8
DXM,$0.3251,1439828163378,"35,295",50% bullish,of 2 ratings,N/A
DSWL,NULL,1439828163432,0,100% bullish,of 1 rating,N/A
DXCM,$97.25,1439828163462,"255,234",57% bullish,of 7 ratings,$98
DHXM,NULL,1439828163566,0,Not yet rated,NULL,N/A
DMND,$32.18,1439828163724,"21,517",75% bullish,of 12 ratings,$32
FANG,$72.35,1439828163806,"207,944",50% bullish,of 2 ratings,$86
DHIL,$191.17,1439828163865,485,Not yet rated,NULL,N/A
DCIX,$1.89,1439828163898,"8,348",50% bullish,of 4 ratings,$3.50
DGII,$10.02,1439828164002,"1,724",100% bearish,of 1 rating,$10
DRNA,$10.92,1439828164027,"16,191",67% bearish,of 3 ratings,$25
DMRC,$37.63,1439828164081,"19,643",100% bearish,of 1 rating,$44
DGLY,$7.72,1439828164273,"61,951",50% bullish,of 6 ratings,$20
APPS,$2.38,1439828164346,"25,625",100% bearish,of 1 rating,$10.25
DPRX,$14.19,1439828164481,"10,802",100% bullish,of 2 ratings,$27.75
DISCA,$28.97,1439828164515,"382,879",67% bullish,of 3 ratings,$34
DIOD,$20.37,1439828164563,"31,151",75% bearish,of 4 ratings,$24
DCOM,$17.3,1439828164592,"16,206",100% bearish,of 2 ratings,$16.50
DRAD,$3.99,1439828164625,"3,800",100% bullish,of 1 rating,$5.25
DISCK,$27.46,1439828164729,"264,901",100% bearish,of 1 rating,$40
DISCB,NULL,1439828164755,0,100% bearish,of 1 rating,$35
DSCO,$0.4898,1439828164910,"174,783",83% bullish,of 6 ratings,$2.75
DVCR,$11.84,1439828164994,"1,962",100% bullish,of 1 rating,N/A
DISH,$66.94,1439828165082,"204,116",69% bullish,of 13 ratings,$73
DLHC,$2.51,1439828165127,50,100% bearish,of 1 rating,N/A
BAGR,$2.93,1439828165189,"7,772",100% bearish,of 1 rating,$6
DNBF,NULL,1439828165256,0,Not yet rated,NULL,$27.50
DGICA,$14.725,1439828165284,"6,046",100% bearish,of 1 rating,$17
DLTR,$78.13,1439828165348,"249,586",82% bullish,of 11 ratings,$88
DGICB,$21.37,1439828165454,4,100% bearish,of 1 rating,N/A
DORM,$52.26,1439828165559,"39,189",100% bearish,of 1 rating,$56
HILL,$5.45,1439828165613,"95,892",60% bearish,of 5 ratings,$8
DMLP,$14.67,1439828165641,"13,067",100% bearish,of 1 rating,N/A
DRWI,$0.3,1439828165767,"51,100",60% bullish,of 5 ratings,$.45
DRWIW,NULL,1439828165800,0,Not yet rated,NULL,N/A
DWA,$19.5,1439828165905,"78,731",63% bullish,of 8 ratings,$26
DRYS,$0.3767,1439828165933,"1,148,124",77% bullish,of 31 ratings,$.60
DSKX,$3.5,1439828166074,"977,224",100% bullish,of 1 rating,N/A
CADT,NULL,1439828166203,0,Not yet rated,NULL,N/A
CADTU,NULL,1439828166302,0,Not yet rated,NULL,N/A
CADTR,$0.195,1439828166337,300,Not yet rated,NULL,N/A
CADTW,NULL,1439828166432,0,Not yet rated,NULL,N/A
DTSI,$27.3,1439828166458,"20,446",100% bearish,of 2 ratings,$39.50
DNKN,$52.65,1439828166522,"91,422",67% bullish,of 15 ratings,$56.50
DRRX,$2.2,1439828166591,"45,149",50% bullish,of 6 ratings,$3
DXPE,$30.14,1439828166616,"21,034",50% bullish,of 2 ratings,N/A
DYAX,$22.75,1439828166818,"152,961",89% bullish,of 9 ratings,$30
BOOM,$10.11,1439828166848,"11,003",67% bullish,of 3 ratings,$12
DYNT,$3,1439828166875,"2,850",75% bullish,of 4 ratings,N/A
DYSL,NULL,1439828166896,0,100% bullish,of 2 ratings,N/A
DSPG,$9.04,1439828167075,"5,349",100% bearish,of 1 rating,$13.50
DVAX,$30.1,1439828167103,"70,546",70% bullish,of 10 ratings,$40
ETFC,$28.44,1439828167131,"384,019",57% bullish,of 14 ratings,$33
EBMT,NULL,1439828167328,0,Not yet rated,NULL,$13.50
EGBN,$44.625,1439828167357,"23,728",Not yet rated,NULL,$48
EGLE,$7.785,1439828167388,"5,550",60% bullish,of 5 ratings,N/A
EGRX,$69.26,1439828167427,"161,873",67% bullish,of 3 ratings,$97
EROC,$1.56,1439828167489,"120,393",50% bullish,of 2 ratings,$3
EACQU,$10.05,1439828167574,900,Not yet rated,NULL,N/A
ELNK,$9.2135,1439828167634,"211,181",80% bullish,of 5 ratings,$9.50
EWBC,$45.03,1439828167659,"280,129",100% bearish,of 1 rating,$50
EML,$17.19,1439828167839,"2,350",Not yet rated,NULL,N/A
EBAY,$28.06,1439828167868,"2,389,371",81% bullish,of 117 ratings,$48
EBIX,$30.67,1439828167921,"19,991",69% bullish,of 13 ratings,$40
ELON,$0.5788,1439828168005,"32,929",50% bullish,of 2 ratings,N/A
EVBS,NULL,1439828168080,0,Not yet rated,NULL,$7
ECHO,$24.96,1439828168106,"59,534",67% bearish,of 3 ratings,$36
ECTE,$1.4901,1439828168133,"13,452",75% bullish,of 4 ratings,N/A
SATS,$46.53,1439828168268,"11,295",50% bullish,of 2 ratings,$60
EEI,$11.1475,1439828168370,"1,284",67% bearish,of 3 ratings,N/A
ECACU,$10.02,1439828168429,"1,100",Not yet rated,NULL,N/A
EDAP,$3.65,1439828168467,"12,703",60% bullish,of 5 ratings,$4.50
ESES,$3.47,1439828168600,"3,627",100% bearish,of 1 rating,$7
EDUC,$4.652,1439828168640,"1,800",100% bearish,of 1 rating,N/A
EDGW,$6.95,1439828168669,150,100% bearish,of 1 rating,N/A
EGAN,$3.5,1439828168694,"63,641",50% bullish,of 2 ratings,$6.25
EFUT,$4.65,1439828168732,"2,899",Not yet rated,NULL,N/A
EHTH,$14.73,1439828168907,"51,282",50% bullish,of 4 ratings,$16.50
LOCO,$14.655,1439828168941,"832,111",69% bullish,of 13 ratings,$23
EGLT,$12.73,1439828168967,"26,080",50% bullish,of 2 ratings,$21
EMITF,$1.29,1439828169050,"8,508",75% bullish,of 4 ratings,N/A
ESLT,$81.3566,1439828169111,"3,117",100% bullish,of 2 ratings,N/A
ERI,$9.56,1439828169183,"59,983",100% bearish,of 1 rating,$10
ELRC,$10.325,1439828169267,"3,190",100% bearish,of 1 rating,N/A
EA,$72.86,1439828169315,"695,857",77% bullish,of 35 ratings,$80
EFII,$46.08,1439828169359,"25,829",80% bullish,of 5 ratings,$55
ESIO,$4.6,1439828169395,"41,059",50% bullish,of 2 ratings,$10
ELSE,$4.4,1439828169457,"5,043",60% bullish,of 5 ratings,N/A
ELEC,NULL,1439828169529,0,Not yet rated,NULL,N/A
ELECU,NULL,1439828169611,0,Not yet rated,NULL,N/A
EBIO,$4.24,1439828169690,"774,564",100% bearish,of 2 ratings,$8.35
ELECW,NULL,1439828169716,0,Not yet rated,NULL,N/A
RDEN,$10.3,1439828169768,"18,182",100% bearish,of 4 ratings,$15
CAPX,NULL,1439828169851,0,Not yet rated,NULL,N/A
ESBK,NULL,1439828169915,0,Not yet rated,NULL,N/A
LONG,$17.12,1439828170002,"75,890",67% bullish,of 3 ratings,$15.75
ELTK,$1.159,1439828170047,"1,195",67% bearish,of 3 ratings,N/A
EMCI,$24.46,1439828170109,"2,829",Not yet rated,NULL,N/A
EMCF,NULL,1439828170139,0,100% bearish,of 1 rating,N/A
EMKR,$7.31,1439828170239,"296,370",75% bullish,of 4 ratings,$8.50
EMMS,$1.21,1439828170269,"27,995",67% bullish,of 6 ratings,N/A
EMMSP,NULL,1439828170401,0,100% bearish,of 1 rating,N/A
ECPG,$40.4,1439828170536,"40,726",100% bullish,of 2 ratings,$52
ERS,$3.01,1439828170563,"4,034",Not yet rated,NULL,N/A
NYNY,$4.543,1439828170588,"11,251",50% bullish,of 2 ratings,N/A
ENTA,$40.77,1439828170616,"31,572",50% bullish,of 2 ratings,$42
ENDP,$85.92,1439828170766,"349,259",50% bullish,of 6 ratings,$104
WIRE,$33.77,1439828170814,"14,536",100% bearish,of 1 rating,$41
ECYT,$5.4,1439828170899,"45,041",83% bullish,of 6 ratings,$12
WATT,$7.07,1439828171030,"56,977",50% bullish,of 2 ratings,$13
EFOI,$15.9775,1439828171061,"528,520",50% bullish,of 2 ratings,$17
ELGX,$12.87,1439828171082,"239,187",75% bullish,of 4 ratings,$17
EIGI,$16.47,1439828171112,"129,989",67% bearish,of 3 ratings,$20
ERII,$2.89,1439828171246,"9,011",80% bullish,of 5 ratings,$2.50
ENOC,$8.9399,1439828171275,"51,709",75% bullish,of 4 ratings,$18
EXXI,$1.7049,1439828171300,"333,503",86% bullish,of 7 ratings,$3.50
ENFC,NULL,1439828171506,0,Not yet rated,NULL,N/A
ENPH,$5.51,1439828171551,"107,880",75% bullish,of 4 ratings,$11
ENG,$1.097,1439828171609,"6,400",100% bullish,of 3 ratings,N/A
ESGR,$161.24,1439828171688,"8,659",100% bearish,of 1 rating,$185
ENTG,$14.66,1439828171895,"157,314",100% bearish,of 1 rating,$18
ENTL,$22.63,1439828171922,"1,913",Not yet rated,NULL,$28
ETRM,$0.2701,1439828171982,"437,530",69% bearish,of 35 ratings,$1.625
EBTC,$20.98,1439828172077,306,Not yet rated,NULL,N/A
ENZN,$1.0699,1439828172104,"502,858",100% bullish,of 9 ratings,N/A
EFSC,$24.8,1439828172126,"5,335",Not yet rated,NULL,$27
EGT,NULL,1439828172160,0,100% bullish,of 1 rating,N/A
ENVI,$1.82,1439828172293,"6,400",67% bullish,of 3 ratings,N/A
ENZY,$8.8,1439828172323,"11,121",67% bullish,of 3 ratings,$9.50
EPIQ,$14.06,1439828172427,"6,718",100% bearish,of 1 rating,$18
EPRS,$5.16,1439828172496,"12,744",82% bullish,of 11 ratings,$15
EPZM,$17.94,1439828172591,"50,182",60% bullish,of 5 ratings,$34
PLUS,$73.81,1439828172624,"25,694",50% bullish,of 2 ratings,$88
EQIX,$283.2,1439828172877,"50,321",67% bullish,of 3 ratings,$312.50
ERIC,$10.4,1439828172907,"529,162",63% bullish,of 8 ratings,$13.30
EAC,$3.46,1439828172934,"1,179",100% bearish,of 1 rating,$7.50
ERIE,$86.35,1439828172966,"3,197",Not yet rated,NULL,$73
EQFN,NULL,1439828173003,0,Not yet rated,NULL,N/A
ESCR,$0.2241,1439828173072,"6,055",50% bullish,of 2 ratings,N/A
ESCA,$18.702,1439828173100,"2,666",100% bearish,of 1 rating,$22
ESPR,$75.1201,1439828173278,"583,684",56% bearish,of 9 ratings,$130
ESCRP,$1.69,1439828173306,"2,385",100% bearish,of 1 rating,N/A
ESMC,$1.31,1439828173333,606,Not yet rated,NULL,N/A
EPIX,NULL,1439828173353,0,Not yet rated,NULL,N/A
ESSA,$12.79,1439828173538,"2,699",100% bearish,of 1 rating,N/A
ESND,$36.51,1439828173671,"12,828",100% bearish,of 1 rating,$40
ETSY,$17.1,1439828173721,"306,543",80% bullish,of 5 ratings,$16
CLWT,$2.52,1439828173752,10,100% bearish,of 1 rating,N/A
ESSX,$0.45,1439828173774,"23,812",50% bullish,of 2 ratings,N/A
ESEA,$6.45,1439828173805,279,100% bullish,of 1 rating,$15
EEFT,$68.2634,1439828173832,"23,484",100% bearish,of 1 rating,$67.50
EVEP,$9.25,1439828173853,"196,044",50% bullish,of 2 ratings,$15
EVOK,$4.6397,1439828174090,"3,466",100% bearish,of 1 rating,$13.75
EVK,$3.91,1439828174133,"2,084",75% bearish,of 4 ratings,N/A
EVLV,$2.25,1439828174176,"24,001",60% bullish,of 5 ratings,$6.50
EXAS,$23.4188,1439828174269,"142,439",78% bullish,of 9 ratings,$31
EVOL,$6.325,1439828174303,"4,843",75% bullish,of 4 ratings,$10
EXA,$10.6,1439828174329,"4,140",100% bearish,of 1 rating,$13
EXEL,$5.905,1439828174527,"532,366",81% bullish,of 16 ratings,$6
EXAC,$18.7024,1439828174548,"13,051",100% bearish,of 1 rating,$22.50
EXLS,$37.16,1439828174631,"11,345",100% bullish,of 1 rating,$41
EXPE,$121.7504,1439828174697,"127,664",64% bullish,of 11 ratings,$130
EXFO,$2.91,1439828174733,"1,400",67% bearish,of 3 ratings,$3.95
EXPD,$49.16,1439828174755,"148,705",80% bullish,of 5 ratings,$50.50
EXPO,$44.0084,1439828174833,"11,621",100% bearish,of 1 rating,$45.50
EXLP,$20.91,1439828174900,"46,205",100% bearish,of 1 rating,$27
ESRX,$88.8128,1439828174981,"414,085",67% bearish,of 6 ratings,$101
EXTR,$2.955,1439828175006,"131,613",80% bullish,of 5 ratings,$3
EYEG,$3.85,1439828175043,"14,297",Not yet rated,NULL,N/A
EYEGW,NULL,1439828175070,0,Not yet rated,NULL,N/A
EZCH,$21.5001,1439828175218,"58,937",75% bullish,of 8 ratings,$19.50
EZPW,$6.12,1439828175296,"57,243",50% bullish,of 4 ratings,$7.50
FFIV,$133.76,1439828175357,"129,960",71% bullish,of 7 ratings,$132
FCS,$14.5,1439828175387,"127,247",67% bearish,of 3 ratings,$17
FB,$93.53,1439828175449,"6,045,787",73% bullish,of 1063 ratings,$111
FWM,$2.3,1439828175519,"46,390",100% bearish,of 2 ratings,$3.20
FRP,$17.7175,1439828175549,"45,473",100% bearish,of 1 rating,$18
FALC,$1.68,1439828175593,"31,043",63% bearish,of 8 ratings,N/A
DAVE,$14.63,1439828175808,"12,024",100% bearish,of 1 rating,$15.50
FARM,$23.49,1439828175881,"6,660",100% bearish,of 1 rating,$35
FMNB,$8.13,1439828175939,"9,968",Not yet rated,NULL,N/A
FFKT,$27.2,1439828175990,"8,206",Not yet rated,NULL,$29
FATE,$7.525,1439828176095,"4,503",100% bearish,of 1 rating,$11
FARO,$41.95,1439828176122,"31,371",50% bullish,of 2 ratings,$48
FAST,$40.52,1439828176184,"225,882",80% bullish,of 5 ratings,$46
FBRC,$22.94,1439828176251,"2,904",100% bearish,of 1 rating,$29
FBSS,NULL,1439828176278,0,Not yet rated,NULL,N/A
FNHC,$24.22,1439828176327,"17,454",100% bearish,of 1 rating,$35
FEIC,$81.33,1439828176476,"67,251",50% bullish,of 2 ratings,$95.50
FENX,$9.92,1439828176516,"30,749",100% bullish,of 1 rating,$14.25
FDML,$9.81,1439828176538,"29,243",50% bullish,of 4 ratings,$14
FHCO,$1.54,1439828176559,"12,600",50% bullish,of 4 ratings,N/A
FCSC,$6.5,1439828176606,"29,668",100% bearish,of 1 rating,$8.125
FGEN,$24.86,1439828176632,"213,318",100% bearish,of 1 rating,$39
ONEQ,$199.2726,1439828176889,"3,207",100% bullish,of 1 rating,N/A
LION,$20.76,1439828176920,"67,213",100% bullish,of 1 rating,$20
FRGI,$55.57,1439828176953,"68,680",50% bullish,of 2 ratings,$70
FDUS,$14.6999,1439828176975,"12,873",100% bullish,of 1 rating,$18
FSC,$6.5028,1439828177030,"159,610",75% bullish,of 4 ratings,$8
FSAM,$8.65,1439828177056,"4,746",100% bearish,of 1 rating,$11
FSCFL,$24.6873,1439828177184,"1,400",Not yet rated,NULL,N/A
FITB,$21.13,1439828177284,"876,613",54% bullish,of 13 ratings,$22
FSFR,$9.18,1439828177318,"44,379",100% bearish,of 1 rating,$11.50
FITBI,$27.84,1439828177352,"5,611",Not yet rated,NULL,N/A
FNGN,$36.28,1439828177415,"60,754",67% bullish,of 3 ratings,$47
FISI,$24.6,1439828177445,"2,436",100% bullish,of 2 ratings,$24.50
FNSR,$17.64,1439828177472,"264,110",83% bullish,of 6 ratings,$25
FNJN,$1.8125,1439828177500,"15,633",100% bearish,of 1 rating,$5
FNTC,NULL,1439828177804,0,Not yet rated,NULL,N/A
FNTCW,NULL,1439828177837,0,Not yet rated,NULL,N/A
FEYE,$43.045,1439828177881,"769,745",87% bullish,of 15 ratings,$55.50
FNTCU,NULL,1439828177933,0,Not yet rated,NULL,N/A
FNLC,$18.705,1439828177959,"7,200",100% bullish,of 1 rating,N/A
FRBA,$6.0599,1439828178013,"4,050",Not yet rated,NULL,$8
FBNC,$17.2,1439828178045,"4,600",100% bullish,of 1 rating,$20
BUSE,$6.42,1439828178170,"12,092",Not yet rated,NULL,$6.875
FBIZ,$44.03,1439828178200,"2,815",100% bearish,of 2 ratings,$52
FCVA,NULL,1439828178304,0,Not yet rated,NULL,N/A
FCNCA,$253.56,1439828178336,"2,894",Not yet rated,NULL,N/A
FCFS,$38.28,1439828178411,"19,466",100% bearish,of 2 ratings,$48
FCAP,$26.12,1439828178441,"4,166",Not yet rated,NULL,N/A
FCLF,$9.2,1439828178468,200,Not yet rated,NULL,N/A
FCBC,$18.04,1439828178493,"3,730",Not yet rated,NULL,$17
FCCO,$12,1439828178804,101,Not yet rated,NULL,$13.25
FDEF,$36.95,1439828178832,"8,891",Not yet rated,NULL,$38
FFNM,$6.42,1439828178880,400,Not yet rated,NULL,N/A
FBNK,$16.2986,1439828178961,"2,783",100% bearish,of 1 rating,$17.50
FFIN,$32.67,1439828178987,"6,241",50% bullish,of 2 ratings,$31.75
FFBCW,NULL,1439828179037,0,100% bearish,of 1 rating,N/A
FCFP,$7,1439828179067,"1,400",Not yet rated,NULL,N/A
FFBC,$19.1,1439828179166,"32,004",67% bearish,of 3 ratings,$20.25
FFWM,$21.42,1439828179299,792,Not yet rated,NULL,$24
THFF,$33.76,1439828179328,"3,760",Not yet rated,NULL,$35
FFNW,$12.5201,1439828179354,"2,476",Not yet rated,NULL,$14
INBK,$36.53,1439828179389,"13,024",50% bullish,of 2 ratings,$37
FRME,$26.14,1439828179457,"152,368",Not yet rated,NULL,$26.50
FIBK,$28.13,1439828179485,"12,009",Not yet rated,NULL,$32
FMBH,$21.86,1439828179635,"3,157",Not yet rated,NULL,N/A
FMBI,$18.48,1439828179769,"30,136",Not yet rated,NULL,$20
FNFG,$9.7457,1439828179801,"359,237",80% bullish,of 5 ratings,$9
FNBC,$36.85,1439828179822,"20,788",Not yet rated,NULL,$41
FNWB,$12.29,1439828179898,"2,000",Not yet rated,NULL,N/A
FSGI,$2.5,1439828179954,400,Not yet rated,NULL,N/A
FSFG,$31.49,1439828179979,"4,568",Not yet rated,NULL,N/A
FSBK,$7.8,1439828180040,"1,536",100% bullish,of 1 rating,N/A
FSLR,$51.72,1439828180140,"403,038",74% bullish,of 39 ratings,$65
BICK,NULL,1439828180234,0,100% bullish,of 1 rating,N/A
FTCS,$38.6942,1439828180268,"5,380",Not yet rated,NULL,N/A
FCAN,$25.7291,1439828180299,500,Not yet rated,NULL,N/A
FBZ,NULL,1439828180325,0,Not yet rated,NULL,N/A
FCA,$22.87,1439828180401,"1,402",Not yet rated,NULL,N/A
FV,$24.7701,1439828180585,"466,832",Not yet rated,NULL,N/A
IFV,$18.8503,1439828180645,"263,933",100% bearish,of 1 rating,N/A
FEMB,NULL,1439828180721,0,Not yet rated,NULL,N/A
FTSM,$59.9439,1439828180751,"8,455",100% bearish,of 1 rating,N/A
FEUZ,$32.5,1439828180780,100,Not yet rated,NULL,N/A
TDIV,$26.0899,1439828180848,"11,453",100% bearish,of 1 rating,N/A
MDIV,$19.8701,1439828180880,"49,255",Not yet rated,NULL,N/A
FGM,$37.39,1439828180989,"2,106",Not yet rated,NULL,N/A
FTHI,$20.57,1439828181150,"1,106",Not yet rated,NULL,N/A
FTGC,$22.89,1439828181187,"158,758",Not yet rated,NULL,N/A
FPXI,NULL,1439828181244,0,Not yet rated,NULL,N/A
YDIV,NULL,1439828181280,0,Not yet rated,NULL,N/A
HYLS,$49.738,1439828181308,"21,207",100% bearish,of 1 rating,N/A
FHK,$35.95,1439828181344,"1,839",Not yet rated,NULL,N/A
SKYY,$30.5801,1439828181481,"19,375",100% bullish,of 1 rating,N/A
PLTM,$6.46,1439828181669,848,100% bearish,of 1 rating,N/A
CU,$13.3449,1439828181690,"1,212",100% bearish,of 1 rating,N/A
FTLB,NULL,1439828181728,0,100% bearish,of 1 rating,N/A
LMBS,NULL,1439828181770,0,Not yet rated,NULL,N/A
FJP,$50.43,1439828181826,"16,665",Not yet rated,NULL,N/A
QABA,$39.5671,1439828181858,"10,550",100% bearish,of 1 rating,N/A
CIBR,$19.62,1439828181964,"40,213",Not yet rated,NULL,N/A
FMB,$51.2,1439828182068,204,Not yet rated,NULL,N/A
FONE,$36.47,1439828182098,160,Not yet rated,NULL,N/A
GRID,$34.6299,1439828182154,107,100% bearish,of 1 rating,N/A
CARZ,$37.0699,1439828182201,162,100% bearish,of 1 rating,N/A
QCLN,$16.034,1439828182230,"3,786",Not yet rated,NULL,N/A
RDVY,$22.46,1439828182255,"4,464",Not yet rated,NULL,N/A
QQXT,$42.7875,1439828182576,"2,666",Not yet rated,NULL,N/A
AIRR,$17.082,1439828182623,"8,861",100% bearish,of 1 rating,N/A
QQEW,$44.2062,1439828182659,"8,001",Not yet rated,NULL,N/A
QTEC,$42.33,1439828182681,"38,893",Not yet rated,NULL,N/A
FTSL,$48.9895,1439828182702,"12,893",100% bearish,of 1 rating,N/A
FDIV,$47.11,1439828182750,"3,039",100% bearish,of 1 rating,N/A
QINC,$21.62,1439828182776,"3,446",Not yet rated,NULL,N/A
FKO,NULL,1439828182836,0,Not yet rated,NULL,N/A
TUSA,$26.3974,1439828183017,110,Not yet rated,NULL,N/A
FSZ,$40.7,1439828183049,474,Not yet rated,NULL,N/A
FTW,$31.1,1439828183101,251,Not yet rated,NULL,N/A
FKU,$43.872,1439828183149,"1,232",Not yet rated,NULL,N/A
FUNC,$8.3,1439828183175,500,Not yet rated,NULL,N/A
SVVC,$10.58,1439828183307,"7,852",100% bullish,of 1 rating,$26
FMER,$18.715,1439828183370,"164,288",50% bullish,of 2 ratings,$20
FISV,$89.9,1439828183451,"138,288",100% bearish,of 3 ratings,$90
FSV,$32.76,1439828183485,"1,902",Not yet rated,NULL,$33.60
FLML,$21.1292,1439828183594,"108,317",50% bullish,of 2 ratings,$30
FIVN,$4.478,1439828183619,"56,969",100% bullish,of 1 rating,$8.50
FPRX,$18.93,1439828183653,"82,861",50% bullish,of 2 ratings,$35
FIVE,$37.81,1439828183682,"127,612",75% bearish,of 4 ratings,$44
FLKS,$14.18,1439828183751,"6,813",50% bullish,of 2 ratings,$27
FLXN,$23.43,1439828183925,"8,250",100% bearish,of 1 rating,$39.50
MBSD,NULL,1439828184074,0,Not yet rated,NULL,N/A
FLXS,$41.15,1439828184126,"6,168",100% bearish,of 2 ratings,N/A
SKOR,$50.43,1439828184208,20,Not yet rated,NULL,N/A
FLIR,$30.56,1439828184269,"44,503",100% bearish,of 1 rating,$38.50
FLEX,$11.14,1439828184341,"400,707",63% bullish,of 8 ratings,$12
FLDM,$12.73,1439828184371,"103,218",67% bearish,of 3 ratings,$21.50
FFIC,$20.9,1439828184446,"6,938",Not yet rated,NULL,$21
FOMX,$10.29,1439828184476,"35,318",50% bullish,of 2 ratings,$23.50
FOGO,$19,1439828184503,"36,992",50% bullish,of 2 ratings,$25.50
FONR,$9.52,1439828184638,"1,138",100% bullish,of 1 rating,N/A
FORTY,$35,1439828184696,400,Not yet rated,NULL,N/A
FORR,$32.33,1439828184764,"8,742",Not yet rated,NULL,N/A
FORM,$6.67,1439828184791,"28,005",67% bullish,of 3 ratings,$10.50
FES,$1.07,1439828184848,820,50% bullish,of 2 ratings,$1
FTNT,$47.31,1439828184960,"216,153",80% bullish,of 10 ratings,$52
FBIO,$3.1,1439828185106,"34,651",83% bullish,of 6 ratings,N/A
FWRD,$48.43,1439828185133,"41,251",100% bearish,of 1 rating,$50
FORD,$1.15,1439828185160,"439,223",50% bullish,of 2 ratings,N/A
FOSL,$61.76,1439828185295,"183,448",50% bullish,of 4 ratings,$70
FXCB,$17.45,1439828185317,212,Not yet rated,NULL,$19
FWP,$25.37,1439828185349,"8,448",100% bearish,of 1 rating,$45
FMI,$20.35,1439828185375,"62,325",100% bearish,of 2 ratings,$27.50
FRAN,$11.3,1439828185524,"188,264",50% bullish,of 4 ratings,$15
FOXF,$15.71,1439828185560,"8,736",100% bearish,of 1 rating,$19
FELE,$30.25,1439828185625,"38,401",50% bullish,of 4 ratings,$33
FRED,$14.34,1439828185728,"11,604",50% bullish,of 2 ratings,$16.50
FREE,$0.525,1439828185759,"497,219",92% bullish,of 12 ratings,N/A
FEIM,$10.9133,1439828185859,400,100% bearish,of 1 rating,N/A
FRPT,$14.45,1439828185910,"78,643",67% bearish,of 3 ratings,$23.50
RAIL,$22.16,1439828185940,"33,361",100% bearish,of 1 rating,$24.50
FTRPR,$109.614,1439828186045,"49,582",100% bearish,of 1 rating,N/A
FTR,$5.6299,1439828186130,"4,156,122",78% bullish,of 27 ratings,$6.25
FRPH,$31.06,1439828186161,606,100% bearish,of 1 rating,N/A
FSBW,$23.23,1439828186261,400,Not yet rated,NULL,N/A
FSYS,$6.72,1439828186289,"10,329",67% bullish,of 3 ratings,$10
FTD,$30.38,1439828186365,"11,765",100% bearish,of 1 rating,$40
FTEK,$2.35,1439828186425,"21,675",75% bullish,of 4 ratings,N/A
FCEL,$0.8145,1439828186509,"108,426",88% bullish,of 40 ratings,$2.65
FULL,$3.21,1439828186537,"32,871",67% bearish,of 3 ratings,$4.25
FULLL,$25.5,1439828186669,300,Not yet rated,NULL,N/A
FULT,$13.115,1439828186700,"80,848",100% bearish,of 1 rating,$13
FLL,$1.6,1439828186761,700,75% bullish,of 4 ratings,$2.825
FFHL,$0.88,1439828186847,30,50% bullish,of 4 ratings,N/A
FSNN,$2.6101,1439828186875,588,67% bullish,of 3 ratings,$6
FXEN,$1.03,1439828186900,"130,057",75% bullish,of 4 ratings,$1.10
WILC,$5.2149,1439828187098,"3,793",100% bullish,of 2 ratings,N/A
FXENP,$16.5,1439828187131,350,100% bearish,of 1 rating,N/A
GAIA,$6.12,1439828187157,"8,424",50% bullish,of 2 ratings,$8.50
GK,$71.69,1439828187231,"6,383",Not yet rated,NULL,$78
GLPG,$59.78,1439828187291,"4,005",100% bullish,of 1 rating,$75
GALTU,NULL,1439828187321,0,100% bearish,of 1 rating,N/A
GALT,$2.325,1439828187343,"76,074",80% bullish,of 5 ratings,N/A
GALTW,$0.7131,1439828187541,999,100% bullish,of 1 rating,N/A
GALE,$1.42,1439828187575,"193,351",89% bullish,of 47 ratings,$4
GLMD,$8.97,1439828187674,"7,651",67% bullish,of 3 ratings,$20.50
GPIC,$10.27,1439828187705,864,100% bearish,of 1 rating,N/A
GLPI,$33.28,1439828187733,"38,064",100% bearish,of 1 rating,$37.50
GGAC,$9.82,1439828187804,200,100% bearish,of 1 rating,N/A
GRMN,$40.2256,1439828187867,"113,271",50% bullish,of 6 ratings,$48
GGACR,NULL,1439828187900,0,100% bullish,of 1 rating,N/A
GGACW,NULL,1439828188106,0,Not yet rated,NULL,N/A
GENC,$9.49,1439828188131,125,100% bearish,of 1 rating,N/A
GARS,$14.92,1439828188193,"4,226",Not yet rated,NULL,$16
GGACU,NULL,1439828188273,0,Not yet rated,NULL,N/A
GFN,$4,1439828188334,"23,650",100% bearish,of 2 ratings,$8
GNCMA,$18.19,1439828188466,"18,042",100% bearish,of 1 rating,$12
GFNSL,NULL,1439828188491,0,Not yet rated,NULL,N/A
GENE,$2.7276,1439828188518,"52,797",100% bullish,of 12 ratings,N/A
GFNCP,$93.77,1439828188539,100,Not yet rated,NULL,N/A
GNMK,$9.5448,1439828188572,"21,529",67% bullish,of 6 ratings,$14
GNCA,$13.08,1439828188677,"24,262",100% bearish,of 1 rating,$20
GHDX,$26.13,1439828188767,"51,044",50% bullish,of 2 ratings,$30
GNTX,$15.929,1439828188923,"327,698",Not yet rated,NULL,$20
GTWN,NULL,1439828189175,0,Not yet rated,NULL,N/A
THRM,$48.36,1439828189203,"39,650",75% bearish,of 4 ratings,$55.50
GNVC,$2.43,1439828189229,"2,407",90% bullish,of 10 ratings,$8.50
GABC,$29.7,1439828189667,"3,155",Not yet rated,NULL,$31.50
GERN,$3.24,1439828189731,"554,325",88% bullish,of 16 ratings,$5.25
GIGA,$1.4301,1439828189759,"7,914",100% bearish,of 1 rating,N/A
GEVO,$2.175,1439828189780,"97,672",75% bullish,of 12 ratings,N/A
GEOS,$15.88,1439828189816,"23,908",100% bearish,of 3 ratings,$25.50
GIGM,$0.6536,1439828189917,"31,785",100% bullish,of 2 ratings,N/A
GIII,$69.84,1439828189943,"25,395",67% bullish,of 3 ratings,$75
ROCK,$18.68,1439828189969,"107,668",80% bullish,of 5 ratings,$24
GILD,$116.41,1439828190127,"1,564,665",91% bullish,of 86 ratings,$129
GILT,$4.564,1439828190157,"5,044",50% bullish,of 2 ratings,N/A
GLAD,$8.2888,1439828190259,"32,941",50% bullish,of 2 ratings,$8.75
GLADO,$25.41,1439828190332,"1,290",Not yet rated,NULL,N/A
GBCI,$28.075,1439828190358,"15,416",50% bullish,of 2 ratings,$31
GOOD,$15.94,1439828190493,"20,391",Not yet rated,NULL,$19
GOODN,$25.6,1439828190520,500,Not yet rated,NULL,N/A
GOODO,$25.2267,1439828190651,450,Not yet rated,NULL,N/A
GOODP,$25.1601,1439828190745,100,Not yet rated,NULL,N/A
GAINP,$26.1271,1439828190790,"1,242",Not yet rated,NULL,N/A
GAIN,$7.9732,1439828190817,"60,531",100% bullish,of 2 ratings,$8.25
GAINO,$25.4801,1439828190839,915,Not yet rated,NULL,N/A
GAINN,$25.44,1439828190888,"41,845",Not yet rated,NULL,N/A
GLBZ,NULL,1439828190970,0,Not yet rated,NULL,N/A
GBT,$51.87,1439828191046,"204,719",Not yet rated,NULL,N/A
LAND,$9.65,1439828191081,"3,883",50% bullish,of 2 ratings,$13.75
ENT,$12.44,1439828191180,"30,463",100% bearish,of 1 rating,$18
GDEF,$10.54,1439828191201,1,Not yet rated,NULL,N/A
GBLI,$27.16,1439828191285,"1,904",Not yet rated,NULL,N/A
GSOL,$8.5,1439828191499,"7,017",100% bearish,of 1 rating,N/A
GPACU,NULL,1439828191556,0,Not yet rated,NULL,N/A
ACTX,NULL,1439828191583,0,100% bullish,of 1 rating,N/A
ALTY,NULL,1439828191609,0,Not yet rated,NULL,N/A
SOCL,$18.67,1439828191654,"12,983",100% bullish,of 2 ratings,N/A
QQQC,$21.6399,1439828191680,"7,292",100% bearish,of 1 rating,N/A
SRET,$13.8935,1439828191760,"3,225",Not yet rated,NULL,N/A
YLCO,$12.26,1439828191817,750,Not yet rated,NULL,N/A
GAI,$5.51,1439828191924,812,50% bullish,of 2 ratings,N/A
GLBS,$1.21,1439828192003,"3,218",67% bullish,of 3 ratings,N/A
GBIM,$2.44,1439828192055,"3,173",50% bullish,of 2 ratings,N/A
GLRI,$1.205,1439828192151,"4,462",100% bearish,of 1 rating,$6
GSM,$13.96,1439828192181,"55,808",50% bullish,of 2 ratings,$24.50
GLUU,$4.775,1439828192283,"576,741",92% bullish,of 26 ratings,$9
GLYC,$7.47,1439828192432,"8,176",50% bullish,of 2 ratings,$14
GMLP,$20.75,1439828192454,"28,081",50% bullish,of 4 ratings,$33
GLDC,NULL,1439828192535,0,50% bullish,of 2 ratings,N/A
GDEN,$9.11,1439828192587,400,50% bullish,of 2 ratings,N/A
GOGO,$16.35,1439828192625,"129,676",80% bullish,of 5 ratings,$25
GBDC,$16.67,1439828192680,"25,675",Not yet rated,NULL,$17.75
GOGL,$3.615,1439828192706,"43,392",75% bullish,of 4 ratings,$5
GLNG,$38.5,1439828192728,"313,336",83% bullish,of 6 ratings,$58
GTIM,$7.29,1439828192859,"23,117",Not yet rated,NULL,$11.50
GOOG,$655.61,1439828192885,"245,342",89% bullish,of 64 ratings,$795
GMAN,$4.68,1439828193108,"42,482",60% bullish,of 5 ratings,$8
GPRO,$58.7599,1439828193157,"1,079,851",79% bullish,of 58 ratings,$72
GOOGL,$687.289,1439828193188,"256,962",88% bullish,of 1078 ratings,$747
GPIA,NULL,1439828193290,0,Not yet rated,NULL,N/A
LOPE,$39.22,1439828193318,"52,602",100% bearish,of 2 ratings,$50
GPIAU,NULL,1439828193347,0,Not yet rated,NULL,N/A
GRVY,$3.41,1439828193369,100,50% bullish,of 2 ratings,N/A
GPIAW,NULL,1439828193496,0,Not yet rated,NULL,N/A
GLDD,$5.5659,1439828193567,"20,639",100% bearish,of 4 ratings,$7.75
GBSN,$2.49,1439828193594,"27,239",100% bearish,of 1 rating,$8.25
GNBC,$13.455,1439828193732,"1,814",100% bearish,of 1 rating,$17
GBSNU,$16.5,1439828193759,"8,100",Not yet rated,NULL,N/A
GRBK,$14.095,1439828193817,"93,604",77% bullish,of 13 ratings,N/A
GSBC,$42.3299,1439828193843,"5,365",100% bullish,of 1 rating,$44
GPP,$14.9,1439828194035,"1,200",Not yet rated,NULL,$20.50
GCBC,NULL,1439828194110,0,100% bullish,of 1 rating,N/A
GPRE,$23.195,1439828194169,"112,072",67% bullish,of 6 ratings,$28.50
OMAB,$43.29,1439828194309,"7,092",100% bullish,of 1 rating,$44
GRFS,$32,1439828194330,"94,143",50% bullish,of 2 ratings,$35
GRIF,NULL,1439828194368,0,100% bearish,of 1 rating,N/A
GRPN,$4.32,1439828194389,"1,533,358",61% bullish,of 71 ratings,$6.75
GLRE,$26.61,1439828194418,"17,310",100% bullish,of 1 rating,$41
GGAL,$20.8,1439828194465,"73,096",80% bullish,of 5 ratings,$40
GSIT,$5,1439828194669,"2,585",100% bearish,of 1 rating,N/A
GSIG,$13.69,1439828194754,"2,282",100% bearish,of 2 ratings,N/A
GTXI,$0.99,1439828194810,"9,296",100% bullish,of 5 ratings,$.75
GBNK,$16.23,1439828194836,"1,840",100% bearish,of 1 rating,$18
GSVC,$9.55,1439828194886,"13,236",50% bullish,of 2 ratings,$14.50
GFED,NULL,1439828194911,0,Not yet rated,NULL,$17
GUID,$9.07,1439828195114,"24,212",100% bearish,of 3 ratings,$10
GULTU,$0.38,1439828195142,"9,050",100% bearish,of 1 rating,N/A
GIFI,$11.91,1439828195167,"10,572",100% bearish,of 1 rating,$16
GURE,$1.865,1439828195207,"27,190",88% bullish,of 8 ratings,N/A
GWGH,NULL,1439828195338,0,100% bearish,of 1 rating,$15.05
GYRO,$2.85,1439828195366,600,100% bearish,of 1 rating,N/A
GWPH,$114.3,1439828195387,"50,983",78% bullish,of 9 ratings,$148.50
GPOR,$35.93,1439828195409,"659,190",75% bullish,of 4 ratings,$55.50
HEES,$17.38,1439828195625,"65,576",67% bearish,of 3 ratings,$31
HLG,$9.44,1439828195761,153,100% bearish,of 1 rating,N/A
HALL,$11.85,1439828195789,"23,801",Not yet rated,NULL,N/A
HNRG,$7.69,1439828195814,"37,190",100% bearish,of 1 rating,$10
HALO,$19.39,1439828195847,"373,086",67% bullish,of 3 ratings,$22.50
HBK,$13.5,1439828195870,600,50% bullish,of 2 ratings,N/A
HMPR,$1.9999,1439828195917,"2,200",100% bullish,of 1 rating,N/A
HBHC,$29.085,1439828196098,"47,147",50% bullish,of 2 ratings,$30
HBHCL,$24.65,1439828196159,"7,657",Not yet rated,NULL,N/A
HAFC,$25.74,1439828196254,"15,418",100% bullish,of 2 ratings,$28.50
HQCL,$11.11,1439828196284,"2,310",67% bullish,of 3 ratings,N/A
HNSN,$0.5162,1439828196311,"94,493",88% bullish,of 8 ratings,$.40
HNH,$29.0099,1439828196332,478,100% bullish,of 1 rating,N/A
HDNG,$9.39,1439828196363,"1,820",50% bullish,of 4 ratings,N/A
HLIT,$5.8,1439828196610,"160,025",100% bearish,of 1 rating,$6.50
HRMN,NULL,1439828196707,0,Not yet rated,NULL,N/A
HRMNW,NULL,1439828196756,0,Not yet rated,NULL,N/A
HART,$0.7011,1439828196786,"103,691",100% bearish,of 1 rating,N/A
TINY,$2.61,1439828196812,"5,120",50% bullish,of 2 ratings,$5.26
HRMNU,NULL,1439828196889,0,Not yet rated,NULL,N/A
HBIO,$4.58,1439828196944,"34,918",Not yet rated,NULL,$10
HCAPL,NULL,1439828197080,0,Not yet rated,NULL,N/A
HAS,$80.615,1439828197160,"129,239",63% bullish,of 8 ratings,$84.50
HCAP,$12.541,1439828197193,"6,074",50% bullish,of 2 ratings,$15
HA,$25.69,1439828197222,"287,864",67% bullish,of 9 ratings,$27
HCOM,$23.32,1439828197244,"3,750",100% bearish,of 1 rating,$28
HWKN,$37.69,1439828197281,"4,012",Not yet rated,NULL,N/A
HWBK,NULL,1439828197385,0,100% bearish,of 1 rating,N/A
HDS,$34.7165,1439828197527,"154,827",100% bearish,of 2 ratings,$39.50
HAYN,$40.9,1439828197552,"19,739",100% bearish,of 1 rating,$59
HCSG,$34.77,1439828197688,"17,845",50% bullish,of 4 ratings,$35
HIIQ,$4.695,1439828197763,"16,943",50% bullish,of 2 ratings,$7
HQY,$33.99,1439828197790,"71,197",67% bullish,of 3 ratings,$31
HTLF,$37.31,1439828197935,"9,017",100% bullish,of 1 rating,$39.50
HSTM,$25.68,1439828197969,"25,011",50% bullish,of 2 ratings,$33.75
HWAY,$12.49,1439828197998,"56,569",100% bearish,of 1 rating,$15
HTWR,$90.23,1439828198068,"58,248",50% bullish,of 2 ratings,$103
HTBX,$5.68,1439828198093,"8,006",50% bullish,of 2 ratings,$15.50
HTLD,$21.36,1439828198124,"51,195",Not yet rated,NULL,$22.50
HSII,$20.26,1439828198257,"22,920",100% bullish,of 3 ratings,$25
HMNY,NULL,1439828198329,0,100% bearish,of 1 rating,N/A
HELE,$90.95,1439828198393,"17,962",67% bearish,of 3 ratings,$100
HMTV,$13.58,1439828198502,841,100% bearish,of 1 rating,$16
HNNA,$23.21,1439828198575,200,Not yet rated,NULL,N/A
HSIC,$145.72,1439828198601,"94,537",83% bullish,of 6 ratings,$146
HCACU,NULL,1439828198645,0,Not yet rated,NULL,N/A
HCCI,$12.83,1439828198804,"10,050",100% bearish,of 1 rating,$16.50
HERO,$0.0715,1439828198834,"808,531",81% bullish,of 16 ratings,$.75
HFWA,$18.41,1439828198867,"2,321",100% bullish,of 1 rating,$20
HTBK,$10.89,1439828198905,"6,678",Not yet rated,NULL,$12
MLHR,$29.25,1439828198966,"62,883",100% bullish,of 1 rating,$33.50
HEOP,$8,1439828199001,"8,304",Not yet rated,NULL,$8.50
HRTX,$30.75,1439828199102,"78,642",67% bullish,of 6 ratings,$41
HFFC,$16.51,1439828199233,302,Not yet rated,NULL,N/A
HSKA,$34.69,1439828199327,"8,332",100% bearish,of 1 rating,$38
HIBB,$41.29,1439828199375,"35,216",100% bearish,of 1 rating,$48.50
HPJ,$2.76,1439828199400,"3,526",75% bullish,of 4 ratings,$12.43
HIHO,$3.9556,1439828199548,"9,495",Not yet rated,NULL,N/A
HSGX,$6.81,1439828199651,"6,299",100% bearish,of 1 rating,$17
HIFS,$118.02,1439828199745,304,Not yet rated,NULL,N/A
HIMX,$6.86,1439828199781,"296,283",85% bullish,of 20 ratings,$8.50
HMNF,$11.5,1439828199810,20,Not yet rated,NULL,N/A
HOLI,$18.77,1439828199832,"192,064",50% bullish,of 4 ratings,$27
HOLX,$42.8701,1439828199868,"678,399",67% bullish,of 3 ratings,$42
HMSY,$9.67,1439828199898,"401,431",67% bullish,of 3 ratings,$19.35
HOMB,$41.1,1439828199971,"64,884",Not yet rated,NULL,$41
HBCP,NULL,1439828200201,0,Not yet rated,NULL,$29
HFBL,NULL,1439828200357,0,Not yet rated,NULL,N/A
HTBI,$18.545,1439828200388,"9,402",67% bullish,of 3 ratings,$18.625
HMIN,$29.53,1439828200423,"23,662",100% bearish,of 2 ratings,$35
AWAY,$30.81,1439828200445,"107,795",67% bullish,of 3 ratings,$36
HMST,$22.08,1439828200527,"8,569",100% bullish,of 2 ratings,$27
HKTV,$5.23,1439828200556,968,100% bearish,of 1 rating,N/A
HOFT,$25.04,1439828200582,"7,457",100% bearish,of 1 rating,N/A
CETC,$1,1439828200607,"52,532",86% bullish,of 7 ratings,N/A
HFBC,$11.62,1439828200783,502,Not yet rated,NULL,N/A
HBNC,$24.64,1439828200815,"3,645",100% bullish,of 1 rating,$27
HZNP,$31.49,1439828200840,"620,646",85% bullish,of 20 ratings,$40
ZINC,$8.78,1439828200916,"78,038",100% bearish,of 1 rating,$17
HDP,$25.7,1439828201000,"115,176",67% bearish,of 3 ratings,$30.50
HRZN,$11.17,1439828201056,"10,455",100% bearish,of 1 rating,$14.25
HMHC,$23.5,1439828201161,"82,673",Not yet rated,NULL,$27
HOVNP,$5.1501,1439828201291,"1,202",100% bearish,of 1 rating,N/A
HBMD,$14.88,1439828201320,100,100% bearish,of 1 rating,N/A
HWCC,$7.32,1439828201361,"23,192",100% bearish,of 1 rating,$9
HTGM,$5.97,1439828201387,"12,227",100% bearish,of 1 rating,$19.50
HSNI,$62.79,1439828201421,"106,847",Not yet rated,NULL,$80
HUBG,$41.61,1439828201518,"15,747",100% bearish,of 1 rating,$43
HSON,$2.98,1439828201549,"19,444",100% bearish,of 1 rating,$5
HCBK,$10.32,1439828201587,"226,342",83% bullish,of 6 ratings,$8.61
HDSN,$3.18,1439828201716,"7,900",100% bullish,of 1 rating,$6.25
HBANP,$1357,1439828201755,40,100% bearish,of 1 rating,N/A
HBAN,$11.81,1439828201886,"2,780,483",76% bullish,of 17 ratings,$12.50
HURC,$31,1439828201983,"3,957",100% bearish,of 1 rating,N/A
HTCH,$1.65,1439828202015,"11,394",100% bearish,of 1 rating,$3.50
HURN,$75.74,1439828202092,"28,617",50% bullish,of 2 ratings,$80
HBP,$3.1906,1439828202123,"14,795",100% bullish,of 1 rating,N/A
HDRAR,NULL,1439828202151,0,Not yet rated,NULL,N/A
HDRA,NULL,1439828202222,0,Not yet rated,NULL,N/A
HDRAW,NULL,1439828202398,0,Not yet rated,NULL,N/A
HYGS,$7.71,1439828202427,"11,868",50% bullish,of 2 ratings,$13
HDRAU,NULL,1439828202472,0,Not yet rated,NULL,N/A
IKGH,$1.67,1439828202558,"22,196",75% bullish,of 4 ratings,N/A
IACI,$74.8599,1439828202615,"107,503",75% bullish,of 4 ratings,$90
IBKC,$63.61,1439828202641,"27,226",100% bullish,of 1 rating,$70
IDSY,$4.22,1439828202669,"1,275",100% bearish,of 1 rating,$7
ICAD,$3.5,1439828202802,"8,106",50% bullish,of 2 ratings,$7.25
IEP,$73.1,1439828202902,"61,984",75% bullish,of 4 ratings,$99
ICLR,$78.975,1439828202989,"948,044",100% bearish,of 3 ratings,$82
ICON,$13.63,1439828203047,"199,145",50% bullish,of 2 ratings,$18.50
ICFI,$35.68,1439828203072,"10,803",50% bullish,of 2 ratings,$48.50
IPWR,$7.95,1439828203121,"1,145",100% bullish,of 1 rating,$15
ICUI,$121.98,1439828203147,"24,361",Not yet rated,NULL,$122
INVE,$4.5601,1439828203297,"83,087",75% bullish,of 4 ratings,$4
IDRA,$2.67,1439828203326,"378,377",89% bullish,of 9 ratings,$6.50
DSKY,$12.4,1439828203466,"58,727",67% bullish,of 6 ratings,$11.50
IROQ,$16.6,1439828203494,842,100% bullish,of 1 rating,N/A
IRG,$4.49,1439828203550,"1,600",100% bearish,of 1 rating,$4.50
IDXX,$78.42,1439828203627,"79,608",100% bearish,of 1 rating,$77
RXDX,$13.65,1439828203683,"39,749",100% bullish,of 1 rating,$20
KANG,$16.74,1439828203756,"46,424",50% bullish,of 2 ratings,$22.55
IIVI,$17.58,1439828203814,"40,495",100% bearish,of 1 rating,$22
IKAN,$2.7201,1439828203972,"6,051",83% bullish,of 6 ratings,$5
IKNX,$11.4,1439828204004,970,100% bearish,of 1 rating,N/A
ILMN,$208.52,1439828204026,"146,131",80% bullish,of 5 ratings,$240
ISNS,$4.162,1439828204103,"6,400",50% bullish,of 2 ratings,N/A
ICCC,$8.839,1439828204246,"4,922",100% bullish,of 1 rating,N/A
IMDZ,$16.85,1439828204309,"17,621",100% bearish,of 1 rating,$33
IMMU,$1.81,1439828204389,"78,708",86% bullish,of 7 ratings,$2
IMGN,$13.97,1439828204414,"316,734",75% bullish,of 4 ratings,$17.50
IMMR,$12.49,1439828204445,"17,102",80% bullish,of 5 ratings,$15.50
IMMY,$7.65,1439828204617,"10,750",100% bearish,of 1 rating,$11
IPXL,$45.57,1439828204647,"162,474",67% bullish,of 3 ratings,$46.50
INCR,$44.46,1439828204676,"179,853",50% bullish,of 2 ratings,$53
IMNP,$1.6299,1439828204725,"49,129",50% bullish,of 2 ratings,$6
INCY,$105.9701,1439828204805,"206,475",50% bullish,of 6 ratings,$125.50
SAAS,$8.01,1439828204858,"171,942",50% bullish,of 2 ratings,$15
INDB,$48.68,1439828204915,"14,245",Not yet rated,NULL,$44
IBCP,$14.4725,1439828205023,"11,891",100% bullish,of 1 rating,$14.50
IBTX,$43.83,1439828205124,"4,408",100% bullish,of 2 ratings,$47.25
INFN,$24.36,1439828205165,"552,338",71% bullish,of 7 ratings,$27.50
IDSA,$3.8004,1439828205193,"8,699",Not yet rated,NULL,N/A
INFI,$9.485,1439828205330,"127,964",50% bullish,of 4 ratings,$18
IFON,$1.39,1439828205352,"55,813",75% bullish,of 4 ratings,N/A
III,$4.22,1439828205453,"11,418",57% bullish,of 7 ratings,$6
IPCC,$78.95,1439828205482,"8,419",Not yet rated,NULL,$77
INWK,$7.8699,1439828205582,"21,394",50% bullish,of 2 ratings,$10
IMKTA,$55.48,1439828205644,"26,941",100% bearish,of 1 rating,N/A
INOD,$2.597,1439828205678,500,100% bearish,of 1 rating,N/A
IPHS,$51.52,1439828205709,"37,696",100% bearish,of 1 rating,$60
INNL,$11.96,1439828205737,"1,400",100% bearish,of 1 rating,$16.50
IOSP,$46.69,1439828205971,"20,037",100% bearish,of 1 rating,N/A
ISSC,$3.003,1439828205999,"2,700",67% bearish,of 3 ratings,N/A
INGN,$50.54,1439828206059,"145,944",100% bearish,of 1 rating,$50.50
ITEK,$15.465,1439828206128,"911,700",67% bearish,of 3 ratings,$20
INOV,$21.2,1439828206154,"42,659",100% bearish,of 1 rating,$33
INO,$7.77,1439828206227,"368,656",89% bullish,of 18 ratings,$20
NSIT,$26.6,1439828206285,"19,755",50% bullish,of 2 ratings,N/A
ISIG,$2.69,1439828206502,600,100% bearish,of 1 rating,N/A
IIIN,$17.93,1439828206536,604,100% bearish,of 2 ratings,N/A
INSM,$26.66,1439828206557,"76,602",71% bullish,of 7 ratings,$32
INSY,$35.01,1439828206590,"192,117",75% bullish,of 4 ratings,$48
PODD,$30.28,1439828206695,"177,783",50% bullish,of 2 ratings,$35
IDTI,$19.29,1439828206739,"273,822",60% bullish,of 5 ratings,$25
NTEC,$6.0201,1439828206823,"4,064",Not yet rated,NULL,N/A
IART,$62.36,1439828206928,"61,099",100% bearish,of 1 rating,$71.50
IESC,$7.23,1439828206957,"4,466",100% bearish,of 1 rating,N/A
ISSI,$22.35,1439828207031,"50,940",67% bullish,of 3 ratings,$19.75
INTC,$29.14,1439828207090,"4,385,667",82% bullish,of 238 ratings,$36
IQNT,$17.67,1439828207116,"31,228",86% bullish,of 7 ratings,$20
IPAR,$28.59,1439828207340,"44,276",67% bullish,of 3 ratings,$38
IPCI,$2.27,1439828207365,"34,904",67% bullish,of 6 ratings,$7.75
ICPT,$211.5,1439828207394,"43,092",70% bullish,of 10 ratings,$363
ININ,$40.11,1439828207425,"5,401",67% bearish,of 3 ratings,$57
IBKR,$42.06,1439828207446,"78,589",100% bullish,of 1 rating,N/A
ICLDW,$1.06,1439828207581,1,100% bearish,of 1 rating,N/A
ICLD,$2,1439828207608,"1,093,495",75% bullish,of 4 ratings,N/A
IDCC,$49.81,1439828207751,"65,401",75% bullish,of 4 ratings,$63
TILE,$25.92,1439828207823,"208,475",67% bearish,of 3 ratings,$27
IMI,$2.0916,1439828207848,"2,596",67% bullish,of 3 ratings,$2.22
INAP,$8.86,1439828207877,"13,928",75% bullish,of 4 ratings,$11
IBOC,$27.54,1439828208004,"18,786",100% bearish,of 1 rating,N/A
IIJI,NULL,1439828208029,0,50% bullish,of 2 ratings,$11.50
IGLD,$7.82,1439828208100,"2,300",50% bullish,of 2 ratings,N/A
PTNT,$3.06,1439828208174,300,Not yet rated,NULL,N/A
ISCA,$33.64,1439828208204,"10,914",100% bearish,of 1 rating,N/A
XENT,$28.65,1439828208272,"30,562",50% bullish,of 2 ratings,$36.50
INTX,$2.51,1439828208299,"7,273",67% bullish,of 3 ratings,N/A
INPH,$0.348,1439828208364,"3,452",50% bullish,of 2 ratings,N/A
IILG,$21.38,1439828208444,"11,692",100% bearish,of 1 rating,$30.50
ISIL,$10.95,1439828208469,"75,097",50% bullish,of 6 ratings,$15
IVAC,$5.1101,1439828208602,"4,084",Not yet rated,NULL,$6.625
INTL,$28.875,1439828208792,"16,924",67% bearish,of 3 ratings,N/A
IIN,NULL,1439828208835,0,100% bearish,of 1 rating,$12
INTLL,$25.7,1439828208864,"1,300",Not yet rated,NULL,N/A
ISRG,$529.995,1439828208889,"25,412",67% bullish,of 3 ratings,$600
ITCI,$30.805,1439828208922,"201,631",75% bearish,of 4 ratings,$40
INTU,$105.25,1439828208948,"125,953",100% bullish,of 7 ratings,$107.50
INVT,$0.295,1439828209168,"47,296",67% bullish,of 3 ratings,N/A
SNAK,$8.75,1439828209196,"17,311",50% bullish,of 2 ratings,$14
ISTR,$15.84,1439828209329,308,100% bearish,of 1 rating,$18.50
ISBC,$12.3599,1439828209357,"353,368",100% bullish,of 1 rating,$13.25
NVIV,$12.295,1439828209378,"82,409",50% bullish,of 4 ratings,$24.50
ITIC,$71.18,1439828209415,48,100% bearish,of 2 ratings,N/A
IVTY,$11.6,1439828209525,"4,000",Not yet rated,NULL,$18
IPAS,$1.07,1439828209695,"11,066",67% bullish,of 3 ratings,N/A
IPCM,$79.33,1439828209723,"31,374",50% bullish,of 2 ratings,$80.125
DFVL,NULL,1439828209744,0,Not yet rated,NULL,N/A
DTUL,NULL,1439828209776,0,Not yet rated,NULL,N/A
IRIX,$6.93,1439828209799,"1,626",100% bearish,of 1 rating,N/A
IRMD,$26.2,1439828210007,"4,688",67% bearish,of 3 ratings,$25
IPGP,$91.78,1439828210038,"46,289",100% bearish,of 2 ratings,$109.50
IRDM,$7.04,1439828210082,"108,092",60% bullish,of 5 ratings,$11.50
IRDMB,NULL,1439828210139,0,67% bearish,of 3 ratings,N/A
IRWD,$11.59,1439828210165,"347,820",100% bearish,of 1 rating,$13
IRBT,$31.3405,1439828210190,"46,650",67% bullish,of 6 ratings,$37
IRCP,NULL,1439828210406,0,100% bullish,of 2 ratings,N/A
GNMA,$49.9972,1439828210473,"2,570",Not yet rated,NULL,N/A
FCHI,$50.01,1439828210501,100,Not yet rated,NULL,N/A
COMT,$33.7,1439828210537,556,100% bearish,of 1 rating,N/A
IFNA,NULL,1439828210570,0,Not yet rated,NULL,N/A
IFAS,$29.05,1439828210643,200,Not yet rated,NULL,N/A
IFEU,$40.4499,1439828210673,"6,568",Not yet rated,NULL,N/A
IFGL,$30.1001,1439828210697,"73,758",Not yet rated,NULL,N/A
ACWX,$43.1072,1439828210923,"53,758",100% bearish,of 1 rating,N/A
ACWI,$59.24,1439828210969,"173,723",Not yet rated,NULL,N/A
AAXJ,$56.35,1439828211056,"167,018",Not yet rated,NULL,N/A
AXJS,NULL,1439828211120,0,Not yet rated,NULL,N/A
EEMA,$53.18,1439828211187,"9,543",Not yet rated,NULL,N/A
EEME,$39.93,1439828211315,"1,034",100% bearish,of 1 rating,N/A
EMEY,$25.71,1439828211348,214,Not yet rated,NULL,N/A
AAIT,$30.622,1439828211377,200,100% bullish,of 1 rating,N/A
EMDI,NULL,1439828211419,0,Not yet rated,NULL,N/A
EEML,$28.58,1439828211448,156,Not yet rated,NULL,N/A
EGRW,$49.7489,1439828211476,"3,904",Not yet rated,NULL,N/A
EVAL,$37.1,1439828211549,335,Not yet rated,NULL,N/A
EUFN,$23.184,1439828211619,"70,601",100% bearish,of 1 rating,N/A
IEUS,$47.65,1439828211747,200,100% bearish,of 1 rating,N/A
UAE,$19.3332,1439828211813,850,Not yet rated,NULL,N/A
QAT,NULL,1439828211901,0,Not yet rated,NULL,N/A
SOXX,$85.95,1439828211972,"84,180",50% bullish,of 2 ratings,N/A
IBB,$367.15,1439828212128,"286,807",63% bullish,of 8 ratings,N/A
EMIF,$30.3922,1439828212154,"2,275",Not yet rated,NULL,N/A
WOOD,$51.3075,1439828212215,"2,793",50% bullish,of 2 ratings,N/A
INDY,$29.665,1439828212286,"178,956",100% bullish,of 1 rating,N/A
ISHG,$78.7699,1439828212317,484,100% bearish,of 1 rating,N/A
ICLN,$10.2647,1439828212338,"27,285",50% bullish,of 2 ratings,N/A
IGOV,$90.3,1439828212369,"2,799",100% bearish,of 1 rating,N/A
ISIS,$50.4801,1439828212415,"202,098",53% bullish,of 15 ratings,$67
ISRL,NULL,1439828212512,0,100% bearish,of 1 rating,N/A
ITRN,$25.94,1439828212710,"5,483",50% bullish,of 2 ratings,N/A
ITRI,$33.58,1439828212731,"30,243",Not yet rated,NULL,$37
ISLE,$19.14,1439828212761,"63,667",50% bullish,of 4 ratings,$16
IXYS,$11.11,1439828212897,"22,330",50% bullish,of 4 ratings,N/A
ITUS,$3.99,1439828212925,853,Not yet rated,NULL,N/A
MAYS,NULL,1439828213055,0,Not yet rated,NULL,N/A
JJSF,$118.27,1439828213083,"6,386",100% bearish,of 1 rating,N/A
JBHT,$80.095,1439828213108,"76,130",50% bullish,of 4 ratings,$89.50
XXIA,$15.69,1439828213136,"107,510",71% bullish,of 7 ratings,$14.625
JCOM,$73.22,1439828213163,"56,815",100% bullish,of 2 ratings,$77
JACK,$87.51,1439828213297,"52,846",83% bullish,of 6 ratings,$105
JASO,$8.32,1439828213323,"535,137",82% bullish,of 17 ratings,$10
JAXB,NULL,1439828213386,0,100% bullish,of 1 rating,N/A
JKHY,$71.25,1439828213463,"53,430",50% bullish,of 2 ratings,$72
JAGX,$2.6901,1439828213605,500,Not yet rated,NULL,N/A
JXSB,NULL,1439828213675,0,Not yet rated,NULL,N/A
JAKK,$9.75,1439828214030,"79,105",60% bearish,of 5 ratings,$10.50
JRVR,$27.17,1439828214061,"5,614",Not yet rated,NULL,$27
JAZZ,$185.73,1439828214083,"32,730",80% bullish,of 15 ratings,$206.50
JMBA,$13.95,1439828214131,"45,719",75% bullish,of 4 ratings,$18
JASN,$5.31,1439828214159,"14,240",50% bullish,of 2 ratings,$9.50
ERW,$51.83,1439828214214,20,Not yet rated,NULL,N/A
JTPY,$3,1439828214355,317,100% bearish,of 1 rating,N/A
JD,$27.2,1439828214385,"2,358,227",75% bullish,of 16 ratings,$36
JASNW,$0.3985,1439828214449,"3,050",50% bullish,of 2 ratings,N/A
JBLU,$24.315,1439828214476,"1,894,634",94% bullish,of 16 ratings,$27
DATE,$6.54,1439828214502,"48,973",75% bullish,of 4 ratings,$9
JCTCF,NULL,1439828214686,0,100% bullish,of 1 rating,N/A
JST,$4.4,1439828214744,"8,662",75% bullish,of 4 ratings,N/A
WYIGU,$10.05,1439828214965,200,Not yet rated,NULL,N/A
JBSS,$48.2,1439828214995,"10,160",67% bearish,of 3 ratings,N/A
JIVE,$4.09,1439828215025,"76,737",75% bullish,of 4 ratings,$5
JOEZ,$0.19,1439828215064,"102,104",92% bullish,of 12 ratings,N/A
JNP,$10,1439828215090,"10,290",100% bullish,of 3 ratings,$15
JUNO,$41.16,1439828215125,"471,405",73% bullish,of 11 ratings,$70
KALU,$86.05,1439828215403,"26,202",67% bearish,of 3 ratings,$91
KBIO,$2.0001,1439828215439,"6,987",50% bullish,of 4 ratings,N/A
KMDA,$3.91,1439828215480,"1,300",50% bullish,of 2 ratings,$8
JOUT,$26.14,1439828215534,"3,271",100% bearish,of 1 rating,$34
KTWO,$21.26,1439828215562,"9,629",100% bearish,of 1 rating,$28.50
KCLI,$47.83,1439828215593,"3,182",Not yet rated,NULL,N/A
KNDI,$7.03,1439828215635,"89,578",86% bullish,of 22 ratings,N/A
KPTI,$13.43,1439828215920,"302,469",67% bearish,of 3 ratings,$41
KCAP,$4.9384,1439828215969,"28,337",75% bullish,of 4 ratings,$6.75
KBSF,$4.15,1439828216021,"8,550",100% bullish,of 1 rating,N/A
KELYA,$14.72,1439828216060,"20,064",67% bullish,of 6 ratings,$20
KMPH,$23.15,1439828216097,"48,577",100% bearish,of 2 ratings,$22
KRNY,$11.76,1439828216123,"457,577",100% bearish,of 1 rating,$12
KERX,$6.32,1439828216284,"423,807",82% bullish,of 11 ratings,$12
GMCR,$50.68,1439828216416,"459,574",71% bullish,of 42 ratings,$64
KTEC,NULL,1439828216491,0,Not yet rated,NULL,N/A
KEQU,NULL,1439828216520,0,100% bullish,of 1 rating,N/A
KTCC,$10.3699,1439828216542,"3,572",100% bearish,of 1 rating,$15
KELYB,NULL,1439828216575,0,50% bullish,of 2 ratings,N/A
KFFB,$8.34,1439828216603,"2,984",100% bearish,of 1 rating,N/A
KE,$11.785,1439828216762,"17,796",67% bearish,of 3 ratings,$16
KFRC,$28.53,1439828216894,"32,643",100% bullish,of 2 ratings,$29
KGJI,$0.76,1439828216957,"57,960",89% bullish,of 9 ratings,N/A
