Symbol,Price,Date,Volume,Rating,RatingVoteCount,OneYearEstimate
FLWS,$8.385,1441051802857,"479,605",80% bullish,of 5 ratings,$15
FCCY,$11.65,1441051802896,591,100% bullish,of 1 rating,$13
FCTY,$7.8605,1441051802946,"2,843",100% bullish,of 1 rating,$8.50
VNET,$17.88,1441051803403,"273,807",60% bullish,of 5 ratings,$35
SRCE,$29.85,1441051803434,"11,970",100% bullish,of 3 ratings,$33
TWOU,$34.97,1441051803534,"144,849",50% bullish,of 2 ratings,$39
DGLD,$80.7101,1441051803834,"9,481",100% bullish,of 1 rating,N/A
DSLV,$69.1132,1441051803928,"6,900",100% bearish,of 1 rating,N/A
UGLD,$9.3199,1441051804162,"96,931",100% bearish,of 1 rating,N/A
USLV,$12.56,1441051804532,"218,690",86% bullish,of 7 ratings,N/A
JOBS,$26.98,1441051804663,"83,449",50% bullish,of 4 ratings,$36
SIXD,$2.39,1441051805191,"76,170",Not yet rated,NULL,N/A
CAFD,$14.8301,1441051805324,"113,700",Not yet rated,NULL,$25
EGHT,$7.69,1441051805370,"205,554",82% bullish,of 17 ratings,$11
AVHI,$14.1,1441051805680,"22,498",100% bearish,of 1 rating,$19
AAON,$20.71,1441051805782,"38,535",100% bearish,of 1 rating,$24
ABAX,$47.02,1441051805875,"62,574",100% bearish,of 1 rating,$60
ABY,$22.76,1441051806114,"400,471",100% bearish,of 2 ratings,$46
SHLM,$34.23,1441051806260,"28,958",100% bearish,of 1 rating,$47
ABGB,$5.82,1441051806287,"27,239",67% bullish,of 3 ratings,$5.50
ABEO,$4.7,1441051806648,"51,586",50% bullish,of 4 ratings,$15.50
ABEOW,$1.8,1441051806811,"2,875",100% bullish,of 1 rating,N/A
ABMD,$96.15,1441051807004,"192,471",75% bullish,of 4 ratings,$100.50
ACTG,$9.52,1441051807314,"94,690",67% bullish,of 3 ratings,$18.50
AXAS,$1.8536,1441051807385,"692,251",78% bullish,of 9 ratings,$3.50
XLRN,$28.78,1441051807639,"54,006",50% bullish,of 2 ratings,$57
AXDX,$19.58,1441051807665,"97,381",100% bearish,of 1 rating,N/A
ACAD,$36.89,1441051807729,"389,146",80% bullish,of 20 ratings,$48
ANCX,$20.28,1441051807864,"14,848",Not yet rated,NULL,$20
ACHC,$72.96,1441051807889,"348,940",50% bullish,of 2 ratings,$92
ACST,$0.355,1441051807930,"28,022",100% bullish,of 2 ratings,N/A
TFSCW,$0.23,1441051808071,932,100% bearish,of 1 rating,N/A
TFSCU,$10.21,1441051808142,"1,300",Not yet rated,NULL,N/A
TFSCR,NULL,1441051808202,0,Not yet rated,NULL,N/A
TFSC,$9.7401,1441051808285,539,100% bearish,of 1 rating,N/A
PIH,$7.7099,1441051808334,"9,000",100% bearish,of 1 rating,N/A
ARAY,$6.89,1441051808375,"781,858",100% bearish,of 1 rating,$10.50
VXUP,$1.5554,1441051808635,"45,383",100% bearish,of 1 rating,N/A
VXDN,$1.96,1441051808668,"32,910",100% bearish,of 1 rating,N/A
AKAO,$6.9,1441051808765,"23,046",75% bullish,of 4 ratings,$15
ACRX,$4.3,1441051808791,"178,265",67% bearish,of 6 ratings,$5.50
ACET,$22.39,1441051808822,"26,857",75% bullish,of 4 ratings,$30
ACNB,$20,1441051808862,670,Not yet rated,NULL,N/A
ACIW,$21.32,1441051808923,"150,113",67% bearish,of 3 ratings,$24
ACHN,$7.41,1441051809204,"1,139,315",90% bullish,of 21 ratings,$16
ACTS,$1.71,1441051809247,"82,175",100% bearish,of 1 rating,N/A
ACTA,$14.1941,1441051809386,"37,396",67% bearish,of 3 ratings,$25
ACPW,$2.0399,1441051809411,"113,672",100% bullish,of 4 ratings,$3.50
ACUR,$3,1441051809469,"19,779",100% bullish,of 5 ratings,$5
ACOR,$31.91,1441051809546,"465,033",67% bearish,of 3 ratings,$38.50
ATVI,$28.69,1441051809570,"6,745,562",67% bullish,of 84 ratings,$31.50
ACXM,$20.99,1441051809713,"189,288",67% bullish,of 3 ratings,N/A
ADMS,$19.95,1441051809846,"31,947",100% bearish,of 2 ratings,$36
ADAP,$10.84,1441051809907,"73,932",67% bullish,of 3 ratings,$22
ADUS,$28.79,1441051810009,"34,147",100% bearish,of 1 rating,$31
ADMP,$3.66,1441051810038,"11,141",50% bullish,of 2 ratings,$10
AEY,$2.4,1441051810069,"10,228",100% bearish,of 2 ratings,N/A
ADEP,$7.07,1441051810090,"97,215",50% bullish,of 2 ratings,$10.75
ADMA,$9.1801,1441051810172,"11,903",Not yet rated,NULL,$19
ADBE,$78.68,1441051810399,"848,263",65% bullish,of 17 ratings,$90
AEIS,$24.2,1441051810459,"90,561",50% bullish,of 2 ratings,$32.50
ADTN,$16.0008,1441051810484,"138,769",67% bullish,of 3 ratings,$17.125
ADRO,$19.34,1441051810642,"166,384",80% bullish,of 5 ratings,$45.50
AMD,$1.8107,1441051810672,"3,861,875",83% bullish,of 103 ratings,$2
ADXS,$14.86,1441051810772,"564,147",64% bullish,of 14 ratings,$27
AEGR,$17.69,1441051810803,"121,155",50% bullish,of 6 ratings,$26
MULT,$23.103,1441051810827,200,100% bearish,of 1 rating,N/A
AEGN,$18.39,1441051810903,"61,231",100% bearish,of 2 ratings,$21
ADXSW,$10.4099,1441051810964,"6,165",100% bullish,of 1 rating,N/A
AEHR,$2.3101,1441051811062,"4,322",50% bullish,of 2 ratings,N/A
AEPI,$53.3032,1441051811119,"11,701",100% bearish,of 1 rating,N/A
AMTX,$3.0699,1441051811335,"7,000",50% bullish,of 2 ratings,$26.11
YPRO,$23.0899,1441051811364,185,100% bearish,of 1 rating,N/A
AERI,$15.795,1441051811403,"412,301",75% bullish,of 4 ratings,$31.50
AVAV,$23.99,1441051811467,"31,594",50% bullish,of 4 ratings,$31
AEMD,$7.318,1441051811601,"186,591",Not yet rated,NULL,$27.50
AEZS,$0.087,1441051811682,"9,289,193",90% bullish,of 21 ratings,$1.50
AFMD,$10.15,1441051811706,"81,712",50% bullish,of 4 ratings,$15
AFFX,$9.31,1441051811761,"227,067",80% bullish,of 5 ratings,$12.50
AGYS,$10.27,1441051811891,"23,762",100% bearish,of 1 rating,N/A
AGEN,$7.12,1441051811921,"341,859",85% bullish,of 13 ratings,$14
AGRX,$8.82,1441051811955,"5,876",100% bearish,of 1 rating,$17.50
AGIO,$86.76,1441051811992,"137,787",88% bullish,of 8 ratings,$114
AGFS,$9.76,1441051812055,"51,690",100% bearish,of 1 rating,N/A
AGFSW,$2.02,1441051812082,"43,936",100% bearish,of 2 ratings,N/A
AIRM,$37.39,1441051812419,"91,120",80% bearish,of 5 ratings,$53
AIMT,$21.073,1441051812486,"139,697",Not yet rated,NULL,N/A
AIXG,$6.36,1441051812521,"8,112",67% bearish,of 3 ratings,$5.25
ATSG,$9.05,1441051812546,"72,956",67% bullish,of 3 ratings,$13
AIRT,$22.485,1441051812630,768,100% bullish,of 1 rating,N/A
AKER,$2.56,1441051812688,"20,189",Not yet rated,NULL,N/A
AKBA,$6.97,1441051812763,"83,427",100% bearish,of 1 rating,$18
AMCN,$4.57,1441051812838,"79,908",83% bullish,of 6 ratings,N/A
AKAM,$71.29,1441051812942,"700,171",63% bullish,of 8 ratings,$77
AKRX,$39.75,1441051813004,"276,606",78% bullish,of 9 ratings,$56
ALRM,$17.03,1441051813082,"48,064",100% bearish,of 1 rating,$22
AMRI,$19.94,1441051813184,"76,417",75% bearish,of 4 ratings,$24
ABDC,$13.055,1441051813221,"26,877",Not yet rated,NULL,$15
ALSK,$2.22,1441051813382,"105,742",78% bullish,of 18 ratings,$2
ALDR,$38.82,1441051813514,"250,475",67% bearish,of 3 ratings,$62
ADHD,$7.67,1441051813544,"113,410",50% bullish,of 4 ratings,$18
ALXA,$1.14,1441051813646,"3,860",83% bullish,of 6 ratings,$2.125
ALDX,$7.2,1441051813675,"4,086",100% bearish,of 1 rating,$14.50
ALXN,$172.94,1441051813706,"719,376",88% bullish,of 8 ratings,$223
ALGN,$56.6226,1441051813781,"168,345",100% bearish,of 2 ratings,$73
ALCO,$42.07,1441051813806,"3,535",50% bullish,of 2 ratings,N/A
ALKS,$59.64,1441051813940,"310,882",67% bullish,of 3 ratings,$75
ALGT,$203.49,1441051813969,"93,737",100% bearish,of 2 ratings,$235
ALIM,$3.4,1441051814071,"32,579",80% bullish,of 5 ratings,$10
AFOP,$18.97,1441051814101,"119,891",75% bullish,of 8 ratings,$21
ALLB,$22.64,1441051814169,100,Not yet rated,NULL,N/A
AIQ,$14.36,1441051814240,"6,700",67% bullish,of 3 ratings,N/A
AHGP,$36.0122,1441051814313,"58,304",67% bullish,of 3 ratings,N/A
ARLP,$25.57,1441051814596,"117,651",67% bearish,of 3 ratings,$32
ALQA,$4.5,1441051814629,"26,489",75% bullish,of 4 ratings,$8.50
AHPI,$1.45,1441051814665,"1,280",50% bullish,of 2 ratings,N/A
AMOT,$18.78,1441051814692,"62,976",100% bearish,of 1 rating,N/A
ALLT,$5.23,1441051814724,"216,775",75% bullish,of 4 ratings,$6.25
ALNY,$103.03,1441051814852,"811,362",67% bullish,of 3 ratings,$148.50
AFAM,$44.13,1441051814898,"36,109",50% bullish,of 2 ratings,$44
MDRX,$13.74,1441051814927,"1,025,902",60% bullish,of 5 ratings,$16
SMCP,NULL,1441051815064,0,Not yet rated,NULL,N/A
AOSL,$7.65,1441051815201,"32,349",67% bullish,of 3 ratings,$9
ALTR,$48.549,1441051815242,"719,747",80% bearish,of 5 ratings,$54
ATEC,$0.565,1441051815306,"56,800",100% bullish,of 1 rating,$2
ASPS,$27.26,1441051815331,"118,909",67% bullish,of 3 ratings,$46.50
AIMC,$25,1441051815460,"41,778",100% bearish,of 2 ratings,$28.50
AMAG,$63.35,1441051815487,"348,261",100% bullish,of 2 ratings,$77.50
AMRN,$2.2,1441051815548,"880,712",85% bullish,of 39 ratings,$8
AYA,$20.7323,1441051815743,"7,567",100% bearish,of 1 rating,$40
AMRK,$10.55,1441051815774,"5,600",50% bullish,of 2 ratings,$14
AMZN,$512.889,1441051815801,"1,222,412",81% bullish,of 264 ratings,$646
AMBCW,$7.75,1441051815872,500,100% bearish,of 1 rating,N/A
AMBC,$16.2615,1441051815947,"146,977",100% bearish,of 1 rating,$16.50
AMBA,$95.99,1441051816035,"1,822,439",83% bullish,of 12 ratings,$102.50
AMCX,$72.34,1441051816177,"263,581",67% bullish,of 3 ratings,$87.50
EPAX,$2.69,1441051816217,"7,100",100% bearish,of 1 rating,N/A
AMDA,$0.4666,1441051816249,"405,993",90% bullish,of 10 ratings,$1
DOX,$57.33,1441051816274,"133,787",67% bearish,of 3 ratings,$60
AMED,$38.65,1441051816357,"146,572",100% bearish,of 1 rating,$42
UHAL,$374.564,1441051816527,"8,228",100% bullish,of 2 ratings,$393.50
ATAX,$5.39,1441051816591,"97,397",100% bullish,of 1 rating,$6.50
AMOV,$18.2,1441051816620,598,100% bearish,of 1 rating,N/A
AAL,$38.979,1441051816648,"6,341,279",93% bullish,of 88 ratings,$57
ASBI,$22.76,1441051816669,986,Not yet rated,NULL,N/A
AGNC,$19.17,1441051816798,"2,299,760",71% bullish,of 28 ratings,$22
AGNCP,$25.35,1441051816825,"5,318",Not yet rated,NULL,N/A
AGNCB,$24.2599,1441051816878,"24,108",Not yet rated,NULL,N/A
MTGE,$15.285,1441051817010,"336,889",75% bullish,of 4 ratings,$19.50
MTGEP,$24.2001,1441051817155,"2,800",Not yet rated,NULL,N/A
ACSF,$12.1801,1441051817193,"26,336",100% bearish,of 1 rating,$15
ANCI,$1.55,1441051817298,200,100% bearish,of 1 rating,N/A
ACAS,$13.8963,1441051817325,"850,905",60% bullish,of 5 ratings,$16.75
AETI,$3.39,1441051817467,"9,500",67% bearish,of 3 ratings,N/A
AMNB,$23.7199,1441051817540,"2,154",Not yet rated,NULL,$25.50
ANAT,$99.29,1441051817566,"40,526",100% bullish,of 1 rating,N/A
AMIC,NULL,1441051817592,0,100% bearish,of 1 rating,N/A
APEI,$21.97,1441051817726,"49,490",100% bearish,of 1 rating,$25.50
ARII,$41.77,1441051817830,"157,813",67% bearish,of 3 ratings,$45
ASEI,$39.3156,1441051817858,"15,249",100% bearish,of 1 rating,$52.50
AMRB,$10.06,1441051817893,"61,477",Not yet rated,NULL,$11
AMSWA,$9.18,1441051818112,"186,791",100% bearish,of 2 ratings,$10.75
AMWD,$66.4444,1441051818160,"73,380",50% bullish,of 2 ratings,$70
AMSC,$5.48,1441051818187,"292,675",50% bullish,of 4 ratings,N/A
CRMT,$35.76,1441051818259,"13,995",100% bearish,of 1 rating,$39
ASRV,$3.296,1441051818473,"2,477",100% bullish,of 2 ratings,N/A
ATLO,$24.16,1441051818498,"1,117",Not yet rated,NULL,N/A
AMSF,$46.74,1441051818525,"33,052",Not yet rated,NULL,$57.50
ABCB,$26.5883,1441051818553,"57,950",Not yet rated,NULL,$31
ASRVP,NULL,1441051818684,0,Not yet rated,NULL,N/A
FOLD,$14.379,1441051818709,"1,141,046",56% bullish,of 9 ratings,$21
AMKR,$5.45,1441051818784,"1,564,524",100% bearish,of 2 ratings,$5
AMGN,$151.78,1441051818848,"1,905,071",89% bullish,of 19 ratings,$185
AMPH,$12.86,1441051818887,"63,022",50% bullish,of 2 ratings,$20
AMSGP,$149.73,1441051819052,600,Not yet rated,NULL,N/A
AMSG,$78.685,1441051819114,"140,690",100% bearish,of 1 rating,$85.50
ASYS,$5.45,1441051819180,"31,457",67% bullish,of 3 ratings,$12
ANAC,$130.6126,1441051819269,"232,981",80% bullish,of 5 ratings,$180.50
ANAD,$0.3276,1441051819319,"57,984",100% bullish,of 2 ratings,$.50
AFSI,$58.15,1441051819402,"174,967",60% bullish,of 5 ratings,$72
AMRS,$1.829,1441051819466,"117,355",70% bullish,of 10 ratings,N/A
ADI,$56.07,1441051819547,"1,214,296",67% bullish,of 3 ratings,$69
ABCW,$40.91,1441051819575,"6,096",67% bullish,of 3 ratings,N/A
ALOG,$80.7,1441051819599,"55,744",100% bearish,of 2 ratings,$100.50
ANCB,$21.98,1441051819640,500,Not yet rated,NULL,$23
ANGI,$5.21,1441051819796,"425,991",64% bullish,of 11 ratings,$5.50
AMCF,$0.205,1441051819897,"164,435",100% bullish,of 7 ratings,N/A
ANIP,$48.85,1441051819923,"80,385",89% bullish,of 19 ratings,$66
ANGO,$14.74,1441051819949,"88,920",67% bullish,of 3 ratings,$19
ANIK,$35.41,1441051820104,"101,258",60% bullish,of 5 ratings,$51.25
ANSS,$88.95,1441051820129,"178,545",100% bearish,of 1 rating,$100
ANTH,$6.87,1441051820165,"378,961",80% bullish,of 10 ratings,$13
ATRS,$1.78,1441051820207,"329,289",92% bullish,of 12 ratings,$4.50
ATNY,$2.34,1441051820410,"3,702",50% bullish,of 2 ratings,$3.75
ABAC,$0.786,1441051820455,"3,025",100% bearish,of 1 rating,N/A
APIC,$6.52,1441051820517,"36,456",100% bearish,of 1 rating,$19
APOG,$50.6016,1441051820542,"93,214",50% bullish,of 2 ratings,$67
APOL,$11.12,1441051820690,"712,957",87% bearish,of 68 ratings,$14
AAPL,$112.79,1441051820716,"27,443,466",86% bullish,of 2357 ratings,$150
AINV,$6.51,1441051820741,"1,537,535",50% bullish,of 4 ratings,$8
APPF,$16.01,1441051820768,"40,126",50% bullish,of 2 ratings,$22
APDN,$3.5301,1441051820997,"75,357",Not yet rated,NULL,$9
APDNW,$1.3601,1441051821044,"8,520",Not yet rated,NULL,N/A
ARCI,$1.18,1441051821072,"3,600",Not yet rated,NULL,N/A
AGTC,$16.43,1441051821093,"19,819",50% bullish,of 2 ratings,$33
AMAT,$16.11,1441051821237,"7,462,830",82% bullish,of 11 ratings,$23
AAOI,$20.61,1441051821262,"119,079",50% bullish,of 4 ratings,$26
AMCC,$5.84,1441051821320,"227,259",80% bullish,of 5 ratings,$8
AREX,$2.57,1441051821417,"527,596",100% bearish,of 1 rating,$3
APRI,$1.692,1441051821488,"1,299,280",83% bullish,of 6 ratings,$4.86
APTO,$5.4,1441051821628,"3,976",Not yet rated,NULL,$17
AQXP,$17.01,1441051821684,"228,164",50% bullish,of 2 ratings,$2
AQMS,$4.986,1441051821713,"31,745",Not yet rated,NULL,N/A
AUMA,NULL,1441051821815,0,Not yet rated,NULL,N/A
AUMAW,NULL,1441051821894,0,Not yet rated,NULL,N/A
AUMAU,NULL,1441051821922,0,Not yet rated,NULL,N/A
ARDM,$6.8999,1441051821957,"2,451",100% bullish,of 1 rating,$26
ABUS,$7.16,1441051822052,"252,364",86% bullish,of 14 ratings,$23
PETX,$17.63,1441051822079,"121,260",100% bearish,of 2 ratings,$26
ABIO,$0.8999,1441051822211,"111,236",50% bullish,of 2 ratings,$3.75
ARCW,$3.67,1441051822290,"6,359",100% bearish,of 2 ratings,$10.50
RKDA,$6.49,1441051822339,"10,971",100% bearish,of 2 ratings,$10
ARCB,$28.94,1441051822471,"82,539",67% bearish,of 3 ratings,$39.50
ACGL,$68.44,1441051822498,"204,629",50% bullish,of 2 ratings,$72
ACAT,$26.259,1441051822632,"89,729",100% bearish,of 3 ratings,$33
ARCC,$15.81,1441051822664,"851,687",67% bearish,of 3 ratings,$17.75
ARDX,$18.98,1441051822734,"49,503",50% bullish,of 2 ratings,$24.50
ARNA,$2.715,1441051822761,"1,674,053",90% bullish,of 78 ratings,$5.50
AGII,$55.99,1441051822791,"49,078",Not yet rated,NULL,$59.50
ARGS,$6.2,1441051822892,"59,643",50% bullish,of 2 ratings,$19.50
AGIIL,$25.18,1441051822926,"2,925",Not yet rated,NULL,N/A
ARIS,$3.6401,1441051823020,"9,143",Not yet rated,NULL,$4.50
ARIA,$9.475,1441051823046,"7,471,227",87% bullish,of 46 ratings,$9
ARMH,$42.24,1441051823209,"961,731",54% bearish,of 13 ratings,$60
ARKR,$24.8391,1441051823236,927,50% bullish,of 2 ratings,N/A
ARTX,$1.47,1441051823366,"13,861",88% bullish,of 16 ratings,$4.50
ARWA,NULL,1441051823400,0,Not yet rated,NULL,N/A
ARWAW,NULL,1441051823500,0,Not yet rated,NULL,N/A
ARWAR,NULL,1441051823524,0,Not yet rated,NULL,N/A
ARRY,$5.89,1441051823570,"1,139,893",100% bullish,of 7 ratings,$10
ARQL,$1.69,1441051823595,"87,568",75% bullish,of 4 ratings,$5
ARRS,$26.47,1441051823742,"384,153",50% bullish,of 2 ratings,$38
DWAT,$10.01,1441051823773,5,100% bearish,of 1 rating,N/A
ARWAU,NULL,1441051823902,0,100% bullish,of 1 rating,N/A
ARWR,$5.93,1441051824117,"494,361",75% bullish,of 4 ratings,$10.50
AROW,$27.53,1441051824148,"3,164",Not yet rated,NULL,N/A
ARTNA,$22.1729,1441051824250,"4,876",100% bearish,of 1 rating,$29
ARTW,$4.2899,1441051824279,964,75% bearish,of 4 ratings,N/A
ASBB,NULL,1441051824348,0,Not yet rated,NULL,N/A
ASND,$19.12,1441051824378,"21,242",50% bullish,of 2 ratings,$30
ASCMA,$27.94,1441051824405,"33,903",100% bearish,of 1 rating,$45
ASNA,$12.05,1441051824453,"1,179,229",50% bullish,of 2 ratings,$18
ASMI,NULL,1441051824531,0,NULL,NULL,NULL
ASTI,$0.1097,1441051824606,"1,400,125",83% bullish,of 6 ratings,$3
ASML,$91.235,1441051824665,"347,197",50% bullish,of 4 ratings,$127
APWC,$1.7499,1441051824694,"2,070",100% bearish,of 1 rating,N/A
AZPN,$37.87,1441051824878,"157,646",50% bullish,of 2 ratings,$42
ASMB,$13.71,1441051824903,"41,886",67% bullish,of 3 ratings,N/A
ASFI,$8.9,1441051824928,"2,800",100% bullish,of 1 rating,N/A
ALOT,$13.526,1441051825144,"1,416",100% bearish,of 1 rating,N/A
ASTE,$39.62,1441051825218,"106,180",100% bearish,of 1 rating,$48
ASTC,$2.01,1441051825243,"27,567",100% bullish,of 5 ratings,N/A
ATRO,$51.66,1441051825386,"56,917",100% bearish,of 2 ratings,$80
ASUR,$5.75,1441051825414,"10,600",50% bullish,of 2 ratings,$8
ATHN,$132.91,1441051825439,"107,391",67% bearish,of 3 ratings,$153
ATAI,$2.4086,1441051825466,"3,942",100% bearish,of 1 rating,N/A
AFCB,NULL,1441051825499,0,Not yet rated,NULL,N/A
ATHX,$1.14,1441051825603,"102,951",89% bullish,of 9 ratings,$5
ATRA,$42.2227,1441051825667,"166,154",50% bullish,of 2 ratings,$68
AAPC,NULL,1441051825772,0,Not yet rated,NULL,N/A
ACFC,$5.34,1441051825905,"57,133",100% bearish,of 1 rating,$6.50
AAME,$3.54,1441051825961,300,Not yet rated,NULL,N/A
ATLC,$3.9899,1441051826095,"1,899",67% bullish,of 3 ratings,N/A
AAWW,$41.28,1441051826124,"103,460",50% bullish,of 2 ratings,$65
ATNI,$70.99,1441051826227,"48,281",100% bearish,of 1 rating,$69.50
ATML,$8.17,1441051826254,"3,700,794",78% bullish,of 9 ratings,$9.50
AFH,$16.17,1441051826283,"16,386",Not yet rated,NULL,$21.50
ATOS,$0.79,1441051826315,"17,268",100% bullish,of 7 ratings,$7
ATRC,$24.47,1441051826421,"71,353",100% bullish,of 1 rating,$30
ATTU,$12.96,1441051826518,"18,396",100% bearish,of 1 rating,$20.50
LIFE,$14.48,1441051826549,"15,204",86% bullish,of 7 ratings,$43
ATRI,$387,1441051826651,813,Not yet rated,NULL,N/A
ATRM,$2.8599,1441051826733,"1,000",50% bullish,of 2 ratings,N/A
AUBN,$26.5,1441051826778,100,Not yet rated,NULL,N/A
AUDC,$3.3911,1441051826921,"46,815",80% bullish,of 5 ratings,$5
AUPH,$3.4,1441051826969,"53,745",100% bearish,of 1 rating,$8
ADAT,$0.3086,1441051826993,"203,069",100% bullish,of 2 ratings,N/A
EARS,$4.81,1441051827021,"5,341",100% bearish,of 2 ratings,$11
ABTL,$17.65,1441051827165,"47,177",100% bullish,of 4 ratings,$20.25
ADSK,$46.7477,1441051827191,"2,171,587",67% bullish,of 6 ratings,$66
ADP,$77.3161,1441051827238,"1,076,697",100% bearish,of 1 rating,$88
AVEO,$1.39,1441051827427,"412,707",75% bullish,of 8 ratings,$3
AVNU,$12.3101,1441051827455,"21,652",Not yet rated,NULL,$14
AVGO,$125.9637,1441051827476,"1,309,777",88% bullish,of 8 ratings,$165
AAVL,$10.48,1441051827509,"153,462",100% bearish,of 1 rating,$20
AVID,$8.32,1441051827607,"135,776",100% bearish,of 1 rating,$20
AVNW,$1.16,1441051827674,"57,537",50% bullish,of 2 ratings,$2.20
AVGR,$14.44,1441051827748,"6,675",100% bearish,of 1 rating,$20
CAR,$44.2,1441051827809,"775,518",80% bullish,of 5 ratings,$60
AXPW,$2.45,1441051827850,"5,057,890",83% bullish,of 6 ratings,N/A
AWRE,$3.18,1441051827908,"2,850",67% bullish,of 3 ratings,N/A
AXGN,$4.8,1441051828013,"226,578",Not yet rated,NULL,$5
AXPWW,NULL,1441051828061,0,Not yet rated,NULL,N/A
ACLS,$3.27,1441051828088,"405,242",67% bullish,of 6 ratings,$4.75
AXTI,$2.17,1441051828244,"30,518",50% bullish,of 2 ratings,$2.75
BCOM,NULL,1441051828294,0,100% bearish,of 1 rating,N/A
RILY,$10.15,1441051828385,200,Not yet rated,NULL,N/A
BIDU,$147.75,1441051828530,"1,673,232",81% bullish,of 88 ratings,$210
BEAV,$48.7476,1441051828680,"366,176",67% bearish,of 3 ratings,$59
BOSC,$2.21,1441051828754,"2,380",50% bullish,of 2 ratings,N/A
BCPC,$58.43,1441051828813,"67,726",100% bearish,of 1 rating,$75
BLDP,$1.3383,1441051828856,"169,382",91% bullish,of 22 ratings,$2.50
BWINA,$23.31,1441051828882,280,Not yet rated,NULL,N/A
BWINB,$22.8,1441051828954,"2,608",Not yet rated,NULL,N/A
BANFP,NULL,1441051829088,0,Not yet rated,NULL,N/A
BANF,$59.8636,1441051829139,"8,374",Not yet rated,NULL,$68
BMRC,$48,1441051829190,"17,780",Not yet rated,NULL,$52
BOCH,$5.76,1441051829320,"2,407",Not yet rated,NULL,$6.50
BKMU,$7.235,1441051829345,"15,275",Not yet rated,NULL,$8
BKSC,$16.75,1441051829417,"6,407",Not yet rated,NULL,N/A
BOTJ,NULL,1441051829504,0,Not yet rated,NULL,N/A
OZRK,$41.77,1441051829636,"165,864",67% bullish,of 3 ratings,$49.50
BFIN,$12.3,1441051829740,"10,947",Not yet rated,NULL,$13
BWFG,$18.1799,1441051829765,306,100% bearish,of 1 rating,N/A
TAPR,NULL,1441051829898,0,100% bearish,of 1 rating,N/A
BANR,$44.32,1441051829951,"46,283",100% bullish,of 3 ratings,$50
BZUN,$5.1,1441051830031,"112,329",50% bullish,of 2 ratings,$11.50
BHACU,NULL,1441051830189,0,Not yet rated,NULL,N/A
BHAC,NULL,1441051830216,0,Not yet rated,NULL,N/A
BHACR,NULL,1441051830240,0,Not yet rated,NULL,N/A
BHACW,$0.1399,1441051830345,200,Not yet rated,NULL,N/A
BBSI,$35.58,1441051830446,"42,861",67% bearish,of 3 ratings,$62.50
BSET,$29.08,1441051830476,"34,778",100% bearish,of 1 rating,$35
BYLK,$12.8236,1441051830581,"5,186",Not yet rated,NULL,$14
BYBK,$5.03,1441051830657,"4,693",100% bearish,of 1 rating,N/A
BV,$5.22,1441051830713,"255,757",67% bullish,of 6 ratings,$9
BBCN,$14.2623,1441051830758,"84,748",100% bearish,of 1 rating,$16
BCBP,$11.4522,1441051830856,"2,000",Not yet rated,NULL,N/A
BDCV,$4.9506,1441051830943,"14,736",100% bearish,of 1 rating,$10.19
BBGI,$4,1441051831018,"4,893",100% bearish,of 1 rating,N/A
BECN,$36.29,1441051831120,"205,469",50% bullish,of 2 ratings,$40
BSF,$8.56,1441051831151,"2,044",Not yet rated,NULL,N/A
BEBE,$1.34,1441051831203,"644,986",75% bullish,of 4 ratings,$2.125
BELFA,$14.8701,1441051831260,210,100% bearish,of 1 rating,N/A
BBBY,$62.1131,1441051831310,"699,195",71% bullish,of 7 ratings,$75
BLPH,$5.15,1441051831416,"10,331",100% bearish,of 1 rating,$12.50
BELFB,$17.7945,1441051831451,"23,507",100% bearish,of 1 rating,N/A
BLCM,$16.99,1441051831494,"141,180",50% bullish,of 4 ratings,$40
BNFT,$36.4559,1441051831597,"59,955",67% bullish,of 3 ratings,$46
BNCL,$12.44,1441051831627,"118,389",100% bullish,of 3 ratings,$12.50
BNTC,$8,1441051831651,"15,745",100% bullish,of 1 rating,N/A
BGFV,$11.49,1441051831938,"112,916",57% bullish,of 7 ratings,$12
BGMD,$0.7202,1441051831970,"97,428",100% bullish,of 10 ratings,N/A
BGCP,$8.75,1441051831995,"463,661",88% bullish,of 8 ratings,$14
BIND,$4.69,1441051832070,"160,947",75% bullish,of 4 ratings,$13.50
BIOC,$1.97,1441051832136,"89,886",83% bullish,of 6 ratings,$3.85
BASI,$1.65,1441051832163,"5,448",Not yet rated,NULL,N/A
ORPN,$5.76,1441051832213,"8,349",100% bullish,of 1 rating,$28.50
BCRX,$11.66,1441051832358,"583,007",63% bullish,of 8 ratings,$18
BCDA,NULL,1441051832401,0,Not yet rated,NULL,N/A
BIOD,$0.6637,1441051832497,"23,449",80% bullish,of 5 ratings,$4
BDSI,$6.75,1441051832528,"405,159",88% bullish,of 8 ratings,$17
BIIB,$297.297,1441051832555,"700,415",88% bullish,of 16 ratings,$400
BIOL,$1.49,1441051832685,"22,464",Not yet rated,NULL,N/A
BLFS,$2.75,1441051832767,"6,214,461",100% bearish,of 1 rating,$4.75
BLRX,$1.52,1441051832796,"95,064",100% bullish,of 12 ratings,$5
BVXVW,$0.75,1441051833103,"4,500",100% bearish,of 1 rating,N/A
BPTH,$1.11,1441051833133,"138,700",100% bullish,of 2 ratings,$5
BMRN,$129.237,1441051833167,"386,593",80% bullish,of 5 ratings,$160
BRLI,NULL,1441051833267,0,NULL,NULL,NULL
BVXV,$3.5001,1441051833288,"7,670",Not yet rated,NULL,N/A
BIOS,$2.4356,1441051833370,"384,379",71% bullish,of 7 ratings,$4
BBC,$31.32,1441051833462,"12,311",Not yet rated,NULL,N/A
BBP,$32.76,1441051833621,"8,093",Not yet rated,NULL,N/A
BSTC,$49.6899,1441051833729,"70,194",100% bearish,of 1 rating,$76
TECH,$94.477,1441051833810,"73,611",100% bullish,of 1 rating,$117
BOTA,$2.14,1441051833839,"22,069",88% bullish,of 8 ratings,N/A
BSPM,$0.7,1441051833867,"7,084",50% bullish,of 2 ratings,N/A
BEAT,$14.23,1441051833895,"254,931",67% bearish,of 3 ratings,$15
BJRI,$42.91,1441051833967,"89,225",50% bullish,of 2 ratings,$55
BDMS,NULL,1441051834107,0,100% bearish,of 1 rating,N/A
BITI,$17.1,1441051834159,"6,244",100% bullish,of 1 rating,$28
BBOX,$15.42,1441051834305,"58,778",100% bearish,of 1 rating,N/A
BDE,$7.48,1441051834375,"79,172",50% bullish,of 2 ratings,$9
BLKB,$57.14,1441051834404,"59,619",100% bearish,of 2 ratings,$66
BBRY,$7.59,1441051834532,"2,521,370",61% bullish,of 330 ratings,$9
HAWK,$39.485,1441051834682,"192,813",91% bullish,of 11 ratings,$49
BKCC,$9.46,1441051834734,"204,185",50% bullish,of 2 ratings,$10
ADRD,$22.0799,1441051834761,"8,464",100% bearish,of 1 rating,N/A
ADRA,$27.1605,1441051834818,845,100% bearish,of 1 rating,N/A
ADRE,$29.77,1441051834947,"8,149",100% bearish,of 1 rating,N/A
BLMN,$20.7,1441051835007,"1,037,172",83% bullish,of 6 ratings,$27.50
ADRU,$21.79,1441051835033,551,100% bearish,of 1 rating,N/A
BLBD,$11.7799,1441051835103,"4,942",Not yet rated,NULL,N/A
BCOR,$13.94,1441051835129,"122,108",57% bullish,of 7 ratings,$15
BUFF,$25.45,1441051835190,"534,570",83% bullish,of 12 ratings,$31.50
BBLU,$0.7567,1441051835398,"81,932",100% bullish,of 2 ratings,$4.43
BHBK,$14.1129,1441051835468,"95,770",100% bullish,of 1 rating,$14.50
NILE,$34.064,1441051835609,"80,662",50% bullish,of 2 ratings,$34
BLUE,$133.067,1441051835638,"326,396",71% bullish,of 7 ratings,$217.50
BKEP,$6.175,1441051835743,"40,935",100% bearish,of 1 rating,$8.50
BPMC,$27.46,1441051835771,"23,992",50% bullish,of 2 ratings,$47.50
BKEPP,NULL,1441051835796,0,100% bearish,of 1 rating,N/A
BOBE,$45.22,1441051835936,"240,378",75% bullish,of 4 ratings,$57
BNCN,$20.59,1441051835966,"184,394",Not yet rated,NULL,$24
BOFI,$115.88,1441051836098,"203,281",100% bullish,of 6 ratings,$144
WIFI,$7.53,1441051836124,"112,563",50% bullish,of 2 ratings,$13.50
BOJA,$20.77,1441051836149,"123,417",100% bullish,of 1 rating,$30
BOKF,$63.277,1441051836177,"92,591",100% bearish,of 1 rating,$69
BONA,$11.6,1441051836306,"62,848",75% bullish,of 4 ratings,$8.50
BNSO,$1.2548,1441051836358,266,100% bearish,of 1 rating,N/A
BAMM,$3.19,1441051836522,"27,593",60% bullish,of 5 ratings,N/A
BPFHP,$25,1441051836555,"2,705",100% bearish,of 1 rating,N/A
BPFH,$11.9,1441051836619,"116,183",100% bearish,of 1 rating,$14
BPFHW,NULL,1441051836726,0,100% bearish,of 1 rating,N/A
EPAY,$26.8029,1441051836782,"71,167",100% bearish,of 2 ratings,$30
BCLI,$3.0101,1441051836861,"47,556",80% bullish,of 5 ratings,$12
BDBD,$8.17,1441051836887,"460,932",60% bullish,of 5 ratings,$10
BBRG,$12.71,1441051836915,"43,770",67% bullish,of 3 ratings,$14.50
BBEPP,$14.48,1441051836966,"24,728",100% bearish,of 1 rating,N/A
BBEP,$2.865,1441051837051,"1,735,965",69% bullish,of 13 ratings,$5.625
BRID,NULL,1441051837207,0,100% bearish,of 1 rating,N/A
BLIN,$1.35,1441051837237,"1,000",100% bullish,of 2 ratings,$2.20
BDGE,$26.22,1441051837290,"11,281",Not yet rated,NULL,$31.75
BCOV,$5.335,1441051837347,"27,472",67% bullish,of 3 ratings,$10.20
BRCM,$51.667,1441051837534,"1,833,438",75% bullish,of 12 ratings,$56
BSFT,$31.44,1441051837559,"51,751",57% bullish,of 7 ratings,$40.50
BVSN,$5.98,1441051837698,"4,579",60% bearish,of 5 ratings,N/A
BYFC,$1.46,1441051837758,107,50% bullish,of 2 ratings,N/A
BRCD,$10.647,1441051837896,"1,467,764",92% bullish,of 13 ratings,$11.50
BRKS,$10.41,1441051837924,"66,771",67% bullish,of 3 ratings,$15.25
BWEN,$3.19,1441051837950,"14,965",75% bullish,of 4 ratings,$8
BRKL,$10.53,1441051837971,"92,536",100% bearish,of 1 rating,$10.75
BRKR,$18.377,1441051838106,"170,078",100% bearish,of 2 ratings,$22
BMTC,$29.68,1441051838154,"30,005",Not yet rated,NULL,$34
BSQR,$6.09,1441051838285,"51,556",67% bullish,of 3 ratings,N/A
BLMT,$20.7001,1441051838311,"8,120",Not yet rated,NULL,N/A
BLDR,$14.81,1441051838376,"434,332",67% bullish,of 3 ratings,$22
BWLD,$189.6,1441051838514,"95,827",82% bullish,of 11 ratings,$205
BUR,$1.75,1441051838553,"21,100",100% bearish,of 1 rating,$8
CFFI,$36.06,1441051838792,189,100% bearish,of 1 rating,N/A
CA,$27.287,1441051838842,"1,052,594",50% bullish,of 4 ratings,$33
CCMP,$43.4,1441051838872,"36,273",50% bullish,of 2 ratings,$59
CDNS,$20.06,1441051838923,"557,094",75% bullish,of 4 ratings,$22.50
CHRW,$67.427,1441051838954,"616,242",Not yet rated,NULL,$72
CSTE,$39.96,1441051838976,"110,965",50% bullish,of 2 ratings,$65
CDZI,$8.001,1441051839005,"53,004",100% bearish,of 1 rating,N/A
CACQ,$7.06,1441051839056,"44,027",100% bearish,of 1 rating,$12.25
CLBS,$1.54,1441051839338,"118,041",79% bullish,of 14 ratings,$4
CZR,$9.46,1441051839391,"462,268",60% bearish,of 5 ratings,$10.50
PRSS,$4.27,1441051839473,"36,146",80% bullish,of 5 ratings,$4.50
CCD,$19.29,1441051839644,"90,828",Not yet rated,NULL,N/A
CHY,$11.3625,1441051839672,"180,092",Not yet rated,NULL,N/A
CLMS,$10.56,1441051839774,"39,502",Not yet rated,NULL,$10.50
CHI,$10.6154,1441051839821,"171,722",100% bearish,of 1 rating,N/A
CFGE,$10.5301,1441051839864,755,Not yet rated,NULL,N/A
CGO,$12.11,1441051839889,"14,271",100% bearish,of 1 rating,N/A
CAMP,$16.52,1441051839914,"188,666",88% bullish,of 8 ratings,$25
CSQ,$9.96,1441051839939,"249,168",Not yet rated,NULL,N/A
CHW,$7.59,1441051840069,"143,804",100% bearish,of 1 rating,N/A
CVGW,$58.25,1441051840122,"82,097",50% bullish,of 2 ratings,$62
CALA,$5.84,1441051840563,"344,401",100% bullish,of 3 ratings,$19.50
CALD,$15.79,1441051840592,"204,180",100% bearish,of 1 rating,$21
CLMT,$25.96,1441051840652,"108,765",75% bullish,of 8 ratings,$31
CFNB,NULL,1441051840676,0,100% bearish,of 1 rating,N/A
CAMB,NULL,1441051840701,0,Not yet rated,NULL,N/A
ABCD,$5.22,1441051840730,"139,438",83% bullish,of 6 ratings,N/A
CALM,$53.09,1441051840760,"522,914",80% bullish,of 5 ratings,$65
CAMBW,NULL,1441051840866,0,Not yet rated,NULL,N/A
CSIQ,$18.75,1441051841036,"976,873",86% bullish,of 28 ratings,$42.50
CAC,$40.03,1441051841088,"1,843",Not yet rated,NULL,N/A
CBNJ,$11.1398,1441051841220,"17,122",100% bearish,of 1 rating,N/A
CPHC,$10.38,1441051841254,100,100% bearish,of 1 rating,N/A
CAMT,$2.6786,1441051841275,"22,109",73% bullish,of 11 ratings,$4
CGIX,$9.6275,1441051841349,"10,322",67% bullish,of 3 ratings,$14.375
CAMBU,NULL,1441051841378,0,100% bearish,of 1 rating,N/A
CPLA,$48.72,1441051841478,"91,693",67% bearish,of 3 ratings,$65
CPLP,$7.06,1441051841696,"238,594",71% bullish,of 7 ratings,$11
CCBG,$14.92,1441051841754,"3,972",Not yet rated,NULL,$17.25
CSWC,$45.76,1441051841781,"8,612",Not yet rated,NULL,N/A
CBF,$29.4827,1441051841802,"122,125",Not yet rated,NULL,$32
CAPNW,$0.6898,1441051841934,100,Not yet rated,NULL,N/A
CPTA,$13.73,1441051841993,"30,702",100% bearish,of 1 rating,$18.50
CFFN,$12.06,1441051842027,"301,719",Not yet rated,NULL,$12.75
CAPN,$2.3101,1441051842122,"123,190",100% bullish,of 1 rating,$10.85
CAPR,$4.8,1441051842147,"12,100",Not yet rated,NULL,$12
CARA,$19.05,1441051842226,"135,647",50% bullish,of 4 ratings,$25
CPST,$0.4013,1441051842253,"811,636",95% bullish,of 22 ratings,$1.25
CBYL,$5.45,1441051842332,"6,733",100% bearish,of 1 rating,$20
CARB,$11.01,1441051842461,"74,905",75% bullish,of 4 ratings,$12
CFNL,$22.31,1441051842559,"31,586",Not yet rated,NULL,$24
CRME,$8.79,1441051842696,"12,143",89% bullish,of 9 ratings,$11.25
CRDC,$0.33,1441051842725,"89,233",100% bullish,of 1 rating,$1.25
CATM,$34.39,1441051842755,"182,229",100% bearish,of 1 rating,$44
CSII,$24.01,1441051842824,"94,053",100% bearish,of 2 ratings,$42.125
CECO,$3.685,1441051842914,"163,119",67% bearish,of 3 ratings,$6
CDNA,$6.98,1441051843049,"3,000",100% bearish,of 1 rating,$9
CKEC,$23.73,1441051843127,"85,026",50% bullish,of 2 ratings,$35.915
CLBH,$12.7,1441051843182,408,Not yet rated,NULL,$16.50
CARO,$15.44,1441051843208,"1,507",100% bearish,of 1 rating,$19
CTRE,$11.2,1441051843237,"192,473",50% bullish,of 2 ratings,$13.50
CART,$5.35,1441051843374,"2,200",100% bearish,of 1 rating,N/A
CRZO,$36.56,1441051843423,"933,981",67% bearish,of 3 ratings,$54.50
TAST,$12.68,1441051843568,"229,076",Not yet rated,NULL,$14.25
CASM,$1.16,1441051843723,"17,137",100% bullish,of 1 rating,$3.50
CRTN,$2.49,1441051843753,"2,200",100% bearish,of 1 rating,N/A
CARV,$6.45,1441051843802,"34,753",50% bullish,of 2 ratings,N/A
CACB,$5.41,1441051843854,"47,053",Not yet rated,NULL,$5.50
CSCD,$15.39,1441051843881,"23,121",100% bullish,of 2 ratings,$17
CWST,$6.15,1441051843932,"29,249",50% bullish,of 2 ratings,$7.25
CASY,$105.9023,1441051844032,"81,800",50% bullish,of 2 ratings,$99.50
CASI,$1.38,1441051844096,"8,256",100% bullish,of 1 rating,$3.50
CATB,$11.3899,1441051844411,"11,525",100% bearish,of 1 rating,$28
CASS,$48.2,1441051844438,"8,548",100% bearish,of 1 rating,N/A
CATY,$29.67,1441051844464,"236,366",100% bearish,of 1 rating,$33.50
CPRX,$3.65,1441051844502,"195,195",71% bullish,of 7 ratings,$7
CATYW,NULL,1441051844653,0,100% bearish,of 1 rating,N/A
CAVM,$68.16,1441051844738,"164,269",67% bearish,of 3 ratings,$72
CVCO,$71.55,1441051844785,"6,648",100% bearish,of 1 rating,N/A
CBFV,$20.46,1441051844814,886,Not yet rated,NULL,$25
CNLM,NULL,1441051844839,0,Not yet rated,NULL,N/A
CNLMU,NULL,1441051844969,0,100% bullish,of 1 rating,N/A
CNLMR,NULL,1441051845014,0,Not yet rated,NULL,N/A
CNLMW,NULL,1441051845066,0,Not yet rated,NULL,N/A
CDW,$39.747,1441051845211,"504,119",75% bullish,of 4 ratings,$44
CBOE,$63.257,1441051845280,"197,676",Not yet rated,NULL,$60
CDK,$49.537,1441051845343,"255,922",67% bearish,of 3 ratings,$50
CECE,$9.68,1441051845368,"31,805",50% bullish,of 2 ratings,$16
CELG,$118.51,1441051845558,"3,412,907",92% bullish,of 13 ratings,$155.50
CELGZ,$1.66,1441051845583,"31,341",80% bullish,of 5 ratings,N/A
CPXX,$2.16,1441051845611,"90,178",100% bullish,of 2 ratings,$7
CLDN,$1.13,1441051845635,"60,361",71% bullish,of 7 ratings,$3
CLRBW,$0.92,1441051845870,100,Not yet rated,NULL,N/A
CLRB,$3.1499,1441051845897,485,100% bearish,of 1 rating,N/A
CLLS,$34,1441051845928,"75,698",75% bullish,of 4 ratings,$51.50
CLDX,$14.87,1441051845949,"665,641",89% bullish,of 9 ratings,$36
CBMG,$23.4,1441051846085,"45,051",50% bullish,of 2 ratings,N/A
CLSN,$2.085,1441051846111,"43,936",80% bullish,of 10 ratings,$7.50
CLTX,$2.488,1441051846242,"421,813",100% bullish,of 2 ratings,N/A
CYAD,$48.79,1441051846315,150,100% bullish,of 1 rating,$87.50
CETX,$2.27,1441051846444,"10,952",Not yet rated,NULL,$5.60
CEMP,$34.49,1441051846499,"429,887",71% bullish,of 7 ratings,$52
CETV,$2.19,1441051846543,"60,417",67% bullish,of 3 ratings,$2.80
CSFL,$13.79,1441051846586,"48,712",Not yet rated,NULL,$15
CENT,$12.26,1441051846675,"73,258",Not yet rated,NULL,$10
CFBK,NULL,1441051846716,0,Not yet rated,NULL,N/A
CVCY,$11.55,1441051846746,"1,184",Not yet rated,NULL,$12
CENTA,$12.6564,1441051846770,"249,441",Not yet rated,NULL,N/A
CENX,$5.61,1441051846964,"1,238,661",67% bullish,of 6 ratings,$9
CNTY,$5.7906,1441051847104,"31,394",80% bullish,of 5 ratings,$7.75
CNBKA,$41.59,1441051847216,215,50% bullish,of 2 ratings,N/A
CPHD,$48.76,1441051847242,"187,850",67% bearish,of 3 ratings,$66.50
CERN,$61.81,1441051847323,"917,319",67% bullish,of 3 ratings,$79
CRNT,$1.477,1441051847607,"188,330",50% bullish,of 2 ratings,$2
KOOL,$0.683,1441051847636,"9,299",100% bullish,of 5 ratings,$7
HOTR,$1.469,1441051847694,"79,237",100% bullish,of 2 ratings,$5
CEVA,$19.22,1441051847735,"26,169",100% bearish,of 1 rating,$25
CERE,$1.165,1441051847772,"197,619",88% bullish,of 8 ratings,N/A
CYOU,$20.95,1441051847827,"209,672",50% bullish,of 6 ratings,$24
CERS,$4.94,1441051847860,"320,079",75% bullish,of 4 ratings,$7
CERU,$4.039,1441051847887,"74,223",75% bullish,of 4 ratings,$14
CTHR,$1.35,1441051848109,"6,256",50% bullish,of 2 ratings,$2.50
GTLS,$25.63,1441051848146,"191,600",50% bullish,of 4 ratings,$40
HOTRW,NULL,1441051848170,0,Not yet rated,NULL,N/A
CHTR,$181.607,1441051848354,"543,280",100% bearish,of 2 ratings,$202
CHFN,$12.51,1441051848384,"8,145",Not yet rated,NULL,$14
CHKP,$78,1441051848492,"663,041",50% bullish,of 4 ratings,$92
CEMI,$4.14,1441051848532,"11,374",50% bullish,of 2 ratings,$7.50
CHFC,$31.94,1441051848558,"27,976",100% bearish,of 1 rating,$36
CHEKW,NULL,1441051848628,0,Not yet rated,NULL,N/A
CHEK,$2.1101,1441051848658,440,Not yet rated,NULL,$7.75
CCXI,$6.59,1441051848683,"43,065",67% bullish,of 3 ratings,$14
CHMG,$26.5,1441051848825,200,Not yet rated,NULL,$30
CHKE,$25.74,1441051848892,"20,309",100% bearish,of 1 rating,$32.50
CHEV,$14.32,1441051848917,230,Not yet rated,NULL,N/A
CBNK,$16.3,1441051848982,"23,445",100% bearish,of 1 rating,N/A
CHMA,$25.74,1441051849062,"43,344",Not yet rated,NULL,$40
PLCE,$60.03,1441051849243,"88,294",100% bearish,of 1 rating,$69
CADC,$2.63,1441051849280,"3,203",78% bullish,of 9 ratings,N/A
CALI,$0.885,1441051849305,700,67% bullish,of 3 ratings,N/A
CAAS,$6.25,1441051849375,"20,739",93% bullish,of 14 ratings,$11.50
CMRX,$48.99,1441051849402,"133,854",50% bullish,of 2 ratings,$57
CCCL,$0.7501,1441051849545,"5,900",100% bullish,of 6 ratings,N/A
CBAK,$1.9896,1441051849579,"14,271",67% bullish,of 9 ratings,N/A
CBPO,$95.09,1441051849629,"119,734",75% bullish,of 8 ratings,$140.50
JRJC,$3.7,1441051849673,"42,922",82% bullish,of 11 ratings,N/A
CCCR,$0.7361,1441051849840,"44,775",67% bearish,of 3 ratings,N/A
HGSH,$1.8801,1441051849880,"3,740",67% bullish,of 3 ratings,N/A
CHOP,$1.1601,1441051849980,"5,938",50% bullish,of 2 ratings,N/A
CNIT,$1.29,1441051850020,"147,043",67% bullish,of 6 ratings,N/A
CHLN,$2.02,1441051850085,"2,600",67% bullish,of 3 ratings,N/A
CJJD,$1.81,1441051850154,"1,365",100% bullish,of 1 rating,N/A
HTHT,$25.6,1441051850181,"149,201",50% bullish,of 2 ratings,$28.40
CHNR,$1.6,1441051850211,"8,781",100% bearish,of 1 rating,N/A
CREG,$0.6949,1441051850379,"40,287",100% bullish,of 3 ratings,N/A
CNTF,$0.84,1441051850480,"52,600",Not yet rated,NULL,N/A
CPGI,$6.96,1441051850537,"1,079",Not yet rated,NULL,N/A
CXDC,$5.78,1441051850611,"22,692",67% bearish,of 3 ratings,N/A
CSUN,$1.47,1441051850637,"6,759",80% bullish,of 5 ratings,N/A
CNYD,$3.2,1441051850658,"3,616",67% bullish,of 3 ratings,N/A
CNET,$0.8601,1441051850900,"54,062",50% bullish,of 2 ratings,N/A
CCIH,$7.19,1441051850929,"94,060",67% bullish,of 6 ratings,$12.65
IMOS,$18.51,1441051850955,"159,757",60% bullish,of 5 ratings,$21.50
CHSCM,$26.339,1441051851097,"16,084",Not yet rated,NULL,N/A
CHSCN,$27.09,1441051851125,"24,378",Not yet rated,NULL,N/A
CHSCO,$28.4,1441051851187,"5,416",Not yet rated,NULL,N/A
CHSCL,$27.26,1441051851318,"16,517",Not yet rated,NULL,N/A
CHDN,$132.7812,1441051851534,"44,107",Not yet rated,NULL,$165
CIFC,$6.98,1441051851578,200,100% bearish,of 1 rating,N/A
CHSCP,$30.73,1441051851606,"3,512",Not yet rated,NULL,N/A
CMCT,$15.1999,1441051851635,900,100% bearish,of 1 rating,N/A
CDTX,$14.25,1441051851676,"18,673",Not yet rated,NULL,$22
CHUY,$30.63,1441051851737,"94,161",50% bullish,of 2 ratings,$34
CMPR,$70.2,1441051851810,"230,170",50% bullish,of 2 ratings,$72.50
CINF,$52.327,1441051851837,"324,280",50% bullish,of 4 ratings,$50.50
CIDM,$0.565,1441051852136,"138,653",50% bullish,of 2 ratings,$2.10
CSCO,$25.883,1441051852171,"13,527,155",84% bullish,of 209 ratings,$32
CRUS,$30.21,1441051852267,"557,658",75% bullish,of 12 ratings,$44.50
CTAS,$84.987,1441051852292,"229,268",100% bearish,of 1 rating,$91
CPHR,$5.3999,1441051852319,"24,550",100% bearish,of 1 rating,$17
CTRN,$26.41,1441051852340,"31,313",100% bearish,of 1 rating,$31.50
CZNC,$19.98,1441051852483,"5,750",Not yet rated,NULL,N/A
CZWI,$9.1,1441051852513,402,Not yet rated,NULL,N/A
CZFC,$12.6801,1441051852648,750,Not yet rated,NULL,N/A
CTXS,$68.1137,1441051853048,"768,797",86% bullish,of 7 ratings,$80
CIZN,$19.4,1441051853069,616,Not yet rated,NULL,N/A
CIVB,$9.9,1441051853107,497,Not yet rated,NULL,$11
CLNE,$5.33,1441051853137,"638,481",80% bullish,of 15 ratings,$9
CDTI,$1.65,1441051853206,"26,512",75% bullish,of 4 ratings,$3.20
CHCO,$46.9986,1441051853226,"18,544",Not yet rated,NULL,$46
CIVBP,NULL,1441051853256,0,Not yet rated,NULL,N/A
CLNT,$1.4393,1441051853444,"11,339",75% bullish,of 8 ratings,N/A
CLRO,$11.424,1441051853512,"7,153",50% bullish,of 2 ratings,$14.25
CBLI,$4.0303,1441051853611,"27,211",60% bullish,of 5 ratings,N/A
CLFD,$16.99,1441051853640,"29,134",67% bullish,of 3 ratings,$18
CLIR,$4.93,1441051853665,"23,215",100% bullish,of 3 ratings,N/A
CSBK,$13.79,1441051853695,"22,084",Not yet rated,NULL,N/A
CMFN,$11.55,1441051853797,"15,449",100% bearish,of 1 rating,$15.50
CLVS,$78.08,1441051853897,"295,725",60% bullish,of 5 ratings,$101.50
CME,$94.74,1441051853995,"1,391,589",67% bullish,of 3 ratings,$102
CISG,$7.64,1441051854129,"55,268",100% bullish,of 5 ratings,$10
CNV,$4.4703,1441051854156,"6,338",50% bullish,of 2 ratings,$7.15
CWAY,$11.12,1441051854178,"2,200",Not yet rated,NULL,N/A
CCNE,$17.033,1441051854202,"6,496",50% bullish,of 2 ratings,$21.50
COKE,$154.23,1441051854462,"19,345",79% bullish,of 19 ratings,N/A
CDXS,$3.73,1441051854490,"11,480",64% bullish,of 11 ratings,$6
CDRB,$14.17,1441051854517,"3,801",67% bullish,of 3 ratings,N/A
JVA,$4.6514,1441051854669,"7,495",83% bullish,of 6 ratings,$7
CCOI,$27.69,1441051854720,"179,512",50% bullish,of 4 ratings,$35
COBZ,$12.88,1441051854741,"21,340",100% bullish,of 1 rating,$14
CGNX,$35.63,1441051854955,"201,790",50% bullish,of 2 ratings,$47
CVLY,$20.7,1441051854980,200,Not yet rated,NULL,N/A
CGNT,$1.58,1441051855158,"6,273",100% bullish,of 2 ratings,$2
COHR,$58.3,1441051855187,"40,266",50% bullish,of 2 ratings,$72
CHRS,$27.46,1441051855212,"51,034",67% bearish,of 3 ratings,$37
COHU,$9.69,1441051855349,"55,000",100% bearish,of 1 rating,$14.25
COLL,$15.1,1441051855384,"28,279",100% bearish,of 1 rating,$26
CTSH,$62.92,1441051855409,"1,922,863",90% bullish,of 10 ratings,$75
CLCT,$18.73,1441051855550,"10,852",100% bearish,of 1 rating,N/A
CLRX,$0.57,1441051855614,"47,360",50% bullish,of 2 ratings,N/A
CIGI,$43.8,1441051855643,"31,521",100% bearish,of 1 rating,$52
CBAN,$8.75,1441051855812,"1,200",Not yet rated,NULL,N/A
CLCD,$6.5401,1441051855838,"21,249",100% bearish,of 1 rating,$20.50
CMCO,$18.99,1441051856106,"19,238",60% bullish,of 5 ratings,$28
COLM,$61.46,1441051856133,"85,625",100% bearish,of 1 rating,$71
COLB,$30.36,1441051856154,"107,314",Not yet rated,NULL,$36
CBMX,$1.1,1441051856185,"6,390",83% bullish,of 6 ratings,$3.15
CMCSK,$57.2437,1441051856394,"1,921,986",Not yet rated,NULL,$84
CBSH,$44.8137,1441051856422,"202,398",50% bullish,of 2 ratings,$46
CMCSA,$56.4,1441051856451,"4,357,413",66% bullish,of 35 ratings,$69.50
CUBN,$14.1273,1441051856554,"1,250",Not yet rated,NULL,N/A
CBSHP,$25.3701,1441051856661,"2,186",100% bearish,of 1 rating,N/A
COMM,$32.347,1441051856688,"541,031",67% bearish,of 3 ratings,$35
CVGI,$5.13,1441051856870,"64,947",50% bullish,of 2 ratings,$6
ESXB,$5.06,1441051856894,"12,057",Not yet rated,NULL,N/A
CSAL,$20.101,1441051856919,"528,689",75% bullish,of 4 ratings,$30
JCS,$9.23,1441051856945,"3,488",67% bullish,of 3 ratings,N/A
CYHHZ,$0.01,1441051857141,717,100% bullish,of 1 rating,N/A
CTBI,$35.1,1441051857166,"7,529",Not yet rated,NULL,$36
CWBC,$6.8399,1441051857296,"2,615",Not yet rated,NULL,N/A
COB,$10.54,1441051857322,"3,020",100% bullish,of 1 rating,$11.75
CVLT,$35.82,1441051857487,"246,083",75% bullish,of 4 ratings,$44.50
CID,$33.57,1441051857618,300,Not yet rated,NULL,N/A
CIZ,$33.2572,1441051857651,"2,776",100% bearish,of 1 rating,N/A
CDC,$34.64,1441051857757,"5,701",Not yet rated,NULL,N/A
CIL,$33.59,1441051857784,700,Not yet rated,NULL,N/A
CSF,$36.7689,1441051857809,"1,348",100% bearish,of 1 rating,N/A
CFO,$35.5401,1441051857859,"30,912",100% bearish,of 1 rating,N/A
CSA,$33.03,1441051858039,605,Not yet rated,NULL,N/A
CFA,$35.5603,1441051858171,"2,300",100% bearish,of 1 rating,N/A
CSB,$33.02,1441051858196,100,Not yet rated,NULL,N/A
CDL,$33.5,1441051858222,110,Not yet rated,NULL,N/A
CTG,$6.72,1441051858357,"25,304",100% bearish,of 1 rating,$8.50
CPSI,$46.1,1441051858386,"43,258",100% bearish,of 1 rating,$45.50
CGEN,$4.92,1441051858407,"87,714",50% bullish,of 2 ratings,$11
SCOR,$52.16,1441051858592,"161,636",100% bearish,of 1 rating,$66
CHCI,$0.66,1441051858680,"8,073",50% bullish,of 2 ratings,N/A
CMTL,$26.48,1441051858719,"38,577",100% bearish,of 2 ratings,$37
CNSI,$18.8344,1441051858860,"74,847",100% bearish,of 2 ratings,$29
CNCE,$15.55,1441051858906,"71,616",75% bullish,of 4 ratings,$22
CNAT,$3.96,1441051858931,"34,808",83% bullish,of 6 ratings,$13
CCUR,$5.38,1441051859170,"30,677",75% bullish,of 4 ratings,N/A
CXRX,$76.9559,1441051859197,"5,000",100% bearish,of 1 rating,$90
CDOR,$1.39,1441051859274,300,100% bullish,of 1 rating,N/A
CDORO,NULL,1441051859454,0,100% bearish,of 1 rating,N/A
CFMS,$16.05,1441051859635,"1,321,297",100% bearish,of 1 rating,$27
CNFR,$9.96,1441051859667,"4,169",Not yet rated,NULL,N/A
CDORP,$7,1441051859767,700,100% bearish,of 1 rating,N/A
CNMD,$52.96,1441051860044,"64,105",Not yet rated,NULL,$59
CTWS,$34.754,1441051860075,"19,358",100% bearish,of 1 rating,$44
CNXR,$7.15,1441051860175,"46,246",100% bearish,of 1 rating,$12
CNOB,$19.16,1441051860246,"17,106",100% bullish,of 1 rating,$23.50
CONN,$29.98,1441051860397,"301,394",67% bullish,of 3 ratings,$48.50
CTCT,$24.79,1441051860423,"106,080",67% bullish,of 3 ratings,$37
CNSL,$19.514,1441051860444,"68,790",100% bearish,of 1 rating,$23
CPSS,$5.72,1441051860589,"13,163",100% bullish,of 1 rating,$10
CWCO,$10.61,1441051860746,"53,605",67% bullish,of 3 ratings,$14.50
CFRX,$4.95,1441051860836,"16,361",Not yet rated,NULL,$14
CFRXZ,$0.49,1441051861015,"1,498",Not yet rated,NULL,N/A
CTRL,$8.96,1441051861043,"50,398",50% bullish,of 2 ratings,$11
CPRT,$35.0237,1441051861073,"158,163",67% bearish,of 3 ratings,$40
CRBP,$2,1441051861101,"141,856",100% bullish,of 2 ratings,$6.25
CFRXW,$1.9,1441051861122,"1,600",100% bearish,of 1 rating,N/A
CTRV,$3.7199,1441051861173,"24,085",Not yet rated,NULL,$6.40
BVA,$3.849,1441051861403,"13,283",50% bullish,of 2 ratings,N/A
CORT,$4.965,1441051861472,"207,548",67% bullish,of 3 ratings,$12
CORE,$60.17,1441051861503,"82,016",100% bearish,of 1 rating,$72
CORI,$10.005,1441051861533,"114,516",100% bearish,of 1 rating,$18
CRVL,$30.1,1441051861558,"28,163",100% bearish,of 1 rating,N/A
CSOD,$35.74,1441051861599,"248,184",50% bullish,of 2 ratings,$42
COSI,$1.19,1441051861634,"244,663",100% bullish,of 1 rating,N/A
CSGP,$177.037,1441051861911,"84,101",50% bullish,of 2 ratings,$235
COST,$139.8,1441051862012,"1,173,242",79% bullish,of 24 ratings,$154.50
CPAH,$0.46,1441051862040,"2,700",50% bullish,of 2 ratings,N/A
CVTI,$23.59,1441051862077,"43,289",67% bearish,of 3 ratings,$39
ICBK,$18.47,1441051862104,900,Not yet rated,NULL,$21
COVS,$2.7,1441051862142,"82,788",67% bullish,of 3 ratings,N/A
COWN,$5.29,1441051862270,"344,180",75% bullish,of 4 ratings,$7
COWNL,$25.7101,1441051862294,"9,110",Not yet rated,NULL,N/A
CBRL,$144.18,1441051862564,"174,817",50% bullish,of 2 ratings,$155
CPSH,$2.41,1441051862588,300,Not yet rated,NULL,N/A
CRAI,$21.9773,1441051862613,"19,202",100% bearish,of 1 rating,$36
BREW,$8.19,1441051862639,"13,643",67% bullish,of 6 ratings,$15
CACC,$203.807,1441051862802,"72,999",50% bullish,of 2 ratings,$158.50
CRAY,$21.24,1441051862891,"104,881",83% bullish,of 6 ratings,$38.50
GLDI,$11.0499,1441051862995,"7,687",100% bearish,of 1 rating,N/A
CROX,$14.71,1441051863031,"525,927",63% bullish,of 8 ratings,$16.50
CREE,$27.35,1441051863090,"375,844",65% bullish,of 17 ratings,$29.50
SLVO,$9.99,1441051863120,"1,471",100% bearish,of 1 rating,N/A
CRTO,$39.15,1441051863160,"384,675",67% bullish,of 6 ratings,$64
CRESY,$10.53,1441051863187,"11,472",100% bearish,of 1 rating,$19
CCRN,$13.9,1441051863321,"208,357",100% bearish,of 1 rating,$14.25
CRDS,$1.01,1441051863463,"14,054",75% bullish,of 4 ratings,$4.50
CRWS,$8.14,1441051863592,"1,192",Not yet rated,NULL,$10
CYRX,$2.81,1441051863621,"17,480",Not yet rated,NULL,$9
CRWN,$5.32,1441051863726,"462,854",75% bullish,of 4 ratings,N/A
CYRXW,$0.77,1441051863920,"17,601",Not yet rated,NULL,N/A
CSGS,$30.73,1441051863980,"98,240",Not yet rated,NULL,$40
CTCM,$1.83,1441051864111,"66,590",80% bearish,of 5 ratings,$3.90
CTIC,$1.585,1441051864137,"234,150",84% bullish,of 76 ratings,$5.75
CSPI,$5.7,1441051864205,100,67% bullish,of 3 ratings,N/A
CTIB,$3.699,1441051864266,100,100% bearish,of 1 rating,N/A
CCLP,$15.4,1441051864291,"46,451",67% bearish,of 3 ratings,$20
CTRP,$66.25,1441051864336,"978,518",75% bullish,of 8 ratings,$92.50
CUNB,$21.57,1441051864470,"5,947",Not yet rated,NULL,$24.50
CUI,$5.16,1441051864807,"10,873",50% bullish,of 2 ratings,$10
CUTR,$14.63,1441051864986,"630,151",67% bearish,of 3 ratings,$18
CRIS,$2.61,1441051865012,"223,028",100% bullish,of 8 ratings,$6
CPIX,$6.055,1441051865040,"3,733",Not yet rated,NULL,N/A
CMLS,$1.43,1441051865066,"265,542",50% bullish,of 4 ratings,$6
CVV,$10.995,1441051865091,"5,948",100% bullish,of 5 ratings,N/A
CVBF,$16.26,1441051865143,"166,667",Not yet rated,NULL,$18
CYAN,$6.96,1441051865286,"7,150",100% bearish,of 1 rating,N/A
CYBX,$65.25,1441051865338,"95,929",50% bullish,of 4 ratings,$71.50
CYCC,$0.5699,1441051865418,"57,652",73% bullish,of 11 ratings,N/A
CYBR,$51.13,1441051865451,"418,571",75% bullish,of 8 ratings,$66
CYBE,$6.88,1441051865479,"12,784",100% bearish,of 1 rating,N/A
CBAY,$2.65,1441051865505,"44,079",100% bullish,of 1 rating,$4
CYNA,$15.85,1441051865636,"32,523",50% bullish,of 2 ratings,$31.50
CYCCP,NULL,1441051865665,0,100% bearish,of 1 rating,N/A
CYNO,$31.75,1441051865770,"79,967",67% bearish,of 3 ratings,$45.50
CY,$9.997,1441051866019,"2,257,640",80% bullish,of 10 ratings,$15.50
CYTK,$6.95,1441051866048,"92,874",71% bullish,of 14 ratings,$13.50
CONE,$31.659,1441051866155,"342,576",67% bearish,of 3 ratings,$35.50
CYTR,$2.45,1441051866182,"280,127",67% bullish,of 6 ratings,$10
CYTX,$0.3676,1441051866207,"2,357,397",83% bullish,of 12 ratings,$5.50
CYRN,$1.71,1441051866240,"15,866",67% bullish,of 3 ratings,$4
CTSO,$6.88,1441051866261,"35,485",Not yet rated,NULL,$15.625
DAEG,$0.37,1441051866317,500,100% bearish,of 1 rating,N/A
TVIZ,$20.24,1441051866509,"3,400",100% bearish,of 1 rating,N/A
TVIX,$14.55,1441051866607,"11,669,546",81% bullish,of 16 ratings,N/A
XIV,$25.47,1441051866697,"13,998,849",75% bearish,of 4 ratings,N/A
DAKT,$8.69,1441051866799,"106,373",50% bullish,of 2 ratings,$12
ZIV,$38.6599,1441051866825,"92,413",Not yet rated,NULL,N/A
DJCO,$194.96,1441051866850,200,Not yet rated,NULL,N/A
DARA,$0.8899,1441051867012,"36,964",83% bullish,of 6 ratings,$1.50
DTLK,$5.82,1441051867115,"35,533",100% bearish,of 1 rating,$9
DAIO,$2.66,1441051867186,"1,112",Not yet rated,NULL,N/A
DRAM,$1.4199,1441051867243,"34,284",78% bullish,of 9 ratings,N/A
DWCH,$5.19,1441051867269,"30,593",75% bullish,of 4 ratings,$8.25
PLAY,$34.17,1441051867319,"192,861",100% bullish,of 5 ratings,$42
DWSN,$4.63,1441051867451,"11,721",67% bullish,of 3 ratings,N/A
DTEA,$13.698,1441051867491,"47,567",100% bearish,of 2 ratings,$24
DBVT,$39.33,1441051867518,"127,418",100% bearish,of 1 rating,$53
TRAK,$62.7637,1441051867711,"232,760",50% bullish,of 2 ratings,$62.50
DHRM,$1.51,1441051867740,"8,833",Not yet rated,NULL,N/A
DFRG,$14.92,1441051867806,"83,907",100% bearish,of 1 rating,$20
TACOW,$3.85,1441051867841,"8,450",100% bullish,of 1 rating,N/A
TACO,$12.73,1441051867866,"113,352",75% bullish,of 4 ratings,$20
DCTH,$0.4379,1441051867939,"52,124",78% bullish,of 9 ratings,N/A
DELTW,NULL,1441051868075,0,Not yet rated,NULL,N/A
DGAS,$20.3119,1441051868136,"6,129",67% bearish,of 3 ratings,N/A
DELT,$2.374,1441051868160,"1,000",Not yet rated,NULL,N/A
DENN,$11.22,1441051868321,"204,980",100% bullish,of 3 ratings,$15
XRAY,$52.4137,1441051868377,"196,750",100% bullish,of 1 rating,$58
DSCI,$5.74,1441051868402,"37,650",50% bullish,of 2 ratings,$16
DEPO,$27.09,1441051868479,"468,875",60% bullish,of 5 ratings,$29
DEST,$11.4,1441051868611,"37,933",50% bullish,of 2 ratings,N/A
DERM,$25.95,1441051868641,"97,694",100% bearish,of 1 rating,$33.50
DXLG,$6.03,1441051868664,"264,345",100% bearish,of 1 rating,$8
DSWL,$1.7,1441051868743,"8,619",100% bullish,of 1 rating,N/A
DXM,$0.2619,1441051868798,"102,450",50% bullish,of 2 ratings,N/A
DHXM,NULL,1441051868901,0,Not yet rated,NULL,N/A
DMND,$30.1,1441051868928,"125,338",75% bullish,of 12 ratings,$32
DXCM,$94.137,1441051868953,"402,182",57% bullish,of 7 ratings,$98
DHIL,$194.72,1441051869225,"2,078",Not yet rated,NULL,N/A
FANG,$68.287,1441051869305,"849,680",50% bullish,of 2 ratings,$86.50
DRNA,$10.99,1441051869354,"56,272",67% bearish,of 3 ratings,$25
DCIX,$1.68,1441051869379,"30,405",50% bullish,of 4 ratings,$3.50
DRAD,$3.81,1441051869438,"16,584",100% bullish,of 1 rating,$5.25
DMRC,$38.42,1441051869525,"34,538",100% bearish,of 1 rating,$44
DGII,$10.24,1441051869586,"41,700",100% bearish,of 1 rating,$11
DCOM,$16.9127,1441051869692,"77,460",100% bearish,of 2 ratings,$16
DGLY,$8.34,1441051869749,"61,567",50% bullish,of 6 ratings,$20
APPS,$2.62,1441051869883,"91,615",100% bearish,of 1 rating,$10.25
DISCA,$26.6301,1441051869968,"989,166",67% bullish,of 3 ratings,$34
DIOD,$19.686,1441051870012,"60,376",75% bearish,of 4 ratings,$24
DISCB,NULL,1441051870044,0,100% bearish,of 1 rating,$35
DPRX,$14.99,1441051870069,"12,220",100% bullish,of 2 ratings,$27.75
DSCO,$0.4151,1441051870146,"322,121",83% bullish,of 6 ratings,$2.75
DISCK,$25.357,1441051870288,"501,924",100% bearish,of 1 rating,$32
DISH,$59.35,1441051870374,"514,306",69% bullish,of 13 ratings,$73
DLHC,$2.4999,1441051870587,"7,102",100% bearish,of 1 rating,N/A
DLTR,$76.58,1441051870625,"2,431,513",82% bullish,of 11 ratings,$88
DVCR,$10.575,1441051870652,"4,207",100% bullish,of 1 rating,N/A
BAGR,$2.75,1441051870680,"12,812",100% bearish,of 1 rating,$6
DNBF,$26.07,1441051870739,"3,600",Not yet rated,NULL,$27.50
DGICA,$14.29,1441051870845,"6,584",100% bearish,of 1 rating,$17
DMLP,$15.41,1441051870903,"40,134",100% bearish,of 1 rating,N/A
DGICB,NULL,1441051870928,0,100% bearish,of 1 rating,N/A
DORM,$50.37,1441051871171,"53,775",100% bearish,of 1 rating,$56
HILL,$9.67,1441051871225,"775,520",60% bearish,of 5 ratings,$9.75
DRWI,$0.205,1441051871275,"104,178",60% bullish,of 5 ratings,$.45
DRWIW,NULL,1441051871305,0,Not yet rated,NULL,N/A
DWA,$19.97,1441051871406,"193,122",63% bullish,of 8 ratings,$26
DSKX,$3.31,1441051871548,"82,678",100% bullish,of 1 rating,N/A
CADT,NULL,1441051871601,0,Not yet rated,NULL,N/A
DSPG,$8.7358,1441051871652,"78,372",100% bearish,of 1 rating,$13.50
DRYS,$0.4522,1441051871678,"2,689,294",77% bullish,of 31 ratings,$.60
CADTR,NULL,1441051871710,0,Not yet rated,NULL,N/A
CADTU,NULL,1441051871807,0,Not yet rated,NULL,N/A
DTSI,$26.54,1441051871840,"23,218",100% bearish,of 2 ratings,$39.50
CADTW,NULL,1441051871871,0,Not yet rated,NULL,N/A
DNKN,$50.5825,1441051871974,"566,869",67% bullish,of 15 ratings,$56.50
DRRX,$2.05,1441051872111,"63,045",50% bullish,of 6 ratings,$3
DXPE,$29.9,1441051872217,"126,576",50% bullish,of 2 ratings,N/A
BOOM,$11.32,1441051872353,"48,069",67% bullish,of 3 ratings,$12
DYAX,$22.96,1441051872378,"409,734",89% bullish,of 9 ratings,$30
DYNT,$3.05,1441051872557,200,75% bullish,of 4 ratings,N/A
ETFC,$26.3199,1441051872584,"1,027,448",57% bullish,of 14 ratings,$32.50
DYSL,$1.49,1441051872605,"22,770",100% bullish,of 2 ratings,N/A
EGBN,$41.837,1441051872652,"31,647",Not yet rated,NULL,$48
DVAX,$28.8532,1441051872738,"176,910",70% bullish,of 10 ratings,$40
EBMT,$11.6,1441051872768,604,Not yet rated,NULL,$13.50
EGLE,$7.14,1441051872796,"25,612",60% bullish,of 5 ratings,N/A
EGRX,$80.5531,1441051872969,"128,699",67% bullish,of 3 ratings,$97
EROC,$1.59,1441051873099,"338,566",50% bullish,of 2 ratings,$3
EWBC,$40.2702,1441051873125,"317,330",100% bearish,of 1 rating,$50
ELNK,$8.3937,1441051873145,"345,819",60% bullish,of 5 ratings,$9.50
EML,$16.4599,1441051873370,"2,114",Not yet rated,NULL,N/A
EBAY,$27.138,1441051873405,"6,009,123",81% bullish,of 117 ratings,$34
EVBS,$6.5642,1441051873427,"10,516",Not yet rated,NULL,$7
EACQU,$10.2,1441051873458,"2,504",Not yet rated,NULL,N/A
ELON,$0.5899,1441051873486,"68,649",50% bullish,of 2 ratings,N/A
EBIX,$28.55,1441051873513,"219,660",69% bullish,of 13 ratings,$40
ECHO,$23.24,1441051873534,"105,852",67% bearish,of 3 ratings,$34.50
ECTE,$1.475,1441051873668,"5,704",75% bullish,of 4 ratings,N/A
ESES,$3.2,1441051873810,400,100% bearish,of 1 rating,$7
ECACU,$10.08,1441051873857,450,Not yet rated,NULL,N/A
EEI,$11.2699,1441051873917,760,67% bearish,of 3 ratings,N/A
SATS,$44.597,1441051873947,"76,391",50% bullish,of 2 ratings,$60
EDAP,$3.65,1441051874136,"38,446",60% bullish,of 5 ratings,$4.50
EGLT,$11.42,1441051874176,"147,963",50% bullish,of 2 ratings,$21
EFUT,NULL,1441051874204,0,Not yet rated,NULL,N/A
EDGW,$7.1501,1441051874234,"4,435",100% bearish,of 1 rating,N/A
EGAN,$3.61,1441051874335,"6,986",50% bullish,of 2 ratings,$6.25
EDUC,$6.01,1441051874365,"22,693",100% bearish,of 1 rating,N/A
EHTH,$14.94,1441051874418,"54,588",50% bullish,of 4 ratings,$16.50
LOCO,$13.05,1441051874494,"580,910",69% bullish,of 13 ratings,$19.50
EMITF,$1.21,1441051874599,"21,160",75% bullish,of 4 ratings,N/A
ERI,$9.4941,1441051874627,"62,335",100% bearish,of 1 rating,$10
ESLT,$76.76,1441051874652,"4,645",67% bullish,of 3 ratings,N/A
ELRC,$10.665,1441051874890,"12,674",100% bearish,of 1 rating,N/A
ESIO,$4.64,1441051874947,"49,396",50% bullish,of 2 ratings,$10
ELECU,NULL,1441051875107,0,Not yet rated,NULL,N/A
ELEC,NULL,1441051875141,0,Not yet rated,NULL,N/A
EA,$66.37,1441051875161,"1,442,037",77% bullish,of 35 ratings,$80
ELECW,$0.239,1441051875194,100,Not yet rated,NULL,N/A
EFII,$43.7767,1441051875222,"35,119",80% bullish,of 5 ratings,$55
ELSE,$3.89,1441051875248,51,60% bullish,of 5 ratings,N/A
EBIO,$3.5116,1441051875269,"98,752",100% bearish,of 2 ratings,$8.35
CAPX,$22.81,1441051875481,903,Not yet rated,NULL,N/A
RDEN,$10.95,1441051875614,"41,525",100% bearish,of 4 ratings,$15
ESBK,$19.67,1441051875639,317,Not yet rated,NULL,N/A
LONG,$17.12,1441051875664,"7,009",67% bullish,of 3 ratings,$15.75
ELTK,$1.2798,1441051875688,"89,111",67% bearish,of 3 ratings,N/A
EMCI,$23.2751,1441051875923,"7,977",Not yet rated,NULL,N/A
EMCF,$23.2999,1441051876026,350,100% bearish,of 1 rating,N/A
EMKR,$6.97,1441051876055,"91,222",75% bullish,of 4 ratings,$8.50
ERS,$2.8616,1441051876077,"1,700",Not yet rated,NULL,N/A
NYNY,$4.2658,1441051876115,"18,439",50% bullish,of 2 ratings,N/A
ECPG,$40.47,1441051876136,"140,037",100% bullish,of 2 ratings,$52
EMMS,$1.201,1441051876157,"30,807",83% bullish,of 6 ratings,N/A
EMMSP,$3,1441051876178,200,100% bearish,of 1 rating,N/A
WIRE,$32.55,1441051876448,"46,892",100% bearish,of 1 rating,$37
ENTA,$39.17,1441051876579,"102,769",50% bullish,of 2 ratings,$42
ENDP,$77.24,1441051876735,"613,532",50% bullish,of 6 ratings,$104
ECYT,$5.2817,1441051876760,"182,421",83% bullish,of 6 ratings,$12
EIGI,$15.29,1441051876811,"162,005",67% bearish,of 3 ratings,$22.50
ELGX,$12.9643,1441051876913,"141,525",75% bullish,of 4 ratings,$17
EFOI,$21.9,1441051876938,"886,550",50% bullish,of 2 ratings,$24.50
ERII,$2.67,1441051876984,"65,462",80% bullish,of 5 ratings,$2.50
ENOC,$9.2792,1441051877010,"110,641",75% bullish,of 4 ratings,$18
EXXI,$1.9,1441051877070,"1,317,602",86% bullish,of 7 ratings,$3.50
ENG,$1.0316,1441051877139,"15,290",100% bullish,of 3 ratings,N/A
WATT,$7.17,1441051877170,"105,509",50% bullish,of 2 ratings,$13
ESGR,$146.11,1441051877206,"3,880",100% bearish,of 1 rating,$185
ENPH,$4.7121,1441051877359,"512,758",75% bullish,of 4 ratings,$11
ENFC,$17.8,1441051877383,"2,200",Not yet rated,NULL,N/A
ENTG,$13.73,1441051877408,"384,361",100% bearish,of 1 rating,$18
ENTL,$22.27,1441051877814,"8,616",Not yet rated,NULL,$28
ENZN,$0.992,1441051877869,"347,656",100% bullish,of 9 ratings,N/A
EBTC,$21.89,1441051877897,"1,262",Not yet rated,NULL,N/A
EGT,$2,1441051877929,"1,716",100% bullish,of 1 rating,N/A
ENVI,$1.89,1441051877950,"25,258",67% bullish,of 3 ratings,N/A
EPIQ,$12.78,1441051877971,"64,052",100% bearish,of 1 rating,$18
ETRM,$0.2739,1441051878004,"616,791",69% bearish,of 35 ratings,$1.625
EFSC,$23.91,1441051878030,"10,415",Not yet rated,NULL,$27
EPZM,$20.11,1441051878275,"241,543",60% bullish,of 5 ratings,$34
ENZY,$9.9456,1441051878320,"15,620",67% bullish,of 3 ratings,$9.50
PLUS,$75.53,1441051878379,"44,279",50% bullish,of 2 ratings,$88
EPRS,$5.07,1441051878455,"52,279",82% bullish,of 11 ratings,$15
EQIX,$267.51,1441051878533,"878,415",75% bullish,of 4 ratings,$312.50
ERIC,$9.77,1441051878728,"1,124,261",67% bullish,of 9 ratings,$12.20
EQFN,$8.39,1441051878758,35,100% bearish,of 1 rating,N/A
EAC,$3.48,1441051878784,"13,973",100% bearish,of 1 rating,$8
ESCRP,$1.4599,1441051878809,"3,444",100% bearish,of 1 rating,N/A
ERIE,$81.967,1441051878856,"20,516",Not yet rated,NULL,$73
ESCA,$17.89,1441051878943,"4,660",100% bearish,of 1 rating,$22
ESCR,$0.1199,1441051879014,"147,913",50% bullish,of 2 ratings,N/A
ESMC,$1.3916,1441051879087,"4,666",Not yet rated,NULL,N/A
ESPR,$49.834,1441051879155,"728,420",70% bearish,of 10 ratings,$122.50
EPIX,NULL,1441051879216,0,Not yet rated,NULL,N/A
ESSA,$12.9399,1441051879246,"1,059",100% bearish,of 1 rating,N/A
ESND,$34.48,1441051879350,"66,489",100% bearish,of 2 ratings,$40
ESSX,$0.487,1441051879501,"36,619",50% bullish,of 2 ratings,N/A
CLWT,$2.5,1441051879547,300,100% bullish,of 1 rating,N/A
ETSY,$14.31,1441051879576,"509,647",80% bullish,of 5 ratings,$16
EVEP,$8.92,1441051879676,"228,158",50% bullish,of 2 ratings,$15
ESEA,$5.1,1441051879722,"4,470",100% bullish,of 1 rating,$15
EEFT,$64.9245,1441051879752,"101,957",100% bearish,of 1 rating,$67.50
EVLV,$2.69,1441051879880,"87,928",60% bullish,of 5 ratings,$5.125
EVK,$3.96,1441051879909,832,75% bearish,of 4 ratings,N/A
EVOK,$3.87,1441051880069,"20,815",100% bearish,of 1 rating,$13.375
EXA,$10.97,1441051880097,"3,979",100% bearish,of 1 rating,$13
EVOL,$5.98,1441051880145,"4,356",75% bullish,of 4 ratings,$10
EXAS,$22.1986,1441051880251,"367,787",78% bullish,of 9 ratings,$31
EXAC,$19.606,1441051880427,"36,321",100% bearish,of 1 rating,$22.50
EXEL,$5.985,1441051880502,"3,750,366",81% bullish,of 16 ratings,$6
EXFO,$3.01,1441051880635,"9,355",67% bearish,of 3 ratings,$3.95
EXPE,$115.2137,1441051880664,"445,937",64% bullish,of 11 ratings,$130
EXLS,$36.1275,1441051880685,"46,167",50% bullish,of 2 ratings,$41
EXPD,$49.09,1441051880900,"583,187",80% bullish,of 5 ratings,$52
EXPO,$42.75,1441051880926,"39,353",100% bearish,of 1 rating,$45.50
ESRX,$83.78,1441051881056,"1,993,440",67% bearish,of 6 ratings,$101
EXLP,$21.71,1441051881272,"247,379",100% bearish,of 1 rating,$25
EXTR,$2.99,1441051881320,"828,228",80% bullish,of 5 ratings,$3
EYEG,$3.67,1441051881403,"7,137",Not yet rated,NULL,N/A
EYEGW,NULL,1441051881535,0,Not yet rated,NULL,N/A
EZCH,$22.93,1441051881595,"61,951",75% bullish,of 8 ratings,$19.50
EZPW,$6.32,1441051881620,"172,812",50% bullish,of 4 ratings,$7
FB,$89.47,1441051881666,"16,679,196",73% bullish,of 1072 ratings,$111
FFIV,$121.9344,1441051881694,"272,513",63% bullish,of 8 ratings,$132
FCS,$13.583,1441051881850,"284,440",67% bearish,of 3 ratings,$17
FRP,$16.3484,1441051881981,"97,611",100% bearish,of 1 rating,$18
DAVE,$14.66,1441051882013,"26,004",100% bearish,of 1 rating,$15.50
FALC,$1.7101,1441051882083,"30,070",63% bearish,of 8 ratings,N/A
FWM,$2.28,1441051882117,"102,809",100% bearish,of 2 ratings,$3.20
FFKT,$25.62,1441051882174,"4,367",Not yet rated,NULL,$29
FARM,$22.86,1441051882249,"23,038",100% bearish,of 1 rating,$35
FMNB,$8.37,1441051882314,"12,690",Not yet rated,NULL,N/A
FARO,$38.5234,1441051882493,"46,570",50% bullish,of 2 ratings,$48
FATE,$6.49,1441051882566,"30,261",50% bullish,of 2 ratings,$11
FBSS,NULL,1441051882597,0,Not yet rated,NULL,N/A
FAST,$38.5202,1441051882634,"964,760",80% bullish,of 5 ratings,$45.50
FBRC,$21.94,1441051882661,"13,609",100% bearish,of 1 rating,$29
FDML,$9.22,1441051882694,"194,084",50% bullish,of 4 ratings,$14
FNHC,$21.9427,1441051882821,"40,389",100% bearish,of 1 rating,$35
FEIC,$75.8766,1441051882920,"117,517",50% bullish,of 2 ratings,$95.50
FHCO,$1.43,1441051883024,"44,828",50% bullish,of 4 ratings,N/A
FENX,$9.96,1441051883080,"34,491",100% bullish,of 1 rating,$14.25
FGEN,$24.5,1441051883226,"232,248",100% bearish,of 1 rating,$39
FCSC,$5.64,1441051883455,"56,975",100% bearish,of 1 rating,$8.125
ONEQ,$188.2242,1441051883499,"9,158",100% bullish,of 1 rating,N/A
LION,$19.2987,1441051883587,"44,407",100% bullish,of 1 rating,$20
FDUS,$14.68,1441051883668,"19,493",50% bullish,of 2 ratings,$18
FRGI,$51.61,1441051883860,"98,354",50% bullish,of 2 ratings,$70
FSAM,$8.22,1441051883963,"1,307",100% bearish,of 1 rating,$10.25
FSFR,$8.85,1441051884019,"25,034",100% bearish,of 1 rating,$11.50
FSC,$6.555,1441051884053,"545,411",60% bullish,of 5 ratings,$8
FITB,$19.8979,1441051884074,"2,447,465",54% bullish,of 13 ratings,$22
FSCFL,$24.4175,1441051884107,"3,975",Not yet rated,NULL,N/A
FITBI,$27.49,1441051884150,"11,604",Not yet rated,NULL,N/A
FNGN,$32.5737,1441051884175,"205,772",67% bullish,of 3 ratings,$47
FNSR,$15.45,1441051884428,"509,122",71% bullish,of 7 ratings,$24.50
FISI,$24.8517,1441051884458,"15,036",100% bullish,of 2 ratings,$24.50
FNTC,NULL,1441051884479,0,Not yet rated,NULL,N/A
FNJN,$1.9235,1441051884560,"9,978",100% bearish,of 1 rating,$5
FNTCW,$0.39,1441051884688,"2,898",Not yet rated,NULL,N/A
FNTCU,NULL,1441051884728,0,Not yet rated,NULL,N/A
FEYE,$37.87,1441051884786,"1,851,494",87% bullish,of 15 ratings,$55.50
FNLC,$18.55,1441051884825,"4,380",100% bullish,of 1 rating,N/A
FBNC,$17.02,1441051884918,"6,792",100% bullish,of 1 rating,$20
BUSE,$6.4,1441051884946,"14,620",Not yet rated,NULL,$6.875
FRBA,$6.09,1441051884978,"2,000",Not yet rated,NULL,$8
FCVA,$4.78,1441051885076,"5,090",Not yet rated,NULL,N/A
FBIZ,$22.4,1441051885146,"29,537",100% bearish,of 2 ratings,$52
FCAP,NULL,1441051885231,0,Not yet rated,NULL,N/A
FCFS,$41.12,1441051885380,"73,297",100% bearish,of 3 ratings,$47
FCNCA,$238.1611,1441051885405,"5,948",Not yet rated,NULL,N/A
FCCO,$12.15,1441051885485,"7,300",Not yet rated,NULL,$13.25
FCLF,$9.1999,1441051885510,"2,000",Not yet rated,NULL,N/A
FCBC,$17.77,1441051885594,"6,288",Not yet rated,NULL,$18
FCFP,$6.884,1441051885643,"2,600",Not yet rated,NULL,N/A
FBNK,$17,1441051885726,"22,905",100% bearish,of 1 rating,$17.50
FDEF,$37.5505,1441051885751,"8,859",Not yet rated,NULL,$38
FFBC,$18.34,1441051885892,"55,029",67% bearish,of 3 ratings,$20.25
FFNM,$6.39,1441051886116,200,Not yet rated,NULL,N/A
FFBCW,NULL,1441051886606,0,100% bearish,of 1 rating,N/A
THFF,$32.886,1441051886653,"2,825",Not yet rated,NULL,$35
FFIN,$31.08,1441051886741,"111,386",50% bullish,of 2 ratings,$31.75
FFNW,$12.3,1441051887168,"6,656",Not yet rated,NULL,$14
FFWM,$21.07,1441051887208,"6,748",Not yet rated,NULL,$24
FMBI,$17.63,1441051887272,"145,522",Not yet rated,NULL,$20
INBK,$31.33,1441051887307,"19,030",50% bullish,of 2 ratings,$37
FIBK,$26.4254,1441051887328,"67,841",Not yet rated,NULL,$32
FRME,$25.95,1441051887360,"44,428",Not yet rated,NULL,$26.50
FNBC,$34.9625,1441051887403,"54,246",Not yet rated,NULL,$40
FMBH,NULL,1441051887430,0,Not yet rated,NULL,N/A
FNFG,$9.1923,1441051887671,"748,396",80% bullish,of 5 ratings,$9
FNWB,$12.0201,1441051887802,"5,350",Not yet rated,NULL,N/A
FSGI,$2.49,1441051887827,"8,641",Not yet rated,NULL,N/A
FSLR,$47.96,1441051887856,"570,808",72% bullish,of 39 ratings,$65
FSBK,$7.85,1441051887892,"2,178",100% bullish,of 1 rating,N/A
FSFG,$30.07,1441051887964,100,Not yet rated,NULL,N/A
BICK,$19.56,1441051888069,773,100% bullish,of 1 rating,N/A
FBZ,$9.67,1441051888151,600,Not yet rated,NULL,N/A
FCA,$19.7532,1441051888248,344,Not yet rated,NULL,N/A
FTCS,$36.3595,1441051888276,"4,252",100% bearish,of 1 rating,N/A
FV,$23.3468,1441051888301,"1,602,657",100% bearish,of 1 rating,N/A
FCAN,$24.71,1441051888331,800,Not yet rated,NULL,N/A
IFV,$17.75,1441051888356,"216,838",100% bearish,of 1 rating,N/A
FEMB,$41.5,1441051888506,456,Not yet rated,NULL,N/A
FTSM,$59.98,1441051888533,"200,809",100% bearish,of 1 rating,N/A
FEUZ,$31.11,1441051888675,"1,425",Not yet rated,NULL,N/A
TDIV,$24.83,1441051888807,"54,165",100% bearish,of 1 rating,N/A
FTGC,$22.61,1441051888949,"48,567",Not yet rated,NULL,N/A
MDIV,$19.23,1441051889022,"117,009",Not yet rated,NULL,N/A
FGM,$35.63,1441051889096,"9,182",Not yet rated,NULL,N/A
HYLS,$49.675,1441051889128,"127,485",100% bearish,of 1 rating,N/A
FTHI,$19.43,1441051889171,"1,441",Not yet rated,NULL,N/A
FPXI,$27.14,1441051889226,"1,180",Not yet rated,NULL,N/A
FHK,$33.1,1441051889251,"18,690",Not yet rated,NULL,N/A
YDIV,$16.4505,1441051889281,"2,620",Not yet rated,NULL,N/A
SKYY,$28.901,1441051889437,"51,737",100% bullish,of 1 rating,N/A
CU,$13.07,1441051889567,"7,889",100% bearish,of 1 rating,N/A
FJP,$47.17,1441051889696,"50,451",Not yet rated,NULL,N/A
PLTM,$6.41,1441051889753,"6,357",100% bearish,of 1 rating,N/A
FTLB,$19.2999,1441051889851,"1,341",100% bearish,of 1 rating,N/A
FMB,NULL,1441051889995,0,Not yet rated,NULL,N/A
QABA,$37.59,1441051890019,"5,364",100% bearish,of 1 rating,N/A
LMBS,$50.2322,1441051890066,"1,389",Not yet rated,NULL,N/A
CARZ,$34.97,1441051890211,"3,369",100% bearish,of 1 rating,N/A
GRID,$33,1441051890239,112,100% bearish,of 1 rating,N/A
FONE,$35.25,1441051890268,650,Not yet rated,NULL,N/A
QCLN,$15.12,1441051890339,"8,288",Not yet rated,NULL,N/A
QQEW,$41.73,1441051890439,"60,691",Not yet rated,NULL,N/A
RDVY,$21.1196,1441051890484,"2,773",Not yet rated,NULL,N/A
QQXT,$40.27,1441051890643,"14,412",Not yet rated,NULL,N/A
QTEC,$40.1,1441051890672,"23,309",Not yet rated,NULL,N/A
QINC,$20.151,1441051890942,257,Not yet rated,NULL,N/A
CIBR,$17.85,1441051890969,"46,232",Not yet rated,NULL,N/A
AIRR,$16.64,1441051891026,"18,024",100% bearish,of 1 rating,N/A
FTSL,$48.781,1441051891114,"28,320",100% bearish,of 1 rating,N/A
FKO,NULL,1441051891153,0,Not yet rated,NULL,N/A
FDIV,$46.0801,1441051891195,"2,046",100% bearish,of 1 rating,N/A
FTW,$31.85,1441051891220,500,Not yet rated,NULL,N/A
FSZ,$39.11,1441051891246,"14,428",Not yet rated,NULL,N/A
SVVC,$9.37,1441051891446,"5,294",50% bullish,of 2 ratings,$26
TUSA,$24.847,1441051891472,"3,444",Not yet rated,NULL,N/A
FUNC,$8.0538,1441051891603,"2,704",Not yet rated,NULL,N/A
FKU,$41.6,1441051891628,"9,846",Not yet rated,NULL,N/A
FMER,$17.8746,1441051891996,"522,925",50% bullish,of 2 ratings,$20
FSV,$31.8847,1441051892166,"8,362",Not yet rated,NULL,$33.60
FIVE,$38.71,1441051892304,"510,743",75% bearish,of 4 ratings,$44
FISV,$85.2737,1441051892383,"582,291",100% bearish,of 3 ratings,$90
FPRX,$19.5311,1441051892410,"638,952",50% bullish,of 2 ratings,$35
FLML,$22.27,1441051892431,"46,166",50% bullish,of 2 ratings,$30
FIVN,$3.93,1441051892452,"54,909",100% bullish,of 1 rating,$8.50
FLKS,$12.085,1441051892487,"15,764",50% bullish,of 2 ratings,$27
FLXN,$23.99,1441051892648,"84,639",100% bearish,of 1 rating,$40
FLEX,$10.5304,1441051892959,"1,213,742",63% bullish,of 8 ratings,$12
MBSD,$24.98,1441051892987,"1,385",Not yet rated,NULL,N/A
FLXS,$31.462,1441051893014,"17,354",100% bearish,of 2 ratings,N/A
FLIR,$28.6462,1441051893035,"487,394",100% bearish,of 1 rating,$38.50
SKOR,$50.3,1441051893090,"5,500",Not yet rated,NULL,N/A
FLDM,$12.27,1441051893172,"201,850",67% bearish,of 3 ratings,$15
FOMX,$10.16,1441051893265,"116,759",50% bullish,of 2 ratings,$23.50
FFIC,$19.95,1441051893317,"26,808",Not yet rated,NULL,$20.50
FOGO,$19.22,1441051893394,"154,297",50% bullish,of 2 ratings,$25.50
FONR,$9.66,1441051893500,"2,981",100% bullish,of 1 rating,N/A
FES,$0.91,1441051893529,"56,877",50% bullish,of 2 ratings,$1
FORR,$31.59,1441051893661,"12,160",Not yet rated,NULL,N/A
FORTY,$32.4504,1441051893707,378,100% bearish,of 1 rating,N/A
FORM,$6.6667,1441051893731,"128,309",67% bullish,of 3 ratings,$10.50
FTNT,$42.2957,1441051893934,"479,987",80% bullish,of 10 ratings,$52
FBIO,$2.76,1441051894022,"78,773",83% bullish,of 6 ratings,N/A
FWRD,$45.14,1441051894050,"92,887",100% bearish,of 1 rating,$50
FORD,$1.3801,1441051894217,"1,061,002",67% bullish,of 3 ratings,N/A
FWP,$26.1701,1441051894246,"16,296",100% bearish,of 1 rating,$45
FMI,$23.65,1441051894267,"158,476",100% bearish,of 2 ratings,$27.50
FOSL,$61.6259,1441051894302,"252,745",60% bearish,of 5 ratings,$80
FXCB,$17.27,1441051894397,"9,563",Not yet rated,NULL,$19
FOXF,$15.05,1441051894494,"26,884",100% bearish,of 1 rating,$19
FRAN,$11.28,1441051894521,"233,716",50% bullish,of 4 ratings,$15
FELE,$29.2529,1441051894795,"74,156",50% bullish,of 4 ratings,$33
FRED,$13.0536,1441051894821,"135,195",50% bullish,of 2 ratings,$15.50
FREE,$0.3999,1441051894953,"1,410,834",92% bullish,of 12 ratings,N/A
FEIM,$11.183,1441051895014,953,100% bearish,of 1 rating,N/A
RAIL,$21.4872,1441051895036,"102,271",100% bearish,of 1 rating,$24.50
FTRPR,$101.01,1441051895085,"4,166",100% bearish,of 1 rating,N/A
FTR,$5.0579,1441051895112,"7,779,510",78% bullish,of 27 ratings,$6.25
FRPT,$13.018,1441051895138,"251,627",67% bearish,of 3 ratings,$23.50
FRPH,$30.64,1441051895288,"5,613",100% bearish,of 1 rating,N/A
FSBW,$23.28,1441051895507,"2,104",Not yet rated,NULL,N/A
FSYS,$6.85,1441051895532,"15,324",67% bullish,of 3 ratings,$10
FTEK,$2.04,1441051895570,"23,789",75% bullish,of 4 ratings,N/A
FTD,$29.8544,1441051895594,"87,210",100% bearish,of 1 rating,$40
FULL,$3.1636,1441051895766,"19,174",67% bearish,of 3 ratings,$4.25
FULLL,NULL,1441051895826,0,Not yet rated,NULL,N/A
FCEL,$0.8213,1441051895979,"545,566",88% bullish,of 41 ratings,$2.65
FLL,$1.55,1441051896004,"14,185",75% bullish,of 4 ratings,$3.50
FFHL,$1.06,1441051896076,"2,050",50% bullish,of 4 ratings,N/A
FULT,$12.16,1441051896146,"206,446",100% bearish,of 1 rating,$13
FXEN,$0.9631,1441051896172,"55,973",75% bullish,of 4 ratings,$1.10
FSNN,$2.14,1441051896233,"4,982",67% bullish,of 3 ratings,$6
FXENP,$15.6499,1441051896261,812,100% bearish,of 1 rating,N/A
GK,$67.62,1441051896358,"28,425",Not yet rated,NULL,$78
GALT,$2.25,1441051896811,"151,817",80% bullish,of 5 ratings,N/A
GLPG,$60.63,1441051897134,"16,936",100% bullish,of 1 rating,$75
GAIA,$6.07,1441051897167,"5,286",50% bullish,of 2 ratings,$8.50
GALTU,NULL,1441051897266,0,100% bearish,of 1 rating,N/A
GALTW,NULL,1441051897292,0,100% bullish,of 1 rating,N/A
GPIC,$9.54,1441051897319,"1,152",100% bearish,of 1 rating,N/A
GALE,$1.59,1441051897346,"842,408",89% bullish,of 47 ratings,$4
WILC,$4.99,1441051897367,"3,252",100% bullish,of 2 ratings,N/A
GLMD,$8.84,1441051897388,"12,237",67% bullish,of 3 ratings,$20.50
GRMN,$37.68,1441051897572,"429,659",50% bullish,of 6 ratings,$46.50
GLPI,$31.04,1441051897675,"220,097",100% bearish,of 1 rating,$37.50
GGACU,$10.25,1441051897749,100,Not yet rated,NULL,N/A
GGACR,$0.2643,1441051897879,"14,000",100% bullish,of 1 rating,N/A
GGACW,$0.13,1441051897909,"84,760",Not yet rated,NULL,N/A
GARS,$14.5403,1441051897930,"42,288",Not yet rated,NULL,$16
GGAC,NULL,1441051898011,0,100% bearish,of 1 rating,N/A
GENC,$9.05,1441051898154,"3,900",100% bearish,of 1 rating,N/A
GNCMA,$17.1158,1441051898284,"79,782",100% bearish,of 1 rating,$12
GFNCP,$91.9999,1441051898309,100,Not yet rated,NULL,N/A
GFN,$3.825,1441051898336,"15,514",100% bearish,of 2 ratings,$8
GNMK,$10.41,1441051898475,"176,707",67% bullish,of 6 ratings,$14
GENE,$2.3499,1441051898504,"126,953",100% bullish,of 12 ratings,N/A
GFNSL,$25.6,1441051898533,"1,400",Not yet rated,NULL,N/A
GNCA,$11.75,1441051898559,"79,801",100% bearish,of 1 rating,$20
GHDX,$27.6305,1441051898588,"115,529",50% bullish,of 2 ratings,$30
GNTX,$15.4944,1441051898690,"844,891",Not yet rated,NULL,$20
THRM,$45.57,1441051898838,"99,728",75% bearish,of 4 ratings,$55.50
GNVC,$2.534,1441051898872,"8,018",90% bullish,of 10 ratings,$8.50
GEOS,$17.68,1441051899094,"70,746",100% bearish,of 3 ratings,$21
GABC,$28.98,1441051899125,"3,781",Not yet rated,NULL,$31
GERN,$3.045,1441051899151,"1,268,844",88% bullish,of 16 ratings,$5.25
GTWN,$18.97,1441051899176,100,Not yet rated,NULL,N/A
ROCK,$16.4329,1441051899231,"102,110",80% bullish,of 5 ratings,$24
GIGM,$0.5202,1441051899310,"48,786",100% bullish,of 2 ratings,N/A
GIGA,$1.4801,1441051899338,"150,821",100% bearish,of 1 rating,N/A
GEVO,$2.4,1441051899439,"188,537",75% bullish,of 12 ratings,$5
GILD,$105.17,1441051899537,"4,572,591",91% bullish,of 87 ratings,$129
GILT,$4.27,1441051899565,"8,307",50% bullish,of 2 ratings,N/A
GIII,$69.56,1441051899590,"178,992",67% bullish,of 3 ratings,$75
GLAD,$9.07,1441051899726,"189,652",50% bullish,of 2 ratings,$8.75
GBCI,$25.93,1441051899759,"152,648",50% bullish,of 2 ratings,$31
GLADO,$25.49,1441051899886,"1,725",Not yet rated,NULL,N/A
GOODN,$25.594,1441051899994,"2,508",Not yet rated,NULL,N/A
GOODO,$25.021,1441051900049,"3,077",Not yet rated,NULL,N/A
GOODP,$25.14,1441051900098,7,Not yet rated,NULL,N/A
GOOD,$14.4,1441051900127,"70,216",Not yet rated,NULL,$19
GAIN,$7.5,1441051900153,"121,471",100% bullish,of 2 ratings,$8.25
GAINN,$25.16,1441051900178,"95,572",Not yet rated,NULL,N/A
GAINO,$25.35,1441051900230,"1,142",Not yet rated,NULL,N/A
GAINP,$25.9735,1441051900700,731,Not yet rated,NULL,N/A
LAND,$9.08,1441051900831,"31,057",50% bullish,of 2 ratings,$13.75
GLBZ,$11.72,1441051900891,454,Not yet rated,NULL,N/A
GBT,$49.41,1441051900967,"101,956",100% bearish,of 1 rating,N/A
ENT,$11.7254,1441051901023,"113,189",100% bearish,of 1 rating,$18
GDEF,$10.52,1441051901071,1,Not yet rated,NULL,N/A
GSOL,$8.23,1441051901099,"9,038",100% bearish,of 1 rating,N/A
ACTX,$13.15,1441051901166,"74,850",100% bullish,of 1 rating,N/A
GPACU,NULL,1441051901233,0,Not yet rated,NULL,N/A
QQQC,$19.2,1441051901365,"1,322",100% bearish,of 1 rating,N/A
SOCL,$17.62,1441051901398,"20,685",100% bullish,of 2 ratings,N/A
GBLI,$26.844,1441051901423,"7,160",Not yet rated,NULL,N/A
ALTY,$14.41,1441051901501,"3,025",Not yet rated,NULL,N/A
SRET,$13.1984,1441051901641,532,Not yet rated,NULL,N/A
YLCO,$11.82,1441051901667,"3,020",Not yet rated,NULL,N/A
GAI,$6.0924,1441051901711,"2,951",50% bullish,of 2 ratings,N/A
GBIM,$2.82,1441051901934,"56,878",50% bullish,of 2 ratings,N/A
GSM,$13.785,1441051901993,"259,012",50% bullish,of 2 ratings,$22
GLYC,$6.99,1441051902198,"5,960",50% bullish,of 2 ratings,$14
GOGO,$15.86,1441051902227,"273,442",80% bullish,of 5 ratings,$25
GLRI,$1,1441051902259,"7,176",100% bearish,of 1 rating,$4.25
GLBS,$1.04,1441051902302,"11,896",67% bullish,of 3 ratings,N/A
GLNG,$38.8322,1441051902330,"439,079",83% bullish,of 6 ratings,$55.50
GLUU,$4.558,1441051902364,"1,026,887",92% bullish,of 26 ratings,$9
GMLP,$19.48,1441051902390,"178,165",50% bullish,of 4 ratings,$30.50
GDEN,$9.13,1441051902458,"9,041",50% bullish,of 2 ratings,N/A
GOGL,$3.05,1441051902680,"185,481",75% bullish,of 4 ratings,$5
GLDC,$4,1441051902705,553,50% bullish,of 2 ratings,N/A
GBDC,$16.6921,1441051902838,"79,636",Not yet rated,NULL,$17.75
GOOG,$618.8682,1441051902867,"827,328",89% bullish,of 71 ratings,$825
GTIM,$6.86,1441051902892,"17,064",Not yet rated,NULL,$11.50
GOOGL,$648.4678,1441051902918,"690,812",88% bullish,of 1082 ratings,$749
GPRO,$46.65,1441051902987,"2,799,094",78% bullish,of 58 ratings,$72
GMAN,$3.79,1441051903174,"34,043",60% bullish,of 5 ratings,$8.50
GPIA,NULL,1441051903228,0,100% bearish,of 1 rating,N/A
GPIAU,NULL,1441051903256,0,Not yet rated,NULL,N/A
LOPE,$37.2388,1441051903334,"91,308",100% bearish,of 2 ratings,$50
GPIAW,NULL,1441051903397,0,Not yet rated,NULL,N/A
GBSNU,NULL,1441051903435,0,NULL,NULL,NULL
GRVY,$3.2489,1441051903462,"3,700",50% bullish,of 2 ratings,N/A
GBSN,$0.3078,1441051903651,"5,512,939",50% bullish,of 2 ratings,$8.25
GSBC,$40.21,1441051903817,"10,823",100% bullish,of 1 rating,$44
GLDD,$5.554,1441051903844,"60,170",100% bearish,of 4 ratings,$7.75
GPRE,$21.0148,1441051903888,"285,318",67% bullish,of 6 ratings,$28.50
GNBC,$13.5262,1441051903972,"9,901",100% bearish,of 1 rating,$16.50
GRBK,$12.0252,1441051903998,"120,637",77% bullish,of 13 ratings,N/A
GPP,$14.4,1441051904019,"108,291",Not yet rated,NULL,$20.50
GCBC,$28.495,1441051904051,"1,836",100% bullish,of 1 rating,N/A
GRFS,$30.29,1441051904188,"96,714",50% bullish,of 2 ratings,$35
GRIF,$31.7999,1441051904334,100,100% bearish,of 1 rating,N/A
GLRE,$25.58,1441051904375,"63,077",50% bullish,of 2 ratings,$41
GRPN,$4.497,1441051904464,"3,825,946",61% bullish,of 71 ratings,$6.75
OMAB,$41.66,1441051904493,"46,423",100% bullish,of 1 rating,$44
GGAL,$19.19,1441051904549,"82,443",80% bullish,of 5 ratings,$40
GSIG,$12.8,1441051904596,"13,607",100% bearish,of 2 ratings,N/A
GSVC,$8.86,1441051904832,"37,981",50% bullish,of 2 ratings,$14.50
GBNK,$15.82,1441051904961,"13,465",100% bearish,of 1 rating,$18
GULTU,$0.3001,1441051904989,"1,227,407",100% bearish,of 1 rating,N/A
GTXI,$0.9,1441051905010,"42,858",100% bullish,of 5 ratings,$.75
GUID,$7.115,1441051905052,"5,630",100% bearish,of 3 ratings,$10
GFED,$14.835,1441051905138,"1,806",Not yet rated,NULL,$17
GSIT,$4.64,1441051905163,"4,314",100% bearish,of 1 rating,N/A
GIFI,$12.54,1441051905189,"27,283",100% bearish,of 1 rating,$16
GPOR,$35.88,1441051905366,"919,028",75% bullish,of 4 ratings,$55
GURE,$1.7001,1441051905438,"5,950",88% bullish,of 8 ratings,N/A
HEES,$20.1074,1441051905606,"285,605",67% bearish,of 3 ratings,$31
GWGH,$7.72,1441051905633,"2,450",100% bearish,of 1 rating,$15.05
GYRO,$2.8007,1441051905693,"3,500",100% bearish,of 1 rating,N/A
GWPH,$106.7637,1441051905763,"53,673",78% bullish,of 9 ratings,$148.50
HNRG,$8.01,1441051905790,"83,591",100% bearish,of 1 rating,$10
HALL,$11.4221,1441051905816,"19,142",Not yet rated,NULL,N/A
HLG,$9.51,1441051905841,"3,304",100% bearish,of 1 rating,N/A
HBK,$13.67,1441051906124,100,50% bullish,of 2 ratings,N/A
HBHC,$27.8312,1441051906183,"477,372",50% bullish,of 2 ratings,$30
HMPR,$1.8407,1441051906211,"5,638",100% bullish,of 1 rating,N/A
HALO,$17.48,1441051906238,"497,406",67% bullish,of 3 ratings,$22.50
HBHCL,$24.1401,1441051906341,"19,798",Not yet rated,NULL,N/A
HNH,$25.21,1441051906369,"9,589",100% bullish,of 1 rating,N/A
HAFC,$24.19,1441051906433,"150,323",100% bullish,of 2 ratings,$28.50
HNSN,$0.55,1441051906615,"61,953",88% bullish,of 8 ratings,$.40
HDNG,$10.3,1441051906640,"14,019",50% bullish,of 4 ratings,N/A
HLIT,$5.7445,1441051906671,"201,735",100% bearish,of 1 rating,$6.50
HQCL,$13.3699,1441051906699,"16,425",67% bullish,of 3 ratings,$14
HRMN,$9.9001,1441051906777,400,Not yet rated,NULL,N/A
HRMNU,$10.2,1441051906830,"2,100",Not yet rated,NULL,N/A
HRMNW,$0.34,1441051906972,"10,000",Not yet rated,NULL,N/A
HART,$1.3808,1441051907037,"958,032",100% bearish,of 1 rating,N/A
TINY,$2.4999,1441051907075,"15,886",50% bullish,of 2 ratings,$5.26
HBIO,$4.37,1441051907251,"32,285",100% bearish,of 1 rating,$10
HCAP,$12.08,1441051907326,"9,904",50% bullish,of 2 ratings,$15
HAS,$74.9431,1441051907391,"452,588",63% bullish,of 8 ratings,$84.50
HCAPL,$25.7399,1441051907420,"4,400",Not yet rated,NULL,N/A
HA,$22.8896,1441051907452,"340,377",67% bullish,of 9 ratings,$27
HCOM,$22.01,1441051907477,"1,400",100% bearish,of 1 rating,$28
HWKN,$38,1441051907526,"15,441",Not yet rated,NULL,N/A
HDS,$33.0203,1441051907551,"625,409",100% bearish,of 2 ratings,$39.50
HAYN,$38.22,1441051907744,"15,709",100% bearish,of 1 rating,$59
HWBK,$14.05,1441051907814,200,100% bearish,of 1 rating,N/A
HCSG,$33.4406,1441051907889,"73,470",50% bullish,of 4 ratings,$35
HIIQ,$5.19,1441051907915,"24,476",50% bullish,of 2 ratings,$7
HQY,$29.3176,1441051907987,"127,871",67% bullish,of 3 ratings,$32
HWAY,$12.145,1441051908161,"105,598",100% bearish,of 1 rating,$15
HTLD,$20.271,1441051908215,"271,504",Not yet rated,NULL,$22.50
HSTM,$24.9668,1441051908258,"29,605",50% bullish,of 2 ratings,$33.75
HTLF,$36.37,1441051908287,"17,690",100% bullish,of 1 rating,$39.50
HTWR,$85.9184,1441051908322,"102,616",50% bullish,of 2 ratings,$103
HTBX,$4.84,1441051908419,"12,030",50% bullish,of 2 ratings,$15.50
HSII,$19.6817,1441051908446,"55,193",100% bullish,of 3 ratings,$25
HMNY,$2.18,1441051908798,200,100% bearish,of 1 rating,N/A
HELE,$85.3201,1441051908831,"58,154",67% bearish,of 3 ratings,$100
HNNA,$24.7,1441051908930,"4,828",Not yet rated,NULL,N/A
HMTV,$13.61,1441051908957,"10,431",100% bearish,of 1 rating,$16
HCACU,$9.92,1441051908999,"16,912",Not yet rated,NULL,N/A
HERO,NULL,1441051909022,0,NULL,NULL,NULL
HSIC,$137.18,1441051909085,"171,571",83% bullish,of 6 ratings,$146
HTBK,$10.5768,1441051909170,"25,530",Not yet rated,NULL,$12
HFWA,$17.72,1441051909280,"18,476",100% bullish,of 1 rating,$20
HCCI,$11.92,1441051909309,"84,439",100% bearish,of 1 rating,$16.50
MLHR,$27.24,1441051909444,"105,864",50% bullish,of 2 ratings,$33.50
HEOP,$7.74,1441051909469,"2,849",Not yet rated,NULL,$8.50
HRTX,$38.78,1441051909501,"1,349,538",67% bullish,of 6 ratings,$41
HFFC,$16,1441051909530,"37,778",Not yet rated,NULL,N/A
HSKA,$33.75,1441051909559,"25,831",100% bearish,of 1 rating,$38
HIBB,$39.1952,1441051909635,"177,755",100% bearish,of 1 rating,$46.50
HPJ,$2.18,1441051909891,"19,920",75% bullish,of 4 ratings,$12.43
HIMX,$6.92,1441051909916,"792,844",86% bullish,of 21 ratings,$8.50
HIHO,$4.218,1441051909952,"44,477",Not yet rated,NULL,N/A
HMNF,$11.7,1441051910154,200,Not yet rated,NULL,N/A
HIFS,$116.98,1441051910180,433,Not yet rated,NULL,N/A
HOLX,$38.86,1441051910200,"881,377",50% bullish,of 4 ratings,$42
HMSY,$10.4021,1441051910229,"681,205",67% bullish,of 3 ratings,$19.35
HFBL,$21.9999,1441051910381,100,Not yet rated,NULL,N/A
HSGX,$6.19,1441051910409,"7,272",100% bearish,of 1 rating,$17
HOMB,$38.19,1441051910434,"98,571",Not yet rated,NULL,$42
AWAY,$28.8015,1441051910573,"284,975",67% bullish,of 3 ratings,$36
HBCP,$24.615,1441051910638,929,Not yet rated,NULL,$29
HMIN,$26.48,1441051910667,"34,447",100% bearish,of 2 ratings,$35
HMST,$21.9943,1441051910688,"39,416",100% bullish,of 2 ratings,$27
HOLI,$17.5788,1441051910708,"50,572",50% bullish,of 4 ratings,$27
HTBI,$18.1522,1441051910986,"29,462",67% bullish,of 3 ratings,$18.625
HOFT,$23.9464,1441051911094,"23,655",100% bearish,of 1 rating,N/A
HKTV,$4.37,1441051911125,"4,393",100% bearish,of 1 rating,N/A
CETC,$0.74,1441051911151,"10,751",86% bullish,of 7 ratings,N/A
HFBC,$11.4599,1441051911176,"1,700",Not yet rated,NULL,N/A
HRZN,$10.56,1441051911224,"34,580",50% bullish,of 2 ratings,$14.25
HZNP,$29.26,1441051911367,"822,529",85% bullish,of 20 ratings,$40
HBNC,$23.62,1441051911418,"9,496",100% bullish,of 1 rating,$27
ZINC,$7.9965,1441051911523,"674,505",100% bearish,of 1 rating,$17
HMHC,$22.5,1441051912056,"348,515",Not yet rated,NULL,$27
HDP,$23.6074,1441051912116,"174,797",67% bearish,of 3 ratings,$30.50
HWCC,$7.68,1441051912142,"63,283",100% bearish,of 1 rating,$9
HSNI,$60.8794,1441051912168,"154,289",Not yet rated,NULL,$80
HOVNP,$4.04,1441051912197,"3,951",100% bearish,of 1 rating,N/A
HBMD,$14.46,1441051912226,600,100% bearish,of 1 rating,N/A
HTGM,$5.5701,1441051912302,"6,999",100% bearish,of 1 rating,$19.50
HUBG,$37.803,1441051912327,"98,924",100% bearish,of 1 rating,$43
HSON,$2.595,1441051912615,"5,404",100% bearish,of 1 rating,$5
HURC,$30.81,1441051912679,"5,889",100% bearish,of 1 rating,N/A
HBANP,NULL,1441051912703,0,100% bearish,of 1 rating,N/A
HBAN,$10.8974,1441051912744,"2,714,895",76% bullish,of 17 ratings,$12.29
HDSN,$3.12,1441051912770,"4,039",100% bullish,of 1 rating,$6.25
HURN,$72.45,1441051912900,"88,717",50% bullish,of 2 ratings,$80
HCBK,$9.3037,1441051912926,"810,774",83% bullish,of 6 ratings,$8.61
HTCH,$1.49,1441051913094,"73,572",100% bearish,of 1 rating,$3.50
HDRAU,NULL,1441051913220,0,Not yet rated,NULL,N/A
HDRA,NULL,1441051913245,0,Not yet rated,NULL,N/A
HBP,$3.1499,1441051913266,"2,700",100% bullish,of 1 rating,N/A
HDRAW,$0.264,1441051913332,900,Not yet rated,NULL,N/A
IDSY,$3.75,1441051913442,"11,250",100% bearish,of 1 rating,$7
HDRAR,$0.36,1441051913469,"10,000",Not yet rated,NULL,N/A
HYGS,$9.31,1441051913498,"26,243",50% bullish,of 2 ratings,$13
IACI,$69.796,1441051913661,"416,169",75% bullish,of 4 ratings,$90
IKGH,$1.39,1441051913745,"27,416",75% bullish,of 4 ratings,N/A
IBKC,$60.9037,1441051913797,"72,629",100% bullish,of 1 rating,$70
ICAD,$3.97,1441051913822,"26,826",100% bullish,of 2 ratings,$7.25
IEP,$73.51,1441051913874,"37,727",75% bullish,of 4 ratings,$99
ICLR,$77.6,1441051914028,"270,035",100% bearish,of 3 ratings,$85
ICFI,$34.27,1441051914110,"30,193",50% bullish,of 2 ratings,$48.50
ICON,$13.92,1441051914138,"394,707",50% bullish,of 2 ratings,$18.50
IPWR,$7.34,1441051914183,"5,208",100% bullish,of 1 rating,$15
ICUI,$113.5667,1441051914210,"48,526",Not yet rated,NULL,$122
INVE,$4.64,1441051914438,"62,195",75% bullish,of 4 ratings,$4
IDXX,$71.66,1441051914490,"241,159",100% bearish,of 1 rating,$76
IROQ,$16.99,1441051914596,981,100% bullish,of 1 rating,N/A
IDRA,$3.02,1441051914727,"1,181,565",89% bullish,of 9 ratings,$6.50
DSKY,$10.98,1441051914758,"75,336",67% bullish,of 6 ratings,$11.50
IRG,$4.95,1441051914825,"11,108",100% bearish,of 1 rating,$4.25
IIVI,$16.89,1441051914852,"128,857",100% bearish,of 1 rating,$22
RXDX,$13.62,1441051914886,"67,558",100% bullish,of 1 rating,$20
KANG,$15.7,1441051914918,"199,015",50% bullish,of 2 ratings,$22.55
IKAN,$2.7216,1441051915051,"96,730",83% bullish,of 6 ratings,$5
IKNX,$12.37,1441051915176,"4,510",100% bearish,of 1 rating,N/A
ILMN,$197.606,1441051915274,"526,680",80% bullish,of 5 ratings,$245
ISNS,$4.12,1441051915301,"24,315",50% bullish,of 2 ratings,N/A
IMDZ,$15.93,1441051915519,"35,655",100% bearish,of 1 rating,$33
ICCC,$7.2601,1441051915565,"6,292",100% bullish,of 1 rating,N/A
IMNP,$1.32,1441051915593,"70,123",50% bullish,of 2 ratings,$6
IMMR,$11.6671,1441051915652,"80,320",80% bullish,of 5 ratings,$15.50
IPXL,$40.88,1441051915693,"619,587",67% bullish,of 3 ratings,$46.50
IMMU,$2.16,1441051915794,"315,676",86% bullish,of 7 ratings,$2
IMGN,$13.545,1441051915828,"502,885",75% bullish,of 4 ratings,$17.50
IMMY,$7.695,1441051915922,"4,800",100% bearish,of 1 rating,$11
INCR,$41.1339,1441051915950,"220,999",50% bullish,of 2 ratings,$53
SAAS,$7.51,1441051915978,"227,253",50% bullish,of 2 ratings,$15
INCY,$116.71,1441051916109,"686,144",50% bullish,of 6 ratings,$125.50
INDB,$45.23,1441051916141,"49,546",Not yet rated,NULL,$44
IBTX,$42.394,1441051916241,"9,281",100% bullish,of 2 ratings,$47.25
IBCP,$14.07,1441051916281,"41,128",100% bullish,of 1 rating,$14.50
IDSA,$3.617,1441051916432,"1,004",Not yet rated,NULL,N/A
INFN,$22.017,1441051916537,"1,305,196",71% bullish,of 7 ratings,$28
INFI,$8.96,1441051916558,"248,237",50% bullish,of 4 ratings,$18
III,$3.74,1441051916639,"59,610",57% bullish,of 7 ratings,$6
IFON,$1.27,1441051916708,"14,860",75% bullish,of 4 ratings,N/A
IMKTA,$49.8146,1441051916739,"54,035",100% bearish,of 1 rating,N/A
IPCC,$77,1441051916874,"7,099",Not yet rated,NULL,$77.50
INNL,$13,1441051916904,"1,800",100% bearish,of 1 rating,$16.50
INWK,$7.264,1441051916932,"44,534",50% bullish,of 2 ratings,$10
INOD,$2.42,1441051916965,"38,905",100% bearish,of 1 rating,N/A
IPHS,$48.0737,1441051917042,"31,114",100% bearish,of 1 rating,$60
IOSP,$49.1332,1441051917071,"175,596",100% bearish,of 1 rating,N/A
INGN,$49.38,1441051917282,"141,330",100% bearish,of 1 rating,$50.50
ISSC,$2.79,1441051917308,"2,600",67% bearish,of 3 ratings,N/A
ITEK,$12.26,1441051917440,"142,304",100% bearish,of 3 ratings,$20
INOV,$21.7608,1441051917493,"207,852",100% bearish,of 1 rating,$33
INO,$7.475,1441051917571,"685,498",89% bullish,of 18 ratings,$20
IIIN,$17.2503,1441051917598,"23,735",100% bearish,of 2 ratings,N/A
NSIT,$25.4137,1441051917641,"77,111",50% bullish,of 2 ratings,N/A
PODD,$29.7434,1441051917773,"167,440",67% bearish,of 3 ratings,$35
ISIG,$2.68,1441051917819,"19,894",100% bearish,of 1 rating,N/A
INSY,$32.8716,1441051917916,"220,637",75% bullish,of 4 ratings,$48
NTEC,$5.5,1441051917974,"29,600",100% bearish,of 1 rating,N/A
IDTI,$19.1007,1441051918001,"876,858",60% bullish,of 5 ratings,$25
INSM,$25.1329,1441051918022,"194,651",71% bullish,of 7 ratings,$31.50
IART,$60.24,1441051918164,"109,261",100% bearish,of 2 ratings,$71.50
ISSI,$21.97,1441051918326,"112,272",67% bullish,of 3 ratings,$19.75
IESC,$7.25,1441051918351,"9,100",100% bearish,of 1 rating,N/A
INTC,$28.5685,1441051918485,"19,723,477",82% bullish,of 238 ratings,$36
IPAR,$25.59,1441051918511,"54,620",67% bullish,of 3 ratings,$38
IPCI,$2.2716,1441051918531,"63,231",67% bullish,of 6 ratings,$8
IQNT,$18.4333,1441051918560,"150,758",86% bullish,of 7 ratings,$20
ICPT,$191.8553,1441051918772,"161,369",70% bullish,of 10 ratings,$359.50
ININ,$35.3979,1441051918798,"60,820",67% bearish,of 3 ratings,$57
IBKR,$39.916,1441051918822,"325,215",100% bullish,of 1 rating,N/A
ICLD,$1.88,1441051918862,"77,855",75% bullish,of 4 ratings,N/A
TILE,$24.1537,1441051918958,"460,996",100% bearish,of 3 ratings,$27
IMI,$2.06,1441051918985,"26,364",67% bullish,of 3 ratings,$2.22
ICLDW,NULL,1441051919010,0,100% bearish,of 1 rating,N/A
IDCC,$49.2941,1441051919037,"160,618",80% bullish,of 5 ratings,$63
INAP,$7.97,1441051919217,"61,613",75% bullish,of 4 ratings,$11
IBOC,$25.63,1441051919357,"39,555",100% bearish,of 1 rating,N/A
IGLD,$6.8901,1441051919384,937,50% bullish,of 2 ratings,N/A
INPH,$0.3,1441051919421,"25,084",50% bullish,of 2 ratings,N/A
PTNT,$3.03,1441051919450,300,Not yet rated,NULL,N/A
ISCA,$32.1028,1441051919476,"33,011",100% bearish,of 1 rating,N/A
IIJI,NULL,1441051919622,0,50% bullish,of 2 ratings,$11.50
INTX,$2.04,1441051919763,"78,780",67% bullish,of 3 ratings,N/A
IVAC,$4.67,1441051919794,"15,980",100% bearish,of 1 rating,$6.625
ISIL,$10.535,1441051919853,"339,560",50% bullish,of 6 ratings,$15
IILG,$19.9748,1441051919881,"79,309",100% bearish,of 1 rating,$29
XENT,$25.4042,1441051919910,"111,464",50% bullish,of 2 ratings,$36.50
INTLL,$25.926,1441051919935,"2,100",Not yet rated,NULL,N/A
INTL,$26.45,1441051919960,"47,892",67% bearish,of 3 ratings,N/A
ITCI,$26.68,1441051920101,"271,131",75% bearish,of 4 ratings,$40
IIN,$6.9,1441051920206,"2,045",100% bearish,of 1 rating,$12
INTU,$85.72,1441051920337,"1,125,873",86% bullish,of 7 ratings,$107.50
INVT,$0.338,1441051920391,"127,154",67% bullish,of 3 ratings,N/A
ISRG,$510.946,1441051920417,"83,692",67% bullish,of 3 ratings,$600
SNAK,$8.61,1441051920446,"22,216",50% bullish,of 2 ratings,$14
ISBC,$11.7426,1441051920546,"775,335",100% bullish,of 1 rating,$13.25
ISTR,$15.61,1441051920571,302,100% bearish,of 1 rating,$18.50
ITIC,$71.02,1441051920856,534,100% bearish,of 2 ratings,N/A
IPAS,$1.08,1441051920883,"32,981",67% bullish,of 3 ratings,N/A
DTUL,NULL,1441051920910,0,Not yet rated,NULL,N/A
NVIV,$9.73,1441051921062,"112,725",50% bullish,of 4 ratings,$24.50
IPCM,$79.4037,1441051921089,"73,749",50% bullish,of 2 ratings,$80.125
IPGP,$84.417,1441051921116,"128,608",67% bearish,of 3 ratings,$109.50
DFVL,$66.6,1441051921141,3,Not yet rated,NULL,N/A
IVTY,$13.35,1441051921166,"5,533",Not yet rated,NULL,$18
IRMD,$23.89,1441051921301,"23,915",67% bearish,of 3 ratings,$25
IRDM,$7.4102,1441051921468,"426,189",60% bullish,of 5 ratings,$11.50
IRDMB,$279,1441051921522,100,67% bearish,of 3 ratings,N/A
IRIX,$6.75,1441051921570,"34,713",100% bearish,of 1 rating,N/A
IRWD,$11.03,1441051921679,"413,150",100% bearish,of 1 rating,$13
IRBT,$29.4064,1441051921706,"94,372",67% bullish,of 6 ratings,$37
COMT,$34.49,1441051921727,"17,787",100% bearish,of 1 rating,N/A
IRCP,NULL,1441051921783,0,100% bullish,of 2 ratings,N/A
IFAS,NULL,1441051921858,0,NULL,NULL,NULL
GNMA,$50.18,1441051921917,"7,403",Not yet rated,NULL,N/A
FCHI,NULL,1441051922013,0,NULL,NULL,NULL
IFEU,$37.97,1441051922095,"79,055",Not yet rated,NULL,N/A
IFNA,NULL,1441051922140,0,NULL,NULL,NULL
IFGL,$28.2396,1441051922227,"699,780",Not yet rated,NULL,N/A
ACWI,$55.93,1441051922311,"980,919",Not yet rated,NULL,N/A
ACWX,$40.77,1441051922344,"187,110",100% bearish,of 1 rating,N/A
AAXJ,$53.34,1441051922440,"1,131,492",Not yet rated,NULL,N/A
AXJS,NULL,1441051922464,0,NULL,NULL,NULL
AAIT,NULL,1441051922487,0,NULL,NULL,NULL
EMDI,NULL,1441051922513,0,NULL,NULL,NULL
EEMA,$50.23,1441051922639,"44,969",Not yet rated,NULL,N/A
EEME,NULL,1441051922741,0,NULL,NULL,NULL
EMEY,NULL,1441051922763,0,NULL,NULL,NULL
EVAL,NULL,1441051922804,0,NULL,NULL,NULL
IEUS,$45.91,1441051923062,"4,507",100% bearish,of 1 rating,N/A
EGRW,NULL,1441051923085,0,NULL,NULL,NULL
EUFN,$21.77,1441051923164,"40,647",100% bearish,of 1 rating,N/A
UAE,$18.74,1441051923224,"2,485",Not yet rated,NULL,N/A
QAT,$21.86,1441051923248,"12,800",Not yet rated,NULL,N/A
IBB,$342.94,1441051923306,"724,266",63% bullish,of 8 ratings,N/A
SOXX,$83.26,1441051923450,"302,688",50% bullish,of 2 ratings,N/A
EMIF,$28.74,1441051923493,"28,278",Not yet rated,NULL,N/A
ISHG,$79.4401,1441051923684,"3,812",100% bearish,of 1 rating,N/A
WOOD,$48.12,1441051923717,"19,475",50% bullish,of 2 ratings,N/A
ICLN,$9.4601,1441051923747,"6,637",50% bullish,of 2 ratings,N/A
INDY,$27.43,1441051923811,"42,768",50% bullish,of 2 ratings,N/A
IGOV,$90.416,1441051923842,"213,771",100% bearish,of 1 rating,N/A
ISIS,$50.22,1441051923915,"1,059,722",53% bullish,of 15 ratings,$67
ISLE,$18.43,1441051924086,"353,376",50% bullish,of 4 ratings,$16
EEML,$27.4,1441051924110,"2,600",Not yet rated,NULL,N/A
ITRI,$29.9428,1441051924249,"160,914",100% bearish,of 1 rating,$37
ISRL,$126.9501,1441051924274,100,100% bearish,of 1 rating,N/A
ITRN,$24.1,1441051924345,"1,739",50% bullish,of 2 ratings,N/A
XXIA,$15.43,1441051924481,"391,081",71% bullish,of 7 ratings,$14.625
ITUS,$4.19,1441051924508,"1,600",Not yet rated,NULL,N/A
IXYS,$11.7344,1441051924538,"151,751",50% bullish,of 4 ratings,N/A
JJSF,$113.964,1441051924643,"19,389",100% bearish,of 1 rating,N/A
JBHT,$72.89,1441051924675,"435,430",50% bullish,of 4 ratings,$89.50
MAYS,$59.93,1441051924701,160,Not yet rated,NULL,N/A
JASO,$8.01,1441051924777,"628,994",82% bullish,of 17 ratings,$10
JCOM,$69.58,1441051924808,"105,396",100% bullish,of 2 ratings,$77
JKHY,$68.0241,1441051924984,"122,962",50% bullish,of 2 ratings,$72
JXSB,NULL,1441051925009,0,Not yet rated,NULL,N/A
JACK,$78.45,1441051925033,"262,327",83% bullish,of 6 ratings,$105
JAXB,$13.925,1441051925213,600,100% bullish,of 1 rating,N/A
JAGX,$3.1,1441051925239,"16,103",Not yet rated,NULL,$10.50
JAKK,$9.7405,1441051925368,"537,842",60% bearish,of 5 ratings,$11
JASN,$4.985,1441051925465,"3,775",50% bullish,of 2 ratings,$9.50
JMBA,$13.86,1441051925514,"59,686",75% bullish,of 4 ratings,$18
JRVR,$27.57,1441051925547,"46,750",Not yet rated,NULL,$32
JASNW,NULL,1441051925571,0,50% bullish,of 2 ratings,N/A
JBLU,$22.472,1441051925641,"2,852,243",94% bullish,of 18 ratings,$27
ERW,$50.26,1441051925713,159,Not yet rated,NULL,N/A
JD,$25.89,1441051925738,"5,215,638",75% bullish,of 16 ratings,$36
JAZZ,$170.0866,1441051925900,"172,718",80% bullish,of 15 ratings,$206.50
JCTCF,NULL,1441051925951,0,100% bullish,of 1 rating,N/A
JTPY,$2.95,1441051925998,"1,570",100% bearish,of 1 rating,N/A
DATE,$6.06,1441051926401,"20,382",75% bullish,of 4 ratings,$9
JIVE,$4.505,1441051926430,"117,650",75% bullish,of 4 ratings,$5
JOEZ,$0.1639,1441051926463,"105,264",92% bullish,of 12 ratings,N/A
JOUT,$25.24,1441051926498,"7,844",100% bearish,of 1 rating,$34
JBSS,$51.61,1441051926525,"18,396",67% bearish,of 3 ratings,N/A
JNP,$10.61,1441051926552,"27,807",100% bullish,of 3 ratings,$15
JST,$3.85,1441051926590,"15,135",75% bullish,of 4 ratings,N/A
