Symbol,Price,Date,Volume,Rating,RatingVoteCount,OneYearEstimate
FCTY,$7.9,1440601802806,"1,267",100% bullish,of 1 rating,$8.50
FLWS,$9.32,1440601802831,"92,869",100% bullish,of 5 ratings,$15
FCCY,$11.6,1440601802867,940,100% bullish,of 1 rating,$13
VNET,$17.74,1440601803322,"164,375",60% bullish,of 5 ratings,$29.50
TWOU,$34.08,1440601803353,"23,656",50% bullish,of 2 ratings,$39
SRCE,$28.95,1440601803425,"3,918",100% bullish,of 3 ratings,$33
DSLV,$76.781,1440601803883,"11,967",100% bearish,of 1 rating,N/A
UGLD,$9.0192,1440601804132,"107,266",100% bearish,of 1 rating,N/A
DGLD,$83.88,1440601804233,"9,298",100% bullish,of 1 rating,N/A
USLV,$11.3501,1440601804278,"403,171",86% bullish,of 7 ratings,N/A
JOBS,$27.07,1440601804636,"29,912",50% bullish,of 4 ratings,$36
SIXD,$2.74,1440601805216,"272,941",Not yet rated,NULL,N/A
CAFD,$13.868,1440601805261,"60,011",Not yet rated,NULL,$25
EGHT,$7.46,1440601805286,"98,781",82% bullish,of 17 ratings,$11
ABAX,$46.22,1440601805649,"16,547",100% bearish,of 1 rating,$60
SHLM,$32.43,1440601805752,"22,742",100% bearish,of 1 rating,$50
AVHI,$13.79,1440601805827,"3,916",100% bearish,of 1 rating,$19
AAON,$20.1,1440601806165,"35,222",100% bearish,of 1 rating,$24
ABY,$20.79,1440601806223,"255,699",100% bearish,of 2 ratings,$46
ABGB,$6.2,1440601806402,"108,734",67% bullish,of 3 ratings,$5.50
ABEO,$4.515,1440601806644,"31,252",50% bullish,of 4 ratings,$15.50
ABEOW,$1.63,1440601807135,"1,786",100% bullish,of 1 rating,N/A
ABMD,$94.71,1440601807208,"58,901",75% bullish,of 4 ratings,$100.50
AXAS,$1.5401,1440601807610,"152,398",78% bullish,of 9 ratings,$3.50
ACAD,$34.3,1440601807674,"144,101",80% bullish,of 20 ratings,$48
ACHC,$69.52,1440601807722,"127,510",50% bullish,of 2 ratings,$92
XLRN,$27.335,1440601807749,"21,520",50% bullish,of 2 ratings,$57
AXDX,$17.56,1440601807771,"32,042",100% bearish,of 1 rating,N/A
ACTG,$8.8,1440601807904,"107,842",67% bullish,of 3 ratings,$18.50
ACST,NULL,1440601807933,0,100% bullish,of 2 ratings,N/A
ANCX,$19.64,1440601807959,"4,922",Not yet rated,NULL,$20
TFSCW,NULL,1440601808218,0,100% bearish,of 1 rating,N/A
TFSC,$9.73,1440601808266,"3,100",100% bearish,of 1 rating,N/A
TFSCU,NULL,1440601808292,0,Not yet rated,NULL,N/A
TFSCR,NULL,1440601808312,0,Not yet rated,NULL,N/A
PIH,$7.17,1440601808347,400,100% bearish,of 1 rating,N/A
ARAY,$6.29,1440601808444,"207,604",100% bearish,of 1 rating,$10.50
VXDN,$1.82,1440601808575,"13,724",100% bearish,of 1 rating,N/A
ACET,$22.13,1440601808709,"29,744",75% bullish,of 4 ratings,$30
VXUP,$1.6015,1440601808734,"17,642",100% bearish,of 1 rating,N/A
ACRX,$4.03,1440601808762,"65,292",67% bearish,of 6 ratings,$5.50
ACHN,$6.96,1440601808788,"309,556",90% bullish,of 21 ratings,$16
ACIW,$20.6899,1440601808984,"66,400",67% bearish,of 3 ratings,$24
AKAO,$6.445,1440601809016,"39,993",75% bullish,of 4 ratings,$15
ACNB,NULL,1440601809067,0,Not yet rated,NULL,N/A
ACPW,$1.8598,1440601809113,"9,056",100% bullish,of 4 ratings,$3.50
ATVI,$26.705,1440601809270,"1,010,635",68% bullish,of 84 ratings,$31.50
ACTS,$1.5828,1440601809296,"10,222",100% bearish,of 1 rating,N/A
ACTA,$13,1440601809339,"15,894",67% bearish,of 3 ratings,$25
ACOR,$31.36,1440601809474,"182,435",67% bearish,of 3 ratings,$38.50
ACUR,$0.511,1440601809549,"6,759",100% bullish,of 5 ratings,$1
ADMP,$3.4284,1440601809697,"4,106",50% bullish,of 2 ratings,$10
ADUS,$28.23,1440601809723,"2,190",100% bearish,of 1 rating,$31
ACXM,$19.98,1440601809778,"61,410",67% bullish,of 3 ratings,N/A
AEY,$2.2746,1440601809861,"1,245",100% bearish,of 2 ratings,N/A
ADMS,$18.96,1440601809894,"11,874",100% bearish,of 2 ratings,$36
ADEP,$6.4799,1440601809970,"20,479",50% bullish,of 2 ratings,$10.75
ADAP,$11.465,1440601809998,"14,696",67% bullish,of 3 ratings,$22
ADTN,$15,1440601810171,"54,705",67% bullish,of 3 ratings,$17.125
ADBE,$75.31,1440601810247,"492,059",65% bullish,of 17 ratings,$90
ADRO,$18.79,1440601810300,"81,179",80% bullish,of 5 ratings,$45.50
ADMA,$9.27,1440601810325,"1,304",Not yet rated,NULL,$19
AEIS,$23.525,1440601810350,"16,817",50% bullish,of 2 ratings,$32.50
ADXSW,$9,1440601810756,"12,427",100% bullish,of 1 rating,N/A
AMD,$1.665,1440601810792,"2,106,724",83% bullish,of 103 ratings,$2
AEGN,$17.52,1440601810823,"27,206",100% bearish,of 2 ratings,$21
ADXS,$13.24,1440601810857,"361,813",64% bullish,of 14 ratings,$27
YPRO,NULL,1440601810883,0,100% bearish,of 1 rating,N/A
AEGR,$16.98,1440601810910,"50,969",50% bullish,of 6 ratings,$26
AEHR,NULL,1440601810951,0,50% bullish,of 2 ratings,N/A
MULT,NULL,1440601810976,0,100% bearish,of 1 rating,N/A
AMTX,$2.59,1440601811345,"5,532",50% bullish,of 2 ratings,$26.11
AERI,$15.645,1440601811418,"70,807",75% bullish,of 4 ratings,$31.50
AEZS,$0.084,1440601811443,"1,277,040",90% bullish,of 21 ratings,$1.50
AFFX,$8.882,1440601811576,"53,161",80% bullish,of 5 ratings,$12
AVAV,$22.84,1440601811602,"16,646",50% bullish,of 4 ratings,$31
AFMD,$9.6,1440601811625,"30,393",50% bullish,of 4 ratings,$15
AEPI,$53.29,1440601811655,"2,372",100% bearish,of 1 rating,N/A
AEMD,$7.03,1440601811862,"2,430",Not yet rated,NULL,$27.50
AGYS,$9.73,1440601811911,"2,500",100% bearish,of 1 rating,N/A
AGIO,$84.25,1440601812090,"68,976",88% bullish,of 8 ratings,$114
AGFSW,$1.84,1440601812123,"2,103",100% bearish,of 2 ratings,N/A
AGFS,$9.92,1440601812149,"9,535",100% bearish,of 1 rating,N/A
AGEN,$6.57,1440601812175,"304,298",85% bullish,of 13 ratings,$14
AGRX,$8.39,1440601812222,"2,774",100% bearish,of 1 rating,$17.50
AIMT,$21.335,1440601812414,"4,140",Not yet rated,NULL,N/A
AIRM,$35.085,1440601812544,"53,783",80% bearish,of 5 ratings,$53
AIRT,$21.23,1440601812598,711,100% bullish,of 1 rating,N/A
ATSG,$8.5886,1440601812643,"30,767",67% bullish,of 3 ratings,$13
AMCN,$4.525,1440601812675,"209,578",83% bullish,of 6 ratings,N/A
AIXG,$5.7,1440601812703,"11,390",67% bearish,of 3 ratings,$5.25
AKBA,$6.12,1440601812728,"32,218",100% bearish,of 1 rating,$18
AKRX,$38.45,1440601813037,"116,386",78% bullish,of 9 ratings,$56
AKER,$2.32,1440601813075,600,Not yet rated,NULL,N/A
AKAM,$66.08,1440601813139,"373,376",63% bullish,of 8 ratings,$77
ALSK,$2,1440601813208,"30,927",78% bullish,of 18 ratings,$2
ABDC,$11.465,1440601813271,"16,480",Not yet rated,NULL,$15
ALRM,$15.71,1440601813298,"37,924",100% bearish,of 1 rating,$22
AMRI,$19.22,1440601813319,"119,051",75% bearish,of 4 ratings,$24
ADHD,$7.83,1440601813520,"27,574",50% bullish,of 4 ratings,$18
ALDR,$36.6783,1440601813676,"87,299",67% bearish,of 3 ratings,$62
ALXN,$168.37,1440601813706,"245,016",88% bullish,of 8 ratings,$223
ALXA,$1.11,1440601813733,"8,869",83% bullish,of 6 ratings,$2.125
ALDX,$6.98,1440601813758,"4,650",100% bearish,of 1 rating,$14.50
ALKS,$57.02,1440601814227,"103,056",67% bullish,of 3 ratings,$75
AFOP,$18.06,1440601814286,"34,979",75% bullish,of 8 ratings,$21
ALGN,$54.985,1440601814313,"88,828",100% bearish,of 2 ratings,$73
ALCO,$41.08,1440601814334,"1,381",50% bullish,of 2 ratings,N/A
ALLB,$22.27,1440601814370,200,Not yet rated,NULL,N/A
ALIM,$3.13,1440601814467,"18,240",80% bullish,of 5 ratings,$10
ALGT,$211.25,1440601814493,"12,303",100% bearish,of 2 ratings,$235
AIQ,$13.14,1440601814518,"5,222",67% bullish,of 3 ratings,N/A
AHPI,NULL,1440601815246,0,50% bullish,of 2 ratings,N/A
ALLT,$4.87,1440601815452,"31,185",75% bullish,of 4 ratings,$6.25
MDRX,$12.97,1440601815486,"331,631",60% bullish,of 5 ratings,$16
AMOT,$18.0499,1440601815519,"30,803",100% bearish,of 1 rating,N/A
ARLP,$24.0401,1440601815583,"33,780",67% bearish,of 3 ratings,$32
AHGP,$34.58,1440601815609,"11,988",67% bullish,of 3 ratings,N/A
ALQA,$4.21,1440601815650,"4,437",75% bullish,of 4 ratings,$8.50
ALNY,$96.34,1440601815738,"82,538",67% bullish,of 3 ratings,$148.50
AFAM,$44.3,1440601815875,"6,702",50% bullish,of 2 ratings,$44
AOSL,$7.238,1440601815983,"27,961",67% bullish,of 3 ratings,$9
SMCP,NULL,1440601816011,0,Not yet rated,NULL,N/A
ATEC,$0.606,1440601816086,"81,475",100% bullish,of 1 rating,$2
AIMC,$24.26,1440601816171,"10,016",100% bearish,of 2 ratings,$28.50
ASPS,$24.61,1440601816275,"58,635",67% bullish,of 3 ratings,$46.50
ALTR,$46.71,1440601816444,"386,551",80% bearish,of 5 ratings,$54
AMRN,$1.8801,1440601816542,"232,912",85% bullish,of 39 ratings,$8
AYA,$19.7765,1440601816613,"6,732",100% bearish,of 1 rating,$40
AMRK,$10.36,1440601816689,470,50% bullish,of 2 ratings,$14
AMAG,$59.8701,1440601816717,"73,373",100% bullish,of 2 ratings,$77.50
AMZN,$487.007,1440601816742,"1,191,173",81% bullish,of 264 ratings,$646
AMBC,$15.23,1440601816791,"42,487",100% bearish,of 1 rating,$16.50
EPAX,$2.67,1440601817007,"39,771",100% bearish,of 1 rating,N/A
AMCX,$69.35,1440601817106,"233,246",67% bullish,of 3 ratings,$87.50
AMBCW,$7,1440601817195,"3,000",100% bearish,of 1 rating,N/A
AMED,$37.257,1440601817236,"35,131",100% bearish,of 1 rating,$42
AMBA,$86.84,1440601817263,"638,885",83% bullish,of 12 ratings,$102.50
AMDA,$0.4699,1440601817289,"387,665",90% bullish,of 10 ratings,$1
DOX,$56.05,1440601817419,"170,752",67% bearish,of 3 ratings,$60
ASBI,$22,1440601817594,300,Not yet rated,NULL,N/A
AAL,$37.5,1440601817659,"2,371,607",93% bullish,of 88 ratings,$57
UHAL,$365.5,1440601817793,"3,790",100% bullish,of 2 ratings,$393.50
ATAX,$5.1,1440601817819,"42,711",100% bullish,of 1 rating,$6.50
AGNC,$19.355,1440601817847,"1,110,319",71% bullish,of 28 ratings,$22
AGNCB,$24.25,1440601817872,"5,200",Not yet rated,NULL,N/A
AMOV,$17.49,1440601818073,393,100% bearish,of 1 rating,N/A
AGNCP,$25.1,1440601818175,"1,000",Not yet rated,NULL,N/A
ACSF,$12.0299,1440601818214,"6,782",100% bearish,of 1 rating,$15
MTGE,$15.32,1440601818307,"69,942",75% bullish,of 4 ratings,$19.50
AETI,$3.87,1440601818343,1,67% bearish,of 3 ratings,N/A
ACAS,$13.1299,1440601818373,"340,216",60% bullish,of 5 ratings,$16.75
MTGEP,$24.69,1440601818482,300,Not yet rated,NULL,N/A
ANCI,$1.53,1440601818507,"2,800",100% bearish,of 1 rating,N/A
ANAT,$98.115,1440601818705,"8,380",100% bullish,of 1 rating,N/A
ARII,$37.9864,1440601818752,"47,153",67% bearish,of 3 ratings,$45
APEI,$20.87,1440601818883,"7,700",100% bearish,of 1 rating,$25.50
AMIC,NULL,1440601818913,0,Not yet rated,NULL,N/A
AMNB,$22.87,1440601818940,"1,796",Not yet rated,NULL,$25.50
AMRB,$9.96,1440601819053,"4,604",Not yet rated,NULL,$11
AMSWA,$8.82,1440601819099,"5,043",100% bearish,of 2 ratings,$10.75
AMSC,$4.0601,1440601819339,"52,740",50% bullish,of 4 ratings,N/A
ASEI,$36.94,1440601819382,"7,835",100% bearish,of 1 rating,$52.50
CRMT,$36.112,1440601819472,"8,820",100% bearish,of 1 rating,$39
AMSF,$46.13,1440601819669,"10,080",Not yet rated,NULL,$57.50
AMWD,$63.7,1440601819702,"32,300",50% bullish,of 2 ratings,$70
ATLO,$23.4,1440601819724,664,Not yet rated,NULL,N/A
ABCB,$26.06,1440601819753,"12,340",Not yet rated,NULL,$31
AMGN,$149.0199,1440601819799,"952,738",89% bullish,of 19 ratings,$185
ASRV,$3.2,1440601819901,"21,804",100% bullish,of 2 ratings,N/A
ASRVP,NULL,1440601819966,0,Not yet rated,NULL,N/A
AMKR,$4.54,1440601820073,"504,893",100% bearish,of 2 ratings,$5
AMPH,$12.93,1440601820107,"43,391",50% bullish,of 2 ratings,$20
AMSG,$77.7,1440601820299,"81,240",100% bearish,of 1 rating,$85.50
ASYS,$4.96,1440601820479,"15,210",67% bullish,of 3 ratings,$12
FOLD,$13.475,1440601820537,"261,147",56% bullish,of 9 ratings,$21
AMSGP,NULL,1440601820633,0,Not yet rated,NULL,N/A
AMRS,$1.59,1440601820658,"27,687",70% bullish,of 10 ratings,N/A
AFSI,$57.4,1440601820686,"158,717",60% bullish,of 5 ratings,$72
ANAC,$125.04,1440601820729,"69,530",80% bullish,of 5 ratings,$180.50
ANAD,$0.33,1440601820888,"117,780",100% bullish,of 2 ratings,$.50
ALOG,$77.915,1440601820926,"5,722",100% bearish,of 2 ratings,$100.50
ADI,$51.33,1440601820956,"431,400",67% bullish,of 3 ratings,$69
AMCF,$0.2481,1440601821055,"1,800",100% bullish,of 7 ratings,N/A
ANCB,NULL,1440601821303,0,Not yet rated,NULL,$23
ABCW,$38.95,1440601821379,"2,561",67% bullish,of 3 ratings,N/A
ANGI,$4.67,1440601821407,"72,443",64% bullish,of 11 ratings,$5.50
ANIP,$47.62,1440601821431,"29,542",89% bullish,of 19 ratings,$66
ANGO,$14.405,1440601821456,"5,023",67% bullish,of 3 ratings,$19
ANIK,$33.5101,1440601821642,"17,429",60% bullish,of 5 ratings,$51.25
ANSS,$86.76,1440601821835,"78,419",100% bearish,of 1 rating,$100
ANTH,$6.66,1440601821862,"214,223",80% bullish,of 10 ratings,$13
ATRS,$1.66,1440601821895,"273,303",92% bullish,of 12 ratings,$4.50
ATNY,$2.3,1440601821916,"2,900",50% bullish,of 2 ratings,$3.75
ABAC,NULL,1440601821994,0,100% bearish,of 1 rating,N/A
APIC,$5.97,1440601822047,"25,117",100% bearish,of 1 rating,$19
APOG,$48.52,1440601822078,"28,653",50% bullish,of 2 ratings,$67
APOL,$10.595,1440601822182,"285,820",87% bearish,of 68 ratings,$14
AINV,$6.3199,1440601822386,"222,062",50% bullish,of 4 ratings,$8
APPF,$16.125,1440601822412,"12,150",50% bullish,of 2 ratings,$22
AAPL,$106.45,1440601822438,"18,137,661",86% bullish,of 2349 ratings,$150
APDN,$3.1101,1440601822628,"16,063",Not yet rated,NULL,$9
APDNW,$1.1,1440601822653,200,Not yet rated,NULL,N/A
AAOI,$19.3499,1440601822782,"42,734",50% bullish,of 4 ratings,$26
ARCI,NULL,1440601822826,0,Not yet rated,NULL,N/A
AMCC,$5.345,1440601822855,"101,800",80% bullish,of 5 ratings,$8
AMAT,$14.92,1440601822876,"6,893,261",82% bullish,of 11 ratings,$23
AGTC,$15.03,1440601822907,"9,066",50% bullish,of 2 ratings,$33
AREX,$1.6801,1440601822937,"144,209",100% bearish,of 1 rating,$3
APRI,$1.22,1440601823120,"16,106",83% bullish,of 6 ratings,$4.86
APTO,$4.7212,1440601823226,806,Not yet rated,NULL,$17
AQMS,$4.93,1440601823299,"10,896",Not yet rated,NULL,N/A
AQXP,$17.987,1440601823530,"114,261",50% bullish,of 2 ratings,$2
AUMA,NULL,1440601823555,0,Not yet rated,NULL,N/A
AUMAW,NULL,1440601823580,0,Not yet rated,NULL,N/A
PETX,$16.7,1440601823715,"141,900",100% bearish,of 2 ratings,$26
ABUS,$6.7,1440601823743,"58,802",86% bullish,of 14 ratings,$23
AUMAU,NULL,1440601823771,0,Not yet rated,NULL,N/A
ARDM,$6.95,1440601823794,202,100% bullish,of 1 rating,$26
RKDA,$5.84,1440601823826,"3,501",100% bearish,of 2 ratings,$10
ABIO,$0.8633,1440601823960,"37,605",50% bullish,of 2 ratings,$3.75
ARCB,$27.53,1440601824104,"69,362",67% bearish,of 3 ratings,$39.50
ARCW,$3.49,1440601824129,"10,501",100% bearish,of 2 ratings,$10.50
ACAT,$24.88,1440601824154,"13,979",100% bearish,of 3 ratings,$33
ACGL,$66.745,1440601824182,"37,665",50% bullish,of 2 ratings,$72
ARDX,$17.665,1440601824357,"29,253",50% bullish,of 2 ratings,$24.50
ARCC,$14.76,1440601824450,"544,157",67% bearish,of 3 ratings,$17.875
AGIIL,$25.33,1440601824531,"5,833",Not yet rated,NULL,N/A
AGII,$55.32,1440601824596,"30,247",Not yet rated,NULL,$59.50
ARNA,$2.6101,1440601824657,"732,193",90% bullish,of 77 ratings,$5.50
ARMH,$40.7501,1440601824756,"2,635,570",54% bearish,of 13 ratings,$61
ARGS,$6.24,1440601824787,"6,967",50% bullish,of 2 ratings,$19.50
ARIA,$6.413,1440601824809,"862,112",87% bullish,of 46 ratings,$9
ARIS,$4.24,1440601824843,"43,737",Not yet rated,NULL,$4.50
ARKR,$24.92,1440601824939,200,50% bullish,of 2 ratings,N/A
ARTX,$1.34,1440601825027,"89,112",88% bullish,of 16 ratings,$4.50
ARWA,NULL,1440601825099,0,Not yet rated,NULL,N/A
ARWAU,NULL,1440601825349,0,100% bullish,of 1 rating,N/A
ARQL,$1.58,1440601825448,"39,850",75% bullish,of 4 ratings,$5
DWAT,$9.607,1440601825519,915,100% bearish,of 1 rating,N/A
ARRY,$5.41,1440601825553,"265,552",100% bullish,of 7 ratings,$10
ARWAR,$0.27,1440601825574,800,Not yet rated,NULL,N/A
ARWAW,NULL,1440601825651,0,Not yet rated,NULL,N/A
AROW,$26.92,1440601825678,"5,258",Not yet rated,NULL,N/A
ARRS,$25.045,1440601825847,"133,456",50% bullish,of 2 ratings,$38
ARWR,$5.24,1440601825874,"221,862",75% bullish,of 4 ratings,$10.50
ASBB,$24.74,1440601826012,74,Not yet rated,NULL,N/A
ARTNA,$21.9,1440601826058,"5,634",100% bearish,of 1 rating,$29
ARTW,$4.396,1440601826107,"3,518",75% bearish,of 4 ratings,N/A
ASNA,$10.99,1440601826135,"497,056",50% bullish,of 2 ratings,$18
ASND,$19.57,1440601826264,"25,745",100% bullish,of 1 rating,$30
ASTI,$0.1079,1440601826436,"564,295",83% bullish,of 6 ratings,$3
ASCMA,$26.465,1440601826479,"10,543",100% bearish,of 1 rating,$45
ASMI,NULL,1440601826506,0,NULL,NULL,NULL
ASML,$87.7,1440601826531,"261,579",50% bullish,of 4 ratings,$127
APWC,NULL,1440601826563,0,100% bearish,of 1 rating,N/A
ASFI,$8.88,1440601826664,"5,717",100% bullish,of 1 rating,N/A
AZPN,$36.5644,1440601826694,"93,699",50% bullish,of 2 ratings,$42
ASMB,$12.31,1440601826793,"11,468",67% bullish,of 3 ratings,N/A
ATRO,$49.46,1440601826994,"28,062",100% bearish,of 2 ratings,$80
ASTE,$35.92,1440601827020,"9,500",100% bearish,of 1 rating,$48
ALOT,$13.2,1440601827045,"16,610",100% bearish,of 1 rating,N/A
ATRA,$39.37,1440601827179,"18,667",50% bullish,of 2 ratings,$68
ASUR,$5.46,1440601827219,900,50% bullish,of 2 ratings,$8
ASTC,$1.93,1440601827310,"13,864",100% bullish,of 5 ratings,N/A
ATAI,$2.35,1440601827349,"1,950",100% bearish,of 1 rating,N/A
ATHX,$1.07,1440601827494,"57,811",89% bullish,of 9 ratings,$5
ATHN,$128.45,1440601827527,"13,000",67% bearish,of 3 ratings,$153
AAME,NULL,1440601827552,0,Not yet rated,NULL,N/A
AAPC,NULL,1440601827629,0,Not yet rated,NULL,N/A
AFCB,$27.3,1440601827701,100,Not yet rated,NULL,N/A
ACFC,$5.71,1440601827770,"42,948",Not yet rated,NULL,$6.50
ATNI,$70.1,1440601827934,"10,357",100% bearish,of 1 rating,$69.50
AAWW,$39.22,1440601828002,"44,228",50% bullish,of 2 ratings,$65
ATLC,$3.7,1440601828064,"1,300",67% bullish,of 3 ratings,N/A
ATML,$7.535,1440601828090,"1,656,719",78% bullish,of 9 ratings,$9.50
AFH,$16.17,1440601828134,"16,873",Not yet rated,NULL,$21.50
ATOS,$0.7576,1440601828279,"37,609",100% bullish,of 7 ratings,$7
ATRI,$373,1440601828411,624,Not yet rated,NULL,N/A
ATRC,$24.88,1440601828486,"43,627",100% bullish,of 1 rating,$30
ATRM,NULL,1440601828616,0,50% bullish,of 2 ratings,N/A
ATTU,$12.9,1440601828642,"6,765",100% bearish,of 1 rating,$20.50
LIFE,$13.57,1440601828668,"5,715",86% bullish,of 7 ratings,$43
AUDC,$3.13,1440601828801,"7,823",80% bullish,of 5 ratings,$5
AUBN,$27.699,1440601828828,"1,596",Not yet rated,NULL,N/A
AUPH,$2.98,1440601828990,800,100% bearish,of 1 rating,$8
ABTL,$16.5213,1440601829070,"12,926",100% bullish,of 4 ratings,$20.25
EARS,$4.54,1440601829096,"2,314",100% bearish,of 2 ratings,$11.50
ADAT,$0.3785,1440601829118,"984,211",100% bullish,of 2 ratings,N/A
ADP,$75.55,1440601829152,"631,818",100% bearish,of 1 rating,$88
ADSK,$48.7699,1440601829251,"355,075",67% bullish,of 6 ratings,$69.50
AVGO,$112.45,1440601829279,"681,909",88% bullish,of 8 ratings,$165
AVNU,$12.1,1440601829305,"2,386",Not yet rated,NULL,$14
AAVL,$10.09,1440601829454,"49,479",100% bearish,of 1 rating,$20
AVEO,$1.24,1440601829481,"268,369",75% bullish,of 8 ratings,$3
AVNW,$1.1301,1440601829611,"5,200",50% bullish,of 2 ratings,$2.20
AVID,$7.95,1440601829755,"65,113",100% bearish,of 1 rating,$20
CAR,$40.3,1440601829783,"618,575",80% bullish,of 5 ratings,$60
AVGR,$14.295,1440601829831,"3,438",100% bearish,of 1 rating,$20
ACLS,$3.0489,1440601829963,"106,027",67% bullish,of 6 ratings,$4.75
AXPW,$1.03,1440601829993,"31,496",83% bullish,of 6 ratings,N/A
AWRE,$3.06,1440601830022,"2,578",67% bullish,of 3 ratings,N/A
AXPWW,$1.1,1440601830093,100,Not yet rated,NULL,N/A
AXGN,$3.75,1440601830154,"2,346",Not yet rated,NULL,$5
BCOM,$19.34,1440601830259,"2,010",100% bearish,of 1 rating,N/A
AXTI,$2.13,1440601830285,"29,215",50% bullish,of 2 ratings,$2.75
RILY,$9.99,1440601830416,"1,000",Not yet rated,NULL,N/A
BCPC,$55.575,1440601830565,"23,016",100% bearish,of 1 rating,$75
BEAV,$46.13,1440601830666,"198,558",67% bearish,of 3 ratings,$59
BOSC,$2.26,1440601830692,544,50% bullish,of 2 ratings,N/A
BIDU,$140.4575,1440601830751,"1,915,831",81% bullish,of 88 ratings,$210
BWINA,NULL,1440601830781,0,Not yet rated,NULL,N/A
BWINB,$22.74,1440601830821,"4,933",Not yet rated,NULL,N/A
BLDP,$1.16,1440601830893,"215,042",91% bullish,of 22 ratings,$2.50
BANF,$58.35,1440601831024,522,Not yet rated,NULL,$68
BOCH,$5.75,1440601831094,200,Not yet rated,NULL,$6.50
BKMU,$6.86,1440601831190,"5,974",Not yet rated,NULL,$8
BANFP,NULL,1440601831219,0,Not yet rated,NULL,N/A
BMRC,$47.75,1440601831250,800,Not yet rated,NULL,$52
BKSC,$15.5899,1440601831325,698,Not yet rated,NULL,N/A
OZRK,$40.27,1440601831385,"145,590",67% bullish,of 3 ratings,$49.50
BOTJ,NULL,1440601831415,0,Not yet rated,NULL,N/A
BFIN,$12.03,1440601831517,470,Not yet rated,NULL,$13
BWFG,$18,1440601831603,"1,300",100% bearish,of 1 rating,N/A
BHAC,NULL,1440601831963,0,Not yet rated,NULL,N/A
BANR,$42.79,1440601831990,"6,381",100% bullish,of 3 ratings,$50
BZUN,$4.55,1440601832015,"81,257",50% bullish,of 2 ratings,$11.50
BHACW,NULL,1440601832120,0,Not yet rated,NULL,N/A
BHACU,NULL,1440601832149,0,Not yet rated,NULL,N/A
BHACR,NULL,1440601832174,0,Not yet rated,NULL,N/A
TAPR,$32.29,1440601832252,"1,067",100% bearish,of 1 rating,N/A
BSET,$28.42,1440601832404,"6,544",100% bearish,of 1 rating,$35
BYBK,$4.9,1440601832429,275,100% bearish,of 1 rating,N/A
BCBP,NULL,1440601832602,0,Not yet rated,NULL,N/A
BBSI,$33.175,1440601832632,"31,163",67% bearish,of 3 ratings,$62.50
BYLK,$12.65,1440601832662,300,Not yet rated,NULL,$14
BV,$4.975,1440601832688,"73,138",67% bullish,of 6 ratings,$9
BBCN,$13.93,1440601832731,"52,807",100% bearish,of 1 rating,$16
BECN,$34.28,1440601832838,"65,563",50% bullish,of 2 ratings,$40
BDCV,$4.67,1440601832912,"26,178",100% bearish,of 1 rating,$10.19
BEBE,$1.69,1440601833117,"24,734",75% bullish,of 4 ratings,$3.075
BSF,$8.4,1440601833145,523,Not yet rated,NULL,N/A
BBGI,$4.08,1440601833226,100,100% bearish,of 1 rating,N/A
BELFB,$17.79,1440601833280,"4,666",100% bearish,of 1 rating,N/A
BELFA,$14.84,1440601833306,7,100% bearish,of 1 rating,N/A
BLPH,$5.57,1440601833361,"10,899",100% bearish,of 1 rating,$12.50
BBBY,$60.66,1440601833502,"414,731",71% bullish,of 7 ratings,$75
BLCM,$16.02,1440601833537,"21,503",50% bullish,of 4 ratings,$40
BNCL,$12.19,1440601833575,"56,934",100% bullish,of 3 ratings,$12.50
BNFT,$33.925,1440601833631,"39,508",67% bullish,of 3 ratings,$46
BGMD,$0.75,1440601833721,"1,450",100% bullish,of 10 ratings,N/A
BNTC,$7.99,1440601833748,"6,568",100% bullish,of 1 rating,N/A
BGFV,$10.42,1440601833955,"15,425",57% bullish,of 7 ratings,$12
BASI,$1.53,1440601834102,102,Not yet rated,NULL,N/A
BGCP,$8.36,1440601834129,"258,406",88% bullish,of 8 ratings,$14
BCDA,NULL,1440601834179,0,Not yet rated,NULL,N/A
BIND,$4.2439,1440601834209,"24,560",75% bullish,of 4 ratings,$13.50
BCRX,$10.72,1440601834265,"65,431",63% bullish,of 8 ratings,$18
ORPN,$5.31,1440601834290,"3,691",100% bullish,of 1 rating,$28.50
BIOC,$1.867,1440601834318,"116,341",83% bullish,of 6 ratings,$3.85
BDSI,$6.16,1440601834622,"268,852",88% bullish,of 8 ratings,$17
BLFS,$1.9706,1440601834651,215,100% bearish,of 1 rating,$4.75
BIIB,$287.73,1440601834672,"552,441",88% bullish,of 16 ratings,$400
BIOD,$0.645,1440601834709,"23,334",80% bullish,of 5 ratings,$4
BIOL,$1.37,1440601834730,"14,806",Not yet rated,NULL,N/A
BMRN,$122.12,1440601834814,"172,958",80% bullish,of 5 ratings,$160
BVXV,$3.43,1440601834874,"1,100",Not yet rated,NULL,N/A
BLRX,$1.31,1440601834907,"40,320",100% bullish,of 12 ratings,$5
BPTH,$1.05,1440601835011,"7,078",100% bullish,of 2 ratings,$5
BIOS,$2.23,1440601835188,"325,795",71% bullish,of 7 ratings,$4
BVXVW,NULL,1440601835215,0,100% bearish,of 1 rating,N/A
BRLI,NULL,1440601835239,0,NULL,NULL,NULL
BBC,$28.99,1440601835374,"2,438",Not yet rated,NULL,N/A
BSPM,$0.6628,1440601835481,"10,758",50% bullish,of 2 ratings,N/A
BOTA,$2.12,1440601835610,"21,232",88% bullish,of 8 ratings,N/A
TECH,$93.93,1440601835639,"17,506",100% bullish,of 1 rating,$117
BBP,$30.5,1440601835660,"4,461",Not yet rated,NULL,N/A
BITI,$17.06,1440601835681,"3,452",100% bullish,of 1 rating,$28
BSTC,$45.95,1440601835721,"10,249",100% bearish,of 1 rating,$76
BEAT,$14.07,1440601835815,"175,703",67% bearish,of 3 ratings,$15
BDMS,NULL,1440601835922,0,100% bearish,of 1 rating,N/A
BJRI,$42.985,1440601835956,"42,524",50% bullish,of 2 ratings,$55
BBOX,$14.86,1440601836092,"17,089",100% bearish,of 1 rating,N/A
BDE,$7.15,1440601836283,"12,342",50% bullish,of 2 ratings,$9
BLKB,$57.91,1440601836338,"18,828",100% bearish,of 2 ratings,$66
HAWK,$39.96,1440601836474,"123,503",91% bullish,of 11 ratings,$49
BBRY,$6.6699,1440601836502,"1,093,297",61% bullish,of 330 ratings,$9
ADRA,$26.41,1440601836536,765,100% bearish,of 1 rating,N/A
BKCC,$9.035,1440601836632,"93,456",100% bullish,of 2 ratings,$10
BLMN,$18.95,1440601836662,"184,712",83% bullish,of 6 ratings,$27.50
BCOR,$13.255,1440601836692,"28,852",57% bullish,of 7 ratings,$15
ADRU,$21.52,1440601836764,346,100% bearish,of 1 rating,N/A
ADRD,$21.56,1440601836791,"3,170",100% bearish,of 1 rating,N/A
ADRE,$28.482,1440601836924,"2,554",100% bearish,of 1 rating,N/A
BLBD,$11.75,1440601836951,"10,035",Not yet rated,NULL,N/A
BBLU,$0.82,1440601837032,"19,239",100% bullish,of 2 ratings,$4.43
BUFF,$25.905,1440601837096,"52,622",83% bullish,of 12 ratings,$31.50
BHBK,$13.76,1440601837137,"34,906",100% bullish,of 1 rating,$14.50
BLUE,$124.98,1440601837339,"131,767",71% bullish,of 7 ratings,$217.50
NILE,$32.3,1440601837369,"33,170",50% bullish,of 2 ratings,$34
BKEP,$5.77,1440601837473,"14,801",100% bearish,of 1 rating,$8.50
BKEPP,$7.0001,1440601837502,"33,877",100% bearish,of 1 rating,N/A
BPMC,$26.06,1440601837523,"14,092",50% bullish,of 2 ratings,$47.50
BNCN,$19.98,1440601837665,"13,235",Not yet rated,NULL,$24
WIFI,$7.32,1440601837693,"60,089",50% bullish,of 2 ratings,$13.50
BOFI,$118.63,1440601837764,"41,469",100% bullish,of 6 ratings,$144
BOJA,$20.5,1440601837836,"39,373",100% bullish,of 1 rating,$30
BOKF,$57.69,1440601837863,"54,140",100% bearish,of 1 rating,$69
BOBE,$42.74,1440601838027,"30,894",75% bullish,of 4 ratings,$57
BNSO,$1.26,1440601838055,60,100% bearish,of 1 rating,N/A
BONA,$11.38,1440601838131,"25,650",75% bullish,of 4 ratings,$8.50
BAMM,$3.2,1440601838229,"1,651",60% bullish,of 5 ratings,N/A
BPFH,$11.5,1440601838271,"93,443",100% bearish,of 1 rating,$14
BPFHP,NULL,1440601838323,0,100% bearish,of 1 rating,N/A
BPFHW,NULL,1440601838349,0,100% bearish,of 1 rating,N/A
BDBD,$8.015,1440601838518,"107,722",60% bullish,of 5 ratings,$10
EPAY,$24.74,1440601838624,"17,706",100% bearish,of 2 ratings,$30
BBRG,$11.97,1440601838660,"14,271",67% bullish,of 3 ratings,$14.50
BCLI,$2.83,1440601838686,"10,742",80% bullish,of 5 ratings,$12
BBEP,$2.46,1440601838718,"264,360",69% bullish,of 13 ratings,$5.625
BBEPP,$12.76,1440601838816,"3,705",100% bearish,of 1 rating,N/A
BDGE,$26.54,1440601838910,"3,502",Not yet rated,NULL,$31.75
BLIN,NULL,1440601839090,0,50% bullish,of 2 ratings,$2.20
BRID,NULL,1440601839124,0,100% bearish,of 1 rating,N/A
BRCM,$48.74,1440601839226,"832,033",75% bullish,of 12 ratings,$56
BCOV,$5.0001,1440601839252,"7,607",67% bullish,of 3 ratings,$10.20
BVSN,$5.7,1440601839278,503,60% bearish,of 5 ratings,N/A
BWEN,$3.19,1440601839450,"3,500",100% bullish,of 3 ratings,$8
BSFT,$29.46,1440601839514,"28,682",57% bullish,of 7 ratings,$40.50
BYFC,$1.32,1440601839593,600,50% bullish,of 2 ratings,N/A
BRCD,$10.18,1440601839648,"1,400,295",92% bullish,of 13 ratings,$11.50
BMTC,$28.14,1440601839675,"38,632",Not yet rated,NULL,$34
BRKS,$9.9101,1440601839699,"15,473",67% bullish,of 3 ratings,$15.25
BRKL,$10.34,1440601839737,"39,781",100% bearish,of 1 rating,$10.75
BRKR,$18.26,1440601839835,"41,788",100% bearish,of 2 ratings,$22
BLMT,$20.63,1440601839888,437,Not yet rated,NULL,N/A
BWLD,$187.65,1440601840111,"59,703",82% bullish,of 11 ratings,$205
BSQR,$5.86,1440601840142,"9,584",67% bullish,of 3 ratings,N/A
CFFI,NULL,1440601840246,0,100% bearish,of 1 rating,N/A
CHRW,$65.99,1440601840327,"315,438",Not yet rated,NULL,$72
CCMP,$42.23,1440601840359,"7,046",50% bullish,of 2 ratings,$59
BUR,$1.8,1440601840389,500,100% bearish,of 1 rating,$8
BLDR,$13.37,1440601840459,"242,446",50% bullish,of 2 ratings,$22
CA,$26.04,1440601840487,"691,794",50% bullish,of 4 ratings,$33
CDZI,$7.52,1440601840534,"5,958",100% bearish,of 1 rating,N/A
CDNS,$19.03,1440601840665,"360,772",75% bullish,of 4 ratings,$22.50
CACQ,$6.9,1440601840693,"4,117",100% bearish,of 1 rating,$12.25
CSTE,$39.24,1440601840830,"199,325",100% bearish,of 1 rating,$65
CZR,$8.51,1440601840855,"153,565",60% bearish,of 5 ratings,$10.50
CLBS,$1.29,1440601841011,"43,567",79% bullish,of 14 ratings,$4
PRSS,$4.35,1440601841036,500,80% bullish,of 5 ratings,$4.50
CHI,$10.289,1440601841187,"119,433",100% bearish,of 1 rating,N/A
CFGE,NULL,1440601841211,0,Not yet rated,NULL,N/A
CHY,$11.0001,1440601841249,"90,091",Not yet rated,NULL,N/A
CLMS,$10.21,1440601841278,"11,446",Not yet rated,NULL,$10.50
CCD,$18.6101,1440601841299,"139,892",Not yet rated,NULL,N/A
CHW,$7.3704,1440601841331,"70,177",100% bearish,of 1 rating,N/A
CGO,$11.76,1440601841599,"7,802",100% bearish,of 1 rating,N/A
CVGW,$56.65,1440601841672,"57,646",50% bullish,of 2 ratings,$58.50
CSQ,$9.5555,1440601841698,"134,199",Not yet rated,NULL,N/A
CAMP,$15.43,1440601841740,"84,868",88% bullish,of 8 ratings,$25
CALA,$4.64,1440601841828,"190,040",100% bullish,of 3 ratings,$19.50
CLMT,$24.8899,1440601841960,"77,747",75% bullish,of 8 ratings,$31
CALM,$47.4501,1440601841987,"179,445",80% bullish,of 5 ratings,$65
CALD,$15.125,1440601842043,"101,615",100% bearish,of 1 rating,$20.50
ABCD,$4.93,1440601842068,"16,676",83% bullish,of 6 ratings,N/A
CFNB,NULL,1440601842122,0,100% bearish,of 1 rating,N/A
CAMBU,NULL,1440601842230,0,100% bearish,of 1 rating,N/A
CAMBW,NULL,1440601842257,0,Not yet rated,NULL,N/A
CAMB,$10.05,1440601842335,200,Not yet rated,NULL,N/A
CAC,$39.94,1440601842402,924,Not yet rated,NULL,N/A
CAMT,$2.6125,1440601842428,"8,542",73% bullish,of 11 ratings,$4
CSIQ,$16.66,1440601842467,"1,003,842",86% bullish,of 28 ratings,$42.50
CBNJ,$10.8,1440601842942,"11,222",100% bullish,of 1 rating,N/A
CPLA,$47.33,1440601842972,"9,233",67% bearish,of 3 ratings,$65
CGIX,$8.9901,1440601842995,"10,017",67% bullish,of 3 ratings,$14.375
CPHC,NULL,1440601843029,0,100% bearish,of 1 rating,N/A
CBF,$28.11,1440601843075,"35,524",Not yet rated,NULL,$32
CPTA,$13.43,1440601843131,"24,537",100% bearish,of 1 rating,$18.50
CCBG,$14.795,1440601843169,"1,480",Not yet rated,NULL,$17.25
CSWC,$44.915,1440601843221,"5,504",Not yet rated,NULL,N/A
CPLP,$6.39,1440601843430,"203,113",71% bullish,of 7 ratings,$11
CAPN,$1.72,1440601843461,"10,540",100% bullish,of 1 rating,$10.85
CFFN,$11.685,1440601843490,"170,493",Not yet rated,NULL,$12.75
CAPNW,NULL,1440601843591,0,Not yet rated,NULL,N/A
CARA,$18.31,1440601843632,"84,339",50% bullish,of 4 ratings,$25
CAPR,$4.0957,1440601843666,"1,503",Not yet rated,NULL,$12
CPST,$0.3568,1440601843768,"212,699",95% bullish,of 22 ratings,$1.25
CARB,$11.015,1440601843795,"16,138",75% bullish,of 4 ratings,$12
CBYL,$5.22,1440601843873,"2,407",100% bearish,of 1 rating,$20
CRDC,$0.3797,1440601843950,"43,732",100% bullish,of 1 rating,$1.25
CRME,$8.53,1440601844021,"2,304",89% bullish,of 9 ratings,$11.25
CFNL,$21.3,1440601844050,"15,085",Not yet rated,NULL,$24
CSII,$22.99,1440601844180,"31,329",100% bearish,of 2 ratings,$42.125
CATM,$33.54,1440601844230,"21,654",100% bearish,of 1 rating,$44
CECO,$3.42,1440601844281,"57,903",67% bearish,of 3 ratings,$6
CDNA,$6.42,1440601844306,"1,900",100% bearish,of 1 rating,$9
CTRE,$11.47,1440601844455,"37,463",50% bullish,of 2 ratings,$13.50
CKEC,$21.89,1440601844485,"37,778",50% bullish,of 2 ratings,$35.915
CLBH,$12.53,1440601844507,"2,100",Not yet rated,NULL,$16.50
CART,$5.35,1440601844650,210,100% bearish,of 1 rating,N/A
CARO,$15.061,1440601844677,250,100% bearish,of 1 rating,$19
CRZO,$28.5599,1440601844724,"214,985",67% bearish,of 3 ratings,$55.50
TAST,$11.85,1440601844828,"34,019",Not yet rated,NULL,$14.25
CRTN,NULL,1440601844880,0,100% bearish,of 1 rating,N/A
CARV,$7.02,1440601845011,"11,106",50% bullish,of 2 ratings,N/A
CASM,$1.14,1440601845039,"4,400",100% bullish,of 1 rating,$3.50
CSCD,$15.12,1440601845074,"16,028",100% bullish,of 2 ratings,$17
CACB,$5.3,1440601845165,"10,056",Not yet rated,NULL,$5.50
CASI,$1.48,1440601845271,490,100% bullish,of 1 rating,$3.50
CASY,$102.36,1440601845326,"48,792",50% bullish,of 2 ratings,$99.50
CWST,$5.9699,1440601845415,"11,518",50% bullish,of 2 ratings,$7.25
CPRX,$3.41,1440601845458,"188,519",71% bullish,of 7 ratings,$7
CATB,$11.03,1440601845484,"8,655",100% bearish,of 1 rating,$28
CASS,$46.14,1440601845505,"2,092",100% bearish,of 1 rating,N/A
CATYW,NULL,1440601845636,0,100% bearish,of 1 rating,N/A
CATY,$28.16,1440601845727,"118,066",100% bearish,of 1 rating,$33.50
CAVM,$66.29,1440601845785,"142,516",67% bearish,of 3 ratings,$72
CNLM,NULL,1440601845913,0,Not yet rated,NULL,N/A
CBFV,$20.28,1440601845940,"3,175",Not yet rated,NULL,$25
CVCO,$69.79,1440601845966,"4,040",100% bearish,of 1 rating,N/A
CNLMR,NULL,1440601846118,0,Not yet rated,NULL,N/A
CNLMW,NULL,1440601846163,0,Not yet rated,NULL,N/A
CNLMU,NULL,1440601846214,0,100% bullish,of 1 rating,N/A
CBOE,$61.1175,1440601846266,"94,312",Not yet rated,NULL,$60
CDK,$46.324,1440601846311,"178,826",67% bearish,of 3 ratings,$50
CECE,$9.04,1440601846462,"24,765",50% bullish,of 2 ratings,$16
CDW,$38.47,1440601846483,"208,105",75% bullish,of 4 ratings,$44
CPXX,$2.05,1440601846528,"38,112",100% bullish,of 2 ratings,$7
CELG,$114.95,1440601846556,"1,013,721",92% bullish,of 13 ratings,$155.50
CELGZ,$1.64,1440601846648,"19,600",80% bullish,of 5 ratings,N/A
CLDX,$13.67,1440601846779,"390,356",89% bullish,of 9 ratings,$36
CLDN,$1.0449,1440601846817,"26,832",71% bullish,of 7 ratings,$3
CLRB,$3.0291,1440601846879,603,100% bearish,of 1 rating,N/A
CLLS,$29.889,1440601846920,"41,266",75% bullish,of 4 ratings,$51.50
CLRBW,NULL,1440601846950,0,Not yet rated,NULL,N/A
CBMG,$21.88,1440601847052,"29,603",50% bullish,of 2 ratings,N/A
CLSN,$1.85,1440601847079,"23,879",80% bullish,of 10 ratings,$7.50
CYAD,$50.77,1440601847347,"1,000",100% bullish,of 1 rating,$87.50
CEMP,$33.3127,1440601847419,"127,515",71% bullish,of 7 ratings,$52
CSFL,$13.6,1440601847449,"20,486",Not yet rated,NULL,$15
CETV,$1.97,1440601847479,"25,183",67% bullish,of 3 ratings,$2.80
CLTX,$2.51,1440601847505,"96,956",100% bullish,of 2 ratings,N/A
CETX,$2.29,1440601847551,100,Not yet rated,NULL,$5.60
CFBK,NULL,1440601847575,0,Not yet rated,NULL,N/A
CENTA,$12.44,1440601847778,"20,547",Not yet rated,NULL,N/A
CENX,$4.3078,1440601847869,"699,769",67% bullish,of 6 ratings,$9
CNBKA,$41.98,1440601847907,782,50% bullish,of 2 ratings,N/A
CVCY,$11.2,1440601847935,100,Not yet rated,NULL,$12
CENT,$11.72,1440601847955,"8,268",Not yet rated,NULL,$10
CNTY,$5.83,1440601847991,"5,524",80% bullish,of 5 ratings,$7.75
CPHD,$47.01,1440601848090,"102,571",67% bearish,of 3 ratings,$66.50
CRNT,$1.33,1440601848152,"16,502",50% bullish,of 2 ratings,$2
CERU,$3.32,1440601848307,"8,363",75% bullish,of 4 ratings,$15
CERN,$60.3,1440601848383,"358,587",67% bullish,of 3 ratings,$79
CERS,$4.62,1440601848412,"94,393",75% bullish,of 4 ratings,$7
CERE,$1.14,1440601848446,"60,748",88% bullish,of 8 ratings,N/A
KOOL,$0.63,1440601848485,"27,771",100% bullish,of 5 ratings,$7
HOTR,$1.41,1440601848619,"38,058",100% bullish,of 2 ratings,$5
CYOU,$19.88,1440601848651,"44,891",50% bullish,of 6 ratings,$24
CEVA,$17.34,1440601848749,"8,961",100% bearish,of 1 rating,$25
HOTRW,NULL,1440601848776,0,Not yet rated,NULL,N/A
CTHR,$1.3,1440601848835,"1,152",50% bullish,of 2 ratings,$2.50
GTLS,$21.8601,1440601848908,"56,771",50% bullish,of 4 ratings,$40
CHTR,$173.245,1440601848933,"154,967",100% bearish,of 2 ratings,$196
CHFN,$12.11,1440601848964,"1,998",Not yet rated,NULL,$14
CHKP,$78.35,1440601849099,"308,459",50% bullish,of 4 ratings,$92
CHEKW,NULL,1440601849243,0,Not yet rated,NULL,N/A
CHEK,NULL,1440601849268,0,Not yet rated,NULL,$7.75
CHFC,$30.66,1440601849409,"5,211",100% bearish,of 1 rating,$36
CHMG,$26.6999,1440601849436,"1,000",Not yet rated,NULL,$30
CEMI,$3.78,1440601849463,"14,400",50% bullish,of 2 ratings,$7.50
CCXI,$6.7,1440601849504,"12,468",67% bullish,of 3 ratings,$14
CHKE,$25.615,1440601849597,"9,348",100% bearish,of 1 rating,$32.50
CMRX,$47.89,1440601849623,"42,454",50% bullish,of 2 ratings,$57
CHEV,$14.4,1440601849757,350,Not yet rated,NULL,N/A
CHMA,$24.1,1440601849792,"10,647",Not yet rated,NULL,$40
CADC,NULL,1440601849892,0,78% bullish,of 9 ratings,N/A
PLCE,$58.96,1440601849922,"124,681",100% bearish,of 1 rating,$71
CBNK,$16.48,1440601849943,636,100% bearish,of 1 rating,N/A
CALI,$0.945,1440601850079,"1,010",67% bullish,of 3 ratings,N/A
CAAS,$5.7868,1440601850107,"8,565",93% bullish,of 14 ratings,$11.50
CBAK,$1.7601,1440601850183,"30,664",67% bullish,of 9 ratings,N/A
CBPO,$93.15,1440601850411,"58,686",75% bullish,of 8 ratings,$140.50
CHOP,$1.32,1440601850471,"10,750",50% bullish,of 2 ratings,N/A
CCCL,$0.74,1440601850502,100,100% bullish,of 6 ratings,N/A
JRJC,$2.99,1440601850550,"59,999",82% bullish,of 11 ratings,N/A
HGSH,$1.67,1440601850602,"1,200",67% bullish,of 3 ratings,N/A
CCCR,NULL,1440601850692,0,67% bearish,of 3 ratings,N/A
CJJD,$1.6406,1440601850722,"18,610",100% bullish,of 1 rating,N/A
CHLN,$2,1440601850748,"2,152",67% bullish,of 3 ratings,N/A
CNIT,$1.37,1440601850885,"27,040",67% bullish,of 6 ratings,N/A
HTHT,$24.07,1440601850913,"52,590",50% bullish,of 2 ratings,$28.40
CREG,$0.6799,1440601851085,"5,480",100% bullish,of 3 ratings,N/A
CHNR,$1.67,1440601851111,"2,010",100% bearish,of 1 rating,N/A
CPGI,$6.91,1440601851194,200,Not yet rated,NULL,N/A
CSUN,$1.3997,1440601851295,"14,500",80% bullish,of 5 ratings,N/A
CXDC,$5.7,1440601851321,"10,308",67% bullish,of 3 ratings,N/A
CNET,$0.779,1440601851367,"9,820",50% bullish,of 2 ratings,N/A
CNYD,$2.96,1440601851393,"2,316",67% bullish,of 3 ratings,N/A
CNTF,$0.762,1440601851451,"3,266",Not yet rated,NULL,N/A
CCIH,$6.37,1440601851526,"49,385",67% bullish,of 6 ratings,$12.65
IMOS,$16.33,1440601851598,"67,263",60% bullish,of 5 ratings,$21.50
CHSCL,$27.03,1440601851695,"12,592",Not yet rated,NULL,N/A
CHSCN,$26.55,1440601851731,203,Not yet rated,NULL,N/A
CHSCO,$28.08,1440601851824,"6,349",Not yet rated,NULL,N/A
CHSCM,$25.793,1440601851860,"5,682",Not yet rated,NULL,N/A
CHSCP,$30.25,1440601851955,563,Not yet rated,NULL,N/A
CDTX,$13.99,1440601852128,"5,550",Not yet rated,NULL,$22
CMCT,$15,1440601852181,620,100% bearish,of 1 rating,N/A
CIFC,$6.95,1440601852229,"1,002",100% bearish,of 1 rating,N/A
CHDN,$132.0899,1440601852263,"5,726",Not yet rated,NULL,$165
CHUY,$30.3,1440601852296,"26,264",50% bullish,of 2 ratings,$34
CMPR,$66.39,1440601852322,"30,398",50% bullish,of 2 ratings,$72.50
CINF,$51.27,1440601852364,"101,260",50% bullish,of 4 ratings,$50.50
CIDM,$0.5955,1440601852392,"30,211",50% bullish,of 2 ratings,$2.10
CPHR,$5.9405,1440601852643,"7,689",100% bearish,of 1 rating,$17
CRUS,$27.82,1440601852674,"162,098",75% bullish,of 12 ratings,$44.50
CSCO,$24.95,1440601852708,"10,582,505",84% bullish,of 208 ratings,$32
CTAS,$82.44,1440601852733,"90,451",100% bearish,of 1 rating,$91
CTRN,$27.1299,1440601852774,"22,558",100% bearish,of 1 rating,$31.50
CZWI,$8.99,1440601852902,400,Not yet rated,NULL,N/A
CHCO,$46.2572,1440601853127,"5,704",Not yet rated,NULL,$46
CTXS,$67.035,1440601853158,"259,736",86% bullish,of 7 ratings,$80
CZNC,$19.5001,1440601853191,"1,604",Not yet rated,NULL,N/A
CIVB,$10.05,1440601853221,"2,900",Not yet rated,NULL,$11
CZFC,NULL,1440601853251,0,Not yet rated,NULL,N/A
CDTI,$1.5,1440601853286,"9,195",75% bullish,of 4 ratings,$3.20
CIZN,$19.33,1440601853314,902,Not yet rated,NULL,N/A
CIVBP,NULL,1440601853351,0,Not yet rated,NULL,N/A
CLNT,$1.38,1440601853626,"5,562",75% bullish,of 8 ratings,N/A
CLFD,$16.5,1440601853675,"9,876",67% bullish,of 3 ratings,$18
CLRO,$11.425,1440601853700,"35,129",50% bullish,of 2 ratings,$14.25
CLNE,$4.1399,1440601853730,"266,642",80% bullish,of 15 ratings,$9
CLIR,$4.3245,1440601853834,"11,227",100% bullish,of 3 ratings,N/A
CBLI,$3.68,1440601853970,"22,081",60% bullish,of 5 ratings,N/A
CLVS,$68.518,1440601854023,"122,624",60% bullish,of 5 ratings,$101.50
CSBK,$13.71,1440601854053,"15,690",Not yet rated,NULL,N/A
CMFN,$11.0418,1440601854110,"9,069",100% bearish,of 1 rating,$15.50
CCNE,$16.76,1440601854136,"1,836",50% bullish,of 2 ratings,$21.50
CISG,$7.21,1440601854172,"40,604",100% bullish,of 5 ratings,$10
CME,$90.45,1440601854200,"269,703",67% bullish,of 3 ratings,$102
CNV,$4.4,1440601854268,"4,287",50% bullish,of 2 ratings,$7.15
CWAY,$11.211,1440601854546,678,Not yet rated,NULL,N/A
COBZ,$12.62,1440601854612,"13,250",100% bullish,of 1 rating,$14
COKE,$160.14,1440601854693,"3,595",79% bullish,of 19 ratings,N/A
CVLY,$20.25,1440601854719,100,Not yet rated,NULL,N/A
CDXS,$3.39,1440601854753,"10,063",64% bullish,of 11 ratings,$6
JVA,$4.4224,1440601854798,"3,748",83% bullish,of 6 ratings,$7
CGNX,$33.505,1440601854851,"201,360",50% bullish,of 2 ratings,$47
CDRB,$12.25,1440601854878,"3,908",67% bullish,of 3 ratings,N/A
CTSH,$60.55,1440601855099,"728,736",90% bullish,of 10 ratings,$75
CGNT,$1.46,1440601855152,"8,687",100% bullish,of 2 ratings,$2
COHR,$56,1440601855232,"22,305",50% bullish,of 2 ratings,$72
CCOI,$27.169,1440601855264,"59,435",50% bullish,of 4 ratings,$35
CLRX,$0.5127,1440601855286,"17,105",50% bullish,of 2 ratings,N/A
COHU,$9.35,1440601855307,"25,656",100% bearish,of 1 rating,$14.25
CHRS,$27.13,1440601855328,"71,947",67% bearish,of 3 ratings,$37
CLCT,$18.04,1440601855610,"3,126",100% bearish,of 1 rating,N/A
CIGI,$41.39,1440601855699,"1,204",100% bearish,of 1 rating,$52
CLCD,$6.4101,1440601855726,"19,434",100% bearish,of 1 rating,$20.50
CBAN,NULL,1440601855746,0,Not yet rated,NULL,N/A
COLL,$14.455,1440601855781,"4,450",100% bearish,of 1 rating,$26
COLB,$29.02,1440601855876,"16,166",Not yet rated,NULL,$36
COLM,$59.7901,1440601855945,"16,026",100% bearish,of 1 rating,$71
CBMX,$1.1,1440601855971,"15,854",83% bullish,of 6 ratings,$3.15
CMCO,$17.87,1440601856018,"16,722",60% bullish,of 5 ratings,$28
CMCSA,$54.45,1440601856118,"2,581,594",66% bullish,of 35 ratings,$69.50
CBSHP,$25.18,1440601856146,15,100% bearish,of 1 rating,N/A
CBSH,$42.77,1440601856176,"68,103",50% bullish,of 2 ratings,$46
CMCSK,$55.34,1440601856210,"604,546",Not yet rated,NULL,$84
CVGI,$4.54,1440601856323,"39,470",50% bullish,of 2 ratings,$6
COMM,$28.61,1440601856350,"142,989",67% bearish,of 3 ratings,$35
CUBN,$13.55,1440601856375,300,Not yet rated,NULL,N/A
CWBC,NULL,1440601856768,0,Not yet rated,NULL,N/A
JCS,$8.65,1440601856804,"1,554",67% bullish,of 3 ratings,N/A
ESXB,$5.1,1440601856834,20,Not yet rated,NULL,N/A
CSAL,$20.04,1440601856869,"114,701",75% bullish,of 4 ratings,$30
CYHHZ,$0.01,1440601856935,"20,398",100% bullish,of 1 rating,N/A
COB,$10.36,1440601856961,"1,106",100% bullish,of 1 rating,$11.75
CTBI,$34.06,1440601856986,"6,151",Not yet rated,NULL,$36
CID,$33.02,1440601857277,700,Not yet rated,NULL,N/A
CIZ,$32.7588,1440601857358,586,100% bearish,of 1 rating,N/A
CVLT,$34.28,1440601857407,"90,753",75% bullish,of 4 ratings,$44.50
CIL,NULL,1440601857434,0,Not yet rated,NULL,N/A
CFO,$34.31,1440601857488,"4,370",100% bearish,of 1 rating,N/A
CSA,$31.8999,1440601857516,150,Not yet rated,NULL,N/A
CDC,$33.4937,1440601857537,"2,249",Not yet rated,NULL,N/A
CSF,$35.479,1440601857570,"1,049",100% bearish,of 1 rating,N/A
CSB,$32.44,1440601857883,1,Not yet rated,NULL,N/A
CFA,$34.3199,1440601857968,"1,298",100% bearish,of 1 rating,N/A
CPSI,$44.72,1440601858016,"14,306",100% bearish,of 1 rating,$45.50
CDL,NULL,1440601858046,0,Not yet rated,NULL,N/A
CTG,$6.42,1440601858067,"4,380",100% bearish,of 1 rating,$8.50
CGEN,$4.86,1440601858150,"15,791",50% bullish,of 2 ratings,$11
SCOR,$53.23,1440601858196,"69,236",100% bearish,of 1 rating,$66
CMTL,$25.26,1440601858328,"12,106",100% bearish,of 2 ratings,$37
CHCI,$0.71,1440601858358,"37,261",50% bullish,of 2 ratings,N/A
CCUR,$4.8,1440601858493,"25,456",75% bullish,of 4 ratings,N/A
CNSI,$18.56,1440601858515,"50,765",100% bearish,of 2 ratings,$29
CNAT,$3.54,1440601858561,"25,623",83% bullish,of 6 ratings,$13
CNCE,$15.045,1440601858589,"30,217",75% bullish,of 4 ratings,$22
CDOR,$1.26,1440601858659,400,100% bullish,of 1 rating,N/A
CXRX,$67.57,1440601858686,845,100% bearish,of 1 rating,$90
CDORO,NULL,1440601858734,0,100% bearish,of 1 rating,N/A
CFMS,$19.43,1440601859000,"47,706",Not yet rated,NULL,$27
CTWS,$34.28,1440601859133,"2,796",100% bearish,of 1 rating,$44
CNMD,$53.15,1440601859164,"21,787",Not yet rated,NULL,$59
CNFR,$10.47,1440601859197,"3,696",Not yet rated,NULL,N/A
CNXR,$6.535,1440601859219,"10,582",100% bearish,of 1 rating,$12
CDORP,$6.37,1440601859264,"1,210",100% bearish,of 1 rating,N/A
CONN,$29.25,1440601859292,"65,581",67% bullish,of 3 ratings,$48.50
CNOB,$18.89,1440601859360,"7,377",100% bullish,of 1 rating,$23.50
CNSL,$19,1440601859386,"22,840",100% bearish,of 1 rating,$23
CTCT,$23.74,1440601859540,"46,296",67% bullish,of 3 ratings,$37
CWCO,$10.04,1440601859575,"21,789",67% bullish,of 3 ratings,$14.50
CPSS,$5.5001,1440601859638,"8,125",100% bullish,of 1 rating,$10
CFRXZ,NULL,1440601859682,0,Not yet rated,NULL,N/A
CFRX,$4.89,1440601859816,"10,500",Not yet rated,NULL,$14
CFRXW,$1.64,1440601859844,100,100% bearish,of 1 rating,N/A
CTRV,$3.78,1440601859923,"4,000",Not yet rated,NULL,$6.40
CTRL,$7.67,1440601860086,"22,746",50% bullish,of 2 ratings,$11
CPRT,$33.49,1440601860151,"49,315",67% bearish,of 3 ratings,$40
CORT,$4.41,1440601860181,"161,074",67% bullish,of 3 ratings,$12
CRBP,$1.89,1440601860279,"97,962",100% bullish,of 2 ratings,$6.25
CORE,$59.655,1440601860309,"16,513",100% bearish,of 1 rating,$72
CSOD,$34.71,1440601860360,"103,323",50% bullish,of 2 ratings,$42
BVA,NULL,1440601860380,0,50% bullish,of 2 ratings,N/A
CORI,$10.13,1440601860412,"16,612",100% bearish,of 1 rating,$18
COSI,$0.99,1440601860689,"81,582",100% bullish,of 1 rating,N/A
CSGP,$169.41,1440601860715,"36,356",50% bullish,of 2 ratings,$235
CRVL,$30.45,1440601860741,"1,600",100% bearish,of 1 rating,N/A
CPAH,NULL,1440601860767,0,50% bullish,of 2 ratings,N/A
COST,$134.54,1440601860796,"371,466",79% bullish,of 24 ratings,$154.50
ICBK,$18.21,1440601860896,200,Not yet rated,NULL,$21
COWN,$4.95,1440601861075,"296,460",75% bullish,of 4 ratings,$7
CVTI,$22.25,1440601861104,"20,715",67% bearish,of 3 ratings,$39
COVS,$2.52,1440601861137,"26,098",67% bullish,of 3 ratings,N/A
COWNL,$26.62,1440601861237,"3,100",Not yet rated,NULL,N/A
CBRL,$140.38,1440601861273,"49,202",50% bullish,of 2 ratings,$155
CRAI,$21.55,1440601861368,"2,611",100% bearish,of 1 rating,$36
CPSH,$2.25,1440601861398,"12,280",Not yet rated,NULL,N/A
BREW,$7.35,1440601861424,"8,830",67% bullish,of 6 ratings,$15
CRAY,$19.81,1440601861554,"40,549",83% bullish,of 6 ratings,$38.50
CACC,$195.76,1440601861582,"25,152",50% bullish,of 2 ratings,$158.50
GLDI,$10.9001,1440601861845,"3,552",100% bearish,of 1 rating,N/A
CREE,$25.63,1440601861946,"206,512",65% bullish,of 17 ratings,$29.50
CRTO,$41.33,1440601861980,"53,860",67% bullish,of 6 ratings,$64
CRESY,$9.54,1440601862010,"5,916",100% bearish,of 1 rating,$19
CROX,$13.6,1440601862050,"222,514",63% bullish,of 8 ratings,$16.50
SLVO,$9.66,1440601862112,"49,090",100% bearish,of 1 rating,N/A
CRWS,$7.94,1440601862194,"2,600",Not yet rated,NULL,$10
CCRN,$13.43,1440601862421,"19,092",100% bearish,of 1 rating,$14.25
CRDS,$1.0264,1440601862449,700,50% bullish,of 4 ratings,$4.50
CRWN,$4.4999,1440601862489,"23,432",75% bullish,of 4 ratings,N/A
CYRX,$2.85,1440601862514,"3,995",Not yet rated,NULL,$9
CYRXW,$0.8501,1440601862586,500,Not yet rated,NULL,N/A
CSGS,$30.02,1440601862611,"33,018",Not yet rated,NULL,$40
CCLP,$13.09,1440601862643,"19,287",67% bearish,of 3 ratings,$20
CTCM,$1.7,1440601862938,"40,983",80% bearish,of 5 ratings,$3.90
CSPI,$5.8,1440601862964,850,67% bullish,of 3 ratings,N/A
CTIC,$1.625,1440601863043,"336,955",84% bullish,of 76 ratings,$5.75
CTIB,NULL,1440601863095,0,100% bearish,of 1 rating,N/A
CTRP,$64.03,1440601863125,"464,055",75% bullish,of 8 ratings,$92
CUI,$4.92,1440601863154,"7,500",50% bullish,of 2 ratings,$10
CPIX,$6.07,1440601863180,"46,916",Not yet rated,NULL,N/A
CUNB,$21.19,1440601863224,"2,862",Not yet rated,NULL,$24.50
CMLS,$1.325,1440601863438,"87,707",50% bullish,of 4 ratings,$6
CVBF,$15.44,1440601863618,"41,077",Not yet rated,NULL,$18
CVV,$10.71,1440601863645,"5,018",100% bullish,of 5 ratings,N/A
CRIS,$2.39,1440601863674,"107,537",100% bullish,of 8 ratings,$6
CUTR,$14.36,1440601863703,"9,220",67% bearish,of 3 ratings,$18
CYAN,$7,1440601863809,570,100% bearish,of 1 rating,N/A
CYBX,$65.7899,1440601863952,"54,113",50% bullish,of 4 ratings,$71.50
CYBR,$46.7,1440601863990,"342,243",86% bullish,of 7 ratings,$66
CYCC,$0.51,1440601864015,"38,529",73% bullish,of 11 ratings,N/A
CBAY,$2.55,1440601864044,"29,997",100% bullish,of 1 rating,$4
CYBE,$5.86,1440601864177,935,100% bearish,of 1 rating,N/A
CYCCP,NULL,1440601864206,0,100% bearish,of 1 rating,N/A
CYNO,$31.7,1440601864257,"15,232",67% bearish,of 3 ratings,$45.50
CYNA,$16.08,1440601864309,"4,092",100% bullish,of 1 rating,$31.50
CY,$9.02,1440601864406,"1,397,471",80% bullish,of 10 ratings,$15.50
CYRN,$1.65,1440601864542,"7,050",67% bullish,of 3 ratings,$4
CONE,$30.85,1440601864668,"61,659",67% bearish,of 3 ratings,$35
CTSO,$6.4,1440601864771,"6,167",Not yet rated,NULL,$15.625
TVIZ,$18.2,1440601864796,820,100% bearish,of 1 rating,N/A
CYTK,$6.5,1440601864822,"45,044",71% bullish,of 14 ratings,$13.50
CYTX,$0.34,1440601864855,"437,064",83% bullish,of 12 ratings,$5.50
TVIX,$13.8721,1440601864952,"8,438,518",81% bullish,of 16 ratings,N/A
DAEG,$0.36,1440601864978,296,100% bearish,of 1 rating,N/A
ZIV,$40.62,1440601865003,"36,288",Not yet rated,NULL,N/A
DJCO,$197,1440601865649,201,Not yet rated,NULL,N/A
DAKT,$8.4292,1440601865730,"192,775",50% bullish,of 2 ratings,$14
CYTR,$2.03,1440601865762,"154,784",67% bullish,of 6 ratings,$10
DARA,$0.84,1440601865784,"38,708",83% bullish,of 6 ratings,$1.50
XIV,$26.808,1440601865815,"7,631,891",75% bearish,of 4 ratings,N/A
DAIO,NULL,1440601865861,0,Not yet rated,NULL,N/A
DTLK,$5.42,1440601866068,"21,562",100% bearish,of 1 rating,$9
DTEA,$12.93,1440601866198,"11,682",100% bearish,of 2 ratings,$24
DRAM,$1.1,1440601866226,"16,050",78% bullish,of 9 ratings,N/A
PLAY,$32.55,1440601866247,"66,330",100% bullish,of 5 ratings,$42
DWCH,$4.86,1440601866268,"8,604",75% bullish,of 4 ratings,$8.25
TRAK,$62.81,1440601866417,"121,259",50% bullish,of 2 ratings,$62.50
DBVT,$38.12,1440601866446,"15,278",100% bearish,of 1 rating,$53
DWSN,$4.275,1440601866472,"4,406",67% bullish,of 3 ratings,N/A
DFRG,$14.11,1440601866633,"51,880",100% bearish,of 1 rating,$20
DHRM,NULL,1440601866661,0,Not yet rated,NULL,N/A
TACO,$12.89,1440601866686,"67,847",75% bullish,of 4 ratings,$20
TACOW,$4.01,1440601866930,"10,300",100% bullish,of 1 rating,N/A
DGAS,$20.19,1440601866974,"8,733",67% bearish,of 3 ratings,N/A
DELT,NULL,1440601866999,0,Not yet rated,NULL,N/A
DENN,$11.2199,1440601867130,"50,210",100% bullish,of 3 ratings,$15
DELTW,NULL,1440601867158,0,Not yet rated,NULL,N/A
XRAY,$51.39,1440601867191,"59,905",100% bullish,of 1 rating,$58
DCTH,$0.42,1440601867218,"44,397",78% bullish,of 9 ratings,N/A
DEPO,$27.66,1440601867377,"59,154",60% bullish,of 5 ratings,$29
DSCI,$5.7688,1440601867405,"14,786",50% bullish,of 2 ratings,$16
DERM,$24.315,1440601867433,"39,826",100% bearish,of 1 rating,$33.50
DXLG,$4.47,1440601867641,"50,273",100% bearish,of 1 rating,$8
DSWL,$1.7101,1440601867712,"43,470",100% bullish,of 1 rating,N/A
DEST,$11.22,1440601867775,"25,160",50% bullish,of 2 ratings,N/A
DXM,$0.3195,1440601867800,"30,725",50% bullish,of 2 ratings,N/A
DXCM,$89.76,1440601867862,"116,744",57% bullish,of 7 ratings,$98
DHXM,NULL,1440601867966,0,Not yet rated,NULL,N/A
DMND,$27.72,1440601868026,"26,219",75% bullish,of 12 ratings,$32
DHIL,$189.87,1440601868075,652,Not yet rated,NULL,N/A
FANG,$61.39,1440601868103,"92,492",50% bullish,of 2 ratings,$86.50
DCIX,$1.6001,1440601868248,"23,013",50% bullish,of 4 ratings,$3.50
DMRC,$33.56,1440601868276,"33,924",100% bearish,of 1 rating,$44
DRNA,$10.1,1440601868492,"5,851",67% bearish,of 3 ratings,$25
DGII,$9.41,1440601868585,"7,431",100% bearish,of 1 rating,$10
DGLY,$7.9558,1440601868673,"278,331",50% bullish,of 6 ratings,$20
APPS,$2.25,1440601868705,"19,050",100% bearish,of 1 rating,$10.25
DCOM,$16.32,1440601868726,"32,949",100% bearish,of 2 ratings,$16.50
DRAD,$3.7339,1440601868802,"1,800",100% bullish,of 1 rating,$5.25
DPRX,$12.35,1440601868875,"1,302",100% bullish,of 2 ratings,$27.75
DIOD,$19.05,1440601869019,"15,520",75% bearish,of 4 ratings,$24
DISCA,$26.12,1440601869048,"458,122",67% bullish,of 3 ratings,$34
DISCB,$25.45,1440601869126,12,100% bearish,of 1 rating,$35
DISCK,$24.55,1440601869183,"269,911",100% bearish,of 1 rating,$32
DSCO,$0.3626,1440601869215,"50,492",83% bullish,of 6 ratings,$2.75
DISH,$58.03,1440601869314,"234,329",69% bullish,of 13 ratings,$73
DVCR,NULL,1440601869403,0,100% bullish,of 1 rating,N/A
BAGR,$2.71,1440601869544,"18,186",100% bearish,of 1 rating,$6
DLTR,$74.41,1440601869683,"318,160",82% bullish,of 11 ratings,$88
DLHC,$2.5,1440601869739,"1,021",100% bearish,of 1 rating,N/A
DNBF,NULL,1440601869767,0,Not yet rated,NULL,$27.50
DGICA,$14,1440601869797,"4,015",100% bearish,of 1 rating,$17
DMLP,$13.61,1440601869901,"12,471",100% bearish,of 1 rating,N/A
DGICB,NULL,1440601869928,0,100% bearish,of 1 rating,N/A
DRWIW,$0.046,1440601870112,"1,400",Not yet rated,NULL,N/A
HILL,$9.67,1440601870145,"234,916",60% bearish,of 5 ratings,$9.75
DORM,$49.865,1440601870199,"49,548",100% bearish,of 1 rating,$56
DRWI,$0.23,1440601870242,"54,900",60% bullish,of 5 ratings,$.45
DWA,$19.585,1440601870273,"160,400",63% bullish,of 8 ratings,$26
DRYS,$0.3532,1440601870298,"746,767",77% bullish,of 31 ratings,$.60
DSKX,$2.88,1440601870339,"37,220",100% bullish,of 1 rating,N/A
DSPG,$8.36,1440601870593,"7,725",100% bearish,of 1 rating,$13.50
CADTR,NULL,1440601870700,0,Not yet rated,NULL,N/A
CADTU,NULL,1440601870741,0,Not yet rated,NULL,N/A
CADT,NULL,1440601870767,0,Not yet rated,NULL,N/A
CADTW,NULL,1440601870833,0,Not yet rated,NULL,N/A
DTSI,$25.915,1440601870939,"17,049",100% bearish,of 2 ratings,$39.50
DNKN,$50.142,1440601870981,"200,454",67% bullish,of 15 ratings,$56.50
DXPE,$26.99,1440601871083,"19,535",50% bullish,of 2 ratings,N/A
BOOM,$8.88,1440601871213,"40,780",67% bullish,of 3 ratings,$12
DYSL,$1.4301,1440601871258,"18,300",100% bullish,of 2 ratings,N/A
DRRX,$1.98,1440601871294,"129,734",50% bullish,of 6 ratings,$3
DYAX,$21.81,1440601871358,"89,664",89% bullish,of 9 ratings,$30
DYNT,$2.95,1440601871388,"3,348",75% bullish,of 4 ratings,N/A
DVAX,$25.5378,1440601871419,"38,763",70% bullish,of 10 ratings,$40
ETFC,$24.45,1440601871526,"664,706",57% bullish,of 14 ratings,$33
EBMT,$11.09,1440601871599,745,Not yet rated,NULL,$13.50
EGBN,$41.01,1440601871742,"10,867",Not yet rated,NULL,$48
EGLE,$6.33,1440601871814,"2,800",60% bullish,of 5 ratings,N/A
ELNK,$8.07,1440601871949,"123,992",60% bullish,of 5 ratings,$9.50
EROC,$1.205,1440601871980,"101,942",50% bullish,of 2 ratings,$3
EGRX,$72.96,1440601872008,"110,960",67% bullish,of 3 ratings,$97
EWBC,$37.4,1440601872086,"445,710",100% bearish,of 1 rating,$50
EACQU,$10.2,1440601872148,"1,000",Not yet rated,NULL,N/A
EBAY,$25.63,1440601872186,"1,996,754",81% bullish,of 117 ratings,$48
EVBS,$6.42,1440601872214,"1,418",Not yet rated,NULL,$7
EML,$16.78,1440601872252,"3,557",Not yet rated,NULL,N/A
EBIX,$26.2,1440601872428,"49,387",69% bullish,of 13 ratings,$40
ELON,$0.5301,1440601872461,"39,250",50% bullish,of 2 ratings,N/A
ECTE,$1.399,1440601872558,"3,100",75% bullish,of 4 ratings,N/A
ECHO,$22.8406,1440601872644,"60,296",67% bearish,of 3 ratings,$35.50
SATS,$42.57,1440601872717,"20,551",50% bullish,of 2 ratings,$60
EEI,$10.99,1440601872775,402,67% bearish,of 3 ratings,N/A
ECACU,$10.06,1440601872930,"4,100",Not yet rated,NULL,N/A
ESES,$3.0501,1440601872960,286,100% bearish,of 1 rating,$7
EDGW,$6.77,1440601872987,"1,102",100% bearish,of 1 rating,N/A
EDAP,$3.4601,1440601873018,"51,442",60% bullish,of 5 ratings,$4.50
EDUC,$4.97,1440601873114,933,100% bearish,of 1 rating,N/A
EFUT,$4.06,1440601873145,100,Not yet rated,NULL,N/A
EHTH,$13.21,1440601873309,"7,811",50% bullish,of 4 ratings,$16.50
EGLT,$10.8,1440601873358,"14,944",50% bullish,of 2 ratings,$21
LOCO,$11.7,1440601873455,"201,962",69% bullish,of 13 ratings,$20
EGAN,$3.25,1440601873527,"14,443",50% bullish,of 2 ratings,$6.25
ESLT,$74.6686,1440601873553,"12,414",67% bullish,of 3 ratings,N/A
ERI,$9.38,1440601873713,"24,883",100% bearish,of 1 rating,$10
EMITF,$1.24,1440601873744,"1,800",75% bullish,of 4 ratings,N/A
ELRC,$10.36,1440601873770,"10,266",100% bearish,of 1 rating,N/A
ESIO,$4.29,1440601873844,"19,203",50% bullish,of 2 ratings,$10
EFII,$42.85,1440601873974,"39,111",80% bullish,of 5 ratings,$55
EA,$64.74,1440601874008,"963,349",77% bullish,of 35 ratings,$80
ELSE,$3.85,1440601874061,206,60% bullish,of 5 ratings,N/A
ELEC,NULL,1440601874136,0,Not yet rated,NULL,N/A
ELECU,NULL,1440601874233,0,Not yet rated,NULL,N/A
EBIO,$3.235,1440601874262,"157,355",100% bearish,of 2 ratings,$8.35
ELECW,NULL,1440601874287,0,Not yet rated,NULL,N/A
RDEN,$10.14,1440601874560,"20,287",100% bearish,of 4 ratings,$15
CAPX,NULL,1440601874599,0,Not yet rated,NULL,N/A
ESBK,$19.9399,1440601874668,"1,000",Not yet rated,NULL,N/A
ELTK,$1.121,1440601874703,"18,933",67% bearish,of 3 ratings,N/A
EMCI,$22.17,1440601874766,"2,816",Not yet rated,NULL,N/A
LONG,$16.41,1440601874794,"5,600",67% bullish,of 3 ratings,$15.75
EMCF,NULL,1440601874819,0,100% bearish,of 1 rating,N/A
EMKR,$6.9,1440601874868,"34,046",75% bullish,of 4 ratings,$8.50
EMMSP,NULL,1440601875006,0,100% bearish,of 1 rating,N/A
EMMS,$1.12,1440601875148,"4,573",67% bullish,of 6 ratings,N/A
ERS,$2.7601,1440601875237,"1,300",Not yet rated,NULL,N/A
ENTA,$39.5,1440601875328,"35,274",50% bullish,of 2 ratings,$42
NYNY,$4,1440601875406,"18,202",50% bullish,of 2 ratings,N/A
WIRE,$30.62,1440601875435,"7,322",100% bearish,of 1 rating,$37
ECPG,$38.1901,1440601875510,"30,341",100% bullish,of 2 ratings,$52
ENDP,$74.855,1440601875538,"375,756",50% bullish,of 6 ratings,$104
EIGI,$14.83,1440601875682,"215,179",67% bearish,of 3 ratings,$22.50
ECYT,$4.97,1440601875730,"55,172",83% bullish,of 6 ratings,$12
ELGX,$12.29,1440601875758,"115,455",75% bullish,of 4 ratings,$17
EFOI,$18.435,1440601875859,"420,947",50% bullish,of 2 ratings,$20.50
WATT,$6.05,1440601875885,"85,060",50% bullish,of 2 ratings,$13
ERII,$2.7,1440601875964,"39,106",80% bullish,of 5 ratings,$2.50
EXXI,$1.3699,1440601876049,"344,444",86% bullish,of 7 ratings,$3.50
ENG,$0.98,1440601876198,"31,139",100% bullish,of 3 ratings,N/A
ENPH,$4.367,1440601876228,"160,062",75% bullish,of 4 ratings,$11
ENOC,$8.21,1440601876328,"44,269",75% bullish,of 4 ratings,$18
ESGR,$145.63,1440601876373,"11,564",100% bearish,of 1 rating,$185
ENTG,$13.225,1440601876519,"54,840",100% bearish,of 1 rating,$18
ENFC,$17.82,1440601876550,800,Not yet rated,NULL,N/A
ENTL,$21.52,1440601876653,"1,890",Not yet rated,NULL,$28
ETRM,$0.238,1440601876682,"241,762",69% bearish,of 35 ratings,$1.625
EBTC,$21,1440601876703,"1,704",Not yet rated,NULL,N/A
EGT,$1.94,1440601876854,200,100% bullish,of 1 rating,N/A
ENVI,NULL,1440601876987,0,67% bullish,of 3 ratings,N/A
EFSC,$23.35,1440601877033,"5,145",Not yet rated,NULL,$27
ENZN,$0.9658,1440601877059,"75,306",100% bullish,of 9 ratings,N/A
EPIQ,$12.765,1440601877130,"11,545",100% bearish,of 1 rating,$18
ENZY,$9.11,1440601877158,"1,570",67% bullish,of 3 ratings,$9.50
EPRS,$4.64,1440601877233,"22,553",82% bullish,of 11 ratings,$15
EPZM,$16.98,1440601877304,"38,945",60% bullish,of 5 ratings,$34
EQIX,$253.84,1440601877444,"113,613",75% bullish,of 4 ratings,$312.50
EQFN,NULL,1440601877583,0,100% bearish,of 1 rating,N/A
PLUS,$74.11,1440601877611,"6,547",50% bullish,of 2 ratings,$88
EAC,$3.299,1440601877632,"2,846",100% bearish,of 1 rating,$8
ERIC,$9.62,1440601877680,"866,779",67% bullish,of 9 ratings,$12.20
ERIE,$81.15,1440601877763,"3,295",Not yet rated,NULL,$73
ESCR,$0.1599,1440601877863,"2,622",50% bullish,of 2 ratings,N/A
ESCA,$16.651,1440601877994,"2,674",100% bearish,of 1 rating,$22
ESCRP,$1.1801,1440601878067,"1,477",100% bearish,of 1 rating,N/A
ESPR,$49.63,1440601878093,"179,756",70% bearish,of 10 ratings,$123
ESMC,NULL,1440601878227,0,Not yet rated,NULL,N/A
ESSA,$12.63,1440601878258,"1,600",100% bearish,of 1 rating,N/A
ESND,$33.07,1440601878331,"16,694",100% bearish,of 2 ratings,$40
EPIX,$5.23,1440601878361,"1,000",Not yet rated,NULL,N/A
ETSY,$12.9199,1440601878414,"115,104",80% bullish,of 5 ratings,$16
ESSX,$0.4155,1440601878465,"8,350",50% bullish,of 2 ratings,N/A
CLWT,$2.56,1440601878547,500,100% bearish,of 1 rating,N/A
ESEA,$5.69,1440601878714,200,100% bullish,of 1 rating,$15
EEFT,$63.12,1440601878740,"42,736",100% bearish,of 1 rating,$67.50
EVEP,$7.13,1440601878892,"113,744",50% bullish,of 2 ratings,$15
EVK,$3.45,1440601878941,"2,750",75% bearish,of 4 ratings,N/A
EVOK,$3.8209,1440601878966,"21,589",100% bearish,of 1 rating,$13.375
EVLV,$2.1,1440601878993,"43,576",60% bullish,of 5 ratings,$6.50
EXA,$10.85,1440601879236,"1,543",100% bearish,of 1 rating,$13
EXAC,$17.88,1440601879334,"3,616",100% bearish,of 1 rating,$22.50
EVOL,$5.9144,1440601879365,"3,275",75% bullish,of 4 ratings,$10
EXAS,$19.63,1440601879386,"137,291",78% bullish,of 9 ratings,$31
EXEL,$5.18,1440601879437,"843,395",81% bullish,of 16 ratings,$6
EXFO,$2.56,1440601879467,"2,200",67% bearish,of 3 ratings,$3.95
EXLS,$35.17,1440601879539,"12,081",50% bullish,of 2 ratings,$41
EXPE,$112.16,1440601879569,"337,518",64% bullish,of 11 ratings,$130
EXPD,$47.97,1440601879721,"355,650",80% bullish,of 5 ratings,$52
EXPO,$41.29,1440601879867,"11,669",100% bearish,of 1 rating,$45.50
ESRX,$82.04,1440601879937,"599,746",67% bearish,of 6 ratings,$101
EXLP,$17.8948,1440601879967,"40,343",100% bearish,of 1 rating,$25
EXTR,$2.715,1440601880146,"83,136",80% bullish,of 5 ratings,$3
EZCH,$20.3282,1440601880200,"27,302",75% bullish,of 8 ratings,$19.50
EYEG,$3.93,1440601880248,680,Not yet rated,NULL,N/A
EYEGW,NULL,1440601880299,0,Not yet rated,NULL,N/A
FB,$84.602,1440601880326,"8,729,919",73% bullish,of 1066 ratings,$111
EZPW,$5.84,1440601880354,"53,159",50% bullish,of 4 ratings,$7.50
FFIV,$118.8101,1440601880502,"149,088",63% bullish,of 8 ratings,$132
FCS,$12.99,1440601880568,"154,826",67% bearish,of 3 ratings,$17
FWM,$2.39,1440601880660,"24,064",100% bearish,of 2 ratings,$3.20
FRP,$15.345,1440601880687,"29,394",100% bearish,of 1 rating,$18
FALC,$1.59,1440601880743,"21,243",63% bearish,of 8 ratings,N/A
DAVE,$13.965,1440601880899,"1,062",100% bearish,of 1 rating,$15.50
FFKT,$25.59,1440601881043,"2,078",Not yet rated,NULL,$29
FARM,$21.45,1440601881078,"5,713",100% bearish,of 1 rating,$35
FMNB,$7.97,1440601881104,"1,850",Not yet rated,NULL,N/A
FAST,$37.9,1440601881145,"480,261",80% bullish,of 5 ratings,$45.50
FARO,$36.97,1440601881172,"18,084",50% bullish,of 2 ratings,$48
FBSS,NULL,1440601881235,0,Not yet rated,NULL,N/A
FDML,$8.34,1440601881318,"34,212",50% bullish,of 4 ratings,$14
FATE,$6.21,1440601881463,"6,560",50% bullish,of 2 ratings,$11
FBRC,$21.73,1440601881489,"5,406",100% bearish,of 1 rating,$29
FEIC,$73.35,1440601881649,"31,649",50% bullish,of 2 ratings,$95.50
FNHC,$21.23,1440601881674,"7,751",100% bearish,of 1 rating,$35
FHCO,$1.305,1440601881702,"10,437",50% bullish,of 4 ratings,N/A
FCSC,$5.34,1440601881862,"45,032",100% bearish,of 1 rating,$8.125
FENX,$9.35,1440601881968,"31,580",100% bullish,of 1 rating,$14.25
ONEQ,$180.43,1440601882033,"10,006",100% bullish,of 1 rating,N/A
FGEN,$22.5801,1440601882110,"53,573",100% bearish,of 1 rating,$39
LION,$18.35,1440601882139,"19,877",100% bullish,of 1 rating,$20
FDUS,$13.51,1440601882167,"19,941",50% bullish,of 2 ratings,$18
FSC,$6.1201,1440601882303,"258,521",60% bullish,of 5 ratings,$8
FRGI,$50.56,1440601882404,"25,004",50% bullish,of 2 ratings,$70
FSAM,$8.35,1440601882582,"2,678",100% bearish,of 1 rating,$10.25
FITB,$18.76,1440601882610,"2,390,122",54% bullish,of 13 ratings,$22
FITBI,$27.102,1440601882646,"2,034",Not yet rated,NULL,N/A
FSCFL,$24.3799,1440601882673,"1,900",Not yet rated,NULL,N/A
FSFR,$8.6501,1440601882818,"24,883",100% bearish,of 1 rating,$11.50
FISI,$24.35,1440601882891,"1,666",100% bullish,of 2 ratings,$24.50
FNGN,$31.77,1440601882921,"71,258",67% bullish,of 3 ratings,$47
FNSR,$15.02,1440601882991,"230,628",71% bullish,of 7 ratings,$24.50
FNJN,$1.59,1440601883096,"13,312",100% bearish,of 1 rating,$5
FNTC,NULL,1440601883138,0,Not yet rated,NULL,N/A
FNTCU,$10.15,1440601883225,10,Not yet rated,NULL,N/A
FEYE,$36.71,1440601883273,"953,691",87% bullish,of 15 ratings,$55.50
FBNC,$16.6,1440601883308,876,100% bullish,of 1 rating,$20
FNLC,$18.3,1440601883479,"2,993",100% bullish,of 1 rating,N/A
FNTCW,NULL,1440601883503,0,Not yet rated,NULL,N/A
FCVA,$4.6,1440601883676,845,Not yet rated,NULL,N/A
FRBA,$6.05,1440601883725,"10,900",Not yet rated,NULL,$8
FBIZ,$43.97,1440601883751,"12,681",100% bearish,of 2 ratings,$52
BUSE,$6.29,1440601883781,"8,870",Not yet rated,NULL,$6.875
FCAP,$27.02,1440601883886,202,Not yet rated,NULL,N/A
FCFS,$38.17,1440601883920,"58,470",100% bearish,of 3 ratings,$48
FCNCA,$232.08,1440601884022,535,Not yet rated,NULL,N/A
FCBC,$17.08,1440601884150,"3,027",Not yet rated,NULL,$18
FCCO,$11.81,1440601884176,"1,904",Not yet rated,NULL,$13.25
FCLF,NULL,1440601884226,0,Not yet rated,NULL,N/A
FBNK,$16.67,1440601884332,"10,739",100% bearish,of 1 rating,$17.50
FCFP,$6.9,1440601884358,201,Not yet rated,NULL,N/A
FDEF,$36.93,1440601884401,"6,366",Not yet rated,NULL,$38
FFNM,NULL,1440601884570,0,Not yet rated,NULL,N/A
FFIN,$29.53,1440601884720,"21,546",50% bullish,of 2 ratings,$31.75
FFBCW,NULL,1440601884741,0,100% bearish,of 1 rating,N/A
THFF,$32.71,1440601884785,"2,016",Not yet rated,NULL,$35
FFWM,$20.71,1440601884818,"5,813",Not yet rated,NULL,$24
FFNW,$11.93,1440601884876,"13,969",Not yet rated,NULL,$14
FFBC,$17.54,1440601884902,"40,477",67% bearish,of 3 ratings,$20.25
FIBK,$25.82,1440601885082,"12,239",Not yet rated,NULL,$32
INBK,$29.6109,1440601885147,"4,280",50% bullish,of 2 ratings,$37
FMBI,$16.77,1440601885284,"59,593",Not yet rated,NULL,$20
FRME,$25.31,1440601885306,"21,240",Not yet rated,NULL,$26.50
FNBC,$32.9801,1440601885341,"6,322",Not yet rated,NULL,$40
FMBH,NULL,1440601885390,0,Not yet rated,NULL,N/A
FNWB,$11.75,1440601885447,"3,712",Not yet rated,NULL,N/A
FSFG,NULL,1440601885498,0,Not yet rated,NULL,N/A
FNFG,$8.58,1440601885637,"452,509",80% bullish,of 5 ratings,$9
FSGI,$2.47,1440601885662,"5,608",Not yet rated,NULL,N/A
FSLR,$44.74,1440601885736,"452,733",74% bullish,of 39 ratings,$65
FSBK,$7.49,1440601885793,"2,808",100% bullish,of 1 rating,N/A
BICK,NULL,1440601885867,0,100% bullish,of 1 rating,N/A
FCAN,NULL,1440601885894,0,Not yet rated,NULL,N/A
FBZ,$9.74,1440601885915,200,Not yet rated,NULL,N/A
FTCS,$35.3555,1440601886075,"3,085",100% bearish,of 1 rating,N/A
FCA,$18.8088,1440601886171,460,Not yet rated,NULL,N/A
FV,$22.4,1440601886303,"668,566",100% bearish,of 1 rating,N/A
FEMB,$41.88,1440601886333,18,Not yet rated,NULL,N/A
FTSM,$59.89,1440601886437,"2,604",100% bearish,of 1 rating,N/A
IFV,$17.4254,1440601886479,"448,917",100% bearish,of 1 rating,N/A
MDIV,$18.755,1440601886505,"60,472",Not yet rated,NULL,N/A
FEUZ,$31.2,1440601886534,"10,810",Not yet rated,NULL,N/A
TDIV,$23.61,1440601886635,"100,254",100% bearish,of 1 rating,N/A
FTGC,$21.63,1440601886847,"12,649",Not yet rated,NULL,N/A
FTHI,NULL,1440601886893,0,Not yet rated,NULL,N/A
FGM,$35.49,1440601886927,"2,262",Not yet rated,NULL,N/A
HYLS,$48.9,1440601886957,"10,355",100% bearish,of 1 rating,N/A
FHK,$32.14,1440601886991,"8,693",Not yet rated,NULL,N/A
FPXI,NULL,1440601887019,0,Not yet rated,NULL,N/A
YDIV,NULL,1440601887045,0,Not yet rated,NULL,N/A
SKYY,$27.7301,1440601887095,"24,337",100% bullish,of 1 rating,N/A
CU,$12.075,1440601887464,"4,945",100% bearish,of 1 rating,N/A
PLTM,$6.16,1440601887490,"5,800",100% bearish,of 1 rating,N/A
FJP,$46.1014,1440601887520,"2,421",Not yet rated,NULL,N/A
FTLB,NULL,1440601887549,0,100% bearish,of 1 rating,N/A
FMB,NULL,1440601887656,0,Not yet rated,NULL,N/A
LMBS,$50.57,1440601887715,100,Not yet rated,NULL,N/A
CIBR,$17.49,1440601887740,"31,295",Not yet rated,NULL,N/A
QABA,$36.04,1440601887765,"2,572",100% bearish,of 1 rating,N/A
FONE,NULL,1440601887958,0,Not yet rated,NULL,N/A
QCLN,$14.0573,1440601887999,"1,354",Not yet rated,NULL,N/A
CARZ,$34.1,1440601888033,"2,240",100% bearish,of 1 rating,N/A
GRID,NULL,1440601888134,0,100% bearish,of 1 rating,N/A
RDVY,$20.44,1440601888160,"2,446",Not yet rated,NULL,N/A
QQXT,$38.88,1440601888200,"9,596",Not yet rated,NULL,N/A
QQEW,$39.9983,1440601888294,"21,921",Not yet rated,NULL,N/A
QTEC,$38.05,1440601888494,"9,027",Not yet rated,NULL,N/A
AIRR,$15.6201,1440601888711,500,100% bearish,of 1 rating,N/A
FUNC,$8.13,1440601888844,200,Not yet rated,NULL,N/A
FKO,$22.59,1440601888877,300,Not yet rated,NULL,N/A
FTSL,$48.53,1440601888910,"30,503",100% bearish,of 1 rating,N/A
FTW,NULL,1440601888935,0,Not yet rated,NULL,N/A
FKU,$40.98,1440601888975,"3,803",Not yet rated,NULL,N/A
QINC,NULL,1440601888999,0,Not yet rated,NULL,N/A
FSZ,$39,1440601889029,"9,927",Not yet rated,NULL,N/A
TUSA,$23.8699,1440601889187,"5,138",Not yet rated,NULL,N/A
FDIV,$46.42,1440601889286,934,100% bearish,of 1 rating,N/A
FSV,$30.97,1440601889348,"1,100",Not yet rated,NULL,$33.60
FISV,$81.855,1440601889430,"389,260",100% bearish,of 3 ratings,$90
SVVC,$9.27,1440601889479,"5,437",50% bullish,of 2 ratings,$26
FMER,$17.145,1440601889577,"252,108",50% bullish,of 2 ratings,$20
FIVE,$35.44,1440601889766,"72,590",75% bearish,of 4 ratings,$44
FIVN,$4.0447,1440601889863,"60,320",100% bullish,of 1 rating,$8.50
FPRX,$17.855,1440601889900,"83,707",50% bullish,of 2 ratings,$35
FLML,$21.412,1440601889931,"21,631",50% bullish,of 2 ratings,$30
FLKS,$12.53,1440601890034,"15,441",50% bullish,of 2 ratings,$27
SKOR,$50.2,1440601890062,100,Not yet rated,NULL,N/A
MBSD,$24.9,1440601890089,700,Not yet rated,NULL,N/A
FLXS,$30.83,1440601890114,"4,191",100% bearish,of 2 ratings,N/A
FLEX,$10.035,1440601890345,"526,012",63% bullish,of 8 ratings,$12
FLXN,$23.29,1440601890373,"26,199",100% bearish,of 1 rating,$40
FLIR,$27.2399,1440601890404,"124,847",100% bearish,of 1 rating,$38.50
FFIC,$19.422,1440601890511,"14,451",Not yet rated,NULL,$21
FLDM,$11.47,1440601890537,"76,289",67% bearish,of 3 ratings,$21.50
FOMX,$9.52,1440601890564,"23,221",50% bullish,of 2 ratings,$23.50
FONR,$9.3765,1440601890800,"19,649",100% bullish,of 1 rating,N/A
FORR,$31.67,1440601890929,"2,743",Not yet rated,NULL,N/A
FES,$0.91,1440601890958,"16,800",50% bullish,of 2 ratings,$1
FTNT,$41.47,1440601891028,"220,745",80% bullish,of 10 ratings,$52
FORM,$6.05,1440601891092,"50,157",67% bullish,of 3 ratings,$10.50
FOGO,$17.91,1440601891150,"9,518",50% bullish,of 2 ratings,$25.50
FORTY,$30.979,1440601891179,731,100% bearish,of 1 rating,N/A
FWRD,$45.14,1440601891224,"21,202",100% bearish,of 1 rating,$50
FBIO,$2.44,1440601891253,"25,170",83% bullish,of 6 ratings,N/A
FORD,$1.73,1440601891412,"5,313,460",67% bullish,of 3 ratings,N/A
FOSL,$58.41,1440601891546,"154,069",60% bearish,of 5 ratings,$80
FMI,$20.34,1440601891605,"28,333",100% bearish,of 2 ratings,$27.50
FWP,$25.76,1440601891675,"16,903",100% bearish,of 1 rating,$45
FXCB,$17.04,1440601891706,"3,528",Not yet rated,NULL,$19
FOXF,$15.22,1440601891810,"3,670",100% bearish,of 1 rating,$19
FRAN,$10.72,1440601891843,"165,809",50% bullish,of 4 ratings,$15
FELE,$27.58,1440601891918,"28,018",50% bullish,of 4 ratings,$33
FRED,$12.74,1440601891947,"12,075",50% bullish,of 2 ratings,$16.50
FREE,$0.34,1440601892050,"135,307",92% bullish,of 12 ratings,N/A
FEIM,$10.55,1440601892090,"1,200",100% bearish,of 1 rating,N/A
FRPT,$12.39,1440601892239,"56,335",67% bearish,of 3 ratings,$23.50
RAIL,$19.34,1440601892303,"14,130",100% bearish,of 1 rating,$24.50
FTRPR,$98.134,1440601892373,"38,124",100% bearish,of 1 rating,N/A
FTR,$4.905,1440601892399,"4,721,539",78% bullish,of 27 ratings,$6.25
FRPH,$30.52,1440601892434,839,100% bearish,of 1 rating,N/A
FSBW,$22.753,1440601892619,210,Not yet rated,NULL,N/A
FSYS,$6.14,1440601892648,"10,492",67% bullish,of 3 ratings,$10
FTD,$28.829,1440601892694,"16,138",100% bearish,of 1 rating,$40
FCEL,$0.7304,1440601892721,"297,192",88% bullish,of 41 ratings,$2.65
FULL,$3.07,1440601892778,"10,838",67% bearish,of 3 ratings,$4.25
FTEK,$2.016,1440601892806,"43,429",75% bullish,of 4 ratings,N/A
FLL,$1.44,1440601892950,"13,535",75% bullish,of 4 ratings,$3.50
FULLL,$25.15,1440601892977,272,Not yet rated,NULL,N/A
FULT,$11.67,1440601893002,"133,165",100% bearish,of 1 rating,$13
FSNN,NULL,1440601893193,0,67% bullish,of 3 ratings,$6
FFHL,$0.883,1440601893272,"1,100",50% bullish,of 4 ratings,N/A
FXEN,$0.815,1440601893341,"13,660",75% bullish,of 4 ratings,$1.10
FXENP,$15.86,1440601893438,100,100% bearish,of 1 rating,N/A
WILC,$4.82,1440601893469,900,100% bullish,of 2 ratings,N/A
GK,$65.59,1440601893490,"13,804",Not yet rated,NULL,$78
GALT,$1.76,1440601893521,"8,338",80% bullish,of 5 ratings,N/A
GLPG,$60.81,1440601893547,"14,693",100% bullish,of 1 rating,$75
GAIA,$5.925,1440601893679,"2,112",50% bullish,of 2 ratings,$8.50
GALTU,NULL,1440601893772,0,100% bearish,of 1 rating,N/A
GALE,$1.5,1440601893820,"621,172",89% bullish,of 47 ratings,$4
GLMD,$7.53,1440601893870,"1,166",67% bullish,of 3 ratings,$20.50
GALTW,NULL,1440601893913,0,100% bullish,of 1 rating,N/A
GLPI,$30.99,1440601894013,"105,258",100% bearish,of 1 rating,$37.50
GPIC,$10.6,1440601894112,159,100% bearish,of 1 rating,N/A
GGAC,$9.85,1440601894242,189,100% bearish,of 1 rating,N/A
GRMN,$37.37,1440601894274,"159,504",50% bullish,of 6 ratings,$46.50
GGACR,NULL,1440601894295,0,100% bullish,of 1 rating,N/A
GGACU,$10.02,1440601894324,872,Not yet rated,NULL,N/A
GGACW,$0.11,1440601894374,10,Not yet rated,NULL,N/A
GARS,$14.098,1440601894454,"6,905",Not yet rated,NULL,$16
GNCMA,$16.81,1440601894530,"25,062",100% bearish,of 1 rating,$12
GENC,$9.49,1440601894555,220,100% bearish,of 1 rating,N/A
GFNCP,NULL,1440601894704,0,Not yet rated,NULL,N/A
GFNSL,$25.63,1440601894730,"1,000",Not yet rated,NULL,N/A
GFN,$3.46,1440601894793,"6,902",100% bearish,of 2 ratings,$8
GNCA,$12.0667,1440601895011,"12,163",100% bearish,of 1 rating,$20
GNMK,$9.3,1440601895074,"29,561",67% bullish,of 6 ratings,$14
GENE,$2.05,1440601895106,"41,416",100% bullish,of 12 ratings,N/A
GHDX,$24.32,1440601895155,"25,725",50% bullish,of 2 ratings,$30
GNTX,$15.063,1440601895181,"513,856",Not yet rated,NULL,$20
THRM,$41.755,1440601895208,"129,809",75% bearish,of 4 ratings,$55.50
GTWN,NULL,1440601895235,0,Not yet rated,NULL,N/A
GNVC,$2.35,1440601895263,"7,258",90% bullish,of 10 ratings,$8.50
GEOS,$13.97,1440601895396,"31,356",100% bearish,of 3 ratings,$21
GABC,$28.88,1440601895539,"2,317",Not yet rated,NULL,$31
GERN,$2.91,1440601895720,"535,137",88% bullish,of 16 ratings,$5.25
GEVO,$2.23,1440601895746,"209,334",75% bullish,of 12 ratings,$5
ROCK,$16.19,1440601895767,"16,799",80% bullish,of 5 ratings,$24
GIGA,$1.4411,1440601895912,"2,048",100% bearish,of 1 rating,N/A
GIII,$64.125,1440601895945,"29,556",67% bullish,of 3 ratings,$75
GIGM,$0.57,1440601896047,"3,900",100% bullish,of 2 ratings,N/A
GILT,$4.22,1440601896069,656,50% bullish,of 2 ratings,N/A
GILD,$103.8264,1440601896127,"2,680,336",91% bullish,of 87 ratings,$129
GBCI,$24.44,1440601896155,"78,941",50% bullish,of 2 ratings,$31
GOODO,$25,1440601896298,400,Not yet rated,NULL,N/A
GLAD,$8.07,1440601896324,"31,628",50% bullish,of 2 ratings,$8.75
GOODN,$25.27,1440601896460,300,Not yet rated,NULL,N/A
GOOD,$14.2115,1440601896489,"42,766",Not yet rated,NULL,$19
GLADO,$25.4798,1440601896521,350,Not yet rated,NULL,N/A
GOODP,$25.25,1440601896680,15,Not yet rated,NULL,N/A
GAIN,$7.23,1440601896823,"55,606",100% bullish,of 2 ratings,$8.25
GAINO,$25.13,1440601896857,587,Not yet rated,NULL,N/A
LAND,$8.98,1440601896887,"7,184",50% bullish,of 2 ratings,$13.75
GLBZ,NULL,1440601896955,0,Not yet rated,NULL,N/A
GAINN,$25.36,1440601896983,"14,189",Not yet rated,NULL,N/A
GAINP,$25.6001,1440601897029,"2,544",Not yet rated,NULL,N/A
GBT,$43.66,1440601897129,"72,960",100% bearish,of 1 rating,N/A
ENT,$10.905,1440601897230,"27,480",100% bearish,of 1 rating,$18
GDEF,NULL,1440601897258,0,Not yet rated,NULL,N/A
GBLI,$26.53,1440601897302,"1,599",Not yet rated,NULL,N/A
GPACU,NULL,1440601897401,0,Not yet rated,NULL,N/A
GSOL,$8.17,1440601897429,"4,353",100% bearish,of 1 rating,N/A
SOCL,$16.7488,1440601897604,"17,220",100% bullish,of 2 ratings,N/A
ACTX,NULL,1440601897628,0,100% bullish,of 1 rating,N/A
QQQC,$18.19,1440601897696,"2,440",100% bearish,of 1 rating,N/A
ALTY,NULL,1440601897793,0,Not yet rated,NULL,N/A
GAI,$5.82,1440601897868,746,50% bullish,of 2 ratings,N/A
YLCO,NULL,1440601897894,0,Not yet rated,NULL,N/A
SRET,NULL,1440601898028,0,Not yet rated,NULL,N/A
GSM,$12.115,1440601898049,"132,254",50% bullish,of 2 ratings,$23
GBIM,$2.0401,1440601898126,"8,853",50% bullish,of 2 ratings,N/A
GLRI,$1.03,1440601898155,800,100% bearish,of 1 rating,$4.25
GLBS,$1.07,1440601898183,400,67% bullish,of 3 ratings,N/A
GLUU,$4.0898,1440601898262,"464,297",92% bullish,of 26 ratings,$9
GLYC,$6.93,1440601898429,401,50% bullish,of 2 ratings,$14
GOGO,$14.85,1440601898454,"166,565",80% bullish,of 5 ratings,$25
GLNG,$33.61,1440601898526,"138,905",83% bullish,of 6 ratings,$58
GLDC,NULL,1440601898590,0,50% bullish,of 2 ratings,N/A
GOGL,$2.5701,1440601898695,"96,726",75% bullish,of 4 ratings,$5
GMLP,$17.5325,1440601898762,"40,538",50% bullish,of 4 ratings,$32.50
GDEN,$9.04,1440601898823,"2,856",50% bullish,of 2 ratings,N/A
GOOG,$606.29,1440601898890,"611,588",89% bullish,of 70 ratings,$825
GTIM,$6.38,1440601898916,"3,710",Not yet rated,NULL,$11.50
GBDC,$16.5,1440601898993,"58,109",Not yet rated,NULL,$17.75
GOOGL,$639.01,1440601899087,"593,956",88% bullish,of 1080 ratings,$749
GMAN,$4.0531,1440601899150,"34,587",60% bullish,of 5 ratings,$8.50
GPIA,NULL,1440601899188,0,Not yet rated,NULL,N/A
GPRO,$46.47,1440601899234,"1,966,200",78% bullish,of 58 ratings,$72
GPIAU,NULL,1440601899426,0,Not yet rated,NULL,N/A
LOPE,$35.92,1440601899455,"34,063",100% bearish,of 2 ratings,$50
GPIAW,NULL,1440601899495,0,Not yet rated,NULL,N/A
GRVY,$3.25,1440601899589,50,50% bullish,of 2 ratings,N/A
GBSN,$0.3654,1440601899619,"4,647,096",100% bearish,of 1 rating,$8.25
GBSNU,NULL,1440601899639,0,NULL,NULL,NULL
GLDD,$5.17,1440601899718,"33,319",100% bearish,of 4 ratings,$7.75
GSBC,$38.39,1440601899861,"2,484",100% bullish,of 1 rating,$44
GPRE,$17.74,1440601899992,"65,458",67% bullish,of 6 ratings,$28.50
GNBC,$11.13,1440601900024,"1,700",100% bearish,of 1 rating,$16.50
GRBK,$12.18,1440601900055,"22,725",77% bullish,of 13 ratings,N/A
GCBC,$28.5,1440601900082,14,100% bullish,of 1 rating,N/A
GPP,$13.2,1440601900122,"14,676",Not yet rated,NULL,$20.50
GLRE,$23.53,1440601900151,"29,656",50% bullish,of 2 ratings,$41
GRIF,$30.75,1440601900217,300,100% bearish,of 1 rating,N/A
GRPN,$4.03,1440601900471,"1,980,535",61% bullish,of 71 ratings,$6.75
GRFS,$30.52,1440601900566,"32,131",50% bullish,of 2 ratings,$35
GGAL,$18.04,1440601900599,"41,717",80% bullish,of 5 ratings,$40
GSVC,$8.38,1440601900629,"6,756",50% bullish,of 2 ratings,$14.50
GSIG,$12.26,1440601900650,"29,270",100% bearish,of 2 ratings,N/A
OMAB,$38.6699,1440601900684,"16,035",100% bullish,of 1 rating,$44
GSIT,$4.74,1440601900781,"1,903",100% bearish,of 1 rating,N/A
GBNK,$15.3,1440601901005,"3,910",100% bearish,of 1 rating,$18
GUID,$6.88,1440601901069,"17,395",100% bearish,of 3 ratings,$10
GTXI,$0.7758,1440601901103,"4,011",100% bullish,of 5 ratings,$.75
GFED,$14.775,1440601901152,300,Not yet rated,NULL,$17
GULTU,$0.295,1440601901182,"10,400",100% bearish,of 1 rating,N/A
GIFI,$11.1,1440601901238,"14,527",100% bearish,of 1 rating,$16
GURE,$1.602,1440601901285,"3,200",88% bullish,of 8 ratings,N/A
GPOR,$32.9,1440601901430,"245,303",75% bullish,of 4 ratings,$55
GWGH,NULL,1440601901482,0,100% bearish,of 1 rating,$15.05
GWPH,$100.41,1440601901578,"24,440",78% bullish,of 9 ratings,$148.50
HEES,$16.37,1440601901628,"86,249",67% bearish,of 3 ratings,$31
GYRO,NULL,1440601901682,0,100% bearish,of 1 rating,N/A
HLG,NULL,1440601901721,0,100% bearish,of 1 rating,N/A
HNRG,$7.35,1440601901749,"58,847",100% bearish,of 1 rating,$10
HALL,$11.13,1440601901885,"6,087",Not yet rated,NULL,N/A
HALO,$16.625,1440601901925,"282,072",67% bullish,of 3 ratings,$22.50
HBK,$13.74,1440601902056,304,50% bullish,of 2 ratings,N/A
HMPR,$1.82,1440601902089,"19,864",100% bullish,of 1 rating,N/A
HBHCL,$24.3748,1440601902188,"3,261",Not yet rated,NULL,N/A
HNH,$26.3,1440601902215,244,100% bullish,of 1 rating,N/A
HBHC,$25.57,1440601902243,"65,573",50% bullish,of 2 ratings,$30
HAFC,$23.6,1440601902270,"23,964",100% bullish,of 2 ratings,$28.50
HNSN,$0.4999,1440601902420,"16,374",88% bullish,of 8 ratings,$.40
HDNG,$9.58,1440601902448,"2,989",50% bullish,of 4 ratings,N/A
HQCL,$10.22,1440601902481,"31,540",67% bullish,of 3 ratings,$14
HLIT,$5.52,1440601902617,"88,725",100% bearish,of 1 rating,$6.50
HRMNU,NULL,1440601902648,0,Not yet rated,NULL,N/A
HRMNW,NULL,1440601902755,0,Not yet rated,NULL,N/A
HRMN,NULL,1440601902782,0,Not yet rated,NULL,N/A
TINY,$2.5,1440601902808,"3,350",50% bullish,of 2 ratings,$5.26
HART,$0.94,1440601902937,"28,813",100% bearish,of 1 rating,N/A
HBIO,$4.4,1440601902963,"16,212",Not yet rated,NULL,$10
HCAPL,$25.345,1440601903042,"1,880",Not yet rated,NULL,N/A
HCAP,$12.0265,1440601903098,"2,264",50% bullish,of 2 ratings,$15
HAS,$72.03,1440601903139,"142,333",63% bullish,of 8 ratings,$84.50
HCOM,$21.89,1440601903267,"1,629",100% bearish,of 1 rating,$28
HA,$22.37,1440601903293,"114,206",67% bullish,of 9 ratings,$27
HWBK,NULL,1440601903351,0,100% bearish,of 1 rating,N/A
HWKN,$34.94,1440601903444,"6,091",Not yet rated,NULL,N/A
HDS,$31.15,1440601903672,"765,192",100% bearish,of 2 ratings,$39.50
HCSG,$32.6499,1440601903699,"25,577",50% bullish,of 4 ratings,$35
HIIQ,$4.35,1440601903720,"2,646",50% bullish,of 2 ratings,$7
HQY,$28.4,1440601903751,"15,735",67% bullish,of 3 ratings,$31
HAYN,$35.34,1440601903777,"11,791",100% bearish,of 1 rating,$59
HSTM,$24.13,1440601903916,"7,942",50% bullish,of 2 ratings,$33.75
HWAY,$11.86,1440601903944,"33,422",100% bearish,of 1 rating,$15
HTBX,$4.94,1440601904127,"14,266",50% bullish,of 2 ratings,$15.50
HTLD,$20,1440601904170,"53,692",Not yet rated,NULL,$22.50
HSII,$19.5,1440601904196,"17,287",100% bullish,of 3 ratings,$25
HTLF,$35.21,1440601904217,"5,471",100% bullish,of 1 rating,$39.50
HTWR,$79.68,1440601904259,"35,685",50% bullish,of 2 ratings,$103
HELE,$82.5,1440601904346,"38,864",67% bearish,of 3 ratings,$100
HMNY,$2.27,1440601904374,200,100% bearish,of 1 rating,N/A
HMTV,$13.16,1440601904624,"12,808",100% bearish,of 1 rating,$16
HNNA,$24.43,1440601904660,"4,582",Not yet rated,NULL,N/A
HSIC,$133.47,1440601904791,"53,879",83% bullish,of 6 ratings,$146
HCACU,NULL,1440601904820,0,Not yet rated,NULL,N/A
HEOP,$7.64,1440601904847,692,Not yet rated,NULL,$8.50
HERO,NULL,1440601904921,0,NULL,NULL,NULL
HFWA,$17.2,1440601904995,"5,446",100% bullish,of 1 rating,$20
HTBK,$10.597,1440601905027,"4,306",Not yet rated,NULL,$12
HCCI,$10.85,1440601905047,"4,405",100% bearish,of 1 rating,$16.50
MLHR,$26.54,1440601905099,"43,549",50% bullish,of 2 ratings,$33.50
HRTX,$32.83,1440601905305,"88,836",67% bullish,of 6 ratings,$41
HFFC,$15.8,1440601905332,540,Not yet rated,NULL,N/A
HSKA,$32.614,1440601905353,"2,530",100% bearish,of 1 rating,$38
HIBB,$37.715,1440601905387,"144,308",100% bearish,of 1 rating,$46.50
HPJ,$2.105,1440601905546,"14,399",75% bullish,of 4 ratings,$12.43
HIHO,$3.84,1440601905619,"8,681",Not yet rated,NULL,N/A
HIMX,$6.37,1440601905835,"303,993",86% bullish,of 21 ratings,$8.50
HIFS,$116.68,1440601905967,482,Not yet rated,NULL,N/A
HMNF,$11.14,1440601905999,477,Not yet rated,NULL,N/A
HSGX,$6.03,1440601906025,"1,200",100% bearish,of 1 rating,$17
HOLI,$16.81,1440601906050,"83,968",50% bullish,of 4 ratings,$27
HMSY,$9.62,1440601906096,"284,772",67% bullish,of 3 ratings,$19.35
HOLX,$37.945,1440601906238,"469,504",67% bullish,of 3 ratings,$42
HOMB,$36.83,1440601906292,"61,445",Not yet rated,NULL,$42
HBCP,$24.36,1440601906319,"1,800",Not yet rated,NULL,$29
HFBL,$21.54,1440601906482,200,Not yet rated,NULL,N/A
HMST,$21.5061,1440601906511,"30,213",100% bullish,of 2 ratings,$27
AWAY,$27.21,1440601906539,"130,811",67% bullish,of 3 ratings,$36
HTBI,$17.9,1440601906568,"7,366",67% bullish,of 3 ratings,$18.625
HMIN,$26.43,1440601906670,"31,372",100% bearish,of 2 ratings,$35
HKTV,$4.439,1440601906804,"22,950",100% bearish,of 1 rating,N/A
CETC,$0.7099,1440601906854,"25,199",86% bullish,of 7 ratings,N/A
HZNP,$28.044,1440601907002,"317,022",85% bullish,of 20 ratings,$40
HOFT,$23,1440601907054,"4,673",100% bearish,of 1 rating,N/A
HBNC,$22.6722,1440601907106,"5,678",100% bullish,of 1 rating,$27
HFBC,$10.92,1440601907186,"3,400",Not yet rated,NULL,N/A
HRZN,$9.98,1440601907243,"21,283",50% bullish,of 2 ratings,$14.25
HMHC,$22.2,1440601907270,"543,040",Not yet rated,NULL,$27
ZINC,$6.95,1440601907332,"105,057",100% bearish,of 1 rating,$17
HDP,$22.984,1440601907399,"84,844",67% bearish,of 3 ratings,$30.50
HOVNP,NULL,1440601907428,0,100% bearish,of 1 rating,N/A
HWCC,$7.2,1440601907558,"11,967",100% bearish,of 1 rating,$9
HBMD,NULL,1440601907653,0,100% bearish,of 1 rating,N/A
HTGM,$5.76,1440601907691,"1,800",100% bearish,of 1 rating,$19.50
HSNI,$60.23,1440601907715,"43,850",Not yet rated,NULL,$80
HUBG,$37.16,1440601907850,"15,280",100% bearish,of 1 rating,$43
HCBK,$8.945,1440601908016,"496,679",83% bullish,of 6 ratings,$8.61
HDSN,$3.025,1440601908085,"4,189",100% bullish,of 1 rating,$6.25
HBANP,$1330,1440601908217,15,100% bearish,of 1 rating,N/A
HURC,$28.7993,1440601908243,"1,900",100% bearish,of 1 rating,N/A
HURN,$71.91,1440601908264,"49,737",50% bullish,of 2 ratings,$80
HBAN,$10.35,1440601908292,"1,910,696",76% bullish,of 17 ratings,$12.29
HSON,$2.55,1440601908322,303,100% bearish,of 1 rating,$5
HTCH,$1.438,1440601908423,"17,358",100% bearish,of 1 rating,$3.50
HBP,$3.09,1440601908478,"6,573",100% bullish,of 1 rating,N/A
HDRAR,NULL,1440601908846,0,Not yet rated,NULL,N/A
HDRA,NULL,1440601908873,0,Not yet rated,NULL,N/A
HDRAU,NULL,1440601909004,0,Not yet rated,NULL,N/A
IBKC,$57.4,1440601909110,"45,851",100% bullish,of 1 rating,$70
IDSY,$3.8,1440601909189,686,100% bearish,of 1 rating,$7
IACI,$67.46,1440601909242,"124,139",75% bullish,of 4 ratings,$90
HDRAW,NULL,1440601909268,0,Not yet rated,NULL,N/A
IKGH,$1.5299,1440601909297,"7,660",75% bullish,of 4 ratings,N/A
ICAD,$3.2,1440601909318,"15,769",50% bullish,of 2 ratings,$7.25
HYGS,$7.6,1440601909339,"7,896",50% bullish,of 2 ratings,$13
IEP,$68.0007,1440601909491,"19,122",75% bullish,of 4 ratings,$99
ICFI,$34.02,1440601909590,"7,284",50% bullish,of 2 ratings,$48.50
ICUI,$111.1,1440601909846,"11,432",Not yet rated,NULL,$122
IPWR,$7.31,1440601909872,"3,359",100% bullish,of 1 rating,$15
ICON,$12.53,1440601909925,"216,544",50% bullish,of 2 ratings,$18.50
ICLR,$76.81,1440601909954,"103,566",100% bearish,of 3 ratings,$85
INVE,$4.31,1440601910055,"7,138",75% bullish,of 4 ratings,$4
IDRA,$2.6097,1440601910144,"365,258",89% bullish,of 9 ratings,$6.50
IDXX,$70.48,1440601910214,"78,872",100% bearish,of 1 rating,$77
IROQ,$16.761,1440601910304,"1,050",100% bullish,of 1 rating,N/A
RXDX,$12.51,1440601910411,"28,100",100% bullish,of 1 rating,$20
DSKY,$10.816,1440601910441,"17,742",67% bullish,of 6 ratings,$11.50
IRG,$4.435,1440601910469,"8,653",100% bearish,of 1 rating,$4.50
IIVI,$16.9001,1440601910494,"48,785",100% bearish,of 1 rating,$22
KANG,$14.78,1440601910525,"107,265",50% bullish,of 2 ratings,$22.55
IKNX,$11.95,1440601910658,100,100% bearish,of 1 rating,N/A
IKAN,$2.73,1440601910708,"18,290",83% bullish,of 6 ratings,$5
ISNS,$3.9052,1440601910923,"4,177",50% bullish,of 2 ratings,N/A
ILMN,$191.155,1440601910950,"660,308",80% bullish,of 5 ratings,$240
IMMR,$11.44,1440601910979,"15,328",80% bullish,of 5 ratings,$15.50
IMGN,$13.125,1440601911080,"207,956",75% bullish,of 4 ratings,$17.50
IMDZ,$14.56,1440601911156,"41,810",100% bearish,of 1 rating,$33
IMMY,$7.3,1440601911182,"6,202",100% bearish,of 1 rating,$11
ICCC,$7.5,1440601911207,"6,843",100% bullish,of 1 rating,N/A
IMNP,$1.1501,1440601911265,"62,726",50% bullish,of 2 ratings,$6
IMMU,$1.825,1440601911487,"130,060",86% bullish,of 7 ratings,$2
IPXL,$41.9,1440601911648,"79,983",67% bullish,of 3 ratings,$46.50
SAAS,$7.29,1440601911676,"68,035",50% bullish,of 2 ratings,$15
INCR,$40.8901,1440601911697,"36,853",50% bullish,of 2 ratings,$53
INCY,$101.85,1440601911726,"189,414",50% bullish,of 6 ratings,$125.50
INDB,$43.54,1440601911747,"4,057",Not yet rated,NULL,$44
IBTX,$38.82,1440601911944,"4,859",100% bullish,of 2 ratings,$47.25
IBCP,$13.99,1440601911970,"19,284",100% bullish,of 1 rating,$14.50
INFN,$20.34,1440601912105,"989,530",71% bullish,of 7 ratings,$28
IDSA,$3.35,1440601912133,"5,156",Not yet rated,NULL,N/A
INFI,$8.605,1440601912166,"95,725",50% bullish,of 4 ratings,$18
IPCC,$76.77,1440601912191,"3,956",Not yet rated,NULL,$77.50
III,$3.99,1440601912266,"2,902",57% bullish,of 7 ratings,$6
IFON,$1.21,1440601912334,"4,900",75% bullish,of 4 ratings,N/A
IMKTA,$50.16,1440601912401,"12,705",100% bearish,of 1 rating,N/A
INWK,$6.8,1440601912564,"19,957",50% bullish,of 2 ratings,$10
INNL,$13,1440601912637,"1,240",100% bearish,of 1 rating,$16.50
IOSP,$47.39,1440601912806,"58,624",100% bearish,of 1 rating,N/A
IPHS,$45.5,1440601912833,"17,349",100% bearish,of 1 rating,$60
INOD,$2.38,1440601912960,"1,525",100% bearish,of 1 rating,N/A
ITEK,$11.4599,1440601913032,"203,398",100% bearish,of 3 ratings,$20
INGN,$45.3,1440601913057,"37,774",100% bearish,of 1 rating,$50.50
ISSC,$2.73,1440601913140,"2,038",67% bearish,of 3 ratings,N/A
INOV,$20.75,1440601913240,"113,401",100% bearish,of 1 rating,$33
ISIG,$2.56,1440601913305,"3,300",100% bearish,of 1 rating,N/A
INO,$6.55,1440601913441,"217,580",89% bullish,of 18 ratings,$20
NSIT,$25.13,1440601913490,"36,057",50% bullish,of 2 ratings,N/A
INSM,$22.81,1440601913542,"69,142",71% bullish,of 7 ratings,$31.50
IIIN,$17.14,1440601913671,"17,063",100% bearish,of 2 ratings,N/A
PODD,$28.495,1440601913709,"54,237",67% bearish,of 3 ratings,$35
INSY,$31.785,1440601913767,"93,659",75% bullish,of 4 ratings,$48
IART,$59.14,1440601913900,"69,135",100% bearish,of 1 rating,$71.50
NTEC,$5.5,1440601913930,"11,800",100% bearish,of 1 rating,N/A
IESC,$7.25,1440601913951,"1,293",100% bearish,of 1 rating,N/A
INTC,$26.495,1440601914080,"8,069,672",82% bullish,of 238 ratings,$36
IDTI,$17.22,1440601914105,"363,479",60% bullish,of 5 ratings,$25
ISSI,$21.96,1440601914138,"62,212",67% bullish,of 3 ratings,$19.75
IQNT,$17.715,1440601914236,"39,800",86% bullish,of 7 ratings,$20
IPCI,$2.115,1440601914299,"38,290",67% bullish,of 6 ratings,$8
IPAR,$25.2,1440601914392,"9,426",67% bullish,of 3 ratings,$38
IBKR,$36.78,1440601914463,"80,583",100% bullish,of 1 rating,N/A
ICLD,$1.7499,1440601914658,"51,077",75% bullish,of 4 ratings,N/A
ICPT,$180.085,1440601914688,"70,771",70% bullish,of 10 ratings,$359.50
ININ,$34.7801,1440601914788,"11,910",67% bearish,of 3 ratings,$57
ICLDW,NULL,1440601914816,0,100% bearish,of 1 rating,N/A
INAP,$7.86,1440601914920,"39,771",75% bullish,of 4 ratings,$11
IDCC,$47.33,1440601914977,"36,856",80% bullish,of 5 ratings,$63
IMI,$2.07,1440601915005,35,67% bullish,of 3 ratings,$2.22
TILE,$23.555,1440601915135,"105,274",100% bearish,of 3 ratings,$27
ISCA,$30.72,1440601915330,"17,992",100% bearish,of 1 rating,N/A
IGLD,$6.9701,1440601915434,"3,215",50% bullish,of 2 ratings,N/A
IIJI,NULL,1440601915460,0,50% bullish,of 2 ratings,$11.50
IBOC,$24.22,1440601915491,"13,481",100% bearish,of 1 rating,N/A
INPH,$0.29,1440601915516,"12,900",50% bullish,of 2 ratings,N/A
PTNT,$2.98,1440601915591,"5,102",Not yet rated,NULL,N/A
INTX,$2.065,1440601915810,"4,618",67% bullish,of 3 ratings,N/A
XENT,$25.21,1440601915878,"24,140",50% bullish,of 2 ratings,$36.50
IILG,$19.3,1440601915937,"32,488",100% bearish,of 1 rating,$29
ISIL,$9.98,1440601916036,"112,330",50% bullish,of 6 ratings,$15
IVAC,$4.65,1440601916062,"6,111",100% bearish,of 1 rating,$6.625
INTL,$25.74,1440601916093,"17,851",67% bearish,of 3 ratings,N/A
ITCI,$25.1001,1440601916120,"195,755",75% bearish,of 4 ratings,$40
IIN,$6.02,1440601916192,100,100% bearish,of 1 rating,$12
INTLL,$25.78,1440601916423,"1,350",Not yet rated,NULL,N/A
INVT,$0.2621,1440601916444,"17,302",67% bullish,of 3 ratings,N/A
INTU,$82.525,1440601916475,"724,256",86% bullish,of 7 ratings,$107.50
ISRG,$497.49,1440601916526,"26,781",67% bullish,of 3 ratings,$600
ISBC,$11.35,1440601916719,"332,736",100% bullish,of 1 rating,$13.25
ISTR,$15.68,1440601916802,102,100% bearish,of 1 rating,$18.50
NVIV,$9.2619,1440601916900,"69,301",50% bullish,of 4 ratings,$24.50
IVTY,$12.57,1440601916934,"1,954",Not yet rated,NULL,$18
IPAS,$1.06,1440601916955,"1,224",67% bullish,of 3 ratings,N/A
ITIC,$69.1,1440601916996,200,100% bearish,of 2 ratings,N/A
DTUL,NULL,1440601917025,0,Not yet rated,NULL,N/A
SNAK,$8.26,1440601917097,"60,328",50% bullish,of 2 ratings,$14
DFVL,NULL,1440601917231,0,Not yet rated,NULL,N/A
IPGP,$83.2499,1440601917392,"60,058",100% bearish,of 2 ratings,$109.50
IPCM,$79.11,1440601917419,"40,033",50% bullish,of 2 ratings,$80.125
IRIX,$6.69,1440601917440,"25,711",100% bearish,of 1 rating,N/A
IRDM,$6.76,1440601917594,"105,507",60% bullish,of 5 ratings,$11.50
IRMD,$24.89,1440601917623,"1,909",67% bearish,of 3 ratings,$25
IRDMB,$270.3,1440601917753,306,67% bearish,of 3 ratings,N/A
IRBT,$28.03,1440601917779,"67,613",67% bullish,of 6 ratings,$37
IRCP,NULL,1440601917912,0,100% bullish,of 2 ratings,N/A
COMT,$31.07,1440601917946,"1,771",100% bearish,of 1 rating,N/A
IRWD,$10.76,1440601917967,"124,991",100% bearish,of 1 rating,$13
GNMA,$50.23,1440601918001,"1,829",Not yet rated,NULL,N/A
FCHI,NULL,1440601918047,0,NULL,NULL,NULL
IFAS,NULL,1440601918099,0,NULL,NULL,NULL
IFNA,NULL,1440601918254,0,NULL,NULL,NULL
IFEU,$38.07,1440601918280,100,Not yet rated,NULL,N/A
AAXJ,$51.4901,1440601918411,"485,501",Not yet rated,NULL,N/A
ACWX,$39.8428,1440601918436,"467,758",100% bearish,of 1 rating,N/A
IFGL,$27.9855,1440601918468,"13,421",Not yet rated,NULL,N/A
ACWI,$54.085,1440601918567,"449,446",Not yet rated,NULL,N/A
AAIT,NULL,1440601918708,0,NULL,NULL,NULL
EEME,NULL,1440601918767,0,NULL,NULL,NULL
AXJS,NULL,1440601918790,0,NULL,NULL,NULL
EMDI,NULL,1440601918813,0,NULL,NULL,NULL
EGRW,NULL,1440601918977,0,NULL,NULL,NULL
EMEY,NULL,1440601919008,0,NULL,NULL,NULL
EEMA,$48.35,1440601919070,"4,877",Not yet rated,NULL,N/A
EVAL,NULL,1440601919101,0,NULL,NULL,NULL
EEML,$26.308,1440601919127,"1,786",Not yet rated,NULL,N/A
EUFN,$21.6245,1440601919274,"39,674",100% bearish,of 1 rating,N/A
IEUS,$44.99,1440601919328,"2,128",100% bearish,of 1 rating,N/A
QAT,$20.285,1440601919478,688,Not yet rated,NULL,N/A
IBB,$328.88,1440601919504,"337,059",63% bullish,of 8 ratings,N/A
UAE,$16.815,1440601919557,300,Not yet rated,NULL,N/A
SOXX,$77.47,1440601919630,"176,556",50% bullish,of 2 ratings,N/A
EMIF,$27.25,1440601919655,"26,266",Not yet rated,NULL,N/A
ICLN,$9.21,1440601919731,"6,693",50% bullish,of 2 ratings,N/A
WOOD,$46.77,1440601919868,"1,879",50% bullish,of 2 ratings,N/A
ISHG,$80.5868,1440601919929,"6,818",100% bearish,of 1 rating,N/A
INDY,$26.9236,1440601919998,"39,307",50% bullish,of 2 ratings,N/A
IGOV,$92.1444,1440601920061,"23,189",100% bearish,of 1 rating,N/A
ISIS,$47.3499,1440601920087,"432,881",53% bullish,of 15 ratings,$67
ISLE,$16.35,1440601920128,"56,279",50% bullish,of 4 ratings,$16
ITRI,$30.1,1440601920265,"62,946",Not yet rated,NULL,$37
ISRL,$125,1440601920307,115,100% bearish,of 1 rating,N/A
ITUS,NULL,1440601920499,0,Not yet rated,NULL,N/A
ITRN,$23.58,1440601920558,"1,286",50% bullish,of 2 ratings,N/A
IXYS,$10.27,1440601920584,"23,513",50% bullish,of 4 ratings,N/A
XXIA,$14.85,1440601920716,"44,759",71% bullish,of 7 ratings,$14.625
JBHT,$72.95,1440601920743,"143,637",50% bullish,of 4 ratings,$89.50
JJSF,$111.55,1440601920770,"8,760",100% bearish,of 1 rating,N/A
MAYS,NULL,1440601920924,0,Not yet rated,NULL,N/A
JASO,$7.37,1440601921058,"260,106",82% bullish,of 17 ratings,$10
JKHY,$67.63,1440601921086,"209,657",50% bullish,of 2 ratings,$72
JCOM,$65.9,1440601921112,"24,108",100% bullish,of 2 ratings,$77
JACK,$78.08,1440601921137,"65,007",83% bullish,of 6 ratings,$105
JXSB,$23.81,1440601921279,200,Not yet rated,NULL,N/A
JAGX,$3.02,1440601921363,"1,250",Not yet rated,NULL,N/A
JAXB,$12.25,1440601921446,"50,100",100% bullish,of 1 rating,N/A
JMBA,$13.16,1440601921591,"32,538",75% bullish,of 4 ratings,$18
JAKK,$9.07,1440601921622,"131,867",60% bearish,of 5 ratings,$11
JRVR,$26.14,1440601921644,"16,268",Not yet rated,NULL,$32
ERW,NULL,1440601921673,0,Not yet rated,NULL,N/A
JASN,$4.76,1440601921726,"7,729",50% bullish,of 2 ratings,$9.50
JASNW,NULL,1440601921806,0,50% bullish,of 2 ratings,N/A
JD,$25.12,1440601922001,"2,387,300",75% bullish,of 16 ratings,$36
JBLU,$21.5565,1440601922087,"1,676,738",94% bullish,of 18 ratings,$27
JCTCF,$9.5,1440601922150,100,100% bullish,of 1 rating,N/A
DATE,$5.785,1440601922189,"42,757",75% bullish,of 4 ratings,$9
JTPY,$2.92,1440601922216,920,100% bearish,of 1 rating,N/A
JST,$3.74,1440601922241,"10,898",75% bullish,of 4 ratings,N/A
JAZZ,$160.74,1440601922284,"75,551",80% bullish,of 15 ratings,$206.50
WYIGU,NULL,1440601922532,0,Not yet rated,NULL,N/A
JIVE,$4.19,1440601922559,"153,948",75% bullish,of 4 ratings,$5
JOUT,$23.4,1440601922690,"5,287",100% bearish,of 1 rating,$34
JBSS,$51.24,1440601922719,"14,465",67% bearish,of 3 ratings,N/A
JNP,$9.2318,1440601922740,"7,815",100% bullish,of 3 ratings,$15
JOEZ,$0.1802,1440601922771,"85,414",92% bullish,of 12 ratings,N/A
JUNO,$35.34,1440601922792,"297,108",73% bullish,of 11 ratings,$71.50
KALU,$78.91,1440601922954,"20,260",67% bearish,of 3 ratings,$91
KNDI,$5.869,1440601923156,"88,227",86% bullish,of 22 ratings,N/A
KMDA,$3.27,1440601923293,800,50% bullish,of 2 ratings,$8
KBIO,$1.9401,1440601923320,"1,154",50% bullish,of 4 ratings,N/A
KPTI,$12.825,1440601923346,"55,920",67% bearish,of 3 ratings,$39
KTWO,$20.96,1440601923371,"24,469",100% bearish,of 1 rating,$28.50
KCLI,$45.96,1440601923397,"3,880",Not yet rated,NULL,N/A
KBSF,NULL,1440601923529,0,100% bullish,of 1 rating,N/A
KCAP,$4.41,1440601923660,"41,405",75% bullish,of 4 ratings,$6
KRNY,$11.1399,1440601923722,"239,371",100% bearish,of 1 rating,$12
KELYB,NULL,1440601923747,0,50% bullish,of 2 ratings,N/A
KERX,$5.64,1440601923883,"179,445",82% bullish,of 11 ratings,$12
KMPH,$19.51,1440601924015,"11,105",100% bearish,of 2 ratings,$22
GMCR,$50.83,1440601924082,"532,653",71% bullish,of 42 ratings,$64
KFFB,NULL,1440601924103,0,100% bearish,of 1 rating,N/A
KELYA,$13.5314,1440601924132,"36,644",67% bullish,of 6 ratings,$20
KEQU,$16.93,1440601924186,200,100% bullish,of 1 rating,N/A
KTEC,$11.99,1440601924277,40,Not yet rated,NULL,N/A
KFRC,$25.95,1440601924422,"29,945",100% bullish,of 2 ratings,$29
KBAL,$10.42,1440601924463,"11,904",50% bullish,of 2 ratings,N/A
KTCC,$10.03,1440601924490,"6,627",100% bearish,of 1 rating,$16
KE,$11.3,1440601924626,"3,622",67% bearish,of 3 ratings,$16
KGJI,$0.64,1440601924656,"10,140",89% bullish,of 9 ratings,N/A
