Symbol,Price,Date,Volume,Rating,RatingVoteCount,OneYearEstimate
TFSCR,NULL,1440692102384,0,Not yet rated,NULL,N/A
FCCY,$11.69,1440692102409,110,100% bullish,of 1 rating,$13
TFSC,NULL,1440692102439,0,100% bearish,of 1 rating,N/A
TFSCU,NULL,1440692102550,0,Not yet rated,NULL,N/A
FCTY,NULL,1440692102579,0,100% bullish,of 1 rating,$8.50
FLWS,$8.51,1440692102606,"549,054",80% bullish,of 5 ratings,$15
TFSCW,NULL,1440692102638,0,100% bearish,of 1 rating,N/A
PIH,$7.38,1440692102679,"3,000",100% bearish,of 1 rating,N/A
DSLV,$71.18,1440692102742,"13,214",100% bearish,of 1 rating,N/A
SRCE,$29.41,1440692102767,"10,394",100% bullish,of 3 ratings,$33
VNET,$18.16,1440692102816,"510,770",60% bullish,of 5 ratings,$29.50
JOBS,$27.65,1440692103079,"33,000",50% bullish,of 4 ratings,$36
USLV,$12.1225,1440692103124,"226,563",86% bullish,of 7 ratings,N/A
TWOU,$35.15,1440692103150,"75,810",50% bullish,of 2 ratings,$39
UGLD,$9.02,1440692103179,"839,443",100% bearish,of 1 rating,N/A
DGLD,$83.45,1440692103282,"20,409",100% bullish,of 1 rating,N/A
EGHT,$7.93,1440692103414,"132,307",82% bullish,of 17 ratings,$11
CAFD,$14.77,1440692103439,"107,611",Not yet rated,NULL,$25
SIXD,$2.77,1440692103512,"107,505",Not yet rated,NULL,N/A
ABAX,$47.3942,1440692103570,"48,183",100% bearish,of 1 rating,$60
AVHI,$14.16,1440692103702,"30,054",100% bearish,of 1 rating,$19
SHLM,$34.25,1440692103736,"28,127",100% bearish,of 1 rating,$47
ABY,$21.73,1440692103795,"150,775",100% bearish,of 2 ratings,$46
ABGB,$5.93,1440692103832,"183,519",67% bullish,of 3 ratings,$5.50
AAON,$20.64,1440692103865,"26,183",100% bearish,of 1 rating,$24
ABEOW,$1.3457,1440692103893,"1,661",100% bullish,of 1 rating,N/A
ABEO,$4.75,1440692104214,"35,713",50% bullish,of 4 ratings,$15.50
ACAD,$38.13,1440692104412,"397,168",80% bullish,of 20 ratings,$48
ACTG,$9.22,1440692104441,"66,408",67% bullish,of 3 ratings,$18.50
ACHC,$74.145,1440692104468,"252,996",50% bullish,of 2 ratings,$92
AXAS,$1.79,1440692104498,"441,932",78% bullish,of 9 ratings,$3.50
ABMD,$98.33,1440692104541,"161,781",75% bullish,of 4 ratings,$100.50
AXDX,$18.34,1440692104602,"63,714",100% bearish,of 1 rating,N/A
ACST,$0.3351,1440692104630,"36,540",100% bullish,of 2 ratings,N/A
ANCX,$19.78,1440692104732,"7,604",Not yet rated,NULL,$20
ARAY,$6.44,1440692104761,"250,947",100% bearish,of 1 rating,$10.50
XLRN,$28.81,1440692104916,"54,008",50% bullish,of 2 ratings,$57
VXDN,$2.05,1440692105046,"41,805",100% bearish,of 1 rating,N/A
ACRX,$4.29,1440692105077,"104,570",67% bearish,of 6 ratings,$5.50
ACET,$22.62,1440692105098,"51,742",75% bullish,of 4 ratings,$30
VXUP,$1.4892,1440692105127,"27,210",100% bearish,of 1 rating,N/A
AKAO,$6.76,1440692105262,"21,397",75% bullish,of 4 ratings,$15
ACHN,$7.56,1440692105290,"539,228",90% bullish,of 21 ratings,$16
ACNB,$20.324,1440692105420,626,Not yet rated,NULL,N/A
ACOR,$31.275,1440692105478,"223,390",67% bearish,of 3 ratings,$38.50
ACPW,$1.83,1440692105612,"7,891",100% bullish,of 4 ratings,$3.50
ACTS,$1.6899,1440692105639,"44,241",100% bearish,of 1 rating,N/A
ACIW,$20.96,1440692105680,"170,531",67% bearish,of 3 ratings,$24
ATVI,$28.0725,1440692105707,"1,850,649",68% bullish,of 84 ratings,$31.50
ACTA,$13.09,1440692105769,"49,368",67% bearish,of 3 ratings,$25
ACUR,$0.5199,1440692105845,"23,137",100% bullish,of 5 ratings,$1
ADMS,$20.07,1440692105976,"27,525",100% bearish,of 2 ratings,$36
ADMP,$3.763,1440692106067,"8,284",50% bullish,of 2 ratings,$10
ADAP,$12,1440692106208,"17,000",67% bullish,of 3 ratings,$22
ACXM,$20.8,1440692106249,"96,091",67% bullish,of 3 ratings,N/A
AEY,$2.358,1440692106306,"3,904",100% bearish,of 2 ratings,N/A
ADEP,$6.7,1440692106403,"9,356",50% bullish,of 2 ratings,$10.75
ADUS,$28.85,1440692106430,"16,976",100% bearish,of 1 rating,$31
ADMA,$9.2099,1440692106458,"1,230",Not yet rated,NULL,$19
ADBE,$78.88,1440692106599,"1,057,015",65% bullish,of 17 ratings,$90
ADTN,$15.66,1440692106648,"82,804",67% bullish,of 3 ratings,$17.125
ADRO,$21.87,1440692106673,"102,233",80% bullish,of 5 ratings,$45.50
AMD,$1.82,1440692106745,"2,752,972",83% bullish,of 103 ratings,$2
AEIS,$24.7,1440692106773,"38,157",50% bullish,of 2 ratings,$32.50
ADXSW,$10.13,1440692106920,"5,850",100% bullish,of 1 rating,N/A
ADXS,$14.9867,1440692106952,"381,379",64% bullish,of 14 ratings,$27
MULT,NULL,1440692107051,0,100% bearish,of 1 rating,N/A
YPRO,NULL,1440692107110,0,100% bearish,of 1 rating,N/A
AEGR,$17.74,1440692107195,"177,721",50% bullish,of 6 ratings,$26
AEGN,$18.26,1440692107248,"34,340",100% bearish,of 2 ratings,$21
AEHR,$2.26,1440692107327,"1,750",50% bullish,of 2 ratings,N/A
AMTX,$2.57,1440692107381,"9,351",50% bullish,of 2 ratings,$26.11
AVAV,$24.036,1440692107569,"17,991",50% bullish,of 4 ratings,$31
AERI,$16.53,1440692107605,"247,782",75% bullish,of 4 ratings,$31.50
AEMD,$6.9,1440692107627,"39,606",Not yet rated,NULL,$27.50
AEPI,$54.245,1440692107658,"3,788",100% bearish,of 1 rating,N/A
AEZS,$0.0828,1440692107680,"3,876,363",90% bullish,of 21 ratings,$1.50
AFMD,$10.31,1440692107714,"45,692",50% bullish,of 4 ratings,$15
AFFX,$9.62,1440692107820,"169,002",80% bullish,of 5 ratings,$12
AGRX,$8.21,1440692107997,"4,011",100% bearish,of 1 rating,$17.50
AGIO,$91.5,1440692108029,"109,973",88% bullish,of 8 ratings,$114
AGEN,$6.93,1440692108097,"276,688",85% bullish,of 13 ratings,$14
AGFSW,$2,1440692108125,"15,700",100% bearish,of 2 ratings,N/A
AGYS,$9.5857,1440692108158,"5,992",100% bearish,of 1 rating,N/A
AGFS,$10.19,1440692108197,"18,234",100% bearish,of 1 rating,N/A
AIMT,$22.1318,1440692108433,"18,353",Not yet rated,NULL,N/A
AIRM,$36.9,1440692108460,"47,042",80% bearish,of 5 ratings,$53
AIRT,$21.49,1440692108481,200,100% bullish,of 1 rating,N/A
AKAM,$70.43,1440692108535,"295,331",63% bullish,of 8 ratings,$77
ATSG,$8.94,1440692108613,"43,751",67% bullish,of 3 ratings,$13
AIXG,$6,1440692108640,"15,896",67% bearish,of 3 ratings,$5.25
AMCN,$4.55,1440692108678,"307,578",83% bullish,of 6 ratings,N/A
AKER,$2.69,1440692108858,"3,142",Not yet rated,NULL,N/A
AKRX,$41.52,1440692108947,"282,255",78% bullish,of 9 ratings,$56
AKBA,$6.39,1440692108973,"60,795",100% bearish,of 1 rating,$18
ALRM,$16.95,1440692109104,"37,515",100% bearish,of 1 rating,$22
ALSK,$2.01,1440692109175,"131,737",78% bullish,of 18 ratings,$2
ABDC,$12.1,1440692109235,"12,405",Not yet rated,NULL,$15
AMRI,$19.92,1440692109260,"40,688",75% bearish,of 4 ratings,$24
ADHD,$7.69,1440692109291,"104,198",50% bullish,of 4 ratings,$18
ALDR,$38.68,1440692109317,"77,478",67% bearish,of 3 ratings,$62
ALXN,$177.65,1440692109604,"395,107",88% bullish,of 8 ratings,$223
ALXA,$1.14,1440692109638,"12,676",83% bullish,of 6 ratings,$2.125
ALDX,$7.2,1440692109701,"4,491",100% bearish,of 1 rating,$14.50
ALKS,$60.97,1440692109733,"143,386",67% bullish,of 3 ratings,$75
ALCO,$41.7,1440692109766,534,50% bullish,of 2 ratings,N/A
ALGN,$57.06,1440692109834,"99,051",100% bearish,of 2 ratings,$73
ALIM,$3.425,1440692109908,"29,776",80% bullish,of 5 ratings,$10
AIQ,$13.45,1440692110126,"2,700",67% bullish,of 3 ratings,N/A
ALLB,$22.79,1440692110211,100,Not yet rated,NULL,N/A
AHGP,$36.31,1440692110256,"89,226",67% bullish,of 3 ratings,N/A
AHPI,NULL,1440692110281,0,50% bullish,of 2 ratings,N/A
AFOP,$18.81,1440692110307,"62,179",75% bullish,of 8 ratings,$21
ALGT,$210.5,1440692110337,"41,108",100% bearish,of 2 ratings,$235
AMOT,$18.67,1440692110470,"41,369",100% bearish,of 1 rating,N/A
ARLP,$25.32,1440692110530,"124,775",67% bearish,of 3 ratings,$32
ALQA,$4.35,1440692110556,"2,550",75% bullish,of 4 ratings,$8.50
ALLT,$4.96,1440692110637,"27,663",75% bullish,of 4 ratings,$6.25
MDRX,$13.665,1440692110769,"382,367",60% bullish,of 5 ratings,$16
AFAM,$45.82,1440692110844,"23,672",50% bullish,of 2 ratings,$44
ALNY,$106.26,1440692111011,"149,227",67% bullish,of 3 ratings,$148.50
SMCP,NULL,1440692111064,0,Not yet rated,NULL,N/A
AOSL,$7.3,1440692111093,"23,499",67% bullish,of 3 ratings,$9
ATEC,$0.5795,1440692111196,"35,380",100% bullish,of 1 rating,$2
ALTR,$48.723,1440692111217,"781,483",80% bearish,of 5 ratings,$54
ASPS,$26.03,1440692111250,"82,974",67% bullish,of 3 ratings,$46.50
AMRN,$2.05,1440692111276,"466,789",85% bullish,of 39 ratings,$8
AMRK,NULL,1440692111417,0,50% bullish,of 2 ratings,$14
AMAG,$65.87,1440692111553,"125,905",100% bullish,of 2 ratings,$77.50
AYA,$20.86,1440692111583,"19,287",100% bearish,of 1 rating,$40
AMZN,$516.3072,1440692111683,"1,566,800",81% bullish,of 264 ratings,$646
AIMC,$24.68,1440692111724,"14,912",100% bearish,of 2 ratings,$28.50
AMBCW,$7.03,1440692111750,"3,000",100% bearish,of 1 rating,N/A
AMBA,$93.14,1440692111823,"1,069,960",83% bullish,of 12 ratings,$102.50
AMBC,$15.91,1440692111885,"80,052",100% bearish,of 1 rating,$16.50
DOX,$57.73,1440692111917,"113,159",67% bearish,of 3 ratings,$60
EPAX,$2.69,1440692111984,"8,292",100% bearish,of 1 rating,N/A
AMCX,$72.05,1440692112019,"229,446",67% bullish,of 3 ratings,$87.50
AMDA,$0.489,1440692112118,"479,426",90% bullish,of 10 ratings,$1
UHAL,$376.54,1440692112147,"5,699",100% bullish,of 2 ratings,$393.50
AMED,$39.32,1440692112248,"64,825",100% bearish,of 1 rating,$42
ASBI,$22.45,1440692112342,100,Not yet rated,NULL,N/A
ATAX,$5.15,1440692112370,"25,949",100% bullish,of 1 rating,$6.50
AAL,$38.39,1440692112571,"3,482,805",93% bullish,of 88 ratings,$57
AGNC,$19.501,1440692112603,"1,033,011",71% bullish,of 28 ratings,$22
AMOV,$18.05,1440692112699,"1,553",100% bearish,of 1 rating,N/A
AGNCB,$24.24,1440692112725,"12,040",Not yet rated,NULL,N/A
AGNCP,$25.2285,1440692112754,"3,200",Not yet rated,NULL,N/A
MTGEP,$24.5,1440692112798,631,Not yet rated,NULL,N/A
MTGE,$15.54,1440692112856,"133,486",75% bullish,of 4 ratings,$19.50
ACAS,$13.725,1440692113058,"881,663",60% bullish,of 5 ratings,$16.75
AETI,$3.8,1440692113136,"2,969",67% bearish,of 3 ratings,N/A
AMIC,$9.62,1440692113192,200,Not yet rated,NULL,N/A
ACSF,$12.0601,1440692113218,"31,344",100% bearish,of 1 rating,$15
ANCI,$1.52,1440692113350,350,100% bearish,of 1 rating,N/A
AMNB,$23,1440692113380,"4,374",Not yet rated,NULL,$25.50
ANAT,$100.74,1440692113476,"4,678",100% bullish,of 1 rating,N/A
AMSWA,$8.576,1440692113555,"8,034",100% bearish,of 2 ratings,$10.75
APEI,$21.9024,1440692113589,"29,549",100% bearish,of 1 rating,$25.50
ARII,$39.47,1440692113616,"184,131",67% bearish,of 3 ratings,$45
AMRB,$10.0936,1440692113641,800,Not yet rated,NULL,$11
ASEI,$37.18,1440692113685,"9,442",100% bearish,of 1 rating,$52.50
AMSC,$4.505,1440692113866,"152,510",50% bullish,of 4 ratings,N/A
AMWD,$66.99,1440692113925,"27,066",50% bullish,of 2 ratings,$70
CRMT,$36.391,1440692114015,"11,563",100% bearish,of 1 rating,$39
ABCB,$26.86,1440692114070,"18,876",Not yet rated,NULL,$31
AMSF,$46.73,1440692114107,"17,339",Not yet rated,NULL,$57.50
ASRV,$3.29,1440692114263,300,100% bullish,of 2 ratings,N/A
AMGN,$155.55,1440692114312,"1,094,310",89% bullish,of 19 ratings,$185
FOLD,$15,1440692114389,"361,161",56% bullish,of 9 ratings,$21
ASRVP,NULL,1440692114442,0,Not yet rated,NULL,N/A
AMKR,$5.03,1440692114473,"438,756",100% bearish,of 2 ratings,$5
AMSG,$81.05,1440692114503,"90,000",100% bearish,of 1 rating,$85.50
ATLO,$23.89,1440692114533,"2,296",Not yet rated,NULL,N/A
AMPH,$13.76,1440692114604,"55,171",50% bullish,of 2 ratings,$20
AMSGP,$141.83,1440692114755,12,Not yet rated,NULL,N/A
AFSI,$59.2004,1440692114887,"128,705",60% bullish,of 5 ratings,$72
ASYS,$5.5,1440692114912,"21,383",67% bullish,of 3 ratings,$12
ANAC,$133.32,1440692115139,"127,893",80% bullish,of 5 ratings,$180.50
ABCW,$39.9005,1440692115271,"3,146",67% bullish,of 3 ratings,N/A
AMCF,$0.25,1440692115298,700,100% bullish,of 7 ratings,N/A
ANAD,$0.3301,1440692115325,"144,077",100% bullish,of 2 ratings,$.50
AMRS,$1.65,1440692115476,"12,550",70% bullish,of 10 ratings,N/A
ALOG,$79.7299,1440692115583,"20,704",100% bearish,of 2 ratings,$100.50
ADI,$55.765,1440692115610,"844,688",67% bullish,of 3 ratings,$69
ANIK,$35.14,1440692115692,"30,404",60% bullish,of 5 ratings,$51.25
ANGI,$4.92,1440692115755,"119,102",64% bullish,of 11 ratings,$5.50
ANGO,$14.91,1440692115824,"44,798",67% bullish,of 3 ratings,$19
ANCB,$23,1440692115854,800,Not yet rated,NULL,$23
ANSS,$89.71,1440692115882,"96,338",100% bearish,of 1 rating,$100
ANIP,$50.1,1440692115930,"63,614",89% bullish,of 19 ratings,$66
ATRS,$1.74,1440692116100,"160,472",92% bullish,of 12 ratings,$4.50
ANTH,$7.4701,1440692116182,"237,830",80% bullish,of 10 ratings,$13
APOG,$49.94,1440692116268,"38,936",50% bullish,of 2 ratings,$67
APIC,$6.58,1440692116314,"23,638",100% bearish,of 1 rating,$19
ABAC,$0.75,1440692116343,"2,902",100% bearish,of 1 rating,N/A
APOL,$11.25,1440692116455,"307,177",87% bearish,of 68 ratings,$14
APPF,$17.38,1440692116558,"25,270",50% bullish,of 2 ratings,$22
AAPL,$112.3262,1440692116586,"21,732,495",86% bullish,of 2350 ratings,$150
ATNY,$2.34,1440692116726,"1,100",50% bullish,of 2 ratings,$3.75
APDN,$3.47,1440692116759,"15,505",Not yet rated,NULL,$9
AINV,$6.565,1440692116785,"284,987",50% bullish,of 4 ratings,$8
ARCI,NULL,1440692116832,0,Not yet rated,NULL,N/A
APDNW,$1.17,1440692116888,700,Not yet rated,NULL,N/A
AGTC,$15.43,1440692116914,"44,015",50% bullish,of 2 ratings,$33
AMAT,$15.79,1440692117046,"4,386,118",82% bullish,of 11 ratings,$23
AMCC,$5.61,1440692117209,"122,332",80% bullish,of 5 ratings,$8
AQMS,$4.98,1440692117356,"3,850",Not yet rated,NULL,N/A
AQXP,$17.6487,1440692117404,"241,948",50% bullish,of 2 ratings,$2
AAOI,$20.7099,1440692117438,"123,566",50% bullish,of 4 ratings,$26
APRI,$1.2163,1440692117504,"5,874",83% bullish,of 6 ratings,$4.86
APTO,$5.06,1440692117530,"1,801",Not yet rated,NULL,$17
AREX,$2.1,1440692117557,"414,771",100% bearish,of 1 rating,$3
AUMAU,$9.95,1440692117610,"4,100",Not yet rated,NULL,N/A
AUMAW,NULL,1440692117802,0,Not yet rated,NULL,N/A
AUMA,NULL,1440692117833,0,Not yet rated,NULL,N/A
ARDM,NULL,1440692117858,0,100% bullish,of 1 rating,$26
PETX,$17.38,1440692118102,"62,211",100% bearish,of 2 ratings,$26
ABUS,$7.03,1440692118131,"140,666",86% bullish,of 14 ratings,$23
ARCW,$3.75,1440692118157,"3,433",100% bearish,of 2 ratings,$10.50
ABIO,$0.88,1440692118235,"45,938",50% bullish,of 2 ratings,$3.75
RKDA,$6.18,1440692118395,"9,764",100% bearish,of 2 ratings,$10
ARCB,$29.07,1440692118426,"45,564",67% bearish,of 3 ratings,$39.50
ACGL,$67.8465,1440692118460,"58,661",50% bullish,of 2 ratings,$72
ARDX,$17.75,1440692118524,"46,907",50% bullish,of 2 ratings,$24.50
ARCC,$15.31,1440692118661,"522,923",67% bearish,of 3 ratings,$17.875
AGII,$55.49,1440692118752,"42,762",Not yet rated,NULL,$59.50
ACAT,$25.56,1440692118822,"43,584",100% bearish,of 3 ratings,$33
ARNA,$2.65,1440692118882,"1,107,217",90% bullish,of 77 ratings,$5.50
ARGS,$6.155,1440692118907,"15,686",50% bullish,of 2 ratings,$19.50
ARIA,$6.885,1440692118951,"887,432",87% bullish,of 46 ratings,$9
AGIIL,$25.65,1440692119086,925,Not yet rated,NULL,N/A
ARIS,$4.075,1440692119141,"39,650",Not yet rated,NULL,$4.50
ARKR,$24.9,1440692119296,2,50% bullish,of 2 ratings,N/A
ARMH,$42.58,1440692119402,"1,243,542",54% bearish,of 13 ratings,$61
ARTX,$1.46,1440692119437,"29,322",88% bullish,of 16 ratings,$4.50
ARWA,NULL,1440692119463,0,Not yet rated,NULL,N/A
ARWAU,NULL,1440692119504,0,100% bullish,of 1 rating,N/A
ARWAR,NULL,1440692119608,0,Not yet rated,NULL,N/A
ARQL,$1.727,1440692119772,"55,743",75% bullish,of 4 ratings,$5
ARRY,$5.82,1440692119903,"411,815",100% bullish,of 7 ratings,$10
DWAT,$9.9,1440692119930,"2,800",100% bearish,of 1 rating,N/A
ARWAW,$0.125,1440692119965,"4,805",Not yet rated,NULL,N/A
ARWR,$5.68,1440692119987,"260,287",75% bullish,of 4 ratings,$10.50
ARRS,$26.3,1440692120062,"203,175",50% bullish,of 2 ratings,$38
AROW,$27.3,1440692120087,"4,016",Not yet rated,NULL,N/A
ASBB,$24.28,1440692120315,100,Not yet rated,NULL,N/A
ASND,$20.73,1440692120342,"28,278",100% bullish,of 1 rating,$30
ARTNA,$21.99,1440692120381,"9,543",100% bearish,of 1 rating,$29
ASNA,$11.65,1440692120409,"554,334",50% bullish,of 2 ratings,$18
ARTW,$4.32,1440692120478,93,75% bearish,of 4 ratings,N/A
ASTI,$0.114,1440692120576,"1,132,214",83% bullish,of 6 ratings,$3
APWC,$1.6,1440692120608,"6,462",100% bearish,of 1 rating,N/A
ASCMA,$26.56,1440692120682,"24,938",100% bearish,of 1 rating,$45
ASMI,NULL,1440692120705,0,NULL,NULL,NULL
ASML,$91.27,1440692120838,"535,852",50% bullish,of 4 ratings,$127
ASMB,$13.2299,1440692121080,"15,128",67% bullish,of 3 ratings,N/A
ATRO,$53.4,1440692121112,"62,477",100% bearish,of 2 ratings,$80
AZPN,$38.15,1440692121133,"135,837",50% bullish,of 2 ratings,$42
ASFI,$8.89,1440692121209,"1,634",100% bullish,of 1 rating,N/A
ALOT,NULL,1440692121342,0,100% bearish,of 1 rating,N/A
ASUR,$5.66,1440692121397,"7,250",50% bullish,of 2 ratings,$8
ASTE,$36.88,1440692121475,"37,195",100% bearish,of 1 rating,$48
ASTC,$1.92,1440692121506,"7,040",100% bullish,of 5 ratings,N/A
ATHN,$135.1,1440692121607,"64,836",67% bearish,of 3 ratings,$153
ATAI,$2.45,1440692121651,"1,159",100% bearish,of 1 rating,N/A
ATRA,$38.28,1440692121700,"45,278",50% bullish,of 2 ratings,$68
ATHX,$1.1413,1440692121798,"45,775",89% bullish,of 9 ratings,$5
AFCB,$27.3,1440692121927,200,Not yet rated,NULL,N/A
AAME,$3.54,1440692122023,200,Not yet rated,NULL,N/A
AAPC,$10.1,1440692122068,16,Not yet rated,NULL,N/A
ATNI,$71.35,1440692122204,"27,858",100% bearish,of 1 rating,$69.50
ACFC,$5.2928,1440692122230,"36,186",100% bearish,of 1 rating,$6.50
ATLC,$3.86,1440692122257,2,67% bullish,of 3 ratings,N/A
AAWW,$41.09,1440692122309,"92,597",50% bullish,of 2 ratings,$65
AFH,$16.35,1440692122444,"28,863",Not yet rated,NULL,$21.50
ATOS,$0.7402,1440692122473,"52,096",100% bullish,of 7 ratings,$7
ATML,$7.89,1440692122545,"1,059,489",78% bullish,of 9 ratings,$9.50
ATRI,$377.65,1440692122606,"2,026",Not yet rated,NULL,N/A
ATRC,$25.2982,1440692122678,"49,346",100% bullish,of 1 rating,$30
ATRM,$2.82,1440692122748,"1,455",50% bullish,of 2 ratings,N/A
LIFE,$15.71,1440692122773,"11,172",86% bullish,of 7 ratings,$43
AUBN,$26.96,1440692122901,550,Not yet rated,NULL,N/A
ATTU,$13.2701,1440692122989,"16,521",100% bearish,of 1 rating,$20.50
AUDC,$3.165,1440692123035,"26,341",80% bullish,of 5 ratings,$5
ADSK,$50.42,1440692123266,"1,074,438",67% bullish,of 6 ratings,$69.50
ABTL,$17.7897,1440692123371,"58,129",100% bullish,of 4 ratings,$20.25
ADP,$78.39,1440692123396,"530,983",100% bearish,of 1 rating,$88
AVEO,$1.3888,1440692123737,"390,673",75% bullish,of 8 ratings,$3
ADAT,$0.3403,1440692125242,"274,577",100% bullish,of 2 ratings,N/A
AUPH,$2.9775,1440692125291,"7,600",100% bearish,of 1 rating,$8
EARS,$4.86,1440692125317,"2,850",100% bearish,of 2 ratings,$11.50
AAVL,$10.795,1440692125386,"116,681",100% bearish,of 1 rating,$20
AVGO,$125.49,1440692125411,"2,862,901",88% bullish,of 8 ratings,$165
AVNW,$1.1825,1440692125555,"42,820",50% bullish,of 2 ratings,$2.20
AVNU,$12.358,1440692125581,906,Not yet rated,NULL,$14
CAR,$43.55,1440692125714,"529,849",80% bullish,of 5 ratings,$60
AVGR,$14.27,1440692125758,"10,468",100% bearish,of 1 rating,$20
AXPW,$1.04,1440692125787,"39,414",83% bullish,of 6 ratings,N/A
ACLS,$3.19,1440692125812,"135,091",67% bullish,of 6 ratings,$4.75
AVID,$8.14,1440692125838,"198,752",100% bearish,of 1 rating,$20
AXPWW,NULL,1440692125985,0,Not yet rated,NULL,N/A
AWRE,$3.085,1440692126033,"4,483",67% bullish,of 3 ratings,N/A
BCOM,$19.003,1440692126228,984,100% bearish,of 1 rating,N/A
AXTI,$2.18,1440692126275,"1,268",50% bullish,of 2 ratings,$2.75
RILY,$9.78,1440692126301,200,Not yet rated,NULL,N/A
AXGN,$3.9804,1440692126330,"33,055",Not yet rated,NULL,$5
BIDU,$150.48,1440692126432,"1,696,363",81% bullish,of 88 ratings,$210
BOSC,$2.1101,1440692126461,"4,301",50% bullish,of 2 ratings,N/A
BEAV,$49.04,1440692126560,"252,534",67% bearish,of 3 ratings,$59
BWINA,NULL,1440692126648,0,Not yet rated,NULL,N/A
BCPC,$57.985,1440692126721,"30,179",100% bearish,of 1 rating,$75
BWINB,$22.8597,1440692126749,"3,262",Not yet rated,NULL,N/A
BLDP,$1.2101,1440692126788,"261,922",91% bullish,of 22 ratings,$2.50
BANFP,NULL,1440692126885,0,Not yet rated,NULL,N/A
BKMU,$6.96,1440692127033,"40,006",Not yet rated,NULL,$8
BANF,$59.19,1440692127059,"2,710",Not yet rated,NULL,$68
BOCH,$5.7501,1440692127142,"7,861",Not yet rated,NULL,$6.50
BMRC,$47.8,1440692127208,"6,492",Not yet rated,NULL,$52
BFIN,$11.95,1440692127410,"8,148",Not yet rated,NULL,$13
BKSC,$16,1440692127473,"3,756",Not yet rated,NULL,N/A
BOTJ,$11.0785,1440692127500,717,Not yet rated,NULL,N/A
OZRK,$41.97,1440692127530,"162,476",67% bullish,of 3 ratings,$49.50
BANR,$43.855,1440692127563,"11,102",100% bullish,of 3 ratings,$50
BZUN,$5.07,1440692127662,"219,523",50% bullish,of 2 ratings,$11.50
BWFG,NULL,1440692127692,0,100% bearish,of 1 rating,N/A
TAPR,$32.98,1440692127789,535,100% bearish,of 1 rating,N/A
BHACR,NULL,1440692127999,0,Not yet rated,NULL,N/A
BHAC,$9.81,1440692128073,"1,100",Not yet rated,NULL,N/A
BHACW,NULL,1440692128104,0,Not yet rated,NULL,N/A
BBSI,$34.11,1440692128201,"32,786",67% bearish,of 3 ratings,$62.50
BHACU,NULL,1440692128229,0,Not yet rated,NULL,N/A
BSET,$28.85,1440692128254,"13,624",100% bearish,of 1 rating,$35
BYBK,$4.88,1440692128300,100,100% bearish,of 1 rating,N/A
BDCV,$4.84,1440692128534,"5,080",100% bearish,of 1 rating,$10.19
BYLK,$12.71,1440692128562,500,Not yet rated,NULL,$14
BV,$5.06,1440692128593,"107,291",67% bullish,of 6 ratings,$9
BBCN,$14.44,1440692128692,"52,675",100% bearish,of 1 rating,$16
BBGI,$4.1616,1440692128804,300,100% bullish,of 1 rating,N/A
BSF,$8.72,1440692128833,"1,963",Not yet rated,NULL,N/A
BECN,$35.05,1440692128854,"103,492",50% bullish,of 2 ratings,$40
BCBP,$11.43,1440692128875,200,Not yet rated,NULL,N/A
BEBE,$1.835,1440692129079,"47,092",75% bullish,of 4 ratings,$3.075
BELFA,NULL,1440692129183,0,100% bearish,of 1 rating,N/A
BLCM,$17.21,1440692129254,"46,056",50% bullish,of 4 ratings,$40
BLPH,$5,1440692129285,"10,559",100% bearish,of 1 rating,$12.50
BNFT,$34.785,1440692129309,"29,344",67% bullish,of 3 ratings,$46
BNCL,$12.54,1440692129340,"75,165",100% bullish,of 3 ratings,$12.50
BBBY,$61.8,1440692129385,"716,708",71% bullish,of 7 ratings,$75
BELFB,$17.645,1440692129468,"4,299",100% bearish,of 1 rating,N/A
BNTC,$8,1440692129494,"24,393",100% bullish,of 1 rating,N/A
BGMD,$0.7712,1440692129694,"20,207",100% bullish,of 10 ratings,N/A
ORPN,$5.36,1440692129935,"21,150",100% bullish,of 1 rating,$28.50
BIND,$4.41,1440692129982,"29,513",75% bullish,of 4 ratings,$13.50
BGCP,$8.745,1440692130007,"316,010",88% bullish,of 8 ratings,$14
BCDA,NULL,1440692130032,0,Not yet rated,NULL,N/A
BGFV,$10.95,1440692130187,"56,734",57% bullish,of 7 ratings,$12
BASI,$1.6069,1440692130212,200,Not yet rated,NULL,N/A
BCRX,$11.309,1440692130349,"84,421",63% bullish,of 8 ratings,$18
BIOC,$1.916,1440692130379,"240,012",83% bullish,of 6 ratings,$3.85
BIOD,$0.68,1440692130418,"34,680",80% bullish,of 5 ratings,$4
BIIB,$306.39,1440692130446,"533,374",88% bullish,of 16 ratings,$400
BDSI,$6.7,1440692130646,"331,930",88% bullish,of 8 ratings,$17
BIOL,$1.4,1440692130676,"10,461",Not yet rated,NULL,N/A
BMRN,$130.28,1440692130703,"239,316",80% bullish,of 5 ratings,$160
BLRX,$1.32,1440692130724,"35,040",100% bullish,of 12 ratings,$5
BLFS,$2.02,1440692130775,"14,385",100% bearish,of 1 rating,$4.75
BRLI,NULL,1440692130957,0,NULL,NULL,NULL
BVXV,$3.5924,1440692131053,250,Not yet rated,NULL,N/A
BIOS,$2.335,1440692131084,"408,945",71% bullish,of 7 ratings,$4
BBP,$32.85,1440692131123,"7,784",Not yet rated,NULL,N/A
BPTH,$1.0299,1440692131149,"23,452",100% bullish,of 2 ratings,$5
BVXVW,NULL,1440692131217,0,100% bearish,of 1 rating,N/A
BBC,$31.19,1440692131294,"2,412",Not yet rated,NULL,N/A
BSTC,$49.59,1440692131351,"35,006",100% bearish,of 1 rating,$76
BSPM,$0.6501,1440692131434,"5,485",50% bullish,of 2 ratings,N/A
BOTA,$2.1,1440692131578,"13,564",88% bullish,of 8 ratings,N/A
BEAT,$15.23,1440692131640,"397,874",67% bearish,of 3 ratings,$15
TECH,$96.54,1440692131667,"81,441",100% bullish,of 1 rating,$117
BJRI,$44.18,1440692131796,"51,096",50% bullish,of 2 ratings,$55
BDE,$7.33,1440692131822,"32,427",50% bullish,of 2 ratings,$9
BLKB,$58.32,1440692131959,"40,432",100% bearish,of 2 ratings,$66
BDMS,$12.6501,1440692132013,775,100% bearish,of 1 rating,N/A
BITI,$17.2,1440692132060,"9,068",100% bullish,of 1 rating,$28
BBOX,$15.1711,1440692132206,"25,340",100% bearish,of 1 rating,N/A
BKCC,$9.35,1440692132250,"132,370",50% bullish,of 2 ratings,$10
ADRA,$27.3825,1440692132275,398,100% bearish,of 1 rating,N/A
BBRY,$7.14,1440692132304,"2,234,794",61% bullish,of 330 ratings,$9
HAWK,$40.25,1440692132437,"204,554",91% bullish,of 11 ratings,$49
ADRE,$30.064,1440692132573,"4,165",100% bearish,of 1 rating,N/A
ADRD,$22.16,1440692132602,"4,155",100% bearish,of 1 rating,N/A
ADRU,$21.73,1440692132700,"3,618",100% bearish,of 1 rating,N/A
BLMN,$20.18,1440692132728,"309,191",83% bullish,of 6 ratings,$27.50
BLBD,$12.05,1440692132770,"1,768",Not yet rated,NULL,N/A
BCOR,$13.64,1440692132901,"53,259",57% bullish,of 7 ratings,$15
BUFF,$27.195,1440692132941,"52,489",83% bullish,of 12 ratings,$31.50
BBLU,$0.7999,1440692133032,"50,793",100% bullish,of 2 ratings,$4.43
BLUE,$131.6974,1440692133164,"181,621",71% bullish,of 7 ratings,$217.50
BHBK,$13.85,1440692133195,"20,442",100% bullish,of 1 rating,$14.50
NILE,$33.49,1440692133250,"76,487",50% bullish,of 2 ratings,$34
BKEP,$6.2401,1440692133330,"19,349",100% bearish,of 1 rating,$8.50
BPMC,$26.5,1440692133536,"24,807",50% bullish,of 2 ratings,$47.50
BKEPP,$7.58,1440692133562,"5,223",100% bearish,of 1 rating,N/A
BNCN,$20.43,1440692133584,"40,553",Not yet rated,NULL,$24
BOBE,$43.97,1440692133612,"27,970",75% bullish,of 4 ratings,$57
BONA,$11.785,1440692133823,"58,311",75% bullish,of 4 ratings,$8.50
BOFI,$120.81,1440692133869,"70,143",100% bullish,of 6 ratings,$144
WIFI,$7.5405,1440692133908,"31,101",50% bullish,of 2 ratings,$13.50
BOJA,$21.9377,1440692133968,"102,054",100% bullish,of 1 rating,$30
BNSO,$1.3388,1440692134099,"2,200",100% bearish,of 1 rating,N/A
BOKF,$61.575,1440692134124,"62,432",100% bearish,of 1 rating,$69
BPFH,$11.94,1440692134258,"105,612",100% bearish,of 1 rating,$14
BAMM,$3.18,1440692134284,"2,865",60% bullish,of 5 ratings,N/A
BPFHP,$25.1,1440692134421,"3,450",100% bearish,of 1 rating,N/A
BDBD,$8.08,1440692134555,"188,733",60% bullish,of 5 ratings,$10
EPAY,$25.63,1440692134687,"23,323",100% bearish,of 2 ratings,$30
BCLI,$2.9,1440692134718,"19,668",80% bullish,of 5 ratings,$12
BBRG,$12.39,1440692134748,"16,117",67% bullish,of 3 ratings,$14.50
BPFHW,NULL,1440692134769,0,100% bearish,of 1 rating,N/A
BDGE,$26.37,1440692134823,"3,150",Not yet rated,NULL,$31.75
BBEP,$2.661,1440692134914,"1,076,673",69% bullish,of 13 ratings,$5.625
BBEPP,$13.83,1440692134953,"12,100",100% bearish,of 1 rating,N/A
BLIN,$1.3,1440692135095,3,50% bullish,of 2 ratings,$2.20
BCOV,$5.125,1440692135154,"36,756",67% bullish,of 3 ratings,$10.20
BRCM,$51.53,1440692135229,"2,018,682",75% bullish,of 12 ratings,$56
BRID,$8.8,1440692135332,100,100% bearish,of 1 rating,N/A
BSFT,$31.33,1440692135479,"84,871",57% bullish,of 7 ratings,$40.50
BVSN,$6.0004,1440692135507,"12,578",60% bearish,of 5 ratings,N/A
BRCD,$10.71,1440692135536,"1,060,318",92% bullish,of 13 ratings,$11.50
BWEN,$3.24,1440692135558,"7,461",100% bullish,of 3 ratings,$8
BYFC,NULL,1440692135592,0,50% bullish,of 2 ratings,N/A
BRKS,$10.15,1440692135690,"31,219",67% bullish,of 3 ratings,$15.25
BMTC,$29.05,1440692135838,"22,306",Not yet rated,NULL,$34
BRKL,$10.66,1440692135877,"74,331",100% bearish,of 1 rating,$10.75
BLMT,$20.69,1440692135937,"3,744",Not yet rated,NULL,N/A
BSQR,$6.205,1440692135964,"23,096",67% bullish,of 3 ratings,N/A
BWLD,$195.64,1440692136009,"99,143",82% bullish,of 11 ratings,$205
BRKR,$18.78,1440692136036,"125,949",100% bearish,of 2 ratings,$22
BUR,$1.8,1440692136268,600,100% bearish,of 1 rating,$8
BLDR,$14.1,1440692136340,"284,715",50% bullish,of 2 ratings,$22
CHRW,$67.88,1440692136372,"373,366",Not yet rated,NULL,$72
CFFI,$35.38,1440692136466,500,100% bearish,of 1 rating,N/A
CA,$27.05,1440692136521,"544,943",50% bullish,of 4 ratings,$33
CDNS,$19.73,1440692136728,"301,401",75% bullish,of 4 ratings,$22.50
CZR,$8.431,1440692136762,"1,558,860",60% bearish,of 5 ratings,$10.50
CCMP,$43.69,1440692136788,"25,748",50% bullish,of 2 ratings,$59
CDZI,$7.62,1440692136860,"4,988",100% bearish,of 1 rating,N/A
CACQ,$7.15,1440692136888,"34,953",100% bearish,of 1 rating,$12.25
CSTE,$41.12,1440692136925,"193,390",50% bullish,of 2 ratings,$65
PRSS,$4.48,1440692136953,"4,925",80% bullish,of 5 ratings,$4.50
CLBS,$1.35,1440692137087,"92,015",79% bullish,of 14 ratings,$4
CLMS,$10.64,1440692137219,"29,523",Not yet rated,NULL,$10.50
CHI,$10.6201,1440692137263,"116,236",100% bearish,of 1 rating,N/A
CHY,$11.2953,1440692137362,"93,590",Not yet rated,NULL,N/A
CGO,$12.17,1440692137704,"13,878",100% bearish,of 1 rating,N/A
CSQ,$9.9128,1440692137770,"135,829",Not yet rated,NULL,N/A
CCD,$18.8,1440692137804,"96,963",Not yet rated,NULL,N/A
CALA,$5.4638,1440692137825,"331,219",100% bullish,of 3 ratings,$19.50
CVGW,$61.25,1440692137847,"78,032",50% bullish,of 2 ratings,$58.50
CFGE,$10.57,1440692137884,810,Not yet rated,NULL,N/A
CHW,$7.6045,1440692137910,"100,696",100% bearish,of 1 rating,N/A
CAMP,$15.92,1440692137931,"79,806",88% bullish,of 8 ratings,$25
CALM,$50.43,1440692138217,"145,664",80% bullish,of 5 ratings,$65
CFNB,$13.31,1440692138274,310,100% bearish,of 1 rating,N/A
CLMT,$26.18,1440692138299,"132,161",75% bullish,of 8 ratings,$31
CALD,$15.71,1440692138324,"127,837",100% bearish,of 1 rating,$21
CAMBU,NULL,1440692138550,0,100% bearish,of 1 rating,N/A
ABCD,$5.2778,1440692138576,"68,759",83% bullish,of 6 ratings,N/A
CAMB,$10.05,1440692138704,100,Not yet rated,NULL,N/A
CAC,$40,1440692138729,"2,056",Not yet rated,NULL,N/A
CAMBW,NULL,1440692138758,0,Not yet rated,NULL,N/A
CAMT,$2.61,1440692138790,"26,187",73% bullish,of 11 ratings,$4
CSIQ,$17.86,1440692138815,"972,968",86% bullish,of 28 ratings,$42.50
CPHC,NULL,1440692138959,0,100% bearish,of 1 rating,N/A
CGIX,$10.1357,1440692138993,"18,691",67% bullish,of 3 ratings,$14.375
CPLA,$48.76,1440692139127,"59,201",67% bearish,of 3 ratings,$65
CBF,$29.115,1440692139152,"29,150",Not yet rated,NULL,$32
CBNJ,$10.99,1440692139390,"10,584",100% bullish,of 1 rating,N/A
CCBG,$14.9699,1440692139415,"3,982",Not yet rated,NULL,$17.25
CPLP,$6.7902,1440692139442,"190,209",71% bullish,of 7 ratings,$11
CSWC,$45.47,1440692139570,"2,507",Not yet rated,NULL,N/A
CAPN,$2.3202,1440692139666,"186,782",100% bullish,of 1 rating,$10.85
CPTA,$13.8992,1440692139704,"16,001",100% bearish,of 1 rating,$18.50
CAPR,$4.3402,1440692139734,"8,214",Not yet rated,NULL,$12
CAPNW,$0.6969,1440692139796,100,Not yet rated,NULL,N/A
CFFN,$12.0601,1440692139830,"139,110",Not yet rated,NULL,$12.75
CPST,$0.3645,1440692139893,"247,817",95% bullish,of 22 ratings,$1.25
CARB,$11.41,1440692139982,"43,243",75% bullish,of 4 ratings,$12
CARA,$19.2899,1440692140072,"65,380",50% bullish,of 4 ratings,$25
CBYL,$5.21,1440692140136,"13,503",100% bearish,of 1 rating,$20
CRDC,$0.3316,1440692140206,"31,038",100% bullish,of 1 rating,$1.25
CRME,$8.9,1440692140375,"2,800",89% bullish,of 9 ratings,$11.25
CSII,$23.72,1440692140404,"183,292",100% bearish,of 2 ratings,$42.125
CFNL,$22.115,1440692140509,"49,042",Not yet rated,NULL,$24
CATM,$34.38,1440692140614,"68,512",100% bearish,of 1 rating,$44
CDNA,$6.63,1440692140673,"2,900",100% bearish,of 1 rating,$9
CTRE,$11.5,1440692140747,"103,787",50% bullish,of 2 ratings,$13.50
CKEC,$23.64,1440692140775,"53,196",50% bullish,of 2 ratings,$35.915
CARO,$15.5,1440692140803,802,100% bearish,of 1 rating,$19
CLBH,NULL,1440692140828,0,Not yet rated,NULL,$16.50
CECO,$3.57,1440692140858,"126,042",67% bearish,of 3 ratings,$6
CRZO,$32.36,1440692141190,"514,446",67% bearish,of 3 ratings,$55.50
CART,$5.35,1440692141215,100,100% bearish,of 1 rating,N/A
CRTN,$2.53,1440692141273,"2,560",100% bearish,of 1 rating,N/A
CARV,$7.3,1440692141346,250,50% bullish,of 2 ratings,N/A
CACB,$5.32,1440692141437,"8,547",Not yet rated,NULL,$5.50
TAST,$12.69,1440692141513,"160,770",Not yet rated,NULL,$14.25
CASM,$1.11,1440692141538,200,100% bullish,of 1 rating,$3.50
CASY,$107.37,1440692141682,"64,512",50% bullish,of 2 ratings,$99.50
CSCD,$15.01,1440692141710,"10,682",100% bullish,of 2 ratings,$17
CWST,$6.09,1440692141756,"67,163",50% bullish,of 2 ratings,$7.25
CASI,$1.47,1440692141840,160,100% bullish,of 1 rating,$3.50
CASS,$49.2,1440692141868,"5,708",100% bearish,of 1 rating,N/A
CATB,$11.91,1440692141902,"5,287",100% bearish,of 1 rating,$28
CATY,$29.48,1440692142030,"111,517",100% bearish,of 1 rating,$33.50
CATYW,NULL,1440692142079,0,100% bearish,of 1 rating,N/A
CVCO,$70.26,1440692142370,"6,579",100% bearish,of 1 rating,N/A
CNLMW,NULL,1440692142477,0,Not yet rated,NULL,N/A
CPRX,$3.79,1440692142513,"464,829",71% bullish,of 7 ratings,$7
CAVM,$68.98,1440692142583,"115,923",67% bearish,of 3 ratings,$72
CNLMR,NULL,1440692142647,0,Not yet rated,NULL,N/A
CDK,$48.93,1440692142676,"100,257",67% bearish,of 3 ratings,$50
CBFV,$20.9366,1440692142727,"2,400",Not yet rated,NULL,$25
CBOE,$63.23,1440692142756,"138,354",Not yet rated,NULL,$60
CNLMU,NULL,1440692142787,0,100% bullish,of 1 rating,N/A
CNLM,NULL,1440692142893,0,Not yet rated,NULL,N/A
CECE,$9.34,1440692143036,"18,123",50% bullish,of 2 ratings,$16
CELG,$122.24,1440692143182,"1,475,732",92% bullish,of 13 ratings,$155.50
CDW,$40.2,1440692143213,"505,780",75% bullish,of 4 ratings,$44
CLDN,$1.06,1440692143315,"77,066",71% bullish,of 7 ratings,$3
CELGZ,$1.69,1440692143344,"5,100",80% bullish,of 5 ratings,N/A
CPXX,$2.07,1440692143397,"58,634",100% bullish,of 2 ratings,$7
CLRBW,NULL,1440692143443,0,Not yet rated,NULL,N/A
CLRB,$3.1078,1440692143547,331,100% bearish,of 1 rating,N/A
CBMG,$22.73,1440692143651,"20,242",50% bullish,of 2 ratings,N/A
CLSN,$1.9901,1440692143802,"62,192",80% bullish,of 10 ratings,$7.50
CLDX,$15.153,1440692143833,"579,668",89% bullish,of 9 ratings,$36
CEMP,$34.47,1440692143854,"206,184",71% bullish,of 7 ratings,$52
CLLS,$32.82,1440692143987,"47,114",75% bullish,of 4 ratings,$51.50
CLTX,$2.28,1440692144012,"206,947",100% bullish,of 2 ratings,N/A
CETX,$2.38,1440692144155,"6,300",Not yet rated,NULL,$5.60
CYAD,$49.53,1440692144185,"3,000",100% bullish,of 1 rating,$87.50
CETV,$2.12,1440692144287,"45,248",67% bullish,of 3 ratings,$2.80
CSFL,$13.76,1440692144314,"68,244",Not yet rated,NULL,$15
CVCY,$11.25,1440692144448,"2,000",Not yet rated,NULL,$12
CFBK,$1.371,1440692144477,100,Not yet rated,NULL,N/A
CENT,$12,1440692144542,"69,097",Not yet rated,NULL,$10
CENX,$5.325,1440692144571,"1,286,657",67% bullish,of 6 ratings,$9
CENTA,$12.45,1440692144603,"98,732",Not yet rated,NULL,N/A
CNTY,$5.7278,1440692144705,"20,050",80% bullish,of 5 ratings,$7.75
CPHD,$48.88,1440692144804,"137,411",67% bearish,of 3 ratings,$66.50
CRNT,$1.36,1440692144994,"40,680",50% bullish,of 2 ratings,$2
CERE,$1.17,1440692145055,"107,787",88% bullish,of 8 ratings,N/A
CERN,$62.22,1440692145081,"452,173",67% bullish,of 3 ratings,$79
CNBKA,$41.91,1440692145210,396,50% bullish,of 2 ratings,N/A
CERU,$3.5201,1440692145240,"4,128",75% bullish,of 4 ratings,$15
CERS,$4.93,1440692145261,"267,039",75% bullish,of 4 ratings,$7
CEVA,$18.36,1440692145307,"17,419",100% bearish,of 1 rating,$25
KOOL,$0.6273,1440692145336,200,100% bullish,of 5 ratings,$7
CYOU,$20.59,1440692145402,"48,034",50% bullish,of 6 ratings,$24
HOTR,$1.51,1440692145503,"63,733",100% bullish,of 2 ratings,$5
CTHR,$1.32,1440692145644,"8,309",50% bullish,of 2 ratings,$2.50
GTLS,$23.13,1440692145731,"114,858",50% bullish,of 4 ratings,$40
HOTRW,NULL,1440692145859,0,Not yet rated,NULL,N/A
CHTR,$181.66,1440692145884,"220,468",100% bearish,of 2 ratings,$196
CHFN,$12.52,1440692145915,"4,920",Not yet rated,NULL,$14
CHKP,$80.34,1440692146047,"395,169",50% bullish,of 4 ratings,$92
CHEK,$2.09,1440692146100,"5,978",Not yet rated,NULL,$7.75
CHEKW,NULL,1440692146145,0,Not yet rated,NULL,N/A
CHFC,$31.55,1440692146203,"15,473",100% bearish,of 1 rating,$36
CEMI,$3.947,1440692146236,"4,354",50% bullish,of 2 ratings,$7.50
CHMG,$26.07,1440692146381,100,Not yet rated,NULL,$30
CCXI,$6.94,1440692146434,"13,388",67% bullish,of 3 ratings,$14
CHKE,$25.8247,1440692146463,"7,401",100% bearish,of 1 rating,$32.50
CHEV,$14.29,1440692146491,200,Not yet rated,NULL,N/A
CHMA,$25.81,1440692146594,"43,429",Not yet rated,NULL,$40
CBNK,NULL,1440692146619,0,100% bearish,of 1 rating,N/A
PLCE,$58.76,1440692146785,"102,704",100% bearish,of 1 rating,$69
CMRX,$50.785,1440692146834,"77,848",50% bullish,of 2 ratings,$57
CADC,NULL,1440692146916,0,78% bullish,of 9 ratings,N/A
CAAS,$6.15,1440692146941,"15,014",93% bullish,of 14 ratings,$11.50
CBAK,$1.92,1440692147089,"15,594",67% bullish,of 9 ratings,N/A
CALI,$0.9455,1440692147152,"1,620",67% bullish,of 3 ratings,N/A
CBPO,$98.55,1440692147184,"80,749",75% bullish,of 8 ratings,$140.50
CCCL,$0.765,1440692147227,"23,015",100% bullish,of 6 ratings,N/A
CCCR,$0.7834,1440692147284,"16,369",67% bearish,of 3 ratings,N/A
JRJC,$3.49,1440692147317,"101,305",82% bullish,of 11 ratings,N/A
HGSH,$1.6732,1440692147419,"10,858",67% bullish,of 3 ratings,N/A
CHOP,$1.28,1440692147446,500,50% bullish,of 2 ratings,N/A
CHLN,$2.1027,1440692147578,"6,901",67% bullish,of 3 ratings,N/A
HTHT,$25.795,1440692147671,"67,497",50% bullish,of 2 ratings,$28.40
CJJD,$1.81,1440692147723,"15,655",100% bullish,of 1 rating,N/A
CNIT,$1.41,1440692147749,"32,900",67% bullish,of 6 ratings,N/A
CREG,$0.67,1440692147886,"8,200",100% bullish,of 3 ratings,N/A
CHNR,$1.71,1440692147950,16,100% bearish,of 1 rating,N/A
CSUN,$1.43,1440692147978,"28,429",80% bullish,of 5 ratings,N/A
CPGI,$6.861,1440692148054,"1,022",Not yet rated,NULL,N/A
CNTF,$0.764,1440692148151,"83,046",Not yet rated,NULL,N/A
CXDC,$5.93,1440692148195,"30,017",67% bearish,of 3 ratings,N/A
CCIH,$6.74,1440692148291,"110,575",67% bullish,of 6 ratings,$12.65
CNYD,$3.48,1440692148324,"19,586",67% bullish,of 3 ratings,N/A
CNET,$0.822,1440692148349,"185,566",50% bullish,of 2 ratings,N/A
IMOS,$17.22,1440692148426,"65,868",60% bullish,of 5 ratings,$21.50
CHSCM,$26.08,1440692148570,"7,732",Not yet rated,NULL,N/A
CHSCL,$27.1,1440692148629,"3,736",Not yet rated,NULL,N/A
CHSCN,$26.72,1440692148774,"1,701",Not yet rated,NULL,N/A
CHSCO,$28.1604,1440692148829,"1,880",Not yet rated,NULL,N/A
CHSCP,$30.42,1440692148859,"3,025",Not yet rated,NULL,N/A
CHDN,$134.93,1440692148962,"11,411",Not yet rated,NULL,$165
CDTX,$14.05,1440692148998,"7,609",Not yet rated,NULL,$22
CHUY,$30.55,1440692149026,"58,824",50% bullish,of 2 ratings,$34
CIFC,$7.3,1440692149055,992,100% bearish,of 1 rating,N/A
CMPR,$69.54,1440692149076,"103,893",50% bullish,of 2 ratings,$72.50
CMCT,$15.551,1440692149230,142,100% bearish,of 1 rating,N/A
CINF,$52.87,1440692149306,"132,820",50% bullish,of 4 ratings,$50.50
CIDM,$0.5827,1440692149389,"12,212",50% bullish,of 2 ratings,$2.10
CTAS,$85.23,1440692149493,"125,873",100% bearish,of 1 rating,$91
CPHR,$5.5601,1440692149554,"2,150",100% bearish,of 1 rating,$17
CZNC,$19.7845,1440692149699,"6,000",Not yet rated,NULL,N/A
CRUS,$29.7075,1440692149728,"507,142",75% bullish,of 12 ratings,$44.50
CTRN,$26.95,1440692149828,"11,550",100% bearish,of 1 rating,$31.50
CZWI,NULL,1440692149918,0,Not yet rated,NULL,N/A
CIZN,NULL,1440692149962,0,Not yet rated,NULL,N/A
CZFC,NULL,1440692149997,0,Not yet rated,NULL,N/A
CTXS,$69.19,1440692150092,"450,369",86% bullish,of 7 ratings,$80
CSCO,$25.8401,1440692150124,"6,940,535",84% bullish,of 209 ratings,$32
CIVB,$10.206,1440692150228,"1,264",Not yet rated,NULL,$11
CIVBP,NULL,1440692150286,0,Not yet rated,NULL,N/A
CHCO,$47.08,1440692150359,"7,708",Not yet rated,NULL,$46
CDTI,$1.637,1440692150528,"70,147",75% bullish,of 4 ratings,$3.20
CLNE,$4.7861,1440692150574,"622,740",80% bullish,of 15 ratings,$9
CSBK,$13.72,1440692150753,"28,144",Not yet rated,NULL,N/A
CBLI,$3.72,1440692150779,"11,056",60% bullish,of 5 ratings,N/A
CLRO,$11.47,1440692150800,818,50% bullish,of 2 ratings,$14.25
CLNT,$1.3501,1440692150863,"11,702",75% bullish,of 8 ratings,N/A
CLFD,$16.65,1440692150884,"15,583",67% bullish,of 3 ratings,$18
CLIR,$4.783,1440692150914,"18,838",100% bullish,of 3 ratings,N/A
CMFN,$11.6949,1440692150970,"14,573",100% bearish,of 1 rating,$15.50
CME,$92.94,1440692151098,"360,019",67% bullish,of 3 ratings,$102
CLVS,$75.69,1440692151123,"149,807",60% bullish,of 5 ratings,$101.50
CCNE,$16.8955,1440692151202,"2,610",50% bullish,of 2 ratings,$21.50
CISG,$7.66,1440692151265,"19,922",100% bullish,of 5 ratings,$10
CNV,$4.51,1440692151401,"14,718",50% bullish,of 2 ratings,$7.15
COKE,$158.14,1440692151542,"8,092",79% bullish,of 19 ratings,N/A
CDRB,$12.85,1440692151606,"3,242",67% bullish,of 3 ratings,N/A
COBZ,$12.97,1440692151635,"18,999",100% bullish,of 1 rating,$14
CWAY,$11.29,1440692151770,100,Not yet rated,NULL,N/A
CDXS,$3.52,1440692151796,"5,675",64% bullish,of 11 ratings,$6
CVLY,$20.56,1440692151829,424,Not yet rated,NULL,N/A
JVA,$4.59,1440692151859,"11,380",83% bullish,of 6 ratings,$7
CGNX,$35.2498,1440692151886,"166,299",50% bullish,of 2 ratings,$47
CGNT,$1.5,1440692151936,"17,905",100% bullish,of 2 ratings,$2
CTSH,$63.42,1440692152111,"859,555",90% bullish,of 10 ratings,$75
CCOI,$27.7,1440692152172,"101,466",50% bullish,of 4 ratings,$35
COHR,$56.55,1440692152255,"34,298",50% bullish,of 2 ratings,$72
CHRS,$28.07,1440692152280,"65,569",67% bearish,of 3 ratings,$37
COHU,$9.5,1440692152463,"35,046",100% bearish,of 1 rating,$14.25
CLCT,$18.6899,1440692152492,"7,743",100% bearish,of 1 rating,N/A
CLRX,$0.54,1440692152521,"19,421",50% bullish,of 2 ratings,N/A
COLL,$15.15,1440692152565,"17,458",100% bearish,of 1 rating,$26
CIGI,$43.7358,1440692152594,"1,060",100% bearish,of 1 rating,$52
CLCD,$6.49,1440692152727,"18,532",100% bearish,of 1 rating,$20.50
COLB,$30.18,1440692152754,"51,598",Not yet rated,NULL,$36
CBAN,NULL,1440692152786,0,Not yet rated,NULL,N/A
CMCO,$18.445,1440692152886,"33,614",60% bullish,of 5 ratings,$28
COLM,$61.84,1440692153070,"31,289",100% bearish,of 1 rating,$71
CBMX,$1.1409,1440692153095,"9,142",83% bullish,of 6 ratings,$3.15
CMCSA,$56.585,1440692153124,"2,794,867",66% bullish,of 35 ratings,$69.50
CMCSK,$57.34,1440692153262,"810,502",Not yet rated,NULL,$84
CBSH,$44.65,1440692153287,"56,323",50% bullish,of 2 ratings,$46
CBSHP,$25.36,1440692153464,122,100% bearish,of 1 rating,N/A
CVGI,$4.97,1440692153565,"27,859",50% bullish,of 2 ratings,$6
COMM,$30.93,1440692153647,"356,386",67% bearish,of 3 ratings,$35
CYHHZ,$0.011,1440692153697,"22,172",100% bullish,of 1 rating,N/A
JCS,NULL,1440692153723,0,67% bullish,of 3 ratings,N/A
CUBN,NULL,1440692153744,0,Not yet rated,NULL,N/A
CSAL,$20.7956,1440692153778,"109,632",75% bullish,of 4 ratings,$30
CTBI,$34.45,1440692153804,"7,349",Not yet rated,NULL,$36
ESXB,$5.0611,1440692154015,"1,400",Not yet rated,NULL,N/A
COB,$10.32,1440692154118,"5,057",100% bullish,of 1 rating,$11.75
CWBC,$6.74,1440692154144,204,Not yet rated,NULL,N/A
CVLT,$36.09,1440692154169,"149,739",75% bullish,of 4 ratings,$44.50
CIZ,$33.52,1440692154194,"1,168",100% bearish,of 1 rating,N/A
CID,$33.74,1440692154353,200,Not yet rated,NULL,N/A
CIL,$33.77,1440692154490,200,Not yet rated,NULL,N/A
CSF,$36.37,1440692154522,"1,994",100% bearish,of 1 rating,N/A
CSA,NULL,1440692154557,0,Not yet rated,NULL,N/A
CFO,$35.474,1440692154592,"3,119",100% bearish,of 1 rating,N/A
CDC,$34.5947,1440692154619,"4,204",Not yet rated,NULL,N/A
CFA,$35.6786,1440692154650,"13,651",100% bearish,of 1 rating,N/A
CDL,NULL,1440692154677,0,Not yet rated,NULL,N/A
CGEN,$4.97,1440692154931,"31,143",50% bullish,of 2 ratings,$11
CPSI,$45.8,1440692154956,"22,001",100% bearish,of 1 rating,$45.50
CSB,NULL,1440692154982,0,Not yet rated,NULL,N/A
CTG,$6.45,1440692155126,"9,110",100% bearish,of 1 rating,$8.50
SCOR,$54.03,1440692155152,"66,986",100% bearish,of 1 rating,$66
CHCI,$0.7327,1440692155231,"6,530",50% bullish,of 2 ratings,N/A
CXRX,$74.51,1440692155385,"2,300",100% bearish,of 1 rating,$90
CNCE,$15.49,1440692155471,"51,955",75% bullish,of 4 ratings,$22
CNSI,$18.98,1440692155522,"23,131",100% bearish,of 2 ratings,$29
CMTL,$25.4653,1440692155549,"31,404",100% bearish,of 2 ratings,$37
CNAT,$3.6472,1440692155571,"41,744",83% bullish,of 6 ratings,$13
CCUR,$4.5899,1440692155610,"29,790",75% bullish,of 4 ratings,N/A
CDORO,$17,1440692155710,162,100% bearish,of 1 rating,N/A
CDOR,$1.28,1440692155735,100,100% bullish,of 1 rating,N/A
CFMS,$19.91,1440692155913,"88,545",Not yet rated,NULL,$27
CDORP,NULL,1440692155986,0,100% bearish,of 1 rating,N/A
CNFR,$10.4644,1440692156053,"1,112",Not yet rated,NULL,N/A
CTWS,$34.4,1440692156157,"4,974",100% bearish,of 1 rating,$44
CNXR,$6.38,1440692156190,"15,805",100% bearish,of 1 rating,$12
CNMD,$52.98,1440692156253,"38,822",Not yet rated,NULL,$59
CNSL,$19.49,1440692156284,"41,728",100% bearish,of 1 rating,$23
CNOB,$19.3,1440692156309,"11,170",100% bullish,of 1 rating,$23.50
CWCO,$10.5399,1440692156381,"26,255",67% bullish,of 3 ratings,$14.50
CONN,$30.89,1440692156469,"139,229",67% bullish,of 3 ratings,$48.50
CTCT,$24.37,1440692156626,"65,205",67% bullish,of 3 ratings,$37
CFRXW,$1.64,1440692156660,"1,229",100% bearish,of 1 rating,N/A
CPSS,$5.7,1440692156688,"11,470",100% bullish,of 1 rating,$10
CFRX,$5.01,1440692156710,"5,900",Not yet rated,NULL,$14
CTRV,$3.61,1440692156921,413,Not yet rated,NULL,$6.40
CFRXZ,NULL,1440692156982,0,Not yet rated,NULL,N/A
CORT,$5.07,1440692157114,"91,452",67% bullish,of 3 ratings,$12
CPRT,$34.42,1440692157141,"57,318",67% bearish,of 3 ratings,$40
CTRL,$8.28,1440692157270,"71,906",50% bullish,of 2 ratings,$11
CORE,$59.29,1440692157308,"22,308",100% bearish,of 1 rating,$72
BVA,NULL,1440692157338,0,50% bullish,of 2 ratings,N/A
CSOD,$35.68,1440692157363,"225,664",50% bullish,of 2 ratings,$42
CRBP,$1.9506,1440692157412,"238,020",100% bullish,of 2 ratings,$6.25
COSI,$1.1812,1440692157561,"56,949",100% bullish,of 1 rating,N/A
CRVL,$31.3301,1440692157595,"6,668",100% bearish,of 1 rating,N/A
CORI,$10.36,1440692157624,"8,814",100% bearish,of 1 rating,$18
COST,$140.22,1440692157727,"612,043",79% bullish,of 24 ratings,$154.50
CSGP,$180,1440692157786,"35,697",50% bullish,of 2 ratings,$235
CPAH,$0.47,1440692157860,"3,779",50% bullish,of 2 ratings,N/A
ICBK,NULL,1440692157945,0,Not yet rated,NULL,$21
COWN,$5.105,1440692158048,"265,780",75% bullish,of 4 ratings,$7
COVS,$2.63,1440692158088,"24,016",67% bullish,of 3 ratings,N/A
COWNL,NULL,1440692158190,0,Not yet rated,NULL,N/A
CVTI,$22.96,1440692158217,"34,202",67% bearish,of 3 ratings,$39
CPSH,$2.24,1440692158252,"1,800",Not yet rated,NULL,N/A
CBRL,$145.965,1440692158412,"66,131",50% bullish,of 2 ratings,$155
BREW,$7.6,1440692158493,"12,495",67% bullish,of 6 ratings,$15
CRAI,$21.74,1440692158543,"13,432",100% bearish,of 1 rating,$36
CRAY,$20.46,1440692158594,"86,064",83% bullish,of 6 ratings,$38.50
CACC,$195.58,1440692158619,"29,797",50% bullish,of 2 ratings,$158.50
GLDI,$10.95,1440692158781,"5,474",100% bearish,of 1 rating,N/A
SLVO,$9.8799,1440692158835,"13,933",100% bearish,of 1 rating,N/A
CRTO,$44.94,1440692158935,"103,405",67% bullish,of 6 ratings,$64
CREE,$26.6,1440692159028,"403,189",65% bullish,of 17 ratings,$29.50
CRESY,$10.3,1440692159056,"10,224",100% bearish,of 1 rating,$19
CRDS,$1.05,1440692159082,"63,500",50% bullish,of 4 ratings,$4.50
CROX,$13.98,1440692159103,"286,084",63% bullish,of 8 ratings,$16.50
CCRN,$14,1440692159238,"59,182",100% bearish,of 1 rating,$14.25
CRWS,$8.1,1440692159286,"3,674",Not yet rated,NULL,$10
CYRX,$2.9499,1440692159416,"11,464",Not yet rated,NULL,$9
CYRXW,$0.869,1440692159443,"2,900",Not yet rated,NULL,N/A
CCLP,$14.1189,1440692159572,"19,312",67% bearish,of 3 ratings,$20
CSGS,$30.52,1440692159600,"85,800",Not yet rated,NULL,$40
CRWN,$4.41,1440692159644,"17,604",75% bullish,of 4 ratings,N/A
CTCM,$1.73,1440692159744,"108,794",80% bearish,of 5 ratings,$3.90
CSPI,NULL,1440692159775,0,67% bullish,of 3 ratings,N/A
CTIB,$3.55,1440692159875,"3,299",100% bearish,of 1 rating,N/A
CTIC,$1.6,1440692159947,"666,661",84% bullish,of 76 ratings,$5.75
CUNB,$20.96,1440692160079,"3,582",Not yet rated,NULL,$24.50
CTRP,$69.3883,1440692160109,"1,053,935",75% bullish,of 8 ratings,$92
CRIS,$2.45,1440692160212,"101,230",100% bullish,of 8 ratings,$6
CPIX,$6.07,1440692160237,"1,400",Not yet rated,NULL,N/A
CMLS,$1.43,1440692160294,"125,045",50% bullish,of 4 ratings,$6
CUTR,$14.34,1440692160319,"32,239",67% bearish,of 3 ratings,$18
CUI,$5.1,1440692160366,"7,728",50% bullish,of 2 ratings,$10
CVBF,$16.09,1440692160521,"77,871",Not yet rated,NULL,$18
CVV,$10.88,1440692160613,"3,461",100% bullish,of 5 ratings,N/A
CYBR,$51.56,1440692160723,"539,935",75% bullish,of 8 ratings,$66
CYBX,$66.81,1440692160750,"105,679",50% bullish,of 4 ratings,$71.50
CYAN,$7.36,1440692160797,"4,102",100% bearish,of 1 rating,N/A
CYCC,$0.5299,1440692160823,"13,213",73% bullish,of 11 ratings,N/A
CYBE,$6.2,1440692160957,"11,710",100% bearish,of 1 rating,N/A
CYCCP,NULL,1440692160992,0,100% bearish,of 1 rating,N/A
CYNO,$31.51,1440692161147,"98,404",67% bearish,of 3 ratings,$45.50
CYRN,$1.717,1440692161178,"7,550",67% bullish,of 3 ratings,$4
CBAY,$2.62,1440692161209,"23,756",100% bullish,of 1 rating,$4
CYNA,$16.09,1440692161235,"6,467",100% bullish,of 1 rating,$31.50
CY,$9.835,1440692161308,"1,543,048",80% bullish,of 10 ratings,$15.50
CYTK,$6.8,1440692161441,"54,488",71% bullish,of 14 ratings,$13.50
CONE,$31.76,1440692161487,"157,262",67% bearish,of 3 ratings,$35.50
CYTX,$0.3101,1440692161588,"1,290,031",83% bullish,of 12 ratings,$5.50
CTSO,$6.48,1440692161738,"17,470",Not yet rated,NULL,$15.625
TVIX,$11.5499,1440692161846,"6,043,284",81% bullish,of 16 ratings,N/A
CYTR,$2.31,1440692161879,"224,812",67% bullish,of 6 ratings,$10
DAEG,$0.35,1440692161900,100,100% bearish,of 1 rating,N/A
XIV,$29.1299,1440692161975,"12,532,359",75% bearish,of 4 ratings,N/A
ZIV,$42.85,1440692162004,"60,229",Not yet rated,NULL,N/A
TVIZ,$16.5,1440692162029,"6,342",100% bearish,of 1 rating,N/A
DARA,$0.847,1440692162225,"36,414",83% bullish,of 6 ratings,$1.50
DAIO,$2.73,1440692162286,504,Not yet rated,NULL,N/A
DJCO,$196.33,1440692162323,360,Not yet rated,NULL,N/A
DAKT,$8.575,1440692162423,"170,789",50% bullish,of 2 ratings,$14
DTLK,$5.68,1440692162450,"22,444",100% bearish,of 1 rating,$9
DRAM,$1.2198,1440692162531,"20,028",78% bullish,of 9 ratings,N/A
DWCH,$5.05,1440692162581,"15,014",75% bullish,of 4 ratings,$8.25
PLAY,$34.9398,1440692162665,"116,272",100% bullish,of 5 ratings,$42
DTEA,$12.88,1440692162801,"22,682",100% bearish,of 2 ratings,$24
DBVT,$41.3,1440692162850,"90,914",100% bearish,of 1 rating,$53
DWSN,$4.27,1440692162996,"3,890",67% bullish,of 3 ratings,N/A
DFRG,$14.54,1440692163079,"36,916",100% bearish,of 1 rating,$20
TRAK,$62.805,1440692163154,"134,244",50% bullish,of 2 ratings,$62.50
DHRM,$1.5,1440692163182,"3,300",Not yet rated,NULL,N/A
TACOW,$4,1440692163218,600,100% bullish,of 1 rating,N/A
TACO,$13.07,1440692163259,"54,828",75% bullish,of 4 ratings,$20
DCTH,$0.3901,1440692163366,"72,029",78% bullish,of 9 ratings,N/A
DELT,$2.7,1440692163500,"2,000",Not yet rated,NULL,N/A
DGAS,$20.19,1440692163526,642,67% bearish,of 3 ratings,N/A
DELTW,NULL,1440692163579,0,Not yet rated,NULL,N/A
XRAY,$53.19,1440692163669,"127,832",100% bullish,of 1 rating,$58
DENN,$11.6,1440692163698,"93,484",100% bullish,of 3 ratings,$15
DEPO,$28.98,1440692163766,"177,470",60% bullish,of 5 ratings,$29
DSCI,$5.93,1440692163828,"28,180",50% bullish,of 2 ratings,$16
DERM,$25.955,1440692163960,"43,489",100% bearish,of 1 rating,$33.50
DEST,$11.33,1440692163986,"43,064",50% bullish,of 2 ratings,N/A
DSWL,NULL,1440692164052,0,100% bullish,of 1 rating,N/A
DXM,$0.27,1440692164121,"134,712",50% bullish,of 2 ratings,N/A
DXLG,$5.3,1440692164180,"104,359",100% bearish,of 1 rating,$8
DHXM,NULL,1440692164314,0,Not yet rated,NULL,N/A
DXCM,$94.35,1440692164370,"242,984",57% bullish,of 7 ratings,$98
DMND,$28.65,1440692164447,"143,569",75% bullish,of 12 ratings,$32
FANG,$66.73,1440692164506,"300,445",50% bullish,of 2 ratings,$86.50
DHIL,$191.87,1440692164527,560,Not yet rated,NULL,N/A
DCIX,$1.72,1440692164604,"66,633",50% bullish,of 4 ratings,$3.50
DRNA,$10.73,1440692164672,"20,588",67% bearish,of 3 ratings,$25
DMRC,$34.935,1440692164742,"13,082",100% bearish,of 1 rating,$44
DGII,$9.63,1440692164806,"18,846",100% bearish,of 1 rating,$10
DGLY,$8,1440692164834,"114,790",50% bullish,of 6 ratings,$20
DRAD,$3.675,1440692164870,"7,912",100% bullish,of 1 rating,$5.25
APPS,$2.32,1440692165000,"29,816",100% bearish,of 1 rating,$10.25
DIOD,$19.899,1440692165131,"39,374",75% bearish,of 4 ratings,$24
DCOM,$16.875,1440692165160,"68,050",100% bearish,of 2 ratings,$16.50
DPRX,$12.58,1440692165186,"2,606",100% bullish,of 2 ratings,$27.75
DISCA,$26.97,1440692165233,"504,470",67% bullish,of 3 ratings,$34
DISCB,NULL,1440692165434,0,100% bearish,of 1 rating,$35
DISCK,$25.47,1440692165470,"190,082",100% bearish,of 1 rating,$32
DISH,$59.64,1440692165495,"422,669",69% bullish,of 13 ratings,$73
DVCR,$11.19,1440692165635,902,100% bullish,of 1 rating,N/A
DLHC,$2.4805,1440692165662,"1,534",100% bearish,of 1 rating,N/A
BAGR,$2.7799,1440692165688,"20,134",100% bearish,of 1 rating,$6
DSCO,$0.3604,1440692165714,"164,199",83% bullish,of 6 ratings,$2.75
DGICA,$14.25,1440692165873,"4,786",100% bearish,of 1 rating,$17
DLTR,$76.87,1440692165911,"1,867,329",82% bullish,of 11 ratings,$88
DNBF,$26.3,1440692166040,200,Not yet rated,NULL,$27.50
DMLP,$14.4046,1440692166088,"21,845",100% bearish,of 1 rating,N/A
DORM,$51.1,1440692166114,"35,198",100% bearish,of 1 rating,$56
DGICB,NULL,1440692166143,0,100% bearish,of 1 rating,N/A
HILL,$9.675,1440692166274,"343,819",60% bearish,of 5 ratings,$9.75
DRWI,$0.2167,1440692166303,"31,496",60% bullish,of 5 ratings,$.45
DRWIW,$0.049,1440692166450,400,Not yet rated,NULL,N/A
DWA,$20.19,1440692166480,"268,496",63% bullish,of 8 ratings,$26
DRYS,$0.4159,1440692166579,"2,817,253",77% bullish,of 31 ratings,$.60
DSKX,$3.2875,1440692166657,"32,553",100% bullish,of 1 rating,N/A
DSPG,$8.865,1440692166760,"16,738",100% bearish,of 1 rating,$13.50
CADT,NULL,1440692166793,0,Not yet rated,NULL,N/A
CADTR,$0.2,1440692166888,"10,500",Not yet rated,NULL,N/A
CADTU,NULL,1440692166913,0,Not yet rated,NULL,N/A
CADTW,NULL,1440692166946,0,Not yet rated,NULL,N/A
DNKN,$51.49,1440692167050,"218,129",67% bullish,of 15 ratings,$56.50
DTSI,$26.695,1440692167081,"15,208",100% bearish,of 2 ratings,$39.50
DXPE,$26.565,1440692167185,"228,302",50% bullish,of 2 ratings,N/A
DRRX,$2.055,1440692167228,"52,351",50% bullish,of 6 ratings,$3
DYAX,$24.3,1440692167332,"320,105",89% bullish,of 9 ratings,$30
BOOM,$9.37,1440692167469,"23,336",67% bullish,of 3 ratings,$12
DYSL,$1.49,1440692167495,"34,940",100% bullish,of 2 ratings,N/A
DVAX,$28.54,1440692167524,"118,318",70% bullish,of 10 ratings,$40
DYNT,$3,1440692167577,"7,747",75% bullish,of 4 ratings,N/A
EBMT,$12.4592,1440692167652,497,Not yet rated,NULL,$13.50
EGBN,$41.89,1440692167827,"20,833",Not yet rated,NULL,$48
EROC,$1.4101,1440692167924,"195,377",50% bullish,of 2 ratings,$3
ELNK,$8.55,1440692167953,"168,569",60% bullish,of 5 ratings,$9.50
EGLE,$6.59,1440692167986,"5,764",60% bullish,of 5 ratings,N/A
ETFC,$26.44,1440692168012,"1,396,139",57% bullish,of 14 ratings,$32.50
EWBC,$39.97,1440692168084,"250,689",100% bearish,of 1 rating,$50
EGRX,$82.5482,1440692168145,"167,808",67% bullish,of 3 ratings,$97
EACQU,NULL,1440692168172,0,Not yet rated,NULL,N/A
EVBS,NULL,1440692168337,0,Not yet rated,NULL,$7
EML,$16.73,1440692168365,"1,102",Not yet rated,NULL,N/A
EBAY,$27.07,1440692168526,"4,414,537",81% bullish,of 117 ratings,$48
EBIX,$28.53,1440692168564,"127,903",69% bullish,of 13 ratings,$40
ELON,$0.5449,1440692168693,"29,470",50% bullish,of 2 ratings,N/A
ECHO,$23.39,1440692168722,"101,321",67% bearish,of 3 ratings,$35.50
ECTE,$1.5321,1440692168748,"1,134",75% bullish,of 4 ratings,N/A
EEI,$11.32,1440692168777,"3,250",67% bearish,of 3 ratings,N/A
SATS,$44.7,1440692168806,"16,449",50% bullish,of 2 ratings,$60
ECACU,$10.06,1440692168877,100,Not yet rated,NULL,N/A
EDGW,$6.66,1440692168948,474,100% bearish,of 1 rating,N/A
ESES,$3.45,1440692169125,200,100% bearish,of 1 rating,$7
EDUC,$5.24,1440692169158,"6,220",100% bearish,of 1 rating,N/A
EDAP,$3.5601,1440692169259,"83,631",60% bullish,of 5 ratings,$4.50
EFUT,$4.32,1440692169285,"2,600",Not yet rated,NULL,N/A
EGAN,$3.43,1440692169328,"29,440",50% bullish,of 2 ratings,$6.25
EGLT,$10.4,1440692169415,"15,789",50% bullish,of 2 ratings,$21
EHTH,$14.13,1440692169545,"24,678",50% bullish,of 4 ratings,$16.50
EMITF,$1.2499,1440692169643,"2,694",75% bullish,of 4 ratings,N/A
LOCO,$12.66,1440692169673,"400,395",69% bullish,of 13 ratings,$20
ELRC,$10.35,1440692169703,"12,431",100% bearish,of 1 rating,N/A
ESLT,$76.9599,1440692169724,"1,968",67% bullish,of 3 ratings,N/A
ESIO,$4.22,1440692169854,"40,450",50% bullish,of 2 ratings,$10
EA,$67.196,1440692169901,"598,679",77% bullish,of 35 ratings,$80
ERI,$9.57,1440692169946,"24,313",100% bearish,of 1 rating,$10
EFII,$43.905,1440692170002,"59,422",80% bullish,of 5 ratings,$55
ELSE,$4.01,1440692170076,"1,097",60% bullish,of 5 ratings,N/A
EBIO,$3.6701,1440692170356,"208,876",100% bearish,of 2 ratings,$8.35
ELEC,NULL,1440692170431,0,Not yet rated,NULL,N/A
ELECW,NULL,1440692170463,0,Not yet rated,NULL,N/A
CAPX,$22.751,1440692170489,"4,100",Not yet rated,NULL,N/A
ELECU,NULL,1440692170518,0,Not yet rated,NULL,N/A
ELTK,$1.2101,1440692170573,"83,766",67% bearish,of 3 ratings,N/A
RDEN,$10.56,1440692170624,"15,490",100% bearish,of 4 ratings,$15
LONG,$17.09,1440692170676,"29,462",67% bullish,of 3 ratings,$15.75
ESBK,$19.62,1440692170807,340,Not yet rated,NULL,N/A
EMCI,$23.2,1440692170832,"8,482",Not yet rated,NULL,N/A
EMCF,NULL,1440692170974,0,100% bearish,of 1 rating,N/A
EMMS,$1.1384,1440692171003,"5,400",83% bullish,of 6 ratings,N/A
EMKR,$6.94,1440692171030,"18,816",75% bullish,of 4 ratings,$8.50
EMMSP,NULL,1440692171178,0,100% bearish,of 1 rating,N/A
WIRE,$31.18,1440692171382,"29,612",100% bearish,of 1 rating,$37
NYNY,$4.21,1440692171407,"7,879",50% bullish,of 2 ratings,N/A
ERS,$2.87,1440692171438,"1,700",Not yet rated,NULL,N/A
ENDP,$78.99,1440692171550,"328,010",50% bullish,of 6 ratings,$104
ELGX,$12.95,1440692171617,"130,721",75% bullish,of 4 ratings,$17
ECPG,$39.38,1440692171649,"50,755",100% bullish,of 2 ratings,$52
EIGI,$15.39,1440692171747,"117,074",67% bearish,of 3 ratings,$22.50
ECYT,$5.1436,1440692171777,"54,762",83% bullish,of 6 ratings,$12
ENTA,$42.0197,1440692171806,"49,066",50% bullish,of 2 ratings,$42
WATT,$6.31,1440692171908,"25,515",50% bullish,of 2 ratings,$13
ERII,$2.7,1440692172044,"10,569",80% bullish,of 5 ratings,$2.50
EFOI,$21.9398,1440692172069,"710,444",50% bullish,of 2 ratings,$20.50
ENPH,$4.7,1440692172218,"256,244",75% bullish,of 4 ratings,$11
ENOC,$8.55,1440692172243,"40,505",75% bullish,of 4 ratings,$18
EXXI,$1.69,1440692172275,"1,045,761",86% bullish,of 7 ratings,$3.50
ESGR,$146.12,1440692172304,"2,845",100% bearish,of 1 rating,$185
ENG,$0.9994,1440692172378,"3,910",100% bullish,of 3 ratings,N/A
ENFC,NULL,1440692172537,0,Not yet rated,NULL,N/A
ENTG,$13.765,1440692172568,"119,615",100% bearish,of 1 rating,$18
ENTL,$22.04,1440692172590,"3,008",Not yet rated,NULL,$28
ETRM,$0.2649,1440692172622,"416,509",69% bearish,of 35 ratings,$1.625
EBTC,$21.169,1440692172671,"1,980",Not yet rated,NULL,N/A
EFSC,$23.75,1440692172755,"20,674",Not yet rated,NULL,$27
EGT,$1.94,1440692172800,106,100% bullish,of 1 rating,N/A
ENVI,$1.89,1440692172992,"32,829",67% bullish,of 3 ratings,N/A
ENZY,$9.19,1440692173072,"2,577",67% bullish,of 3 ratings,$9.50
ENZN,$1.0466,1440692173148,"357,294",100% bullish,of 9 ratings,N/A
EPIQ,$12.9805,1440692173178,"19,816",100% bearish,of 1 rating,$18
PLUS,$75.19,1440692173211,"28,739",50% bullish,of 2 ratings,$88
EQIX,$263.9997,1440692173237,"124,900",75% bullish,of 4 ratings,$312.50
EPRS,$4.9,1440692173314,"38,156",82% bullish,of 11 ratings,$15
EPZM,$17.55,1440692173342,"117,856",60% bullish,of 5 ratings,$34
ERIC,$9.8701,1440692173519,"430,093",67% bullish,of 9 ratings,$12.20
EQFN,NULL,1440692173569,0,100% bearish,of 1 rating,N/A
EAC,$3.2293,1440692173599,"3,747",100% bearish,of 1 rating,$8
ERIE,$82.19,1440692173649,"3,722",Not yet rated,NULL,$73
ESCA,$17.0675,1440692173704,"2,312",100% bearish,of 1 rating,$22
ESCR,$0.165,1440692173730,"93,324",50% bullish,of 2 ratings,N/A
ESCRP,$1.4,1440692173862,"1,750",100% bearish,of 1 rating,N/A
ESMC,$1.3,1440692174024,"1,706",Not yet rated,NULL,N/A
ESPR,$52.56,1440692174107,"225,173",70% bearish,of 10 ratings,$123
ESSX,$0.3706,1440692174184,"51,903",50% bullish,of 2 ratings,N/A
EPIX,NULL,1440692174210,0,Not yet rated,NULL,N/A
ETSY,$13.985,1440692174242,"278,032",80% bullish,of 5 ratings,$16
ESND,$34.23,1440692174264,"21,060",100% bearish,of 2 ratings,$40
EEFT,$64.5497,1440692174341,"59,398",100% bearish,of 1 rating,$67.50
ESSA,$12.7501,1440692174428,646,100% bearish,of 1 rating,N/A
CLWT,$2.4415,1440692174563,100,100% bearish,of 1 rating,N/A
EVEP,$7.98,1440692174590,"138,424",50% bullish,of 2 ratings,$15
ESEA,$5.55,1440692174767,401,100% bullish,of 1 rating,$15
EVK,$3.75,1440692174798,300,75% bearish,of 4 ratings,N/A
EVOK,$3.994,1440692174910,"12,286",100% bearish,of 1 rating,$13.375
EXA,$11.18,1440692174935,"3,162",100% bearish,of 1 rating,$13
EVOL,$5.94,1440692174966,"2,610",75% bullish,of 4 ratings,$10
EXAS,$22.34,1440692175067,"358,843",78% bullish,of 9 ratings,$31
EXFO,$2.965,1440692175283,"14,048",67% bearish,of 3 ratings,$3.95
EXAC,$18.43,1440692175310,"62,608",100% bearish,of 1 rating,$22.50
EXEL,$5.78,1440692175335,"3,853,729",81% bullish,of 16 ratings,$6
EVLV,$2.51,1440692175382,"79,867",60% bullish,of 5 ratings,$6
EXPE,$116.97,1440692175410,"285,922",64% bullish,of 11 ratings,$130
EXLS,$36.25,1440692175548,"62,461",50% bullish,of 2 ratings,$41
EXPD,$49.855,1440692175618,"397,502",80% bullish,of 5 ratings,$52
EXPO,$42.69,1440692175889,"37,403",100% bearish,of 1 rating,$45.50
EXLP,$19.045,1440692176038,"45,381",100% bearish,of 1 rating,$25
ESRX,$84.84,1440692176067,"697,517",67% bearish,of 6 ratings,$101
EXTR,$2.815,1440692176094,"157,612",80% bullish,of 5 ratings,$3
EYEGW,$0.9024,1440692176170,172,Not yet rated,NULL,N/A
EYEG,$3.6928,1440692176224,"5,005",Not yet rated,NULL,N/A
EZCH,$22.3884,1440692176539,"82,536",75% bullish,of 8 ratings,$19.50
FB,$88.983,1440692176642,"12,461,526",73% bullish,of 1067 ratings,$111
FFIV,$123.47,1440692176663,"318,701",63% bullish,of 8 ratings,$132
EZPW,$5.825,1440692176739,"49,137",50% bullish,of 4 ratings,$7.50
FRP,$15.6,1440692176812,"50,118",100% bearish,of 1 rating,$18
DAVE,$14.64,1440692176833,"1,672",100% bearish,of 1 rating,$15.50
FALC,$1.6801,1440692176872,"74,688",63% bearish,of 8 ratings,N/A
FCS,$13.59,1440692176914,"212,049",67% bearish,of 3 ratings,$17
FWM,$2.4599,1440692176972,"62,135",100% bearish,of 2 ratings,$3.20
FARM,$21.6,1440692177072,"23,050",100% bearish,of 1 rating,$35
FFKT,$25.476,1440692177226,"5,036",Not yet rated,NULL,$29
FAST,$38.78,1440692177360,"673,025",80% bullish,of 5 ratings,$45.50
FBSS,NULL,1440692177397,0,Not yet rated,NULL,N/A
FARO,$37.99,1440692177492,"16,774",50% bullish,of 2 ratings,$48
FEIC,$75.57,1440692177525,"78,605",50% bullish,of 2 ratings,$95.50
FMNB,$8.09,1440692177551,"10,772",Not yet rated,NULL,N/A
FATE,$6.65,1440692177583,"6,904",50% bullish,of 2 ratings,$11
FDML,$8.411,1440692177677,"106,462",50% bullish,of 4 ratings,$14
FNHC,$21.82,1440692177713,"15,779",100% bearish,of 1 rating,$35
FENX,$9.59,1440692177910,"8,724",100% bullish,of 1 rating,$14.25
FBRC,$21.8,1440692177937,"36,868",100% bearish,of 1 rating,$29
FHCO,$1.34,1440692177966,"3,108",50% bullish,of 4 ratings,N/A
FGEN,$23.71,1440692177995,"71,000",100% bearish,of 1 rating,$39
FCSC,$5.57,1440692178067,"30,995",100% bearish,of 1 rating,$8.125
ONEQ,$188.9999,1440692178248,"21,870",100% bullish,of 1 rating,N/A
LION,$18.83,1440692178375,"28,586",100% bullish,of 1 rating,$20
FDUS,$14.19,1440692178404,"14,262",50% bullish,of 2 ratings,$18
FRGI,$52.47,1440692178536,"52,124",50% bullish,of 2 ratings,$70
FSAM,$8.38,1440692178610,"3,214",100% bearish,of 1 rating,$10.25
FSC,$6.4,1440692178637,"346,407",60% bullish,of 5 ratings,$8
FSFR,$8.82,1440692178716,"26,145",100% bearish,of 1 rating,$11.50
FSCFL,$24.45,1440692178781,"3,856",Not yet rated,NULL,N/A
FITBI,$27.508,1440692178872,"11,634",Not yet rated,NULL,N/A
FITB,$19.85,1440692178916,"2,609,480",54% bullish,of 13 ratings,$22
FNGN,$32.6899,1440692179046,"83,527",67% bullish,of 3 ratings,$47
FISI,$24.7,1440692179074,"5,180",100% bullish,of 2 ratings,$24.50
FNSR,$15.72,1440692179133,"276,576",71% bullish,of 7 ratings,$24.50
FNTCU,NULL,1440692179278,0,Not yet rated,NULL,N/A
FNJN,$1.89,1440692179303,"41,689",100% bearish,of 1 rating,$5
FNTCW,NULL,1440692179341,0,Not yet rated,NULL,N/A
FEYE,$39.895,1440692179431,"1,409,183",87% bullish,of 15 ratings,$55.50
FNTC,$9.83,1440692179470,1,Not yet rated,NULL,N/A
FBNC,$16.91,1440692179495,"4,210",100% bullish,of 1 rating,$20
FNLC,$18.89,1440692179525,"5,866",100% bullish,of 1 rating,N/A
FRBA,$6.094,1440692179661,"1,000",Not yet rated,NULL,$8
FBIZ,$44.07,1440692179728,"5,950",100% bearish,of 2 ratings,$52
BUSE,$6.3401,1440692179794,"15,987",Not yet rated,NULL,$6.875
FCVA,NULL,1440692179826,0,Not yet rated,NULL,N/A
FCAP,$27.4,1440692179962,88,Not yet rated,NULL,N/A
FCFS,$39.53,1440692180023,"35,867",100% bearish,of 3 ratings,$48
FCLF,NULL,1440692180049,0,Not yet rated,NULL,N/A
FCNCA,$237.24,1440692180131,"1,659",Not yet rated,NULL,N/A
FCBC,$17.61,1440692180272,"6,685",Not yet rated,NULL,$18
FCCO,$12.05,1440692180320,"3,350",Not yet rated,NULL,$13.25
FDEF,$38.215,1440692180350,"12,212",Not yet rated,NULL,$38
FFNM,$6.27,1440692180371,"1,150",Not yet rated,NULL,N/A
FBNK,$16.99,1440692180403,"9,357",100% bearish,of 1 rating,$17.50
FCFP,$6.823,1440692180446,250,Not yet rated,NULL,N/A
FFBC,$18.26,1440692180550,"45,208",67% bearish,of 3 ratings,$20.25
FFIN,$30.98,1440692180762,"41,309",50% bullish,of 2 ratings,$31.75
THFF,$33,1440692180813,"6,512",Not yet rated,NULL,$35
FFNW,$12.01,1440692180892,"6,793",Not yet rated,NULL,$14
FFBCW,NULL,1440692180991,0,100% bearish,of 1 rating,N/A
INBK,$30.04,1440692181042,"3,024",50% bullish,of 2 ratings,$37
FRME,$25.67,1440692181069,"32,422",Not yet rated,NULL,$26.50
FFWM,$21,1440692181102,"22,904",Not yet rated,NULL,$24
FMBH,NULL,1440692181127,0,Not yet rated,NULL,N/A
FMBI,$17.51,1440692181204,"81,055",Not yet rated,NULL,$20
FIBK,$26.58,1440692181270,"38,429",Not yet rated,NULL,$32
FNBC,$34.43,1440692181333,"32,648",Not yet rated,NULL,$40
FNFG,$9.055,1440692181433,"710,347",80% bullish,of 5 ratings,$9
FNWB,NULL,1440692181523,0,Not yet rated,NULL,N/A
FSLR,$47.5875,1440692181571,"543,503",72% bullish,of 39 ratings,$65
FSGI,$2.445,1440692181597,"1,175",Not yet rated,NULL,N/A
FSFG,NULL,1440692181618,0,Not yet rated,NULL,N/A
FSBK,$7.63,1440692181828,100,100% bullish,of 1 rating,N/A
BICK,$19.825,1440692181930,"5,640",100% bullish,of 1 rating,N/A
FTCS,$36.6315,1440692181963,"13,721",100% bearish,of 1 rating,N/A
FCA,$19.88,1440692181998,"1,127",Not yet rated,NULL,N/A
FBZ,NULL,1440692182024,0,Not yet rated,NULL,N/A
FV,$23.55,1440692182059,"1,629,917",100% bearish,of 1 rating,N/A
FCAN,$24.3105,1440692182089,"2,946",Not yet rated,NULL,N/A
IFV,$17.9,1440692182118,"208,168",100% bearish,of 1 rating,N/A
FEUZ,NULL,1440692182358,0,Not yet rated,NULL,N/A
FEMB,NULL,1440692182397,0,Not yet rated,NULL,N/A
FTSM,$59.85,1440692182423,"6,482",100% bearish,of 1 rating,N/A
MDIV,$19.1896,1440692182552,"61,611",Not yet rated,NULL,N/A
TDIV,$24.6492,1440692182588,"41,955",100% bearish,of 1 rating,N/A
FGM,$35.8296,1440692182638,"4,038",Not yet rated,NULL,N/A
FTHI,$19.375,1440692182686,"2,500",Not yet rated,NULL,N/A
FTGC,$22.129,1440692182817,"15,166",Not yet rated,NULL,N/A
HYLS,$49.66,1440692182916,"8,365",100% bearish,of 1 rating,N/A
FPXI,$27.41,1440692182945,400,Not yet rated,NULL,N/A
FHK,$33.75,1440692182974,"19,768",Not yet rated,NULL,N/A
YDIV,$16.3783,1440692183044,"3,736",Not yet rated,NULL,N/A
SKYY,$28.9999,1440692183118,"18,600",100% bullish,of 1 rating,N/A
CU,$12.86,1440692183144,"2,505",100% bearish,of 1 rating,N/A
FJP,$47.818,1440692183311,"1,529",Not yet rated,NULL,N/A
PLTM,$6.23,1440692183396,"12,091",100% bearish,of 1 rating,N/A
FMB,$51.1425,1440692183530,165,Not yet rated,NULL,N/A
CIBR,$18.08,1440692183585,"60,933",Not yet rated,NULL,N/A
LMBS,$50.14,1440692183611,300,Not yet rated,NULL,N/A
FTLB,$19.35,1440692183662,"1,447",100% bearish,of 1 rating,N/A
QABA,$37.36,1440692183691,"6,254",100% bearish,of 1 rating,N/A
FONE,$35.2299,1440692183742,485,Not yet rated,NULL,N/A
QCLN,$14.9571,1440692183790,"12,693",Not yet rated,NULL,N/A
QQEW,$41.9099,1440692183959,"35,694",Not yet rated,NULL,N/A
CARZ,$34.81,1440692184048,"3,652",100% bearish,of 1 rating,N/A
RDVY,$21.1206,1440692184100,"4,975",Not yet rated,NULL,N/A
GRID,NULL,1440692184127,0,100% bearish,of 1 rating,N/A
QTEC,$40.1584,1440692184152,"40,985",Not yet rated,NULL,N/A
QQXT,$40.5699,1440692184177,"23,156",Not yet rated,NULL,N/A
QINC,NULL,1440692184370,0,Not yet rated,NULL,N/A
AIRR,$16.13,1440692184403,"11,524",100% bearish,of 1 rating,N/A
FTSL,$48.7,1440692184546,"20,909",100% bearish,of 1 rating,N/A
FSZ,$39.15,1440692184650,"5,121",Not yet rated,NULL,N/A
TUSA,$24.8599,1440692184677,389,Not yet rated,NULL,N/A
FDIV,$46.35,1440692184705,882,100% bearish,of 1 rating,N/A
FTW,NULL,1440692184734,0,Not yet rated,NULL,N/A
FKO,$23.07,1440692184839,47,Not yet rated,NULL,N/A
FKU,$41.64,1440692184866,"5,092",Not yet rated,NULL,N/A
FUNC,$8.2,1440692184914,300,Not yet rated,NULL,N/A
FMER,$17.88,1440692185123,"375,429",50% bullish,of 2 ratings,$20
FISV,$86.04,1440692185150,"304,470",100% bearish,of 3 ratings,$90
FIVE,$37.24,1440692185183,"196,021",75% bearish,of 4 ratings,$44
FSV,$31.44,1440692185291,"1,533",Not yet rated,NULL,$33.60
FPRX,$19.09,1440692185319,"67,498",50% bullish,of 2 ratings,$35
FIVN,$4.06,1440692185448,"45,624",100% bullish,of 1 rating,$8.50
SVVC,$9.43,1440692185613,"11,104",50% bullish,of 2 ratings,$26
FLML,$21.79,1440692185674,"60,618",50% bullish,of 2 ratings,$30
FLKS,$12.35,1440692185749,"6,112",50% bullish,of 2 ratings,$27
SKOR,NULL,1440692185856,0,Not yet rated,NULL,N/A
FLXS,$31.428,1440692185884,"8,390",100% bearish,of 2 ratings,N/A
MBSD,NULL,1440692185910,0,Not yet rated,NULL,N/A
FLXN,$24.91,1440692186077,"40,299",100% bearish,of 1 rating,$40
FLIR,$28.86,1440692186183,"356,053",100% bearish,of 1 rating,$38.50
FLEX,$10.66,1440692186218,"593,588",63% bullish,of 8 ratings,$12
FLDM,$11.2,1440692186247,"220,808",67% bearish,of 3 ratings,$15
FONR,$9.75,1440692186353,"5,796",100% bullish,of 1 rating,N/A
FFIC,$19.875,1440692186381,"16,068",Not yet rated,NULL,$21
FOMX,$10.01,1440692186410,"35,457",50% bullish,of 2 ratings,$23.50
FOGO,$18.12,1440692186438,"36,866",50% bullish,of 2 ratings,$25.50
FES,$0.95,1440692186515,"28,076",50% bullish,of 2 ratings,$1
FORM,$6.22,1440692186664,"42,252",67% bullish,of 3 ratings,$10.50
FORR,$32.13,1440692186732,"10,508",Not yet rated,NULL,N/A
FTNT,$43.23,1440692186759,"259,516",80% bullish,of 10 ratings,$52
FWRD,$45.67,1440692186943,"138,943",100% bearish,of 1 rating,$50
FORTY,NULL,1440692186968,0,100% bearish,of 1 rating,N/A
FBIO,$2.63,1440692187012,"25,385",83% bullish,of 6 ratings,N/A
FWP,$25.72,1440692187108,"15,213",100% bearish,of 1 rating,$45
FORD,$2.1602,1440692187149,"6,640,401",67% bullish,of 3 ratings,N/A
FOSL,$60.35,1440692187179,"210,465",60% bearish,of 5 ratings,$80
FXCB,$17.085,1440692187279,"26,618",Not yet rated,NULL,$19
FRAN,$10.95,1440692187311,"112,499",50% bullish,of 4 ratings,$15
FMI,$22.12,1440692187339,"63,444",100% bearish,of 2 ratings,$27.50
FOXF,$15.41,1440692187365,"7,386",100% bearish,of 1 rating,$19
FRED,$12.42,1440692187493,"185,966",50% bullish,of 2 ratings,$16.50
FREE,$0.3801,1440692187524,"268,576",92% bullish,of 12 ratings,N/A
FELE,$28.46,1440692187629,"49,976",50% bullish,of 4 ratings,$33
RAIL,$19.74,1440692187812,"28,368",100% bearish,of 1 rating,$24.50
FTR,$4.925,1440692187840,"7,291,756",78% bullish,of 27 ratings,$6.25
FEIM,$10.87,1440692187869,108,100% bearish,of 1 rating,N/A
FRPT,$13.09,1440692187895,"170,743",67% bearish,of 3 ratings,$23.50
FRPH,$31.39,1440692187993,"1,469",100% bearish,of 1 rating,N/A
FSYS,$6.395,1440692188099,"7,021",67% bullish,of 3 ratings,$10
FTD,$29.57,1440692188126,"13,597",100% bearish,of 1 rating,$40
FTRPR,$98.5999,1440692188152,"1,720",100% bearish,of 1 rating,N/A
FCEL,$0.7204,1440692188289,"593,368",88% bullish,of 41 ratings,$2.65
FSBW,$23.15,1440692188320,477,Not yet rated,NULL,N/A
FTEK,$2.07,1440692188348,"7,698",75% bullish,of 4 ratings,N/A
FULL,$3.06,1440692188376,"138,164",67% bearish,of 3 ratings,$4.25
FULLL,NULL,1440692188400,0,Not yet rated,NULL,N/A
FSNN,NULL,1440692188748,0,67% bullish,of 3 ratings,$6
FLL,$1.4501,1440692188773,"6,848",75% bullish,of 4 ratings,$3.50
FULT,$12.1215,1440692188799,"175,340",100% bearish,of 1 rating,$13
FXEN,$0.82,1440692188928,"6,570",75% bullish,of 4 ratings,$1.10
FXENP,NULL,1440692188983,0,100% bearish,of 1 rating,N/A
FFHL,NULL,1440692189008,0,50% bullish,of 4 ratings,N/A
GALT,$1.88,1440692189173,"25,387",80% bullish,of 5 ratings,N/A
WILC,$4.85,1440692189201,970,100% bullish,of 2 ratings,N/A
GLPG,$61.1,1440692189229,"12,981",100% bullish,of 1 rating,$75
GAIA,$5.8599,1440692189257,"13,461",50% bullish,of 2 ratings,$8.50
GK,$67.76,1440692189283,"12,320",Not yet rated,NULL,$78
GALTW,NULL,1440692189482,0,100% bullish,of 1 rating,N/A
GALTU,NULL,1440692189528,0,100% bearish,of 1 rating,N/A
GLMD,$8.99,1440692189587,"7,916",67% bullish,of 3 ratings,$20.50
GALE,$1.49,1440692189626,"398,070",89% bullish,of 47 ratings,$4
GLPI,$31.58,1440692189652,"151,223",100% bearish,of 1 rating,$37.50
GGACR,$0.2305,1440692189976,"301,354",100% bullish,of 1 rating,N/A
GPIC,NULL,1440692190002,0,100% bearish,of 1 rating,N/A
GGACW,$0.14,1440692190031,"266,242",Not yet rated,NULL,N/A
GENC,$9.26,1440692190057,600,100% bearish,of 1 rating,N/A
GRMN,$38,1440692190133,"254,787",50% bullish,of 6 ratings,$46.50
GGAC,$9.87,1440692190188,"4,232",100% bearish,of 1 rating,N/A
GGACU,$10.3,1440692190213,"12,700",Not yet rated,NULL,N/A
GARS,$14.24,1440692190268,"18,163",Not yet rated,NULL,$16
GFN,$3.6,1440692190418,"3,188",100% bearish,of 2 ratings,$8
GNCMA,$17.04,1440692190521,"127,939",100% bearish,of 1 rating,$12
GFNCP,$93.998,1440692190546,100,Not yet rated,NULL,N/A
GENE,$2.1699,1440692190740,"129,690",100% bullish,of 12 ratings,N/A
GFNSL,$25.66,1440692190806,100,Not yet rated,NULL,N/A
GNMK,$9.48,1440692190842,"25,675",67% bullish,of 6 ratings,$14
GNVC,$2.453,1440692190905,925,90% bullish,of 10 ratings,$8.50
GNTX,$15.27,1440692190931,"643,174",Not yet rated,NULL,$20
GNCA,$12.4176,1440692190973,"34,938",100% bearish,of 1 rating,$20
GHDX,$26.32,1440692191063,"36,889",50% bullish,of 2 ratings,$30
GTWN,NULL,1440692191103,0,Not yet rated,NULL,N/A
THRM,$44.62,1440692191236,"69,554",75% bearish,of 4 ratings,$55.50
GEOS,$15.06,1440692191265,"43,399",100% bearish,of 3 ratings,$21
GERN,$3.07,1440692191286,"500,252",88% bullish,of 16 ratings,$5.25
GABC,$29.2,1440692191315,"7,678",Not yet rated,NULL,$31
GEVO,$2.395,1440692191449,"237,312",75% bullish,of 12 ratings,$5
GIGM,$0.565,1440692191630,"5,200",100% bullish,of 2 ratings,N/A
ROCK,$16.41,1440692191662,"24,279",80% bullish,of 5 ratings,$24
GILT,$4.3452,1440692191694,"8,527",50% bullish,of 2 ratings,N/A
GIII,$67.92,1440692191788,"75,618",67% bullish,of 3 ratings,$75
GBCI,$25.65,1440692191891,"88,599",50% bullish,of 2 ratings,$31
GILD,$108.749,1440692192019,"3,050,501",91% bullish,of 87 ratings,$129
GOOD,$14.6201,1440692192046,"30,171",Not yet rated,NULL,$19
GOODN,NULL,1440692192078,0,Not yet rated,NULL,N/A
GLADO,$25.509,1440692192112,"1,100",Not yet rated,NULL,N/A
GLAD,$8.63,1440692192179,"158,074",50% bullish,of 2 ratings,$8.75
GIGA,$1.44,1440692192312,"13,310",100% bearish,of 1 rating,N/A
GOODO,$25.0641,1440692192370,799,Not yet rated,NULL,N/A
GAINN,$25.05,1440692192443,"1,685",Not yet rated,NULL,N/A
GOODP,NULL,1440692192471,0,Not yet rated,NULL,N/A
GAINO,$25.2564,1440692192600,500,Not yet rated,NULL,N/A
GAIN,$7.36,1440692192742,"64,200",100% bullish,of 2 ratings,$8.25
GLBZ,NULL,1440692192852,0,Not yet rated,NULL,N/A
GAINP,$25.9874,1440692192898,829,Not yet rated,NULL,N/A
GBT,$42.075,1440692192958,"24,130",100% bearish,of 1 rating,N/A
LAND,$9.437,1440692192991,"12,558",50% bullish,of 2 ratings,$13.75
ENT,$11.5,1440692193026,"61,423",100% bearish,of 1 rating,$18
GDEF,NULL,1440692193057,0,Not yet rated,NULL,N/A
GBLI,$26.95,1440692193156,"3,842",Not yet rated,NULL,N/A
GPACU,NULL,1440692193310,0,Not yet rated,NULL,N/A
QQQC,$19.5,1440692193351,"4,507",100% bearish,of 1 rating,N/A
GSOL,$7.95,1440692193380,"7,620",100% bearish,of 1 rating,N/A
SOCL,$17.555,1440692193407,"7,375",100% bullish,of 2 ratings,N/A
ACTX,$13.2088,1440692193443,"4,151",100% bullish,of 1 rating,N/A
ALTY,$14.35,1440692193637,558,Not yet rated,NULL,N/A
SRET,$13.2725,1440692193714,"2,201",Not yet rated,NULL,N/A
GAI,$5.93,1440692193844,10,50% bullish,of 2 ratings,N/A
YLCO,NULL,1440692193903,0,Not yet rated,NULL,N/A
GSM,$13.41,1440692193941,"118,218",50% bullish,of 2 ratings,$23
GBIM,$2.1788,1440692193971,"18,421",50% bullish,of 2 ratings,N/A
GLRI,$0.9951,1440692194044,"7,099",100% bearish,of 1 rating,$4.25
GLBS,$0.98,1440692194069,"13,000",67% bullish,of 3 ratings,N/A
GLYC,$6.905,1440692194210,"2,820",50% bullish,of 2 ratings,$14
GLUU,$4.355,1440692194240,"1,123,845",92% bullish,of 26 ratings,$9
GLNG,$36.76,1440692194311,"229,613",83% bullish,of 6 ratings,$58
GLDC,$4.15,1440692194410,5,50% bullish,of 2 ratings,N/A
GDEN,$9.0499,1440692194485,"1,500",50% bullish,of 2 ratings,N/A
GOGO,$15.63,1440692194511,"257,039",80% bullish,of 5 ratings,$25
GMLP,$17.655,1440692194563,"120,615",50% bullish,of 4 ratings,$32.50
GOGL,$2.835,1440692194698,"173,132",75% bullish,of 4 ratings,$5
GBDC,$16.75,1440692194831,"45,722",Not yet rated,NULL,$17.75
GPRO,$48.8042,1440692194881,"3,252,810",78% bullish,of 58 ratings,$72
GOOG,$633.64,1440692194971,"642,161",89% bullish,of 70 ratings,$825
GOOGL,$664.1352,1440692195011,"654,895",88% bullish,of 1080 ratings,$749
GPIA,NULL,1440692195041,0,Not yet rated,NULL,N/A
GTIM,$6.606,1440692195072,"10,108",Not yet rated,NULL,$11.50
GMAN,$3.85,1440692195143,"38,882",60% bullish,of 5 ratings,$8.50
GPIAU,NULL,1440692195173,0,Not yet rated,NULL,N/A
GPIAW,$0.975,1440692195274,"4,500",Not yet rated,NULL,N/A
LOPE,$37.76,1440692195477,"57,828",100% bearish,of 2 ratings,$50
GBSNU,NULL,1440692195526,0,NULL,NULL,NULL
GLDD,$5.34,1440692195616,"61,415",100% bearish,of 4 ratings,$7.75
GRVY,$3.1,1440692195666,"3,675",50% bullish,of 2 ratings,N/A
GBSN,$0.3976,1440692195693,"6,859,534",50% bullish,of 2 ratings,$8.25
GNBC,$11.62,1440692195715,"4,188",100% bearish,of 1 rating,$16.50
GSBC,$40.08,1440692195743,"11,995",100% bullish,of 1 rating,$44
GPP,$13.51,1440692195945,"27,916",Not yet rated,NULL,$20.50
GRBK,$12.05,1440692195985,"70,043",77% bullish,of 13 ratings,N/A
GLRE,$24.76,1440692196082,"69,136",50% bullish,of 2 ratings,$41
GCBC,NULL,1440692196109,0,100% bullish,of 1 rating,N/A
GPRE,$19.44,1440692196140,"181,448",67% bullish,of 6 ratings,$28.50
GRIF,$29.94,1440692196166,588,100% bearish,of 1 rating,N/A
GRFS,$30.55,1440692196187,"172,941",50% bullish,of 2 ratings,$35
GRPN,$4.245,1440692196331,"2,679,662",61% bullish,of 71 ratings,$6.75
GSIG,$13.08,1440692196510,"13,132",100% bearish,of 2 ratings,N/A
OMAB,$40.11,1440692196536,"16,948",100% bullish,of 1 rating,$44
GGAL,$19.51,1440692196594,"72,691",80% bullish,of 5 ratings,$40
GBNK,$15.5,1440692196772,"5,905",100% bearish,of 1 rating,$18
GSVC,$8.91,1440692196798,"35,182",50% bullish,of 2 ratings,$14.50
GSIT,$4.6647,1440692196828,"3,694",100% bearish,of 1 rating,N/A
GTXI,$0.8,1440692196874,"9,812",100% bullish,of 5 ratings,$.75
GIFI,$11.64,1440692196957,"9,500",100% bearish,of 1 rating,$16
GULTU,$0.295,1440692196986,"164,834",100% bearish,of 1 rating,N/A
GFED,NULL,1440692197014,0,Not yet rated,NULL,$17
GUID,$7.07,1440692197061,"58,328",100% bearish,of 3 ratings,$10
GURE,$1.63,1440692197199,"8,185",88% bullish,of 8 ratings,N/A
GPOR,$35.82,1440692197278,"555,802",75% bullish,of 4 ratings,$55
GWPH,$107.45,1440692197304,"68,017",78% bullish,of 9 ratings,$148.50
GWGH,NULL,1440692197435,0,100% bearish,of 1 rating,$15.05
HEES,$18.75,1440692197723,"278,074",67% bearish,of 3 ratings,$31
HALL,$11.05,1440692197752,"3,745",Not yet rated,NULL,N/A
HNRG,$7.57,1440692197783,"66,269",100% bearish,of 1 rating,$10
HBK,$13.8,1440692197809,200,50% bullish,of 2 ratings,N/A
GYRO,NULL,1440692197834,0,100% bearish,of 1 rating,N/A
HLG,$8.0501,1440692197884,200,100% bearish,of 1 rating,N/A
HALO,$17.83,1440692198042,"314,699",67% bullish,of 3 ratings,$22.50
HMPR,$1.83,1440692198075,"9,970",100% bullish,of 1 rating,N/A
HBHC,$27.48,1440692198174,"117,405",50% bullish,of 2 ratings,$30
HNH,$26.09,1440692198238,"6,707",100% bullish,of 1 rating,N/A
HBHCL,$24.34,1440692198311,"5,588",Not yet rated,NULL,N/A
HAFC,$24.08,1440692198383,"45,881",100% bullish,of 2 ratings,$28.50
HQCL,$12.48,1440692198515,"25,115",67% bullish,of 3 ratings,$14
HNSN,$0.5066,1440692198573,"25,102",88% bullish,of 8 ratings,$.40
HRMN,NULL,1440692198598,0,Not yet rated,NULL,N/A
HDNG,$9.75,1440692198670,"7,767",50% bullish,of 4 ratings,N/A
HRMNU,NULL,1440692198800,0,Not yet rated,NULL,N/A
HLIT,$5.75,1440692198863,"65,592",100% bearish,of 1 rating,$6.50
HRMNW,NULL,1440692198891,0,Not yet rated,NULL,N/A
HART,$0.92,1440692198942,"19,875",100% bearish,of 1 rating,N/A
TINY,$2.4892,1440692198968,"16,593",50% bullish,of 2 ratings,$5.26
HBIO,$4.4,1440692199043,"16,074",Not yet rated,NULL,$10
HCAP,$12.0594,1440692199226,"10,787",50% bullish,of 2 ratings,$15
HCAPL,NULL,1440692199331,0,Not yet rated,NULL,N/A
HAS,$74.77,1440692199379,"244,657",63% bullish,of 8 ratings,$84.50
HA,$22.29,1440692199407,"339,859",67% bullish,of 9 ratings,$27
HWKN,$36.62,1440692199537,"5,503",Not yet rated,NULL,N/A
HCOM,$22,1440692199566,"4,352",100% bearish,of 1 rating,$28
HWBK,$13.5,1440692199590,400,100% bearish,of 1 rating,N/A
HDS,$33.09,1440692199620,"637,361",100% bearish,of 2 ratings,$39.50
HIIQ,$4.38,1440692199775,"11,920",50% bullish,of 2 ratings,$7
HAYN,$37.9595,1440692199837,"13,336",100% bearish,of 1 rating,$59
HSTM,$24.91,1440692199941,"20,933",50% bullish,of 2 ratings,$33.75
HCSG,$33.46,1440692200031,"58,349",50% bullish,of 4 ratings,$35
HWAY,$12.08,1440692200078,"51,767",100% bearish,of 1 rating,$15
HTLD,$20.43,1440692200103,"85,892",Not yet rated,NULL,$22.50
HQY,$29.36,1440692200163,"61,937",67% bullish,of 3 ratings,$31
HTLF,$36.3149,1440692200246,"11,219",100% bullish,of 1 rating,$39.50
HTWR,$84.8,1440692200381,"57,940",50% bullish,of 2 ratings,$103
HTBX,$5.1601,1440692200446,"4,875",50% bullish,of 2 ratings,$15.50
HMNY,NULL,1440692200598,0,100% bearish,of 1 rating,N/A
HSII,$19.68,1440692200623,"17,714",100% bullish,of 3 ratings,$25
HELE,$85.34,1440692200648,"45,948",67% bearish,of 3 ratings,$100
HCACU,NULL,1440692200689,0,Not yet rated,NULL,N/A
HMTV,$13.55,1440692200792,"13,214",100% bearish,of 1 rating,$16
HERO,NULL,1440692200821,0,NULL,NULL,NULL
HNNA,$24.64,1440692200850,"1,831",Not yet rated,NULL,N/A
HSIC,$138.665,1440692200927,"106,960",83% bullish,of 6 ratings,$146
HFWA,$17.67,1440692201084,"12,265",100% bullish,of 1 rating,$20
HTBK,$10.69,1440692201113,"16,281",Not yet rated,NULL,$12
HEOP,$7.61,1440692201215,"5,018",Not yet rated,NULL,$8.50
MLHR,$27.075,1440692201268,"105,576",50% bullish,of 2 ratings,$33.50
HCCI,$11.1,1440692201355,"12,624",100% bearish,of 1 rating,$16.50
HRTX,$35.21,1440692201398,"112,789",67% bullish,of 6 ratings,$41
HSKA,$33.3,1440692201443,"16,022",100% bearish,of 1 rating,$38
HFFC,$16,1440692201604,"3,038",Not yet rated,NULL,N/A
HIBB,$38.52,1440692201634,"82,210",100% bearish,of 1 rating,$46.50
HIMX,$6.73,1440692201797,"322,498",86% bullish,of 21 ratings,$8.50
HPJ,$2.25,1440692201826,"32,484",75% bullish,of 4 ratings,$12.43
HSGX,$5.91,1440692201853,700,100% bearish,of 1 rating,$17
HIHO,$3.8016,1440692201879,"2,225",Not yet rated,NULL,N/A
HIFS,$117.89,1440692202007,"1,386",Not yet rated,NULL,N/A
HMNF,$10.994,1440692202101,450,Not yet rated,NULL,N/A
HMSY,$9.82,1440692202204,"336,164",67% bullish,of 3 ratings,$19.35
HOLI,$17.57,1440692202231,"89,172",50% bullish,of 4 ratings,$27
HBCP,$24.9799,1440692202284,200,Not yet rated,NULL,$29
HOMB,$38.01,1440692202366,"54,945",Not yet rated,NULL,$42
HOLX,$39.3101,1440692202424,"370,259",67% bullish,of 3 ratings,$42
HFBL,$21.54,1440692202562,200,Not yet rated,NULL,N/A
AWAY,$28.43,1440692202591,"274,403",67% bullish,of 3 ratings,$36
HTBI,$18.25,1440692202696,"12,315",67% bullish,of 3 ratings,$18.625
HMST,$21.9,1440692202730,"75,909",100% bullish,of 2 ratings,$27
HMIN,$27.44,1440692202771,"142,678",100% bearish,of 2 ratings,$35
HKTV,$4.48,1440692202799,"27,050",100% bearish,of 1 rating,N/A
CETC,$0.7301,1440692202859,"48,886",86% bullish,of 7 ratings,N/A
HOFT,$23.42,1440692202931,"23,337",100% bearish,of 1 rating,N/A
HFBC,$11.213,1440692203124,"2,020",Not yet rated,NULL,N/A
HBNC,$23.38,1440692203190,"2,735",100% bullish,of 1 rating,$27
HDP,$24.39,1440692203321,"129,537",67% bearish,of 3 ratings,$30.50
ZINC,$7.46,1440692203377,"221,980",100% bearish,of 1 rating,$17
HWCC,$7.32,1440692203403,"21,962",100% bearish,of 1 rating,$9
HRZN,$10.213,1440692203454,"16,369",50% bullish,of 2 ratings,$14.25
HZNP,$29.731,1440692203482,"692,196",85% bullish,of 20 ratings,$40
HMHC,$22.945,1440692203589,"167,540",Not yet rated,NULL,$27
HOVNP,$4.5,1440692203622,"2,013",100% bearish,of 1 rating,N/A
HSNI,$62.69,1440692203722,"53,003",Not yet rated,NULL,$80
HBMD,$14,1440692203750,350,100% bearish,of 1 rating,N/A
HUBG,$38.14,1440692203886,"61,099",100% bearish,of 1 rating,$43
HTGM,$5.79,1440692203915,12,100% bearish,of 1 rating,$19.50
HCBK,$9.4114,1440692203941,"534,673",83% bullish,of 6 ratings,$8.61
HDSN,$3.05,1440692204119,"2,603",100% bullish,of 1 rating,$6.25
HSON,$2.6,1440692204178,"2,871",100% bearish,of 1 rating,$5
HBAN,$10.815,1440692204319,"2,500,274",76% bullish,of 17 ratings,$12.29
HBANP,$1350,1440692204410,40,100% bearish,of 1 rating,N/A
HBP,$3.12,1440692204469,492,100% bullish,of 1 rating,N/A
HTCH,$1.45,1440692204514,"43,926",100% bearish,of 1 rating,$3.50
HURN,$74.13,1440692204543,"60,027",50% bullish,of 2 ratings,$80
HURC,$30.09,1440692204599,"5,680",100% bearish,of 1 rating,N/A
HDRAR,NULL,1440692204647,0,Not yet rated,NULL,N/A
HDRA,$9.69,1440692204786,"7,600",Not yet rated,NULL,N/A
HDRAU,NULL,1440692204931,0,Not yet rated,NULL,N/A
HDRAW,NULL,1440692204959,0,Not yet rated,NULL,N/A
HYGS,$8.57,1440692205027,"16,622",50% bullish,of 2 ratings,$13
IACI,$71.37,1440692205091,"170,606",75% bullish,of 4 ratings,$90
IDSY,$3.83,1440692205119,"2,050",100% bearish,of 1 rating,$7
IKGH,$1.8304,1440692205144,"118,399",75% bullish,of 4 ratings,N/A
IBKC,$60.29,1440692205387,"59,312",100% bullish,of 1 rating,$70
IEP,$72.2499,1440692205475,"43,087",75% bullish,of 4 ratings,$99
ICAD,$3.7401,1440692205520,"59,317",50% bullish,of 2 ratings,$7.25
ICLR,$79.14,1440692205551,"184,056",100% bearish,of 3 ratings,$85
ICON,$13.42,1440692205576,"220,980",50% bullish,of 2 ratings,$18.50
IPWR,$7.3,1440692205603,"1,710",100% bullish,of 1 rating,$15
ICFI,$34.435,1440692205631,"15,104",50% bullish,of 2 ratings,$48.50
ICUI,$114.77,1440692205763,"25,043",Not yet rated,NULL,$122
IDRA,$2.86,1440692205929,"588,914",89% bullish,of 9 ratings,$6.50
INVE,$4.1201,1440692206016,"23,019",75% bullish,of 4 ratings,$4
DSKY,$11.15,1440692206068,"95,307",67% bullish,of 6 ratings,$11.50
IROQ,$17,1440692206096,204,100% bullish,of 1 rating,N/A
IDXX,$72.89,1440692206117,"86,457",100% bearish,of 1 rating,$77
IRG,$4.575,1440692206246,"5,459",100% bearish,of 1 rating,$4.25
IIVI,$16.9653,1440692206272,"36,457",100% bearish,of 1 rating,$22
RXDX,$13.32,1440692206350,"73,796",100% bullish,of 1 rating,$20
KANG,$15.52,1440692206422,"76,987",50% bullish,of 2 ratings,$22.55
IKNX,NULL,1440692206579,0,100% bearish,of 1 rating,N/A
IKAN,$2.73,1440692206610,"8,831",83% bullish,of 6 ratings,$5
IMMR,$11.844,1440692206645,"37,657",80% bullish,of 5 ratings,$15.50
ISNS,$3.93,1440692206742,309,50% bullish,of 2 ratings,N/A
ICCC,$7.525,1440692206767,"6,788",100% bullish,of 1 rating,N/A
ILMN,$200.51,1440692206940,"423,072",80% bullish,of 5 ratings,$245
SAAS,$7.53,1440692207231,"85,158",50% bullish,of 2 ratings,$15
IMNP,$1.3,1440692207259,"64,051",50% bullish,of 2 ratings,$6
IMDZ,$16.71,1440692207296,"40,663",100% bearish,of 1 rating,$33
IMMU,$1.97,1440692207328,"235,266",86% bullish,of 7 ratings,$2
IPXL,$44.4,1440692207354,"106,629",67% bullish,of 3 ratings,$46.50
IMMY,$7.504,1440692207385,"6,595",100% bearish,of 1 rating,$11
IMGN,$14.14,1440692207412,"212,882",75% bullish,of 4 ratings,$17.50
INCR,$42.1299,1440692207438,"100,397",50% bullish,of 2 ratings,$53
INCY,$112.67,1440692207704,"373,094",50% bullish,of 6 ratings,$125.50
INDB,$44.67,1440692207734,"8,311",Not yet rated,NULL,$44
IBCP,$14.23,1440692207839,"25,828",100% bullish,of 1 rating,$14.50
IDSA,$3.45,1440692207869,"1,548",Not yet rated,NULL,N/A
IBTX,$40.31,1440692207971,"6,460",100% bullish,of 2 ratings,$47.25
INFI,$9,1440692207996,"96,105",50% bullish,of 4 ratings,$18
INFN,$22.315,1440692208021,"696,687",71% bullish,of 7 ratings,$28
III,$3.971,1440692208155,"18,456",57% bullish,of 7 ratings,$6
IPCC,$77.44,1440692208202,"5,420",Not yet rated,NULL,$77.50
INWK,$7.02,1440692208227,"25,194",50% bullish,of 2 ratings,$10
IFON,$1.23,1440692208257,"55,579",75% bullish,of 4 ratings,N/A
IMKTA,$51.1,1440692208392,"15,567",100% bearish,of 1 rating,N/A
INOD,$2.35,1440692208427,"18,235",100% bearish,of 1 rating,N/A
INNL,$11.67,1440692208458,3,100% bearish,of 1 rating,$16.50
IPHS,$47.66,1440692208559,"22,420",100% bearish,of 1 rating,$60
IOSP,$48.1,1440692208587,"102,340",100% bearish,of 1 rating,N/A
ISSC,$2.806,1440692208730,452,67% bearish,of 3 ratings,N/A
INGN,$46.83,1440692208835,"39,468",100% bearish,of 1 rating,$50.50
ITEK,$12.21,1440692208918,"268,708",100% bearish,of 3 ratings,$20
NSIT,$25.35,1440692208967,"39,516",50% bullish,of 2 ratings,N/A
INOV,$21.2,1440692208992,"405,560",100% bearish,of 1 rating,$33
ISIG,$2.58,1440692209134,"4,640",100% bearish,of 1 rating,N/A
INO,$6.9362,1440692209163,"376,728",89% bullish,of 18 ratings,$20
IIIN,$16.83,1440692209190,"10,539",100% bearish,of 2 ratings,N/A
INSY,$33.09,1440692209354,"161,049",75% bullish,of 4 ratings,$48
INSM,$24.83,1440692209379,"71,468",71% bullish,of 7 ratings,$31.50
PODD,$29.6201,1440692209404,"60,397",67% bearish,of 3 ratings,$35
NTEC,$5.6299,1440692209433,"1,701",100% bearish,of 1 rating,N/A
IDTI,$19.17,1440692209566,"1,292,132",60% bullish,of 5 ratings,$25
IART,$60.6,1440692209626,"49,765",100% bearish,of 1 rating,$71.50
INTC,$27.61,1440692209760,"8,700,219",82% bullish,of 238 ratings,$36
ISSI,$21.84,1440692209786,"39,517",67% bullish,of 3 ratings,$19.75
IESC,$6.9134,1440692209815,"11,081",100% bearish,of 1 rating,N/A
IQNT,$18.88,1440692209918,"79,233",86% bullish,of 7 ratings,$20
IPCI,$2.19,1440692209950,"41,580",67% bullish,of 6 ratings,$8
IPAR,$25.78,1440692210058,"21,592",67% bullish,of 3 ratings,$38
IBKR,$39.52,1440692210088,"251,865",100% bullish,of 1 rating,N/A
ININ,$35.52,1440692210162,"30,507",67% bearish,of 3 ratings,$57
ICPT,$187.75,1440692210187,"58,241",70% bullish,of 10 ratings,$359.50
ICLD,$1.8652,1440692210238,"112,224",75% bullish,of 4 ratings,N/A
ICLDW,NULL,1440692210370,0,100% bearish,of 1 rating,N/A
IMI,$1.995,1440692210521,"86,682",67% bullish,of 3 ratings,$2.22
IDCC,$49.25,1440692210579,"86,443",80% bullish,of 5 ratings,$63
IBOC,$25.25,1440692210622,"21,712",100% bearish,of 1 rating,N/A
ISCA,$31.48,1440692210651,"14,715",100% bearish,of 1 rating,N/A
INAP,$7.91,1440692210685,"33,943",75% bullish,of 4 ratings,$11
IGLD,$6.855,1440692210783,"3,200",50% bullish,of 2 ratings,N/A
TILE,$23.75,1440692210808,"183,161",100% bearish,of 3 ratings,$27
IIJI,$9.22,1440692210869,30,50% bullish,of 2 ratings,$11.50
PTNT,$2.93,1440692210971,400,Not yet rated,NULL,N/A
INPH,$0.2801,1440692211058,"16,450",50% bullish,of 2 ratings,N/A
XENT,$25.73,1440692211128,"51,926",50% bullish,of 2 ratings,$36.50
INTX,$1.96,1440692211260,"16,536",67% bullish,of 3 ratings,N/A
ISIL,$10.5,1440692211287,"268,993",50% bullish,of 6 ratings,$15
IVAC,$4.695,1440692211420,"34,389",100% bearish,of 1 rating,$6.625
IILG,$20.03,1440692211450,"25,938",100% bearish,of 1 rating,$29
INTL,$26.08,1440692211475,"20,239",67% bearish,of 3 ratings,N/A
INTLL,NULL,1440692211505,0,Not yet rated,NULL,N/A
ITCI,$26.12,1440692211528,"145,081",75% bearish,of 4 ratings,$40
ISRG,$513.16,1440692211582,"41,464",67% bullish,of 3 ratings,$600
IIN,$6.04,1440692211746,200,100% bearish,of 1 rating,$12
INVT,$0.2799,1440692211881,"9,797",67% bullish,of 3 ratings,N/A
ISTR,$15.61,1440692211908,104,100% bearish,of 1 rating,$18.50
INTU,$85.74,1440692211929,"637,759",86% bullish,of 7 ratings,$107.50
SNAK,$8.57,1440692211960,"33,572",50% bullish,of 2 ratings,$14
ISBC,$11.78,1440692212124,"879,696",100% bullish,of 1 rating,$13.25
IPAS,$1.0717,1440692212280,"22,806",67% bullish,of 3 ratings,N/A
NVIV,$9.6,1440692212313,"85,646",50% bullish,of 4 ratings,$24.50
DFVL,NULL,1440692212338,0,Not yet rated,NULL,N/A
ITIC,NULL,1440692212366,0,100% bearish,of 2 ratings,N/A
IVTY,$13.79,1440692212413,"5,698",Not yet rated,NULL,$18
DTUL,NULL,1440692212495,0,Not yet rated,NULL,N/A
IPGP,$85.94,1440692212528,"98,566",100% bearish,of 2 ratings,$109.50
IPCM,$79.02,1440692212555,"75,138",50% bullish,of 2 ratings,$80.125
IRMD,$25.47,1440692212687,"4,698",67% bearish,of 3 ratings,$25
IRIX,$6.78,1440692212715,"7,200",100% bearish,of 1 rating,N/A
IRDM,$7.03,1440692212883,"157,319",60% bullish,of 5 ratings,$11.50
IRDMB,$277.1,1440692212963,353,67% bearish,of 3 ratings,N/A
FCHI,NULL,1440692213012,0,NULL,NULL,NULL
IRWD,$11.05,1440692213044,"231,762",100% bearish,of 1 rating,$13
IRCP,NULL,1440692213146,0,100% bullish,of 2 ratings,N/A
IRBT,$28.675,1440692213173,"63,235",67% bullish,of 6 ratings,$37
GNMA,$50.26,1440692213205,"1,983",Not yet rated,NULL,N/A
IFAS,NULL,1440692213303,0,NULL,NULL,NULL
IFEU,$38.1844,1440692213357,"5,848",Not yet rated,NULL,N/A
COMT,$32.43,1440692213387,"4,194",100% bearish,of 1 rating,N/A
IFNA,NULL,1440692213406,0,NULL,NULL,NULL
IFGL,$28.82,1440692213438,"38,689",Not yet rated,NULL,N/A
ACWI,$56.17,1440692213635,"1,128,729",Not yet rated,NULL,N/A
ACWX,$41.07,1440692213663,"336,825",100% bearish,of 1 rating,N/A
AAIT,NULL,1440692213700,0,NULL,NULL,NULL
AAXJ,$54.07,1440692213737,"492,035",Not yet rated,NULL,N/A
AXJS,NULL,1440692213788,0,NULL,NULL,NULL
EMDI,NULL,1440692213924,0,NULL,NULL,NULL
EGRW,NULL,1440692213965,0,NULL,NULL,NULL
EMEY,NULL,1440692213997,0,NULL,NULL,NULL
EEME,NULL,1440692214024,0,NULL,NULL,NULL
EVAL,NULL,1440692214091,0,NULL,NULL,NULL
EEMA,$51.004,1440692214124,"11,106",Not yet rated,NULL,N/A
EEML,$28.14,1440692214154,"8,306",Not yet rated,NULL,N/A
IEUS,$45.7699,1440692214363,"2,557",100% bearish,of 1 rating,N/A
QAT,$21.3,1440692214392,"7,224",Not yet rated,NULL,N/A
EUFN,$21.999,1440692214424,"20,208",100% bearish,of 1 rating,N/A
UAE,$18.49,1440692214497,"14,020",Not yet rated,NULL,N/A
SOXX,$82.38,1440692214641,"383,785",50% bullish,of 2 ratings,N/A
IBB,$348.79,1440692214785,"789,230",63% bullish,of 8 ratings,N/A
WOOD,$48.1699,1440692214888,"3,356",50% bullish,of 2 ratings,N/A
ISIS,$51.23,1440692214922,"463,393",53% bullish,of 15 ratings,$67
IGOV,$90.8601,1440692214949,"5,398",100% bearish,of 1 rating,N/A
ISHG,$79.56,1440692214993,"6,180",100% bearish,of 1 rating,N/A
INDY,$27.88,1440692215022,"120,497",50% bullish,of 2 ratings,N/A
ICLN,$9.652,1440692215083,"16,666",50% bullish,of 2 ratings,N/A
EMIF,$28.7101,1440692215123,"1,582",Not yet rated,NULL,N/A
ISRL,$129.36,1440692215292,100,100% bearish,of 1 rating,N/A
ITRI,$29.61,1440692215367,"139,104",Not yet rated,NULL,$37
ISLE,$17.07,1440692215518,"102,841",50% bullish,of 4 ratings,$16
ITRN,$24.1,1440692215544,"16,137",50% bullish,of 2 ratings,N/A
XXIA,$15.15,1440692215577,"98,626",71% bullish,of 7 ratings,$14.625
ITUS,$4.003,1440692215678,"6,034",Not yet rated,NULL,N/A
JJSF,$114.48,1440692215703,"7,288",100% bearish,of 1 rating,N/A
JASO,$7.9,1440692215944,"436,130",82% bullish,of 17 ratings,$10
JCOM,$68.8025,1440692215973,"58,230",100% bullish,of 2 ratings,$77
JBHT,$73.71,1440692215995,"245,807",50% bullish,of 4 ratings,$89.50
MAYS,NULL,1440692216043,0,Not yet rated,NULL,N/A
JKHY,$67.94,1440692216065,"156,617",50% bullish,of 2 ratings,$72
IXYS,$10.8724,1440692216126,"28,842",50% bullish,of 4 ratings,N/A
JXSB,NULL,1440692216152,0,Not yet rated,NULL,N/A
JACK,$81.82,1440692216174,"117,586",83% bullish,of 6 ratings,$105
JAXB,NULL,1440692216442,0,100% bullish,of 1 rating,N/A
JAGX,$4.2101,1440692216575,"10,481",Not yet rated,NULL,N/A
JAKK,$9.43,1440692216633,"53,579",60% bearish,of 5 ratings,$11
JMBA,$13.86,1440692216659,"33,783",75% bullish,of 4 ratings,$18
JASN,$4.9899,1440692216707,"4,232",50% bullish,of 2 ratings,$9.50
JRVR,$26.59,1440692216839,"20,407",Not yet rated,NULL,$32
ERW,NULL,1440692216869,0,Not yet rated,NULL,N/A
JASNW,NULL,1440692216894,0,50% bullish,of 2 ratings,N/A
JD,$26.84,1440692216922,"3,009,774",75% bullish,of 16 ratings,$36
JBLU,$22.1,1440692216978,"2,066,505",94% bullish,of 18 ratings,$27
JAZZ,$170.31,1440692217083,"130,055",80% bullish,of 15 ratings,$206.50
JTPY,$2.95,1440692217134,100,100% bearish,of 1 rating,N/A
JCTCF,$9.5,1440692217162,"1,800",100% bullish,of 1 rating,N/A
JIVE,$4.2635,1440692217296,"100,199",75% bullish,of 4 ratings,$5
DATE,$6.13,1440692217323,"37,405",75% bullish,of 4 ratings,$9
JST,$3.9,1440692217349,"28,235",75% bullish,of 4 ratings,N/A
WYIGU,NULL,1440692217667,0,Not yet rated,NULL,N/A
JOUT,$23.195,1440692217711,"2,768",100% bearish,of 1 rating,$34
KMDA,NULL,1440692217736,0,50% bullish,of 2 ratings,$8
JOEZ,$0.1701,1440692217797,"86,415",92% bullish,of 12 ratings,N/A
JNP,$10.8,1440692217896,"26,734",100% bullish,of 3 ratings,$15
JUNO,$37.55,1440692217922,"467,533",73% bullish,of 11 ratings,$71.50
KBIO,$2.0207,1440692217952,"18,567",50% bullish,of 4 ratings,N/A
JBSS,$53.69,1440692217978,"12,177",67% bearish,of 3 ratings,N/A
KALU,$81.745,1440692218112,"39,782",67% bearish,of 3 ratings,$91
KTWO,$21.145,1440692218140,"17,584",100% bearish,of 1 rating,$28.50
KNDI,$6.63,1440692218269,"267,371",86% bullish,of 22 ratings,N/A
KPTI,$13.7301,1440692218337,"70,776",67% bearish,of 3 ratings,$39
KBSF,NULL,1440692218482,0,100% bullish,of 1 rating,N/A
KCLI,$46.02,1440692218542,"11,766",Not yet rated,NULL,N/A
KRNY,$11.34,1440692218568,"134,018",100% bearish,of 1 rating,$12
KCAP,$4.66,1440692218613,"36,108",75% bullish,of 4 ratings,$6
KELYA,$13.87,1440692218643,"70,023",67% bullish,of 6 ratings,$20
KELYB,NULL,1440692218700,0,50% bullish,of 2 ratings,N/A
KMPH,$20.1,1440692218750,"8,075",100% bearish,of 2 ratings,$22
KFFB,$8.6713,1440692218852,100,100% bearish,of 1 rating,N/A
GMCR,$53.72,1440692218939,"663,947",71% bullish,of 42 ratings,$64
