Symbol,Price,Date,Volume,Rating,RatingVoteCount,OneYearEstimate
PIH,$7.54,1440864902525,"9,402",100% bearish,of 1 rating,N/A
VNET,$18.05,1440864902556,"541,289",60% bullish,of 5 ratings,$35
FCCY,$11.54,1440864902577,933,100% bullish,of 1 rating,$13
TFSCW,$0.21,1440864902611,"1,300",100% bearish,of 1 rating,N/A
TFSCR,NULL,1440864902636,0,Not yet rated,NULL,N/A
FLWS,$8.91,1440864902666,"687,314",80% bullish,of 5 ratings,$15
TFSC,NULL,1440864902704,0,100% bearish,of 1 rating,N/A
DGLD,$81.1,1440864902762,"16,958",100% bullish,of 1 rating,N/A
TFSCU,NULL,1440864902854,0,Not yet rated,NULL,N/A
SRCE,$29.44,1440864902879,"29,029",100% bullish,of 3 ratings,$33
DSLV,$69.51,1440864902914,"9,311",100% bearish,of 1 rating,N/A
USLV,$12.45,1440864902958,"242,677",86% bullish,of 7 ratings,N/A
TWOU,$34.99,1440864903014,"129,143",50% bullish,of 2 ratings,$39
FCTY,$7.96,1440864903106,"3,400",100% bullish,of 1 rating,$8.50
JOBS,$27.019,1440864903148,"69,549",50% bullish,of 4 ratings,$36
UGLD,$9.31,1440864903183,"340,880",100% bearish,of 1 rating,N/A
CAFD,$15.0196,1440864903420,"242,552",Not yet rated,NULL,$25
SIXD,$2.72,1440864903449,"111,232",Not yet rated,NULL,N/A
EGHT,$7.84,1440864903517,"384,316",82% bullish,of 17 ratings,$11
AVHI,$13.96,1440864903544,"12,911",100% bearish,of 1 rating,$19
SHLM,$34.06,1440864903569,"65,672",100% bearish,of 1 rating,$47
ABAX,$47.89,1440864903599,"108,826",100% bearish,of 1 rating,$60
AAON,$20.51,1440864903709,"107,410",100% bearish,of 1 rating,$24
ABY,$23.04,1440864903762,"423,555",100% bearish,of 2 ratings,$46
ABEOW,$1.83,1440864903783,"2,361",100% bullish,of 1 rating,N/A
ABEO,$4.82,1440864903813,"47,964",50% bullish,of 4 ratings,$15.50
ABMD,$98.23,1440864903945,"317,770",75% bullish,of 4 ratings,$100.50
ABGB,$5.71,1440864903981,"37,255",67% bullish,of 3 ratings,$5.50
AXAS,$1.92,1440864904029,"949,481",78% bullish,of 9 ratings,$3.50
ACHC,$74.2503,1440864904134,"344,347",50% bullish,of 2 ratings,$92
ACTG,$9.43,1440864904163,"194,247",67% bullish,of 3 ratings,$18.50
ACST,$0.3694,1440864904235,"9,260",100% bullish,of 2 ratings,N/A
ACAD,$38.17,1440864904263,"436,567",80% bullish,of 20 ratings,$48
AXDX,$19.1,1440864904336,"112,407",100% bearish,of 1 rating,N/A
ANCX,$20.01,1440864904400,"20,165",Not yet rated,NULL,$20
ARAY,$6.77,1440864904437,"691,224",100% bearish,of 1 rating,$10.50
XLRN,$29.71,1440864904462,"89,309",50% bullish,of 2 ratings,$57
VXDN,$1.96,1440864904486,"24,710",100% bearish,of 1 rating,N/A
ACRX,$4.24,1440864904705,"310,833",67% bearish,of 6 ratings,$5.50
VXUP,$1.6,1440864904726,"49,457",100% bearish,of 1 rating,N/A
AKAO,$6.99,1440864904807,"38,455",75% bullish,of 4 ratings,$15
ACET,$22.76,1440864904895,"83,357",75% bullish,of 4 ratings,$30
ACIW,$21.38,1440864904949,"288,136",67% bearish,of 3 ratings,$24
ACNB,$19.85,1440864904997,"4,210",Not yet rated,NULL,N/A
ACHN,$7.76,1440864905089,"1,462,742",90% bullish,of 21 ratings,$16
ACTS,$1.6,1440864905123,"49,648",100% bearish,of 1 rating,N/A
ATVI,$29.28,1440864905173,"135,594,206",68% bullish,of 84 ratings,$31.50
ACPW,$1.81,1440864905225,"38,604",100% bullish,of 4 ratings,$3.50
ACOR,$32.73,1440864905272,"557,265",67% bearish,of 3 ratings,$38.50
ACTA,$14.02,1440864905303,"90,621",67% bearish,of 3 ratings,$25
ACUR,$2.83,1440864905358,"48,939",100% bullish,of 5 ratings,$1
ACXM,$21.15,1440864905446,"258,695",67% bullish,of 3 ratings,N/A
ADMP,$3.69,1440864905527,"11,630",50% bullish,of 2 ratings,$10
ADMS,$20.61,1440864905553,"60,583",100% bearish,of 2 ratings,$36
ADAP,$11.66,1440864905683,"84,789",67% bullish,of 3 ratings,$22
AEY,$2.3,1440864905730,"7,434",100% bearish,of 2 ratings,N/A
ADMA,$9.37,1440864905759,"14,766",Not yet rated,NULL,$19
ADEP,$6.87,1440864905864,"20,312",50% bullish,of 2 ratings,$10.75
ADUS,$28.71,1440864905890,"18,242",100% bearish,of 1 rating,$31
ADBE,$79.4,1440864905920,"2,177,794",65% bullish,of 17 ratings,$90
ADTN,$15.7,1440864905942,"386,714",67% bullish,of 3 ratings,$17.125
AEIS,$24.42,1440864906078,"174,991",50% bullish,of 2 ratings,$32.50
ADRO,$20.61,1440864906109,"147,897",80% bullish,of 5 ratings,$45.50
AMD,$1.85,1440864906136,"6,623,181",83% bullish,of 103 ratings,$2
ADXS,$14.69,1440864906166,"468,415",64% bullish,of 14 ratings,$27
MULT,NULL,1440864906210,0,100% bearish,of 1 rating,N/A
ADXSW,$10.47,1440864906264,"1,850",100% bullish,of 1 rating,N/A
YPRO,$22.79,1440864906446,"3,532",100% bearish,of 1 rating,N/A
AEHR,$2.27,1440864906512,"2,346",50% bullish,of 2 ratings,N/A
AEGN,$18.28,1440864906545,"94,812",100% bearish,of 2 ratings,$21
AEGR,$17.66,1440864906571,"331,111",50% bullish,of 6 ratings,$26
AMTX,$3.11,1440864906597,"28,001",50% bullish,of 2 ratings,$26.11
AERI,$16.49,1440864906728,"376,040",75% bullish,of 4 ratings,$31.50
AEMD,$6.95,1440864906862,"91,259",Not yet rated,NULL,$27.50
AVAV,$24,1440864906893,"75,229",50% bullish,of 4 ratings,$31
AEPI,$53.89,1440864906914,"11,740",100% bearish,of 1 rating,N/A
AFFX,$9.48,1440864906951,"279,489",80% bullish,of 5 ratings,$12.50
AFMD,$10.43,1440864907053,"107,629",50% bullish,of 4 ratings,$15
AGEN,$7.26,1440864907074,"602,072",85% bullish,of 13 ratings,$14
AEZS,$0.088,1440864907109,"10,110,751",90% bullish,of 21 ratings,$1.50
AGRX,$9.16,1440864907208,"22,184",100% bearish,of 1 rating,$17.50
AGIO,$90.62,1440864907267,"186,340",88% bullish,of 8 ratings,$114
AGYS,$10.21,1440864907292,"23,032",100% bearish,of 1 rating,N/A
AGFS,$10.1318,1440864907352,"137,593",100% bearish,of 1 rating,N/A
AGFSW,$1.95,1440864907434,"8,300",100% bearish,of 2 ratings,N/A
AIMT,$21.11,1440864907507,"136,933",Not yet rated,NULL,N/A
AIRM,$37.86,1440864907589,"199,407",80% bearish,of 5 ratings,$53
ATSG,$8.95,1440864907687,"126,980",67% bullish,of 3 ratings,$13
AIRT,$22.16,1440864907715,376,100% bullish,of 1 rating,N/A
AMCN,$4.59,1440864907845,"108,503",83% bullish,of 6 ratings,N/A
AKBA,$7,1440864907876,"105,064",100% bearish,of 1 rating,$18
AKER,$2.48,1440864907908,"28,755",Not yet rated,NULL,N/A
AKAM,$71.9,1440864907929,"1,710,795",63% bullish,of 8 ratings,$77
ALRM,$16.8,1440864907960,"126,608",100% bearish,of 1 rating,$22
AKRX,$41.03,1440864908007,"401,819",78% bullish,of 9 ratings,$56
AIXG,$6.38,1440864908098,"27,231",67% bearish,of 3 ratings,$5.25
ABDC,$12.83,1440864908232,"24,564",Not yet rated,NULL,$15
AMRI,$20.6,1440864908261,"158,563",75% bearish,of 4 ratings,$24
ALSK,$2.15,1440864908285,"235,932",78% bullish,of 18 ratings,$2
ADHD,$7.94,1440864908334,"131,054",50% bullish,of 4 ratings,$18
ALDR,$38.61,1440864908419,"186,540",67% bearish,of 3 ratings,$62
ALDX,$7.06,1440864908445,"18,445",100% bearish,of 1 rating,$14.50
ALCO,$42.25,1440864908580,"5,313",50% bullish,of 2 ratings,N/A
ALXN,$178.86,1440864908601,"1,012,132",88% bullish,of 8 ratings,$223
ALGN,$57.27,1440864908642,"244,131",100% bearish,of 2 ratings,$73
ALXA,$1.13,1440864908663,"13,227",83% bullish,of 6 ratings,$2.125
ALIM,$3.44,1440864908697,"27,203",80% bullish,of 5 ratings,$10
ALGT,$208.41,1440864908747,"150,284",100% bearish,of 2 ratings,$235
ALLB,$22.72,1440864908794,797,Not yet rated,NULL,N/A
ALKS,$62.0942,1440864908875,"542,032",67% bullish,of 3 ratings,$75
AFOP,$19.05,1440864908972,"104,154",75% bullish,of 8 ratings,$21
AIQ,$14.35,1440864909104,"6,903",67% bullish,of 3 ratings,N/A
ARLP,$25.32,1440864909136,"280,083",67% bearish,of 3 ratings,$32
AHGP,$36.41,1440864909163,"89,083",67% bullish,of 3 ratings,N/A
AHPI,$1.44,1440864909184,"1,714",50% bullish,of 2 ratings,N/A
AMOT,$18.85,1440864909235,"86,927",100% bearish,of 1 rating,N/A
ALQA,$4.4,1440864909318,"19,390",75% bullish,of 4 ratings,$8.50
ALLT,$5.42,1440864909347,"187,497",75% bullish,of 4 ratings,$6.25
MDRX,$13.8,1440864909451,"810,640",60% bullish,of 5 ratings,$16
ALNY,$109.1,1440864909502,"357,082",67% bullish,of 3 ratings,$148.50
AFAM,$45.43,1440864909530,"41,778",50% bullish,of 2 ratings,$44
AOSL,$7.31,1440864909584,"49,947",67% bullish,of 3 ratings,$9
SMCP,NULL,1440864909661,0,Not yet rated,NULL,N/A
ATEC,$0.54,1440864909715,"81,514",100% bullish,of 1 rating,$2
ALTR,$48.61,1440864909772,"1,182,479",80% bearish,of 5 ratings,$54
ASPS,$25.48,1440864909877,"184,857",67% bullish,of 3 ratings,$46.50
AIMC,$24.94,1440864909903,"71,616",100% bearish,of 2 ratings,$28.50
AMRN,$2.23,1440864910035,"1,409,147",85% bullish,of 39 ratings,$8
AYA,$20.7,1440864910065,"10,578",100% bearish,of 1 rating,$40
AMZN,$519.59,1440864910087,"1,553,310",81% bullish,of 264 ratings,$646
AMAG,$65.85,1440864910122,"315,677",100% bullish,of 2 ratings,$77.50
AMRK,$10.28,1440864910166,"2,016",50% bullish,of 2 ratings,$14
AMBC,$15.61,1440864910229,"222,561",100% bearish,of 1 rating,$16.50
AMBCW,$7.65,1440864910254,"1,012",100% bearish,of 1 rating,N/A
EPAX,$2.69,1440864910279,"86,785",100% bearish,of 1 rating,N/A
AMCX,$73.6,1440864910437,"349,491",67% bullish,of 3 ratings,$87.50
AMBA,$96.15,1440864910462,"1,960,685",83% bullish,of 12 ratings,$102.50
DOX,$57.75,1440864910518,"257,565",67% bearish,of 3 ratings,$60
UHAL,$375.77,1440864910651,"28,990",100% bullish,of 2 ratings,$393.50
AMDA,$0.4798,1440864910678,"643,528",90% bullish,of 10 ratings,$1
AMED,$39.09,1440864910699,"188,323",100% bearish,of 1 rating,$42
ATAX,$5.27,1440864910829,"73,836",100% bullish,of 1 rating,$6.50
ASBI,$22.64,1440864910854,"1,069",Not yet rated,NULL,N/A
AMOV,$18.46,1440864910886,"2,614",100% bearish,of 1 rating,N/A
AGNC,$19.36,1440864910915,"1,941,092",71% bullish,of 28 ratings,$22
AAL,$38.6,1440864910941,"7,110,829",93% bullish,of 88 ratings,$57
AGNCB,$24.29,1440864911018,"19,098",Not yet rated,NULL,N/A
AGNCP,$25.34,1440864911071,"6,144",Not yet rated,NULL,N/A
MTGE,$15.29,1440864911160,"623,994",75% bullish,of 4 ratings,$19.50
ACSF,$12.38,1440864911331,"29,182",100% bearish,of 1 rating,$15
ANCI,$1.46,1440864911434,474,100% bearish,of 1 rating,N/A
ACAS,$13.8357,1440864911461,"897,392",60% bullish,of 5 ratings,$16.75
AMNB,$23.29,1440864911489,"4,556",Not yet rated,NULL,$25.50
MTGEP,$24.5,1440864911510,583,Not yet rated,NULL,N/A
AETI,$3.75,1440864911531,881,67% bearish,of 3 ratings,N/A
AMIC,NULL,1440864911573,0,Not yet rated,NULL,N/A
ANAT,$100.8502,1440864911664,"25,880",100% bullish,of 1 rating,N/A
APEI,$22.36,1440864911693,"59,822",100% bearish,of 1 rating,$25.50
ARII,$40.76,1440864911801,"146,168",67% bearish,of 3 ratings,$45
AMSWA,$9.06,1440864911835,"131,254",100% bearish,of 2 ratings,$10.75
AMRB,$10.05,1440864911862,"2,153",Not yet rated,NULL,$11
AMSC,$4.67,1440864911887,"80,461",50% bullish,of 4 ratings,N/A
ASEI,$39.03,1440864911931,"21,414",100% bearish,of 1 rating,$52.50
ABCB,$26.8,1440864912148,"86,002",Not yet rated,NULL,$31
CRMT,$35.97,1440864912181,"40,468",100% bearish,of 1 rating,$39
AMWD,$66.55,1440864912202,"77,289",50% bullish,of 2 ratings,$70
ASRVP,NULL,1440864912251,0,Not yet rated,NULL,N/A
ASRV,$3.22,1440864912279,"12,469",100% bullish,of 2 ratings,N/A
ATLO,$23.59,1440864912343,"4,506",Not yet rated,NULL,N/A
AMSF,$46.91,1440864912381,"49,852",Not yet rated,NULL,$57.50
AMGN,$155.95,1440864912513,"3,400,173",89% bullish,of 19 ratings,$185
FOLD,$14.87,1440864912543,"612,656",56% bullish,of 9 ratings,$21
AMPH,$13.39,1440864912564,"106,975",50% bullish,of 2 ratings,$20
AMKR,$5.07,1440864912602,"1,277,833",100% bearish,of 2 ratings,$5
AMSGP,$149.3,1440864912698,"33,058",Not yet rated,NULL,N/A
AMSG,$80.06,1440864912719,"252,052",100% bearish,of 1 rating,$85.50
ASYS,$5.39,1440864912808,"36,672",67% bullish,of 3 ratings,$12
AMRS,$1.69,1440864912857,"51,285",70% bullish,of 10 ratings,N/A
AFSI,$58.4717,1440864912882,"168,515",60% bullish,of 5 ratings,$72
ANAC,$135.45,1440864912915,"264,448",80% bullish,of 5 ratings,$180.50
ADI,$56.45,1440864913020,"2,245,427",67% bullish,of 3 ratings,$69
ANAD,$0.33,1440864913048,"133,227",100% bullish,of 2 ratings,$.50
ALOG,$80.27,1440864913124,"65,588",100% bearish,of 2 ratings,$100.50
AMCF,$0.22,1440864913181,"1,426",100% bullish,of 7 ratings,N/A
ANCB,$21.98,1440864913255,"29,500",Not yet rated,NULL,$23
ABCW,$40.28,1440864913317,"7,717",67% bullish,of 3 ratings,N/A
ANGO,$14.67,1440864913391,"69,486",67% bullish,of 3 ratings,$19
ANIP,$52,1440864913422,"129,189",89% bullish,of 19 ratings,$66
ANGI,$5.21,1440864913448,"319,439",64% bullish,of 11 ratings,$5.50
ANIK,$35.94,1440864913494,"100,275",60% bullish,of 5 ratings,$51.25
ATRS,$1.79,1440864913519,"332,285",92% bullish,of 12 ratings,$4.50
ANSS,$89.74,1440864913591,"244,251",100% bearish,of 1 rating,$100
ANTH,$7.41,1440864913681,"469,427",80% bullish,of 10 ratings,$13
ABAC,$0.75,1440864913747,"11,927",100% bearish,of 1 rating,N/A
ATNY,$2.26,1440864913778,"4,237",50% bullish,of 2 ratings,$3.75
APIC,$6.91,1440864913879,"86,505",100% bearish,of 1 rating,$19
APOG,$50.82,1440864913908,"111,095",50% bullish,of 2 ratings,$67
APOL,$11.47,1440864913934,"654,267",87% bearish,of 68 ratings,$14
AINV,$6.6,1440864914011,"696,100",50% bullish,of 4 ratings,$8
APPF,$16.3,1440864914145,"22,796",50% bullish,of 2 ratings,$22
APDNW,$1.27,1440864914231,"2,254",Not yet rated,NULL,N/A
AAPL,$113.37,1440864914265,"32,540,481",86% bullish,of 2353 ratings,$150
ARCI,NULL,1440864914286,0,Not yet rated,NULL,N/A
APDN,$3.46,1440864914319,"72,814",Not yet rated,NULL,$9
AGTC,$16.69,1440864914340,"40,739",50% bullish,of 2 ratings,$33
AMAT,$15.9916,1440864914373,"7,111,784",82% bullish,of 11 ratings,$23
AMCC,$5.77,1440864914509,"326,270",80% bullish,of 5 ratings,$8
AAOI,$21.11,1440864914536,"169,287",50% bullish,of 4 ratings,$26
APRI,$1.33,1440864914682,"381,591",83% bullish,of 6 ratings,$4.86
APTO,$5.28,1440864914740,"32,201",Not yet rated,NULL,$17
AREX,$2.17,1440864914765,"985,162",100% bearish,of 1 rating,$3
AQMS,$5.2,1440864914815,"53,706",Not yet rated,NULL,N/A
AUMA,$9.89,1440864914844,230,Not yet rated,NULL,N/A
AUMAU,NULL,1440864914900,0,Not yet rated,NULL,N/A
AQXP,$16.76,1440864914945,"147,931",50% bullish,of 2 ratings,$2
PETX,$17.64,1440864915044,"156,925",100% bearish,of 2 ratings,$26
AUMAW,NULL,1440864915070,0,Not yet rated,NULL,N/A
ARDM,NULL,1440864915123,0,100% bullish,of 1 rating,$26
ABUS,$7.36,1440864915211,"240,604",86% bullish,of 14 ratings,$23
ARCW,$3.63,1440864915257,"4,066",100% bearish,of 2 ratings,$10.50
ABIO,$0.89,1440864915282,"57,096",50% bullish,of 2 ratings,$3.75
RKDA,$6.36,1440864915311,"9,839",100% bearish,of 2 ratings,$10
ARCB,$29.04,1440864915464,"134,492",67% bearish,of 3 ratings,$39.50
ACGL,$68.1836,1440864915491,"313,921",50% bullish,of 2 ratings,$72
ARDX,$18.75,1440864915571,"63,461",50% bullish,of 2 ratings,$24.50
ARCC,$15.6189,1440864915638,"1,375,235",67% bearish,of 3 ratings,$17.875
AGII,$54.77,1440864915674,"101,334",Not yet rated,NULL,$59.50
ARNA,$2.71,1440864915696,"2,247,385",90% bullish,of 78 ratings,$5.50
AGIIL,$25.36,1440864915769,"11,027",Not yet rated,NULL,N/A
ACAT,$26.55,1440864915797,"114,131",100% bearish,of 3 ratings,$33
ARGS,$6.16,1440864915848,"18,498",50% bullish,of 2 ratings,$19.50
ARIA,$9.65,1440864915988,"22,314,095",87% bullish,of 46 ratings,$9
ARIS,$3.54,1440864916014,"40,749",Not yet rated,NULL,$4.50
ARKR,$24.54,1440864916077,604,50% bullish,of 2 ratings,N/A
ARMH,$42.62,1440864916147,"865,391",54% bearish,of 13 ratings,$60
ARTX,$1.45,1440864916280,"63,093",88% bullish,of 16 ratings,$4.50
ARWA,NULL,1440864916307,0,Not yet rated,NULL,N/A
ARWAU,NULL,1440864916338,0,100% bullish,of 1 rating,N/A
ARWAR,NULL,1440864916366,0,Not yet rated,NULL,N/A
ARQL,$1.76,1440864916438,"76,309",75% bullish,of 4 ratings,$5
ARWAW,NULL,1440864916517,0,Not yet rated,NULL,N/A
ARRY,$5.94,1440864916542,"718,947",100% bullish,of 7 ratings,$10
ARRS,$26.82,1440864916616,"723,865",50% bullish,of 2 ratings,$38
AROW,$27.26,1440864916687,"13,804",Not yet rated,NULL,N/A
DWAT,$9.98,1440864916747,"2,550",100% bearish,of 1 rating,N/A
ARWR,$5.77,1440864916772,"437,585",75% bullish,of 4 ratings,$10.50
ASBB,$24.2,1440864916929,191,Not yet rated,NULL,N/A
ARTNA,$22.24,1440864916954,"8,516",100% bearish,of 1 rating,$29
ARTW,$4.27,1440864916988,"1,665",75% bearish,of 4 ratings,N/A
ASNA,$12,1440864917010,"3,325,555",50% bullish,of 2 ratings,$18
ASCMA,$27.4,1440864917085,"54,550",100% bearish,of 1 rating,$45
ASND,$19.17,1440864917148,"58,087",50% bullish,of 2 ratings,$30
ASTI,$0.1027,1440864917234,"1,274,925",83% bullish,of 6 ratings,$3
ASMI,NULL,1440864917257,0,NULL,NULL,NULL
APWC,$1.91,1440864917285,"1,704",100% bearish,of 1 rating,N/A
ASML,$91.98,1440864917325,"376,653",50% bullish,of 4 ratings,$127
AZPN,$37.9,1440864917527,"471,280",50% bullish,of 2 ratings,$42
ASFI,$8.9,1440864917554,"6,440",100% bullish,of 1 rating,N/A
ATRO,$52.84,1440864917610,"104,448",100% bearish,of 2 ratings,$80
ASMB,$13.33,1440864917634,"40,085",67% bullish,of 3 ratings,N/A
ASTE,$37.12,1440864917692,"59,288",100% bearish,of 1 rating,$48
ALOT,$13.97,1440864917722,"5,000",100% bearish,of 1 rating,N/A
ASTC,$2.07,1440864917798,"13,827",100% bullish,of 5 ratings,N/A
ASUR,$5.97,1440864917828,"1,342",50% bullish,of 2 ratings,$8
ATAI,$2.53,1440864917857,"5,759",100% bearish,of 1 rating,N/A
ATRA,$40.22,1440864918046,"86,077",50% bullish,of 2 ratings,$68
AFCB,$26.58,1440864918079,43,Not yet rated,NULL,N/A
ATHN,$134.56,1440864918108,"144,558",67% bearish,of 3 ratings,$153
ATHX,$1.15,1440864918180,"150,153",89% bullish,of 9 ratings,$5
AAME,$3.51,1440864918204,"1,614",Not yet rated,NULL,N/A
ACFC,$5.59,1440864918274,"23,302",100% bearish,of 1 rating,$6.50
ATNI,$71.89,1440864918302,"30,836",100% bearish,of 1 rating,$69.50
AAPC,$10.1,1440864918322,524,Not yet rated,NULL,N/A
ATML,$8.21,1440864918516,"5,323,862",78% bullish,of 9 ratings,$9.50
ATLC,$3.82,1440864918554,"1,000",67% bullish,of 3 ratings,N/A
ATOS,$0.76,1440864918582,"146,526",100% bullish,of 7 ratings,$7
AFH,$16.25,1440864918647,"45,444",Not yet rated,NULL,$21.50
AAWW,$41.57,1440864918672,"344,090",50% bullish,of 2 ratings,$65
ATRI,$390.57,1440864918701,"1,710",Not yet rated,NULL,N/A
ATRC,$25.5,1440864918781,"75,032",100% bullish,of 1 rating,$30
ATRM,$2.83,1440864918841,"5,169",50% bullish,of 2 ratings,N/A
ATTU,$13.2582,1440864918944,"43,316",100% bearish,of 1 rating,$20.50
AUPH,$3.03,1440864918976,"48,213",100% bearish,of 1 rating,$8
LIFE,$14.79,1440864918999,"59,987",86% bullish,of 7 ratings,$43
AUDC,$3.34,1440864919029,"41,046",80% bullish,of 5 ratings,$5
AUBN,$26.68,1440864919074,652,Not yet rated,NULL,N/A
EARS,$4.86,1440864919166,"61,876",100% bearish,of 2 ratings,$11.50
ADAT,$0.2901,1440864919298,"286,619",100% bullish,of 2 ratings,N/A
ADSK,$47.52,1440864919331,"7,664,747",67% bullish,of 6 ratings,$69.50
ABTL,$17.48,1440864919357,"56,816",100% bullish,of 4 ratings,$20.25
ADP,$78.41,1440864919396,"1,833,355",100% bearish,of 1 rating,$88
AVGO,$127.49,1440864919427,"2,365,644",88% bullish,of 8 ratings,$165
AVNU,$12.35,1440864919618,"4,686",Not yet rated,NULL,$14
CAR,$43.59,1440864919717,"772,875",80% bullish,of 5 ratings,$60
AVID,$8.51,1440864919746,"262,047",100% bearish,of 1 rating,$20
AWRE,$3.18,1440864919779,"9,746",67% bullish,of 3 ratings,N/A
AVGR,$14.96,1440864919800,"28,648",100% bearish,of 1 rating,$20
AVEO,$1.42,1440864919837,"525,234",75% bullish,of 8 ratings,$3
AAVL,$10.78,1440864919858,"281,210",100% bearish,of 1 rating,$20
AVNW,$1.13,1440864919897,"120,526",50% bullish,of 2 ratings,$2.20
ACLS,$3.17,1440864919990,"211,572",67% bullish,of 6 ratings,$4.75
AXPW,$1.06,1440864920096,"50,386",83% bullish,of 6 ratings,N/A
AXPWW,NULL,1440864920246,0,Not yet rated,NULL,N/A
AXTI,$2.2,1440864920287,"30,041",50% bullish,of 2 ratings,$2.75
AXGN,$4.88,1440864920317,"266,524",Not yet rated,NULL,$5
BOSC,$2.17,1440864920379,"2,700",50% bullish,of 2 ratings,N/A
RILY,NULL,1440864920411,0,Not yet rated,NULL,N/A
BCOM,$18.86,1440864920438,80,100% bearish,of 1 rating,N/A
BIDU,$152.41,1440864920478,"2,202,325",81% bullish,of 88 ratings,$210
BCPC,$58.23,1440864920507,"129,590",100% bearish,of 1 rating,$75
BEAV,$49.39,1440864920609,"564,180",67% bearish,of 3 ratings,$59
BWINA,NULL,1440864920663,0,Not yet rated,NULL,N/A
BLDP,$1.28,1440864920712,"333,343",91% bullish,of 22 ratings,$2.50
BWINB,$23.05,1440864920743,"5,630",Not yet rated,NULL,N/A
BANF,$59.87,1440864920768,"10,874",Not yet rated,NULL,$68
BANFP,NULL,1440864920840,0,Not yet rated,NULL,N/A
BMRC,$47.78,1440864921083,"6,078",Not yet rated,NULL,$52
BOCH,$5.75,1440864921139,"7,098",Not yet rated,NULL,$6.50
BKSC,$16.38,1440864921160,"1,895",Not yet rated,NULL,N/A
OZRK,$41.65,1440864921194,"340,296",67% bullish,of 3 ratings,$49.50
BWFG,$17.89,1440864921215,"86,221",100% bearish,of 1 rating,N/A
BKMU,$7.2,1440864921251,"106,117",Not yet rated,NULL,$8
BFIN,$11.98,1440864921290,"805,971",Not yet rated,NULL,$13
BOTJ,$10.93,1440864921350,51,Not yet rated,NULL,N/A
BANR,$43.67,1440864921439,"52,487",100% bullish,of 3 ratings,$50
TAPR,$31.36,1440864921481,"1,065",100% bearish,of 1 rating,N/A
BHAC,$9.81,1440864921581,400,Not yet rated,NULL,N/A
BZUN,$5.29,1440864921606,"324,008",50% bullish,of 2 ratings,$11.50
BHACR,NULL,1440864921737,0,Not yet rated,NULL,N/A
BBSI,$35.46,1440864921820,"44,948",67% bearish,of 3 ratings,$62.50
BHACU,NULL,1440864921851,0,Not yet rated,NULL,N/A
BYBK,$4.88,1440864921919,"12,262",100% bearish,of 1 rating,N/A
BYLK,$12.75,1440864921947,"3,944",Not yet rated,NULL,$14
BSET,$28.97,1440864921979,"65,844",100% bearish,of 1 rating,$35
BHACW,NULL,1440864922016,0,Not yet rated,NULL,N/A
BBCN,$14.41,1440864922080,"235,503",100% bearish,of 1 rating,$16
BV,$5.16,1440864922143,"390,911",67% bullish,of 6 ratings,$9
BCBP,$11.51,1440864922175,"2,786",Not yet rated,NULL,N/A
BDCV,$4.92,1440864922196,"8,428",100% bearish,of 1 rating,$10.19
BECN,$35.38,1440864922278,"319,053",50% bullish,of 2 ratings,$40
BSF,$8.56,1440864922345,"14,316",Not yet rated,NULL,N/A
BBGI,$4.07,1440864922486,514,100% bearish,of 1 rating,N/A
BEBE,$1.35,1440864922512,"2,507,789",75% bullish,of 4 ratings,$3.075
BBBY,$62.32,1440864922561,"1,490,780",71% bullish,of 7 ratings,$75
BELFA,$16.95,1440864922588,24,100% bearish,of 1 rating,N/A
BELFB,$17.97,1440864922613,"23,081",100% bearish,of 1 rating,N/A
BLPH,$5.04,1440864922666,"6,129",100% bearish,of 1 rating,$12.50
BNFT,$36.35,1440864922778,"83,611",67% bullish,of 3 ratings,$46
BNCL,$12.42,1440864922806,"203,255",100% bullish,of 3 ratings,$12.50
BLCM,$17.34,1440864922835,"156,508",50% bullish,of 4 ratings,$40
BNTC,$7.9937,1440864922862,"46,904",100% bullish,of 1 rating,N/A
BGMD,$0.7251,1440864922895,"219,421",100% bullish,of 10 ratings,N/A
BIND,$4.45,1440864922995,"49,598",75% bullish,of 4 ratings,$13.50
BGCP,$8.735,1440864923053,"654,941",88% bullish,of 8 ratings,$14
BGFV,$11.1,1440864923079,"86,024",57% bullish,of 7 ratings,$12
BASI,$1.6,1440864923240,"3,810",Not yet rated,NULL,N/A
ORPN,$5.97,1440864923314,"20,587",100% bullish,of 1 rating,$28.50
BCRX,$11.42,1440864923375,"314,110",63% bullish,of 8 ratings,$18
BCDA,NULL,1440864923413,0,Not yet rated,NULL,N/A
BDSI,$6.87,1440864923509,"493,039",88% bullish,of 8 ratings,$17
BIOD,$0.6435,1440864923536,"49,279",80% bullish,of 5 ratings,$4
BIIB,$303.69,1440864923564,"1,407,281",88% bullish,of 16 ratings,$400
BIOL,$1.43,1440864923592,"19,466",Not yet rated,NULL,N/A
BIOC,$1.98,1440864923613,"102,773",83% bullish,of 6 ratings,$3.85
BLRX,$1.53,1440864923762,"208,226",100% bullish,of 12 ratings,$5
BLFS,$1.98,1440864923839,"21,237",100% bearish,of 1 rating,$4.75
BMRN,$132.0147,1440864923872,"575,644",80% bullish,of 5 ratings,$160
BVXV,$3.6325,1440864923894,"2,361",Not yet rated,NULL,N/A
BVXVW,$0.7,1440864923925,300,100% bearish,of 1 rating,N/A
BRLI,NULL,1440864923967,0,NULL,NULL,NULL
BPTH,$1.11,1440864923994,"55,103",100% bullish,of 2 ratings,$5
BIOS,$2.46,1440864924210,"689,760",71% bullish,of 7 ratings,$4
BSPM,$0.67,1440864924236,"65,101",50% bullish,of 2 ratings,N/A
BBC,$31.95,1440864924257,"9,881",Not yet rated,NULL,N/A
BBP,$33.4,1440864924292,"19,508",Not yet rated,NULL,N/A
BSTC,$52.12,1440864924320,"40,800",100% bearish,of 1 rating,$76
BOTA,$2.18,1440864924387,"25,205",88% bullish,of 8 ratings,N/A
TECH,$96.5,1440864924455,"280,906",100% bullish,of 1 rating,$117
BITI,$17.095,1440864924591,"19,344",100% bullish,of 1 rating,$28
BJRI,$44.26,1440864924619,"170,972",50% bullish,of 2 ratings,$55
BEAT,$14.67,1440864924666,"218,630",67% bearish,of 3 ratings,$15
BDMS,$12.64,1440864924692,84,100% bearish,of 1 rating,N/A
BBOX,$15.07,1440864924838,"96,363",100% bearish,of 1 rating,N/A
BDE,$7.5,1440864924867,"75,507",50% bullish,of 2 ratings,$9
BBRY,$7.32,1440864924970,"3,500,684",61% bullish,of 330 ratings,$9
BLKB,$57.86,1440864925017,"156,655",100% bearish,of 2 ratings,$66
BKCC,$9.304,1440864925043,"302,275",50% bullish,of 2 ratings,$10
HAWK,$40.26,1440864925074,"239,630",91% bullish,of 11 ratings,$49
ADRA,$27.5,1440864925174,"2,800",100% bearish,of 1 rating,N/A
ADRD,$22.21,1440864925220,"11,305",100% bearish,of 1 rating,N/A
ADRE,$30.08,1440864925247,"10,155",100% bearish,of 1 rating,N/A
ADRU,$21.9113,1440864925320,"1,280",100% bearish,of 1 rating,N/A
BLMN,$20.51,1440864925410,"1,243,002",83% bullish,of 6 ratings,$27.50
BCOR,$13.81,1440864925438,"189,735",57% bullish,of 7 ratings,$15
BUFF,$26.31,1440864925684,"184,065",83% bullish,of 12 ratings,$31.50
BBLU,$0.78,1440864925716,"112,994",100% bullish,of 2 ratings,$4.43
BLBD,$11.96,1440864925742,"9,660",Not yet rated,NULL,N/A
NILE,$34.3,1440864925771,"81,168",50% bullish,of 2 ratings,$34
BLUE,$137.47,1440864925797,"296,264",71% bullish,of 7 ratings,$217.50
BHBK,$13.84,1440864925848,"32,621",100% bullish,of 1 rating,$14.50
BKEP,$6.34,1440864925927,"19,498",100% bearish,of 1 rating,$8.50
BKEPP,$7.61,1440864925983,"6,200",100% bearish,of 1 rating,N/A
BPMC,$26.84,1440864926150,"69,527",50% bullish,of 2 ratings,$47.50
BOBE,$43.6,1440864926178,"117,836",75% bullish,of 4 ratings,$57
BOFI,$117.62,1440864926209,"213,540",100% bullish,of 6 ratings,$144
BNCN,$20.56,1440864926235,"117,776",Not yet rated,NULL,$24
WIFI,$7.62,1440864926285,"145,572",50% bullish,of 2 ratings,$13.50
BOJA,$21.44,1440864926414,"58,055",100% bullish,of 1 rating,$30
BONA,$11.64,1440864926501,"107,333",75% bullish,of 4 ratings,$8.50
BOKF,$62.3925,1440864926549,"164,013",100% bearish,of 1 rating,$69
BNSO,$1.31,1440864926587,630,100% bearish,of 1 rating,N/A
BAMM,$3.1,1440864926682,"24,796",60% bullish,of 5 ratings,N/A
BPFH,$11.79,1440864926708,"250,539",100% bearish,of 1 rating,$14
BPFHP,$24.85,1440864926729,"11,250",100% bearish,of 1 rating,N/A
EPAY,$26.94,1440864926887,"177,935",100% bearish,of 2 ratings,$30
BDBD,$8.39,1440864926934,"451,957",60% bullish,of 5 ratings,$10
BBRG,$12.72,1440864927020,"69,040",67% bullish,of 3 ratings,$14.50
BPFHW,$5.15,1440864927073,"3,330",100% bearish,of 1 rating,N/A
BBEPP,$13.4,1440864927102,"61,890",100% bearish,of 1 rating,N/A
BCLI,$3.04,1440864927123,"50,501",80% bullish,of 5 ratings,$12
BBEP,$2.94,1440864927151,"2,796,108",69% bullish,of 13 ratings,$5.625
BRID,NULL,1440864927351,0,100% bearish,of 1 rating,N/A
BDGE,$26.21,1440864927452,"17,166",Not yet rated,NULL,$31.75
BLIN,$1.36,1440864927487,"5,087",100% bullish,of 2 ratings,$2.20
BCOV,$5.32,1440864927691,"68,688",67% bullish,of 3 ratings,$10.20
BRCM,$51.79,1440864927754,"2,529,830",75% bullish,of 12 ratings,$56
BWEN,$3.18,1440864927848,"34,309",100% bullish,of 3 ratings,$8
BVSN,$6.01,1440864927873,"13,669",60% bearish,of 5 ratings,N/A
BYFC,$1.36,1440864928051,"5,967",50% bullish,of 2 ratings,N/A
BRKS,$10.41,1440864928076,"127,627",67% bullish,of 3 ratings,$15.25
BSFT,$31.63,1440864928844,"88,378",57% bullish,of 7 ratings,$40.50
BRCD,$10.553,1440864928871,"2,104,384",92% bullish,of 13 ratings,$11.50
BRKL,$10.51,1440864929047,"272,340",100% bearish,of 1 rating,$10.75
BMTC,$29.2,1440864929072,"98,064",Not yet rated,NULL,$34
BRKR,$18.4692,1440864929097,"392,981",100% bearish,of 2 ratings,$22
BSQR,$6.15,1440864929380,"55,497",67% bullish,of 3 ratings,N/A
BLMT,$20.6,1440864929480,"11,270",Not yet rated,NULL,N/A
BLDR,$14.48,1440864929575,"484,766",67% bullish,of 3 ratings,$22
CFFI,$36.19,1440864929860,"7,589",100% bearish,of 1 rating,N/A
BUR,$1.74,1440864930025,"6,743",100% bearish,of 1 rating,$8
CHRW,$67.2467,1440864930055,"1,365,634",Not yet rated,NULL,$72
CZR,$9.17,1440864930510,"738,436",60% bearish,of 5 ratings,$10.50
CACQ,$7.53,1440864930583,"56,359",100% bearish,of 1 rating,$12.25
PRSS,$4.55,1440864930946,"10,528",80% bullish,of 5 ratings,$4.50
CSTE,$40.5,1440864930979,"114,834",50% bullish,of 2 ratings,$65
CLBS,$1.44,1440864931076,"118,591",79% bullish,of 14 ratings,$4
BWLD,$194.06,1440864931255,"166,257",82% bullish,of 11 ratings,$205
CLMS,$10.61,1440864931280,"65,837",Not yet rated,NULL,$10.50
CHI,$10.6,1440864931339,"101,782",100% bearish,of 1 rating,N/A
CHY,$11.47,1440864931372,"160,991",Not yet rated,NULL,N/A
CFGE,NULL,1440864931473,0,Not yet rated,NULL,N/A
CHW,$7.64,1440864931498,"278,918",100% bearish,of 1 rating,N/A
CCD,$19.38,1440864931524,"81,611",Not yet rated,NULL,N/A
CGO,$12.01,1440864931822,"13,619",100% bearish,of 1 rating,N/A
CSQ,$9.96,1440864931867,"222,801",Not yet rated,NULL,N/A
CAMP,$16.59,1440864932191,"249,483",88% bullish,of 8 ratings,$25
CVGW,$59.23,1440864932223,"104,521",50% bullish,of 2 ratings,$58.50
CDZI,$8.14,1440864932573,"84,491",100% bearish,of 1 rating,N/A
CA,$27.26,1440864932598,"2,293,564",50% bullish,of 4 ratings,$33
CDNS,$20.14,1440864932624,"1,265,237",75% bullish,of 4 ratings,$22.50
CCMP,$43.53,1440864932657,"79,642",50% bullish,of 2 ratings,$59
CALM,$50.25,1440864932756,"273,365",80% bullish,of 5 ratings,$65
CALD,$15.94,1440864932786,"214,263",100% bearish,of 1 rating,$21
CLMT,$26.1156,1440864932816,"157,345",75% bullish,of 8 ratings,$31
ABCD,$5.28,1440864932887,"155,994",83% bullish,of 6 ratings,N/A
CALA,$5.78,1440864932920,"350,686",100% bullish,of 3 ratings,$19.50
CFNB,$13.31,1440864932950,301,100% bearish,of 1 rating,N/A
CAC,$40.25,1440864932975,"5,351",Not yet rated,NULL,N/A
CAMB,$9.95,1440864933019,"3,000",Not yet rated,NULL,N/A
CAMBW,NULL,1440864933106,0,Not yet rated,NULL,N/A
CAMT,$2.72,1440864933148,"11,795",73% bullish,of 11 ratings,$4
CAMBU,NULL,1440864933173,0,100% bearish,of 1 rating,N/A
CSIQ,$18.9253,1440864933317,"1,536,120",86% bullish,of 28 ratings,$42.50
CGIX,$9.96,1440864933510,"20,078",67% bullish,of 3 ratings,$14.375
CPLP,$6.85,1440864933538,"246,034",71% bullish,of 7 ratings,$11
CCBG,$14.99,1440864933567,"18,070",Not yet rated,NULL,$17.25
CPHC,$10.3,1440864933668,"1,608",100% bearish,of 1 rating,N/A
CBF,$29.0025,1440864933719,"163,441",Not yet rated,NULL,$32
CBNJ,$11.09,1440864933800,"17,605",100% bullish,of 1 rating,N/A
CAPN,$2.27,1440864933849,"216,917",100% bullish,of 1 rating,$10.85
CFFN,$12.03,1440864933875,"444,730",Not yet rated,NULL,$12.75
CSWC,$45.86,1440864933931,"14,727",Not yet rated,NULL,N/A
CPTA,$13.69,1440864933956,"45,514",100% bearish,of 1 rating,$18.50
CAPR,$4.28,1440864934203,"3,636",Not yet rated,NULL,$12
CARA,$19.25,1440864934235,"104,767",50% bullish,of 4 ratings,$25
CPST,$0.4182,1440864934256,"1,396,611",95% bullish,of 22 ratings,$1.25
CPLA,$49.2,1440864934278,"111,385",67% bearish,of 3 ratings,$65
CAPNW,NULL,1440864934316,0,Not yet rated,NULL,N/A
CARB,$11.28,1440864934337,"80,399",75% bullish,of 4 ratings,$12
CBYL,$5.38,1440864934597,"28,815",100% bearish,of 1 rating,$20
CRDC,$0.37,1440864934636,"98,459",100% bullish,of 1 rating,$1.25
CFNL,$21.88,1440864934667,"97,527",Not yet rated,NULL,$24
CSII,$24.24,1440864934766,"97,779",100% bearish,of 2 ratings,$42.125
CECO,$3.78,1440864934803,"325,880",67% bearish,of 3 ratings,$6
CRME,$8.86,1440864934831,"6,283",89% bullish,of 9 ratings,$11.25
CDNA,$6.86,1440864934861,"9,849",100% bearish,of 1 rating,$9
CTRE,$11.32,1440864934963,"366,158",50% bullish,of 2 ratings,$13.50
CKEC,$23.45,1440864934994,"112,092",50% bullish,of 2 ratings,$35.915
CART,$5.35,1440864935103,"1,687",100% bearish,of 1 rating,N/A
CLBH,$12.7,1440864935129,"1,504",Not yet rated,NULL,$16.50
CARO,$15.52,1440864935177,686,100% bearish,of 1 rating,$19
TAST,$12.68,1440864935264,"294,920",Not yet rated,NULL,$14.25
CRTN,$2.49,1440864935332,"4,420",100% bearish,of 1 rating,N/A
CATM,$34.65,1440864935496,"145,056",100% bearish,of 1 rating,$44
CARV,$7,1440864935522,"3,573",50% bullish,of 2 ratings,N/A
CASM,$1.13,1440864935559,"169,953",100% bullish,of 1 rating,$3.50
CACB,$5.28,1440864935704,"28,460",Not yet rated,NULL,$5.50
CSCD,$14.97,1440864935769,"29,328",100% bullish,of 2 ratings,$17
CRZO,$35.27,1440864935801,"1,680,807",67% bearish,of 3 ratings,$55
CASI,$1.45,1440864935873,"16,210",100% bullish,of 1 rating,$3.50
CASS,$48.74,1440864935901,"12,195",100% bearish,of 1 rating,N/A
CATB,$12.3,1440864935930,"12,584",100% bearish,of 1 rating,$28
CWST,$6.25,1440864935958,"94,168",50% bullish,of 2 ratings,$7.25
CPRX,$3.64,1440864936039,"252,829",71% bullish,of 7 ratings,$7
CASY,$106.08,1440864936118,"164,558",50% bullish,of 2 ratings,$99.50
CATY,$29.47,1440864936147,"526,220",100% bearish,of 1 rating,$33.50
CATYW,NULL,1440864936244,0,100% bearish,of 1 rating,N/A
CAVM,$68.35,1440864936303,"259,220",67% bearish,of 3 ratings,$72
CVCO,$71.58,1440864936391,"22,860",100% bearish,of 1 rating,N/A
CBFV,$20.23,1440864936419,"1,904",Not yet rated,NULL,$25
CNLM,$9.92,1440864936443,"5,100",Not yet rated,NULL,N/A
CNLMR,NULL,1440864936582,0,Not yet rated,NULL,N/A
CNLMU,NULL,1440864936606,0,100% bullish,of 1 rating,N/A
CBOE,$63.82,1440864936671,"270,550",Not yet rated,NULL,$60
CNLMW,NULL,1440864936747,0,Not yet rated,NULL,N/A
CECE,$9.72,1440864936772,"43,721",50% bullish,of 2 ratings,$16
CDK,$49.69,1440864936845,"401,908",67% bearish,of 3 ratings,$50
CELG,$123.72,1440864936938,"3,113,278",92% bullish,of 13 ratings,$155.50
CDW,$39.95,1440864936963,"682,521",75% bullish,of 4 ratings,$44
CPXX,$2.09,1440864937126,"73,775",100% bullish,of 2 ratings,$7
CLDN,$1.11,1440864937196,"380,623",71% bullish,of 7 ratings,$3
CLRB,$3.07,1440864937266,"3,191",100% bearish,of 1 rating,N/A
CLRBW,NULL,1440864937291,0,Not yet rated,NULL,N/A
CLDX,$15.36,1440864937316,"795,869",89% bullish,of 9 ratings,$36
CELGZ,$1.84,1440864937345,130,80% bullish,of 5 ratings,N/A
CBMG,$23.56,1440864937371,"38,037",50% bullish,of 2 ratings,N/A
CLLS,$33.23,1440864937392,"43,557",75% bullish,of 4 ratings,$51.50
CLSN,$2.06,1440864937652,"73,145",80% bullish,of 10 ratings,$7.50
CLTX,$2.42,1440864937678,"133,553",100% bullish,of 2 ratings,N/A
CETX,$2.36,1440864937708,"4,400",Not yet rated,NULL,$5.60
CEMP,$35.8,1440864937734,"347,148",71% bullish,of 7 ratings,$52
CYAD,NULL,1440864937759,0,100% bullish,of 1 rating,$87.50
CSFL,$13.59,1440864937810,"87,153",Not yet rated,NULL,$15
CETV,$2.14,1440864937863,"134,612",67% bullish,of 3 ratings,$2.80
CFBK,$1.37,1440864937968,"2,096",Not yet rated,NULL,N/A
CVCY,$11.26,1440864938068,"19,319",Not yet rated,NULL,$12
CENX,$5.51,1440864938096,"2,154,129",67% bullish,of 6 ratings,$9
CENT,$12.18,1440864938127,"51,466",Not yet rated,NULL,$10
CENTA,$12.55,1440864938154,"406,884",Not yet rated,NULL,N/A
CNBKA,$41.6,1440864938228,"1,243",50% bullish,of 2 ratings,N/A
CNTY,$5.65,1440864938284,"30,032",80% bullish,of 5 ratings,$7.75
CRNT,$1.43,1440864938359,"82,256",50% bullish,of 2 ratings,$2
CERE,$1.14,1440864938419,"230,627",88% bullish,of 8 ratings,N/A
CPHD,$50.36,1440864938491,"387,374",67% bearish,of 3 ratings,$66.50
CERU,$3.78,1440864938551,"42,073",75% bullish,of 4 ratings,$15
CERN,$63.13,1440864938575,"1,747,634",67% bullish,of 3 ratings,$79
KOOL,$0.67,1440864938730,"40,840",100% bullish,of 5 ratings,$7
CERS,$4.85,1440864938761,"305,160",75% bullish,of 4 ratings,$7
CEVA,$19.13,1440864938789,"98,749",100% bearish,of 1 rating,$25
HOTR,$1.42,1440864938811,"119,259",100% bullish,of 2 ratings,$5
CYOU,$20.64,1440864938868,"99,352",50% bullish,of 6 ratings,$24
CTHR,$1.3,1440864938946,"7,326",50% bullish,of 2 ratings,$2.50
HOTRW,NULL,1440864938971,0,Not yet rated,NULL,N/A
CHFN,$12.38,1440864939181,"17,917",Not yet rated,NULL,$14
GTLS,$24.36,1440864939210,"352,866",50% bullish,of 4 ratings,$40
CHKP,$78.7204,1440864939231,"690,963",50% bullish,of 4 ratings,$92
CHTR,$180.1921,1440864939252,"506,492",100% bearish,of 2 ratings,$196
CHEK,$2.1,1440864939290,"3,047",Not yet rated,NULL,$7.75
CEMI,$4.25,1440864939388,"18,500",50% bullish,of 2 ratings,$7.50
CHEKW,NULL,1440864939421,0,Not yet rated,NULL,N/A
CCXI,$6.5,1440864939521,"58,200",67% bullish,of 3 ratings,$14
CHFC,$31.4,1440864939571,"83,177",100% bearish,of 1 rating,$36
CHKE,$25.46,1440864939599,"11,637",100% bearish,of 1 rating,$32.50
CHMG,$26.15,1440864939625,520,Not yet rated,NULL,$30
CHMA,$25.42,1440864939662,"56,946",Not yet rated,NULL,$40
CHEV,$14.42,1440864939793,"2,230",Not yet rated,NULL,N/A
CMRX,$50.48,1440864939878,"233,277",50% bullish,of 2 ratings,$57
PLCE,$59.63,1440864939922,"171,366",100% bearish,of 1 rating,$69
CBNK,$16.25,1440864939951,"7,266",100% bearish,of 1 rating,N/A
CADC,NULL,1440864939979,0,78% bullish,of 9 ratings,N/A
CAAS,$6.55,1440864940021,"22,438",93% bullish,of 14 ratings,$11.50
CALI,$0.89,1440864940053,"13,298",67% bullish,of 3 ratings,N/A
CBAK,$2.02,1440864940151,"47,677",67% bullish,of 9 ratings,N/A
CCCR,$0.79,1440864940251,"1,440",67% bearish,of 3 ratings,N/A
CBPO,$99.9369,1440864940281,"135,210",75% bullish,of 8 ratings,$140.50
JRJC,$3.64,1440864940309,"75,212",82% bullish,of 11 ratings,N/A
CCCL,$0.783,1440864940386,"8,319",100% bullish,of 6 ratings,N/A
CHOP,$1.16,1440864940454,"3,443",50% bullish,of 2 ratings,N/A
HGSH,$1.81,1440864940519,"5,114",67% bullish,of 3 ratings,N/A
CHLN,$1.99,1440864940588,"5,524",67% bullish,of 3 ratings,N/A
CNIT,$1.37,1440864940616,"110,498",67% bullish,of 6 ratings,N/A
CJJD,$1.87,1440864940645,"12,291",100% bullish,of 1 rating,N/A
HTHT,$25.57,1440864940776,"81,705",50% bullish,of 2 ratings,$28.40
CHNR,$1.57,1440864940807,"4,716",100% bearish,of 1 rating,N/A
CREG,$0.7,1440864940830,"37,457",100% bullish,of 3 ratings,N/A
CPGI,NULL,1440864940911,0,Not yet rated,NULL,N/A
CSUN,$1.48,1440864941014,"12,166",80% bullish,of 5 ratings,N/A
CNTF,$0.804,1440864941069,"91,538",Not yet rated,NULL,N/A
CXDC,$5.72,1440864941098,"37,730",67% bearish,of 3 ratings,N/A
CNYD,$3.35,1440864941124,"14,299",67% bullish,of 3 ratings,N/A
CCIH,$7.31,1440864941202,"195,215",67% bullish,of 6 ratings,$12.65
IMOS,$18.56,1440864941341,"157,340",60% bullish,of 5 ratings,$21.50
CNET,$0.898,1440864941370,"40,200",50% bullish,of 2 ratings,N/A
CHSCL,$27.01,1440864941391,"14,960",Not yet rated,NULL,N/A
CHSCP,$30.51,1440864941526,"4,500",Not yet rated,NULL,N/A
CHSCO,$28.31,1440864941555,"2,888",Not yet rated,NULL,N/A
CHSCN,$27.27,1440864941577,"2,175",Not yet rated,NULL,N/A
CHSCM,$26.12,1440864941598,"14,760",Not yet rated,NULL,N/A
CHDN,$133.5,1440864941731,"100,896",Not yet rated,NULL,$165
CDTX,$14.67,1440864941758,"15,045",Not yet rated,NULL,$22
CHUY,$31.57,1440864941799,"143,174",50% bullish,of 2 ratings,$34
CIFC,$7.04,1440864941915,"4,824",100% bearish,of 1 rating,N/A
CINF,$52.79,1440864941947,"561,411",50% bullish,of 4 ratings,$50.50
CMCT,$15.3899,1440864941969,200,100% bearish,of 1 rating,N/A
CMPR,$73.46,1440864942044,"272,387",50% bullish,of 2 ratings,$72.50
CIDM,$0.5736,1440864942099,"95,380",50% bullish,of 2 ratings,$2.10
CTAS,$85.3785,1440864942192,"330,304",100% bearish,of 1 rating,$91
CRUS,$30.21,1440864942230,"732,197",75% bullish,of 12 ratings,$44.50
CPHR,$5.33,1440864942256,"49,892",100% bearish,of 1 rating,$17
CSCO,$26.02,1440864942392,"21,265,874",84% bullish,of 209 ratings,$32
CTRN,$26.73,1440864942493,"81,046",100% bearish,of 1 rating,$31.50
CZWI,$8.97,1440864942556,974,Not yet rated,NULL,N/A
CIZN,$19.33,1440864942581,"2,439",Not yet rated,NULL,N/A
CZNC,$19.84,1440864942624,"9,181",Not yet rated,NULL,N/A
CZFC,NULL,1440864942649,0,Not yet rated,NULL,N/A
CTXS,$68.69,1440864942675,"1,229,256",86% bullish,of 7 ratings,$80
CHCO,$47.25,1440864942723,"42,647",Not yet rated,NULL,$46
CIVB,$10.07,1440864942865,"6,435",Not yet rated,NULL,$11
CLNE,$5.18,1440864942959,"972,530",80% bullish,of 15 ratings,$9
CLNT,$1.5,1440864943017,"17,654",75% bullish,of 8 ratings,N/A
CDTI,$1.61,1440864943046,"54,168",75% bullish,of 4 ratings,$3.20
CLFD,$17.21,1440864943074,"38,655",67% bullish,of 3 ratings,$18
CIVBP,$33.21,1440864943095,353,Not yet rated,NULL,N/A
CLRO,$11.51,1440864943126,"4,079",50% bullish,of 2 ratings,$14.25
CLIR,$4.67,1440864943279,"79,948",100% bullish,of 3 ratings,N/A
CBLI,$3.8,1440864943436,"30,681",60% bullish,of 5 ratings,N/A
CLVS,$80.54,1440864943465,"406,345",60% bullish,of 5 ratings,$101.50
CSBK,$13.62,1440864943491,"66,040",Not yet rated,NULL,N/A
CME,$94.62,1440864943572,"1,009,749",67% bullish,of 3 ratings,$102
CMFN,$11.17,1440864943626,"26,820",100% bearish,of 1 rating,$15.50
CISG,$7.81,1440864943662,"67,936",100% bullish,of 5 ratings,$10
CCNE,$16.98,1440864943717,"9,188",50% bullish,of 2 ratings,$21.50
COBZ,$12.84,1440864943794,"40,728",100% bullish,of 1 rating,$14
CWAY,$11.11,1440864943826,"4,726",Not yet rated,NULL,N/A
CNV,$4.43,1440864943847,"28,444",50% bullish,of 2 ratings,$7.15
COKE,$157.56,1440864943868,"23,920",79% bullish,of 19 ratings,N/A
CVLY,$20.32,1440864944010,722,Not yet rated,NULL,N/A
JVA,$4.63,1440864944036,"11,572",83% bullish,of 6 ratings,$7
CDXS,$3.8,1440864944101,"19,698",64% bullish,of 11 ratings,$6
CDRB,$13.97,1440864944169,"24,525",67% bullish,of 3 ratings,N/A
CCOI,$27.46,1440864944194,"445,468",50% bullish,of 4 ratings,$35
CGNX,$35.49,1440864944396,"359,217",50% bullish,of 2 ratings,$47
CHRS,$28.98,1440864944426,"79,672",67% bearish,of 3 ratings,$37
COHR,$57.83,1440864944447,"78,704",50% bullish,of 2 ratings,$72
CTSH,$63.72,1440864944478,"2,758,536",90% bullish,of 10 ratings,$75
CGNT,$1.53,1440864944504,"56,889",100% bullish,of 2 ratings,$2
CLRX,$0.54,1440864944607,"44,213",50% bullish,of 2 ratings,N/A
COHU,$9.65,1440864944647,"127,716",100% bearish,of 1 rating,$14.25
COLL,$15.34,1440864944677,"40,817",100% bearish,of 1 rating,$26
CLCT,$18.27,1440864944742,"26,386",100% bearish,of 1 rating,N/A
CBAN,$8.75,1440864944776,"1,516",Not yet rated,NULL,N/A
CIGI,$43.29,1440864944797,"40,937",100% bearish,of 1 rating,$52
CLCD,$6.63,1440864944875,"68,876",100% bearish,of 1 rating,$20.50
COLB,$30.05,1440864944982,"150,126",Not yet rated,NULL,$36
COLM,$60.64,1440864945122,"88,479",100% bearish,of 1 rating,$71
CBMX,$1.1,1440864945143,"19,525",83% bullish,of 6 ratings,$3.15
CMCSA,$56.77,1440864945175,"7,743,132",66% bullish,of 35 ratings,$69.50
CMCO,$18.73,1440864945202,"73,520",60% bullish,of 5 ratings,$28
CBSH,$44.5989,1440864945230,"229,533",50% bullish,of 2 ratings,$46
CMCSK,$57.62,1440864945251,"1,941,868",Not yet rated,NULL,$84
CVGI,$4.96,1440864945474,"43,835",50% bullish,of 2 ratings,$6
CUBN,NULL,1440864945504,0,Not yet rated,NULL,N/A
CSAL,$20.6041,1440864945525,"433,349",75% bullish,of 4 ratings,$30
CBSHP,$25.42,1440864945559,"26,034",100% bearish,of 1 rating,N/A
COMM,$31.9,1440864945581,"725,355",67% bearish,of 3 ratings,$35
JCS,$8.61,1440864945667,"7,525",67% bullish,of 3 ratings,N/A
ESXB,$5.06,1440864945725,"3,468",Not yet rated,NULL,N/A
CYHHZ,$0.01,1440864945802,"76,000",100% bullish,of 1 rating,N/A
CTBI,$34.87,1440864945878,"53,139",Not yet rated,NULL,$36
COB,$10.44,1440864945903,"13,253",100% bullish,of 1 rating,$11.75
CWBC,$6.7,1440864945932,"1,519",Not yet rated,NULL,N/A
CVLT,$35.7,1440864945962,"499,857",75% bullish,of 4 ratings,$44.50
CIZ,$33.45,1440864946061,"1,507",100% bearish,of 1 rating,N/A
CIL,NULL,1440864946194,0,Not yet rated,NULL,N/A
CID,NULL,1440864946221,0,Not yet rated,NULL,N/A
CSA,NULL,1440864946241,0,Not yet rated,NULL,N/A
CFO,$35.63,1440864946302,"150,250",100% bearish,of 1 rating,N/A
CDC,$34.78,1440864946374,"3,743",Not yet rated,NULL,N/A
CFA,$35.7,1440864946534,900,100% bearish,of 1 rating,N/A
CSB,$32.92,1440864946559,200,Not yet rated,NULL,N/A
CPSI,$45.63,1440864946590,"70,148",100% bearish,of 1 rating,$45.50
CSF,$36.75,1440864946623,"4,489",100% bearish,of 1 rating,N/A
CDL,NULL,1440864946644,0,Not yet rated,NULL,N/A
CTG,$6.51,1440864946722,"63,423",100% bearish,of 1 rating,$8.50
CGEN,$5.2,1440864946751,"49,804",50% bullish,of 2 ratings,$11
SCOR,$53.74,1440864946881,"303,382",100% bearish,of 1 rating,$66
CHCI,$0.65,1440864946912,"20,669",50% bullish,of 2 ratings,N/A
CMTL,$25.29,1440864946938,"132,707",100% bearish,of 2 ratings,$37
CNSI,$18.77,1440864947012,"63,344",100% bearish,of 2 ratings,$29
CNCE,$15.95,1440864947108,"103,480",75% bullish,of 4 ratings,$22
CNAT,$4.05,1440864947138,"58,100",83% bullish,of 6 ratings,$13
CXRX,$75.05,1440864947242,"5,908",100% bearish,of 1 rating,$90
CDOR,$1.35,1440864947313,"4,361",100% bullish,of 1 rating,N/A
CCUR,$5.46,1440864947351,"80,309",75% bullish,of 4 ratings,N/A
CDORP,$7,1440864947405,400,100% bearish,of 1 rating,N/A
CFMS,$19.77,1440864947445,"86,468",Not yet rated,NULL,$27
CDORO,$18.95,1440864947497,"1,200",100% bearish,of 1 rating,N/A
CNFR,$10.18,1440864947518,"11,241",Not yet rated,NULL,N/A
CNMD,$53.23,1440864947659,"80,020",Not yet rated,NULL,$59
CNOB,$19.01,1440864947687,"42,656",100% bullish,of 1 rating,$23.50
CTWS,$34.5,1440864947716,"20,376",100% bearish,of 1 rating,$44
CNXR,$6.93,1440864947850,"72,869",100% bearish,of 1 rating,$12
CONN,$29.44,1440864947881,"528,417",67% bullish,of 3 ratings,$48.50
CNSL,$19.76,1440864947903,"196,877",100% bearish,of 1 rating,$23
CTCT,$25.04,1440864948113,"195,271",67% bullish,of 3 ratings,$37
CWCO,$10.94,1440864948160,"91,573",67% bullish,of 3 ratings,$14.50
CFRX,$5.08,1440864948188,"7,722",Not yet rated,NULL,$14
CPSS,$5.6,1440864948214,"22,982",100% bullish,of 1 rating,$10
CFRXW,$1.95,1440864948258,"2,650",100% bearish,of 1 rating,N/A
CFRXZ,$0.599,1440864948283,600,Not yet rated,NULL,N/A
CTRV,$3.68,1440864948418,"4,034",Not yet rated,NULL,$6.40
CTRL,$8.97,1440864948449,"133,195",50% bullish,of 2 ratings,$11
CPRT,$34.99,1440864948480,"286,933",67% bearish,of 3 ratings,$40
CRBP,$1.92,1440864948548,"146,083",100% bullish,of 2 ratings,$6.25
CORE,$59.67,1440864948613,"118,215",100% bearish,of 1 rating,$72
CORT,$5.18,1440864948640,"216,538",67% bullish,of 3 ratings,$12
BVA,$3.75,1440864948676,627,50% bullish,of 2 ratings,N/A
CSOD,$36.17,1440864948823,"273,201",50% bullish,of 2 ratings,$42
COSI,$1.17,1440864948955,"158,610",100% bullish,of 1 rating,N/A
CORI,$10.45,1440864948991,"37,147",100% bearish,of 1 rating,$18
CRVL,$30.91,1440864949025,"28,940",100% bearish,of 1 rating,N/A
CPAH,$0.4301,1440864949086,"2,700",50% bullish,of 2 ratings,N/A
COST,$140.29,1440864949115,"1,445,606",79% bullish,of 24 ratings,$154.50
CSGP,$181.38,1440864949142,"68,173",50% bullish,of 2 ratings,$235
CVTI,$23.51,1440864949163,"93,135",67% bearish,of 3 ratings,$39
COVS,$2.7,1440864949346,"62,906",67% bullish,of 3 ratings,N/A
ICBK,$18.11,1440864949374,228,Not yet rated,NULL,$21
COWN,$5.23,1440864949415,"635,563",75% bullish,of 4 ratings,$7
COWNL,$26.65,1440864949504,"2,100",Not yet rated,NULL,N/A
CPSH,$2.18,1440864949564,"1,167",Not yet rated,NULL,N/A
CRAI,$22.05,1440864949604,"27,938",100% bearish,of 1 rating,$36
CBRL,$145.82,1440864949632,"142,127",50% bullish,of 2 ratings,$155
BREW,$7.97,1440864949661,"39,101",67% bullish,of 6 ratings,$15
CRAY,$20.41,1440864949765,"251,324",83% bullish,of 6 ratings,$38.50
GLDI,$11.01,1440864949910,"3,640",100% bearish,of 1 rating,N/A
SLVO,$10.04,1440864949966,"2,848",100% bearish,of 1 rating,N/A
CREE,$26.99,1440864949995,"801,140",65% bullish,of 17 ratings,$29.50
CACC,$197.5495,1440864950016,"34,208",50% bullish,of 2 ratings,$158.50
CRESY,$10.35,1440864950052,"27,734",100% bearish,of 1 rating,$19
CROX,$14.52,1440864950077,"662,990",63% bullish,of 8 ratings,$16.50
CRTO,$43.1,1440864950153,"295,607",67% bullish,of 6 ratings,$64
CCRN,$14.14,1440864950308,"142,037",100% bearish,of 1 rating,$14.25
CRDS,$1,1440864950382,"42,738",75% bullish,of 4 ratings,$4.50
CYRX,$2.885,1440864950409,"11,794",Not yet rated,NULL,$9
CRWS,$8.07,1440864950438,"4,508",Not yet rated,NULL,$10
CRWN,$4.47,1440864950464,"38,249",75% bullish,of 4 ratings,N/A
CYRXW,$0.83,1440864950547,200,Not yet rated,NULL,N/A
CCLP,$15.38,1440864950650,"30,912",67% bearish,of 3 ratings,$20
CSPI,$5.71,1440864950707,516,67% bullish,of 3 ratings,N/A
CSGS,$31.14,1440864950797,"222,878",Not yet rated,NULL,$40
CTIB,$3.63,1440864950825,"3,890",100% bearish,of 1 rating,N/A
CTCM,$1.83,1440864950859,"114,360",80% bearish,of 5 ratings,$3.90
CTIC,$1.6,1440864950880,"646,597",84% bullish,of 76 ratings,$5.75
CTRP,$71.1413,1440864950951,"1,216,212",75% bullish,of 8 ratings,$93
CUNB,$21.18,1440864951057,"14,251",Not yet rated,NULL,$24.50
CUI,$5.32,1440864951126,"29,604",50% bullish,of 2 ratings,$10
CPIX,$6.04,1440864951154,"5,828",Not yet rated,NULL,N/A
CMLS,$1.42,1440864951185,"374,324",50% bullish,of 4 ratings,$6
CRIS,$2.59,1440864951345,"166,862",100% bullish,of 8 ratings,$6
CUTR,$14.46,1440864951381,"32,831",67% bearish,of 3 ratings,$18
CVBF,$16,1440864951402,"493,743",Not yet rated,NULL,$18
CVV,$10.97,1440864951480,"7,294",100% bullish,of 5 ratings,N/A
CYBR,$52.4,1440864951510,"680,705",75% bullish,of 8 ratings,$66
CYAN,$7.6,1440864951543,"2,172",100% bearish,of 1 rating,N/A
CYBX,$67,1440864951646,"196,566",50% bullish,of 4 ratings,$71.50
CYBE,$6.76,1440864951674,"22,725",100% bearish,of 1 rating,N/A
CYCC,$0.55,1440864951702,"63,851",73% bullish,of 11 ratings,N/A
CYCCP,NULL,1440864951723,0,100% bearish,of 1 rating,N/A
CBAY,$2.63,1440864951849,"56,866",100% bullish,of 1 rating,$4
CYNA,$16.17,1440864951893,"27,144",50% bullish,of 2 ratings,$31.50
CY,$10.09,1440864952045,"2,674,911",80% bullish,of 10 ratings,$15.50
CYRN,$1.7,1440864952110,"29,421",67% bullish,of 3 ratings,$4
CYNO,$31.41,1440864952137,"137,063",67% bearish,of 3 ratings,$45.50
CONE,$32.3,1440864952171,"247,421",67% bearish,of 3 ratings,$35.50
CYTK,$7,1440864952203,"180,145",71% bullish,of 14 ratings,$13.50
CYTR,$2.39,1440864952274,"318,266",67% bullish,of 6 ratings,$10
DAEG,$0.35,1440864952302,"11,063",100% bearish,of 1 rating,N/A
CTSO,$6.89,1440864952329,"27,244",Not yet rated,NULL,$15.625
CYTX,$0.315,1440864952405,"2,360,173",83% bullish,of 12 ratings,$5.50
TVIZ,$19.51,1440864952459,"3,315",100% bearish,of 1 rating,N/A
TVIX,$13.35,1440864952550,"14,107,659",81% bullish,of 16 ratings,N/A
DJCO,$191.42,1440864952598,502,Not yet rated,NULL,N/A
ZIV,$40.01,1440864952624,"153,112",Not yet rated,NULL,N/A
XIV,$27,1440864952698,"18,307,444",75% bearish,of 4 ratings,N/A
DAKT,$8.64,1440864952768,"421,544",50% bullish,of 2 ratings,$12
DARA,$0.86,1440864952864,"24,822",83% bullish,of 6 ratings,$1.50
DRAM,$1.28,1440864952960,"16,449",78% bullish,of 9 ratings,N/A
DAIO,$2.49,1440864953022,"4,973",Not yet rated,NULL,N/A
DTLK,$5.85,1440864953049,"72,201",100% bearish,of 1 rating,$9
DWCH,$5.26,1440864953077,"21,471",75% bullish,of 4 ratings,$8.25
DWSN,$4.54,1440864953113,"13,558",67% bullish,of 3 ratings,N/A
PLAY,$34.43,1440864953216,"121,342",100% bullish,of 5 ratings,$42
DBVT,$41.26,1440864953246,"32,497",100% bearish,of 1 rating,$53
DTEA,$13.15,1440864953300,"48,592",100% bearish,of 2 ratings,$24
TRAK,$62.85,1440864953330,"645,671",50% bullish,of 2 ratings,$62.50
DHRM,$1.48,1440864953377,"7,227",Not yet rated,NULL,N/A
DFRG,$14.59,1440864953431,"99,897",100% bearish,of 1 rating,$20
TACO,$13.1236,1440864953560,"97,042",75% bullish,of 4 ratings,$20
TACOW,$4.05,1440864953646,"18,932",100% bullish,of 1 rating,N/A
DCTH,$0.4003,1440864953707,"122,121",78% bullish,of 9 ratings,N/A
DGAS,$20.12,1440864953733,"3,626",67% bearish,of 3 ratings,N/A
DELTW,NULL,1440864953863,0,Not yet rated,NULL,N/A
XRAY,$53.26,1440864953920,"455,198",100% bullish,of 1 rating,$58
DELT,$2.52,1440864953994,"6,000",Not yet rated,NULL,N/A
DENN,$11.48,1440864954026,"411,859",100% bullish,of 3 ratings,$15
DEPO,$28.38,1440864954052,"492,842",60% bullish,of 5 ratings,$29
DSCI,$5.93,1440864954124,"30,721",50% bullish,of 2 ratings,$16
DEST,$11.13,1440864954186,"20,183",50% bullish,of 2 ratings,N/A
DERM,$27.24,1440864954211,"101,807",100% bearish,of 1 rating,$33.50
DXLG,$5.62,1440864954238,"88,393",100% bearish,of 1 rating,$8
DSWL,$1.71,1440864954371,"4,300",100% bullish,of 1 rating,N/A
DXM,$0.26,1440864954504,"140,456",50% bullish,of 2 ratings,N/A
DXCM,$94.3009,1440864954529,"601,324",57% bullish,of 7 ratings,$98
DMND,$29.77,1440864954556,"137,181",75% bullish,of 12 ratings,$32
DHXM,$6.82,1440864954581,"1,035",Not yet rated,NULL,N/A
DHIL,$194.72,1440864954607,"3,494",Not yet rated,NULL,N/A
FANG,$66.56,1440864954739,"945,281",50% bullish,of 2 ratings,$86.50
DRNA,$11.13,1440864954765,"76,464",67% bearish,of 3 ratings,$25
DGII,$10.06,1440864954899,"88,413",100% bearish,of 1 rating,$10
DRAD,$3.7,1440864954929,"14,268",100% bullish,of 1 rating,$5.25
DCIX,$1.74,1440864954959,"50,106",50% bullish,of 4 ratings,$3.50
DMRC,$37.81,1440864955002,"119,126",100% bearish,of 1 rating,$44
APPS,$2.43,1440864955031,"110,613",100% bearish,of 1 rating,$10.25
DGLY,$8.6,1440864955105,"110,448",50% bullish,of 6 ratings,$20
DCOM,$17.01,1440864955173,"121,317",100% bearish,of 2 ratings,$16.50
DIOD,$19.93,1440864955282,"100,117",75% bearish,of 4 ratings,$24
DPRX,$13.52,1440864955307,"8,669",100% bullish,of 2 ratings,$27.75
DISCK,$25.71,1440864955458,"1,450,570",100% bearish,of 1 rating,$32
DISCB,NULL,1440864955495,0,100% bearish,of 1 rating,$35
DISH,$59.62,1440864955524,"664,919",69% bullish,of 13 ratings,$73
DSCO,$0.42,1440864955556,"233,070",83% bullish,of 6 ratings,$2.75
DISCA,$27.1127,1440864955577,"1,476,936",67% bullish,of 3 ratings,$34
DVCR,$10.8,1440864955653,"5,362",100% bullish,of 1 rating,N/A
DNBF,$25.76,1440864955804,408,Not yet rated,NULL,$27.50
DLHC,$2.45,1440864955888,"2,228",100% bearish,of 1 rating,N/A
DGICA,$14.27,1440864955918,"10,088",100% bearish,of 1 rating,$17
DLTR,$76.7377,1440864955944,"1,695,005",82% bullish,of 11 ratings,$88
DGICB,NULL,1440864955992,0,100% bearish,of 1 rating,N/A
BAGR,$2.77,1440864956017,"10,502",100% bearish,of 1 rating,$6
HILL,$9.665,1440864956222,"1,225,949",60% bearish,of 5 ratings,$9.75
DRWIW,$0.04,1440864956283,318,Not yet rated,NULL,N/A
DWA,$20.29,1440864956310,"780,239",63% bullish,of 8 ratings,$26
DORM,$50.42,1440864956350,"213,968",100% bearish,of 1 rating,$56
DRWI,$0.21,1440864956371,"608,108",60% bullish,of 5 ratings,$.45
DMLP,$14.39,1440864956400,"9,844",100% bearish,of 1 rating,N/A
DRYS,$0.44,1440864956443,"3,465,209",77% bullish,of 31 ratings,$.60
DSKX,$3.25,1440864956472,"269,494",100% bullish,of 1 rating,N/A
DSPG,$8.55,1440864956572,"86,341",100% bearish,of 1 rating,$13.50
CADT,NULL,1440864956653,0,Not yet rated,NULL,N/A
CADTR,NULL,1440864956809,0,Not yet rated,NULL,N/A
DNKN,$51.69,1440864956876,"615,001",67% bullish,of 15 ratings,$56.50
CADTW,NULL,1440864956902,0,Not yet rated,NULL,N/A
DRRX,$2.1,1440864956932,"174,261",50% bullish,of 6 ratings,$3
CADTU,NULL,1440864956974,0,Not yet rated,NULL,N/A
DTSI,$27.07,1440864956999,"64,293",100% bearish,of 2 ratings,$39.50
DYSL,$1.44,1440864957031,"9,241",100% bullish,of 2 ratings,N/A
DYNT,$3,1440864957163,"2,521",75% bullish,of 4 ratings,N/A
DYAX,$23.69,1440864957192,"450,638",89% bullish,of 9 ratings,$30
BOOM,$10.64,1440864957242,"121,109",67% bullish,of 3 ratings,$12
DVAX,$29.76,1440864957320,"286,822",70% bullish,of 10 ratings,$40
DXPE,$28.01,1440864957345,"198,401",50% bullish,of 2 ratings,N/A
EBMT,$11.54,1440864957400,"1,076",Not yet rated,NULL,$13.50
ETFC,$26.53,1440864957531,"1,656,489",57% bullish,of 14 ratings,$32.50
EGBN,$41.91,1440864957568,"45,548",Not yet rated,NULL,$48
EGRX,$83.67,1440864957669,"183,576",67% bullish,of 3 ratings,$97
EGLE,$6.51,1440864957695,"44,799",60% bullish,of 5 ratings,N/A
EWBC,$40.36,1440864957743,"524,091",100% bearish,of 1 rating,$50
EROC,$1.54,1440864957768,"321,569",50% bullish,of 2 ratings,$3
EACQU,NULL,1440864957903,0,Not yet rated,NULL,N/A
EML,$16.47,1440864957935,"7,046",Not yet rated,NULL,N/A
ELNK,$8.45,1440864957967,"507,260",60% bullish,of 5 ratings,$9.50
EVBS,$6.6,1440864958038,"16,168",Not yet rated,NULL,$7
EBIX,$28.21,1440864958068,"195,546",69% bullish,of 13 ratings,$40
EBAY,$27.25,1440864958094,"6,618,106",81% bullish,of 117 ratings,$34
ELON,$0.5649,1440864958119,"28,406",50% bullish,of 2 ratings,N/A
ECHO,$23.01,1440864958291,"541,539",67% bearish,of 3 ratings,$35.50
ECTE,$1.46,1440864958421,"3,701",75% bullish,of 4 ratings,N/A
EEI,$11.15,1440864958446,"3,106",67% bearish,of 3 ratings,N/A
SATS,$44.59,1440864958475,"56,536",50% bullish,of 2 ratings,$60
ECACU,$10.1,1440864958496,"3,602",Not yet rated,NULL,N/A
ESES,$3.22,1440864958537,"2,164",100% bearish,of 1 rating,$7
EDGW,$7.01,1440864958627,"10,591",100% bearish,of 1 rating,N/A
EDAP,$3.6,1440864958656,"25,350",60% bullish,of 5 ratings,$4.50
EDUC,$5.55,1440864958677,"21,651",100% bearish,of 1 rating,N/A
EFUT,$4.63,1440864958840,700,Not yet rated,NULL,N/A
EHTH,$14.1,1440864958868,"168,301",50% bullish,of 4 ratings,$16.50
EGAN,$3.64,1440864958894,"7,806",50% bullish,of 2 ratings,$6.25
EGLT,$10.66,1440864958936,"20,932",50% bullish,of 2 ratings,$21
LOCO,$13.72,1440864959027,"1,206,901",77% bullish,of 13 ratings,$20
EMITF,$1.18,1440864959066,"3,474",75% bullish,of 4 ratings,N/A
ESLT,$76.65,1440864959119,"2,915",67% bullish,of 3 ratings,N/A
ESIO,$4.43,1440864959290,"140,353",50% bullish,of 2 ratings,$10
ERI,$9.7,1440864959327,"144,246",100% bearish,of 1 rating,$10
ELRC,$10.71,1440864959349,"16,406",100% bearish,of 1 rating,N/A
ELSE,$3.9999,1440864959378,500,60% bullish,of 5 ratings,N/A
EA,$67.91,1440864959399,"2,056,941",77% bullish,of 35 ratings,$80
EFII,$44.09,1440864959432,"127,147",80% bullish,of 5 ratings,$55
ELEC,NULL,1440864959563,0,Not yet rated,NULL,N/A
ELECU,NULL,1440864959588,0,Not yet rated,NULL,N/A
ELECW,NULL,1440864959634,0,Not yet rated,NULL,N/A
EBIO,$3.55,1440864959770,"154,084",100% bearish,of 2 ratings,$8.35
RDEN,$10.95,1440864959799,"74,308",100% bearish,of 4 ratings,$15
CAPX,$22.93,1440864959825,"13,900",Not yet rated,NULL,N/A
ESBK,$19.66,1440864959903,423,Not yet rated,NULL,N/A
ELTK,$1.34,1440864960009,"144,213",67% bearish,of 3 ratings,N/A
EMCI,$23.2,1440864960040,"15,362",Not yet rated,NULL,N/A
EMCF,$23.06,1440864960070,100,100% bearish,of 1 rating,N/A
LONG,$17.04,1440864960096,"9,996",67% bullish,of 3 ratings,$15.75
EMKR,$7.06,1440864960137,"65,081",75% bullish,of 4 ratings,$8.50
NYNY,$4.37,1440864960227,"30,167",50% bullish,of 2 ratings,N/A
EMMSP,$3,1440864960266,200,100% bearish,of 1 rating,N/A
EMMS,$1.12,1440864960291,"136,017",83% bullish,of 6 ratings,N/A
ERS,$2.83,1440864960453,"6,582",Not yet rated,NULL,N/A
ECPG,$40.13,1440864960489,"153,412",100% bullish,of 2 ratings,$52
WIRE,$31.67,1440864960627,"90,127",100% bearish,of 1 rating,$37
ENDP,$78.7,1440864960653,"843,248",50% bullish,of 6 ratings,$104
ELGX,$13.04,1440864960689,"310,868",75% bullish,of 4 ratings,$17
ENTA,$41.18,1440864960715,"122,390",50% bullish,of 2 ratings,$42
ECYT,$5.28,1440864960787,"159,581",83% bullish,of 6 ratings,$12
EIGI,$15.55,1440864960818,"197,582",67% bearish,of 3 ratings,$22.50
WATT,$6.99,1440864960843,"124,032",50% bullish,of 2 ratings,$13
ERII,$2.69,1440864960949,"49,581",80% bullish,of 5 ratings,$2.50
EFOI,$22,1440864960980,"907,367",50% bullish,of 2 ratings,$20.50
EXXI,$1.83,1440864961044,"2,134,615",86% bullish,of 7 ratings,$3.50
ENOC,$9.35,1440864961080,"300,726",75% bullish,of 4 ratings,$18
ENG,$1,1440864961106,"10,728",100% bullish,of 3 ratings,N/A
ENPH,$4.58,1440864961241,"408,795",75% bullish,of 4 ratings,$11
ESGR,$146.02,1440864961291,"29,141",100% bearish,of 1 rating,$185
ENFC,$17.63,1440864961386,"14,896",Not yet rated,NULL,N/A
ENTG,$13.7,1440864961432,"498,237",100% bearish,of 1 rating,$18
EGT,$2.14,1440864961535,"13,092",100% bullish,of 1 rating,N/A
EFSC,$23.84,1440864961578,"31,437",Not yet rated,NULL,$27
ETRM,$0.27,1440864961611,"540,107",69% bearish,of 35 ratings,$1.625
EBTC,$21.14,1440864961639,"4,216",Not yet rated,NULL,N/A
ENVI,$1.85,1440864961710,"22,541",67% bullish,of 3 ratings,N/A
ENTL,$22.19,1440864961741,"11,224",Not yet rated,NULL,$28
ENZN,$1.05,1440864961771,"191,259",100% bullish,of 9 ratings,N/A
EPIQ,$12.94,1440864961874,"95,473",100% bearish,of 1 rating,$18
ENZY,$9.69,1440864961905,"20,091",67% bullish,of 3 ratings,$9.50
EPRS,$5.3,1440864962010,"65,326",82% bullish,of 11 ratings,$15
EPZM,$20.1,1440864962040,"274,818",60% bullish,of 5 ratings,$34
PLUS,$76.75,1440864962142,"44,219",50% bullish,of 2 ratings,$88
EQIX,$268.78,1440864962215,"317,195",75% bullish,of 4 ratings,$312.50
EQFN,NULL,1440864962342,0,100% bearish,of 1 rating,N/A
ERIE,$82.6965,1440864962368,"23,830",Not yet rated,NULL,$73
EAC,$3.37,1440864962390,"4,106",100% bearish,of 1 rating,$8
ERIC,$9.95,1440864962421,"1,517,001",67% bullish,of 9 ratings,$12.20
ESCR,$0.12,1440864962450,"313,269",50% bullish,of 2 ratings,N/A
ESCA,$18,1440864962471,"15,345",100% bearish,of 1 rating,$22
ESCRP,$1.15,1440864962605,"3,261",100% bearish,of 1 rating,N/A
ESMC,$1.31,1440864962685,"1,148",Not yet rated,NULL,N/A
ESPR,$52.27,1440864962714,"597,174",70% bearish,of 10 ratings,$123
ESSA,$12.81,1440864962744,"2,219",100% bearish,of 1 rating,N/A
EPIX,NULL,1440864962771,0,Not yet rated,NULL,N/A
ESND,$34.46,1440864962849,"110,118",100% bearish,of 2 ratings,$40
ESSX,$0.4461,1440864962982,"121,833",50% bullish,of 2 ratings,N/A
CLWT,NULL,1440864963112,0,100% bullish,of 1 rating,N/A
ETSY,$14.82,1440864963144,"411,302",80% bullish,of 5 ratings,$16
ESEA,$5.37,1440864963166,"3,809",100% bullish,of 1 rating,$15
EEFT,$65.62,1440864963187,"156,788",100% bearish,of 1 rating,$67.50
EVEP,$8.27,1440864963225,"378,682",50% bullish,of 2 ratings,$15
EVLV,$2.68,1440864963246,"224,794",60% bullish,of 5 ratings,$5.125
EVK,$3.75,1440864963331,267,75% bearish,of 4 ratings,N/A
EXA,$11.19,1440864963464,"12,872",100% bearish,of 1 rating,$13
EVOK,$3.75,1440864963501,"45,220",100% bearish,of 1 rating,$13.375
EVOL,$5.98,1440864963522,"4,531",75% bullish,of 4 ratings,$10
EXAS,$22.34,1440864963595,"466,825",78% bullish,of 9 ratings,$31
EXAC,$18.64,1440864963622,"19,525",100% bearish,of 1 rating,$22.50
EXEL,$6.06,1440864963788,"3,042,838",81% bullish,of 16 ratings,$6
EXPE,$116.5217,1440864963813,"591,733",64% bullish,of 11 ratings,$130
EXFO,$2.74,1440864963861,"3,109",67% bearish,of 3 ratings,$3.95
EXPD,$49.66,1440864963887,"1,275,347",80% bullish,of 5 ratings,$52
EXLP,$20.8232,1440864963943,"166,876",100% bearish,of 1 rating,$25
EXLS,$36.47,1440864963971,"100,676",50% bullish,of 2 ratings,$41
EXPO,$42.71,1440864964026,"77,752",100% bearish,of 1 rating,$45.50
ESRX,$84.46,1440864964160,"2,106,762",67% bearish,of 6 ratings,$101
EXTR,$2.85,1440864964192,"441,776",80% bullish,of 5 ratings,$3
EYEG,$3.63,1440864964235,"8,530",Not yet rated,NULL,N/A
EZCH,$22.5819,1440864964289,"100,750",75% bullish,of 8 ratings,$19.50
EYEGW,NULL,1440864964320,0,Not yet rated,NULL,N/A
FFIV,$122.97,1440864964463,"535,549",63% bullish,of 8 ratings,$132
EZPW,$5.83,1440864964488,"233,828",50% bullish,of 4 ratings,$7.50
FB,$90.997,1440864964521,"21,405,623",73% bullish,of 1070 ratings,$111
FCS,$13.71,1440864964626,"593,435",67% bearish,of 3 ratings,$17
FRP,$16.22,1440864964652,"95,097",100% bearish,of 1 rating,$18
FWM,$2.25,1440864964677,"117,046",100% bearish,of 2 ratings,$3.20
FALC,$1.76,1440864964728,"108,050",63% bearish,of 8 ratings,N/A
FARM,$22.94,1440864964868,"20,353",100% bearish,of 1 rating,$35
DAVE,$15.36,1440864964933,"17,244",100% bearish,of 1 rating,$15.50
FFKT,$25.89,1440864964960,"7,909",Not yet rated,NULL,$29
FARO,$38.01,1440864965087,"102,628",50% bullish,of 2 ratings,$48
FMNB,$8.27,1440864965118,"9,733",Not yet rated,NULL,N/A
FAST,$38.69,1440864965169,"1,512,410",80% bullish,of 5 ratings,$45.50
FBSS,$15.29,1440864965190,200,Not yet rated,NULL,N/A
FATE,$7.21,1440864965218,"24,853",50% bullish,of 2 ratings,$11
FBRC,$22.28,1440864965385,"11,421",100% bearish,of 1 rating,$29
FNHC,$21.79,1440864965425,"82,959",100% bearish,of 1 rating,$35
FDML,$8.72,1440864965461,"236,899",50% bullish,of 4 ratings,$14
FEIC,$75.72,1440864965521,"219,243",50% bullish,of 2 ratings,$95.50
FHCO,$1.37,1440864965551,"24,116",50% bullish,of 4 ratings,N/A
FENX,$9.97,1440864965581,"142,317",100% bullish,of 1 rating,$14.25
FGEN,$25,1440864965601,"155,438",100% bearish,of 1 rating,$39
FCSC,$5.74,1440864965622,"84,641",100% bearish,of 1 rating,$8.125
ONEQ,$189.9,1440864965862,"11,934",100% bullish,of 1 rating,N/A
LION,$19.23,1440864965888,"74,002",100% bullish,of 1 rating,$20
FRGI,$52.21,1440864966023,"105,363",50% bullish,of 2 ratings,$70
FSAM,$8.19,1440864966066,"11,024",100% bearish,of 1 rating,$10.25
FDUS,$14.64,1440864966099,"23,047",50% bullish,of 2 ratings,$18
FSC,$6.45,1440864966126,"607,315",60% bullish,of 5 ratings,$8
FSCFL,$24.65,1440864966162,"6,848",Not yet rated,NULL,N/A
FSFR,$8.89,1440864966202,"67,547",100% bearish,of 1 rating,$11.50
FITBI,$27.525,1440864966255,"34,706",Not yet rated,NULL,N/A
FITB,$19.97,1440864966280,"3,708,357",54% bullish,of 13 ratings,$22
FNSR,$15.77,1440864966500,"515,888",71% bullish,of 7 ratings,$24.50
FNGN,$33.23,1440864966545,"176,570",67% bullish,of 3 ratings,$47
FNTC,NULL,1440864966574,0,Not yet rated,NULL,N/A
FNJN,$1.9,1440864966601,"33,173",100% bearish,of 1 rating,$5
FISI,$24.52,1440864966626,"15,149",100% bullish,of 2 ratings,$24.50
FNTCU,NULL,1440864966682,0,Not yet rated,NULL,N/A
FNTCW,NULL,1440864966815,0,Not yet rated,NULL,N/A
FEYE,$39.23,1440864966840,"2,069,894",87% bullish,of 15 ratings,$55.50
FBNC,$16.95,1440864966920,"17,226",100% bullish,of 1 rating,$20
FNLC,$18.73,1440864966979,"10,936",100% bullish,of 1 rating,N/A
FBIZ,$44.1,1440864967049,"28,261",100% bearish,of 2 ratings,$52
BUSE,$6.36,1440864967076,"86,619",Not yet rated,NULL,$6.875
FRBA,$6.08,1440864967151,"1,488",Not yet rated,NULL,$8
FCVA,$4.61,1440864967207,351,Not yet rated,NULL,N/A
FCAP,$26.77,1440864967297,402,Not yet rated,NULL,N/A
FCFS,$39.83,1440864967334,"154,214",100% bearish,of 3 ratings,$48
FCLF,$9.05,1440864967388,"1,666",Not yet rated,NULL,N/A
FCNCA,$238.6,1440864967426,"15,051",Not yet rated,NULL,N/A
FCBC,$17.49,1440864967588,"17,432",Not yet rated,NULL,$18
FCFP,$6.94,1440864967620,"3,000",Not yet rated,NULL,N/A
FCCO,$12,1440864967646,"2,065",Not yet rated,NULL,$13.25
FFNM,$6.19,1440864967685,"1,344",Not yet rated,NULL,N/A
FBNK,$17.21,1440864967717,"22,827",100% bearish,of 1 rating,$17.50
FFBC,$18.28,1440864967781,"149,353",67% bearish,of 3 ratings,$20.25
FDEF,$37.44,1440864967812,"34,556",Not yet rated,NULL,$38
FFBCW,NULL,1440864967914,0,100% bearish,of 1 rating,N/A
FFIN,$30.67,1440864967953,"141,387",50% bullish,of 2 ratings,$31.75
THFF,$32.94,1440864968046,"24,402",Not yet rated,NULL,$35
FFNW,$12.06,1440864968071,"10,423",Not yet rated,NULL,$14
FRME,$25.92,1440864968256,"130,285",Not yet rated,NULL,$26.50
INBK,$30.15,1440864968291,"10,430",50% bullish,of 2 ratings,$37
FFWM,$21.37,1440864968322,"22,466",Not yet rated,NULL,$24
FIBK,$26.22,1440864968356,"81,866",Not yet rated,NULL,$32
FMBH,NULL,1440864968384,0,Not yet rated,NULL,N/A
FNBC,$34.63,1440864968409,"63,076",Not yet rated,NULL,$40
FMBI,$17.43,1440864968434,"263,235",Not yet rated,NULL,$20
FNFG,$9.1568,1440864968462,"1,157,000",80% bullish,of 5 ratings,$9
FNWB,$11.85,1440864968665,"10,217",Not yet rated,NULL,N/A
FSGI,$2.47,1440864968695,"12,130",Not yet rated,NULL,N/A
FSFG,$30.07,1440864968722,71,Not yet rated,NULL,N/A
FSLR,$47.8,1440864968852,"1,195,799",72% bullish,of 39 ratings,$65
FSBK,$7.82,1440864968886,"5,412",100% bullish,of 1 rating,N/A
BICK,$19.69,1440864968912,"1,428",100% bullish,of 1 rating,N/A
FBZ,$10.144,1440864969059,600,Not yet rated,NULL,N/A
FTCS,$36.63,1440864969156,"18,232",100% bearish,of 1 rating,N/A
FV,$23.71,1440864969186,"1,935,175",100% bearish,of 1 rating,N/A
FCA,$20.44,1440864969214,"2,300",Not yet rated,NULL,N/A
FCAN,$24.6,1440864969240,"6,052",Not yet rated,NULL,N/A
FEMB,NULL,1440864969261,0,Not yet rated,NULL,N/A
IFV,$17.88,1440864969315,"555,778",100% bearish,of 1 rating,N/A
FTSM,$59.85,1440864969409,"7,169",100% bearish,of 1 rating,N/A
TDIV,$24.9,1440864969500,"74,537",100% bearish,of 1 rating,N/A
FEUZ,$31.5,1440864969567,"1,405",Not yet rated,NULL,N/A
FGM,$35.58,1440864969642,"2,324",Not yet rated,NULL,N/A
MDIV,$19.23,1440864969668,"128,525",Not yet rated,NULL,N/A
FTGC,$22.39,1440864969688,"76,491",Not yet rated,NULL,N/A
FTHI,$19.5399,1440864969820,640,Not yet rated,NULL,N/A
HYLS,$49.53,1440864969852,"35,104",100% bearish,of 1 rating,N/A
FHK,$33.3,1440864970017,"2,363",Not yet rated,NULL,N/A
SKYY,$29.18,1440864970048,"46,046",100% bullish,of 1 rating,N/A
CU,$13.21,1440864970081,"7,015",100% bearish,of 1 rating,N/A
YDIV,$16.5742,1440864970101,"3,515",Not yet rated,NULL,N/A
FPXI,$27.29,1440864970122,500,Not yet rated,NULL,N/A
PLTM,$6.38,1440864970161,"6,702",100% bearish,of 1 rating,N/A
FJP,$47.81,1440864970267,"59,841",Not yet rated,NULL,N/A
FTLB,$19.3188,1440864970338,"3,260",100% bearish,of 1 rating,N/A
LMBS,$49.77,1440864970425,"5,298",Not yet rated,NULL,N/A
QABA,$37.18,1440864970526,"8,586",100% bearish,of 1 rating,N/A
FMB,$51.23,1440864970551,415,Not yet rated,NULL,N/A
FONE,$35.29,1440864970626,950,Not yet rated,NULL,N/A
QCLN,$15.18,1440864970794,"16,517",Not yet rated,NULL,N/A
CIBR,$18.04,1440864970818,"51,388",Not yet rated,NULL,N/A
RDVY,$21.17,1440864970846,"2,849",Not yet rated,NULL,N/A
CARZ,$35.05,1440864970872,"1,904",100% bearish,of 1 rating,N/A
QQEW,$42.1,1440864970901,"52,287",Not yet rated,NULL,N/A
AIRR,$16.4,1440864971002,"2,252",100% bearish,of 1 rating,N/A
QTEC,$40.33,1440864971043,"26,311",Not yet rated,NULL,N/A
GRID,$33.09,1440864971200,705,100% bearish,of 1 rating,N/A
QQXT,$40.74,1440864971227,"18,704",Not yet rated,NULL,N/A
QINC,$20.2999,1440864971310,663,Not yet rated,NULL,N/A
FTSL,$48.74,1440864971356,"110,156",100% bearish,of 1 rating,N/A
FKO,NULL,1440864971384,0,Not yet rated,NULL,N/A
FDIV,$46.09,1440864971490,302,100% bearish,of 1 rating,N/A
FSZ,$39.19,1440864971626,"3,866",Not yet rated,NULL,N/A
SVVC,$9.43,1440864971706,"11,779",50% bullish,of 2 ratings,$26
FUNC,$8.12,1440864971736,"2,091",Not yet rated,NULL,N/A
FKU,$41.82,1440864971768,"5,183",Not yet rated,NULL,N/A
TUSA,$25.08,1440864971790,300,Not yet rated,NULL,N/A
FSV,$31.41,1440864971816,"12,183",Not yet rated,NULL,$33.60
FTW,$31.91,1440864971867,230,Not yet rated,NULL,N/A
FMER,$17.81,1440864971996,"731,124",50% bullish,of 2 ratings,$20
FIVE,$38.5,1440864972056,"860,602",75% bearish,of 4 ratings,$44
FPRX,$19.37,1440864972259,"177,840",50% bullish,of 2 ratings,$35
FIVN,$4.03,1440864972285,"81,303",100% bullish,of 1 rating,$8.50
SKOR,$50.3,1440864972332,"2,349",Not yet rated,NULL,N/A
FLML,$21.9746,1440864972359,"90,829",50% bullish,of 2 ratings,$30
FISV,$86.78,1440864972420,"802,788",100% bearish,of 3 ratings,$90
MBSD,$25.02,1440864972495,"14,451",Not yet rated,NULL,N/A
FLXN,$25.29,1440864972524,"49,036",100% bearish,of 1 rating,$40
FLKS,$12.41,1440864972552,"26,992",50% bullish,of 2 ratings,$27
FLEX,$10.6,1440864972598,"1,115,185",63% bullish,of 8 ratings,$12
FLIR,$28.57,1440864972689,"1,032,100",100% bearish,of 1 rating,$38.50
FLXS,$32.15,1440864972716,"13,502",100% bearish,of 2 ratings,N/A
FLDM,$11.7,1440864972757,"260,257",67% bearish,of 3 ratings,$15
FFIC,$19.73,1440864972787,"77,431",Not yet rated,NULL,$21
FOMX,$10.18,1440864972885,"82,757",50% bullish,of 2 ratings,$23.50
FOGO,$19.23,1440864972991,"34,672",50% bullish,of 2 ratings,$25.50
FES,$0.9409,1440864973087,"94,182",50% bullish,of 2 ratings,$1
FORM,$6.53,1440864973112,"253,899",67% bullish,of 3 ratings,$10.50
FORTY,$30.33,1440864973142,"1,000",100% bearish,of 1 rating,N/A
FWRD,$45.16,1440864973277,"186,984",100% bearish,of 1 rating,$50
FBIO,$2.88,1440864973329,"79,815",83% bullish,of 6 ratings,N/A
FONR,$9.7,1440864973357,"6,716",100% bullish,of 1 rating,N/A
FTNT,$42.96,1440864973390,"603,333",80% bullish,of 10 ratings,$52
FORR,$31.88,1440864973417,"18,396",Not yet rated,NULL,N/A
FORD,$1.66,1440864973438,"1,753,015",67% bullish,of 3 ratings,N/A
FWP,$27.02,1440864973492,"15,503",100% bearish,of 1 rating,$45
FOSL,$61.6,1440864973625,"709,887",60% bearish,of 5 ratings,$80
FMI,$23.8,1440864973667,"312,031",100% bearish,of 2 ratings,$27.50
FOXF,$15.18,1440864973770,"24,155",100% bearish,of 1 rating,$19
FXCB,$17.02,1440864973798,"34,723",Not yet rated,NULL,$19
FRAN,$11.17,1440864973824,"366,392",50% bullish,of 4 ratings,$15
FELE,$29.23,1440864973952,"216,658",50% bullish,of 4 ratings,$33
FRED,$13.06,1440864974017,"248,657",50% bullish,of 2 ratings,$16
FREE,$0.378,1440864974050,"370,595",92% bullish,of 12 ratings,N/A
RAIL,$20.73,1440864974071,"70,803",100% bearish,of 1 rating,$24.50
FRPT,$13.06,1440864974101,"298,368",67% bearish,of 3 ratings,$23.50
FEIM,$11,1440864974148,"3,049",100% bearish,of 1 rating,N/A
FTR,$5.08,1440864974238,"11,162,934",78% bullish,of 27 ratings,$6.25
FTRPR,$100.8,1440864974374,"53,474",100% bearish,of 1 rating,N/A
FRPH,$31.17,1440864974395,"5,010",100% bearish,of 1 rating,N/A
FSBW,$23.2,1440864974426,991,Not yet rated,NULL,N/A
FSYS,$6.63,1440864974575,"30,772",67% bullish,of 3 ratings,$10
FTD,$29.27,1440864974601,"102,153",100% bearish,of 1 rating,$40
FCEL,$0.8,1440864974732,"1,501,071",88% bullish,of 41 ratings,$2.65
FULL,$3.1,1440864974761,"30,227",67% bearish,of 3 ratings,$4.25
FTEK,$2.04,1440864974783,"51,368",75% bullish,of 4 ratings,N/A
FULLL,$24.9101,1440864974911,200,Not yet rated,NULL,N/A
FULT,$12.08,1440864974936,"624,848",100% bearish,of 1 rating,$13
FLL,$1.51,1440864974967,"10,264",75% bullish,of 4 ratings,$3.50
FFHL,$1.05,1440864974988,"18,397",50% bullish,of 4 ratings,N/A
FXENP,$15.76,1440864975117,"1,000",100% bearish,of 1 rating,N/A
FSNN,$2.18,1440864975164,"1,562",67% bullish,of 3 ratings,$6
FXEN,$0.87,1440864975194,"69,159",75% bullish,of 4 ratings,$1.10
GK,$67.55,1440864975220,"59,942",Not yet rated,NULL,$78
GAIA,$5.9,1440864975301,"7,898",50% bullish,of 2 ratings,$8.50
WILC,$4.97,1440864975354,"6,120",100% bullish,of 2 ratings,N/A
GLPG,$60.49,1440864975403,"13,297",100% bullish,of 1 rating,$75
GALTU,NULL,1440864975578,0,100% bearish,of 1 rating,N/A
GALTW,NULL,1440864975605,0,100% bullish,of 1 rating,N/A
GALE,$1.5,1440864975631,"789,696",89% bullish,of 47 ratings,$4
GALT,$1.96,1440864975670,"30,257",80% bullish,of 5 ratings,N/A
GLMD,$8.81,1440864975760,"11,506",67% bullish,of 3 ratings,$20.50
GLPI,$31.5863,1440864975792,"324,483",100% bearish,of 1 rating,$37.50
GRMN,$37.99,1440864975813,"966,815",50% bullish,of 6 ratings,$46.50
GGAC,$9.89,1440864975845,"10,419",100% bearish,of 1 rating,N/A
GGACR,$0.3,1440864976018,"49,683",100% bullish,of 1 rating,N/A
GPIC,$9.64,1440864976049,710,100% bearish,of 1 rating,N/A
GGACU,$10.27,1440864976078,"22,044",Not yet rated,NULL,N/A
GGACW,$0.14,1440864976146,"11,300",Not yet rated,NULL,N/A
GARS,$14.21,1440864976174,"22,022",Not yet rated,NULL,$16
GENC,$9.16,1440864976333,"11,573",100% bearish,of 1 rating,N/A
GNCMA,$16.99,1440864976359,"119,943",100% bearish,of 1 rating,$12
GFNSL,$25.6,1440864976434,700,Not yet rated,NULL,N/A
GFNCP,$93.89,1440864976463,350,Not yet rated,NULL,N/A
GFN,$3.95,1440864976494,"17,699",100% bearish,of 2 ratings,$8
GENE,$2.29,1440864976522,"182,762",100% bullish,of 12 ratings,N/A
GNMK,$10.02,1440864976595,"195,594",67% bullish,of 6 ratings,$14
GNCA,$12.21,1440864976651,"103,358",100% bearish,of 1 rating,$20
THRM,$46.44,1440864976806,"366,550",75% bearish,of 4 ratings,$55.50
GNTX,$15.53,1440864976834,"1,032,543",Not yet rated,NULL,$20
GHDX,$27.75,1440864976881,"193,234",50% bullish,of 2 ratings,$30
GNVC,$2.51,1440864976986,"10,917",90% bullish,of 10 ratings,$8.50
GEVO,$2.33,1440864977149,"332,274",75% bullish,of 12 ratings,$5
GERN,$3.23,1440864977202,"1,137,894",88% bullish,of 16 ratings,$5.25
GEOS,$16.71,1440864977230,"121,126",100% bearish,of 3 ratings,$21
GABC,$29,1440864977255,"15,081",Not yet rated,NULL,$31
GTWN,NULL,1440864977301,0,Not yet rated,NULL,N/A
ROCK,$16.51,1440864977369,"136,353",80% bullish,of 5 ratings,$24
GIII,$68.14,1440864977397,"175,109",67% bullish,of 3 ratings,$75
GIGM,$0.5201,1440864977430,"76,762",100% bullish,of 2 ratings,N/A
GIGA,$1.42,1440864977473,"2,675",100% bearish,of 1 rating,N/A
GILT,$4.3001,1440864977531,"1,700",50% bullish,of 2 ratings,N/A
GILD,$107.7,1440864977690,"5,969,671",91% bullish,of 87 ratings,$129
GBCI,$25.66,1440864977719,"245,507",50% bullish,of 2 ratings,$31
GLAD,$8.8,1440864977821,"171,130",50% bullish,of 2 ratings,$8.75
GLADO,$25.59,1440864977846,"1,700",Not yet rated,NULL,N/A
GOOD,$14.64,1440864977910,"72,029",Not yet rated,NULL,$19
GOODO,$25,1440864977981,30,Not yet rated,NULL,N/A
GAIN,$7.47,1440864978058,"107,125",100% bullish,of 2 ratings,$8.25
GAINN,$25.01,1440864978117,"56,593",Not yet rated,NULL,N/A
GOODN,$25.407,1440864978146,400,Not yet rated,NULL,N/A
GOODP,NULL,1440864978177,0,Not yet rated,NULL,N/A
GAINO,$25.1728,1440864978210,490,Not yet rated,NULL,N/A
GAINP,$25.9,1440864978279,620,Not yet rated,NULL,N/A
LAND,$9.16,1440864978300,"48,601",50% bullish,of 2 ratings,$13.75
GLBZ,NULL,1440864978337,0,Not yet rated,NULL,N/A
GBT,$44,1440864978473,"73,758",100% bearish,of 1 rating,N/A
GDEF,$10.53,1440864978627,600,Not yet rated,NULL,N/A
GBLI,$26.99,1440864978697,"11,669",Not yet rated,NULL,N/A
ENT,$11.77,1440864978719,"71,245",100% bearish,of 1 rating,$18
ACTX,NULL,1440864978754,0,100% bullish,of 1 rating,N/A
GPACU,NULL,1440864978775,0,Not yet rated,NULL,N/A
QQQC,$19.67,1440864978807,"3,061",100% bearish,of 1 rating,N/A
GSOL,$8.0275,1440864978850,"18,239",100% bearish,of 1 rating,N/A
SOCL,$17.82,1440864978937,"24,218",100% bullish,of 2 ratings,N/A
GAI,$5.9,1440864979070,"1,400",50% bullish,of 2 ratings,N/A
SRET,$13.25,1440864979102,"1,014",Not yet rated,NULL,N/A
YLCO,$11.95,1440864979127,"1,396",Not yet rated,NULL,N/A
ALTY,$14.44,1440864979202,600,Not yet rated,NULL,N/A
GLBS,NULL,1440864979331,0,67% bullish,of 3 ratings,N/A
GBIM,$2.29,1440864979385,"19,199",50% bullish,of 2 ratings,N/A
GLRI,$1.01,1440864979461,"23,180",100% bearish,of 1 rating,$4.25
GSM,$13.47,1440864979492,"403,698",50% bullish,of 2 ratings,$22
GLYC,$7.05,1440864979513,"16,674",50% bullish,of 2 ratings,$14
GLUU,$4.53,1440864979534,"786,373",92% bullish,of 26 ratings,$9
GOGO,$15.67,1440864979569,"431,299",80% bullish,of 5 ratings,$25
GLNG,$38.2739,1440864979747,"963,948",83% bullish,of 6 ratings,$58
GDEN,$8.96,1440864979807,"13,852",50% bullish,of 2 ratings,N/A
GMLP,$18.86,1440864979833,"223,814",50% bullish,of 4 ratings,$32.50
GOGL,$3.14,1440864979855,"220,227",75% bullish,of 4 ratings,$5
GBDC,$16.66,1440864979889,"111,261",Not yet rated,NULL,$17.75
GLDC,$4,1440864979987,"5,513",50% bullish,of 2 ratings,N/A
GTIM,$7.03,1440864980028,"31,867",Not yet rated,NULL,$11.50
GPRO,$48.18,1440864980183,"3,256,396",78% bullish,of 58 ratings,$72
GPIA,$9.84,1440864980221,190,Not yet rated,NULL,N/A
GOOG,$632.69,1440864980246,"1,043,468",89% bullish,of 70 ratings,$825
GMAN,$3.73,1440864980271,"210,604",60% bullish,of 5 ratings,$8.50
GOOGL,$659.9999,1440864980316,"1,027,271",88% bullish,of 1082 ratings,$749
GPIAW,NULL,1440864980405,0,Not yet rated,NULL,N/A
GPIAU,NULL,1440864980445,0,Not yet rated,NULL,N/A
GRVY,$3.16,1440864980596,125,50% bullish,of 2 ratings,N/A
LOPE,$37.48,1440864980624,"89,001",100% bearish,of 2 ratings,$50
GLDD,$5.42,1440864980667,"86,319",100% bearish,of 4 ratings,$7.75
GBSN,$0.38,1440864980697,"4,057,047",50% bullish,of 2 ratings,$8.25
GBSNU,NULL,1440864980715,0,NULL,NULL,NULL
GSBC,$39.87,1440864980802,"19,620",100% bullish,of 1 rating,$44
GRBK,$11.95,1440864980887,"113,049",77% bullish,of 13 ratings,N/A
GPP,$13.7,1440864980933,"33,561",Not yet rated,NULL,$20.50
GPRE,$20.55,1440864981019,"1,091,427",67% bullish,of 6 ratings,$28.50
GNBC,$11.86,1440864981046,"12,906",100% bearish,of 1 rating,$16.50
GLRE,$24.99,1440864981074,"161,684",50% bullish,of 2 ratings,$41
GCBC,NULL,1440864981094,0,100% bullish,of 1 rating,N/A
GRIF,$32.61,1440864981126,308,100% bearish,of 1 rating,N/A
GRFS,$30.5748,1440864981261,"206,103",50% bullish,of 2 ratings,$35
OMAB,$40.81,1440864981368,"12,578",100% bullish,of 1 rating,$44
GGAL,$19.4858,1440864981404,"118,461",80% bullish,of 5 ratings,$40
GSIG,$12.99,1440864981430,"26,470",100% bearish,of 2 ratings,N/A
GRPN,$4.6,1440864981451,"5,953,989",61% bullish,of 71 ratings,$6.75
GSVC,$8.72,1440864981508,"82,010",50% bullish,of 2 ratings,$14.50
GSIT,$4.62,1440864981593,"8,389",100% bearish,of 1 rating,N/A
GUID,$7.28,1440864981755,"42,026",100% bearish,of 3 ratings,$10
GBNK,$15.79,1440864981783,"18,291",100% bearish,of 1 rating,$18
GFED,$14.67,1440864981805,779,Not yet rated,NULL,$17
GTXI,$0.874,1440864981838,"20,930",100% bullish,of 5 ratings,$.75
GULTU,$0.3001,1440864981862,"1,330,535",100% bearish,of 1 rating,N/A
GIFI,$12.46,1440864981940,"46,325",100% bearish,of 1 rating,$16
GPOR,$35.04,1440864982002,"1,494,164",75% bullish,of 4 ratings,$55
GURE,$1.67,1440864982030,"85,776",88% bullish,of 8 ratings,N/A
GWPH,$109.33,1440864982213,"112,738",78% bullish,of 9 ratings,$148.50
GWGH,$7.74,1440864982240,"1,171",100% bearish,of 1 rating,$15.05
GYRO,$2.84,1440864982261,"6,150",100% bearish,of 1 rating,N/A
HLG,$9.5,1440864982395,"2,247",100% bearish,of 1 rating,N/A
HEES,$18.69,1440864982426,"314,064",67% bearish,of 3 ratings,$31
HNRG,$7.69,1440864982447,"67,708",100% bearish,of 1 rating,$10
HALL,$11.41,1440864982483,"17,778",Not yet rated,NULL,N/A
HALO,$18.41,1440864982529,"771,518",67% bullish,of 3 ratings,$22.50
HBK,$13.67,1440864982578,713,50% bullish,of 2 ratings,N/A
HBHCL,$24.39,1440864982735,"26,203",Not yet rated,NULL,N/A
HMPR,$1.87,1440864982766,"27,659",100% bullish,of 1 rating,N/A
HBHC,$27.4,1440864982793,"558,474",50% bullish,of 2 ratings,$30
HNH,$25.45,1440864982867,"17,110",100% bullish,of 1 rating,N/A
HQCL,$12.9,1440864982921,"30,828",67% bullish,of 3 ratings,$14
HNSN,$0.56,1440864982948,"56,801",88% bullish,of 8 ratings,$.40
HAFC,$23.98,1440864982999,"109,880",100% bullish,of 2 ratings,$28.50
HDNG,$10.04,1440864983077,"11,625",50% bullish,of 4 ratings,N/A
HRMN,NULL,1440864983164,0,Not yet rated,NULL,N/A
HLIT,$5.79,1440864983192,"246,263",100% bearish,of 1 rating,$6.50
HRMNU,NULL,1440864983239,0,Not yet rated,NULL,N/A
HRMNW,NULL,1440864983270,0,Not yet rated,NULL,N/A
HART,$1.04,1440864983371,"103,690",100% bearish,of 1 rating,N/A
HBIO,$4.28,1440864983417,"35,954",100% bearish,of 1 rating,$10
TINY,$2.48,1440864983503,"19,385",50% bullish,of 2 ratings,$5.26
HCAPL,$25.7399,1440864983587,400,Not yet rated,NULL,N/A
HAS,$75.51,1440864983645,"715,928",63% bullish,of 8 ratings,$84.50
HCAP,$12.15,1440864983670,"4,513",50% bullish,of 2 ratings,$15
HA,$22.91,1440864983730,"540,918",67% bullish,of 9 ratings,$27
HCOM,$21.82,1440864983755,"31,985",100% bearish,of 1 rating,$28
HWKN,$37.33,1440864983887,"28,446",Not yet rated,NULL,N/A
HWBK,$13.24,1440864983970,100,100% bearish,of 1 rating,N/A
HAYN,$38.31,1440864984002,"42,900",100% bearish,of 1 rating,$59
HDS,$33.233,1440864984030,"1,196,925",100% bearish,of 2 ratings,$39.50
HCSG,$33.32,1440864984100,"191,852",50% bullish,of 4 ratings,$35
HSTM,$25.36,1440864984204,"85,370",50% bullish,of 2 ratings,$33.75
HQY,$29.51,1440864984239,"115,451",67% bullish,of 3 ratings,$32
HIIQ,$5.17,1440864984269,"32,371",50% bullish,of 2 ratings,$7
HWAY,$11.95,1440864984341,"278,697",100% bearish,of 1 rating,$15
HTLD,$20.55,1440864984366,"341,001",Not yet rated,NULL,$22.50
HTWR,$86.25,1440864984524,"147,034",50% bullish,of 2 ratings,$103
HTLF,$35.88,1440864984552,"18,551",100% bullish,of 1 rating,$39.50
HTBX,$5.16,1440864984576,"3,070",50% bullish,of 2 ratings,$15.50
HELE,$85.56,1440864984727,"103,241",67% bearish,of 3 ratings,$100
HSII,$19.62,1440864984761,"52,553",100% bullish,of 3 ratings,$25
HMTV,$13.72,1440864984857,"12,932",100% bearish,of 1 rating,$16
HMNY,$2.19,1440864984884,300,100% bearish,of 1 rating,N/A
HSIC,$139.4,1440864984912,"342,416",83% bullish,of 6 ratings,$146
HNNA,$24.865,1440864984944,"10,548",Not yet rated,NULL,N/A
HCACU,$9.98,1440864985075,"100,000",Not yet rated,NULL,N/A
HERO,NULL,1440864985203,0,NULL,NULL,NULL
HTBK,$10.63,1440864985303,"33,812",Not yet rated,NULL,$12
HFWA,$17.59,1440864985328,"71,544",100% bullish,of 1 rating,$20
HCCI,$11.25,1440864985353,"42,055",100% bearish,of 1 rating,$16.50
HEOP,$7.66,1440864985384,"15,820",Not yet rated,NULL,$8.50
MLHR,$26.99,1440864985489,"310,038",50% bullish,of 2 ratings,$33.50
HRTX,$35.46,1440864985589,"219,447",67% bullish,of 6 ratings,$41
HFFC,$15.77,1440864985648,"5,478",Not yet rated,NULL,N/A
HSKA,$33.74,1440864985677,"20,659",100% bearish,of 1 rating,$38
HPJ,$2.21,1440864985713,"29,621",75% bullish,of 4 ratings,$12.43
HIBB,$38.87,1440864985739,"223,423",100% bearish,of 1 rating,$46.50
HIHO,$3.81,1440864985779,"6,096",Not yet rated,NULL,N/A
HIMX,$6.906,1440864985804,"915,996",86% bullish,of 21 ratings,$8.50
HIFS,$115.91,1440864985868,"1,151",Not yet rated,NULL,N/A
HSGX,$6.05,1440864986034,"3,574",100% bearish,of 1 rating,$17
HMNF,$11.32,1440864986254,"2,016",Not yet rated,NULL,N/A
HMSY,$10.47,1440864986299,"809,768",67% bullish,of 3 ratings,$19.35
HOMB,$37.97,1440864986329,"222,036",Not yet rated,NULL,$42
HOLX,$39.76,1440864986359,"1,449,945",67% bullish,of 3 ratings,$42
HBCP,$24.71,1440864986427,"2,436",Not yet rated,NULL,$29
HOLI,$17.78,1440864986458,"94,603",50% bullish,of 4 ratings,$27
HFBL,$21.62,1440864986515,536,Not yet rated,NULL,N/A
AWAY,$29.19,1440864986593,"431,994",67% bullish,of 3 ratings,$36
HTBI,$18.18,1440864986647,"26,626",67% bullish,of 3 ratings,$18.625
HMIN,$26.7,1440864986679,"59,584",100% bearish,of 2 ratings,$35
HMST,$21.84,1440864986704,"74,855",100% bullish,of 2 ratings,$27
HKTV,$4.76,1440864986780,200,100% bearish,of 1 rating,N/A
HOFT,$23.78,1440864986852,"18,879",100% bearish,of 1 rating,N/A
CETC,$0.76,1440864986877,"165,443",86% bullish,of 7 ratings,N/A
HFBC,$11.22,1440864986922,"3,150",Not yet rated,NULL,N/A
HBNC,$23.57,1440864987076,"12,027",100% bullish,of 1 rating,$27
HZNP,$30.48,1440864987254,"1,069,487",85% bullish,of 20 ratings,$40
HMHC,$22.7,1440864987294,"467,940",Not yet rated,NULL,$27
HWCC,$7.5,1440864987323,"82,097",100% bearish,of 1 rating,$9
HDP,$24.18,1440864987351,"194,225",67% bearish,of 3 ratings,$30.50
ZINC,$7.85,1440864987372,"597,280",100% bearish,of 1 rating,$17
HRZN,$10.33,1440864987425,"33,944",50% bullish,of 2 ratings,$14.25
HOVNP,$4.54,1440864987507,"1,000",100% bearish,of 1 rating,N/A
HBMD,$14.24,1440864987563,809,100% bearish,of 1 rating,N/A
HSNI,$62.38,1440864987610,"170,632",Not yet rated,NULL,$80
HUBG,$37.06,1440864987779,"387,683",100% bearish,of 1 rating,$43
HTGM,$5.69,1440864987806,"4,024",100% bearish,of 1 rating,$19.50
HCBK,$9.36,1440864987879,"1,263,712",83% bullish,of 6 ratings,$8.61
HSON,$2.55,1440864987940,"22,082",100% bearish,of 1 rating,$5
HDSN,$3.11,1440864987965,"27,087",100% bullish,of 1 rating,$6.25
HBAN,$10.91,1440864988013,"5,203,375",76% bullish,of 17 ratings,$12.29
HBANP,NULL,1440864988042,0,100% bearish,of 1 rating,N/A
HURC,$30.35,1440864988143,"11,794",100% bearish,of 1 rating,N/A
HURN,$73.36,1440864988223,"75,680",50% bullish,of 2 ratings,$80
HDRA,NULL,1440864988255,0,Not yet rated,NULL,N/A
HTCH,$1.56,1440864988303,"94,983",100% bearish,of 1 rating,$3.50
HDRAU,NULL,1440864988356,0,Not yet rated,NULL,N/A
HBP,$3.11,1440864988383,"3,775",100% bullish,of 1 rating,N/A
HDRAR,NULL,1440864988411,0,Not yet rated,NULL,N/A
HDRAW,NULL,1440864988589,0,Not yet rated,NULL,N/A
HYGS,$9.55,1440864988614,"29,871",50% bullish,of 2 ratings,$13
IBKC,$60.36,1440864988774,"111,938",100% bullish,of 1 rating,$70
IDSY,$3.91,1440864988800,"6,108",100% bearish,of 1 rating,$7
IKGH,$1.8,1440864988840,"10,231",75% bullish,of 4 ratings,N/A
IACI,$71.44,1440864988876,"445,254",75% bullish,of 4 ratings,$90
ICAD,$3.9,1440864988933,"83,344",100% bullish,of 2 ratings,$7.25
ICFI,$34.04,1440864989032,"48,356",50% bullish,of 2 ratings,$48.50
IEP,$74.24,1440864989063,"59,662",75% bullish,of 4 ratings,$99
ICLR,$77.9507,1440864989084,"266,641",100% bearish,of 3 ratings,$85
ICUI,$113.92,1440864989167,"46,176",Not yet rated,NULL,$122
ICON,$13.52,1440864989215,"466,663",50% bullish,of 2 ratings,$18.50
IPWR,$7.28,1440864989244,"4,444",100% bullish,of 1 rating,$15
INVE,$4.4,1440864989340,"78,490",75% bullish,of 4 ratings,$4
IDRA,$2.94,1440864989407,"601,938",89% bullish,of 9 ratings,$6.50
IDXX,$73.21,1440864989437,"346,348",100% bearish,of 1 rating,$77
DSKY,$10.9914,1440864989565,"128,718",67% bullish,of 6 ratings,$11.50
IROQ,$16.7,1440864989669,300,100% bullish,of 1 rating,N/A
RXDX,$13.82,1440864989694,"155,513",100% bullish,of 1 rating,$20
KANG,$15.8182,1440864989824,"226,303",50% bullish,of 2 ratings,$22.55
IIVI,$16.89,1440864989849,"155,141",100% bearish,of 1 rating,$22
IKNX,NULL,1440864989878,0,100% bearish,of 1 rating,N/A
IKAN,$2.72,1440864989906,"4,738",83% bullish,of 6 ratings,$5
IRG,$4.78,1440864989933,"23,310",100% bearish,of 1 rating,$4.25
ISNS,$4,1440864990008,"15,572",50% bullish,of 2 ratings,N/A
ILMN,$201.49,1440864990078,"782,267",80% bullish,of 5 ratings,$245
ICCC,$7.21,1440864990250,"13,479",100% bullish,of 1 rating,N/A
IMNP,$1.36,1440864990321,"30,681",50% bullish,of 2 ratings,$6
IMDZ,$16.61,1440864990348,"27,500",100% bearish,of 1 rating,$33
IMMR,$11.81,1440864990394,"72,756",80% bullish,of 5 ratings,$15.50
IMGN,$14.28,1440864990419,"955,380",75% bullish,of 4 ratings,$17.50
IMMU,$2.16,1440864990501,"704,998",86% bullish,of 7 ratings,$2
IMMY,$7.69,1440864990549,"4,471",100% bearish,of 1 rating,$11
IPXL,$42.4,1440864990603,"457,825",67% bullish,of 3 ratings,$46.50
SAAS,$7.64,1440864990653,"242,260",50% bullish,of 2 ratings,$15
INCR,$42.01,1440864990702,"221,716",50% bullish,of 2 ratings,$53
INCY,$120.44,1440864990742,"1,092,792",50% bullish,of 6 ratings,$125.50
IBCP,$14.16,1440864990774,"93,148",100% bullish,of 1 rating,$14.50
IBTX,$41.49,1440864990844,"14,876",100% bullish,of 2 ratings,$47.25
INDB,$44.5,1440864990872,"202,363",Not yet rated,NULL,$44
IDSA,$3.6,1440864990978,"2,730",Not yet rated,NULL,N/A
INFN,$22.29,1440864991154,"1,022,680",71% bullish,of 7 ratings,$28
IPCC,$77.31,1440864991179,"22,807",Not yet rated,NULL,$77.50
INFI,$9.28,1440864991213,"337,361",50% bullish,of 4 ratings,$18
III,$3.89,1440864991241,"95,856",57% bullish,of 7 ratings,$6
IFON,$1.21,1440864991265,"24,493",75% bullish,of 4 ratings,N/A
INWK,$7.09,1440864991305,"56,331",50% bullish,of 2 ratings,$10
IMKTA,$50.28,1440864991330,"51,886",100% bearish,of 1 rating,N/A
INOD,$2.38,1440864991513,"4,694",100% bearish,of 1 rating,N/A
INNL,$12.78,1440864991586,"1,348",100% bearish,of 1 rating,$16.50
IPHS,$48.24,1440864991613,"75,518",100% bearish,of 1 rating,$60
IOSP,$48.17,1440864991633,"185,737",100% bearish,of 1 rating,N/A
INGN,$49.78,1440864991686,"219,266",100% bearish,of 1 rating,$50.50
ISSC,$2.78,1440864991711,"4,200",67% bearish,of 3 ratings,N/A
INOV,$21.73,1440864991842,"735,420",100% bearish,of 1 rating,$33
ITEK,$12.15,1440864991894,"249,011",100% bearish,of 3 ratings,$20
INO,$7.75,1440864991933,"1,636,416",89% bullish,of 18 ratings,$20
INSM,$25.69,1440864992004,"271,347",71% bullish,of 7 ratings,$31.50
ISIG,$2.71,1440864992069,"10,879",100% bearish,of 1 rating,N/A
NSIT,$25.8,1440864992133,"111,626",50% bullish,of 2 ratings,N/A
IIIN,$17.07,1440864992172,"16,380",100% bearish,of 2 ratings,N/A
INSY,$33.83,1440864992268,"270,702",75% bullish,of 4 ratings,$48
PODD,$29.71,1440864992289,"209,947",67% bearish,of 3 ratings,$35
NTEC,$5.75,1440864992325,"8,105",100% bearish,of 1 rating,N/A
IART,$60.79,1440864992369,"177,967",100% bearish,of 2 ratings,$71.50
IDTI,$19.09,1440864992430,"1,457,438",60% bullish,of 5 ratings,$25
IESC,$7.02,1440864992587,"2,580",100% bearish,of 1 rating,N/A
ISSI,$21.94,1440864992616,"133,663",67% bullish,of 3 ratings,$19.75
INTC,$28.41,1440864992637,"25,692,266",82% bullish,of 238 ratings,$36
IQNT,$18.59,1440864992669,"151,264",86% bullish,of 7 ratings,$20
IPCI,$2.31,1440864992765,"76,615",67% bullish,of 6 ratings,$8
IPAR,$25.63,1440864992842,"79,920",67% bullish,of 3 ratings,$38
IBKR,$40.2881,1440864992898,"605,394",100% bullish,of 1 rating,N/A
ICPT,$189.4643,1440864992970,"96,157",70% bullish,of 10 ratings,$359.50
ININ,$36.15,1440864993004,"85,150",67% bearish,of 3 ratings,$57
ICLD,$1.85,1440864993065,"103,348",75% bullish,of 4 ratings,N/A
ICLDW,NULL,1440864993094,0,100% bearish,of 1 rating,N/A
IDCC,$48,1440864993119,"175,555",80% bullish,of 5 ratings,$63
TILE,$23.94,1440864993305,"431,058",100% bearish,of 3 ratings,$27
IBOC,$25.15,1440864993333,"154,160",100% bearish,of 1 rating,N/A
IMI,$2.13,1440864993354,"10,493",67% bullish,of 3 ratings,$2.22
INAP,$8.05,1440864993383,"239,819",75% bullish,of 4 ratings,$11
ISCA,$31.97,1440864993413,"101,605",100% bearish,of 1 rating,N/A
IGLD,$6.97,1440864993516,400,50% bullish,of 2 ratings,N/A
IIJI,$10,1440864993541,40,50% bullish,of 2 ratings,$11.50
INPH,$0.32,1440864993687,"162,928",50% bullish,of 2 ratings,N/A
XENT,$25.35,1440864993726,"141,556",50% bullish,of 2 ratings,$36.50
ISIL,$10.61,1440864993750,"483,071",50% bullish,of 6 ratings,$15
PTNT,$2.91,1440864993782,"2,723",Not yet rated,NULL,N/A
INTX,$2.03,1440864993815,"97,223",67% bullish,of 3 ratings,N/A
IILG,$19.97,1440864993945,"103,268",100% bearish,of 1 rating,$29
INTL,$25.81,1440864994053,"62,769",67% bearish,of 3 ratings,N/A
INTLL,$26.09,1440864994082,850,Not yet rated,NULL,N/A
IVAC,$4.86,1440864994109,"23,655",100% bearish,of 1 rating,$6.625
ITCI,$26.96,1440864994137,"275,633",75% bearish,of 4 ratings,$40
IIN,$6.39,1440864994185,"2,100",100% bearish,of 1 rating,$12
ISRG,$514.24,1440864994273,"95,903",67% bullish,of 3 ratings,$600
INTU,$86.21,1440864994302,"1,895,063",86% bullish,of 7 ratings,$107.50
SNAK,$8.68,1440864994448,"102,749",50% bullish,of 2 ratings,$14
ISTR,$15.6,1440864994476,841,100% bearish,of 1 rating,$18.50
INVT,$0.303,1440864994510,"213,959",67% bullish,of 3 ratings,N/A
ITIC,$71.15,1440864994613,"1,300",100% bearish,of 2 ratings,N/A
ISBC,$11.75,1440864994645,"972,204",100% bullish,of 1 rating,$13.25
NVIV,$9.66,1440864994672,"133,271",50% bullish,of 4 ratings,$24.50
IVTY,$14.61,1440864994767,"17,056",Not yet rated,NULL,$18
IPAS,$1.09,1440864994800,"49,183",67% bullish,of 3 ratings,N/A
DFVL,NULL,1440864994931,0,Not yet rated,NULL,N/A
IPCM,$79.44,1440864994958,"119,808",50% bullish,of 2 ratings,$80.125
DTUL,NULL,1440864994978,0,Not yet rated,NULL,N/A
IRMD,$25.04,1440864995010,"11,245",67% bearish,of 3 ratings,$25
IPGP,$85.88,1440864995037,"250,042",100% bearish,of 2 ratings,$109.50
IRIX,$6.89,1440864995167,"7,546",100% bearish,of 1 rating,N/A
IRDM,$7.18,1440864995192,"400,499",60% bullish,of 5 ratings,$11.50
IRDMB,$279.5,1440864995242,320,67% bearish,of 3 ratings,N/A
IRWD,$11.27,1440864995334,"1,082,384",100% bearish,of 1 rating,$13
IRBT,$29.29,1440864995360,"166,490",67% bullish,of 6 ratings,$37
IRCP,NULL,1440864995385,0,100% bullish,of 2 ratings,N/A
COMT,$33.62,1440864995541,"23,140",100% bearish,of 1 rating,N/A
FCHI,NULL,1440864995573,0,NULL,NULL,NULL
GNMA,$50.32,1440864995640,"3,187",Not yet rated,NULL,N/A
IFEU,$37.74,1440864995669,"4,879",Not yet rated,NULL,N/A
IFNA,NULL,1440864995698,0,NULL,NULL,NULL
IFAS,NULL,1440864995717,0,NULL,NULL,NULL
IFGL,$28.61,1440864995772,"191,698",Not yet rated,NULL,N/A
ACWX,$41.04,1440864995797,"692,879",100% bearish,of 1 rating,N/A
AAXJ,$53.8559,1440864995955,"3,183,887",Not yet rated,NULL,N/A
AXJS,NULL,1440864995978,0,NULL,NULL,NULL
ACWI,$56.3,1440864996005,"1,578,362",Not yet rated,NULL,N/A
AAIT,NULL,1440864996055,0,NULL,NULL,NULL
EEMA,$50.47,1440864996163,"37,087",Not yet rated,NULL,N/A
EMDI,NULL,1440864996189,0,NULL,NULL,NULL
EMEY,NULL,1440864996215,0,NULL,NULL,NULL
EEME,NULL,1440864996240,0,NULL,NULL,NULL
EGRW,NULL,1440864996263,0,NULL,NULL,NULL
EVAL,NULL,1440864996342,0,NULL,NULL,NULL
EEML,$27.61,1440864996413,"9,700",Not yet rated,NULL,N/A
EUFN,$21.85,1440864996474,"73,493",100% bearish,of 1 rating,N/A
QAT,$21.6,1440864996539,600,Not yet rated,NULL,N/A
IBB,$353.28,1440864996641,"853,689",63% bullish,of 8 ratings,N/A
IEUS,$45.4,1440864996665,"5,456",100% bearish,of 1 rating,N/A
UAE,$18.63,1440864996728,"11,900",Not yet rated,NULL,N/A
SOXX,$83.25,1440864996801,"380,264",50% bullish,of 2 ratings,N/A
EMIF,$28.87,1440864996827,"8,923",Not yet rated,NULL,N/A
WOOD,$48.3,1440864996904,"23,260",50% bullish,of 2 ratings,N/A
ICLN,$9.6,1440864996995,"14,518",50% bullish,of 2 ratings,N/A
INDY,$27.63,1440864997025,"140,732",50% bullish,of 2 ratings,N/A
ISIS,$51.5999,1440864997066,"782,005",53% bullish,of 15 ratings,$67
ISHG,$79.35,1440864997094,"9,098",100% bearish,of 1 rating,N/A
IGOV,$90.85,1440864997129,"16,643",100% bearish,of 1 rating,N/A
ISRL,$131.04,1440864997228,465,100% bearish,of 1 rating,N/A
ISLE,$17.63,1440864997254,"140,146",50% bullish,of 4 ratings,$16
ITRI,$30.03,1440864997387,"194,687",100% bearish,of 1 rating,$37
ITUS,$4.03,1440864997486,"7,850",Not yet rated,NULL,N/A
ITRN,$24.11,1440864997512,"1,416",50% bullish,of 2 ratings,N/A
XXIA,$15.17,1440864997571,"472,050",71% bullish,of 7 ratings,$14.625
JJSF,$114.72,1440864997596,"29,311",100% bearish,of 1 rating,N/A
IXYS,$11.14,1440864997643,"103,762",50% bullish,of 4 ratings,N/A
JCOM,$69.71,1440864997726,"185,842",100% bullish,of 2 ratings,$77
JBHT,$73.51,1440864997807,"554,190",50% bullish,of 4 ratings,$89.50
MAYS,$55.95,1440864997835,100,Not yet rated,NULL,N/A
JASO,$7.9,1440864997976,"747,475",82% bullish,of 17 ratings,$10
JKHY,$68.7938,1440864997997,"214,469",50% bullish,of 2 ratings,$72
JXSB,NULL,1440864998029,0,Not yet rated,NULL,N/A
JAXB,$13.31,1440864998070,90,100% bullish,of 1 rating,N/A
JACK,$81.77,1440864998098,"189,732",83% bullish,of 6 ratings,$105
JAGX,$3.44,1440864998232,"8,574",Not yet rated,NULL,N/A
ERW,NULL,1440864998392,0,Not yet rated,NULL,N/A
JMBA,$13.95,1440864998423,"91,223",75% bullish,of 4 ratings,$18
JRVR,$26.79,1440864998444,"37,791",Not yet rated,NULL,$32
JASNW,NULL,1440864998475,0,50% bullish,of 2 ratings,N/A
JASN,$4.93,1440864998496,"23,503",50% bullish,of 2 ratings,$9.50
JAKK,$9.42,1440864998530,"492,606",60% bearish,of 5 ratings,$11
JAZZ,$171.501,1440864998629,"167,566",80% bullish,of 15 ratings,$206.50
JD,$26.77,1440864998703,"4,905,314",75% bullish,of 16 ratings,$36
JBLU,$22.25,1440864998728,"2,629,199",94% bullish,of 18 ratings,$27
JST,$3.98,1440864998866,"7,252",75% bullish,of 4 ratings,N/A
JTPY,$2.95,1440864998909,100,100% bearish,of 1 rating,N/A
JCTCF,NULL,1440864998933,0,100% bullish,of 1 rating,N/A
DATE,$5.92,1440864998966,"93,636",75% bullish,of 4 ratings,$9
JIVE,$4.51,1440864999068,"258,687",75% bullish,of 4 ratings,$5
WYIGU,$10.2,1440864999095,6,Not yet rated,NULL,N/A
JOEZ,$0.17,1440864999122,"97,593",92% bullish,of 12 ratings,N/A
JBSS,$54.48,1440864999148,"71,680",67% bearish,of 3 ratings,N/A
JNP,$10.93,1440864999282,"25,559",100% bullish,of 3 ratings,$15
JOUT,$23.41,1440864999309,"5,196",100% bearish,of 1 rating,$34
KTWO,$21.65,1440864999438,"84,969",100% bearish,of 1 rating,$28.50
JUNO,$38.06,1440864999466,"681,045",73% bullish,of 11 ratings,$71.50
KALU,$83.24,1440864999503,"129,573",67% bearish,of 3 ratings,$91
KBIO,$2.01,1440864999529,"19,373",50% bullish,of 4 ratings,N/A
KMDA,$3.48,1440864999554,"19,288",50% bullish,of 2 ratings,$8
KNDI,$6.72,1440864999605,"254,671",86% bullish,of 22 ratings,N/A
KBSF,$4.47,1440864999769,582,100% bullish,of 1 rating,N/A
