Symbol,Price,Date,Volume,Rating,RatingVoteCount,OneYearEstimate
TFSC,NULL,1440858002440,0,100% bearish,of 1 rating,N/A
TFSCR,NULL,1440858002494,0,Not yet rated,NULL,N/A
PIH,$7.54,1440858002526,"9,402",100% bearish,of 1 rating,N/A
SRCE,$29.44,1440858002574,"29,029",100% bullish,of 3 ratings,$33
FLWS,$8.91,1440858002602,"687,314",80% bullish,of 5 ratings,$15
TFSCW,$0.21,1440858002623,"1,300",100% bearish,of 1 rating,N/A
FCCY,$11.54,1440858002651,933,100% bullish,of 1 rating,$13
VNET,$18.05,1440858002800,"541,289",60% bullish,of 5 ratings,$35
TFSCU,NULL,1440858002831,0,Not yet rated,NULL,N/A
DSLV,$69.51,1440858002895,"9,311",100% bearish,of 1 rating,N/A
DGLD,$81.1,1440858002924,"16,958",100% bullish,of 1 rating,N/A
TWOU,$34.99,1440858002957,"129,143",50% bullish,of 2 ratings,$39
USLV,$12.45,1440858002997,"242,677",86% bullish,of 7 ratings,N/A
UGLD,$9.31,1440858003057,"340,880",100% bearish,of 1 rating,N/A
JOBS,$27.019,1440858003151,"69,549",50% bullish,of 4 ratings,$36
CAFD,$15.0196,1440858003439,"242,552",Not yet rated,NULL,$25
SHLM,$34.06,1440858003471,"65,672",100% bearish,of 1 rating,$47
EGHT,$7.84,1440858003521,"384,316",82% bullish,of 17 ratings,$11
SIXD,$2.72,1440858003545,"111,232",Not yet rated,NULL,N/A
AVHI,$13.96,1440858003566,"12,911",100% bearish,of 1 rating,$19
AAON,$20.51,1440858003599,"107,410",100% bearish,of 1 rating,$24
ABAX,$47.89,1440858003773,"108,826",100% bearish,of 1 rating,$60
ABY,$23.04,1440858003803,"423,555",100% bearish,of 2 ratings,$46
ABEOW,$1.83,1440858003836,"2,361",100% bullish,of 1 rating,N/A
ABMD,$98.23,1440858003865,"317,770",75% bullish,of 4 ratings,$100.50
ABEO,$4.82,1440858003932,"47,964",50% bullish,of 4 ratings,$15.50
ABGB,$5.71,1440858003959,"37,255",67% bullish,of 3 ratings,$5.50
AXAS,$1.92,1440858004134,"949,481",78% bullish,of 9 ratings,$3.50
ACTG,$9.43,1440858004279,"194,247",67% bullish,of 3 ratings,$18.50
ACST,$0.3694,1440858004338,"9,260",100% bullish,of 2 ratings,N/A
ACHC,$74.2503,1440858004363,"344,347",50% bullish,of 2 ratings,$92
ACAD,$38.17,1440858004408,"436,567",80% bullish,of 20 ratings,$48
XLRN,$29.71,1440858004495,"89,309",50% bullish,of 2 ratings,$57
ANCX,$20.01,1440858004552,"20,165",Not yet rated,NULL,$20
AXDX,$19.1,1440858004640,"112,407",100% bearish,of 1 rating,N/A
ARAY,$6.77,1440858004668,"691,224",100% bearish,of 1 rating,$10.50
VXDN,$1.96,1440858004697,"24,710",100% bearish,of 1 rating,N/A
ACRX,$4.24,1440858004724,"310,833",67% bearish,of 6 ratings,$5.50
VXUP,$1.6,1440858004751,"49,457",100% bearish,of 1 rating,N/A
ACET,$22.76,1440858004935,"83,357",75% bullish,of 4 ratings,$30
AKAO,$6.99,1440858004972,"38,455",75% bullish,of 4 ratings,$15
ACHN,$7.76,1440858005062,"1,462,742",90% bullish,of 21 ratings,$16
ACIW,$21.38,1440858005100,"288,136",67% bearish,of 3 ratings,$24
ACNB,$19.85,1440858005167,"4,210",Not yet rated,NULL,N/A
ACOR,$32.73,1440858005192,"557,265",67% bearish,of 3 ratings,$38.50
ACTS,$1.6,1440858005244,"49,648",100% bearish,of 1 rating,N/A
ACPW,$1.81,1440858005341,"38,604",100% bullish,of 4 ratings,$3.50
ACTA,$14.02,1440858005396,"90,621",67% bearish,of 3 ratings,$25
ATVI,$29.28,1440858005470,"135,594,206",68% bullish,of 84 ratings,$31.50
ACUR,$2.83,1440858005502,"48,939",100% bullish,of 5 ratings,$1
ADMS,$20.61,1440858005527,"60,583",100% bearish,of 2 ratings,$36
ACXM,$21.15,1440858005553,"258,695",67% bullish,of 3 ratings,N/A
ADMP,$3.69,1440858005682,"11,630",50% bullish,of 2 ratings,$10
ADAP,$11.66,1440858005728,"84,789",67% bullish,of 3 ratings,$22
ADUS,$28.71,1440858005867,"18,242",100% bearish,of 1 rating,$31
ADEP,$6.87,1440858005969,"20,312",50% bullish,of 2 ratings,$10.75
AEY,$2.3,1440858006034,"7,434",100% bearish,of 2 ratings,N/A
ADMA,$9.37,1440858006064,"14,766",Not yet rated,NULL,$19
AEIS,$24.42,1440858006096,"174,991",50% bullish,of 2 ratings,$32.50
ADBE,$79.4,1440858006125,"2,177,794",65% bullish,of 17 ratings,$90
ADRO,$20.61,1440858006198,"147,897",80% bullish,of 5 ratings,$45.50
ADTN,$15.7,1440858006231,"386,714",67% bullish,of 3 ratings,$17.125
ADXS,$14.69,1440858006331,"468,415",64% bullish,of 14 ratings,$27
AMD,$1.85,1440858006369,"6,623,181",83% bullish,of 103 ratings,$2
ADXSW,$10.47,1440858006463,"1,850",100% bullish,of 1 rating,N/A
MULT,NULL,1440858006489,0,100% bearish,of 1 rating,N/A
YPRO,$22.79,1440858006517,"3,532",100% bearish,of 1 rating,N/A
AEGR,$17.66,1440858006709,"331,111",50% bullish,of 6 ratings,$26
AEGN,$18.28,1440858006751,"94,812",100% bearish,of 2 ratings,$21
AEPI,$53.89,1440858006814,"11,740",100% bearish,of 1 rating,N/A
AEHR,$2.27,1440858006915,"2,346",50% bullish,of 2 ratings,N/A
AMTX,$3.11,1440858006944,"28,001",50% bullish,of 2 ratings,$26.11
AEZS,$0.088,1440858006973,"10,110,751",90% bullish,of 21 ratings,$1.50
AERI,$16.49,1440858006994,"376,040",75% bullish,of 4 ratings,$31.50
AVAV,$24,1440858007076,"75,229",50% bullish,of 4 ratings,$31
AFFX,$9.48,1440858007268,"279,489",80% bullish,of 5 ratings,$12.50
AFMD,$10.43,1440858007296,"107,629",50% bullish,of 4 ratings,$15
AEMD,$6.95,1440858007318,"91,259",Not yet rated,NULL,$27.50
AGEN,$7.26,1440858007339,"602,072",85% bullish,of 13 ratings,$14
AGRX,$9.16,1440858007471,"22,184",100% bearish,of 1 rating,$17.50
AGYS,$10.21,1440858007506,"23,032",100% bearish,of 1 rating,N/A
AGIO,$90.62,1440858007611,"186,340",88% bullish,of 8 ratings,$114
FCTY,$7.96,1440858007633,"3,400",100% bullish,of 1 rating,$8.50
AIMT,$21.11,1440858007665,"136,933",Not yet rated,NULL,N/A
AGFSW,$1.95,1440858007686,"8,300",100% bearish,of 2 ratings,N/A
AGFS,$10.1318,1440858007723,"137,593",100% bearish,of 1 rating,N/A
AIRT,$22.16,1440858007817,376,100% bullish,of 1 rating,N/A
ATSG,$8.95,1440858007899,"126,980",67% bullish,of 3 ratings,$13
AIRM,$37.86,1440858007951,"199,407",80% bearish,of 5 ratings,$53
AIXG,$6.38,1440858007997,"27,231",67% bearish,of 3 ratings,$5.25
AMCN,$4.59,1440858008028,"108,503",83% bullish,of 6 ratings,N/A
AKAM,$71.9,1440858008083,"1,710,795",63% bullish,of 8 ratings,$77
AKER,$2.48,1440858008219,"28,755",Not yet rated,NULL,N/A
AKBA,$7,1440858008249,"105,064",100% bearish,of 1 rating,$18
AKRX,$41.03,1440858008300,"401,819",78% bullish,of 9 ratings,$56
ALSK,$2.15,1440858008337,"235,932",78% bullish,of 18 ratings,$2
ALRM,$16.8,1440858008364,"126,608",100% bearish,of 1 rating,$22
ABDC,$12.83,1440858008431,"24,564",Not yet rated,NULL,$15
AMRI,$20.6,1440858008465,"158,563",75% bearish,of 4 ratings,$24
ALDR,$38.61,1440858008561,"186,540",67% bearish,of 3 ratings,$62
ADHD,$7.94,1440858008586,"131,054",50% bullish,of 4 ratings,$18
ALDX,$7.06,1440858008657,"18,445",100% bearish,of 1 rating,$14.50
ALXN,$178.86,1440858008743,"1,012,132",88% bullish,of 8 ratings,$223
ALXA,$1.13,1440858008795,"13,227",83% bullish,of 6 ratings,$2.125
ALCO,$42.25,1440858008878,"5,313",50% bullish,of 2 ratings,N/A
ALIM,$3.44,1440858008907,"27,203",80% bullish,of 5 ratings,$10
ALKS,$62.0942,1440858008987,"542,032",67% bullish,of 3 ratings,$75
ALLB,$22.72,1440858009053,797,Not yet rated,NULL,N/A
ALGN,$57.27,1440858009078,"244,131",100% bearish,of 2 ratings,$73
ALGT,$208.41,1440858009118,"150,284",100% bearish,of 2 ratings,$235
AFOP,$19.05,1440858009149,"104,154",75% bullish,of 8 ratings,$21
AIQ,$14.35,1440858009170,"6,903",67% bullish,of 3 ratings,N/A
AHGP,$36.41,1440858009306,"89,083",67% bullish,of 3 ratings,N/A
AHPI,$1.44,1440858009340,"1,714",50% bullish,of 2 ratings,N/A
ARLP,$25.32,1440858009376,"280,083",67% bearish,of 3 ratings,$32
ALLT,$5.42,1440858009441,"187,497",75% bullish,of 4 ratings,$6.25
ALQA,$4.4,1440858009466,"19,390",75% bullish,of 4 ratings,$8.50
AMOT,$18.85,1440858009494,"86,927",100% bearish,of 1 rating,N/A
AFAM,$45.43,1440858009667,"41,778",50% bullish,of 2 ratings,$44
MDRX,$13.8,1440858009750,"810,640",60% bullish,of 5 ratings,$16
AOSL,$7.31,1440858009799,"49,947",67% bullish,of 3 ratings,$9
SMCP,NULL,1440858009823,0,Not yet rated,NULL,N/A
ATEC,$0.54,1440858009959,"81,514",100% bullish,of 1 rating,$2
AIMC,$24.94,1440858009990,"71,616",100% bearish,of 2 ratings,$28.50
AMAG,$65.85,1440858010012,"315,677",100% bullish,of 2 ratings,$77.50
ALTR,$48.61,1440858010042,"1,182,479",80% bearish,of 5 ratings,$54
ALNY,$109.1,1440858010070,"357,082",67% bullish,of 3 ratings,$148.50
ASPS,$25.48,1440858010207,"184,857",67% bullish,of 3 ratings,$46.50
AMRN,$2.23,1440858010261,"1,409,147",85% bullish,of 39 ratings,$8
AYA,$20.7,1440858010314,"10,578",100% bearish,of 1 rating,$40
AMRK,$10.28,1440858010361,"2,016",50% bullish,of 2 ratings,$14
AMZN,$519.59,1440858010387,"1,553,310",81% bullish,of 264 ratings,$646
AMBC,$15.61,1440858010455,"222,561",100% bearish,of 1 rating,$16.50
AMBCW,$7.65,1440858010544,"1,012",100% bearish,of 1 rating,N/A
AMBA,$96.15,1440858010585,"1,960,685",83% bullish,of 12 ratings,$102.50
AMCX,$73.6,1440858010647,"349,491",67% bullish,of 3 ratings,$87.50
EPAX,$2.69,1440858010672,"86,785",100% bearish,of 1 rating,N/A
AMDA,$0.4798,1440858010716,"643,528",90% bullish,of 10 ratings,$1
AMED,$39.09,1440858010803,"188,323",100% bearish,of 1 rating,$42
DOX,$57.75,1440858010855,"257,565",67% bearish,of 3 ratings,$60
UHAL,$375.77,1440858010890,"28,990",100% bullish,of 2 ratings,$393.50
ASBI,$22.64,1440858010987,"1,069",Not yet rated,NULL,N/A
ATAX,$5.27,1440858011020,"73,836",100% bullish,of 1 rating,$6.50
AMOV,$18.46,1440858011046,"2,614",100% bearish,of 1 rating,N/A
AAL,$38.6,1440858011115,"7,110,829",93% bullish,of 88 ratings,$57
AGNC,$19.36,1440858011204,"1,941,092",71% bullish,of 28 ratings,$22
AGNCB,$24.29,1440858011233,"19,098",Not yet rated,NULL,N/A
AGNCP,$25.34,1440858011286,"6,144",Not yet rated,NULL,N/A
MTGEP,$24.5,1440858011364,583,Not yet rated,NULL,N/A
MTGE,$15.29,1440858011393,"623,994",75% bullish,of 4 ratings,$19.50
ACSF,$12.38,1440858011446,"29,182",100% bearish,of 1 rating,$15
ANCI,$1.46,1440858011478,474,100% bearish,of 1 rating,N/A
ACAS,$13.8357,1440858011503,"897,392",60% bullish,of 5 ratings,$16.75
AETI,$3.75,1440858011577,881,67% bearish,of 3 ratings,N/A
AMIC,NULL,1440858011679,0,Not yet rated,NULL,N/A
ANAT,$100.8502,1440858011706,"25,880",100% bullish,of 1 rating,N/A
AMNB,$23.29,1440858011731,"4,556",Not yet rated,NULL,$25.50
APEI,$22.36,1440858011783,"59,822",100% bearish,of 1 rating,$25.50
ARII,$40.76,1440858011863,"146,168",67% bearish,of 3 ratings,$45
AMRB,$10.05,1440858011893,"2,153",Not yet rated,NULL,$11
ASEI,$39.03,1440858011992,"21,414",100% bearish,of 1 rating,$52.50
AMSC,$4.67,1440858012040,"80,461",50% bullish,of 4 ratings,N/A
AMSWA,$9.06,1440858012079,"131,254",100% bearish,of 2 ratings,$10.75
ABCB,$26.8,1440858012126,"86,002",Not yet rated,NULL,$31
AMWD,$66.55,1440858012171,"77,289",50% bullish,of 2 ratings,$70
CRMT,$35.97,1440858012259,"40,468",100% bearish,of 1 rating,$39
AMSF,$46.91,1440858012315,"49,852",Not yet rated,NULL,$57.50
ASRV,$3.22,1440858012342,"12,469",100% bullish,of 2 ratings,N/A
ASRVP,NULL,1440858012401,0,Not yet rated,NULL,N/A
ATLO,$23.59,1440858012432,"4,506",Not yet rated,NULL,N/A
FOLD,$14.87,1440858012535,"612,656",56% bullish,of 9 ratings,$21
AMGN,$155.95,1440858012598,"3,400,173",89% bullish,of 19 ratings,$185
AMKR,$5.07,1440858012665,"1,277,833",100% bearish,of 2 ratings,$5
AMSGP,$149.3,1440858012738,"33,058",Not yet rated,NULL,N/A
AMPH,$13.39,1440858012769,"106,975",50% bullish,of 2 ratings,$20
AMSG,$80.06,1440858012790,"252,052",100% bearish,of 1 rating,$85.50
ASYS,$5.39,1440858012866,"36,672",67% bullish,of 3 ratings,$12
AMRS,$1.69,1440858012970,"51,285",70% bullish,of 10 ratings,N/A
ANAC,$135.45,1440858013100,"264,448",80% bullish,of 5 ratings,$180.50
ANAD,$0.33,1440858013131,"133,227",100% bullish,of 2 ratings,$.50
ADI,$56.45,1440858013153,"2,245,427",67% bullish,of 3 ratings,$69
AFSI,$58.4717,1440858013174,"168,515",60% bullish,of 5 ratings,$72
ALOG,$80.27,1440858013214,"65,588",100% bearish,of 2 ratings,$100.50
ABCW,$40.28,1440858013312,"7,717",67% bullish,of 3 ratings,N/A
ANCB,$21.98,1440858013340,"29,500",Not yet rated,NULL,$23
AMCF,$0.22,1440858013365,"1,426",100% bullish,of 7 ratings,N/A
ANGI,$5.21,1440858013497,"319,439",64% bullish,of 11 ratings,$5.50
ANGO,$14.67,1440858013573,"69,486",67% bullish,of 3 ratings,$19
ANIP,$52,1440858013605,"129,189",89% bullish,of 19 ratings,$66
ANSS,$89.74,1440858013674,"244,251",100% bearish,of 1 rating,$100
ANIK,$35.94,1440858013701,"100,275",60% bullish,of 5 ratings,$51.25
ANTH,$7.41,1440858013733,"469,427",80% bullish,of 10 ratings,$13
ATRS,$1.79,1440858013766,"332,285",92% bullish,of 12 ratings,$4.50
ABAC,$0.75,1440858013842,"11,927",100% bearish,of 1 rating,N/A
ATNY,$2.26,1440858013870,"4,237",50% bullish,of 2 ratings,$3.75
APOL,$11.47,1440858014000,"654,267",87% bearish,of 68 ratings,$14
APIC,$6.91,1440858014027,"86,505",100% bearish,of 1 rating,$19
AINV,$6.6,1440858014057,"696,100",50% bullish,of 4 ratings,$8
APOG,$50.82,1440858014078,"111,095",50% bullish,of 2 ratings,$67
APPF,$16.3,1440858014214,"22,796",50% bullish,of 2 ratings,$22
AAPL,$113.37,1440858014241,"32,540,481",86% bullish,of 2353 ratings,$150
ARCI,NULL,1440858014263,0,Not yet rated,NULL,N/A
APDNW,$1.27,1440858014393,"2,254",Not yet rated,NULL,N/A
AGTC,$16.69,1440858014421,"40,739",50% bullish,of 2 ratings,$33
APDN,$3.46,1440858014492,"72,814",Not yet rated,NULL,$9
AMAT,$15.9916,1440858014523,"7,111,784",82% bullish,of 11 ratings,$23
AAOI,$21.11,1440858014560,"169,287",50% bullish,of 4 ratings,$26
APRI,$1.33,1440858014624,"381,591",83% bullish,of 6 ratings,$4.86
AMCC,$5.77,1440858014649,"326,270",80% bullish,of 5 ratings,$8
AREX,$2.17,1440858014690,"985,162",100% bearish,of 1 rating,$3
APTO,$5.28,1440858014827,"32,201",Not yet rated,NULL,$17
AQMS,$5.2,1440858014858,"53,706",Not yet rated,NULL,N/A
AUMA,$9.89,1440858014885,230,Not yet rated,NULL,N/A
AQXP,$16.76,1440858014910,"147,931",50% bullish,of 2 ratings,$2
AUMAU,NULL,1440858014939,0,Not yet rated,NULL,N/A
AUMAW,NULL,1440858015046,0,Not yet rated,NULL,N/A
PETX,$17.64,1440858015176,"156,925",100% bearish,of 2 ratings,$26
ARDM,NULL,1440858015208,0,100% bullish,of 1 rating,$26
ABUS,$7.36,1440858015237,"240,604",86% bullish,of 14 ratings,$23
RKDA,$6.36,1440858015326,"9,839",100% bearish,of 2 ratings,$10
ARCW,$3.63,1440858015351,"4,066",100% bearish,of 2 ratings,$10.50
ABIO,$0.89,1440858015378,"57,096",50% bullish,of 2 ratings,$3.75
ACAT,$26.55,1440858015547,"114,131",100% bearish,of 3 ratings,$33
ARCB,$29.04,1440858015581,"134,492",67% bearish,of 3 ratings,$39.50
ACGL,$68.1836,1440858015602,"313,921",50% bullish,of 2 ratings,$72
ARDX,$18.75,1440858015635,"63,461",50% bullish,of 2 ratings,$24.50
ARNA,$2.71,1440858015656,"2,247,385",90% bullish,of 78 ratings,$5.50
ARCC,$15.6189,1440858015688,"1,375,235",67% bearish,of 3 ratings,$17.875
AGII,$54.77,1440858015820,"101,334",Not yet rated,NULL,$59.50
ARGS,$6.16,1440858015920,"18,498",50% bullish,of 2 ratings,$19.50
ARIA,$9.65,1440858015946,"22,314,095",87% bullish,of 46 ratings,$9
AGIIL,$25.36,1440858015982,"11,027",Not yet rated,NULL,N/A
ARKR,$24.54,1440858016076,604,50% bullish,of 2 ratings,N/A
ARIS,$3.54,1440858016101,"40,749",Not yet rated,NULL,$4.50
ARTX,$1.45,1440858016266,"63,093",88% bullish,of 16 ratings,$4.50
ARWAR,NULL,1440858016299,0,Not yet rated,NULL,N/A
ARWAW,NULL,1440858016328,0,Not yet rated,NULL,N/A
ARWA,NULL,1440858016359,0,Not yet rated,NULL,N/A
ARWAU,NULL,1440858016379,0,100% bullish,of 1 rating,N/A
ARQL,$1.76,1440858016413,"76,309",75% bullish,of 4 ratings,$5
ARMH,$42.62,1440858016445,"865,391",54% bearish,of 13 ratings,$60
ARRY,$5.94,1440858016547,"718,947",100% bullish,of 7 ratings,$10
DWAT,$9.98,1440858016679,"2,550",100% bearish,of 1 rating,N/A
ARRS,$26.82,1440858016707,"723,865",50% bullish,of 2 ratings,$38
AROW,$27.26,1440858016772,"13,804",Not yet rated,NULL,N/A
ARWR,$5.77,1440858016903,"437,585",75% bullish,of 4 ratings,$10.50
ARTW,$4.27,1440858016962,"1,665",75% bearish,of 4 ratings,N/A
ARTNA,$22.24,1440858016993,"8,516",100% bearish,of 1 rating,$29
ASND,$19.17,1440858017093,"58,087",50% bullish,of 2 ratings,$30
ASCMA,$27.4,1440858017119,"54,550",100% bearish,of 1 rating,$45
ASBB,$24.2,1440858017150,191,Not yet rated,NULL,N/A
ASNA,$12,1440858017172,"3,325,555",50% bullish,of 2 ratings,$18
ASTI,$0.1027,1440858017212,"1,274,925",83% bullish,of 6 ratings,$3
ASMI,NULL,1440858017298,0,NULL,NULL,NULL
APWC,$1.91,1440858017324,"1,704",100% bearish,of 1 rating,N/A
ASML,$91.98,1440858017352,"376,653",50% bullish,of 4 ratings,$127
AZPN,$37.9,1440858017510,"471,280",50% bullish,of 2 ratings,$42
ASMB,$13.33,1440858017536,"40,085",67% bullish,of 3 ratings,N/A
ASFI,$8.9,1440858017735,"6,440",100% bullish,of 1 rating,N/A
ASTC,$2.07,1440858017762,"13,827",100% bullish,of 5 ratings,N/A
ALOT,$13.97,1440858017840,"5,000",100% bearish,of 1 rating,N/A
ASUR,$5.97,1440858017897,"1,342",50% bullish,of 2 ratings,$8
ASTE,$37.12,1440858017929,"59,288",100% bearish,of 1 rating,$48
ATAI,$2.53,1440858017950,"5,759",100% bearish,of 1 rating,N/A
ATRO,$52.84,1440858017981,"104,448",100% bearish,of 2 ratings,$80
ATRA,$40.22,1440858018036,"86,077",50% bullish,of 2 ratings,$68
ATHN,$134.56,1440858018111,"144,558",67% bearish,of 3 ratings,$153
ATHX,$1.15,1440858018149,"150,153",89% bullish,of 9 ratings,$5
AFCB,$26.58,1440858018238,43,Not yet rated,NULL,N/A
AAPC,$10.1,1440858018262,524,Not yet rated,NULL,N/A
AAME,$3.51,1440858018290,"1,614",Not yet rated,NULL,N/A
ACFC,$5.59,1440858018311,"23,302",100% bearish,of 1 rating,$6.50
ATNI,$71.89,1440858018536,"30,836",100% bearish,of 1 rating,$69.50
ATLC,$3.82,1440858018570,"1,000",67% bullish,of 3 ratings,N/A
AAWW,$41.57,1440858018604,"344,090",50% bullish,of 2 ratings,$65
ATOS,$0.76,1440858018625,"146,526",100% bullish,of 7 ratings,$7
ATRM,$2.83,1440858018666,"5,169",50% bullish,of 2 ratings,N/A
ATRC,$25.5,1440858018698,"75,032",100% bullish,of 1 rating,$30
AFH,$16.25,1440858018762,"45,444",Not yet rated,NULL,$21.50
ATML,$8.21,1440858018783,"5,323,862",78% bullish,of 9 ratings,$9.50
ATRI,$390.57,1440858018860,"1,710",Not yet rated,NULL,N/A
AUBN,$26.68,1440858018995,652,Not yet rated,NULL,N/A
ATTU,$13.2582,1440858019041,"43,316",100% bearish,of 1 rating,$20.50
EARS,$4.86,1440858019099,"61,876",100% bearish,of 2 ratings,$11.50
LIFE,$14.79,1440858019167,"59,987",86% bullish,of 7 ratings,$43
AUDC,$3.34,1440858019240,"41,046",80% bullish,of 5 ratings,$5
ADAT,$0.2901,1440858019266,"286,619",100% bullish,of 2 ratings,N/A
AUPH,$3.03,1440858019292,"48,213",100% bearish,of 1 rating,$8
ABTL,$17.48,1440858019350,"56,816",100% bullish,of 4 ratings,$20.25
AVGO,$127.49,1440858019508,"2,365,644",88% bullish,of 8 ratings,$165
ADP,$78.41,1440858019540,"1,833,355",100% bearish,of 1 rating,$88
AVNU,$12.35,1440858019568,"4,686",Not yet rated,NULL,$14
AAVL,$10.78,1440858019594,"281,210",100% bearish,of 1 rating,$20
ADSK,$47.52,1440858019636,"7,664,747",67% bullish,of 6 ratings,$69.50
AVEO,$1.42,1440858019766,"525,234",75% bullish,of 8 ratings,$3
AVNW,$1.13,1440858019801,"120,526",50% bullish,of 2 ratings,$2.20
AVID,$8.51,1440858019843,"262,047",100% bearish,of 1 rating,$20
ACLS,$3.17,1440858019978,"211,572",67% bullish,of 6 ratings,$4.75
CAR,$43.59,1440858020011,"772,875",80% bullish,of 5 ratings,$60
AVGR,$14.96,1440858020032,"28,648",100% bearish,of 1 rating,$20
AWRE,$3.18,1440858020065,"9,746",67% bullish,of 3 ratings,N/A
AXPW,$1.06,1440858020169,"50,386",83% bullish,of 6 ratings,N/A
AXPWW,NULL,1440858020195,0,Not yet rated,NULL,N/A
AXGN,$4.88,1440858020221,"266,524",Not yet rated,NULL,$5
RILY,NULL,1440858020352,0,Not yet rated,NULL,N/A
AXTI,$2.2,1440858020383,"30,041",50% bullish,of 2 ratings,$2.75
BCOM,$18.86,1440858020413,80,100% bearish,of 1 rating,N/A
BEAV,$49.39,1440858020453,"564,180",67% bearish,of 3 ratings,$59
BOSC,$2.17,1440858020479,"2,700",50% bullish,of 2 ratings,N/A
BIDU,$152.41,1440858020541,"2,202,325",81% bullish,of 88 ratings,$210
BWINB,$23.05,1440858020711,"5,630",Not yet rated,NULL,N/A
BCPC,$58.23,1440858020744,"129,590",100% bearish,of 1 rating,$75
BWINA,NULL,1440858020770,0,Not yet rated,NULL,N/A
BLDP,$1.28,1440858020814,"333,343",91% bullish,of 22 ratings,$2.50
BANF,$59.87,1440858020839,"10,874",Not yet rated,NULL,$68
BANFP,NULL,1440858020872,0,Not yet rated,NULL,N/A
BKMU,$7.2,1440858020969,"106,117",Not yet rated,NULL,$8
BOCH,$5.75,1440858021074,"7,098",Not yet rated,NULL,$6.50
BKSC,$16.38,1440858021101,"1,895",Not yet rated,NULL,N/A
BMRC,$47.78,1440858021130,"6,078",Not yet rated,NULL,$52
BOTJ,$10.93,1440858021234,51,Not yet rated,NULL,N/A
OZRK,$41.65,1440858021267,"340,296",67% bullish,of 3 ratings,$49.50
BFIN,$11.98,1440858021364,"805,971",Not yet rated,NULL,$13
BWFG,$17.89,1440858021428,"86,221",100% bearish,of 1 rating,N/A
BZUN,$5.29,1440858021457,"324,008",50% bullish,of 2 ratings,$11.50
TAPR,$31.36,1440858021477,"1,065",100% bearish,of 1 rating,N/A
BANR,$43.67,1440858021514,"52,487",100% bullish,of 3 ratings,$50
BHAC,$9.81,1440858021612,400,Not yet rated,NULL,N/A
BHACR,NULL,1440858021633,0,Not yet rated,NULL,N/A
BHACU,NULL,1440858021718,0,Not yet rated,NULL,N/A
BHACW,NULL,1440858021765,0,Not yet rated,NULL,N/A
BBSI,$35.46,1440858021794,"44,948",67% bearish,of 3 ratings,$62.50
BSET,$28.97,1440858021820,"65,844",100% bearish,of 1 rating,$35
BYBK,$4.88,1440858021951,"12,262",100% bearish,of 1 rating,N/A
BYLK,$12.75,1440858022045,"3,944",Not yet rated,NULL,$14
BV,$5.16,1440858022147,"390,911",67% bullish,of 6 ratings,$9
BBCN,$14.41,1440858022176,"235,503",100% bearish,of 1 rating,$16
BECN,$35.38,1440858022206,"319,053",50% bullish,of 2 ratings,$40
BCBP,$11.51,1440858022236,"2,786",Not yet rated,NULL,N/A
BDCV,$4.92,1440858022309,"8,428",100% bearish,of 1 rating,$10.19
BSF,$8.56,1440858022338,"14,316",Not yet rated,NULL,N/A
BBGI,$4.07,1440858022363,514,100% bearish,of 1 rating,N/A
BELFA,$16.95,1440858022520,24,100% bearish,of 1 rating,N/A
BELFB,$17.97,1440858022548,"23,081",100% bearish,of 1 rating,N/A
BBBY,$62.32,1440858022580,"1,490,780",71% bullish,of 7 ratings,$75
BEBE,$1.35,1440858022601,"2,507,789",75% bullish,of 4 ratings,$3.075
BLPH,$5.04,1440858022684,"6,129",100% bearish,of 1 rating,$12.50
BLCM,$17.34,1440858022730,"156,508",50% bullish,of 4 ratings,$40
BNCL,$12.42,1440858022787,"203,255",100% bullish,of 3 ratings,$12.50
BNFT,$36.35,1440858022823,"83,611",67% bullish,of 3 ratings,$46
BNTC,$7.9937,1440858022925,"46,904",100% bullish,of 1 rating,N/A
BGMD,$0.7251,1440858022953,"219,421",100% bullish,of 10 ratings,N/A
BGCP,$8.735,1440858023000,"654,941",88% bullish,of 8 ratings,$14
BGFV,$11.1,1440858023093,"86,024",57% bullish,of 7 ratings,$12
BIND,$4.45,1440858023175,"49,598",75% bullish,of 4 ratings,$13.50
BASI,$1.6,1440858023226,"3,810",Not yet rated,NULL,N/A
ORPN,$5.97,1440858023257,"20,587",100% bullish,of 1 rating,$28.50
BCDA,NULL,1440858023283,0,Not yet rated,NULL,N/A
BCRX,$11.42,1440858023359,"314,110",63% bullish,of 8 ratings,$18
BIOC,$1.98,1440858023428,"102,773",83% bullish,of 6 ratings,$3.85
BIOD,$0.6435,1440858023456,"49,279",80% bullish,of 5 ratings,$4
BDSI,$6.87,1440858023537,"493,039",88% bullish,of 8 ratings,$17
BIIB,$303.69,1440858023596,"1,407,281",88% bullish,of 16 ratings,$400
BIOL,$1.43,1440858023625,"19,466",Not yet rated,NULL,N/A
BLFS,$1.98,1440858023651,"21,237",100% bearish,of 1 rating,$4.75
BLRX,$1.53,1440858023701,"208,226",100% bullish,of 12 ratings,$5
BMRN,$132.0147,1440858023800,"575,644",80% bullish,of 5 ratings,$160
BVXVW,$0.7,1440858023891,300,100% bearish,of 1 rating,N/A
BPTH,$1.11,1440858023960,"55,103",100% bullish,of 2 ratings,$5
BRLI,NULL,1440858023982,0,NULL,NULL,NULL
BIOS,$2.46,1440858024013,"689,760",71% bullish,of 7 ratings,$4
BVXV,$3.6325,1440858024043,"2,361",Not yet rated,NULL,N/A
BBC,$31.95,1440858024114,"9,881",Not yet rated,NULL,N/A
BBP,$33.4,1440858024143,"19,508",Not yet rated,NULL,N/A
BSTC,$52.12,1440858024292,"40,800",100% bearish,of 1 rating,$76
BOTA,$2.18,1440858024518,"25,205",88% bullish,of 8 ratings,N/A
BITI,$17.095,1440858024547,"19,344",100% bullish,of 1 rating,$28
BEAT,$14.67,1440858024569,"218,630",67% bearish,of 3 ratings,$15
BSPM,$0.67,1440858024601,"65,101",50% bullish,of 2 ratings,N/A
TECH,$96.5,1440858024627,"280,906",100% bullish,of 1 rating,$117
BDMS,$12.64,1440858024706,84,100% bearish,of 1 rating,N/A
BJRI,$44.26,1440858024817,"170,972",50% bullish,of 2 ratings,$55
BDE,$7.5,1440858024919,"75,507",50% bullish,of 2 ratings,$9
BBOX,$15.07,1440858024951,"96,363",100% bearish,of 1 rating,N/A
BBRY,$7.32,1440858024972,"3,500,684",61% bullish,of 330 ratings,$9
BLKB,$57.86,1440858025016,"156,655",100% bearish,of 2 ratings,$66
HAWK,$40.26,1440858025103,"239,630",91% bullish,of 11 ratings,$49
ADRA,$27.5,1440858025129,"2,800",100% bearish,of 1 rating,N/A
BKCC,$9.304,1440858025150,"302,275",50% bullish,of 2 ratings,$10
ADRE,$30.08,1440858025291,"10,155",100% bearish,of 1 rating,N/A
ADRD,$22.21,1440858025319,"11,305",100% bearish,of 1 rating,N/A
BLMN,$20.51,1440858025484,"1,243,002",83% bullish,of 6 ratings,$27.50
ADRU,$21.9113,1440858025509,"1,280",100% bearish,of 1 rating,N/A
BCOR,$13.81,1440858025538,"189,735",57% bullish,of 7 ratings,$15
BUFF,$26.31,1440858025570,"184,065",83% bullish,of 12 ratings,$31.50
BBLU,$0.78,1440858025669,"112,994",100% bullish,of 2 ratings,$4.43
BLBD,$11.96,1440858025694,"9,660",Not yet rated,NULL,N/A
BHBK,$13.84,1440858025723,"32,621",100% bullish,of 1 rating,$14.50
BKEP,$6.34,1440858025857,"19,498",100% bearish,of 1 rating,$8.50
BLUE,$137.47,1440858025888,"296,264",71% bullish,of 7 ratings,$217.50
NILE,$34.3,1440858025990,"81,168",50% bullish,of 2 ratings,$34
BPMC,$26.84,1440858026032,"69,527",50% bullish,of 2 ratings,$47.50
BKEPP,$7.61,1440858026057,"6,200",100% bearish,of 1 rating,N/A
BNCN,$20.56,1440858026082,"117,776",Not yet rated,NULL,$24
BOBE,$43.6,1440858026107,"117,836",75% bullish,of 4 ratings,$57
WIFI,$7.62,1440858026280,"145,572",50% bullish,of 2 ratings,$13.50
BOFI,$117.62,1440858026350,"213,540",100% bullish,of 6 ratings,$144
BOJA,$21.44,1440858026379,"58,055",100% bullish,of 1 rating,$30
BNSO,$1.31,1440858026419,630,100% bearish,of 1 rating,N/A
BONA,$11.64,1440858026513,"107,333",75% bullish,of 4 ratings,$8.50
BOKF,$62.3925,1440858026542,"164,013",100% bearish,of 1 rating,$69
BPFH,$11.79,1440858026563,"250,539",100% bearish,of 1 rating,$14
BAMM,$3.1,1440858026596,"24,796",60% bullish,of 5 ratings,N/A
BPFHP,$24.85,1440858026689,"11,250",100% bearish,of 1 rating,N/A
BPFHW,$5.15,1440858026797,"3,330",100% bearish,of 1 rating,N/A
BDBD,$8.39,1440858026864,"451,957",60% bullish,of 5 ratings,$10
EPAY,$26.94,1440858026892,"177,935",100% bearish,of 2 ratings,$30
BBEP,$2.94,1440858026924,"2,796,108",69% bullish,of 13 ratings,$5.625
BBEPP,$13.4,1440858026976,"61,890",100% bearish,of 1 rating,N/A
BBRG,$12.72,1440858027024,"69,040",67% bullish,of 3 ratings,$14.50
BCLI,$3.04,1440858027102,"50,501",80% bullish,of 5 ratings,$12
BRID,NULL,1440858027199,0,100% bearish,of 1 rating,N/A
BLIN,$1.36,1440858027231,"5,087",100% bullish,of 2 ratings,$2.20
BDGE,$26.21,1440858027256,"17,166",Not yet rated,NULL,$31.75
BCOV,$5.32,1440858027328,"68,688",67% bullish,of 3 ratings,$10.20
BRCM,$51.79,1440858027357,"2,529,830",75% bullish,of 12 ratings,$56
BSFT,$31.63,1440858027422,"88,378",57% bullish,of 7 ratings,$40.50
BVSN,$6.01,1440858027447,"13,669",60% bearish,of 5 ratings,N/A
BYFC,$1.36,1440858027523,"5,967",50% bullish,of 2 ratings,N/A
BWEN,$3.18,1440858027585,"34,309",100% bullish,of 3 ratings,$8
BRCD,$10.553,1440858027617,"2,104,384",92% bullish,of 13 ratings,$11.50
BRKL,$10.51,1440858027726,"272,340",100% bearish,of 1 rating,$10.75
BRKS,$10.41,1440858027888,"127,627",67% bullish,of 3 ratings,$15.25
BMTC,$29.2,1440858027918,"98,064",Not yet rated,NULL,$34
BLMT,$20.6,1440858027939,"11,270",Not yet rated,NULL,N/A
BRKR,$18.4692,1440858027974,"392,981",100% bearish,of 2 ratings,$22
BSQR,$6.15,1440858028005,"55,497",67% bullish,of 3 ratings,N/A
BLDR,$14.48,1440858028081,"484,766",67% bullish,of 3 ratings,$22
BWLD,$194.06,1440858028108,"166,257",82% bullish,of 11 ratings,$205
BUR,$1.74,1440858028136,"6,743",100% bearish,of 1 rating,$8
CFFI,$36.19,1440858028299,"7,589",100% bearish,of 1 rating,N/A
CHRW,$67.2467,1440858028326,"1,365,634",Not yet rated,NULL,$72
CA,$27.26,1440858028348,"2,293,564",50% bullish,of 4 ratings,$33
CCMP,$43.53,1440858028486,"79,642",50% bullish,of 2 ratings,$59
CACQ,$7.53,1440858028517,"56,359",100% bearish,of 1 rating,$12.25
CDNS,$20.14,1440858028549,"1,265,237",75% bullish,of 4 ratings,$22.50
CZR,$9.17,1440858028585,"738,436",60% bearish,of 5 ratings,$10.50
CDZI,$8.14,1440858028612,"84,491",100% bearish,of 1 rating,N/A
CSTE,$40.5,1440858028645,"114,834",50% bullish,of 2 ratings,$65
PRSS,$4.55,1440858028773,"10,528",80% bullish,of 5 ratings,$4.50
CLMS,$10.61,1440858028833,"65,837",Not yet rated,NULL,$10.50
CLBS,$1.44,1440858028859,"118,591",79% bullish,of 14 ratings,$4
CHY,$11.47,1440858028885,"160,991",Not yet rated,NULL,N/A
CHI,$10.6,1440858029012,"101,782",100% bearish,of 1 rating,N/A
CFGE,NULL,1440858029039,0,Not yet rated,NULL,N/A
CCD,$19.38,1440858029060,"81,611",Not yet rated,NULL,N/A
CHW,$7.64,1440858029202,"278,918",100% bearish,of 1 rating,N/A
CSQ,$9.96,1440858029234,"222,801",Not yet rated,NULL,N/A
CAMP,$16.59,1440858029262,"249,483",88% bullish,of 8 ratings,$25
CGO,$12.01,1440858029288,"13,619",100% bearish,of 1 rating,N/A
CVGW,$59.23,1440858029370,"104,521",50% bullish,of 2 ratings,$58.50
CFNB,$13.31,1440858029500,301,100% bearish,of 1 rating,N/A
CALD,$15.94,1440858029525,"214,263",100% bearish,of 1 rating,$21
CALM,$50.25,1440858029586,"273,365",80% bullish,of 5 ratings,$65
CLMT,$26.1156,1440858029619,"157,345",75% bullish,of 8 ratings,$31
CALA,$5.78,1440858029670,"350,686",100% bullish,of 3 ratings,$19.50
ABCD,$5.28,1440858029720,"155,994",83% bullish,of 6 ratings,N/A
CAMB,$9.95,1440858029749,"3,000",Not yet rated,NULL,N/A
CAMBU,NULL,1440858029884,0,100% bearish,of 1 rating,N/A
CAMBW,NULL,1440858030055,0,Not yet rated,NULL,N/A
CAC,$40.25,1440858030081,"5,351",Not yet rated,NULL,N/A
CAMT,$2.72,1440858030211,"11,795",73% bullish,of 11 ratings,$4
CSIQ,$18.9253,1440858030241,"1,536,120",86% bullish,of 28 ratings,$42.50
CGIX,$9.96,1440858030289,"20,078",67% bullish,of 3 ratings,$14.375
CPHC,$10.3,1440858030316,"1,608",100% bearish,of 1 rating,N/A
CBNJ,$11.09,1440858030341,"17,605",100% bullish,of 1 rating,N/A
CPLA,$49.2,1440858030369,"111,385",67% bearish,of 3 ratings,$65
CCBG,$14.99,1440858030499,"18,070",Not yet rated,NULL,$17.25
CBF,$29.0025,1440858030531,"163,441",Not yet rated,NULL,$32
CPLP,$6.85,1440858030562,"246,034",71% bullish,of 7 ratings,$11
CSWC,$45.86,1440858030634,"14,727",Not yet rated,NULL,N/A
CAPN,$2.27,1440858030692,"216,917",100% bullish,of 1 rating,$10.85
CPTA,$13.69,1440858030729,"45,514",100% bearish,of 1 rating,$18.50
CFFN,$12.03,1440858030756,"444,730",Not yet rated,NULL,$12.75
CAPNW,NULL,1440858030983,0,Not yet rated,NULL,N/A
CPST,$0.4182,1440858031025,"1,396,611",95% bullish,of 22 ratings,$1.25
CBYL,$5.38,1440858031059,"28,815",100% bearish,of 1 rating,$20
CARB,$11.28,1440858031090,"80,399",75% bullish,of 4 ratings,$12
CRDC,$0.37,1440858031115,"98,459",100% bullish,of 1 rating,$1.25
CAPR,$4.28,1440858031143,"3,636",Not yet rated,NULL,$12
CARA,$19.25,1440858031175,"104,767",50% bullish,of 4 ratings,$25
CRME,$8.86,1440858031196,"6,283",89% bullish,of 9 ratings,$11.25
CFNL,$21.88,1440858031332,"97,527",Not yet rated,NULL,$24
CSII,$24.24,1440858031367,"97,779",100% bearish,of 2 ratings,$42.125
CATM,$34.65,1440858031471,"145,056",100% bearish,of 1 rating,$44
CDNA,$6.86,1440858031496,"9,849",100% bearish,of 1 rating,$9
CECO,$3.78,1440858031526,"325,880",67% bearish,of 3 ratings,$6
CTRE,$11.32,1440858031628,"366,158",50% bullish,of 2 ratings,$13.50
CARO,$15.52,1440858031760,686,100% bearish,of 1 rating,$19
CLBH,$12.7,1440858031783,"1,504",Not yet rated,NULL,$16.50
CRZO,$35.27,1440858031818,"1,680,807",67% bearish,of 3 ratings,$55
CKEC,$23.45,1440858031841,"112,092",50% bullish,of 2 ratings,$35.915
CART,$5.35,1440858031862,"1,687",100% bearish,of 1 rating,N/A
TAST,$12.68,1440858031900,"294,920",Not yet rated,NULL,$14.25
CRTN,$2.49,1440858031922,"4,420",100% bearish,of 1 rating,N/A
CARV,$7,1440858032070,"3,573",50% bullish,of 2 ratings,N/A
CASM,$1.13,1440858032101,"169,953",100% bullish,of 1 rating,$3.50
CACB,$5.28,1440858032150,"28,460",Not yet rated,NULL,$5.50
CSCD,$14.97,1440858032175,"29,328",100% bullish,of 2 ratings,$17
CWST,$6.25,1440858032200,"94,168",50% bullish,of 2 ratings,$7.25
CASY,$106.08,1440858032388,"164,558",50% bullish,of 2 ratings,$99.50
CASI,$1.45,1440858032418,"16,210",100% bullish,of 1 rating,$3.50
CPRX,$3.64,1440858032485,"252,829",71% bullish,of 7 ratings,$7
CATYW,NULL,1440858032512,0,100% bearish,of 1 rating,N/A
CASS,$48.74,1440858032543,"12,195",100% bearish,of 1 rating,N/A
CAVM,$68.35,1440858032572,"259,220",67% bearish,of 3 ratings,$72
CATY,$29.47,1440858032593,"526,220",100% bearish,of 1 rating,$33.50
CATB,$12.3,1440858032615,"12,584",100% bearish,of 1 rating,$28
CVCO,$71.58,1440858032755,"22,860",100% bearish,of 1 rating,N/A
CNLM,$9.92,1440858032886,"5,100",Not yet rated,NULL,N/A
CNLMR,NULL,1440858032911,0,Not yet rated,NULL,N/A
CBFV,$20.23,1440858032937,"1,904",Not yet rated,NULL,$25
CNLMU,NULL,1440858033069,0,100% bullish,of 1 rating,N/A
CNLMW,NULL,1440858033106,0,Not yet rated,NULL,N/A
CDW,$39.95,1440858033200,"682,521",75% bullish,of 4 ratings,$44
CDK,$49.69,1440858033230,"401,908",67% bearish,of 3 ratings,$50
CELGZ,$1.84,1440858033252,130,80% bullish,of 5 ratings,N/A
CELG,$123.72,1440858033281,"3,113,278",92% bullish,of 13 ratings,$155.50
CPXX,$2.09,1440858033418,"73,775",100% bullish,of 2 ratings,$7
CECE,$9.72,1440858033551,"43,721",50% bullish,of 2 ratings,$16
CLDN,$1.11,1440858033576,"380,623",71% bullish,of 7 ratings,$3
CLRB,$3.07,1440858033604,"3,191",100% bearish,of 1 rating,N/A
CBOE,$63.82,1440858033637,"270,550",Not yet rated,NULL,$60
CLDX,$15.36,1440858033738,"795,869",89% bullish,of 9 ratings,$36
CLRBW,NULL,1440858033789,0,Not yet rated,NULL,N/A
CBMG,$23.56,1440858033874,"38,037",50% bullish,of 2 ratings,N/A
CLLS,$33.23,1440858033944,"43,557",75% bullish,of 4 ratings,$51.50
CLSN,$2.06,1440858034054,"73,145",80% bullish,of 10 ratings,$7.50
CLTX,$2.42,1440858034081,"133,553",100% bullish,of 2 ratings,N/A
CEMP,$35.8,1440858034102,"347,148",71% bullish,of 7 ratings,$52
CYAD,NULL,1440858034131,0,100% bullish,of 1 rating,$87.50
CETX,$2.36,1440858034157,"4,400",Not yet rated,NULL,$5.60
CSFL,$13.59,1440858034266,"87,153",Not yet rated,NULL,$15
CETV,$2.14,1440858034292,"134,612",67% bullish,of 3 ratings,$2.80
CFBK,$1.37,1440858034331,"2,096",Not yet rated,NULL,N/A
CENT,$12.18,1440858034441,"51,466",Not yet rated,NULL,$10
CVCY,$11.26,1440858034468,"19,319",Not yet rated,NULL,$12
CENTA,$12.55,1440858034542,"406,884",Not yet rated,NULL,N/A
CENX,$5.51,1440858034572,"2,154,129",67% bullish,of 6 ratings,$9
CNBKA,$41.6,1440858034672,"1,243",50% bullish,of 2 ratings,N/A
CPHD,$50.36,1440858035064,"387,374",67% bearish,of 3 ratings,$66.50
CNTY,$5.65,1440858035101,"30,032",80% bullish,of 5 ratings,$7.75
CRNT,$1.43,1440858035128,"82,256",50% bullish,of 2 ratings,$2
CERE,$1.14,1440858035157,"230,627",88% bullish,of 8 ratings,N/A
CERS,$4.85,1440858035194,"305,160",75% bullish,of 4 ratings,$7
CERU,$3.78,1440858035222,"42,073",75% bullish,of 4 ratings,$15
CERN,$63.13,1440858035253,"1,747,634",67% bullish,of 3 ratings,$79
HOTR,$1.42,1440858035515,"119,259",100% bullish,of 2 ratings,$5
KOOL,$0.67,1440858035548,"40,840",100% bullish,of 5 ratings,$7
HOTRW,NULL,1440858035580,0,Not yet rated,NULL,N/A
CYOU,$20.64,1440858035646,"99,352",50% bullish,of 6 ratings,$24
CEVA,$19.13,1440858035678,"98,749",100% bearish,of 1 rating,$25
GTLS,$24.36,1440858035725,"352,866",50% bullish,of 4 ratings,$40
CHTR,$180.1921,1440858035753,"506,492",100% bearish,of 2 ratings,$196
CHFN,$12.38,1440858035779,"17,917",Not yet rated,NULL,$14
CTHR,$1.3,1440858035826,"7,326",50% bullish,of 2 ratings,$2.50
CEMI,$4.25,1440858036014,"18,500",50% bullish,of 2 ratings,$7.50
CHKP,$78.7204,1440858036040,"690,963",50% bullish,of 4 ratings,$92
CHEK,$2.1,1440858036072,"3,047",Not yet rated,NULL,$7.75
CHEKW,NULL,1440858036115,0,Not yet rated,NULL,N/A
CHFC,$31.4,1440858036175,"83,177",100% bearish,of 1 rating,$36
CCXI,$6.5,1440858036247,"58,200",67% bullish,of 3 ratings,$14
CHMG,$26.15,1440858036274,520,Not yet rated,NULL,$30
CHEV,$14.42,1440858036402,"2,230",Not yet rated,NULL,N/A
CHKE,$25.46,1440858036434,"11,637",100% bearish,of 1 rating,$32.50
CHMA,$25.42,1440858036462,"56,946",Not yet rated,NULL,$40
PLCE,$59.63,1440858036495,"171,366",100% bearish,of 1 rating,$69
CBNK,$16.25,1440858036531,"7,266",100% bearish,of 1 rating,N/A
CMRX,$50.48,1440858036595,"233,277",50% bullish,of 2 ratings,$57
CAAS,$6.55,1440858036739,"22,438",93% bullish,of 14 ratings,$11.50
CALI,$0.89,1440858036768,"13,298",67% bullish,of 3 ratings,N/A
CADC,NULL,1440858036822,0,78% bullish,of 9 ratings,N/A
CBPO,$99.9369,1440858036870,"135,210",75% bullish,of 8 ratings,$140.50
CCCL,$0.783,1440858036922,"8,319",100% bullish,of 6 ratings,N/A
CBAK,$2.02,1440858036948,"47,677",67% bullish,of 9 ratings,N/A
CCCR,$0.79,1440858037031,"1,440",67% bearish,of 3 ratings,N/A
CHOP,$1.16,1440858037135,"3,443",50% bullish,of 2 ratings,N/A
HGSH,$1.81,1440858037201,"5,114",67% bullish,of 3 ratings,N/A
JRJC,$3.64,1440858037267,"75,212",82% bullish,of 11 ratings,N/A
CNIT,$1.37,1440858037297,"110,498",67% bullish,of 6 ratings,N/A
CJJD,$1.87,1440858037321,"12,291",100% bullish,of 1 rating,N/A
CHLN,$1.99,1440858037350,"5,524",67% bullish,of 3 ratings,N/A
HTHT,$25.57,1440858037396,"81,705",50% bullish,of 2 ratings,$28.40
CHNR,$1.57,1440858037482,"4,716",100% bearish,of 1 rating,N/A
CREG,$0.7,1440858037564,"37,457",100% bullish,of 3 ratings,N/A
CPGI,NULL,1440858037652,0,Not yet rated,NULL,N/A
CNTF,$0.804,1440858037683,"91,538",Not yet rated,NULL,N/A
CXDC,$5.72,1440858037786,"37,730",67% bearish,of 3 ratings,N/A
CSUN,$1.48,1440858037821,"12,166",80% bullish,of 5 ratings,N/A
CNYD,$3.35,1440858037926,"14,299",67% bullish,of 3 ratings,N/A
CNET,$0.898,1440858037953,"40,200",50% bullish,of 2 ratings,N/A
IMOS,$18.56,1440858037981,"157,340",60% bullish,of 5 ratings,$21.50
CCIH,$7.31,1440858038013,"195,215",67% bullish,of 6 ratings,$12.65
CHSCL,$27.01,1440858038116,"14,960",Not yet rated,NULL,N/A
CHSCO,$28.31,1440858038247,"2,888",Not yet rated,NULL,N/A
CHSCN,$27.27,1440858038304,"2,175",Not yet rated,NULL,N/A
CHSCM,$26.12,1440858038325,"14,760",Not yet rated,NULL,N/A
CHSCP,$30.51,1440858038360,"4,500",Not yet rated,NULL,N/A
CHDN,$133.5,1440858038406,"100,896",Not yet rated,NULL,$165
CHUY,$31.57,1440858038457,"143,174",50% bullish,of 2 ratings,$34
CDTX,$14.67,1440858038688,"15,045",Not yet rated,NULL,$22
CIFC,$7.04,1440858038710,"4,824",100% bearish,of 1 rating,N/A
CMCT,$15.3899,1440858038750,200,100% bearish,of 1 rating,N/A
CINF,$52.79,1440858038789,"561,411",50% bullish,of 4 ratings,$50.50
CIDM,$0.5736,1440858038841,"95,380",50% bullish,of 2 ratings,$2.10
CMPR,$73.46,1440858038869,"272,387",50% bullish,of 2 ratings,$72.50
CTAS,$85.3785,1440858038970,"330,304",100% bearish,of 1 rating,$91
CPHR,$5.33,1440858039032,"49,892",100% bearish,of 1 rating,$17
CRUS,$30.21,1440858039064,"732,197",75% bullish,of 12 ratings,$44.50
CSCO,$26.02,1440858039099,"21,265,874",84% bullish,of 209 ratings,$32
CZNC,$19.84,1440858039198,"9,181",Not yet rated,NULL,N/A
CTRN,$26.73,1440858039225,"81,046",100% bearish,of 1 rating,$31.50
CZWI,$8.97,1440858039445,974,Not yet rated,NULL,N/A
CZFC,NULL,1440858039481,0,Not yet rated,NULL,N/A
CIZN,$19.33,1440858039502,"2,439",Not yet rated,NULL,N/A
CTXS,$68.69,1440858039523,"1,229,256",86% bullish,of 7 ratings,$80
CIVBP,$33.21,1440858039558,353,Not yet rated,NULL,N/A
CHCO,$47.25,1440858039584,"42,647",Not yet rated,NULL,$46
CDTI,$1.61,1440858039786,"54,168",75% bullish,of 4 ratings,$3.20
CLNT,$1.5,1440858039871,"17,654",75% bullish,of 8 ratings,N/A
CLFD,$17.21,1440858039902,"38,655",67% bullish,of 3 ratings,$18
CIVB,$10.07,1440858039923,"6,435",Not yet rated,NULL,$11
CLNE,$5.18,1440858039959,"972,530",80% bullish,of 15 ratings,$9
CLRO,$11.51,1440858039980,"4,079",50% bullish,of 2 ratings,$14.25
CLIR,$4.67,1440858040052,"79,948",100% bullish,of 3 ratings,N/A
CSBK,$13.62,1440858040291,"66,040",Not yet rated,NULL,N/A
CBLI,$3.8,1440858040327,"30,681",60% bullish,of 5 ratings,N/A
CMFN,$11.17,1440858040368,"26,820",100% bearish,of 1 rating,$15.50
CME,$94.62,1440858040395,"1,009,749",67% bullish,of 3 ratings,$102
CCNE,$16.98,1440858040424,"9,188",50% bullish,of 2 ratings,$21.50
CLVS,$80.54,1440858040451,"406,345",60% bullish,of 5 ratings,$101.50
CISG,$7.81,1440858040476,"67,936",100% bullish,of 5 ratings,$10
CWAY,$11.11,1440858040719,"4,726",Not yet rated,NULL,N/A
COBZ,$12.84,1440858040745,"40,728",100% bullish,of 1 rating,$14
CNV,$4.43,1440858040767,"28,444",50% bullish,of 2 ratings,$7.15
COKE,$157.56,1440858040800,"23,920",79% bullish,of 19 ratings,N/A
CDRB,$13.97,1440858040898,"24,525",67% bullish,of 3 ratings,N/A
CVLY,$20.32,1440858040978,722,Not yet rated,NULL,N/A
CDXS,$3.8,1440858041027,"19,698",64% bullish,of 11 ratings,$6
JVA,$4.63,1440858041058,"11,572",83% bullish,of 6 ratings,$7
CCOI,$27.46,1440858041114,"445,468",50% bullish,of 4 ratings,$35
CGNT,$1.53,1440858041149,"56,889",100% bullish,of 2 ratings,$2
CGNX,$35.49,1440858041214,"359,217",50% bullish,of 2 ratings,$47
COHR,$57.83,1440858041242,"78,704",50% bullish,of 2 ratings,$72
CTSH,$63.72,1440858041267,"2,758,536",90% bullish,of 10 ratings,$75
COHU,$9.65,1440858041473,"127,716",100% bearish,of 1 rating,$14.25
CHRS,$28.98,1440858041526,"79,672",67% bearish,of 3 ratings,$37
CLCT,$18.27,1440858041574,"26,386",100% bearish,of 1 rating,N/A
CIGI,$43.29,1440858041603,"40,937",100% bearish,of 1 rating,$52
COLL,$15.34,1440858041630,"40,817",100% bearish,of 1 rating,$26
CBAN,$8.75,1440858041651,"1,516",Not yet rated,NULL,N/A
CLCD,$6.63,1440858041783,"68,876",100% bearish,of 1 rating,$20.50
COLB,$30.05,1440858041840,"150,126",Not yet rated,NULL,$36
CLRX,$0.54,1440858041869,"44,213",50% bullish,of 2 ratings,N/A
CMCO,$18.73,1440858041969,"73,520",60% bullish,of 5 ratings,$28
COLM,$60.64,1440858042008,"88,479",100% bearish,of 1 rating,$71
CBMX,$1.1,1440858042034,"19,525",83% bullish,of 6 ratings,$3.15
CMCSK,$57.62,1440858042217,"1,941,868",Not yet rated,NULL,$84
CMCSA,$56.77,1440858042242,"7,743,132",66% bullish,of 35 ratings,$69.50
CBSH,$44.5989,1440858042276,"229,533",50% bullish,of 2 ratings,$46
CBSHP,$25.42,1440858042298,"26,034",100% bearish,of 1 rating,N/A
CUBN,NULL,1440858042377,0,Not yet rated,NULL,N/A
CVGI,$4.96,1440858042432,"43,835",50% bullish,of 2 ratings,$6
JCS,$8.61,1440858042460,"7,525",67% bullish,of 3 ratings,N/A
COMM,$31.9,1440858042506,"725,355",67% bearish,of 3 ratings,$35
CSAL,$20.6041,1440858042594,"433,349",75% bullish,of 4 ratings,$30
ESXB,$5.06,1440858042622,"3,468",Not yet rated,NULL,N/A
CWBC,$6.7,1440858042756,"1,519",Not yet rated,NULL,N/A
CYHHZ,$0.01,1440858042783,"76,000",100% bullish,of 1 rating,N/A
CVLT,$35.7,1440858042828,"499,857",75% bullish,of 4 ratings,$44.50
CTBI,$34.87,1440858042854,"53,139",Not yet rated,NULL,$36
CIZ,$33.45,1440858042922,"1,507",100% bearish,of 1 rating,N/A
COB,$10.44,1440858042987,"13,253",100% bullish,of 1 rating,$11.75
CID,NULL,1440858043017,0,Not yet rated,NULL,N/A
CIL,NULL,1440858043048,0,Not yet rated,NULL,N/A
CDC,$34.78,1440858043118,"3,743",Not yet rated,NULL,N/A
CSA,NULL,1440858043150,0,Not yet rated,NULL,N/A
CSF,$36.75,1440858043254,"4,489",100% bearish,of 1 rating,N/A
CFA,$35.7,1440858043282,900,100% bearish,of 1 rating,N/A
CFO,$35.63,1440858043308,"150,250",100% bearish,of 1 rating,N/A
CGEN,$5.2,1440858043532,"49,804",50% bullish,of 2 ratings,$11
CPSI,$45.63,1440858043604,"70,148",100% bearish,of 1 rating,$45.50
SCOR,$53.74,1440858043664,"303,382",100% bearish,of 1 rating,$66
CDL,NULL,1440858043690,0,Not yet rated,NULL,N/A
CTG,$6.51,1440858043717,"63,423",100% bearish,of 1 rating,$8.50
CMTL,$25.29,1440858043750,"132,707",100% bearish,of 2 ratings,$37
CSB,$32.92,1440858043770,200,Not yet rated,NULL,N/A
CHCI,$0.65,1440858043821,"20,669",50% bullish,of 2 ratings,N/A
CNAT,$4.05,1440858043909,"58,100",83% bullish,of 6 ratings,$13
CNSI,$18.77,1440858044008,"63,344",100% bearish,of 2 ratings,$29
CNCE,$15.95,1440858044038,"103,480",75% bullish,of 4 ratings,$22
CXRX,$75.05,1440858044132,"5,908",100% bearish,of 1 rating,$90
CCUR,$5.46,1440858044165,"80,309",75% bullish,of 4 ratings,N/A
CDORO,$18.95,1440858044240,"1,200",100% bearish,of 1 rating,N/A
CDOR,$1.35,1440858044273,"4,361",100% bullish,of 1 rating,N/A
CDORP,$7,1440858044302,400,100% bearish,of 1 rating,N/A
CNFR,$10.18,1440858044375,"11,241",Not yet rated,NULL,N/A
CFMS,$19.77,1440858044404,"86,468",Not yet rated,NULL,$27
CNMD,$53.23,1440858044445,"80,020",Not yet rated,NULL,$59
CTWS,$34.5,1440858044603,"20,376",100% bearish,of 1 rating,$44
CNOB,$19.01,1440858044630,"42,656",100% bullish,of 1 rating,$23.50
CNXR,$6.93,1440858044687,"72,869",100% bearish,of 1 rating,$12
CNSL,$19.76,1440858044714,"196,877",100% bearish,of 1 rating,$23
CONN,$29.44,1440858044760,"528,417",67% bullish,of 3 ratings,$48.50
CWCO,$10.94,1440858044788,"91,573",67% bullish,of 3 ratings,$14.50
CTCT,$25.04,1440858044916,"195,271",67% bullish,of 3 ratings,$37
CFRXW,$1.95,1440858045017,"2,650",100% bearish,of 1 rating,N/A
CPSS,$5.6,1440858045049,"22,982",100% bullish,of 1 rating,$10
CFRX,$5.08,1440858045082,"7,722",Not yet rated,NULL,$14
CFRXZ,$0.599,1440858045120,600,Not yet rated,NULL,N/A
CTRV,$3.68,1440858045146,"4,034",Not yet rated,NULL,$6.40
CTRL,$8.97,1440858045184,"133,195",50% bullish,of 2 ratings,$11
CPRT,$34.99,1440858045281,"286,933",67% bearish,of 3 ratings,$40
CRBP,$1.92,1440858045306,"146,083",100% bullish,of 2 ratings,$6.25
CORT,$5.18,1440858045576,"216,538",67% bullish,of 3 ratings,$12
CORI,$10.45,1440858045628,"37,147",100% bearish,of 1 rating,$18
BVA,$3.75,1440858045680,627,50% bullish,of 2 ratings,N/A
CORE,$59.67,1440858045707,"118,215",100% bearish,of 1 rating,$72
CSOD,$36.17,1440858045732,"273,201",50% bullish,of 2 ratings,$42
COSI,$1.17,1440858045760,"158,610",100% bullish,of 1 rating,N/A
CRVL,$30.91,1440858045786,"28,940",100% bearish,of 1 rating,N/A
CSGP,$181.38,1440858045954,"68,173",50% bullish,of 2 ratings,$235
COST,$140.29,1440858045981,"1,445,606",79% bullish,of 24 ratings,$154.50
ICBK,$18.11,1440858046002,228,Not yet rated,NULL,$21
COVS,$2.7,1440858046040,"62,906",67% bullish,of 3 ratings,N/A
CVTI,$23.51,1440858046135,"93,135",67% bearish,of 3 ratings,$39
CPAH,$0.4301,1440858046202,"2,700",50% bullish,of 2 ratings,N/A
CPSH,$2.18,1440858046267,"1,167",Not yet rated,NULL,N/A
COWN,$5.23,1440858046295,"635,563",75% bullish,of 4 ratings,$7
COWNL,$26.65,1440858046316,"2,100",Not yet rated,NULL,N/A
CRAI,$22.05,1440858046493,"27,938",100% bearish,of 1 rating,$36
BREW,$7.97,1440858046526,"39,101",67% bullish,of 6 ratings,$15
CBRL,$145.82,1440858046589,"142,127",50% bullish,of 2 ratings,$155
CACC,$197.5495,1440858046662,"34,208",50% bullish,of 2 ratings,$158.50
GLDI,$11.01,1440858046694,"3,640",100% bearish,of 1 rating,N/A
CRAY,$20.41,1440858046725,"251,324",83% bullish,of 6 ratings,$38.50
SLVO,$10.04,1440858046753,"2,848",100% bearish,of 1 rating,N/A
CRESY,$10.35,1440858046792,"27,734",100% bearish,of 1 rating,$19
CREE,$26.99,1440858046827,"801,140",65% bullish,of 17 ratings,$29.50
CROX,$14.52,1440858047020,"662,990",63% bullish,of 8 ratings,$16.50
CRTO,$43.1,1440858047048,"295,607",67% bullish,of 6 ratings,$64
CCRN,$14.14,1440858047069,"142,037",100% bearish,of 1 rating,$14.25
CRWS,$8.07,1440858047106,"4,508",Not yet rated,NULL,$10
CYRX,$2.885,1440858047236,"11,794",Not yet rated,NULL,$9
CRDS,$1,1440858047265,"42,738",75% bullish,of 4 ratings,$4.50
CRWN,$4.47,1440858047290,"38,249",75% bullish,of 4 ratings,N/A
CCLP,$15.38,1440858047424,"30,912",67% bearish,of 3 ratings,$20
CSPI,$5.71,1440858047454,516,67% bullish,of 3 ratings,N/A
CYRXW,$0.83,1440858047475,200,Not yet rated,NULL,N/A
CSGS,$31.14,1440858047505,"222,878",Not yet rated,NULL,$40
CTCM,$1.83,1440858047526,"114,360",80% bearish,of 5 ratings,$3.90
CTIB,$3.63,1440858047664,"3,890",100% bearish,of 1 rating,N/A
CTIC,$1.6,1440858047692,"646,597",84% bullish,of 76 ratings,$5.75
CTRP,$71.1413,1440858047718,"1,216,212",75% bullish,of 8 ratings,$93
CUNB,$21.18,1440858047765,"14,251",Not yet rated,NULL,$24.50
CPIX,$6.04,1440858047910,"5,828",Not yet rated,NULL,N/A
CUI,$5.32,1440858047942,"29,604",50% bullish,of 2 ratings,$10
CMLS,$1.42,1440858048047,"374,324",50% bullish,of 4 ratings,$6
CRIS,$2.59,1440858048074,"166,862",100% bullish,of 8 ratings,$6
CVV,$10.97,1440858048107,"7,294",100% bullish,of 5 ratings,N/A
CVBF,$16,1440858048134,"493,743",Not yet rated,NULL,$18
CUTR,$14.46,1440858048159,"32,831",67% bearish,of 3 ratings,$18
CYAN,$7.6,1440858048209,"2,172",100% bearish,of 1 rating,N/A
CYBE,$6.76,1440858048408,"22,725",100% bearish,of 1 rating,N/A
CYBX,$67,1440858048464,"196,566",50% bullish,of 4 ratings,$71.50
CYBR,$52.4,1440858048502,"680,705",75% bullish,of 8 ratings,$66
CYCC,$0.55,1440858048527,"63,851",73% bullish,of 11 ratings,N/A
CBAY,$2.63,1440858048556,"56,866",100% bullish,of 1 rating,$4
CYCCP,NULL,1440858048577,0,100% bearish,of 1 rating,N/A
CYNA,$16.17,1440858048718,"27,144",50% bullish,of 2 ratings,$31.50
CYNO,$31.41,1440858048746,"137,063",67% bearish,of 3 ratings,$45.50
CYRN,$1.7,1440858048797,"29,421",67% bullish,of 3 ratings,$4
CONE,$32.3,1440858048885,"247,421",67% bearish,of 3 ratings,$35.50
CYTX,$0.315,1440858048927,"2,360,173",83% bullish,of 12 ratings,$5.50
CYTK,$7,1440858048954,"180,145",71% bullish,of 14 ratings,$13.50
CY,$10.09,1440858048987,"2,674,911",80% bullish,of 10 ratings,$15.50
CTSO,$6.89,1440858049087,"27,244",Not yet rated,NULL,$15.625
CYTR,$2.39,1440858049112,"318,266",67% bullish,of 6 ratings,$10
DAEG,$0.35,1440858049246,"11,063",100% bearish,of 1 rating,N/A
TVIX,$13.35,1440858049272,"14,107,659",81% bullish,of 16 ratings,N/A
ZIV,$40.01,1440858049297,"153,112",Not yet rated,NULL,N/A
XIV,$27,1440858049444,"18,307,444",75% bearish,of 4 ratings,N/A
DAKT,$8.64,1440858049480,"421,544",50% bullish,of 2 ratings,$12
DJCO,$191.42,1440858049505,502,Not yet rated,NULL,N/A
TVIZ,$19.51,1440858049530,"3,315",100% bearish,of 1 rating,N/A
DARA,$0.86,1440858049578,"24,822",83% bullish,of 6 ratings,$1.50
DTLK,$5.85,1440858049712,"72,201",100% bearish,of 1 rating,$9
DAIO,$2.49,1440858049741,"4,973",Not yet rated,NULL,N/A
DRAM,$1.28,1440858049812,"16,449",78% bullish,of 9 ratings,N/A
PLAY,$34.43,1440858049918,"121,342",100% bullish,of 5 ratings,$42
DWCH,$5.26,1440858049948,"21,471",75% bullish,of 4 ratings,$8.25
DTEA,$13.15,1440858050016,"48,592",100% bearish,of 2 ratings,$24
DWSN,$4.54,1440858050054,"13,558",67% bullish,of 3 ratings,N/A
DBVT,$41.26,1440858050148,"32,497",100% bearish,of 1 rating,$53
DFRG,$14.59,1440858050176,"99,897",100% bearish,of 1 rating,$20
TRAK,$62.85,1440858050202,"645,671",50% bullish,of 2 ratings,$62.50
DHRM,$1.48,1440858050252,"7,227",Not yet rated,NULL,N/A
TACOW,$4.05,1440858050381,"18,932",100% bullish,of 1 rating,N/A
TACO,$13.1236,1440858050409,"97,042",75% bullish,of 4 ratings,$20
DCTH,$0.4003,1440858050479,"122,121",78% bullish,of 9 ratings,N/A
DELT,$2.52,1440858050537,"6,000",Not yet rated,NULL,N/A
DENN,$11.48,1440858050640,"411,859",100% bullish,of 3 ratings,$15
DELTW,NULL,1440858050669,0,Not yet rated,NULL,N/A
XRAY,$53.26,1440858050696,"455,198",100% bullish,of 1 rating,$58
DGAS,$20.12,1440858050777,"3,626",67% bearish,of 3 ratings,N/A
DEPO,$28.38,1440858050850,"492,842",60% bullish,of 5 ratings,$29
DSCI,$5.93,1440858050876,"30,721",50% bullish,of 2 ratings,$16
DEST,$11.13,1440858050901,"20,183",50% bullish,of 2 ratings,N/A
DERM,$27.24,1440858050938,"101,807",100% bearish,of 1 rating,$33.50
DSWL,$1.71,1440858051042,"4,300",100% bullish,of 1 rating,N/A
DXLG,$5.62,1440858051086,"88,393",100% bearish,of 1 rating,$8
DXCM,$94.3009,1440858051283,"601,324",57% bullish,of 7 ratings,$98
DXM,$0.26,1440858051343,"140,456",50% bullish,of 2 ratings,N/A
DHIL,$194.72,1440858051371,"3,494",Not yet rated,NULL,N/A
DHXM,$6.82,1440858051413,"1,035",Not yet rated,NULL,N/A
DMND,$29.77,1440858051508,"137,181",75% bullish,of 12 ratings,$32
DRNA,$11.13,1440858051537,"76,464",67% bearish,of 3 ratings,$25
DGII,$10.06,1440858051562,"88,413",100% bearish,of 1 rating,$10
FANG,$66.56,1440858051590,"945,281",50% bullish,of 2 ratings,$86.50
DCIX,$1.74,1440858051618,"50,106",50% bullish,of 4 ratings,$3.50
DRAD,$3.7,1440858051751,"14,268",100% bullish,of 1 rating,$5.25
DMRC,$37.81,1440858051777,"119,126",100% bearish,of 1 rating,$44
DCOM,$17.01,1440858051861,"121,317",100% bearish,of 2 ratings,$16.50
DGLY,$8.6,1440858051921,"110,448",50% bullish,of 6 ratings,$20
APPS,$2.43,1440858051957,"110,613",100% bearish,of 1 rating,$10.25
DPRX,$13.52,1440858051983,"8,669",100% bullish,of 2 ratings,$27.75
DIOD,$19.93,1440858052050,"100,117",75% bearish,of 4 ratings,$24
DISCA,$27.1127,1440858052140,"1,476,936",67% bullish,of 3 ratings,$34
DISCK,$25.71,1440858052187,"1,450,570",100% bearish,of 1 rating,$32
DSCO,$0.42,1440858052283,"233,070",83% bullish,of 6 ratings,$2.75
DISCB,NULL,1440858052314,0,100% bearish,of 1 rating,$35
DISH,$59.62,1440858052344,"664,919",69% bullish,of 13 ratings,$73
DLHC,$2.45,1440858052374,"2,228",100% bearish,of 1 rating,N/A
DVCR,$10.8,1440858052401,"5,362",100% bullish,of 1 rating,N/A
BAGR,$2.77,1440858052442,"10,502",100% bearish,of 1 rating,$6
DNBF,$25.76,1440858052540,408,Not yet rated,NULL,$27.50
DLTR,$76.7377,1440858052675,"1,695,005",82% bullish,of 11 ratings,$88
DGICA,$14.27,1440858052700,"10,088",100% bearish,of 1 rating,$17
DMLP,$14.39,1440858052730,"9,844",100% bearish,of 1 rating,N/A
DORM,$50.42,1440858052883,"213,968",100% bearish,of 1 rating,$56
DRWIW,$0.04,1440858052909,318,Not yet rated,NULL,N/A
HILL,$9.665,1440858052938,"1,225,949",60% bearish,of 5 ratings,$9.75
DRWI,$0.21,1440858052969,"608,108",60% bullish,of 5 ratings,$.45
DGICB,NULL,1440858052995,0,100% bearish,of 1 rating,N/A
DWA,$20.29,1440858053076,"780,239",63% bullish,of 8 ratings,$26
DSKX,$3.25,1440858053128,"269,494",100% bullish,of 1 rating,N/A
DRYS,$0.44,1440858053158,"3,465,209",77% bullish,of 31 ratings,$.60
DSPG,$8.55,1440858053214,"86,341",100% bearish,of 1 rating,$13.50
CADT,NULL,1440858053266,0,Not yet rated,NULL,N/A
CADTU,NULL,1440858053394,0,Not yet rated,NULL,N/A
CADTR,NULL,1440858053419,0,Not yet rated,NULL,N/A
CADTW,NULL,1440858053478,0,Not yet rated,NULL,N/A
DTSI,$27.07,1440858053611,"64,293",100% bearish,of 2 ratings,$39.50
DRRX,$2.1,1440858053644,"174,261",50% bullish,of 6 ratings,$3
DNKN,$51.69,1440858053690,"615,001",67% bullish,of 15 ratings,$56.50
BOOM,$10.64,1440858053740,"121,109",67% bullish,of 3 ratings,$12
DXPE,$28.01,1440858053770,"198,401",50% bullish,of 2 ratings,N/A
DYAX,$23.69,1440858053802,"450,638",89% bullish,of 9 ratings,$30
DVAX,$29.76,1440858053823,"286,822",70% bullish,of 10 ratings,$40
DYSL,$1.44,1440858053900,"9,241",100% bullish,of 2 ratings,N/A
DYNT,$3,1440858053954,"2,521",75% bullish,of 4 ratings,N/A
EBMT,$11.54,1440858054032,"1,076",Not yet rated,NULL,$13.50
ETFC,$26.53,1440858054058,"1,656,489",57% bullish,of 14 ratings,$32.50
EGBN,$41.91,1440858054099,"45,548",Not yet rated,NULL,$48
EGLE,$6.51,1440858054271,"44,799",60% bullish,of 5 ratings,N/A
EROC,$1.54,1440858054403,"321,569",50% bullish,of 2 ratings,$3
EGRX,$83.67,1440858054439,"183,576",67% bullish,of 3 ratings,$97
ELNK,$8.45,1440858054460,"507,260",60% bullish,of 5 ratings,$9.50
EACQU,NULL,1440858054481,0,Not yet rated,NULL,N/A
EWBC,$40.36,1440858054502,"524,091",100% bearish,of 1 rating,$50
EML,$16.47,1440858054523,"7,046",Not yet rated,NULL,N/A
EBAY,$27.25,1440858054659,"6,618,106",81% bullish,of 117 ratings,$34
ELON,$0.5649,1440858054687,"28,406",50% bullish,of 2 ratings,N/A
EBIX,$28.21,1440858054751,"195,546",69% bullish,of 13 ratings,$40
ECHO,$23.01,1440858054821,"541,539",67% bearish,of 3 ratings,$35.50
ECTE,$1.46,1440858054849,"3,701",75% bullish,of 4 ratings,N/A
EVBS,$6.6,1440858054870,"16,168",Not yet rated,NULL,$7
SATS,$44.59,1440858055082,"56,536",50% bullish,of 2 ratings,$60
ECACU,$10.1,1440858055148,"3,602",Not yet rated,NULL,N/A
EDUC,$5.55,1440858055176,"21,651",100% bearish,of 1 rating,N/A
EDAP,$3.6,1440858055209,"25,350",60% bullish,of 5 ratings,$4.50
EGAN,$3.64,1440858055240,"7,806",50% bullish,of 2 ratings,$6.25
EEI,$11.15,1440858055289,"3,106",67% bearish,of 3 ratings,N/A
EDGW,$7.01,1440858055313,"10,591",100% bearish,of 1 rating,N/A
ESES,$3.22,1440858055345,"2,164",100% bearish,of 1 rating,$7
EGLT,$10.66,1440858055474,"20,932",50% bullish,of 2 ratings,$21
EHTH,$14.1,1440858055579,"168,301",50% bullish,of 4 ratings,$16.50
LOCO,$13.72,1440858055606,"1,206,901",77% bullish,of 13 ratings,$20
EMITF,$1.18,1440858055632,"3,474",75% bullish,of 4 ratings,N/A
EFUT,$4.63,1440858055658,700,Not yet rated,NULL,N/A
ELRC,$10.71,1440858055842,"16,406",100% bearish,of 1 rating,N/A
ESIO,$4.43,1440858055870,"140,353",50% bullish,of 2 ratings,$10
ESLT,$76.65,1440858055899,"2,915",67% bullish,of 3 ratings,N/A
ERI,$9.7,1440858055932,"144,246",100% bearish,of 1 rating,$10
EFII,$44.09,1440858055954,"127,147",80% bullish,of 5 ratings,$55
ELSE,$3.9999,1440858055983,500,60% bullish,of 5 ratings,N/A
EA,$67.91,1440858056017,"2,056,941",77% bullish,of 35 ratings,$80
ELEC,NULL,1440858056113,0,Not yet rated,NULL,N/A
ELECW,NULL,1440858056166,0,Not yet rated,NULL,N/A
ELECU,NULL,1440858056193,0,Not yet rated,NULL,N/A
EBIO,$3.55,1440858056220,"154,084",100% bearish,of 2 ratings,$8.35
RDEN,$10.95,1440858056417,"74,308",100% bearish,of 4 ratings,$15
LONG,$17.04,1440858056492,"9,996",67% bullish,of 3 ratings,$15.75
CAPX,$22.93,1440858056516,"13,900",Not yet rated,NULL,N/A
ELTK,$1.34,1440858056696,"144,213",67% bearish,of 3 ratings,N/A
EMKR,$7.06,1440858056729,"65,081",75% bullish,of 4 ratings,$8.50
EMCI,$23.2,1440858056750,"15,362",Not yet rated,NULL,N/A
ESBK,$19.66,1440858056786,423,Not yet rated,NULL,N/A
EMMS,$1.12,1440858056823,"136,017",83% bullish,of 6 ratings,N/A
EMMSP,$3,1440858056886,200,100% bearish,of 1 rating,N/A
EMCF,$23.06,1440858056919,100,100% bearish,of 1 rating,N/A
ERS,$2.83,1440858057020,"6,582",Not yet rated,NULL,N/A
ENTA,$41.18,1440858057076,"122,390",50% bullish,of 2 ratings,$42
NYNY,$4.37,1440858057105,"30,167",50% bullish,of 2 ratings,N/A
ECPG,$40.13,1440858057170,"153,412",100% bullish,of 2 ratings,$52
WIRE,$31.67,1440858057201,"90,127",100% bearish,of 1 rating,$37
ENDP,$78.7,1440858057233,"843,248",50% bullish,of 6 ratings,$104
ECYT,$5.28,1440858057378,"159,581",83% bullish,of 6 ratings,$12
ELGX,$13.04,1440858057414,"310,868",75% bullish,of 4 ratings,$17
EIGI,$15.55,1440858057443,"197,582",67% bearish,of 3 ratings,$22.50
WATT,$6.99,1440858057515,"124,032",50% bullish,of 2 ratings,$13
EFOI,$22,1440858057536,"907,367",50% bullish,of 2 ratings,$20.50
ERII,$2.69,1440858057622,"49,581",80% bullish,of 5 ratings,$2.50
EXXI,$1.83,1440858057664,"2,134,615",86% bullish,of 7 ratings,$3.50
ENG,$1,1440858057690,"10,728",100% bullish,of 3 ratings,N/A
ENOC,$9.35,1440858057756,"300,726",75% bullish,of 4 ratings,$18
ESGR,$146.02,1440858057856,"29,141",100% bearish,of 1 rating,$185
ENFC,$17.63,1440858057883,"14,896",Not yet rated,NULL,N/A
ENPH,$4.58,1440858057915,"408,795",75% bullish,of 4 ratings,$11
ENTG,$13.7,1440858057942,"498,237",100% bearish,of 1 rating,$18
ETRM,$0.27,1440858058015,"540,107",69% bearish,of 35 ratings,$1.625
ENTL,$22.19,1440858058104,"11,224",Not yet rated,NULL,$28
EBTC,$21.14,1440858058143,"4,216",Not yet rated,NULL,N/A
ENVI,$1.85,1440858058247,"22,541",67% bullish,of 3 ratings,N/A
EFSC,$23.84,1440858058287,"31,437",Not yet rated,NULL,$27
ENZN,$1.05,1440858058343,"191,259",100% bullish,of 9 ratings,N/A
EGT,$2.14,1440858058370,"13,092",100% bullish,of 1 rating,N/A
ENZY,$9.69,1440858058391,"20,091",67% bullish,of 3 ratings,$9.50
EPIQ,$12.94,1440858058528,"95,473",100% bearish,of 1 rating,$18
EPZM,$20.1,1440858058558,"274,818",60% bullish,of 5 ratings,$34
PLUS,$76.75,1440858058587,"44,219",50% bullish,of 2 ratings,$88
EPRS,$5.3,1440858058608,"65,326",82% bullish,of 11 ratings,$15
EQIX,$268.78,1440858058740,"317,195",75% bullish,of 4 ratings,$312.50
EAC,$3.37,1440858058767,"4,106",100% bearish,of 1 rating,$8
ERIC,$9.95,1440858058792,"1,517,001",67% bullish,of 9 ratings,$12.20
EQFN,NULL,1440858058817,0,100% bearish,of 1 rating,N/A
ERIE,$82.6965,1440858058950,"23,830",Not yet rated,NULL,$73
ESCR,$0.12,1440858059014,"313,269",50% bullish,of 2 ratings,N/A
ESCA,$18,1440858059039,"15,345",100% bearish,of 1 rating,$22
ESSA,$12.81,1440858059179,"2,219",100% bearish,of 1 rating,N/A
ESPR,$52.27,1440858059210,"597,174",70% bearish,of 10 ratings,$123
ESMC,$1.31,1440858059232,"1,148",Not yet rated,NULL,N/A
ESCRP,$1.15,1440858059252,"3,261",100% bearish,of 1 rating,N/A
EPIX,NULL,1440858059289,0,Not yet rated,NULL,N/A
ESND,$34.46,1440858059388,"110,118",100% bearish,of 2 ratings,$40
ETSY,$14.82,1440858059423,"411,302",80% bullish,of 5 ratings,$16
ESSX,$0.4461,1440858059517,"121,833",50% bullish,of 2 ratings,N/A
CLWT,NULL,1440858059545,0,100% bullish,of 1 rating,N/A
EEFT,$65.62,1440858059583,"156,788",100% bearish,of 1 rating,$67.50
ESEA,$5.37,1440858059648,"3,809",100% bullish,of 1 rating,$15
EVEP,$8.27,1440858059677,"378,682",50% bullish,of 2 ratings,$15
EVK,$3.75,1440858059702,267,75% bearish,of 4 ratings,N/A
EVOK,$3.75,1440858059851,"45,220",100% bearish,of 1 rating,$13.375
EVLV,$2.68,1440858059923,"224,794",60% bullish,of 5 ratings,$5.125
EVOL,$5.98,1440858059979,"4,531",75% bullish,of 4 ratings,$10
EXA,$11.19,1440858060009,"12,872",100% bearish,of 1 rating,$13
EXAS,$22.34,1440858060035,"466,825",78% bullish,of 9 ratings,$31
EXEL,$6.06,1440858060116,"3,042,838",81% bullish,of 16 ratings,$6
EXAC,$18.64,1440858060167,"19,525",100% bearish,of 1 rating,$22.50
EXFO,$2.74,1440858060192,"3,109",67% bearish,of 3 ratings,$3.95
EXPE,$116.5217,1440858060245,"591,733",64% bullish,of 11 ratings,$130
EXLS,$36.47,1440858060338,"100,676",50% bullish,of 2 ratings,$41
EXPO,$42.71,1440858060375,"77,752",100% bearish,of 1 rating,$45.50
ESRX,$84.46,1440858060438,"2,106,762",67% bearish,of 6 ratings,$101
EXPD,$49.66,1440858060568,"1,275,347",80% bullish,of 5 ratings,$52
EXTR,$2.85,1440858060622,"441,776",80% bullish,of 5 ratings,$3
EXLP,$20.8232,1440858060652,"166,876",100% bearish,of 1 rating,$25
EYEG,$3.63,1440858060727,"8,530",Not yet rated,NULL,N/A
EYEGW,NULL,1440858060759,0,Not yet rated,NULL,N/A
EZCH,$22.5819,1440858060792,"100,750",75% bullish,of 8 ratings,$19.50
FB,$90.997,1440858060862,"21,405,623",73% bullish,of 1070 ratings,$111
EZPW,$5.83,1440858060889,"233,828",50% bullish,of 4 ratings,$7.50
FFIV,$122.97,1440858060918,"535,549",63% bullish,of 8 ratings,$132
FWM,$2.25,1440858061106,"117,046",100% bearish,of 2 ratings,$3.20
FRP,$16.22,1440858061135,"95,097",100% bearish,of 1 rating,$18
FCS,$13.71,1440858061156,"593,435",67% bearish,of 3 ratings,$17
FALC,$1.76,1440858061178,"108,050",63% bearish,of 8 ratings,N/A
DAVE,$15.36,1440858061314,"17,244",100% bearish,of 1 rating,$15.50
FARM,$22.94,1440858061343,"20,353",100% bearish,of 1 rating,$35
FFKT,$25.89,1440858061409,"7,909",Not yet rated,NULL,$29
FMNB,$8.27,1440858061473,"9,733",Not yet rated,NULL,N/A
FAST,$38.69,1440858061502,"1,512,410",80% bullish,of 5 ratings,$45.50
FARO,$38.01,1440858061531,"102,628",50% bullish,of 2 ratings,$48
FATE,$7.21,1440858061562,"24,853",50% bullish,of 2 ratings,$11
FBSS,$15.29,1440858061588,200,Not yet rated,NULL,N/A
FBRC,$22.28,1440858061663,"11,421",100% bearish,of 1 rating,$29
FDML,$8.72,1440858061832,"236,899",50% bullish,of 4 ratings,$14
FEIC,$75.72,1440858061858,"219,243",50% bullish,of 2 ratings,$95.50
FHCO,$1.37,1440858061915,"24,116",50% bullish,of 4 ratings,N/A
FCSC,$5.74,1440858061987,"84,641",100% bearish,of 1 rating,$8.125
FENX,$9.97,1440858062046,"142,317",100% bullish,of 1 rating,$14.25
FGEN,$25,1440858062081,"155,438",100% bearish,of 1 rating,$39
FNHC,$21.79,1440858062102,"82,959",100% bearish,of 1 rating,$35
ONEQ,$189.9,1440858062172,"11,934",100% bullish,of 1 rating,N/A
FDUS,$14.64,1440858062203,"23,047",50% bullish,of 2 ratings,$18
LION,$19.23,1440858062230,"74,002",100% bullish,of 1 rating,$20
FRGI,$52.21,1440858062270,"105,363",50% bullish,of 2 ratings,$70
FSCFL,$24.65,1440858062528,"6,848",Not yet rated,NULL,N/A
FSC,$6.45,1440858062555,"607,315",60% bullish,of 5 ratings,$8
FSFR,$8.89,1440858062576,"67,547",100% bearish,of 1 rating,$11.50
FSAM,$8.19,1440858062597,"11,024",100% bearish,of 1 rating,$10.25
FITB,$19.97,1440858062731,"3,708,357",54% bullish,of 13 ratings,$22
FITBI,$27.525,1440858062769,"34,706",Not yet rated,NULL,N/A
FNGN,$33.23,1440858062895,"176,570",67% bullish,of 3 ratings,$47
FNTCU,NULL,1440858062922,0,Not yet rated,NULL,N/A
FNTC,NULL,1440858062943,0,Not yet rated,NULL,N/A
FNSR,$15.77,1440858062964,"515,888",71% bullish,of 7 ratings,$24.50
FISI,$24.52,1440858063013,"15,149",100% bullish,of 2 ratings,$24.50
FNJN,$1.9,1440858063034,"33,173",100% bearish,of 1 rating,$5
FNTCW,NULL,1440858063099,0,Not yet rated,NULL,N/A
FBNC,$16.95,1440858063125,"17,226",100% bullish,of 1 rating,$20
FNLC,$18.73,1440858063257,"10,936",100% bullish,of 1 rating,N/A
FEYE,$39.23,1440858063388,"2,069,894",87% bullish,of 15 ratings,$55.50
FRBA,$6.08,1440858063452,"1,488",Not yet rated,NULL,$8
FCVA,$4.61,1440858063583,351,Not yet rated,NULL,N/A
FCAP,$26.77,1440858063611,402,Not yet rated,NULL,N/A
BUSE,$6.36,1440858063638,"86,619",Not yet rated,NULL,$6.875
FBIZ,$44.1,1440858063663,"28,261",100% bearish,of 2 ratings,$52
FCFS,$39.83,1440858063693,"154,214",100% bearish,of 3 ratings,$48
FCNCA,$238.6,1440858063765,"15,051",Not yet rated,NULL,N/A
FCCO,$12,1440858063825,"2,065",Not yet rated,NULL,$13.25
FCFP,$6.94,1440858063859,"3,000",Not yet rated,NULL,N/A
FCBC,$17.49,1440858063957,"17,432",Not yet rated,NULL,$18
FCLF,$9.05,1440858063988,"1,666",Not yet rated,NULL,N/A
FBNK,$17.21,1440858064048,"22,827",100% bearish,of 1 rating,$17.50
FFNM,$6.19,1440858064089,"1,344",Not yet rated,NULL,N/A
FDEF,$37.44,1440858064119,"34,556",Not yet rated,NULL,$38
FFBCW,NULL,1440858064346,0,100% bearish,of 1 rating,N/A
FFBC,$18.28,1440858064372,"149,353",67% bearish,of 3 ratings,$20.25
FFIN,$30.67,1440858064411,"141,387",50% bullish,of 2 ratings,$31.75
INBK,$30.15,1440858064432,"10,430",50% bullish,of 2 ratings,$37
THFF,$32.94,1440858064463,"24,402",Not yet rated,NULL,$35
FFNW,$12.06,1440858064500,"10,423",Not yet rated,NULL,$14
FFWM,$21.37,1440858064528,"22,466",Not yet rated,NULL,$24
FIBK,$26.22,1440858064594,"81,866",Not yet rated,NULL,$32
FRME,$25.92,1440858064702,"130,285",Not yet rated,NULL,$26.50
FMBI,$17.43,1440858064735,"263,235",Not yet rated,NULL,$20
FMBH,NULL,1440858064761,0,Not yet rated,NULL,N/A
FNFG,$9.1568,1440858064841,"1,157,000",80% bullish,of 5 ratings,$9
FNBC,$34.63,1440858064873,"63,076",Not yet rated,NULL,$40
FNWB,$11.85,1440858064981,"10,217",Not yet rated,NULL,N/A
FSFG,$30.07,1440858065048,71,Not yet rated,NULL,N/A
FSGI,$2.47,1440858065117,"12,130",Not yet rated,NULL,N/A
FSLR,$47.8,1440858065150,"1,195,799",72% bullish,of 39 ratings,$65
FSBK,$7.82,1440858065173,"5,412",100% bullish,of 1 rating,N/A
BICK,$19.69,1440858065202,"1,428",100% bullish,of 1 rating,N/A
FBZ,$10.144,1440858065247,600,Not yet rated,NULL,N/A
FCAN,$24.6,1440858065334,"6,052",Not yet rated,NULL,N/A
FV,$23.71,1440858065532,"1,935,175",100% bearish,of 1 rating,N/A
FCA,$20.44,1440858065561,"2,300",Not yet rated,NULL,N/A
FTCS,$36.63,1440858065590,"18,232",100% bearish,of 1 rating,N/A
IFV,$17.88,1440858065615,"555,778",100% bearish,of 1 rating,N/A
FTSM,$59.85,1440858065640,"7,169",100% bearish,of 1 rating,N/A
FEMB,NULL,1440858065664,0,Not yet rated,NULL,N/A
FEUZ,$31.5,1440858065796,"1,405",Not yet rated,NULL,N/A
MDIV,$19.23,1440858065837,"128,525",Not yet rated,NULL,N/A
TDIV,$24.9,1440858065964,"74,537",100% bearish,of 1 rating,N/A
FTGC,$22.39,1440858065995,"76,491",Not yet rated,NULL,N/A
FTHI,$19.5399,1440858066022,640,Not yet rated,NULL,N/A
FHK,$33.3,1440858066047,"2,363",Not yet rated,NULL,N/A
FGM,$35.58,1440858066074,"2,324",Not yet rated,NULL,N/A
HYLS,$49.53,1440858066101,"35,104",100% bearish,of 1 rating,N/A
FPXI,$27.29,1440858066260,500,Not yet rated,NULL,N/A
PLTM,$6.38,1440858066421,"6,702",100% bearish,of 1 rating,N/A
YDIV,$16.5742,1440858066454,"3,515",Not yet rated,NULL,N/A
SKYY,$29.18,1440858066485,"46,046",100% bullish,of 1 rating,N/A
FJP,$47.81,1440858066535,"59,841",Not yet rated,NULL,N/A
FTLB,$19.3188,1440858066562,"3,260",100% bearish,of 1 rating,N/A
CU,$13.21,1440858066583,"7,015",100% bearish,of 1 rating,N/A
LMBS,$49.77,1440858066611,"5,298",Not yet rated,NULL,N/A
FMB,$51.23,1440858066740,415,Not yet rated,NULL,N/A
QABA,$37.18,1440858066784,"8,586",100% bearish,of 1 rating,N/A
QCLN,$15.18,1440858066919,"16,517",Not yet rated,NULL,N/A
CARZ,$35.05,1440858066949,"1,904",100% bearish,of 1 rating,N/A
CIBR,$18.04,1440858066970,"51,388",Not yet rated,NULL,N/A
FONE,$35.29,1440858066991,950,Not yet rated,NULL,N/A
GRID,$33.09,1440858067027,705,100% bearish,of 1 rating,N/A
RDVY,$21.17,1440858067123,"2,849",Not yet rated,NULL,N/A
QQXT,$40.74,1440858067263,"18,704",Not yet rated,NULL,N/A
QTEC,$40.33,1440858067299,"26,311",Not yet rated,NULL,N/A
FTSL,$48.74,1440858067365,"110,156",100% bearish,of 1 rating,N/A
AIRR,$16.4,1440858067393,"2,252",100% bearish,of 1 rating,N/A
QINC,$20.2999,1440858067422,663,Not yet rated,NULL,N/A
QQEW,$42.1,1440858067456,"52,287",Not yet rated,NULL,N/A
FKO,NULL,1440858067533,0,Not yet rated,NULL,N/A
FDIV,$46.09,1440858067558,302,100% bearish,of 1 rating,N/A
FSZ,$39.19,1440858067637,"3,866",Not yet rated,NULL,N/A
TUSA,$25.08,1440858067731,300,Not yet rated,NULL,N/A
FTW,$31.91,1440858067756,230,Not yet rated,NULL,N/A
FKU,$41.82,1440858067831,"5,183",Not yet rated,NULL,N/A
FUNC,$8.12,1440858067888,"2,091",Not yet rated,NULL,N/A
FMER,$17.81,1440858067914,"731,124",50% bullish,of 2 ratings,$20
SVVC,$9.43,1440858067935,"11,779",50% bullish,of 2 ratings,$26
FSV,$31.41,1440858068072,"12,183",Not yet rated,NULL,$33.60
FISV,$86.78,1440858068098,"802,788",100% bearish,of 3 ratings,$90
FIVE,$38.5,1440858068135,"860,602",75% bearish,of 4 ratings,$44
FIVN,$4.03,1440858068406,"81,303",100% bullish,of 1 rating,$8.50
FLML,$21.9746,1440858068434,"90,829",50% bullish,of 2 ratings,$30
FLKS,$12.41,1440858068455,"26,992",50% bullish,of 2 ratings,$27
FPRX,$19.37,1440858068477,"177,840",50% bullish,of 2 ratings,$35
FLXN,$25.29,1440858069080,"49,036",100% bearish,of 1 rating,$40
SKOR,$50.3,1440858069105,"2,349",Not yet rated,NULL,N/A
FLXS,$32.15,1440858069156,"13,502",100% bearish,of 2 ratings,N/A
MBSD,$25.02,1440858069262,"14,451",Not yet rated,NULL,N/A
FLEX,$10.6,1440858069331,"1,115,185",63% bullish,of 8 ratings,$12
FLDM,$11.7,1440858070203,"260,257",67% bearish,of 3 ratings,$15
FOMX,$10.18,1440858070245,"82,757",50% bullish,of 2 ratings,$23.50
FFIC,$19.73,1440858070275,"77,431",Not yet rated,NULL,$21
FONR,$9.7,1440858070301,"6,716",100% bullish,of 1 rating,N/A
FES,$0.9409,1440858070329,"94,182",50% bullish,of 2 ratings,$1
FOGO,$19.23,1440858070360,"34,672",50% bullish,of 2 ratings,$25.50
FLIR,$28.57,1440858070386,"1,032,100",100% bearish,of 1 rating,$38.50
FORM,$6.53,1440858070457,"253,899",67% bullish,of 3 ratings,$10.50
FTNT,$42.96,1440858070620,"603,333",80% bullish,of 10 ratings,$52
FORTY,$30.33,1440858070651,"1,000",100% bearish,of 1 rating,N/A
FBIO,$2.88,1440858070673,"79,815",83% bullish,of 6 ratings,N/A
FORR,$31.88,1440858070694,"18,396",Not yet rated,NULL,N/A
FWRD,$45.16,1440858070732,"186,984",100% bearish,of 1 rating,$50
FORD,$1.66,1440858070753,"1,753,015",67% bullish,of 3 ratings,N/A
FWP,$27.02,1440858070889,"15,503",100% bearish,of 1 rating,$45
FOSL,$61.6,1440858070966,"709,887",60% bearish,of 5 ratings,$80
FMI,$23.8,1440858070994,"312,031",100% bearish,of 2 ratings,$27.50
FRAN,$11.17,1440858071021,"366,392",50% bullish,of 4 ratings,$15
FOXF,$15.18,1440858071047,"24,155",100% bearish,of 1 rating,$19
FXCB,$17.02,1440858071068,"34,723",Not yet rated,NULL,$19
FRED,$13.06,1440858071217,"248,657",50% bullish,of 2 ratings,$16
FELE,$29.23,1440858071324,"216,658",50% bullish,of 4 ratings,$33
FRPT,$13.06,1440858071357,"298,368",67% bearish,of 3 ratings,$23.50
FEIM,$11,1440858071378,"3,049",100% bearish,of 1 rating,N/A
FREE,$0.378,1440858071420,"370,595",92% bullish,of 12 ratings,N/A
RAIL,$20.73,1440858071441,"70,803",100% bearish,of 1 rating,$24.50
FTR,$5.08,1440858071477,"11,162,934",78% bullish,of 27 ratings,$6.25
FTRPR,$100.8,1440858071506,"53,474",100% bearish,of 1 rating,N/A
FRPH,$31.17,1440858071575,"5,010",100% bearish,of 1 rating,N/A
FSBW,$23.2,1440858071710,991,Not yet rated,NULL,N/A
FTD,$29.27,1440858071814,"102,153",100% bearish,of 1 rating,$40
FTEK,$2.04,1440858071944,"51,368",75% bullish,of 4 ratings,N/A
FULL,$3.1,1440858071970,"30,227",67% bearish,of 3 ratings,$4.25
FCEL,$0.8,1440858071991,"1,501,071",88% bullish,of 41 ratings,$2.65
FSYS,$6.63,1440858072030,"30,772",67% bullish,of 3 ratings,$10
FLL,$1.51,1440858072062,"10,264",75% bullish,of 4 ratings,$3.50
FULLL,$24.9101,1440858072127,200,Not yet rated,NULL,N/A
FXEN,$0.87,1440858072153,"69,159",75% bullish,of 4 ratings,$1.10
FULT,$12.08,1440858072182,"624,848",100% bearish,of 1 rating,$13
FSNN,$2.18,1440858072317,"1,562",67% bullish,of 3 ratings,$6
FXENP,$15.76,1440858072348,"1,000",100% bearish,of 1 rating,N/A
FFHL,$1.05,1440858072369,"18,397",50% bullish,of 4 ratings,N/A
GK,$67.55,1440858072390,"59,942",Not yet rated,NULL,$78
GAIA,$5.9,1440858072520,"7,898",50% bullish,of 2 ratings,$8.50
WILC,$4.97,1440858072549,"6,120",100% bullish,of 2 ratings,N/A
GLPG,$60.49,1440858072654,"13,297",100% bullish,of 1 rating,$75
GALT,$1.96,1440858072684,"30,257",80% bullish,of 5 ratings,N/A
GALTU,NULL,1440858072709,0,100% bearish,of 1 rating,N/A
GALTW,NULL,1440858072738,0,100% bullish,of 1 rating,N/A
GALE,$1.5,1440858072845,"789,696",89% bullish,of 47 ratings,$4
GPIC,$9.64,1440858072982,710,100% bearish,of 1 rating,N/A
GLMD,$8.81,1440858073044,"11,506",67% bullish,of 3 ratings,$20.50
GRMN,$37.99,1440858073065,"966,815",50% bullish,of 6 ratings,$46.50
GLPI,$31.5863,1440858073097,"324,483",100% bearish,of 1 rating,$37.50
GGAC,$9.89,1440858073118,"10,419",100% bearish,of 1 rating,N/A
GGACR,$0.3,1440858073155,"49,683",100% bullish,of 1 rating,N/A
GGACW,$0.14,1440858073175,"11,300",Not yet rated,NULL,N/A
GGACU,$10.27,1440858073304,"22,044",Not yet rated,NULL,N/A
GARS,$14.21,1440858073355,"22,022",Not yet rated,NULL,$16
GNCMA,$16.99,1440858073393,"119,943",100% bearish,of 1 rating,$12
GENC,$9.16,1440858073418,"11,573",100% bearish,of 1 rating,N/A
GFN,$3.95,1440858073603,"17,699",100% bearish,of 2 ratings,$8
GFNCP,$93.89,1440858073637,350,Not yet rated,NULL,N/A
GENE,$2.29,1440858073667,"182,762",100% bullish,of 12 ratings,N/A
GFNSL,$25.6,1440858073693,700,Not yet rated,NULL,N/A
GNCA,$12.21,1440858073732,"103,358",100% bearish,of 1 rating,$20
GHDX,$27.75,1440858073765,"193,234",50% bullish,of 2 ratings,$30
GNMK,$10.02,1440858073793,"195,594",67% bullish,of 6 ratings,$14
GNTX,$15.53,1440858073865,"1,032,543",Not yet rated,NULL,$20
THRM,$46.44,1440858073938,"366,550",75% bearish,of 4 ratings,$55.50
GNVC,$2.51,1440858074008,"10,917",90% bullish,of 10 ratings,$8.50
GEOS,$16.71,1440858074094,"121,126",100% bearish,of 3 ratings,$21
GTWN,NULL,1440858074123,0,Not yet rated,NULL,N/A
GERN,$3.23,1440858074186,"1,137,894",88% bullish,of 16 ratings,$5.25
GEVO,$2.33,1440858074225,"332,274",75% bullish,of 12 ratings,$5
GABC,$29,1440858074277,"15,081",Not yet rated,NULL,$31
ROCK,$16.51,1440858074304,"136,353",80% bullish,of 5 ratings,$24
GIGA,$1.42,1440858074433,"2,675",100% bearish,of 1 rating,N/A
GIGM,$0.5201,1440858074508,"76,762",100% bullish,of 2 ratings,N/A
GIII,$68.14,1440858074539,"175,109",67% bullish,of 3 ratings,$75
GILT,$4.3001,1440858074572,"1,700",50% bullish,of 2 ratings,N/A
GILD,$107.7,1440858074601,"5,969,671",91% bullish,of 87 ratings,$129
GBCI,$25.66,1440858074634,"245,507",50% bullish,of 2 ratings,$31
GLAD,$8.8,1440858074730,"171,130",50% bullish,of 2 ratings,$8.75
GLADO,$25.59,1440858074758,"1,700",Not yet rated,NULL,N/A
GOOD,$14.64,1440858074828,"72,029",Not yet rated,NULL,$19
GOODO,$25,1440858074959,30,Not yet rated,NULL,N/A
GAIN,$7.47,1440858074988,"107,125",100% bullish,of 2 ratings,$8.25
GOODN,$25.407,1440858075009,400,Not yet rated,NULL,N/A
GOODP,NULL,1440858075042,0,Not yet rated,NULL,N/A
GAINN,$25.01,1440858075138,"56,593",Not yet rated,NULL,N/A
GAINP,$25.9,1440858075170,620,Not yet rated,NULL,N/A
GAINO,$25.1728,1440858075229,490,Not yet rated,NULL,N/A
LAND,$9.16,1440858075304,"48,601",50% bullish,of 2 ratings,$13.75
GBT,$44,1440858075365,"73,758",100% bearish,of 1 rating,N/A
GLBZ,NULL,1440858075402,0,Not yet rated,NULL,N/A
GDEF,$10.53,1440858075464,600,Not yet rated,NULL,N/A
ENT,$11.77,1440858075493,"71,245",100% bearish,of 1 rating,$18
GBLI,$26.99,1440858075523,"11,669",Not yet rated,NULL,N/A
GSOL,$8.0275,1440858075625,"18,239",100% bearish,of 1 rating,N/A
GPACU,NULL,1440858075691,0,Not yet rated,NULL,N/A
ACTX,NULL,1440858075720,0,100% bullish,of 1 rating,N/A
QQQC,$19.67,1440858075817,"3,061",100% bearish,of 1 rating,N/A
ALTY,$14.44,1440858075846,600,Not yet rated,NULL,N/A
SOCL,$17.82,1440858075874,"24,218",100% bullish,of 2 ratings,N/A
SRET,$13.25,1440858075945,"1,014",Not yet rated,NULL,N/A
YLCO,$11.95,1440858076045,"1,396",Not yet rated,NULL,N/A
GAI,$5.9,1440858076140,"1,400",50% bullish,of 2 ratings,N/A
GSM,$13.47,1440858076171,"403,698",50% bullish,of 2 ratings,$22
GLBS,NULL,1440858076198,0,67% bullish,of 3 ratings,N/A
GLRI,$1.01,1440858076278,"23,180",100% bearish,of 1 rating,$4.25
GBIM,$2.29,1440858076329,"19,199",50% bullish,of 2 ratings,N/A
GLYC,$7.05,1440858076354,"16,674",50% bullish,of 2 ratings,$14
GLUU,$4.53,1440858076411,"786,373",92% bullish,of 26 ratings,$9
GOGO,$15.67,1440858076441,"431,299",80% bullish,of 5 ratings,$25
GMLP,$18.86,1440858076543,"223,814",50% bullish,of 4 ratings,$32.50
GLNG,$38.2739,1440858076580,"963,948",83% bullish,of 6 ratings,$58
GDEN,$8.96,1440858076675,"13,852",50% bullish,of 2 ratings,N/A
GLDC,$4,1440858076707,"5,513",50% bullish,of 2 ratings,N/A
GBDC,$16.66,1440858076749,"111,261",Not yet rated,NULL,$17.75
GTIM,$7.03,1440858076776,"31,867",Not yet rated,NULL,$11.50
GOGL,$3.14,1440858076796,"220,227",75% bullish,of 4 ratings,$5
GOOG,$632.69,1440858076949,"1,043,468",89% bullish,of 70 ratings,$825
GOOGL,$659.9999,1440858076980,"1,027,271",88% bullish,of 1082 ratings,$749
GPRO,$48.18,1440858077050,"3,256,396",78% bullish,of 58 ratings,$72
GMAN,$3.73,1440858077109,"210,604",60% bullish,of 5 ratings,$8.50
GPIA,$9.84,1440858077135,190,Not yet rated,NULL,N/A
GPIAW,NULL,1440858077160,0,Not yet rated,NULL,N/A
GPIAU,NULL,1440858077187,0,Not yet rated,NULL,N/A
LOPE,$37.48,1440858077321,"89,001",100% bearish,of 2 ratings,$50
GBSNU,NULL,1440858077487,0,NULL,NULL,NULL
GRVY,$3.16,1440858077516,125,50% bullish,of 2 ratings,N/A
GSBC,$39.87,1440858077537,"19,620",100% bullish,of 1 rating,$44
GRBK,$11.95,1440858077572,"113,049",77% bullish,of 13 ratings,N/A
GBSN,$0.38,1440858077595,"4,057,047",50% bullish,of 2 ratings,$8.25
GLDD,$5.42,1440858077615,"86,319",100% bearish,of 4 ratings,$7.75
GNBC,$11.86,1440858077649,"12,906",100% bearish,of 1 rating,$16.50
GPP,$13.7,1440858077836,"33,561",Not yet rated,NULL,$20.50
GPRE,$20.55,1440858077870,"1,091,427",67% bullish,of 6 ratings,$28.50
GCBC,NULL,1440858077891,0,100% bullish,of 1 rating,N/A
GLRE,$24.99,1440858077925,"161,684",50% bullish,of 2 ratings,$41
GRIF,$32.61,1440858077970,308,100% bearish,of 1 rating,N/A
GRFS,$30.5748,1440858078033,"206,103",50% bullish,of 2 ratings,$35
OMAB,$40.81,1440858078180,"12,578",100% bullish,of 1 rating,$44
GGAL,$19.4858,1440858078210,"118,461",80% bullish,of 5 ratings,$40
GSIT,$4.62,1440858078231,"8,389",100% bearish,of 1 rating,N/A
GSIG,$12.99,1440858078294,"26,470",100% bearish,of 2 ratings,N/A
GRPN,$4.6,1440858078321,"5,953,989",61% bullish,of 71 ratings,$6.75
GTXI,$0.874,1440858078363,"20,930",100% bullish,of 5 ratings,$.75
GSVC,$8.72,1440858078425,"82,010",50% bullish,of 2 ratings,$14.50
GBNK,$15.79,1440858078467,"18,291",100% bearish,of 1 rating,$18
GFED,$14.67,1440858078528,779,Not yet rated,NULL,$17
GUID,$7.28,1440858078596,"42,026",100% bearish,of 3 ratings,$10
GURE,$1.67,1440858078823,"85,776",88% bullish,of 8 ratings,N/A
GPOR,$35.04,1440858078851,"1,494,164",75% bullish,of 4 ratings,$55
GWGH,$7.74,1440858078884,"1,171",100% bearish,of 1 rating,$15.05
GWPH,$109.33,1440858078906,"112,738",78% bullish,of 9 ratings,$148.50
GYRO,$2.84,1440858078936,"6,150",100% bearish,of 1 rating,N/A
GIFI,$12.46,1440858078957,"46,325",100% bearish,of 1 rating,$16
GULTU,$0.3001,1440858078990,"1,330,535",100% bearish,of 1 rating,N/A
HLG,$9.5,1440858079086,"2,247",100% bearish,of 1 rating,N/A
HNRG,$7.69,1440858079167,"67,708",100% bearish,of 1 rating,$10
HALL,$11.41,1440858079256,"17,778",Not yet rated,NULL,N/A
HEES,$18.69,1440858079281,"314,064",67% bearish,of 3 ratings,$31
HALO,$18.41,1440858079313,"771,518",67% bullish,of 3 ratings,$22.50
HBK,$13.67,1440858079417,713,50% bullish,of 2 ratings,N/A
HBHCL,$24.39,1440858079806,"26,203",Not yet rated,NULL,N/A
HMPR,$1.87,1440858079837,"27,659",100% bullish,of 1 rating,N/A
HBHC,$27.4,1440858079973,"558,474",50% bullish,of 2 ratings,$30
HNH,$25.45,1440858080048,"17,110",100% bullish,of 1 rating,N/A
HLIT,$5.79,1440858080114,"246,263",100% bearish,of 1 rating,$6.50
HQCL,$12.9,1440858080141,"30,828",67% bullish,of 3 ratings,$14
HNSN,$0.56,1440858080162,"56,801",88% bullish,of 8 ratings,$.40
HDNG,$10.04,1440858080298,"11,625",50% bullish,of 4 ratings,N/A
HAFC,$23.98,1440858080323,"109,880",100% bullish,of 2 ratings,$28.50
HRMNU,NULL,1440858080900,0,Not yet rated,NULL,N/A
HRMN,NULL,1440858080968,0,Not yet rated,NULL,N/A
HART,$1.04,1440858081053,"103,690",100% bearish,of 1 rating,N/A
HRMNW,NULL,1440858081082,0,Not yet rated,NULL,N/A
HBIO,$4.28,1440858081103,"35,954",100% bearish,of 1 rating,$10
TINY,$2.48,1440858081135,"19,385",50% bullish,of 2 ratings,$5.26
HCAP,$12.15,1440858081235,"4,513",50% bullish,of 2 ratings,$15
HCAPL,$25.7399,1440858081373,400,Not yet rated,NULL,N/A
HAS,$75.51,1440858081405,"715,928",63% bullish,of 8 ratings,$84.50
HA,$22.91,1440858081435,"540,918",67% bullish,of 9 ratings,$27
HCOM,$21.82,1440858081465,"31,985",100% bearish,of 1 rating,$28
HWBK,$13.24,1440858081510,100,100% bearish,of 1 rating,N/A
HWKN,$37.33,1440858081536,"28,446",Not yet rated,NULL,N/A
HAYN,$38.31,1440858081563,"42,900",100% bearish,of 1 rating,$59
HDS,$33.233,1440858081754,"1,196,925",100% bearish,of 2 ratings,$39.50
HCSG,$33.32,1440858081785,"191,852",50% bullish,of 4 ratings,$35
HQY,$29.51,1440858081814,"115,451",67% bullish,of 3 ratings,$32
HIIQ,$5.17,1440858081843,"32,371",50% bullish,of 2 ratings,$7
HSTM,$25.36,1440858081886,"85,370",50% bullish,of 2 ratings,$33.75
HTLD,$20.55,1440858081948,"341,001",Not yet rated,NULL,$22.50
HWAY,$11.95,1440858081978,"278,697",100% bearish,of 1 rating,$15
HTLF,$35.88,1440858082123,"18,551",100% bullish,of 1 rating,$39.50
HTWR,$86.25,1440858082155,"147,034",50% bullish,of 2 ratings,$103
HTBX,$5.16,1440858082183,"3,070",50% bullish,of 2 ratings,$15.50
HSII,$19.62,1440858082209,"52,553",100% bullish,of 3 ratings,$25
HELE,$85.56,1440858082290,"103,241",67% bearish,of 3 ratings,$100
HMNY,$2.19,1440858082348,300,100% bearish,of 1 rating,N/A
HMTV,$13.72,1440858082454,"12,932",100% bearish,of 1 rating,$16
HERO,NULL,1440858082479,0,NULL,NULL,NULL
HCACU,$9.98,1440858082508,"100,000",Not yet rated,NULL,N/A
HNNA,$24.865,1440858082568,"10,548",Not yet rated,NULL,N/A
HTBK,$10.63,1440858082609,"33,812",Not yet rated,NULL,$12
HSIC,$139.4,1440858082634,"342,416",83% bullish,of 6 ratings,$146
HFWA,$17.59,1440858082663,"71,544",100% bullish,of 1 rating,$20
MLHR,$26.99,1440858082866,"310,038",50% bullish,of 2 ratings,$33.50
HCCI,$11.25,1440858082900,"42,055",100% bearish,of 1 rating,$16.50
HEOP,$7.66,1440858082921,"15,820",Not yet rated,NULL,$8.50
HRTX,$35.46,1440858082999,"219,447",67% bullish,of 6 ratings,$41
HSKA,$33.74,1440858083053,"20,659",100% bearish,of 1 rating,$38
HIBB,$38.87,1440858083081,"223,423",100% bearish,of 1 rating,$46.50
HFFC,$15.77,1440858083131,"5,478",Not yet rated,NULL,N/A
HIMX,$6.906,1440858083263,"915,996",86% bullish,of 21 ratings,$8.50
HIHO,$3.81,1440858083290,"6,096",Not yet rated,NULL,N/A
HPJ,$2.21,1440858083312,"29,621",75% bullish,of 4 ratings,$12.43
HIFS,$115.91,1440858083350,"1,151",Not yet rated,NULL,N/A
HMNF,$11.32,1440858083447,"2,016",Not yet rated,NULL,N/A
HSGX,$6.05,1440858083514,"3,574",100% bearish,of 1 rating,$17
HMSY,$10.47,1440858083547,"809,768",67% bullish,of 3 ratings,$19.35
HOLX,$39.76,1440858083647,"1,449,945",67% bullish,of 3 ratings,$42
HOLI,$17.78,1440858083673,"94,603",50% bullish,of 4 ratings,$27
HBCP,$24.71,1440858083802,"2,436",Not yet rated,NULL,$29
HOMB,$37.97,1440858083832,"222,036",Not yet rated,NULL,$42
HFBL,$21.62,1440858083887,536,Not yet rated,NULL,N/A
AWAY,$29.19,1440858083917,"431,994",67% bullish,of 3 ratings,$36
HMST,$21.84,1440858083950,"74,855",100% bullish,of 2 ratings,$27
HTBI,$18.18,1440858084051,"26,626",67% bullish,of 3 ratings,$18.625
HMIN,$26.7,1440858084072,"59,584",100% bearish,of 2 ratings,$35
HKTV,$4.76,1440858084152,200,100% bearish,of 1 rating,N/A
CETC,$0.76,1440858084203,"165,443",86% bullish,of 7 ratings,N/A
HFBC,$11.22,1440858084229,"3,150",Not yet rated,NULL,N/A
HOFT,$23.78,1440858084283,"18,879",100% bearish,of 1 rating,N/A
HBNC,$23.57,1440858084366,"12,027",100% bullish,of 1 rating,$27
HZNP,$30.48,1440858084397,"1,069,487",85% bullish,of 20 ratings,$40
HRZN,$10.33,1440858084502,"33,944",50% bullish,of 2 ratings,$14.25
HDP,$24.18,1440858084564,"194,225",67% bearish,of 3 ratings,$30.50
ZINC,$7.85,1440858084610,"597,280",100% bearish,of 1 rating,$17
HMHC,$22.7,1440858084664,"467,940",Not yet rated,NULL,$27
HWCC,$7.5,1440858084690,"82,097",100% bearish,of 1 rating,$9
HBMD,$14.24,1440858084744,809,100% bearish,of 1 rating,N/A
HOVNP,$4.54,1440858084770,"1,000",100% bearish,of 1 rating,N/A
HTGM,$5.69,1440858084902,"4,024",100% bearish,of 1 rating,$19.50
HSNI,$62.38,1440858084958,"170,632",Not yet rated,NULL,$80
HUBG,$37.06,1440858084989,"387,683",100% bearish,of 1 rating,$43
HSON,$2.55,1440858085066,"22,082",100% bearish,of 1 rating,$5
HCBK,$9.36,1440858085093,"1,263,712",83% bullish,of 6 ratings,$8.61
HDSN,$3.11,1440858085118,"27,087",100% bullish,of 1 rating,$6.25
HBAN,$10.91,1440858085171,"5,203,375",76% bullish,of 17 ratings,$12.29
HBANP,NULL,1440858085303,0,100% bearish,of 1 rating,N/A
HURC,$30.35,1440858085352,"11,794",100% bearish,of 1 rating,N/A
HTCH,$1.56,1440858085451,"94,983",100% bearish,of 1 rating,$3.50
HURN,$73.36,1440858085479,"75,680",50% bullish,of 2 ratings,$80
HDRA,NULL,1440858085519,0,Not yet rated,NULL,N/A
HDRAR,NULL,1440858085545,0,Not yet rated,NULL,N/A
HBP,$3.11,1440858085566,"3,775",100% bullish,of 1 rating,N/A
HDRAW,NULL,1440858085616,0,Not yet rated,NULL,N/A
HDRAU,NULL,1440858085698,0,Not yet rated,NULL,N/A
HYGS,$9.55,1440858085834,"29,871",50% bullish,of 2 ratings,$13
IACI,$71.44,1440858085878,"445,254",75% bullish,of 4 ratings,$90
IDSY,$3.91,1440858085903,"6,108",100% bearish,of 1 rating,$7
IKGH,$1.8,1440858085937,"10,231",75% bullish,of 4 ratings,N/A
IBKC,$60.36,1440858085975,"111,938",100% bullish,of 1 rating,$70
IEP,$74.24,1440858086115,"59,662",75% bullish,of 4 ratings,$99
ICLR,$77.9507,1440858086206,"266,641",100% bearish,of 3 ratings,$85
ICAD,$3.9,1440858086258,"83,344",100% bullish,of 2 ratings,$7.25
ICFI,$34.04,1440858086293,"48,356",50% bullish,of 2 ratings,$48.50
ICON,$13.52,1440858086315,"466,663",50% bullish,of 2 ratings,$18.50
IPWR,$7.28,1440858086393,"4,444",100% bullish,of 1 rating,$15
INVE,$4.4,1440858086425,"78,490",75% bullish,of 4 ratings,$4
ICUI,$113.92,1440858086450,"46,176",Not yet rated,NULL,$122
IDRA,$2.94,1440858086526,"601,938",89% bullish,of 9 ratings,$6.50
IDXX,$73.21,1440858086658,"346,348",100% bearish,of 1 rating,$77
DSKY,$10.9914,1440858086736,"128,718",67% bullish,of 6 ratings,$11.50
IROQ,$16.7,1440858086805,300,100% bullish,of 1 rating,N/A
IIVI,$16.89,1440858086832,"155,141",100% bearish,of 1 rating,$22
KANG,$15.8182,1440858086864,"226,303",50% bullish,of 2 ratings,$22.55
IRG,$4.78,1440858086899,"23,310",100% bearish,of 1 rating,$4.25
RXDX,$13.82,1440858086920,"155,513",100% bullish,of 1 rating,$20
IKAN,$2.72,1440858086995,"4,738",83% bullish,of 6 ratings,$5
ILMN,$201.49,1440858087217,"782,267",80% bullish,of 5 ratings,$245
IKNX,NULL,1440858087241,0,100% bearish,of 1 rating,N/A
ISNS,$4,1440858087262,"15,572",50% bullish,of 2 ratings,N/A
ICCC,$7.21,1440858087290,"13,479",100% bullish,of 1 rating,N/A
IMMR,$11.81,1440858087330,"72,756",80% bullish,of 5 ratings,$15.50
IMNP,$1.36,1440858087352,"30,681",50% bullish,of 2 ratings,$6
IMDZ,$16.61,1440858087431,"27,500",100% bearish,of 1 rating,$33
IPXL,$42.4,1440858087644,"457,825",67% bullish,of 3 ratings,$46.50
IMMY,$7.69,1440858087670,"4,471",100% bearish,of 1 rating,$11
IMMU,$2.16,1440858087702,"704,998",86% bullish,of 7 ratings,$2
IMGN,$14.28,1440858087723,"955,380",75% bullish,of 4 ratings,$17.50
SAAS,$7.64,1440858087800,"242,260",50% bullish,of 2 ratings,$15
INCR,$42.01,1440858087858,"221,716",50% bullish,of 2 ratings,$53
INCY,$120.44,1440858088006,"1,092,792",50% bullish,of 6 ratings,$125.50
IBTX,$41.49,1440858088034,"14,876",100% bullish,of 2 ratings,$47.25
IBCP,$14.16,1440858088063,"93,148",100% bullish,of 1 rating,$14.50
INDB,$44.5,1440858088084,"202,363",Not yet rated,NULL,$44
IDSA,$3.6,1440858088106,"2,730",Not yet rated,NULL,N/A
INFN,$22.29,1440858088234,"1,022,680",71% bullish,of 7 ratings,$28
IPCC,$77.31,1440858088264,"22,807",Not yet rated,NULL,$77.50
INFI,$9.28,1440858088290,"337,361",50% bullish,of 4 ratings,$18
III,$3.89,1440858088363,"95,856",57% bullish,of 7 ratings,$6
IFON,$1.21,1440858088495,"24,493",75% bullish,of 4 ratings,N/A
INNL,$12.78,1440858088661,"1,348",100% bearish,of 1 rating,$16.50
INOD,$2.38,1440858088691,"4,694",100% bearish,of 1 rating,N/A
ISSC,$2.78,1440858088720,"4,200",67% bearish,of 3 ratings,N/A
INWK,$7.09,1440858088742,"56,331",50% bullish,of 2 ratings,$10
IOSP,$48.17,1440858088763,"185,737",100% bearish,of 1 rating,N/A
IMKTA,$50.28,1440858088800,"51,886",100% bearish,of 1 rating,N/A
IPHS,$48.24,1440858088821,"75,518",100% bearish,of 1 rating,$60
INOV,$21.73,1440858089013,"735,420",100% bearish,of 1 rating,$33
INGN,$49.78,1440858089038,"219,266",100% bearish,of 1 rating,$50.50
ITEK,$12.15,1440858089068,"249,011",100% bearish,of 3 ratings,$20
NSIT,$25.8,1440858089098,"111,626",50% bullish,of 2 ratings,N/A
INO,$7.75,1440858089168,"1,636,416",89% bullish,of 18 ratings,$20
ISIG,$2.71,1440858089194,"10,879",100% bearish,of 1 rating,N/A
INSM,$25.69,1440858089322,"271,347",71% bullish,of 7 ratings,$31.50
PODD,$29.71,1440858089383,"209,947",67% bearish,of 3 ratings,$35
NTEC,$5.75,1440858089409,"8,105",100% bearish,of 1 rating,N/A
IIIN,$17.07,1440858089451,"16,380",100% bearish,of 2 ratings,N/A
INSY,$33.83,1440858089478,"270,702",75% bullish,of 4 ratings,$48
IDTI,$19.09,1440858089499,"1,457,438",60% bullish,of 5 ratings,$25
IART,$60.79,1440858089537,"177,967",100% bearish,of 2 ratings,$71.50
IESC,$7.02,1440858089645,"2,580",100% bearish,of 1 rating,N/A
ISSI,$21.94,1440858089721,"133,663",67% bullish,of 3 ratings,$19.75
IQNT,$18.59,1440858089786,"151,264",86% bullish,of 7 ratings,$20
INTC,$28.41,1440858089821,"25,692,266",82% bullish,of 238 ratings,$36
IPCI,$2.31,1440858089889,"76,615",67% bullish,of 6 ratings,$8
IPAR,$25.63,1440858089914,"79,920",67% bullish,of 3 ratings,$38
IBKR,$40.2881,1440858090070,"605,394",100% bullish,of 1 rating,N/A
ICPT,$189.4643,1440858090101,"96,157",70% bullish,of 10 ratings,$359.50
ININ,$36.15,1440858090122,"85,150",67% bearish,of 3 ratings,$57
ICLD,$1.85,1440858090156,"103,348",75% bullish,of 4 ratings,N/A
IDCC,$48,1440858090202,"175,555",80% bullish,of 5 ratings,$63
INAP,$8.05,1440858090256,"239,819",75% bullish,of 4 ratings,$11
ICLDW,NULL,1440858090282,0,100% bearish,of 1 rating,N/A
TILE,$23.94,1440858090574,"431,058",100% bearish,of 3 ratings,$27
IMI,$2.13,1440858090601,"10,493",67% bullish,of 3 ratings,$2.22
IBOC,$25.15,1440858090943,"154,160",100% bearish,of 1 rating,N/A
ISCA,$31.97,1440858091076,"101,605",100% bearish,of 1 rating,N/A
IGLD,$6.97,1440858091207,400,50% bullish,of 2 ratings,N/A
PTNT,$2.91,1440858091256,"2,723",Not yet rated,NULL,N/A
XENT,$25.35,1440858091288,"141,556",50% bullish,of 2 ratings,$36.50
INPH,$0.32,1440858091309,"162,928",50% bullish,of 2 ratings,N/A
INTX,$2.03,1440858091339,"97,223",67% bullish,of 3 ratings,N/A
IIJI,$10,1440858091370,40,50% bullish,of 2 ratings,$11.50
ISIL,$10.61,1440858091395,"483,071",50% bullish,of 6 ratings,$15
IILG,$19.97,1440858091473,"103,268",100% bearish,of 1 rating,$29
ITCI,$26.96,1440858091601,"275,633",75% bearish,of 4 ratings,$40
INTL,$25.81,1440858091630,"62,769",67% bearish,of 3 ratings,N/A
IVAC,$4.86,1440858091651,"23,655",100% bearish,of 1 rating,$6.625
INTLL,$26.09,1440858091686,850,Not yet rated,NULL,N/A
INTU,$86.21,1440858091713,"1,895,063",86% bullish,of 7 ratings,$107.50
IIN,$6.39,1440858091734,"2,100",100% bearish,of 1 rating,$12
ISRG,$514.24,1440858091999,"95,903",67% bullish,of 3 ratings,$600
INVT,$0.303,1440858092025,"213,959",67% bullish,of 3 ratings,N/A
ISTR,$15.6,1440858092057,841,100% bearish,of 1 rating,$18.50
ISBC,$11.75,1440858092188,"972,204",100% bullish,of 1 rating,$13.25
ITIC,$71.15,1440858092219,"1,300",100% bearish,of 2 ratings,N/A
SNAK,$8.68,1440858092240,"102,749",50% bullish,of 2 ratings,$14
IPAS,$1.09,1440858092271,"49,183",67% bullish,of 3 ratings,N/A
IVTY,$14.61,1440858092326,"17,056",Not yet rated,NULL,$18
DTUL,NULL,1440858092435,0,Not yet rated,NULL,N/A
NVIV,$9.66,1440858092461,"133,271",50% bullish,of 4 ratings,$24.50
IPCM,$79.44,1440858092593,"119,808",50% bullish,of 2 ratings,$80.125
IPGP,$85.88,1440858092623,"250,042",100% bearish,of 2 ratings,$109.50
DFVL,NULL,1440858092643,0,Not yet rated,NULL,N/A
IRMD,$25.04,1440858092686,"11,245",67% bearish,of 3 ratings,$25
IRDM,$7.18,1440858092781,"400,499",60% bullish,of 5 ratings,$11.50
IRIX,$6.89,1440858092807,"7,546",100% bearish,of 1 rating,N/A
IRBT,$29.29,1440858092939,"166,490",67% bullish,of 6 ratings,$37
IRDMB,$279.5,1440858092971,320,67% bearish,of 3 ratings,N/A
IRCP,NULL,1440858093072,0,100% bullish,of 2 ratings,N/A
COMT,$33.62,1440858093099,"23,140",100% bearish,of 1 rating,N/A
FCHI,NULL,1440858093129,0,NULL,NULL,NULL
IRWD,$11.27,1440858093150,"1,082,384",100% bearish,of 1 rating,$13
GNMA,$50.32,1440858093183,"3,187",Not yet rated,NULL,N/A
IFAS,NULL,1440858093227,0,NULL,NULL,NULL
IFEU,$37.74,1440858093317,"4,879",Not yet rated,NULL,N/A
IFGL,$28.61,1440858093344,"191,698",Not yet rated,NULL,N/A
IFNA,NULL,1440858093367,0,NULL,NULL,NULL
ACWX,$41.04,1440858093512,"692,879",100% bearish,of 1 rating,N/A
AAXJ,$53.8559,1440858093569,"3,183,887",Not yet rated,NULL,N/A
ACWI,$56.3,1440858093594,"1,578,362",Not yet rated,NULL,N/A
AXJS,NULL,1440858093637,0,NULL,NULL,NULL
AAIT,NULL,1440858093659,0,NULL,NULL,NULL
EEMA,$50.47,1440858093736,"37,087",Not yet rated,NULL,N/A
EMDI,NULL,1440858093831,0,NULL,NULL,NULL
EMEY,NULL,1440858093854,0,NULL,NULL,NULL
EGRW,NULL,1440858093885,0,NULL,NULL,NULL
EVAL,NULL,1440858093932,0,NULL,NULL,NULL
EEML,$27.61,1440858093991,"9,700",Not yet rated,NULL,N/A
EEME,NULL,1440858094014,0,NULL,NULL,NULL
EUFN,$21.85,1440858094154,"73,493",100% bearish,of 1 rating,N/A
IEUS,$45.4,1440858094194,"5,456",100% bearish,of 1 rating,N/A
UAE,$18.63,1440858094254,"11,900",Not yet rated,NULL,N/A
QAT,$21.6,1440858094278,600,Not yet rated,NULL,N/A
IBB,$353.28,1440858094338,"853,689",63% bullish,of 8 ratings,N/A
EMIF,$28.87,1440858094423,"8,923",Not yet rated,NULL,N/A
SOXX,$83.25,1440858094484,"380,264",50% bullish,of 2 ratings,N/A
ICLN,$9.6,1440858094548,"14,518",50% bullish,of 2 ratings,N/A
INDY,$27.63,1440858094614,"140,732",50% bullish,of 2 ratings,N/A
WOOD,$48.3,1440858094645,"23,260",50% bullish,of 2 ratings,N/A
ISHG,$79.35,1440858094671,"9,098",100% bearish,of 1 rating,N/A
IGOV,$90.85,1440858094701,"16,643",100% bearish,of 1 rating,N/A
ISLE,$17.63,1440858094800,"140,146",50% bullish,of 4 ratings,$16
ISIS,$51.5999,1440858094830,"782,005",53% bullish,of 15 ratings,$67
ITRI,$30.03,1440858095020,"194,687",100% bearish,of 1 rating,$37
ISRL,$131.04,1440858095045,465,100% bearish,of 1 rating,N/A
ITRN,$24.11,1440858095074,"1,416",50% bullish,of 2 ratings,N/A
XXIA,$15.17,1440858095107,"472,050",71% bullish,of 7 ratings,$14.625
ITUS,$4.03,1440858095178,"7,850",Not yet rated,NULL,N/A
MAYS,$55.95,1440858095304,100,Not yet rated,NULL,N/A
IXYS,$11.14,1440858095406,"103,762",50% bullish,of 4 ratings,N/A
JCOM,$69.71,1440858095435,"185,842",100% bullish,of 2 ratings,$77
JBHT,$73.51,1440858095466,"554,190",50% bullish,of 4 ratings,$89.50
JASO,$7.9,1440858095487,"747,475",82% bullish,of 17 ratings,$10
JXSB,NULL,1440858095520,0,Not yet rated,NULL,N/A
JJSF,$114.72,1440858095541,"29,311",100% bearish,of 1 rating,N/A
JKHY,$68.7938,1440858095682,"214,469",50% bullish,of 2 ratings,$72
JACK,$81.77,1440858095703,"189,732",83% bullish,of 6 ratings,$105
JAXB,$13.31,1440858095778,90,100% bullish,of 1 rating,N/A
JAGX,$3.44,1440858095837,"8,574",Not yet rated,NULL,N/A
JAKK,$9.42,1440858096030,"492,606",60% bearish,of 5 ratings,$11
ERW,NULL,1440858096064,0,Not yet rated,NULL,N/A
JASNW,NULL,1440858096098,0,50% bullish,of 2 ratings,N/A
JRVR,$26.79,1440858096119,"37,791",Not yet rated,NULL,$32
JMBA,$13.95,1440858096158,"91,223",75% bullish,of 4 ratings,$18
JD,$26.77,1440858096193,"4,905,314",75% bullish,of 16 ratings,$36
JASN,$4.93,1440858096245,"23,503",50% bullish,of 2 ratings,$9.50
JAZZ,$171.501,1440858096271,"167,566",80% bullish,of 15 ratings,$206.50
JTPY,$2.95,1440858096410,100,100% bearish,of 1 rating,N/A
JBLU,$22.25,1440858096436,"2,629,199",94% bullish,of 18 ratings,$27
DATE,$5.92,1440858096570,"93,636",75% bullish,of 4 ratings,$9
JCTCF,NULL,1440858096597,0,100% bullish,of 1 rating,N/A
JIVE,$4.51,1440858096625,"258,687",75% bullish,of 4 ratings,$5
JST,$3.98,1440858096754,"7,252",75% bullish,of 4 ratings,N/A
WYIGU,$10.2,1440858096781,6,Not yet rated,NULL,N/A
JOEZ,$0.17,1440858096823,"97,593",92% bullish,of 12 ratings,N/A
JNP,$10.93,1440858096849,"25,559",100% bullish,of 3 ratings,$15
JOUT,$23.41,1440858096918,"5,196",100% bearish,of 1 rating,$34
JUNO,$38.06,1440858096946,"681,045",73% bullish,of 11 ratings,$71.50
JBSS,$54.48,1440858096967,"71,680",67% bearish,of 3 ratings,N/A
KALU,$83.24,1440858097097,"129,573",67% bearish,of 3 ratings,$91
KTWO,$21.65,1440858097162,"84,969",100% bearish,of 1 rating,$28.50
KMDA,$3.48,1440858097192,"19,288",50% bullish,of 2 ratings,$8
KBIO,$2.01,1440858097247,"19,373",50% bullish,of 4 ratings,N/A
KNDI,$6.72,1440858097296,"254,671",86% bullish,of 22 ratings,N/A
KCLI,$46.85,1440858097338,"26,651",Not yet rated,NULL,N/A
