Symbol,Price,Date,Volume,Rating,RatingVoteCount,OneYearEstimate
FCTY,$7.98,1441135202379,"1,500",100% bullish,of 1 rating,$8.50
FLWS,$8.41,1441135202455,"272,530",80% bullish,of 5 ratings,$15
FCCY,$11.7,1441135202487,714,100% bullish,of 1 rating,$13
TFSC,NULL,1441135202508,0,100% bearish,of 1 rating,N/A
TFSCU,NULL,1441135202537,0,Not yet rated,NULL,N/A
PIH,$7.6101,1441135202563,"2,750",100% bearish,of 1 rating,N/A
TFSCR,NULL,1441135202584,0,Not yet rated,NULL,N/A
TFSCW,$0.26,1441135202616,"1,600",100% bearish,of 1 rating,N/A
SRCE,$29.21,1441135202722,"16,299",100% bullish,of 3 ratings,$33
DSLV,$68.7932,1441135202807,"7,808",100% bearish,of 1 rating,N/A
UGLD,$9.4101,1441135202915,"172,744",100% bearish,of 1 rating,N/A
VNET,$17.2,1441135202953,"308,457",60% bullish,of 5 ratings,$35
USLV,$12.4402,1441135202976,"115,862",86% bullish,of 7 ratings,N/A
DGLD,$79.9041,1441135203008,"7,853",100% bullish,of 1 rating,N/A
TWOU,$34.1,1441135203029,"119,889",50% bullish,of 2 ratings,$39
JOBS,$25.67,1441135203062,"88,083",50% bullish,of 4 ratings,$36
SIXD,$2.6,1441135203284,"66,101",Not yet rated,NULL,N/A
CAFD,$14.685,1441135203309,"81,845",Not yet rated,NULL,$25
EGHT,$7.73,1441135203356,"195,535",82% bullish,of 17 ratings,$11
ABAX,$47,1441135203594,"126,678",100% bearish,of 1 rating,$60
SHLM,$33.55,1441135203629,"39,281",100% bearish,of 1 rating,$47
ABGB,$5.652,1441135203651,"48,202",67% bullish,of 3 ratings,$5.50
ABEO,$4.62,1441135203685,"68,344",50% bullish,of 4 ratings,$15.50
ABY,$21.75,1441135203714,"359,529",100% bearish,of 2 ratings,$46
AVHI,$14,1441135203742,"12,516",100% bearish,of 1 rating,$19
AAON,$19.94,1441135203764,"44,227",100% bearish,of 1 rating,$24
ABEOW,$1.6001,1441135203798,550,100% bullish,of 1 rating,N/A
ABMD,$93.02,1441135203969,"243,999",75% bullish,of 4 ratings,$100.50
AXAS,$1.77,1441135203994,"830,741",78% bullish,of 9 ratings,$3.50
ACTG,$9.04,1441135204019,"181,596",67% bullish,of 3 ratings,$18.50
ACAD,$36.18,1441135204148,"344,647",80% bullish,of 20 ratings,$48
ACHC,$70.955,1441135204233,"172,827",50% bullish,of 2 ratings,$92
ACST,$0.3377,1441135204303,"9,201",100% bullish,of 2 ratings,N/A
ARAY,$6.71,1441135204399,"254,848",100% bearish,of 1 rating,$10.50
AXDX,$19.48,1441135204433,"84,663",100% bearish,of 1 rating,N/A
VXDN,$1.69,1441135204466,"130,264",100% bearish,of 1 rating,N/A
ANCX,$20.16,1441135204533,"10,690",Not yet rated,NULL,$20
VXUP,$1.76,1441135204558,"94,194",100% bearish,of 1 rating,N/A
XLRN,$28.61,1441135204584,"36,163",50% bullish,of 2 ratings,$57
ACET,$21.95,1441135204727,"34,173",75% bullish,of 4 ratings,$30
AKAO,$6.84,1441135204794,"20,034",75% bullish,of 4 ratings,$15
ACRX,$4.37,1441135204829,"209,045",67% bearish,of 6 ratings,$5.50
ACHN,$7.1001,1441135204867,"902,187",90% bullish,of 21 ratings,$16
ACIW,$20.95,1441135204936,"176,657",67% bearish,of 3 ratings,$24
ACOR,$31.6,1441135204964,"328,255",67% bearish,of 3 ratings,$38.50
ACNB,$19.9099,1441135204992,"2,707",Not yet rated,NULL,N/A
ACTS,$1.64,1441135205129,"7,108",100% bearish,of 1 rating,N/A
ATVI,$27.8001,1441135205260,"4,464,019",67% bullish,of 84 ratings,$31.50
ACTA,$14.0599,1441135205287,"57,282",67% bearish,of 3 ratings,$25
ACPW,$1.92,1441135205318,"37,803",100% bullish,of 4 ratings,$3.25
ACXM,$20.5286,1441135205339,"108,307",67% bullish,of 3 ratings,N/A
ACUR,$2.88,1441135205374,"8,809",100% bullish,of 5 ratings,$5
ADMP,$3.68,1441135205417,"7,052",50% bullish,of 2 ratings,$10
ADMS,$19.88,1441135205475,"31,893",100% bearish,of 2 ratings,$36
ADAP,$11.11,1441135205510,"73,478",67% bullish,of 3 ratings,$22
ADUS,$28.24,1441135205701,"29,847",100% bearish,of 1 rating,$31
AEY,$2.39,1441135205729,"7,665",100% bearish,of 2 ratings,N/A
ADMA,$9.09,1441135205754,"2,945",Not yet rated,NULL,$19
ADEP,$6.67,1441135205784,"68,125",50% bullish,of 2 ratings,$10.75
ADRO,$19.06,1441135205884,"124,477",80% bullish,of 5 ratings,$45.50
ADBE,$76.3,1441135205957,"1,032,718",65% bullish,of 17 ratings,$90
ADTN,$15.84,1441135205985,"145,814",67% bullish,of 3 ratings,$17.125
AEIS,$23.69,1441135206048,"87,984",50% bullish,of 2 ratings,$32.50
AMD,$1.75,1441135206073,"2,476,553",83% bullish,of 103 ratings,$2
ADXSW,$9.42,1441135206111,"8,373",100% bullish,of 1 rating,N/A
ADXS,$13.61,1441135206202,"287,430",64% bullish,of 14 ratings,$27
MULT,NULL,1441135206226,0,100% bearish,of 1 rating,N/A
AEGR,$17.375,1441135206287,"183,030",50% bullish,of 6 ratings,$26
YPRO,$23.0788,1441135206315,"1,721",100% bearish,of 1 rating,N/A
AEHR,$2.3001,1441135206422,"17,437",50% bullish,of 2 ratings,N/A
AEGN,$18.03,1441135206558,"53,627",100% bearish,of 2 ratings,$21
AMTX,$2.78,1441135206611,"7,764",50% bullish,of 2 ratings,$26.11
AEZS,$0.0885,1441135206642,"5,302,245",90% bullish,of 21 ratings,$1.50
AERI,$15.1972,1441135206663,"311,168",75% bullish,of 4 ratings,$31.50
AEPI,$52.85,1441135206699,"6,525",100% bearish,of 1 rating,N/A
AVAV,$23.36,1441135206742,"37,889",50% bullish,of 4 ratings,$31
AEMD,$7.4686,1441135206799,"15,358",Not yet rated,NULL,$27.50
AGEN,$6.9,1441135206872,"272,772",85% bullish,of 13 ratings,$14
AFFX,$9.0099,1441135206897,"132,386",80% bullish,of 5 ratings,$12.50
AGRX,$8.38,1441135207074,"9,070",100% bearish,of 1 rating,$17.50
AGIO,$84.164,1441135207269,"108,311",88% bullish,of 8 ratings,$114
AGYS,$10.14,1441135207312,"12,159",100% bearish,of 1 rating,N/A
AFMD,$10.04,1441135207338,"49,069",50% bullish,of 4 ratings,$15
AGFS,$9.74,1441135207370,"35,388",100% bearish,of 1 rating,N/A
AIMT,$22.27,1441135207398,"79,730",Not yet rated,NULL,$35.50
AIRM,$36.13,1441135207427,"142,238",80% bearish,of 5 ratings,$53
AGFSW,$2.01,1441135207474,500,100% bearish,of 2 ratings,N/A
AIRT,$22.3,1441135207530,504,100% bullish,of 1 rating,N/A
AIXG,$6.32,1441135207699,"3,402",67% bearish,of 3 ratings,$5.25
AMCN,$4.4721,1441135207735,"105,209",83% bullish,of 6 ratings,N/A
ATSG,$8.645,1441135207764,"79,954",67% bullish,of 3 ratings,$13
AKAM,$70.355,1441135207831,"752,151",63% bullish,of 8 ratings,$77.50
AKBA,$7.42,1441135207857,"152,535",100% bearish,of 1 rating,$18
AKRX,$39.06,1441135207895,"318,236",78% bullish,of 9 ratings,$56
AKER,$2.5486,1441135207932,120,Not yet rated,NULL,N/A
ALRM,$15.92,1441135208029,"200,618",100% bearish,of 1 rating,$22
ALSK,$2.2,1441135208061,"56,089",78% bullish,of 18 ratings,$2
ADHD,$8.2899,1441135208195,"73,661",50% bullish,of 4 ratings,$18
ABDC,$12.88,1441135208305,"4,400",Not yet rated,NULL,$15
AMRI,$19.62,1441135208334,"84,349",75% bearish,of 4 ratings,$24
ALXN,$171.91,1441135208366,"887,583",88% bullish,of 8 ratings,$223
ALDX,$6.983,1441135208411,"3,975",100% bearish,of 1 rating,$14.50
ALXA,$1.16,1441135208466,"18,603",83% bullish,of 6 ratings,$2.125
ALDR,$38.575,1441135208493,"189,414",67% bearish,of 3 ratings,$62
ALCO,$42,1441135208624,"4,020",50% bullish,of 2 ratings,N/A
ALIM,$3.14,1441135208674,"55,756",80% bullish,of 5 ratings,$10
ALGT,$196.2,1441135208755,"140,661",100% bearish,of 2 ratings,$235
ALGN,$54.17,1441135208786,"406,363",100% bearish,of 2 ratings,$73
ALKS,$60.05,1441135208817,"587,748",67% bullish,of 3 ratings,$75
AFOP,$18.6,1441135208885,"115,789",75% bullish,of 8 ratings,$21
ALLB,$22.82,1441135208912,202,Not yet rated,NULL,N/A
AIQ,$13.97,1441135209080,"7,254",67% bullish,of 3 ratings,N/A
AHGP,$35.26,1441135209109,"32,630",67% bullish,of 3 ratings,N/A
ARLP,$25.18,1441135209130,"84,033",67% bearish,of 3 ratings,$32
ALQA,$4.68,1441135209296,"22,145",75% bullish,of 4 ratings,$8.50
AHPI,$1.45,1441135209323,400,50% bullish,of 2 ratings,N/A
AMOT,$18.07,1441135209355,"57,247",100% bearish,of 1 rating,N/A
ALLT,$5.16,1441135209390,"26,664",75% bullish,of 4 ratings,$6.25
ALNY,$98.36,1441135209457,"349,683",67% bullish,of 3 ratings,$151.50
MDRX,$13.27,1441135209510,"735,939",60% bullish,of 5 ratings,$16
AFAM,$43.8,1441135209531,"39,884",50% bullish,of 2 ratings,$44
AOSL,$7.45,1441135209667,"31,713",67% bullish,of 3 ratings,$9
SMCP,$22.88,1441135209726,"2,900",Not yet rated,NULL,N/A
ATEC,$0.58,1441135209807,"22,215",100% bullish,of 1 rating,$2
AIMC,$23.98,1441135209856,"46,562",100% bearish,of 2 ratings,$28.50
ALTR,$48.07,1441135209883,"1,263,341",80% bearish,of 5 ratings,$54
ASPS,$25.83,1441135209910,"124,301",67% bullish,of 3 ratings,$46.50
AMAG,$61.195,1441135209931,"276,406",100% bullish,of 2 ratings,$77.50
AMRN,$2.14,1441135209963,"707,266",85% bullish,of 39 ratings,$8
AMRK,$10.5,1441135210116,700,50% bullish,of 2 ratings,$14
AMZN,$498.9,1441135210222,"1,242,436",81% bullish,of 265 ratings,$646
AMBC,$16.04,1441135210257,"68,419",100% bearish,of 1 rating,$16.50
AMBCW,NULL,1441135210281,0,100% bearish,of 1 rating,N/A
AMBA,$88.89,1441135210306,"2,239,064",83% bullish,of 12 ratings,$102.50
AYA,$20.47,1441135210355,"18,796",100% bearish,of 1 rating,$40
EPAX,$2.675,1441135210436,"40,573",100% bearish,of 1 rating,N/A
AMCX,$70.045,1441135210628,"163,056",67% bullish,of 3 ratings,$87.50
AMOV,$17.96,1441135210660,"2,510",100% bearish,of 1 rating,N/A
AMED,$38.75,1441135210692,"174,738",100% bearish,of 1 rating,$42
AMDA,$0.4844,1441135210721,"294,320",90% bullish,of 10 ratings,$1
DOX,$56.31,1441135210742,"141,885",67% bearish,of 3 ratings,$60
UHAL,$365.51,1441135210779,"5,171",100% bullish,of 2 ratings,$393.50
ASBI,$22.7999,1441135210807,500,Not yet rated,NULL,N/A
ATAX,$5.33,1441135210879,"40,170",100% bullish,of 1 rating,$6.50
AAL,$39.4,1441135211011,"7,001,732",93% bullish,of 88 ratings,$57
AGNCB,$24.1619,1441135211095,"15,671",Not yet rated,NULL,N/A
AGNC,$19.085,1441135211221,"1,167,587",71% bullish,of 28 ratings,$22
MTGE,$15.21,1441135211248,"306,606",75% bullish,of 4 ratings,$19.50
AGNCP,$25.3477,1441135211270,"4,342",Not yet rated,NULL,N/A
ACSF,$12.3454,1441135211306,"15,991",100% bearish,of 1 rating,$15
ANCI,NULL,1441135211400,0,100% bearish,of 1 rating,N/A
MTGEP,$24.2745,1441135211425,550,Not yet rated,NULL,N/A
ACAS,$13.59,1441135211473,"507,868",60% bullish,of 5 ratings,$16.75
ANAT,$97.985,1441135211610,"20,206",100% bullish,of 1 rating,N/A
AETI,NULL,1441135211645,0,67% bearish,of 3 ratings,N/A
APEI,$21.66,1441135211676,"40,294",100% bearish,of 1 rating,$25.50
AMNB,$23.3,1441135211705,"3,514",Not yet rated,NULL,$25.50
AMIC,NULL,1441135211737,0,100% bearish,of 1 rating,N/A
ARII,$40,1441135211775,"132,705",67% bearish,of 3 ratings,$45
AMRB,$9.99,1441135211803,"4,147",Not yet rated,NULL,$11
AMSWA,$8.77,1441135211985,"41,129",100% bearish,of 2 ratings,$10.75
ASEI,$38.52,1441135212017,"14,548",100% bearish,of 1 rating,$52.50
AMSC,$5.01,1441135212116,"131,535",50% bullish,of 4 ratings,N/A
CRMT,$36.05,1441135212150,"37,813",100% bearish,of 1 rating,$39
AMSF,$45.88,1441135212179,"9,461",Not yet rated,NULL,$57.50
AMWD,$64.86,1441135212252,"50,448",50% bullish,of 2 ratings,$70
ABCB,$26.56,1441135212273,"32,503",Not yet rated,NULL,$31
ASRVP,NULL,1441135212305,0,Not yet rated,NULL,N/A
ASRV,$3.25,1441135212358,"13,287",100% bullish,of 2 ratings,N/A
ATLO,$24.195,1441135212489,"3,066",Not yet rated,NULL,N/A
FOLD,$14.41,1441135212516,"960,157",56% bullish,of 9 ratings,$21
AMGN,$148.04,1441135212546,"2,125,781",89% bullish,of 19 ratings,$185
AMPH,$13.37,1441135212678,"134,216",50% bullish,of 2 ratings,$20
AMKR,$5.09,1441135212708,"987,179",100% bearish,of 2 ratings,$5
AMSG,$76.02,1441135212729,"120,178",100% bearish,of 1 rating,$85.50
AMSGP,$148.51,1441135212858,400,Not yet rated,NULL,N/A
ASYS,$5.56,1441135212883,"20,909",67% bullish,of 3 ratings,$12
AMRS,$1.79,1441135212943,"65,378",70% bullish,of 10 ratings,N/A
ADI,$53.845,1441135213120,"1,348,742",75% bullish,of 4 ratings,$69
AFSI,$56.09,1441135213151,"247,629",60% bullish,of 5 ratings,$72
ANAD,$0.3304,1441135213171,"130,881",100% bullish,of 2 ratings,$.50
ABCW,$40.03,1441135213206,"15,374",67% bullish,of 3 ratings,N/A
ANCB,$21.9,1441135213232,"13,692",Not yet rated,NULL,$23
ALOG,$79.77,1441135213253,"28,311",100% bearish,of 2 ratings,$100.50
ANAC,$129.9,1441135213340,"169,776",80% bullish,of 5 ratings,$180.50
ANGI,$5.1382,1441135213471,"166,978",64% bullish,of 11 ratings,$5.50
ANGO,$14.52,1441135213604,"35,052",67% bullish,of 3 ratings,$19
AMCF,$0.2,1441135213631,"12,670",100% bullish,of 7 ratings,N/A
ANIP,$50.5001,1441135213657,"145,650",89% bullish,of 19 ratings,$66
ANSS,$86.77,1441135213790,"183,693",100% bearish,of 1 rating,$100
ANTH,$6.84,1441135213817,"346,857",80% bullish,of 10 ratings,$13
ANIK,$34.63,1441135213838,"67,310",60% bullish,of 5 ratings,$51.25
ATRS,$1.87,1441135213869,"443,160",92% bullish,of 12 ratings,$4.50
ATNY,NULL,1441135213998,0,50% bullish,of 2 ratings,$3.75
APOG,$50.29,1441135214031,"62,124",50% bullish,of 2 ratings,$67
ABAC,$0.76,1441135214068,"5,628",100% bearish,of 1 rating,N/A
AINV,$6.3446,1441135214096,"780,231",50% bullish,of 4 ratings,$8
APIC,$6.31,1441135214128,"63,757",100% bearish,of 1 rating,$19
APOL,$10.88,1441135214158,"599,708",87% bearish,of 68 ratings,$14
APPF,$15.27,1441135214187,"26,081",50% bullish,of 2 ratings,$22
AAPL,$108.466,1441135214298,"30,184,597",86% bullish,of 2358 ratings,$150
APDNW,$1.4701,1441135214525,"11,880",Not yet rated,NULL,N/A
APDN,$3.41,1441135214600,"36,848",Not yet rated,NULL,$9
AGTC,$15.72,1441135214630,"35,768",50% bullish,of 2 ratings,$33
AMCC,$5.665,1441135214680,"196,040",80% bullish,of 5 ratings,$8
AMAT,$15.57,1441135214705,"7,067,490",82% bullish,of 11 ratings,$23
ARCI,$1.218,1441135214735,"1,020",Not yet rated,NULL,N/A
AAOI,$19.7,1441135214838,"109,509",50% bullish,of 4 ratings,$26
AQXP,$16.72,1441135214939,"95,638",50% bullish,of 2 ratings,$2
AQMS,$4.92,1441135214961,"7,515",Not yet rated,NULL,N/A
AREX,$2.315,1441135214998,"1,428,529",50% bullish,of 2 ratings,$3
APTO,$5.21,1441135215040,"1,000",Not yet rated,NULL,$17
APRI,$1.74,1441135215105,"720,143",83% bullish,of 6 ratings,$4.86
AUMAU,NULL,1441135215129,0,Not yet rated,NULL,N/A
AUMA,$9.75,1441135215258,600,Not yet rated,NULL,N/A
AUMAW,NULL,1441135215283,0,Not yet rated,NULL,N/A
ARCW,$3.55,1441135215500,"4,713",100% bearish,of 2 ratings,$10.50
ARDM,$7.42,1441135215555,"1,200",100% bullish,of 1 rating,$26
ABUS,$6.86,1441135215583,"226,745",86% bullish,of 14 ratings,$23
PETX,$17.65,1441135215603,"117,290",100% bearish,of 2 ratings,$26
RKDA,$6.4,1441135215659,"6,242",100% bearish,of 2 ratings,$10
ARCB,$27.79,1441135215692,"88,814",67% bearish,of 3 ratings,$39.50
ACGL,$67.815,1441135215794,"266,888",50% bullish,of 2 ratings,$72
ABIO,$0.9098,1441135215821,"20,378",50% bullish,of 2 ratings,$3.75
ACAT,$25.78,1441135215871,"37,479",100% bearish,of 3 ratings,$33
ARCC,$15.39,1441135215897,"1,079,718",67% bearish,of 3 ratings,$17.75
ARNA,$2.57,1441135215918,"1,017,440",90% bullish,of 78 ratings,$5.50
ARDX,$18.6696,1441135215962,"41,917",50% bullish,of 2 ratings,$24.50
AGIIL,$25.3499,1441135216063,"1,035",Not yet rated,NULL,N/A
AGII,$55.12,1441135216108,"34,334",Not yet rated,NULL,$59.50
ARIA,$9.1499,1441135216246,"3,040,954",87% bullish,of 46 ratings,$9
ARGS,$6.23,1441135216273,"35,222",50% bullish,of 2 ratings,$19.50
ARIS,$3.66,1441135216356,"9,856",Not yet rated,NULL,$4.50
ARTX,$1.45,1441135216444,"125,085",88% bullish,of 16 ratings,$4.50
ARWA,NULL,1441135216471,0,Not yet rated,NULL,N/A
ARKR,$25.003,1441135216492,242,50% bullish,of 2 ratings,N/A
ARWAR,NULL,1441135216522,0,Not yet rated,NULL,N/A
ARMH,$41.29,1441135216557,"568,477",54% bearish,of 13 ratings,$60
ARWAW,NULL,1441135216652,0,Not yet rated,NULL,N/A
ARWAU,$10.2,1441135216681,200,100% bullish,of 1 rating,N/A
ARQL,$1.63,1441135216851,"59,975",75% bullish,of 4 ratings,$5
ARRY,$5.76,1441135216877,"614,226",100% bullish,of 7 ratings,$10
ARRS,$25.8401,1441135216911,"527,095",50% bullish,of 2 ratings,$38
DWAT,$9.6439,1441135216954,"9,100",100% bearish,of 1 rating,N/A
ARWR,$5.67,1441135217084,"328,610",75% bullish,of 4 ratings,$10.50
AROW,$26.8,1441135217109,"13,445",Not yet rated,NULL,N/A
ARTW,$3.9592,1441135217238,"12,614",75% bearish,of 4 ratings,N/A
ASNA,$12.05,1441135217265,"1,089,817",50% bullish,of 2 ratings,$18
ARTNA,$21.96,1441135217294,"9,848",100% bearish,of 1 rating,$29
ASCMA,$27.31,1441135217326,"31,073",100% bearish,of 1 rating,$45
ASTI,$0.2004,1441135217347,"15,445,925",83% bullish,of 6 ratings,$3
ASBB,$24.11,1441135217385,100,Not yet rated,NULL,N/A
APWC,$1.72,1441135217425,100,100% bearish,of 1 rating,N/A
ASND,$19.54,1441135217487,"31,707",50% bullish,of 2 ratings,$30
ASMI,NULL,1441135217611,0,NULL,NULL,NULL
AZPN,$37.57,1441135217806,"213,946",50% bullish,of 2 ratings,$42
ASML,$89.24,1441135217912,"337,730",50% bullish,of 4 ratings,$127
ALOT,$13.26,1441135217946,"1,396",100% bearish,of 1 rating,N/A
ATRO,$49.72,1441135217977,"44,289",100% bearish,of 2 ratings,$80
ASTE,$38.26,1441135218005,"32,486",100% bearish,of 1 rating,$49
ASMB,$13.82,1441135218040,"33,905",67% bullish,of 3 ratings,N/A
ASTC,$2.08,1441135218072,"18,756",100% bullish,of 5 ratings,N/A
ASUR,$5.58,1441135218100,"4,538",50% bullish,of 2 ratings,$8
ATAI,$2.44,1441135218177,"33,961",100% bearish,of 1 rating,N/A
AFCB,NULL,1441135218239,0,Not yet rated,NULL,N/A
ASFI,$8.88,1441135218346,"7,600",100% bullish,of 1 rating,N/A
ATRA,$39.18,1441135218374,"64,630",50% bullish,of 2 ratings,$68
ATHN,$130.28,1441135218395,"94,280",67% bearish,of 3 ratings,$153
ATHX,$1.135,1441135218523,"65,951",89% bullish,of 9 ratings,$5
AAPC,$10.1,1441135218548,8,Not yet rated,NULL,N/A
AAWW,$38.495,1441135218725,"197,483",50% bullish,of 2 ratings,$65
ATNI,$71.08,1441135218777,"21,636",100% bearish,of 1 rating,$69.50
AAME,$3.59,1441135218827,"1,103",Not yet rated,NULL,N/A
ACFC,$5.46,1441135218858,"26,073",100% bearish,of 1 rating,$6.50
AFH,$15.89,1441135218886,"38,737",Not yet rated,NULL,$21.50
ATRC,$23.98,1441135218912,"62,686",100% bullish,of 1 rating,$30
ATLC,$3.9,1441135218959,"19,411",67% bullish,of 3 ratings,N/A
ATML,$7.86,1441135219049,"6,521,830",78% bullish,of 9 ratings,$9.50
ATRI,$388.5,1441135219190,706,Not yet rated,NULL,N/A
ATOS,$0.7603,1441135219223,"24,128",100% bullish,of 7 ratings,$7
ATTU,$12.83,1441135219248,"47,570",100% bearish,of 1 rating,$20.50
ATRM,$2.72,1441135219281,400,50% bullish,of 2 ratings,N/A
AUBN,$26.95,1441135219377,233,Not yet rated,NULL,N/A
LIFE,$13.94,1441135219402,"34,745",86% bullish,of 7 ratings,$43
EARS,$4.56,1441135219580,"13,273",100% bearish,of 2 ratings,$11
ADAT,$0.286,1441135219611,"78,471",100% bullish,of 2 ratings,N/A
AUPH,$3.4899,1441135219646,"50,206",100% bearish,of 1 rating,$8
AUDC,$3.32,1441135219714,"52,274",80% bullish,of 5 ratings,$5
ADSK,$45.75,1441135219745,"1,905,447",67% bullish,of 6 ratings,$66
ABTL,$17.7307,1441135219766,"41,393",100% bullish,of 4 ratings,$20.25
AVGO,$119.76,1441135219849,"1,874,306",88% bullish,of 8 ratings,$165
AAVL,$10.15,1441135219902,"147,860",100% bearish,of 1 rating,$20
AVNU,$12.65,1441135220038,"12,821",Not yet rated,NULL,$14
ADP,$75.44,1441135220072,"974,707",100% bearish,of 1 rating,$88
AVNW,$1.18,1441135220094,"26,305",50% bullish,of 2 ratings,N/A
AVID,$8.295,1441135220125,"263,309",100% bearish,of 1 rating,$20
AVEO,$1.36,1441135220154,"443,611",75% bullish,of 8 ratings,$3
AVGR,$14.72,1441135220289,"13,689",100% bearish,of 1 rating,$20
CAR,$42.78,1441135220318,"640,427",80% bullish,of 5 ratings,$60
AWRE,$3.22,1441135220458,"8,037",67% bullish,of 3 ratings,N/A
AXPWW,$1.0001,1441135220532,100,Not yet rated,NULL,N/A
ACLS,$3.185,1441135220557,"190,504",67% bullish,of 6 ratings,$4.75
AXGN,$4.69,1441135220633,"39,418",Not yet rated,NULL,$5
BCOM,NULL,1441135220775,0,100% bearish,of 1 rating,N/A
BOSC,$2.1501,1441135220805,200,50% bullish,of 2 ratings,N/A
AXPW,$1.84,1441135220838,"1,703,627",83% bullish,of 6 ratings,N/A
RILY,NULL,1441135220859,0,Not yet rated,NULL,N/A
AXTI,$2.17,1441135220880,"7,157",50% bullish,of 2 ratings,$2.75
BEAV,$47.91,1441135220913,"588,785",67% bearish,of 3 ratings,$59
BCPC,$57.93,1441135220943,"52,099",100% bearish,of 1 rating,$75
BWINB,$22.57,1441135221101,"3,100",Not yet rated,NULL,N/A
BLDP,$1.33,1441135221133,"172,399",91% bullish,of 22 ratings,$2.50
BIDU,$143.1067,1441135221154,"1,838,783",81% bullish,of 88 ratings,$210
BWINA,NULL,1441135221175,0,Not yet rated,NULL,N/A
BANF,$58.85,1441135221234,"11,723",Not yet rated,NULL,$68
BMRC,$47.9,1441135221510,"3,681",Not yet rated,NULL,$52
BKSC,$16.98,1441135221551,100,Not yet rated,NULL,N/A
BKMU,$7,1441135221572,"26,786",Not yet rated,NULL,$8
BOCH,$5.7831,1441135221602,"5,246",Not yet rated,NULL,$6.50
BOTJ,$11.11,1441135221640,25,Not yet rated,NULL,N/A
BANFP,NULL,1441135221666,0,Not yet rated,NULL,N/A
BFIN,$12.18,1441135221687,"7,150",Not yet rated,NULL,$13
BANR,$43.255,1441135221822,"40,723",100% bullish,of 3 ratings,$50
BWFG,$18.19,1441135221850,400,100% bearish,of 1 rating,N/A
BZUN,$4.92,1441135221876,"120,897",50% bullish,of 2 ratings,$11.50
OZRK,$39.41,1441135221910,"313,492",67% bullish,of 3 ratings,$49.50
BHACR,NULL,1441135222012,0,Not yet rated,NULL,N/A
BHAC,$9.82,1441135222041,520,Not yet rated,NULL,N/A
TAPR,$33.24,1441135222111,250,100% bearish,of 1 rating,N/A
BHACU,NULL,1441135222138,0,Not yet rated,NULL,N/A
BHACW,NULL,1441135222290,0,Not yet rated,NULL,N/A
BBSI,$34.43,1441135222362,"25,442",67% bearish,of 3 ratings,$62.50
BBCN,$13.93,1441135222611,"122,987",100% bearish,of 1 rating,$16
BYBK,$5.01,1441135222645,"1,013",100% bearish,of 1 rating,N/A
BECN,$35.16,1441135222666,"93,445",50% bullish,of 2 ratings,$40
BV,$5.2,1441135222699,"256,053",67% bullish,of 6 ratings,$9
BDCV,$4.94,1441135222722,"7,581",100% bearish,of 1 rating,$10.19
BSET,$28.2,1441135222755,"33,488",100% bearish,of 1 rating,$35
BCBP,$11.54,1441135222780,892,Not yet rated,NULL,N/A
BYLK,$13,1441135222891,"13,001",Not yet rated,NULL,$14
BSF,$8.46,1441135223023,"2,813",Not yet rated,NULL,N/A
BBGI,$4.25,1441135223056,549,100% bearish,of 1 rating,N/A
BEBE,$1.28,1441135223099,"366,382",75% bullish,of 4 ratings,$2.125
BELFB,$17.67,1441135223275,"12,482",100% bearish,of 1 rating,N/A
BELFA,$14.87,1441135223303,218,100% bearish,of 1 rating,N/A
BLCM,$16.659,1441135223339,"59,666",50% bullish,of 4 ratings,$40
BBBY,$60.91,1441135223433,"710,237",71% bullish,of 7 ratings,$75
BNTC,$7.66,1441135223464,"7,447",100% bullish,of 1 rating,N/A
BLPH,$4.515,1441135223496,"25,884",100% bearish,of 1 rating,$12.50
BNCL,$12.325,1441135223523,"216,351",100% bullish,of 3 ratings,$12.50
BNFT,$35.58,1441135223565,"76,637",67% bullish,of 3 ratings,$46
BGMD,$0.6786,1441135223593,"68,755",100% bullish,of 10 ratings,N/A
BGCP,$8.73,1441135223731,"549,295",88% bullish,of 8 ratings,$14
BIND,$4.79,1441135223764,"87,627",75% bullish,of 4 ratings,$13.50
BGFV,$11.17,1441135223828,"69,443",57% bullish,of 7 ratings,$12
ORPN,$5.65,1441135223959,"6,311",100% bullish,of 1 rating,$28.50
BCRX,$11.18,1441135224133,"357,186",63% bullish,of 8 ratings,$18
BASI,$1.64,1441135224166,"2,625",Not yet rated,NULL,N/A
BIOD,$0.7,1441135224187,"107,120",80% bullish,of 5 ratings,$4
BIOC,$1.967,1441135224218,"82,429",83% bullish,of 6 ratings,$3.85
BCDA,NULL,1441135224239,0,Not yet rated,NULL,N/A
BDSI,$6.4037,1441135224260,"572,216",88% bullish,of 8 ratings,$17
BIIB,$293.9,1441135224394,"882,352",88% bullish,of 16 ratings,$400
BLRX,$1.53,1441135224521,"76,678",100% bullish,of 12 ratings,$5
BLFS,$2.3901,1441135224555,"386,457",100% bearish,of 1 rating,$4.75
BMRN,$125.02,1441135224629,"457,128",80% bullish,of 5 ratings,$160
BIOL,$1.55,1441135224658,"22,850",Not yet rated,NULL,N/A
BVXV,$3.53,1441135224679,"5,812",Not yet rated,NULL,N/A
BRLI,NULL,1441135225015,0,NULL,NULL,NULL
BPTH,$1.15,1441135225049,"329,587",100% bullish,of 2 ratings,$5
BSPM,$0.6479,1441135225079,"17,060",50% bullish,of 2 ratings,N/A
BIOS,$2.39,1441135225100,"557,093",71% bullish,of 7 ratings,$4
BSTC,$48.41,1441135225140,"17,388",100% bearish,of 1 rating,$76
BBC,$30.79,1441135225161,"13,047",Not yet rated,NULL,N/A
BVXVW,$0.75,1441135225193,"4,700",100% bearish,of 1 rating,N/A
BBP,$32.0518,1441135225246,"24,205",Not yet rated,NULL,N/A
BOTA,$2.1958,1441135225356,"24,760",88% bullish,of 8 ratings,N/A
TECH,$92.51,1441135225435,"57,909",100% bullish,of 1 rating,$117
BEAT,$14.47,1441135225567,"272,108",67% bearish,of 3 ratings,$15
BITI,$17.0408,1441135225594,"5,486",100% bullish,of 1 rating,$28
BJRI,$43.13,1441135225634,"93,883",50% bullish,of 2 ratings,$55
BDE,$7.15,1441135225733,"56,115",50% bullish,of 2 ratings,$9
BBOX,$14.865,1441135225761,"50,234",100% bearish,of 1 rating,N/A
BBRY,$7.315,1441135225793,"1,951,108",61% bullish,of 330 ratings,$9
BLKB,$55.77,1441135225818,"60,500",100% bearish,of 2 ratings,$66
BDMS,NULL,1441135225848,0,100% bearish,of 1 rating,N/A
BKCC,$9.3,1441135225894,"122,952",50% bullish,of 2 ratings,$10
HAWK,$38.13,1441135226025,"210,324",91% bullish,of 11 ratings,$49
ADRD,$21.385,1441135226054,"83,781",100% bearish,of 1 rating,N/A
ADRA,$26.25,1441135226108,"8,922",100% bearish,of 1 rating,N/A
ADRE,$28.9057,1441135226153,"3,092",100% bearish,of 1 rating,N/A
ADRU,$21.1812,1441135226253,100,100% bearish,of 1 rating,N/A
BLBD,$11.71,1441135226358,"5,596",Not yet rated,NULL,N/A
BCOR,$13.47,1441135226417,"112,929",57% bullish,of 7 ratings,$15
BUFF,$24.32,1441135226449,"442,514",83% bullish,of 12 ratings,$31.50
BBLU,$0.7769,1441135226485,"52,671",100% bullish,of 2 ratings,$4.43
BHBK,$13.71,1441135226552,"48,218",100% bullish,of 1 rating,$14.50
NILE,$33.58,1441135226583,"39,490",50% bullish,of 2 ratings,$34
BLMN,$20.725,1441135226610,"653,701",83% bullish,of 6 ratings,$27.50
BKEP,$6.215,1441135226682,"6,795",100% bearish,of 1 rating,$8.50
BKEPP,$7.4,1441135226739,100,100% bearish,of 1 rating,N/A
BLUE,$129,1441135226764,"214,806",71% bullish,of 7 ratings,$217.50
BPMC,$27.53,1441135226910,"41,766",50% bullish,of 2 ratings,$47.50
BNCN,$20.51,1441135227039,"39,534",Not yet rated,NULL,$24
BOBE,$45.04,1441135227090,"105,508",75% bullish,of 4 ratings,$57
BOFI,$110.92,1441135227120,"149,821",100% bullish,of 6 ratings,$144
WIFI,$7.3,1441135227150,"64,414",50% bullish,of 2 ratings,$13.50
BOJA,$20.8227,1441135227223,"76,432",100% bullish,of 1 rating,$30
BOKF,$60.54,1441135227248,"133,148",100% bearish,of 1 rating,$69
BONA,$11.31,1441135227277,"101,398",75% bullish,of 4 ratings,$8.50
BPFHP,$25,1441135227480,"2,940",100% bearish,of 1 rating,N/A
BPFH,$11.4,1441135227509,"195,562",100% bearish,of 1 rating,$14
BAMM,$3.18,1441135227530,"9,974",60% bullish,of 5 ratings,N/A
BPFHW,NULL,1441135227551,0,100% bearish,of 1 rating,N/A
BNSO,$1.3491,1441135227594,"1,900",100% bearish,of 1 rating,N/A
EPAY,$26.52,1441135227694,"67,019",100% bearish,of 2 ratings,$30
BDBD,$8.4,1441135227725,"460,000",60% bullish,of 5 ratings,$10
BCLI,$3.01,1441135227833,"27,356",80% bullish,of 5 ratings,$12
BBEPP,$14.15,1441135227860,"24,162",100% bearish,of 1 rating,N/A
BBEP,$2.735,1441135227881,"947,933",69% bullish,of 13 ratings,$5.625
BBRG,$12.14,1441135227936,"44,345",67% bullish,of 3 ratings,$14.50
BDGE,$26,1441135228015,"5,675",Not yet rated,NULL,$31.75
BRID,NULL,1441135228142,0,100% bearish,of 1 rating,N/A
BRCM,$50.03,1441135228173,"3,512,676",69% bullish,of 13 ratings,$56
BCOV,$5.18,1441135228205,"60,707",67% bullish,of 3 ratings,$10.20
BLIN,$1.35,1441135228230,100,100% bullish,of 2 ratings,$2.20
BVSN,$6.07,1441135228255,"2,000",60% bearish,of 5 ratings,N/A
BSFT,$31.61,1441135228287,"95,294",57% bullish,of 7 ratings,$40.50
BWEN,$3.1499,1441135228425,"7,393",75% bullish,of 4 ratings,$8
BRCD,$10.2301,1441135228499,"1,767,828",92% bullish,of 13 ratings,$11.50
BYFC,$1.45,1441135228560,502,50% bullish,of 2 ratings,N/A
BRKS,$10.25,1441135228590,"65,528",67% bullish,of 3 ratings,$15.25
BRKL,$10.17,1441135228630,"254,768",100% bearish,of 1 rating,$10.75
BRKR,$17.9,1441135228692,"157,058",100% bearish,of 2 ratings,$22
BMTC,$28.8,1441135228776,"24,317",Not yet rated,NULL,$34
BWLD,$190.43,1441135228833,"184,585",82% bullish,of 11 ratings,$205
BLMT,$20.7,1441135228864,"5,749",Not yet rated,NULL,N/A
BSQR,$6.04,1441135228934,"33,731",67% bullish,of 3 ratings,N/A
CFFI,$35,1441135228969,749,100% bearish,of 1 rating,N/A
BLDR,$14.305,1441135229022,"412,943",67% bullish,of 3 ratings,$22
CHRW,$66.22,1441135229060,"633,969",Not yet rated,NULL,$72
BUR,$1.797,1441135229100,"4,294",100% bearish,of 1 rating,$8
CA,$26.55,1441135229154,"972,125",50% bullish,of 4 ratings,$33
CCMP,$42.17,1441135229287,"22,302",50% bullish,of 2 ratings,$59
CDZI,$8.0699,1441135229419,"9,148",100% bearish,of 1 rating,N/A
CDNS,$19.75,1441135229446,"918,278",75% bullish,of 4 ratings,$22.50
PRSS,$4.35,1441135229635,"15,336",80% bullish,of 5 ratings,$4.50
CHY,$11.235,1441135229668,"252,173",Not yet rated,NULL,N/A
CACQ,$7.275,1441135229690,"20,767",100% bearish,of 1 rating,$12.25
CSTE,$38.855,1441135229721,"67,155",50% bullish,of 2 ratings,$65
CZR,$9.12,1441135229742,"448,245",60% bearish,of 5 ratings,$10.50
CLBS,$1.6751,1441135229778,"293,993",79% bullish,of 14 ratings,$4
CHI,$10.44,1441135229874,"196,787",100% bearish,of 1 rating,N/A
CLMS,$10.1896,1441135229907,"37,483",Not yet rated,NULL,$10.50
CCD,$19.2,1441135230007,"91,978",Not yet rated,NULL,N/A
CHW,$7.43,1441135230080,"82,354",100% bearish,of 1 rating,N/A
CGO,$11.93,1441135230173,"23,054",100% bearish,of 1 rating,N/A
CFGE,$10.34,1441135230258,80,Not yet rated,NULL,N/A
CSQ,$9.698,1441135230305,"296,031",Not yet rated,NULL,N/A
CAMP,$16.04,1441135230335,"267,578",88% bullish,of 8 ratings,$25
CFNB,$13.26,1441135230438,101,100% bearish,of 1 rating,N/A
CVGW,$56.5725,1441135230497,"49,865",50% bullish,of 2 ratings,$62
CALD,$15.765,1441135230588,"243,353",100% bearish,of 1 rating,$21
ABCD,$4.98,1441135230625,"76,095",83% bullish,of 6 ratings,N/A
CAMB,$9.95,1441135230652,"1,856",Not yet rated,NULL,N/A
CLMT,$25.33,1441135230691,"104,650",75% bullish,of 8 ratings,$31
CALM,$51.69,1441135230729,"285,237",80% bullish,of 5 ratings,$63.50
CALA,$5.57,1441135230751,"183,468",100% bullish,of 3 ratings,$19.50
CAMBW,NULL,1441135230823,0,Not yet rated,NULL,N/A
CAMBU,NULL,1441135230851,0,100% bearish,of 1 rating,N/A
CAC,$40,1441135231047,"5,182",Not yet rated,NULL,N/A
CGIX,$9.56,1441135231147,"8,675",67% bullish,of 3 ratings,$14.375
CAMT,$2.63,1441135231172,"21,759",73% bullish,of 11 ratings,$4
CPHC,NULL,1441135231216,0,100% bearish,of 1 rating,N/A
CSIQ,$18.017,1441135231243,"964,124",86% bullish,of 28 ratings,$42.50
CPLA,$48.1,1441135231304,"51,729",67% bearish,of 3 ratings,$65
CBF,$30.02,1441135231435,"135,984",Not yet rated,NULL,$32
CPLP,$6.9989,1441135231486,"122,446",71% bullish,of 7 ratings,$11
CSWC,$44.96,1441135231517,"11,331",Not yet rated,NULL,N/A
CFFN,$11.73,1441135231544,"509,454",Not yet rated,NULL,$12.75
CAPN,$2.23,1441135231623,"55,842",100% bullish,of 1 rating,$10.85
CPTA,$13.78,1441135231678,"25,032",100% bearish,of 1 rating,$18.50
CBNJ,$11.05,1441135231703,"16,231",100% bearish,of 1 rating,N/A
CCBG,$15.07,1441135231729,"14,890",Not yet rated,NULL,$17.25
CAPR,$4.5118,1441135231890,"14,661",Not yet rated,NULL,$12
CAPNW,NULL,1441135231921,0,Not yet rated,NULL,N/A
CARA,$18.625,1441135232016,"66,519",50% bullish,of 4 ratings,$25
CRDC,$0.32,1441135232079,"146,961",100% bullish,of 1 rating,$1.25
CPST,$0.3861,1441135232104,"519,216",95% bullish,of 22 ratings,$1.25
CBYL,$5.11,1441135232131,"8,186",100% bearish,of 1 rating,$20
CARB,$11.07,1441135232178,"71,972",75% bullish,of 4 ratings,$12
CRME,$9.11,1441135232203,"5,700",89% bullish,of 9 ratings,$11.25
CECO,$3.65,1441135232355,"106,299",67% bearish,of 3 ratings,$6
CDNA,$6.84,1441135232388,"2,703",100% bearish,of 1 rating,$9
CFNL,$21.65,1441135232409,"41,146",Not yet rated,NULL,$24
CSII,$23.47,1441135232493,"166,028",100% bearish,of 2 ratings,$42.125
CKEC,$23.31,1441135232539,"84,635",50% bullish,of 2 ratings,$35.915
CTRE,$10.87,1441135232564,"128,918",50% bullish,of 2 ratings,$13.50
CATM,$33.75,1441135232589,"189,126",100% bearish,of 1 rating,$44
CLBH,$12.59,1441135232743,"3,209",Not yet rated,NULL,$16.50
CART,NULL,1441135232877,0,100% bearish,of 1 rating,N/A
CRZO,$34.17,1441135232908,"662,829",67% bearish,of 3 ratings,$54.50
CARV,$5.8101,1441135232941,100,50% bullish,of 2 ratings,N/A
CRTN,$2.51,1441135233011,404,100% bearish,of 1 rating,N/A
CARO,$15.4899,1441135233037,"2,680",100% bearish,of 1 rating,$19
TAST,$12.71,1441135233062,"80,879",Not yet rated,NULL,$14.25
CASM,$1.18,1441135233118,"42,384",100% bullish,of 1 rating,$3.50
CACB,$5.25,1441135233221,"15,683",Not yet rated,NULL,$5.50
CWST,$6.05,1441135233255,"29,673",50% bullish,of 2 ratings,$7.25
CSCD,$15.06,1441135233277,"6,805",100% bullish,of 2 ratings,$17
CASY,$104.94,1441135233376,"123,683",50% bullish,of 2 ratings,$99.50
CASS,$47.45,1441135233413,"6,768",100% bearish,of 1 rating,N/A
CASI,$1.44,1441135233441,"3,448",100% bullish,of 1 rating,$3.50
CPRX,$3.67,1441135233598,"263,403",71% bullish,of 7 ratings,$7
CATB,$10.48,1441135233628,"12,621",100% bearish,of 1 rating,$28
CATY,$28.55,1441135233654,"275,170",100% bearish,of 1 rating,$33.50
CATYW,NULL,1441135233728,0,100% bearish,of 1 rating,N/A
CVCO,$71.56,1441135233794,"14,205",100% bearish,of 1 rating,N/A
CAVM,$66.065,1441135233830,"166,522",67% bearish,of 3 ratings,$72
CNLMW,$0.3,1441135234055,"3,100",Not yet rated,NULL,N/A
CNLMU,NULL,1441135234085,0,100% bullish,of 1 rating,N/A
CNLM,NULL,1441135234114,0,Not yet rated,NULL,N/A
CDK,$47.89,1441135234136,"287,256",67% bearish,of 3 ratings,$50
CBFV,$21,1441135234158,"3,750",Not yet rated,NULL,$25
CBOE,$62.655,1441135234198,"185,953",Not yet rated,NULL,$60
CNLMR,$0.34,1441135234220,114,Not yet rated,NULL,N/A
CDW,$38.52,1441135234293,"398,270",75% bullish,of 4 ratings,$44
CECE,$9.25,1441135234393,"41,282",50% bullish,of 2 ratings,$16
CPXX,$2.2199,1441135234420,"62,258",100% bullish,of 2 ratings,$7
CELG,$116.2065,1441135234501,"2,579,249",92% bullish,of 13 ratings,$155.50
CELGZ,$1.68,1441135234566,"9,000",80% bullish,of 5 ratings,N/A
CLDX,$14.4499,1441135234719,"509,742",89% bullish,of 9 ratings,$36
CLDN,$1.165,1441135234749,"149,820",71% bullish,of 7 ratings,$3
CLRB,$3.07,1441135234780,"3,360",100% bearish,of 1 rating,N/A
CBMG,$23.07,1441135234806,"62,193",50% bullish,of 2 ratings,N/A
CLRBW,NULL,1441135234836,0,Not yet rated,NULL,N/A
CLLS,$33.275,1441135234865,"46,296",75% bullish,of 4 ratings,$51.50
CYAD,$47.48,1441135234935,"1,108",100% bullish,of 1 rating,$87.50
CLTX,$2.4937,1441135234999,"99,001",100% bullish,of 2 ratings,N/A
CEMP,$33.3275,1441135235133,"254,884",71% bullish,of 7 ratings,$52
CETX,$2.46,1441135235191,"28,166",Not yet rated,NULL,$5.60
CLSN,$2.03,1441135235237,"30,552",80% bullish,of 10 ratings,$7.50
CSFL,$13.36,1441135235261,"49,390",Not yet rated,NULL,$15
CENTA,$12.7,1441135235466,"106,896",Not yet rated,NULL,N/A
CENT,$12.36,1441135235503,"44,250",Not yet rated,NULL,$10
CFBK,$1.34,1441135235556,200,Not yet rated,NULL,N/A
CETV,$2.1,1441135235583,"37,309",67% bullish,of 3 ratings,$2.80
CVCY,$11.28,1441135235633,"1,255",Not yet rated,NULL,$12
CNTY,$5.8,1441135235662,"6,191",80% bullish,of 5 ratings,$7.75
CNBKA,$41.0499,1441135235683,"1,100",50% bullish,of 2 ratings,N/A
CENX,$5.31,1441135235704,"1,152,144",67% bullish,of 6 ratings,$9
CPHD,$47.07,1441135235851,"276,071",67% bearish,of 3 ratings,$66.50
CRNT,$1.44,1441135235928,"66,389",50% bullish,of 2 ratings,$2
CERN,$59.898,1441135236032,"803,218",67% bullish,of 3 ratings,$79
CERE,$1.1,1441135236063,"196,509",88% bullish,of 8 ratings,N/A
CERS,$4.695,1441135236247,"200,888",75% bullish,of 4 ratings,$7
CYOU,$19,1441135236294,"89,780",50% bullish,of 6 ratings,$24
CERU,$4.21,1441135236320,"36,078",75% bullish,of 4 ratings,$14
HOTR,$1.4299,1441135236380,"159,986",100% bullish,of 2 ratings,$5
KOOL,$0.691,1441135236406,"54,937",100% bullish,of 5 ratings,$7
CEVA,$19.04,1441135236449,"36,770",100% bearish,of 1 rating,$25
CTHR,$1.2896,1441135236474,"2,369",50% bullish,of 2 ratings,$2.50
HOTRW,NULL,1441135236538,0,Not yet rated,NULL,N/A
CHTR,$178.105,1441135236621,"535,269",100% bearish,of 2 ratings,$202
CHFN,$12.49,1441135236715,"5,427",Not yet rated,NULL,$14
CHKP,$77.46,1441135236870,"826,297",50% bullish,of 4 ratings,$92
GTLS,$23.65,1441135236896,"226,352",50% bullish,of 4 ratings,$40
CHEK,$2.23,1441135236928,"2,175",Not yet rated,NULL,$7.75
CEMI,$4.23,1441135237031,"11,614",50% bullish,of 2 ratings,$7.50
CHEKW,NULL,1441135237086,0,Not yet rated,NULL,N/A
CHFC,$30.91,1441135237112,"19,980",100% bearish,of 1 rating,$36
CCXI,$6.21,1441135237143,"48,404",67% bullish,of 3 ratings,$14
CHMG,$26.35,1441135237245,700,Not yet rated,NULL,$30
CHKE,$25.74,1441135237316,"11,041",100% bearish,of 1 rating,$32.50
CHEV,$14.53,1441135237343,679,Not yet rated,NULL,N/A
CHMA,$26.16,1441135237375,"64,134",Not yet rated,NULL,$40
CBNK,$16.39,1441135237472,600,100% bearish,of 1 rating,N/A
CMRX,$47.98,1441135237531,"82,371",50% bullish,of 2 ratings,$57
PLCE,$58.58,1441135237603,"95,307",100% bearish,of 1 rating,$69
CADC,$2.99,1441135237663,"2,900",78% bullish,of 9 ratings,N/A
CBPO,$93,1441135237795,"89,348",75% bullish,of 8 ratings,$140.50
CAAS,$6.06,1441135237827,"8,538",93% bullish,of 14 ratings,$11.50
CCCL,$0.7799,1441135237885,"1,200",100% bullish,of 6 ratings,N/A
JRJC,$3.45,1441135237924,"64,449",82% bullish,of 11 ratings,N/A
CALI,$0.85,1441135237950,"10,357",67% bullish,of 3 ratings,N/A
CBAK,$1.9,1441135237976,"23,560",67% bullish,of 9 ratings,N/A
CHOP,$1.14,1441135238012,"9,199",50% bullish,of 2 ratings,N/A
CCCR,$0.6899,1441135238037,"1,945",67% bearish,of 3 ratings,N/A
HGSH,$1.84,1441135238231,"7,500",67% bullish,of 3 ratings,N/A
CHLN,$1.9431,1441135238290,"2,100",67% bullish,of 3 ratings,N/A
CJJD,$1.83,1441135238335,"2,100",100% bullish,of 1 rating,N/A
CNIT,$1.2301,1441135238365,"72,829",67% bullish,of 6 ratings,N/A
CHNR,$1.5605,1441135238461,500,100% bearish,of 1 rating,N/A
HTHT,$25.5,1441135238494,"49,596",50% bullish,of 2 ratings,$28.40
CREG,$0.66,1441135238519,"7,649",100% bullish,of 3 ratings,N/A
CPGI,$6.84,1441135238559,200,Not yet rated,NULL,N/A
CNTF,$0.8197,1441135238659,"46,379",Not yet rated,NULL,N/A
CNYD,$3.05,1441135238701,"4,602",67% bullish,of 3 ratings,N/A
CXDC,$5.82,1441135238736,"22,762",67% bearish,of 3 ratings,N/A
CCIH,$7.39,1441135238790,"148,774",67% bullish,of 6 ratings,$12.65
CSUN,$1.44,1441135238831,"6,707",80% bullish,of 5 ratings,N/A
CNET,$0.87,1441135238862,"14,765",50% bullish,of 2 ratings,N/A
IMOS,$18.73,1441135238961,"120,655",60% bullish,of 5 ratings,$21.50
CHSCL,$27.15,1441135239066,"17,629",Not yet rated,NULL,N/A
CHSCM,$26.34,1441135239139,"11,269",Not yet rated,NULL,N/A
CHSCO,$28.34,1441135239210,"2,841",Not yet rated,NULL,N/A
CHDN,$131.86,1441135239364,"30,827",Not yet rated,NULL,$165
CHSCP,$30.6041,1441135239393,787,Not yet rated,NULL,N/A
CDTX,$14.25,1441135239418,"23,648",Not yet rated,NULL,$22
CIFC,$7.19,1441135239462,"1,600",100% bearish,of 1 rating,N/A
CHUY,$30.87,1441135239557,"53,356",50% bullish,of 2 ratings,$34
CHSCN,$26.8757,1441135239592,"9,850",Not yet rated,NULL,N/A
CMPR,$68.03,1441135239710,"131,151",50% bullish,of 2 ratings,$72.50
CMCT,$15.3,1441135239743,808,100% bearish,of 1 rating,N/A
CINF,$51.01,1441135239770,"256,349",50% bullish,of 4 ratings,$50.50
CIDM,$0.5601,1441135239800,"114,227",50% bullish,of 2 ratings,$2.10
CTAS,$83.26,1441135239843,"181,323",100% bearish,of 1 rating,$91
CPHR,$5.16,1441135239905,"8,850",100% bearish,of 1 rating,$17
CTRN,$26.11,1441135240153,"35,183",100% bearish,of 1 rating,$31.50
CRUS,$28.96,1441135240188,"305,549",75% bullish,of 12 ratings,$44.50
CZNC,$19.52,1441135240209,"2,495",Not yet rated,NULL,N/A
CZWI,$8.97,1441135240239,979,Not yet rated,NULL,N/A
CSCO,$25.2,1441135240268,"12,730,071",83% bullish,of 210 ratings,$32
CTXS,$65.63,1441135240294,"775,710",86% bullish,of 7 ratings,$80
CZFC,$12.71,1441135240378,"1,882",Not yet rated,NULL,N/A
CIVB,$10.061,1441135240488,"4,219",Not yet rated,NULL,$11
CIZN,NULL,1441135240566,0,Not yet rated,NULL,N/A
CHCO,$46.56,1441135240626,"17,326",Not yet rated,NULL,$46
CLNE,$4.98,1441135240652,"509,419",80% bullish,of 15 ratings,$9
CIVBP,NULL,1441135240831,0,Not yet rated,NULL,N/A
CLNT,$1.4165,1441135240891,"16,455",75% bullish,of 8 ratings,N/A
CDTI,$1.59,1441135240917,"70,080",75% bullish,of 4 ratings,$3.20
CLVS,$79.1,1441135241226,"339,251",60% bullish,of 5 ratings,$101.50
CLFD,$17.05,1441135241287,"50,762",67% bullish,of 3 ratings,$18
CLIR,$4.69,1441135241319,"20,395",100% bullish,of 3 ratings,N/A
CLRO,$11.36,1441135241341,"1,752",50% bullish,of 2 ratings,$14.25
CMFN,$11.35,1441135241362,"4,266",100% bearish,of 1 rating,$15.50
CBLI,$4.06,1441135241390,"27,057",60% bullish,of 5 ratings,N/A
CSBK,$13.65,1441135241423,"35,615",Not yet rated,NULL,N/A
CME,$91.462,1441135241561,"552,147",67% bullish,of 3 ratings,$102
CISG,$7.54,1441135241615,"43,025",100% bullish,of 5 ratings,$10
CWAY,$11.12,1441135241719,"2,604",Not yet rated,NULL,N/A
COBZ,$12.57,1441135241744,"21,048",100% bullish,of 1 rating,$14
CCNE,$17.01,1441135241771,"6,797",50% bullish,of 2 ratings,$21.50
COKE,$153.34,1441135241904,"14,356",79% bullish,of 19 ratings,N/A
CNV,$4.48,1441135241931,"25,982",50% bullish,of 2 ratings,$7.15
CDRB,$12,1441135241960,"8,687",67% bullish,of 3 ratings,N/A
CDXS,$3.69,1441135242013,"8,970",64% bullish,of 11 ratings,$6
JVA,$4.595,1441135242066,"9,053",83% bullish,of 6 ratings,$7
CCOI,$27.32,1441135242113,"127,378",50% bullish,of 4 ratings,$35
CVLY,$20.52,1441135242142,666,Not yet rated,NULL,N/A
CTSH,$61.475,1441135242203,"1,897,665",90% bullish,of 10 ratings,$75
COHR,$55.91,1441135242303,"32,996",50% bullish,of 2 ratings,$72
CGNX,$34.34,1441135242328,"174,677",50% bullish,of 2 ratings,$47
CGNT,$1.53,1441135242401,"5,532",100% bullish,of 2 ratings,$2
CLCT,$17.96,1441135242545,"41,409",100% bearish,of 1 rating,N/A
CHRS,$27.19,1441135242579,"27,419",67% bearish,of 3 ratings,$37
COHU,$9.445,1441135242600,"36,747",100% bearish,of 1 rating,$14.25
COLL,$13.13,1441135242634,"70,900",100% bearish,of 1 rating,$26
CLRX,$0.6405,1441135242679,"128,172",50% bullish,of 2 ratings,N/A
CBAN,$8.8,1441135242729,400,Not yet rated,NULL,N/A
CLCD,$6.21,1441135242882,"34,982",100% bearish,of 1 rating,$20.50
COLB,$29.1,1441135242915,"71,250",Not yet rated,NULL,$36
CIGI,$43.9,1441135242948,"56,267",100% bearish,of 1 rating,$52
COLM,$59.94,1441135242976,"39,998",100% bearish,of 1 rating,$71
CMCSA,$55.31,1441135243051,"5,408,455",66% bullish,of 35 ratings,$69.50
CBMX,$1.13,1441135243117,"14,701",83% bullish,of 6 ratings,$3.15
CMCO,$18.49,1441135243145,"38,959",60% bullish,of 5 ratings,$28
CMCSK,$56.42,1441135243279,"1,822,711",Not yet rated,NULL,$84
CBSHP,$25.3,1441135243333,"1,956",100% bearish,of 1 rating,N/A
CUBN,NULL,1441135243468,0,Not yet rated,NULL,N/A
CBSH,$43.04,1441135243503,"114,929",50% bullish,of 2 ratings,$46
COMM,$31.79,1441135243524,"674,689",67% bearish,of 3 ratings,$35
CVGI,$4.87,1441135243546,"81,603",50% bullish,of 2 ratings,$6
ESXB,$5.02,1441135243596,"7,700",Not yet rated,NULL,N/A
JCS,$8.88,1441135243674,900,67% bullish,of 3 ratings,N/A
CSAL,$20.22,1441135243706,"356,960",75% bullish,of 4 ratings,$30
CYHHZ,$0.01,1441135243816,"24,746",100% bullish,of 1 rating,N/A
CTBI,$34.47,1441135243848,"11,755",Not yet rated,NULL,$36
CWBC,$6.8,1441135243874,"4,744",Not yet rated,NULL,N/A
COB,$10.36,1441135243895,"4,551",100% bullish,of 1 rating,$11.75
CSA,NULL,1441135244156,0,Not yet rated,NULL,N/A
CIL,NULL,1441135244187,0,Not yet rated,NULL,N/A
CID,$32.66,1441135244217,900,Not yet rated,NULL,N/A
CVLT,$35,1441135244240,"179,668",75% bullish,of 4 ratings,$44.50
CIZ,$32.4899,1441135244276,572,100% bearish,of 1 rating,N/A
CFO,$34.5301,1441135244303,"106,964",100% bearish,of 1 rating,N/A
CDC,$33.7639,1441135244329,"7,024",Not yet rated,NULL,N/A
CSF,$36.06,1441135244373,"1,760",100% bearish,of 1 rating,N/A
CFA,$34.72,1441135244478,700,100% bearish,of 1 rating,N/A
CGEN,$4.88,1441135244613,"37,467",50% bullish,of 2 ratings,$11
CSB,$32.45,1441135244659,850,Not yet rated,NULL,N/A
SCOR,$48.71,1441135244688,"247,217",100% bearish,of 1 rating,$66
CPSI,$45.49,1441135244719,"33,367",100% bearish,of 1 rating,$45.50
CDL,NULL,1441135244791,0,Not yet rated,NULL,N/A
CHCI,$0.652,1441135244818,335,50% bullish,of 2 ratings,N/A
CTG,$6.6,1441135244846,"20,996",100% bearish,of 1 rating,$8.50
CMTL,$26.19,1441135244981,"17,510",100% bearish,of 2 ratings,$37
CNCE,$15.72,1441135245034,"107,073",75% bullish,of 4 ratings,$22
CNAT,$3.73,1441135245115,"101,970",83% bullish,of 6 ratings,$13
CCUR,$5.514,1441135245145,"23,746",75% bullish,of 4 ratings,N/A
CXRX,$77.2119,1441135245175,832,100% bearish,of 1 rating,$90
CNSI,$18.145,1441135245201,"30,103",100% bearish,of 2 ratings,$29
CDOR,$1.33,1441135245246,"6,733",100% bullish,of 1 rating,N/A
CFMS,$15.58,1441135245376,"204,308",100% bearish,of 1 rating,$27
CDORO,NULL,1441135245405,0,100% bearish,of 1 rating,N/A
CDORP,$6.51,1441135245431,"5,366",100% bearish,of 1 rating,N/A
CNMD,$50.92,1441135245462,"44,589",Not yet rated,NULL,$59
CNOB,$18.79,1441135245642,"36,012",100% bullish,of 1 rating,$23.50
CTWS,$34.88,1441135245704,"14,368",100% bearish,of 1 rating,$44
CNFR,$9.7418,1441135245761,"8,164",Not yet rated,NULL,N/A
CNSL,$19.2,1441135245789,"66,853",100% bearish,of 1 rating,$23
CNXR,$6.95,1441135245810,"38,075",100% bearish,of 1 rating,$12
CONN,$28.45,1441135245869,"268,107",67% bullish,of 3 ratings,$48.50
CWCO,$10.32,1441135245896,"28,576",67% bullish,of 3 ratings,$14.50
CPSS,$5.53,1441135246050,"19,588",100% bullish,of 1 rating,$10
CTCT,$24,1441135246079,"89,369",67% bullish,of 3 ratings,$37
CFRX,$4.87,1441135246122,"15,248",Not yet rated,NULL,$14
CTRL,$8.61,1441135246177,"207,316",50% bullish,of 2 ratings,$11
CFRXZ,$0.49,1441135246251,"8,233",Not yet rated,NULL,N/A
CFRXW,$1.6,1441135246309,"1,100",100% bearish,of 1 rating,N/A
CRBP,$1.8799,1441135246471,"122,990",100% bullish,of 2 ratings,$6.25
CPRT,$34.05,1441135246496,"405,850",67% bearish,of 3 ratings,$40
CORT,$4.875,1441135246524,"202,401",67% bullish,of 3 ratings,$12
CTRV,$3.76,1441135246551,"34,087",Not yet rated,NULL,$6.40
BVA,$3.58,1441135246733,200,50% bullish,of 2 ratings,N/A
CSOD,$35.65,1441135246762,"254,694",50% bullish,of 2 ratings,$42
CORE,$59.09,1441135246795,"54,560",100% bearish,of 1 rating,$72
CSGP,$171.39,1441135246897,"73,569",50% bullish,of 2 ratings,$235
COSI,$1.11,1441135246926,"70,772",100% bullish,of 1 rating,N/A
CRVL,$29.95,1441135246957,"29,219",100% bearish,of 1 rating,N/A
CORI,$10.74,1441135246990,"36,371",100% bearish,of 1 rating,$18
ICBK,$18.6,1441135247063,400,Not yet rated,NULL,$21
CPAH,NULL,1441135247090,0,50% bullish,of 2 ratings,N/A
COST,$138.21,1441135247111,"993,881",79% bullish,of 24 ratings,$154.50
CVTI,$22.52,1441135247258,"65,815",67% bearish,of 3 ratings,$39
COVS,$2.67,1441135247354,"23,094",67% bullish,of 3 ratings,N/A
COWN,$5.08,1441135247384,"542,151",75% bullish,of 4 ratings,$7
COWNL,$26.31,1441135247454,700,Not yet rated,NULL,N/A
CPSH,$2.35,1441135247484,"1,000",Not yet rated,NULL,N/A
CRAI,$22.895,1441135247587,"18,635",100% bearish,of 1 rating,$36
CBRL,$143.75,1441135247760,"151,067",50% bullish,of 2 ratings,$155
SLVO,$10.001,1441135247786,"1,408",100% bearish,of 1 rating,N/A
CACC,$199.61,1441135247822,"70,459",50% bullish,of 2 ratings,$158.50
CREE,$26.23,1441135247854,"593,765",65% bullish,of 17 ratings,$29.50
GLDI,$11.08,1441135247883,"3,366",100% bearish,of 1 rating,N/A
CRAY,$20.66,1441135247906,"116,884",83% bullish,of 6 ratings,$38.50
CRESY,$10.35,1441135247958,"13,108",100% bearish,of 1 rating,$19
CROX,$14.12,1441135248138,"327,256",63% bullish,of 8 ratings,$16.50
CRTO,$37.39,1441135248170,"601,003",67% bullish,of 6 ratings,$64
CCRN,$13.92,1441135248209,"148,089",100% bearish,of 1 rating,$14.25
CRWS,$8.09,1441135248271,"1,500",Not yet rated,NULL,$10
CRDS,$1,1441135248343,"4,100",75% bullish,of 4 ratings,$4.50
CRWN,$4.96,1441135248498,"359,636",75% bullish,of 4 ratings,N/A
CYRX,$2.82,1441135248525,"21,292",Not yet rated,NULL,$9
CYRXW,$0.7601,1441135248546,"24,600",Not yet rated,NULL,N/A
CTCM,$1.74,1441135248684,"404,800",80% bearish,of 5 ratings,$3.90
CSGS,$30.23,1441135248726,"81,318",Not yet rated,NULL,$40
BREW,$7.755,1441135248814,"16,548",67% bullish,of 6 ratings,$15
CTIB,$3.6201,1441135248846,"2,553",100% bearish,of 1 rating,N/A
CTRP,$64.51,1441135248869,"745,708",75% bullish,of 8 ratings,$92.50
CCLP,$14.48,1441135248891,"34,973",67% bearish,of 3 ratings,$20
CSPI,$5.78,1441135248924,"1,813",67% bullish,of 3 ratings,N/A
CTIC,$1.55,1441135249053,"223,984",84% bullish,of 76 ratings,$5.75
CUNB,$21.31,1441135249138,"13,886",Not yet rated,NULL,$24.50
CMLS,$1.28,1441135249215,"415,322",50% bullish,of 4 ratings,$6
CPIX,$6.15,1441135249244,"4,600",Not yet rated,NULL,N/A
CRIS,$2.53,1441135249308,"81,801",100% bullish,of 8 ratings,$6
CUI,$5.18,1441135249351,"10,202",50% bullish,of 2 ratings,$10
CUTR,$14.82,1441135249551,"52,066",67% bearish,of 3 ratings,$18
CYAN,$6.5219,1441135249585,"3,436",100% bearish,of 1 rating,N/A
CYBR,$50.0219,1441135249608,"596,523",75% bullish,of 8 ratings,$66
CVBF,$15.75,1441135249642,"291,826",Not yet rated,NULL,$18
CYBX,$63.51,1441135249680,"119,822",50% bullish,of 4 ratings,$71.50
CVV,$11.41,1441135249737,"7,391",100% bullish,of 5 ratings,N/A
CYCC,$0.551,1441135249764,"38,975",73% bullish,of 11 ratings,N/A
CYBE,$6.86,1441135249911,"2,971",100% bearish,of 1 rating,N/A
CBAY,$2.65,1441135249962,"31,442",100% bullish,of 1 rating,$4
CYCCP,NULL,1441135250011,0,100% bearish,of 1 rating,N/A
CYNA,$15.85,1441135250095,"10,735",50% bullish,of 2 ratings,$31.50
CY,$9.705,1441135250143,"3,714,811",80% bullish,of 10 ratings,$15.50
CYNO,$30.585,1441135250176,"171,705",67% bearish,of 3 ratings,$45.50
CYRN,$1.78,1441135250277,"30,630",67% bullish,of 3 ratings,$4
CONE,$30.7892,1441135250302,"146,155",67% bearish,of 3 ratings,$35.50
CYTK,$6.93,1441135250333,"115,085",71% bullish,of 14 ratings,$13.50
CYTX,$0.3793,1441135250439,"1,507,626",83% bullish,of 12 ratings,$5.50
CTSO,$6.92,1441135250473,"23,697",Not yet rated,NULL,$15.625
CYTR,$2.31,1441135250494,"194,539",67% bullish,of 6 ratings,$10
DAEG,$0.37,1441135250573,5,100% bearish,of 1 rating,N/A
TVIZ,$23.85,1441135250627,"10,912",100% bearish,of 1 rating,N/A
XIV,$22.23,1441135250761,"19,024,403",75% bearish,of 4 ratings,N/A
ZIV,$35.43,1441135250788,"167,325",Not yet rated,NULL,N/A
TVIX,$18.76,1441135250862,"11,641,765",81% bullish,of 16 ratings,N/A
DARA,$0.8302,1441135250945,"42,390",83% bullish,of 6 ratings,$1.50
DAKT,$8.41,1441135251007,"106,423",50% bullish,of 2 ratings,$12
DAIO,$2.6001,1441135251037,"7,175",Not yet rated,NULL,N/A
DJCO,NULL,1441135251062,0,Not yet rated,NULL,N/A
DRAM,$1.41,1441135251139,"11,883",78% bullish,of 9 ratings,N/A
DTLK,$5.67,1441135251200,"17,458",100% bearish,of 1 rating,$9
DWCH,$5.07,1441135251273,"20,075",75% bullish,of 4 ratings,$8.25
DTEA,$12.941,1441135251336,"35,905",100% bearish,of 2 ratings,$24
PLAY,$34.46,1441135251402,"98,809",100% bullish,of 5 ratings,$42
DBVT,$38.16,1441135251436,"63,811",100% bearish,of 1 rating,$53
DWSN,$4.46,1441135251498,"16,013",67% bullish,of 3 ratings,N/A
TRAK,$62.7,1441135251567,"340,690",50% bullish,of 2 ratings,$62.50
DHRM,$1.6104,1441135251632,"4,718",Not yet rated,NULL,N/A
TACO,$12.48,1441135251657,"73,957",75% bullish,of 4 ratings,$20
DFRG,$14.38,1441135251786,"90,737",100% bearish,of 1 rating,$20
TACOW,$3.7,1441135251880,600,100% bullish,of 1 rating,N/A
DGAS,$20.4,1441135251912,"2,816",67% bearish,of 3 ratings,N/A
DCTH,$0.43,1441135251966,"27,775",78% bullish,of 9 ratings,N/A
DELTW,NULL,1441135252009,0,Not yet rated,NULL,N/A
DENN,$11.04,1441135252067,"211,230",100% bullish,of 3 ratings,$15
DELT,NULL,1441135252092,0,Not yet rated,NULL,N/A
DEPO,$26.27,1441135252122,"362,830",60% bullish,of 5 ratings,$29
XRAY,$50.68,1441135252229,"269,921",100% bullish,of 1 rating,$58
DSCI,$5.78,1441135252279,"41,125",50% bullish,of 2 ratings,$16
DEST,$11.17,1441135252374,"15,144",50% bullish,of 2 ratings,N/A
DXLG,$6.04,1441135252407,"105,224",100% bearish,of 1 rating,$8
DERM,$26.3,1441135252433,"46,578",100% bearish,of 1 rating,$33.50
DXCM,$88.09,1441135252567,"476,782",57% bullish,of 7 ratings,$98
DXM,$0.2549,1441135252592,"290,930",50% bullish,of 2 ratings,N/A
DSWL,$1.61,1441135252623,"11,456",100% bullish,of 1 rating,N/A
DHXM,NULL,1441135252734,0,Not yet rated,NULL,N/A
DMND,$29.64,1441135252761,"95,702",75% bullish,of 12 ratings,$32
DHIL,$192.388,1441135252787,"4,974",Not yet rated,NULL,N/A
FANG,$64.44,1441135252918,"494,313",50% bullish,of 2 ratings,$86.50
DCIX,$1.6524,1441135252949,"5,707",50% bullish,of 4 ratings,$3.50
DRNA,$10.84,1441135252970,"55,642",67% bearish,of 3 ratings,$25
DGII,$10.21,1441135252999,"53,445",100% bearish,of 1 rating,$11
DRAD,$3.84,1441135253131,"8,041",100% bullish,of 1 rating,$5.25
DMRC,$37.21,1441135253163,"23,319",100% bearish,of 1 rating,$44
APPS,$2.55,1441135253264,"196,863",100% bearish,of 1 rating,$10.25
DGLY,$7.86,1441135253296,"64,012",50% bullish,of 6 ratings,$20
DIOD,$19.05,1441135253392,"69,585",75% bearish,of 4 ratings,$24
DCOM,$16.54,1441135253418,"37,416",100% bearish,of 2 ratings,$16
DISCA,$26.14,1441135253492,"1,287,062",67% bullish,of 3 ratings,$34
DPRX,$14.95,1441135253546,"18,850",100% bullish,of 2 ratings,$27.75
DISCK,$25.0001,1441135253584,"1,135,434",100% bearish,of 1 rating,$32
DSCO,$0.4158,1441135253620,"142,648",83% bullish,of 6 ratings,$2.75
DISCB,NULL,1441135253653,0,100% bearish,of 1 rating,$35
DISH,$59.25,1441135253674,"625,769",69% bullish,of 13 ratings,$73
DVCR,$10.91,1441135253747,"13,000",100% bullish,of 1 rating,N/A
DLHC,$2.58,1441135253920,"1,500",100% bearish,of 1 rating,N/A
DNBF,$26.05,1441135253956,"1,100",Not yet rated,NULL,$27.50
DLTR,$69.74,1441135254006,"6,082,984",82% bullish,of 11 ratings,$88
BAGR,$2.7,1441135254053,"10,984",100% bearish,of 1 rating,$6
DGICA,$14.23,1441135254083,"10,646",100% bearish,of 1 rating,$17
DGICB,NULL,1441135254186,0,100% bearish,of 1 rating,N/A
HILL,$9.6701,1441135254312,"548,257",60% bearish,of 5 ratings,$9.75
DRWI,$0.2,1441135254366,"70,875",60% bullish,of 5 ratings,$.45
DMLP,$14.71,1441135254441,"10,712",100% bearish,of 1 rating,N/A
DRWIW,$0.03,1441135254497,"5,117",Not yet rated,NULL,N/A
DWA,$19.56,1441135254528,"215,572",63% bullish,of 8 ratings,$26
DORM,$50.1425,1441135254602,"157,331",100% bearish,of 1 rating,$56
DSKX,$3.32,1441135254633,"25,702",100% bullish,of 1 rating,N/A
DRYS,$0.4313,1441135254659,"1,945,315",77% bullish,of 31 ratings,$.60
DSPG,$8.7,1441135254788,"13,600",100% bearish,of 1 rating,$13.50
CADT,NULL,1441135254862,0,Not yet rated,NULL,N/A
CADTW,NULL,1441135254940,0,Not yet rated,NULL,N/A
CADTR,NULL,1441135254971,0,Not yet rated,NULL,N/A
CADTU,NULL,1441135254996,0,Not yet rated,NULL,N/A
DRRX,$2.085,1441135255025,"77,008",50% bullish,of 6 ratings,$3
DTSI,$25.7,1441135255072,"28,503",100% bearish,of 2 ratings,$39.50
DYAX,$22.04,1441135255130,"318,323",89% bullish,of 9 ratings,$30
DYNT,$3.09,1441135255301,300,75% bullish,of 4 ratings,N/A
DYSL,$1.49,1441135255334,"51,687",100% bullish,of 2 ratings,N/A
DNKN,$49.225,1441135255368,"1,140,682",67% bullish,of 15 ratings,$56.50
DXPE,$29.55,1441135255389,"127,145",50% bullish,of 2 ratings,N/A
DVAX,$27.31,1441135255432,"239,424",70% bullish,of 10 ratings,$40
ETFC,$25.02,1441135255458,"1,914,372",57% bullish,of 14 ratings,$32.50
BOOM,$11.29,1441135255483,"64,036",67% bullish,of 3 ratings,$12
EGLE,$7.05,1441135255663,"5,904",60% bullish,of 5 ratings,N/A
EGBN,$41,1441135255723,"21,715",Not yet rated,NULL,$48
EGRX,$76.31,1441135255751,"111,115",67% bullish,of 3 ratings,$97
EBMT,$11.54,1441135255777,300,Not yet rated,NULL,$13.50
EWBC,$38.67,1441135255879,"392,471",100% bearish,of 1 rating,$50
ELNK,$8.22,1441135255909,"212,408",60% bullish,of 5 ratings,$9.50
EML,$16.24,1441135255970,"35,653",Not yet rated,NULL,N/A
EROC,$1.555,1441135256005,"115,382",50% bullish,of 2 ratings,$3
EVBS,$6.57,1441135256073,"3,700",Not yet rated,NULL,$7
EBAY,$26.495,1441135256102,"6,305,277",81% bullish,of 117 ratings,$34
EACQU,$10.15,1441135256126,300,Not yet rated,NULL,N/A
EBIX,$28.0699,1441135256230,"105,999",69% bullish,of 13 ratings,$40
ECHO,$22.33,1441135256257,"116,918",67% bearish,of 3 ratings,$34.50
ELON,$0.58,1441135256301,"59,974",50% bullish,of 2 ratings,N/A
ECTE,$1.47,1441135256406,"6,598",75% bullish,of 4 ratings,N/A
SATS,$43.73,1441135256467,"52,679",50% bullish,of 2 ratings,$60
ECACU,NULL,1441135256656,0,Not yet rated,NULL,N/A
EDAP,$3.623,1441135256686,"19,256",60% bullish,of 5 ratings,$4.50
ESES,$3.31,1441135256722,880,100% bearish,of 1 rating,$7
EEI,$11.6195,1441135256743,"4,023",67% bearish,of 3 ratings,N/A
EDUC,$6.384,1441135256777,"26,406",100% bearish,of 1 rating,N/A
EGAN,$3.6999,1441135256806,"10,174",50% bullish,of 2 ratings,$6.25
EFUT,$4.65,1441135256834,"1,500",Not yet rated,NULL,N/A
EDGW,$7.19,1441135256878,"1,600",100% bearish,of 1 rating,N/A
LOCO,$12.9,1441135257056,"390,105",69% bullish,of 13 ratings,$19.50
EHTH,$14.23,1441135257108,"63,087",50% bullish,of 4 ratings,$16.50
EGLT,$12.17,1441135257185,"75,954",50% bullish,of 2 ratings,$21
EMITF,$1.23,1441135257260,858,75% bullish,of 4 ratings,N/A
ERI,$9.4137,1441135257286,"44,575",100% bearish,of 1 rating,$10
ESLT,$77,1441135257317,"7,295",67% bullish,of 3 ratings,N/A
ELRC,$10.46,1441135257419,"13,813",100% bearish,of 1 rating,N/A
EA,$63.535,1441135257448,"1,947,296",78% bullish,of 36 ratings,$80
ESIO,$4.475,1441135257486,"29,890",50% bullish,of 2 ratings,$10
ELEC,NULL,1441135257590,0,Not yet rated,NULL,N/A
EFII,$42.87,1441135257620,"92,958",80% bullish,of 5 ratings,$55
ELSE,NULL,1441135257647,0,60% bullish,of 5 ratings,N/A
ELECU,NULL,1441135257677,0,Not yet rated,NULL,N/A
EBIO,$3.437,1441135257781,"183,202",100% bearish,of 2 ratings,$8.35
ELECW,NULL,1441135257832,0,Not yet rated,NULL,N/A
RDEN,$10.825,1441135257883,"57,117",100% bearish,of 4 ratings,$15
CAPX,$22.416,1441135257964,200,Not yet rated,NULL,N/A
ELTK,$1.2899,1441135258140,"18,056",67% bearish,of 3 ratings,N/A
ESBK,$19.83,1441135258219,130,Not yet rated,NULL,N/A
EMCI,$22.75,1441135258244,"10,080",Not yet rated,NULL,N/A
LONG,$16.955,1441135258276,"10,278",67% bullish,of 3 ratings,$15.75
EMKR,$6.87,1441135258315,"63,256",75% bullish,of 4 ratings,$8.50
EMCF,$23.48,1441135258336,200,100% bearish,of 1 rating,N/A
EMMS,$1.1901,1441135258372,"13,375",83% bullish,of 6 ratings,N/A
EMMSP,NULL,1441135258404,0,100% bearish,of 1 rating,N/A
NYNY,$4.205,1441135258435,"13,700",50% bullish,of 2 ratings,N/A
ENTA,$37.2196,1441135258650,"100,901",50% bullish,of 2 ratings,$42
ECPG,$38.68,1441135258685,"100,682",100% bullish,of 2 ratings,$52
ERS,$3.45,1441135258710,"7,265",Not yet rated,NULL,N/A
ECYT,$5.165,1441135258843,"129,918",83% bullish,of 6 ratings,$12
WIRE,$31.64,1441135258873,"55,801",100% bearish,of 1 rating,$37
ELGX,$12.73,1441135258899,"164,945",75% bullish,of 4 ratings,$17
ENDP,$73.87,1441135258974,"1,272,644",50% bullish,of 6 ratings,$104
EIGI,$14.775,1441135259032,"384,413",67% bearish,of 3 ratings,$22.50
WATT,$7.17,1441135259069,"65,319",50% bullish,of 2 ratings,$13
EFOI,$22.45,1441135259103,"613,842",50% bullish,of 2 ratings,$24.50
ERII,$2.6201,1441135259135,"6,238",80% bullish,of 5 ratings,$2.50
EXXI,$1.7263,1441135259205,"761,681",86% bullish,of 7 ratings,$3.50
ENOC,$8.95,1441135259233,"106,442",75% bullish,of 4 ratings,$18
ENG,$1.01,1441135259269,"18,500",100% bullish,of 3 ratings,N/A
ENPH,$4.475,1441135259400,"358,399",75% bullish,of 4 ratings,$11
ESGR,$148.18,1441135259538,"20,878",100% bearish,of 1 rating,$185
ETRM,$0.273,1441135259683,"243,988",69% bearish,of 35 ratings,$1.625
ENFC,$17.49,1441135259718,438,Not yet rated,NULL,N/A
ENTL,$21.17,1441135259739,"21,326",Not yet rated,NULL,$28
EBTC,$21.12,1441135259760,900,Not yet rated,NULL,N/A
ENTG,$13.39,1441135259782,"242,551",100% bearish,of 1 rating,$18
EFSC,$23.58,1441135259824,"16,718",Not yet rated,NULL,$27
ENZN,$0.9685,1441135259910,"216,275",100% bullish,of 9 ratings,N/A
EGT,$1.95,1441135259998,"4,100",100% bullish,of 1 rating,N/A
ENZY,$9.9,1441135260040,"21,889",67% bullish,of 3 ratings,$9.50
EPRS,$5.02,1441135260070,"26,475",82% bullish,of 11 ratings,$15
EPIQ,$12.47,1441135260091,"14,693",100% bearish,of 1 rating,$18
EPZM,$19.67,1441135260126,"166,069",60% bullish,of 5 ratings,$34
ENVI,$1.8321,1441135260223,"7,357",67% bullish,of 3 ratings,N/A
PLUS,$74.11,1441135260283,"32,971",50% bullish,of 2 ratings,$88
EQIX,$263.19,1441135260493,"385,960",75% bullish,of 4 ratings,$312.50
EQFN,$8.07,1441135260591,800,100% bearish,of 1 rating,N/A
ERIC,$9.56,1441135260644,"1,551,439",67% bullish,of 9 ratings,$12.20
ESCA,$17.72,1441135260673,700,100% bearish,of 1 rating,$22
ESCRP,$1.5299,1441135260728,"1,000",100% bearish,of 1 rating,N/A
ESMC,$1.3801,1441135260756,110,Not yet rated,NULL,N/A
ERIE,$80.82,1441135260782,"6,580",Not yet rated,NULL,$73
EAC,$3.47,1441135260859,"8,528",100% bearish,of 1 rating,$8
ESPR,$47.29,1441135260911,"579,369",70% bearish,of 10 ratings,$122.50
ESCR,$0.135,1441135260938,"221,059",50% bullish,of 2 ratings,N/A
EPIX,$6,1441135260999,362,Not yet rated,NULL,N/A
ESSX,$0.4996,1441135261104,"46,778",50% bullish,of 2 ratings,N/A
ESSA,$12.915,1441135261141,"3,200",100% bearish,of 1 rating,N/A
ESND,$33.4,1441135261190,"58,437",100% bearish,of 2 ratings,$40
ETSY,$14.04,1441135261291,"181,312",80% bullish,of 5 ratings,$16
CLWT,$2.496,1441135261319,300,100% bullish,of 1 rating,N/A
ESEA,$4.598,1441135261467,520,100% bullish,of 1 rating,$15
EEFT,$62.6,1441135261533,"55,202",100% bearish,of 1 rating,$67.50
EVEP,$8.51,1441135261563,"173,770",50% bullish,of 2 ratings,$15
EVK,$3.77,1441135261592,890,75% bearish,of 4 ratings,N/A
EVOL,$5.82,1441135261674,"10,450",75% bullish,of 4 ratings,$10
EVOK,$3.4,1441135261725,"38,750",100% bearish,of 1 rating,$13.375
EVLV,$2.655,1441135261752,"38,463",60% bullish,of 5 ratings,$4.625
EXAC,$19.07,1441135261831,"19,753",100% bearish,of 1 rating,$22.50
EXAS,$21.8295,1441135261883,"493,709",78% bullish,of 9 ratings,$31
EXA,$10.81,1441135261984,"9,492",100% bearish,of 1 rating,$13
EXEL,$5.55,1441135262018,"4,923,193",81% bullish,of 16 ratings,$6
EXFO,$3,1441135262040,391,67% bearish,of 3 ratings,$3.95
EXLS,$36.12,1441135262118,"56,250",50% bullish,of 2 ratings,$41
EXPD,$48.16,1441135262219,"732,786",80% bullish,of 5 ratings,$52
EXPE,$110.64,1441135262240,"691,946",64% bullish,of 11 ratings,$130
EXPO,$42.33,1441135262276,"29,588",100% bearish,of 1 rating,$45.50
EXLP,$20.26,1441135262379,"61,903",100% bearish,of 1 rating,$25
EYEG,$3.85,1441135262413,"21,919",Not yet rated,NULL,N/A
ESRX,$82,1441135262506,"2,356,953",67% bearish,of 6 ratings,$101
EYEGW,$1.06,1441135262531,"1,800",Not yet rated,NULL,N/A
EXTR,$2.965,1441135262588,"445,034",80% bullish,of 5 ratings,$3
EZCH,$22.7701,1441135262670,"71,735",75% bullish,of 8 ratings,$19.50
FB,$87.1192,1441135262700,"16,153,870",73% bullish,of 1072 ratings,$111
FFIV,$118.57,1441135262738,"450,405",63% bullish,of 8 ratings,$132
EZPW,$6.2237,1441135262837,"147,089",50% bullish,of 4 ratings,$7
FCS,$13.255,1441135262866,"317,818",67% bearish,of 3 ratings,$17
FRP,$15.84,1441135263002,"24,841",100% bearish,of 1 rating,$18
FALC,$1.7228,1441135263039,"16,700",63% bearish,of 8 ratings,N/A
FWM,$2.22,1441135263137,"76,495",100% bearish,of 2 ratings,$3.20
DAVE,$14.3,1441135263169,"7,129",100% bearish,of 1 rating,$15.50
FARM,$22.35,1441135263190,"28,545",100% bearish,of 1 rating,$35
FFKT,$25.73,1441135263226,"4,520",Not yet rated,NULL,$29
FARO,$38.16,1441135263267,"43,631",50% bullish,of 2 ratings,$48
FMNB,$8.11,1441135263320,"4,316",Not yet rated,NULL,N/A
FATE,$6.45,1441135263398,"20,260",50% bullish,of 2 ratings,$11
FAST,$37.635,1441135263476,"956,301",80% bullish,of 5 ratings,$45.50
FBSS,$15.8,1441135263505,274,Not yet rated,NULL,N/A
FDML,$9.03,1441135263531,"155,679",50% bullish,of 4 ratings,$14
FBRC,$21.69,1441135263690,"30,240",100% bearish,of 1 rating,$29
FCSC,$5.49,1441135263827,"36,362",100% bearish,of 1 rating,$8.125
FHCO,$1.41,1441135263878,"11,812",50% bullish,of 4 ratings,N/A
FNHC,$21.57,1441135263902,"26,406",100% bearish,of 1 rating,$35
FENX,$9.75,1441135263934,"37,363",100% bullish,of 1 rating,$14.25
FGEN,$22.96,1441135263955,"107,693",100% bearish,of 1 rating,$39
FEIC,$73.55,1441135263991,"73,370",50% bullish,of 2 ratings,$95.50
ONEQ,$183.4401,1441135264085,"12,547",100% bullish,of 1 rating,N/A
LION,$18.6549,1441135264116,"69,718",100% bullish,of 1 rating,$20
FDUS,$14.747,1441135264147,"14,154",50% bullish,of 2 ratings,$18
FRGI,$50.71,1441135264247,"73,170",50% bullish,of 2 ratings,$70
FSC,$6.5,1441135264276,"431,404",60% bullish,of 5 ratings,$8
FSAM,$8.2572,1441135264301,"3,498",100% bearish,of 1 rating,$10.25
FSCFL,$24.6399,1441135264434,"5,460",Not yet rated,NULL,N/A
FSFR,$8.7007,1441135264507,"25,865",100% bearish,of 1 rating,$11.50
FNGN,$30.98,1441135264566,"214,821",67% bullish,of 3 ratings,$47
FITB,$19.15,1441135264608,"3,943,536",54% bullish,of 13 ratings,$22
FITBI,$27.47,1441135264639,"2,748",Not yet rated,NULL,N/A
FNSR,$15.19,1441135264702,"289,935",71% bullish,of 7 ratings,$24
FISI,$24.61,1441135264734,"21,410",100% bullish,of 2 ratings,$24.50
FNJN,$1.7801,1441135264771,"25,421",100% bearish,of 1 rating,$5
FNTC,NULL,1441135264840,0,Not yet rated,NULL,N/A
FNTCU,NULL,1441135264941,0,Not yet rated,NULL,N/A
FEYE,$36.933,1441135264968,"1,473,920",88% bullish,of 16 ratings,$55.50
FBNC,$16.6,1441135265116,"7,427",100% bullish,of 1 rating,$20
FNTCW,NULL,1441135265215,0,Not yet rated,NULL,N/A
FRBA,$6.09,1441135265258,"5,038",Not yet rated,NULL,$8
FBIZ,$22.19,1441135265296,"12,936",100% bearish,of 2 ratings,$26
FNLC,$18.7775,1441135265350,"8,272",100% bullish,of 1 rating,N/A
BUSE,$6.3,1441135265388,"69,631",Not yet rated,NULL,$6.875
FCVA,$4.8,1441135265422,835,Not yet rated,NULL,N/A
FCNCA,$227.41,1441135265448,"2,177",Not yet rated,NULL,N/A
FCAP,$26.5,1441135265525,200,Not yet rated,NULL,N/A
FCFS,$39.51,1441135265599,"65,008",100% bearish,of 3 ratings,$47
FCLF,$9.3477,1441135265655,"1,817",Not yet rated,NULL,N/A
FCFP,$6.9001,1441135265728,"2,800",Not yet rated,NULL,N/A
FCCO,$11.9001,1441135265758,"14,826",Not yet rated,NULL,$13.25
FCBC,$17.36,1441135265862,"3,661",Not yet rated,NULL,$18
FBNK,$16.47,1441135266002,"16,432",100% bearish,of 1 rating,$17.50
FDEF,$36.49,1441135266027,"10,043",Not yet rated,NULL,$38
FFNM,$6.39,1441135266061,200,Not yet rated,NULL,N/A
FFBC,$17.79,1441135266088,"78,391",67% bearish,of 3 ratings,$20.25
FFIN,$29.56,1441135266109,"66,173",50% bullish,of 2 ratings,$31.75
FFBCW,NULL,1441135266141,0,100% bearish,of 1 rating,N/A
FFNW,$12.28,1441135266239,"15,472",Not yet rated,NULL,$14
FFWM,$20.8288,1441135266278,"4,382",Not yet rated,NULL,$24
THFF,$32.5,1441135266373,"10,197",Not yet rated,NULL,$35
FIBK,$25.9,1441135266442,"60,858",Not yet rated,NULL,$32
INBK,$30.4,1441135266472,"10,953",50% bullish,of 2 ratings,$37
FMBH,NULL,1441135266499,0,Not yet rated,NULL,N/A
FRME,$25.57,1441135266546,"123,709",Not yet rated,NULL,$26.50
FMBI,$16.87,1441135266721,"149,159",Not yet rated,NULL,$20
FNWB,$12.09,1441135266813,"9,758",Not yet rated,NULL,N/A
FNFG,$8.875,1441135266841,"1,227,131",80% bullish,of 5 ratings,$9
FSFG,$30.94,1441135266871,100,Not yet rated,NULL,N/A
FSLR,$47.36,1441135266892,"800,866",72% bullish,of 39 ratings,$65
FNBC,$34.22,1441135266928,"34,965",Not yet rated,NULL,$40
FSBK,$7.69,1441135266949,500,100% bullish,of 1 rating,N/A
FSGI,$2.48,1441135266980,"2,344",Not yet rated,NULL,N/A
BICK,NULL,1441135267173,0,100% bullish,of 1 rating,N/A
FTCS,$35.4859,1441135267228,"7,568",100% bearish,of 1 rating,N/A
FCA,$18.665,1441135267306,"6,690",Not yet rated,NULL,N/A
FBZ,NULL,1441135267333,0,Not yet rated,NULL,N/A
FCAN,$24.2099,1441135267354,"1,161",Not yet rated,NULL,N/A
FV,$22.7099,1441135267410,"2,549,223",100% bearish,of 1 rating,N/A
IFV,$17.28,1441135267486,"529,202",100% bearish,of 1 rating,N/A
FTSM,$59.9567,1441135267542,"328,214",100% bearish,of 1 rating,N/A
FEMB,NULL,1441135267590,0,Not yet rated,NULL,N/A
FEUZ,$30.5139,1441135267620,"1,624",Not yet rated,NULL,N/A
TDIV,$24.14,1441135267646,"64,237",100% bearish,of 1 rating,N/A
FGM,$34.87,1441135267726,"13,879",Not yet rated,NULL,N/A
MDIV,$18.9699,1441135267785,"145,876",Not yet rated,NULL,N/A
HYLS,$49.4295,1441135267958,"27,002",100% bearish,of 1 rating,N/A
FTHI,$18.94,1441135267988,226,Not yet rated,NULL,N/A
FTGC,$22.25,1441135268015,"151,757",Not yet rated,NULL,N/A
FHK,$32.1901,1441135268093,"6,501",Not yet rated,NULL,N/A
FPXI,$26.49,1441135268144,300,Not yet rated,NULL,N/A
YDIV,$16.277,1441135268231,"2,569",Not yet rated,NULL,N/A
PLTM,$6.24,1441135268275,"4,016",100% bearish,of 1 rating,N/A
SKYY,$28.1891,1441135268326,"71,766",100% bullish,of 1 rating,N/A
FJP,$44.9205,1441135268355,"21,944",Not yet rated,NULL,N/A
FTLB,$18.9971,1441135268386,"1,760",100% bearish,of 1 rating,N/A
CU,$12.6199,1441135268425,"4,440",100% bearish,of 1 rating,N/A
QABA,$36.41,1441135268456,"13,623",100% bearish,of 1 rating,N/A
LMBS,$50.27,1441135268520,600,Not yet rated,NULL,N/A
FMB,$51.1743,1441135268651,402,Not yet rated,NULL,N/A
FONE,NULL,1441135268742,0,Not yet rated,NULL,N/A
CIBR,$17.3374,1441135268779,"52,871",Not yet rated,NULL,N/A
GRID,$31.16,1441135268874,320,100% bearish,of 1 rating,N/A
CARZ,$33.7599,1441135268920,"2,575",100% bearish,of 1 rating,N/A
QQEW,$40.6954,1441135268944,"123,008",Not yet rated,NULL,N/A
QQXT,$39.3699,1441135269007,"14,219",Not yet rated,NULL,N/A
AIRR,$16.2301,1441135269133,"5,125",100% bearish,of 1 rating,N/A
QTEC,$38.9702,1441135269164,"34,621",Not yet rated,NULL,N/A
RDVY,$20.57,1441135269205,"2,608",Not yet rated,NULL,N/A
QINC,$20.02,1441135269238,100,Not yet rated,NULL,N/A
FKO,$22.33,1441135269266,300,Not yet rated,NULL,N/A
QCLN,$14.773,1441135269293,"13,133",Not yet rated,NULL,N/A
FTSL,$48.8178,1441135269333,"27,790",100% bearish,of 1 rating,N/A
FDIV,$46.5375,1441135269427,200,100% bearish,of 1 rating,N/A
FSZ,$38.41,1441135269593,"20,107",Not yet rated,NULL,N/A
FKU,$40.5,1441135269678,"16,492",Not yet rated,NULL,N/A
FTW,$30.92,1441135269703,100,Not yet rated,NULL,N/A
TUSA,$24.2058,1441135269750,950,Not yet rated,NULL,N/A
FUNC,NULL,1441135269802,0,Not yet rated,NULL,N/A
SVVC,$9.181,1441135269823,"12,621",50% bullish,of 2 ratings,$26
FMER,$17.1768,1441135269844,"592,723",50% bullish,of 2 ratings,$20
FSV,$31.44,1441135269976,"23,500",Not yet rated,NULL,$33.60
FISV,$83.04,1441135270048,"455,927",100% bearish,of 3 ratings,$90
FIVN,$3.94,1441135270079,"84,937",100% bullish,of 1 rating,$8.50
FLKS,$11.735,1441135270111,"21,883",50% bullish,of 2 ratings,$27
FPRX,$18.39,1441135270132,"167,163",50% bullish,of 2 ratings,$35
FLML,$21.941,1441135270171,"78,081",50% bullish,of 2 ratings,$30
FLXN,$24.75,1441135270192,"47,872",100% bearish,of 1 rating,$40
FIVE,$37.19,1441135270267,"585,094",75% bearish,of 4 ratings,$44
SKOR,$50.76,1441135270483,800,Not yet rated,NULL,N/A
MBSD,$25.14,1441135270508,408,Not yet rated,NULL,N/A
FOMX,$10.05,1441135270635,"65,608",50% bullish,of 2 ratings,$23.50
FLXS,$30.55,1441135270666,"14,774",100% bearish,of 2 ratings,N/A
FLIR,$28.025,1441135270688,"410,152",100% bearish,of 2 ratings,$38.50
FLDM,$11.62,1441135270717,"153,015",67% bearish,of 3 ratings,$15
FFIC,$19.34,1441135270749,"29,821",Not yet rated,NULL,$20.50
FLEX,$10.185,1441135270770,"1,139,477",63% bullish,of 8 ratings,$12
FOGO,$19.649,1441135270803,"51,061",50% bullish,of 2 ratings,$25.50
FES,$0.91,1441135270903,"14,425",50% bullish,of 2 ratings,$1
FONR,$9.66,1441135270961,"2,565",100% bullish,of 1 rating,N/A
FORM,$6.5386,1441135271033,"105,616",67% bullish,of 3 ratings,$10.50
FORR,$30.93,1441135271062,"15,834",Not yet rated,NULL,N/A
FTNT,$40.95,1441135271132,"673,444",80% bullish,of 10 ratings,$52
FORTY,$29.65,1441135271163,238,100% bearish,of 1 rating,N/A
FBIO,$2.673,1441135271263,"30,763",83% bullish,of 6 ratings,N/A
FWRD,$43.905,1441135271404,"85,998",100% bearish,of 1 rating,$50
FOSL,$59.98,1441135271431,"402,256",60% bearish,of 5 ratings,$80
FWP,$26.1797,1441135271479,"8,903",100% bearish,of 1 rating,$45
FORD,$1.8869,1441135271505,"3,049,958",67% bullish,of 3 ratings,N/A
FOXF,$15.02,1441135271568,"27,551",100% bearish,of 1 rating,$19
FXCB,$17.15,1441135271598,"9,063",Not yet rated,NULL,$19
FMI,$23.055,1441135271704,"87,108",100% bearish,of 2 ratings,$27.50
FRAN,$11.16,1441135271756,"229,792",50% bullish,of 4 ratings,$15
FELE,$27.865,1441135271784,"132,478",50% bullish,of 4 ratings,$33
FRED,$12.895,1441135271838,"78,060",50% bullish,of 2 ratings,$15.50
FREE,$0.3803,1441135271968,"238,792",92% bullish,of 12 ratings,N/A
RAIL,$20.91,1441135272039,"39,516",100% bearish,of 1 rating,$24.50
FRPT,$12.89,1441135272068,"154,966",67% bearish,of 3 ratings,$23.50
FEIM,$11.05,1441135272094,"4,400",100% bearish,of 1 rating,N/A
FTR,$5.045,1441135272165,"7,002,582",78% bullish,of 27 ratings,$6.25
FRPH,$30.95,1441135272236,"2,001",100% bearish,of 1 rating,N/A
FSBW,$23.0099,1441135272335,931,Not yet rated,NULL,N/A
FTRPR,$100.11,1441135272362,"1,645",100% bearish,of 1 rating,N/A
FCEL,$0.8451,1441135272438,"2,193,191",88% bullish,of 41 ratings,$2.65
FTD,$29.64,1441135272468,"53,293",100% bearish,of 1 rating,$40
FSYS,$6.6,1441135272498,"126,005",67% bullish,of 3 ratings,$10
FULL,$3.1197,1441135272611,"23,478",67% bearish,of 3 ratings,$4.25
FTEK,$2.05,1441135272640,"65,969",75% bullish,of 4 ratings,N/A
FULLL,$24.96,1441135272661,"2,200",Not yet rated,NULL,N/A
FULT,$11.735,1441135272714,"286,345",100% bearish,of 1 rating,$13
FSNN,$2.08,1441135272801,"1,875",67% bullish,of 3 ratings,$6
FLL,$1.499,1441135272865,"1,162",75% bullish,of 4 ratings,$3.50
FFHL,$0.9703,1441135272934,"1,480",50% bullish,of 4 ratings,N/A
FXENP,$15.86,1441135272965,"1,067",100% bearish,of 1 rating,N/A
FXEN,$0.9818,1441135273015,"34,259",75% bullish,of 4 ratings,$1.10
GK,$65.98,1441135273065,"25,697",Not yet rated,NULL,$78
GAIA,$6.03,1441135273147,"3,400",50% bullish,of 2 ratings,$8.50
WILC,$4.9899,1441135273178,154,100% bullish,of 2 ratings,N/A
GLPG,$58.1701,1441135273280,"15,088",100% bullish,of 1 rating,$75
GALT,$2.21,1441135273362,"26,367",80% bullish,of 5 ratings,N/A
GALTU,NULL,1441135273389,0,100% bearish,of 1 rating,N/A
GALTW,NULL,1441135273416,0,100% bullish,of 1 rating,N/A
GALE,$1.6,1441135273442,"1,314,299",89% bullish,of 47 ratings,$4
GLPI,$30.5,1441135273571,"456,937",100% bearish,of 1 rating,$37.50
GPIC,$9.5001,1441135273675,986,100% bearish,of 1 rating,N/A
GLMD,$9.05,1441135273715,"29,266",67% bullish,of 3 ratings,$20.50
GRMN,$36.83,1441135273745,"496,489",50% bullish,of 6 ratings,$46.50
GGACR,$0.265,1441135273808,"1,200",100% bullish,of 1 rating,N/A
GGAC,NULL,1441135273833,0,100% bearish,of 1 rating,N/A
GGACU,$10.22,1441135273860,100,Not yet rated,NULL,N/A
GGACW,$0.15,1441135273887,"1,263",Not yet rated,NULL,N/A
GARS,$14.2813,1441135274025,"20,842",Not yet rated,NULL,$16
GENC,$9.08,1441135274055,"1,340",100% bearish,of 1 rating,N/A
GFN,$3.8,1441135274154,"101,758",100% bearish,of 2 ratings,$8
GNCMA,$16.4999,1441135274227,"62,622",100% bearish,of 1 rating,$12
GFNCP,$91.475,1441135274254,800,Not yet rated,NULL,N/A
GFNSL,$25.4,1441135274283,"1,200",Not yet rated,NULL,N/A
GENE,$2.3601,1441135274384,"130,614",100% bullish,of 12 ratings,N/A
GNMK,$9.75,1441135274409,"47,387",67% bullish,of 6 ratings,$14
GNTX,$15.255,1441135274563,"874,683",Not yet rated,NULL,$20
GNCA,$11.43,1441135274592,"66,840",100% bearish,of 1 rating,$20
GHDX,$26.603,1441135274626,"106,075",50% bullish,of 2 ratings,$30
THRM,$44.6,1441135274654,"115,117",75% bearish,of 4 ratings,$55.50
GTWN,NULL,1441135274691,0,Not yet rated,NULL,N/A
GEOS,$16.86,1441135274724,"55,521",100% bearish,of 3 ratings,$21
GNVC,$2.4158,1441135274785,"25,107",90% bullish,of 10 ratings,$8.50
GABC,$28.55,1441135274874,"7,465",Not yet rated,NULL,$31
GEVO,$2.36,1441135274947,"183,739",75% bullish,of 12 ratings,$5
ROCK,$16.03,1441135275079,"211,698",80% bullish,of 5 ratings,$24
GIGM,$0.53,1441135275117,"10,598",100% bullish,of 2 ratings,N/A
GERN,$2.965,1441135275211,"926,941",88% bullish,of 16 ratings,$5.25
GIGA,$1.53,1441135275242,"147,992",100% bearish,of 1 rating,N/A
GIII,$67.11,1441135275271,"203,015",67% bullish,of 3 ratings,$75
GILD,$101.976,1441135275293,"4,814,602",91% bullish,of 87 ratings,$129
GILT,$4.1899,1441135275345,"4,300",50% bullish,of 2 ratings,N/A
GLAD,$8.86,1441135275423,"148,153",50% bullish,of 2 ratings,$8.75
GBCI,$25.2099,1441135275448,"141,145",50% bullish,of 2 ratings,$31
GOOD,$14.27,1441135275517,"39,846",Not yet rated,NULL,$19
GOODO,$25,1441135275662,1,Not yet rated,NULL,N/A
GOODN,$25.61,1441135275695,300,Not yet rated,NULL,N/A
GLADO,$25.54,1441135275745,"2,000",Not yet rated,NULL,N/A
GOODP,$25.2,1441135275770,942,Not yet rated,NULL,N/A
GAIN,$7.36,1441135275798,"59,736",100% bullish,of 2 ratings,$8.25
GAINO,$25.17,1441135275924,842,Not yet rated,NULL,N/A
GAINN,$24.89,1441135275971,"62,499",Not yet rated,NULL,N/A
LAND,$9.0501,1441135276031,"47,970",50% bullish,of 2 ratings,$13.75
GBT,$49.24,1441135276109,"42,665",100% bearish,of 1 rating,N/A
GAINP,$25.85,1441135276165,"1,227",Not yet rated,NULL,N/A
GLBZ,$11.25,1441135276269,457,Not yet rated,NULL,N/A
GDEF,$10.54,1441135276297,678,Not yet rated,NULL,N/A
ENT,$10.96,1441135276320,"211,809",100% bearish,of 1 rating,$18
GBLI,$27.22,1441135276353,"9,442",Not yet rated,NULL,N/A
GSOL,$8.185,1441135276450,"14,758",100% bearish,of 1 rating,N/A
GPACU,NULL,1441135276484,0,Not yet rated,NULL,N/A
ALTY,$14.06,1441135276585,"1,200",Not yet rated,NULL,N/A
SOCL,$17.0601,1441135276671,"19,030",100% bullish,of 2 ratings,N/A
QQQC,$18.31,1441135276702,"3,710",100% bearish,of 1 rating,N/A
SRET,$12.85,1441135276732,"1,507",Not yet rated,NULL,N/A
ACTX,NULL,1441135276753,0,100% bullish,of 1 rating,N/A
GAI,$6.4101,1441135276784,"18,227",50% bullish,of 2 ratings,N/A
YLCO,$11.6,1441135276812,"2,098",Not yet rated,NULL,N/A
GSM,$13.3299,1441135276971,"334,694",50% bullish,of 2 ratings,$22
GBIM,$2.5501,1441135277028,"7,759",50% bullish,of 2 ratings,N/A
GLBS,$1.0201,1441135277070,"4,700",67% bullish,of 3 ratings,N/A
GLRI,$1.0895,1441135277119,"3,270",100% bearish,of 1 rating,$4.25
GLYC,$7,1441135277159,"7,168",50% bullish,of 2 ratings,$14
GLUU,$4.3,1441135277288,"878,164",92% bullish,of 26 ratings,$9
GOGO,$15.56,1441135277315,"314,393",80% bullish,of 5 ratings,$25
GDEN,$9.04,1441135277500,"1,200",50% bullish,of 2 ratings,N/A
GMLP,$20.12,1441135277528,"91,022",50% bullish,of 4 ratings,$29
GLNG,$37.95,1441135277553,"431,590",83% bullish,of 6 ratings,$55.50
GLDC,$4.0391,1441135277584,"4,460",50% bullish,of 2 ratings,N/A
GOGL,$3.02,1441135277615,"77,961",75% bullish,of 4 ratings,$5
GBDC,$17,1441135277682,"223,039",Not yet rated,NULL,$17.75
GOOG,$599.72,1441135277714,"1,174,264",88% bullish,of 72 ratings,$825
GTIM,$6.7399,1441135277856,"15,086",Not yet rated,NULL,$11.50
GMAN,$3.725,1441135277891,"18,702",60% bullish,of 5 ratings,$8.50
GOOGL,$631.22,1441135277920,"669,719",88% bullish,of 1082 ratings,$749
GPIA,NULL,1441135277993,0,100% bearish,of 1 rating,N/A
GPRO,$43.1453,1441135278059,"7,784,468",78% bullish,of 58 ratings,$72
GRVY,$3.29,1441135278192,"8,100",50% bullish,of 2 ratings,N/A
LOPE,$36.45,1441135278222,"143,911",100% bearish,of 2 ratings,$50
GPIAW,NULL,1441135278245,0,Not yet rated,NULL,N/A
GPIAU,NULL,1441135278279,0,Not yet rated,NULL,N/A
GBSN,$0.29,1441135278301,"2,872,607",50% bullish,of 2 ratings,$8.25
GBSNU,NULL,1441135278329,0,NULL,NULL,NULL
GSBC,$39.89,1441135278383,"19,932",100% bullish,of 1 rating,$44
GLDD,$5.2663,1441135278514,"68,953",100% bearish,of 4 ratings,$7.75
GNBC,$11.76,1441135278622,"5,323",100% bearish,of 1 rating,$16.50
GPP,$13.95,1441135278678,"22,198",Not yet rated,NULL,$20.50
GRBK,$11.82,1441135278765,"85,752",77% bullish,of 13 ratings,N/A
GCBC,$28.497,1441135278807,456,100% bullish,of 1 rating,N/A
GLRE,$25.08,1441135278832,"99,150",50% bullish,of 2 ratings,$41
GPRE,$20.26,1441135278857,"246,113",67% bullish,of 6 ratings,$28.50
GRIF,NULL,1441135278884,0,100% bearish,of 1 rating,N/A
GRFS,$29.64,1441135279012,"256,128",50% bullish,of 2 ratings,$35
OMAB,$40.81,1441135279042,"13,930",100% bullish,of 1 rating,$44
GRPN,$4.29,1441135279113,"3,066,830",61% bullish,of 71 ratings,$6.75
GSIG,$12.68,1441135279182,"7,007",100% bearish,of 2 ratings,N/A
GSIT,$4.64,1441135279242,"12,862",100% bearish,of 1 rating,N/A
GSVC,$8.64,1441135279269,"37,094",50% bullish,of 2 ratings,$15.75
GGAL,$18.8105,1441135279290,"124,283",80% bullish,of 5 ratings,$40
GTXI,$0.8874,1441135279334,"5,225",100% bullish,of 5 ratings,$.75
GBNK,$15.55,1441135279520,"10,583",100% bearish,of 1 rating,$18
GUID,$6.87,1441135279615,"52,890",100% bearish,of 3 ratings,$10
GIFI,$12.49,1441135279651,"22,985",100% bearish,of 1 rating,$16
GULTU,$0.335,1441135279690,"19,181",100% bearish,of 1 rating,N/A
GURE,$1.71,1441135279744,"8,545",88% bullish,of 8 ratings,N/A
GPOR,$34.39,1441135279770,"800,753",75% bullish,of 4 ratings,$54
GFED,$14.8,1441135279791,"1,100",Not yet rated,NULL,$17
GWPH,$103.54,1441135279824,"91,047",78% bullish,of 9 ratings,$148.50
HEES,$19.13,1441135279987,"190,732",67% bearish,of 3 ratings,$31
GYRO,$29.3501,1441135280016,"94,458",100% bearish,of 1 rating,N/A
GWGH,$8.15,1441135280037,200,100% bearish,of 1 rating,$15.05
HNRG,$7.77,1441135280169,"51,478",100% bearish,of 1 rating,$10
HLG,$9,1441135280195,"10,262",100% bearish,of 1 rating,N/A
HALO,$16.77,1441135280239,"427,674",67% bullish,of 3 ratings,$22.50
HALL,$11.39,1441135280271,"7,327",Not yet rated,NULL,N/A
HBK,$13.6,1441135280367,"1,553",50% bullish,of 2 ratings,N/A
HMPR,$1.83,1441135280397,"12,800",100% bullish,of 1 rating,N/A
HBHCL,$24.15,1441135280424,"21,682",Not yet rated,NULL,N/A
HBHC,$26.82,1441135280470,"246,652",50% bullish,of 2 ratings,$30
HAFC,$23.34,1441135280632,"62,194",100% bullish,of 2 ratings,$28.50
HNH,$24.37,1441135280658,"12,883",100% bullish,of 1 rating,N/A
HLIT,$5.67,1441135280735,"105,679",100% bearish,of 1 rating,$6.50
HDNG,$10.0605,1441135280766,"7,240",50% bullish,of 4 ratings,N/A
HQCL,$12.61,1441135280794,"15,071",67% bullish,of 3 ratings,$14
HNSN,$0.54,1441135280842,"42,730",88% bullish,of 8 ratings,$.40
HRMNU,NULL,1441135280869,0,Not yet rated,NULL,N/A
HRMN,NULL,1441135280922,0,Not yet rated,NULL,N/A
HRMNW,NULL,1441135281106,0,Not yet rated,NULL,N/A
HBIO,$4.3,1441135281140,"23,647",100% bearish,of 1 rating,$10
HART,$1.283,1441135281161,"195,749",100% bearish,of 1 rating,N/A
TINY,$2.4742,1441135281239,"19,510",50% bullish,of 2 ratings,$5.26
HCAP,$12.01,1441135281325,"11,742",50% bullish,of 2 ratings,$15
HCAPL,NULL,1441135281351,0,Not yet rated,NULL,N/A
HAS,$72.6501,1441135281394,"465,223",63% bullish,of 8 ratings,$84.50
HCOM,$21.6101,1441135281499,"3,605",100% bearish,of 1 rating,$28
HA,$22.45,1441135281532,"252,469",67% bullish,of 9 ratings,$27
HDS,$31.975,1441135281631,"889,829",100% bearish,of 2 ratings,$39.50
HWKN,$37.66,1441135281657,"16,813",Not yet rated,NULL,N/A
HAYN,$37.64,1441135281714,"15,330",100% bearish,of 1 rating,$59
HWBK,NULL,1441135281735,0,100% bearish,of 1 rating,N/A
HCSG,$33.038,1441135281823,"128,780",50% bullish,of 4 ratings,$35
HQY,$29.07,1441135281954,"77,618",67% bullish,of 3 ratings,$35
HIIQ,$4.78,1441135281979,"30,240",50% bullish,of 2 ratings,$7
HWAY,$11.89,1441135282038,"132,134",100% bearish,of 1 rating,$15
HSTM,$23.91,1441135282064,"37,795",50% bullish,of 2 ratings,$33.75
HTLF,$35.55,1441135282192,"13,975",100% bullish,of 1 rating,$39.50
HTLD,$19.785,1441135282219,"303,823",Not yet rated,NULL,$22.50
HTWR,$81.695,1441135282279,"73,330",50% bullish,of 2 ratings,$103
HELE,$82.3,1441135282417,"85,300",67% bearish,of 3 ratings,$100
HSII,$19.53,1441135282444,"22,564",100% bullish,of 3 ratings,$25
HMNY,NULL,1441135282475,0,100% bearish,of 1 rating,N/A
HTBX,$3.9392,1441135282524,"152,463",50% bullish,of 2 ratings,$15.50
HMTV,$13.35,1441135282578,"14,378",100% bearish,of 1 rating,$16
HSIC,$132.9,1441135282657,"150,227",83% bullish,of 6 ratings,$146
HERO,NULL,1441135282725,0,NULL,NULL,NULL
HNNA,$24.65,1441135282757,"4,772",Not yet rated,NULL,N/A
HFWA,$17.21,1441135282942,"22,497",100% bullish,of 1 rating,$20
HCACU,NULL,1441135282969,0,Not yet rated,NULL,N/A
HTBK,$10.21,1441135282995,"51,834",Not yet rated,NULL,$12
HEOP,$7.6,1441135283020,"8,577",Not yet rated,NULL,$8.50
HCCI,$11.5,1441135283222,"23,455",100% bearish,of 1 rating,$16.50
MLHR,$26.465,1441135283250,"92,382",50% bullish,of 2 ratings,$33.50
HRTX,$35.83,1441135283305,"1,100,186",57% bullish,of 7 ratings,$41
HSKA,$33.99,1441135283335,"15,479",100% bearish,of 1 rating,$38
HFFC,$15.87,1441135283395,702,Not yet rated,NULL,N/A
HIBB,$39.0799,1441135283431,"111,394",100% bearish,of 1 rating,$46.50
HPJ,$2.19,1441135283452,"13,306",75% bullish,of 4 ratings,$12.43
HIHO,$4.14,1441135283532,"18,909",Not yet rated,NULL,N/A
HIMX,$6.625,1441135283600,"654,410",86% bullish,of 21 ratings,$8.50
HSGX,$6.04,1441135283740,"3,132",100% bearish,of 1 rating,$17
HIFS,$116.03,1441135283765,"1,000",Not yet rated,NULL,N/A
HMNF,$11.689,1441135283840,"1,101",Not yet rated,NULL,N/A
HOLX,$37.345,1441135283910,"1,568,917",50% bullish,of 4 ratings,$42
HMSY,$9.81,1441135283935,"364,415",67% bullish,of 3 ratings,$19.35
HOLI,$16.8,1441135283964,"143,633",50% bullish,of 4 ratings,$27
AWAY,$27.78,1441135284185,"395,973",67% bullish,of 3 ratings,$36
HFBL,$21.647,1441135284213,"1,298",Not yet rated,NULL,N/A
HBCP,$24.58,1441135284257,529,Not yet rated,NULL,$29
HOMB,$36.64,1441135284287,"46,072",Not yet rated,NULL,$42
HMST,$21.67,1441135284387,"91,137",100% bullish,of 2 ratings,$27
HKTV,$4.31,1441135284467,"28,087",100% bearish,of 1 rating,N/A
HTBI,$17.9401,1441135284494,"85,080",67% bullish,of 3 ratings,$18.625
HMIN,$25.8,1441135284515,"80,662",100% bearish,of 2 ratings,$35
CETC,$0.7372,1441135284738,"49,698",86% bullish,of 7 ratings,N/A
HOFT,$23.43,1441135284769,"22,105",100% bearish,of 1 rating,N/A
HBNC,$23.6,1441135284835,"14,437",100% bullish,of 1 rating,$27
HDP,$22.82,1441135284867,"136,032",67% bearish,of 3 ratings,$30.50
HFBC,$11.37,1441135284896,"25,502",Not yet rated,NULL,N/A
HZNP,$28.88,1441135284924,"745,503",85% bullish,of 20 ratings,$40
HRZN,$10.48,1441135284945,"15,228",50% bullish,of 2 ratings,$14.25
HMHC,$22.26,1441135285115,"896,674",Not yet rated,NULL,$27
ZINC,$7.6,1441135285144,"336,685",100% bearish,of 1 rating,$17
HWCC,$7.39,1441135285173,"121,846",100% bearish,of 1 rating,$9
HOVNP,$4.12,1441135285244,"3,200",100% bearish,of 1 rating,N/A
HSNI,$59.59,1441135285304,"104,238",Not yet rated,NULL,$80
HBMD,$14.4,1441135285333,"2,400",100% bearish,of 1 rating,N/A
HUBG,$37.04,1441135285394,"76,126",100% bearish,of 1 rating,$43
HCBK,$8.88,1441135285492,"1,194,761",83% bullish,of 6 ratings,$8.61
HTGM,$5.9,1441135285622,"4,247",100% bearish,of 1 rating,$19.50
HSON,$2.8,1441135285647,"4,820",100% bearish,of 1 rating,$5
HBAN,$10.47,1441135285710,"2,882,691",76% bullish,of 17 ratings,$12.29
HBANP,$1330,1441135285745,22,100% bearish,of 1 rating,N/A
HDSN,$3.11,1441135285766,"1,952",100% bullish,of 1 rating,$6.25
HURN,$70.98,1441135285842,"169,355",50% bullish,of 2 ratings,$80
HURC,$29.56,1441135285871,"4,439",100% bearish,of 1 rating,N/A
HTCH,$1.3995,1441135285917,"175,743",100% bearish,of 1 rating,$3.50
HDRAR,NULL,1441135286004,0,Not yet rated,NULL,N/A
HBP,$3.14,1441135286043,"3,380",100% bullish,of 1 rating,N/A
HDRA,NULL,1441135286141,0,Not yet rated,NULL,N/A
HDRAU,$0.05,1441135286161,0,Not yet rated,NULL,N/A
HDRAW,NULL,1441135286238,0,Not yet rated,NULL,N/A
HYGS,$8.95,1441135286296,"13,149",50% bullish,of 2 ratings,$13
IDSY,$3.73,1441135286327,"7,000",100% bearish,of 1 rating,$7
IACI,$69.1,1441135286456,"387,336",80% bullish,of 5 ratings,$90
IKGH,$1.43,1441135286540,"45,630",75% bullish,of 4 ratings,N/A
ICAD,$3.63,1441135286591,"10,580",100% bullish,of 2 ratings,$7.25
IBKC,$58.615,1441135286670,"71,497",100% bullish,of 1 rating,$70
ICON,$13.195,1441135286698,"342,535",50% bullish,of 2 ratings,$28
ICFI,$33.46,1441135286728,"91,840",50% bullish,of 2 ratings,$48.50
IEP,$70.89,1441135286750,"37,571",75% bullish,of 4 ratings,$99
ICLR,$75.12,1441135286778,"180,425",100% bearish,of 3 ratings,$85
ICUI,$110,1441135286944,"40,975",Not yet rated,NULL,$122
IDRA,$2.87,1441135286984,"719,122",89% bullish,of 9 ratings,$6.50
IPWR,$7.2201,1441135287051,"1,915",100% bullish,of 1 rating,$15
INVE,$4.6695,1441135287084,"21,477",75% bullish,of 4 ratings,$4
IDXX,$70.63,1441135287186,"378,906",100% bearish,of 1 rating,$76
DSKY,$10.99,1441135287213,"17,578",67% bullish,of 6 ratings,$11.50
IROQ,$16.97,1441135287362,600,100% bullish,of 1 rating,N/A
IRG,$4.93,1441135287397,"18,055",100% bearish,of 1 rating,$4.25
IKAN,$2.73,1441135287423,"12,188",83% bullish,of 6 ratings,$5
KANG,$15.5,1441135287462,"334,011",50% bullish,of 2 ratings,$23.10
IIVI,$16.57,1441135287569,"51,526",100% bearish,of 1 rating,$22
RXDX,$13.55,1441135287625,"55,916",100% bullish,of 1 rating,$20
IKNX,NULL,1441135287654,0,100% bearish,of 1 rating,N/A
ILMN,$193.61,1441135287675,"672,587",80% bullish,of 5 ratings,$245
IMMR,$11.21,1441135287731,"201,869",80% bullish,of 5 ratings,$15.50
ISNS,$4.21,1441135287810,"21,678",50% bullish,of 2 ratings,N/A
IMDZ,$15.49,1441135287976,"30,006",100% bearish,of 1 rating,$33
IMGN,$13.07,1441135288069,"300,505",75% bullish,of 4 ratings,$17.50
ICCC,$6.73,1441135288091,"15,073",100% bullish,of 1 rating,N/A
IMMU,$2.135,1441135288112,"495,095",86% bullish,of 7 ratings,$2
IMNP,$1.24,1441135288154,"86,000",50% bullish,of 2 ratings,$6
INCR,$40.94,1441135288180,"348,011",50% bullish,of 2 ratings,$53
IPXL,$40.86,1441135288254,"217,029",67% bullish,of 3 ratings,$46.50
IMMY,$7.77,1441135288285,"1,500",100% bearish,of 1 rating,$11
SAAS,$7.175,1441135288356,"259,942",50% bullish,of 2 ratings,$15
INDB,$43.72,1441135288384,"27,764",Not yet rated,NULL,$44
IBCP,$13.72,1441135288438,"73,236",100% bullish,of 1 rating,$14.50
INCY,$115.55,1441135288517,"565,068",50% bullish,of 6 ratings,$125.50
IBTX,$39.42,1441135288542,"11,084",100% bullish,of 2 ratings,$47.25
IDSA,$3.52,1441135288616,500,Not yet rated,NULL,N/A
INFN,$21.6099,1441135288804,"532,331",71% bullish,of 7 ratings,$28
INFI,$8.62,1441135288909,"164,302",50% bullish,of 4 ratings,$16.50
III,$3.64,1441135288940,"39,826",57% bullish,of 7 ratings,$6
IFON,$1.25,1441135288963,"20,059",75% bullish,of 4 ratings,N/A
IMKTA,$49.29,1441135288990,"33,384",100% bearish,of 1 rating,N/A
IPCC,$75.62,1441135289027,"6,763",Not yet rated,NULL,$77.50
INNL,$12.54,1441135289051,"3,776",100% bearish,of 1 rating,$16.50
INWK,$7.0601,1441135289080,"40,680",50% bullish,of 2 ratings,$10
INOD,$2.346,1441135289130,"2,200",100% bearish,of 1 rating,N/A
IPHS,$46.98,1441135289269,"63,616",100% bearish,of 1 rating,$60
IOSP,$48.435,1441135289295,"81,717",100% bearish,of 1 rating,N/A
ISSC,$2.8,1441135289424,"2,975",67% bearish,of 3 ratings,N/A
INGN,$49.215,1441135289454,"107,745",100% bearish,of 1 rating,$50.50
INOV,$21.645,1441135289526,"186,814",100% bearish,of 1 rating,$33
INO,$7.1301,1441135289560,"403,993",89% bullish,of 18 ratings,$20
NSIT,$24.7,1441135289593,"71,263",50% bullish,of 2 ratings,N/A
ISIG,$2.69,1441135289658,"2,950",100% bearish,of 1 rating,N/A
ITEK,$12.305,1441135289686,"166,834",100% bearish,of 3 ratings,$20
IIIN,$16.96,1441135289728,"33,519",100% bearish,of 2 ratings,N/A
INSY,$32.48,1441135289834,"400,939",75% bullish,of 4 ratings,$48
PODD,$28.42,1441135289899,"129,818",67% bearish,of 3 ratings,$35
INSM,$23.695,1441135289933,"137,730",71% bullish,of 7 ratings,$31.50
NTEC,$5.52,1441135289960,"2,269",100% bearish,of 1 rating,N/A
IDTI,$18.505,1441135289985,"890,830",60% bullish,of 5 ratings,$25
IART,$58.53,1441135290028,"85,515",100% bearish,of 2 ratings,$71.50
IESC,$7.12,1441135290159,"1,112",100% bearish,of 1 rating,N/A
IPCI,$2.1899,1441135290290,"28,163",67% bullish,of 6 ratings,$8
IQNT,$18.25,1441135290317,"120,235",86% bullish,of 7 ratings,$20
INTC,$27.87,1441135290345,"17,015,313",82% bullish,of 238 ratings,$36
ISSI,$21.9,1441135290371,"67,860",67% bullish,of 3 ratings,$19.75
IPAR,$24.83,1441135290396,"24,776",67% bullish,of 3 ratings,$38
ININ,$35.435,1441135290526,"47,907",67% bearish,of 3 ratings,$57
IBKR,$38.21,1441135290552,"442,245",100% bullish,of 1 rating,N/A
ICPT,$182.51,1441135290681,"146,748",70% bullish,of 10 ratings,$359.50
IDCC,$48.97,1441135290780,"177,169",80% bullish,of 5 ratings,$63
TILE,$23.43,1441135290807,"172,241",100% bearish,of 3 ratings,$27
ICLD,$1.84,1441135290832,"55,599",75% bullish,of 4 ratings,N/A
ICLDW,$1.18,1441135290857,425,100% bearish,of 1 rating,N/A
IMI,$2.05,1441135290885,"14,363",67% bullish,of 3 ratings,$2.22
INAP,$8.85,1441135291037,"483,720",75% bullish,of 4 ratings,$11
IBOC,$24.54,1441135291064,"33,880",100% bearish,of 1 rating,N/A
IGLD,$7.01,1441135291122,"3,600",50% bullish,of 2 ratings,N/A
ISCA,$31.745,1441135291198,"63,700",100% bearish,of 1 rating,N/A
IIJI,NULL,1441135291230,0,50% bullish,of 2 ratings,$11.50
INPH,$0.27,1441135291256,"2,900",50% bullish,of 2 ratings,N/A
PTNT,$2.95,1441135291281,205,Not yet rated,NULL,N/A
XENT,$26.395,1441135291448,"222,331",50% bullish,of 2 ratings,$36.50
ISIL,$10.37,1441135291542,"396,487",50% bullish,of 6 ratings,$15
IILG,$19.4099,1441135291574,"66,246",100% bearish,of 1 rating,$29
INTX,$1.98,1441135291599,"48,412",67% bullish,of 3 ratings,N/A
IVAC,$4.62,1441135291674,"22,304",100% bearish,of 1 rating,$6.625
INTL,$25.9,1441135291726,"50,439",67% bearish,of 3 ratings,N/A
ITCI,$27.47,1441135291756,"414,551",75% bearish,of 4 ratings,$40
INTLL,$25.6,1441135291825,300,Not yet rated,NULL,N/A
IIN,$6.49,1441135291892,"1,300",100% bearish,of 1 rating,$12
ISRG,$504.905,1441135291976,"126,711",67% bullish,of 3 ratings,$600
INTU,$84.38,1441135292020,"848,525",86% bullish,of 7 ratings,$107.50
INVT,$0.33,1441135292112,"93,401",67% bullish,of 3 ratings,N/A
ISBC,$11.41,1441135292148,"1,251,532",100% bullish,of 1 rating,$13.25
ITIC,$71,1441135292214,200,100% bearish,of 2 ratings,N/A
SNAK,$8.505,1441135292239,"82,342",50% bullish,of 2 ratings,$14
ISTR,$15.63,1441135292301,946,100% bearish,of 1 rating,$18.50
NVIV,$9.11,1441135292406,"88,138",50% bullish,of 4 ratings,$24.50
IVTY,$13.61,1441135292452,"4,742",Not yet rated,NULL,$18
DTUL,$64.48,1441135292662,"1,062",Not yet rated,NULL,N/A
DFVL,$66.06,1441135292770,830,Not yet rated,NULL,N/A
IPAS,$1.07,1441135292798,"8,800",67% bullish,of 3 ratings,N/A
IPCM,$79.4501,1441135292825,"50,844",50% bullish,of 2 ratings,$80.125
IPGP,$81.95,1441135292959,"177,448",67% bearish,of 3 ratings,$109.50
IRMD,$23.49,1441135292984,"28,361",67% bearish,of 3 ratings,$25
IRIX,$6.47,1441135293012,"33,405",100% bearish,of 1 rating,N/A
IRBT,$29.025,1441135293149,"89,337",67% bullish,of 6 ratings,$37
IRDM,$7.03,1441135293177,"327,416",60% bullish,of 5 ratings,$11.50
IRWD,$11,1441135293210,"627,835",100% bearish,of 1 rating,$13
IRCP,NULL,1441135293312,0,100% bullish,of 2 ratings,N/A
COMT,$33.1929,1441135293332,"7,337",100% bearish,of 1 rating,N/A
IRDMB,$274.9056,1441135293370,400,67% bearish,of 3 ratings,N/A
FCHI,NULL,1441135293461,0,NULL,NULL,NULL
IFAS,NULL,1441135293486,0,NULL,NULL,NULL
GNMA,$50.21,1441135293514,"4,730",Not yet rated,NULL,N/A
IFEU,$37.1,1441135293535,"47,494",Not yet rated,NULL,N/A
IFNA,NULL,1441135293664,0,NULL,NULL,NULL
IFGL,$27.59,1441135293715,"68,841",Not yet rated,NULL,N/A
ACWI,$54.16,1441135293810,"1,249,944",Not yet rated,NULL,N/A
AAXJ,$51.65,1441135293876,"566,708",Not yet rated,NULL,N/A
AXJS,NULL,1441135293895,0,NULL,NULL,NULL
ACWX,$39.4799,1441135293942,"650,534",100% bearish,of 1 rating,N/A
EEMA,$48.86,1441135293966,"16,107",Not yet rated,NULL,N/A
AAIT,NULL,1441135293999,0,NULL,NULL,NULL
EMDI,NULL,1441135294017,0,NULL,NULL,NULL
EEME,NULL,1441135294096,0,NULL,NULL,NULL
EGRW,NULL,1441135294150,0,NULL,NULL,NULL
EMEY,NULL,1441135294178,0,NULL,NULL,NULL
EVAL,NULL,1441135294285,0,NULL,NULL,NULL
EEML,$27.25,1441135294450,"1,379",Not yet rated,NULL,N/A
EUFN,$21.1704,1441135294480,"107,899",100% bearish,of 1 rating,N/A
UAE,$17.95,1441135294581,"39,459",Not yet rated,NULL,N/A
IBB,$334.3,1441135294607,"896,612",63% bullish,of 8 ratings,N/A
QAT,$21.49,1441135294634,"21,916",Not yet rated,NULL,N/A
IEUS,$44.3601,1441135294661,"15,286",100% bearish,of 1 rating,N/A
SOXX,$80.51,1441135294684,"213,694",50% bullish,of 2 ratings,N/A
EMIF,$27.857,1441135294826,"56,678",Not yet rated,NULL,N/A
ISHG,$79.98,1441135294903,"8,611",100% bearish,of 1 rating,N/A
WOOD,$47.13,1441135294938,"7,426",50% bullish,of 2 ratings,N/A
INDY,$26.5003,1441135295039,"147,268",50% bullish,of 2 ratings,N/A
IGOV,$91.01,1441135295066,"125,524",100% bearish,of 1 rating,N/A
ISLE,$17.44,1441135295091,"245,029",50% bullish,of 4 ratings,$16
ICLN,$9.2199,1441135295116,"16,012",50% bullish,of 2 ratings,N/A
ISIS,$48.8,1441135295347,"986,054",53% bullish,of 15 ratings,$67
ISRL,NULL,1441135295477,0,100% bearish,of 1 rating,N/A
ITRN,$23.3001,1441135295525,935,50% bullish,of 2 ratings,N/A
XXIA,$15.12,1441135295551,"128,555",71% bullish,of 7 ratings,$14.625
ITRI,$29.18,1441135295579,"108,165",100% bearish,of 1 rating,$37
MAYS,NULL,1441135295612,0,Not yet rated,NULL,N/A
ITUS,$4,1441135295637,"1,600",Not yet rated,NULL,N/A
IXYS,$11.269,1441135295716,"104,010",50% bullish,of 4 ratings,N/A
JJSF,$112.41,1441135295780,"10,543",100% bearish,of 1 rating,N/A
JCOM,$66.85,1441135295946,"113,105",100% bullish,of 2 ratings,$77
JBHT,$71.56,1441135295973,"456,003",50% bullish,of 4 ratings,$89.50
JASO,$7.93,1441135295994,"577,198",82% bullish,of 17 ratings,$10
JXSB,$24.2,1441135296127,"2,121",Not yet rated,NULL,N/A
JAXB,$13.69,1441135296172,"3,278",100% bullish,of 1 rating,N/A
JACK,$77.06,1441135296197,"211,686",83% bullish,of 6 ratings,$105
JKHY,$65.71,1441135296260,"327,712",67% bearish,of 3 ratings,$72
JAGX,$3,1441135296333,"1,550",Not yet rated,NULL,$10.50
JMBA,$13.97,1441135296363,"74,238",75% bullish,of 4 ratings,$18
JAKK,$9.48,1441135296397,"134,072",60% bearish,of 5 ratings,$11
JRVR,$27,1441135296422,"23,644",Not yet rated,NULL,$32
ERW,NULL,1441135296491,0,Not yet rated,NULL,N/A
JASNW,NULL,1441135296586,0,50% bullish,of 2 ratings,N/A
JASN,$4.9676,1441135296686,"6,668",50% bullish,of 2 ratings,$9.50
JBLU,$22.149,1441135296787,"2,676,714",94% bullish,of 18 ratings,$27
JAZZ,$164.41,1441135296845,"130,191",80% bullish,of 15 ratings,$206.50
JTPY,$2.9109,1441135297005,"1,008",100% bearish,of 1 rating,N/A
JIVE,$4.545,1441135297088,"159,219",75% bullish,of 4 ratings,$5
JCTCF,NULL,1441135297115,0,100% bullish,of 1 rating,N/A
JST,$3.73,1441135297187,"8,353",75% bullish,of 4 ratings,N/A
DATE,$6.1,1441135297214,"30,891",75% bullish,of 4 ratings,$9
JD,$24.97,1441135297249,"4,078,279",75% bullish,of 16 ratings,$36
WYIGU,NULL,1441135297273,0,100% bearish,of 1 rating,N/A
JOEZ,$0.1699,1441135297348,"15,979",92% bullish,of 12 ratings,N/A
JOUT,$23.94,1441135297435,"5,080",100% bearish,of 1 rating,$34
JBSS,$51.48,1441135297461,"17,142",67% bearish,of 3 ratings,N/A
JUNO,$34.46,1441135297596,"406,688",73% bullish,of 11 ratings,$71.50
JNP,$11,1441135297621,"20,328",100% bullish,of 3 ratings,$15
KTWO,$20.59,1441135297754,"44,338",100% bearish,of 1 rating,$28.50
KBIO,$2.17,1441135297831,"50,085",50% bullish,of 4 ratings,N/A
KNDI,$6.3301,1441135297887,"208,974",86% bullish,of 22 ratings,N/A
KCLI,$46.0999,1441135297923,"4,404",Not yet rated,NULL,N/A
KALU,$81.675,1441135297947,"57,261",67% bearish,of 3 ratings,$91
KCAP,$4.6301,1441135297991,"56,603",75% bullish,of 4 ratings,$6
