Symbol,Price,Date,Volume,Rating,RatingVoteCount,OneYearEstimate
TFSC,NULL,1439828402031,0,100% bearish,of 1 rating,N/A
SRCE,$31.38,1439828402064,"6,012",100% bullish,of 3 ratings,$33
TFSCU,NULL,1439828402094,0,Not yet rated,NULL,N/A
FCTY,NULL,1439828402199,0,100% bullish,of 1 rating,$8.50
TFSCW,NULL,1439828402240,0,100% bearish,of 1 rating,N/A
TFSCR,NULL,1439828402265,0,Not yet rated,NULL,N/A
FCCY,$11.78,1439828402333,"3,640",100% bullish,of 1 rating,$13
PIH,$7.66,1439828402403,"5,000",100% bearish,of 1 rating,N/A
TWOU,$35.81,1439828402433,"311,239",50% bullish,of 2 ratings,$39
DGLD,$84.78,1439828402535,894,100% bullish,of 1 rating,N/A
VNET,$21.29,1439828402594,"351,124",60% bullish,of 5 ratings,$29.50
FLWS,$9.54,1439828402673,"31,789",100% bullish,of 5 ratings,$15
DSLV,$61.84,1439828402775,"2,604",100% bearish,of 1 rating,N/A
SIXD,$3.38,1439828403072,"34,954",Not yet rated,NULL,N/A
USLV,$14.83,1439828403106,"67,565",86% bullish,of 7 ratings,N/A
CAFD,$15.7455,1439828403142,"41,018",Not yet rated,NULL,$25
UGLD,$8.9228,1439828403204,"37,288",100% bearish,of 1 rating,N/A
AVHI,$14.07,1439828403230,"10,782",100% bearish,of 1 rating,$19
JOBS,$28.52,1439828403277,"22,503",50% bullish,of 4 ratings,$36
EGHT,$8.68,1439828403303,"61,906",82% bullish,of 17 ratings,$11
AAON,$23.01,1439828403324,"21,683",100% bearish,of 1 rating,$24
SHLM,$35.115,1439828403487,"21,604",100% bearish,of 1 rating,$50
ABAX,$48.02,1439828403656,"27,960",100% bearish,of 1 rating,$60
ABY,$22.24,1439828403710,"200,019",100% bearish,of 2 ratings,$46
ABEOW,$2.1,1439828403814,"1,100",100% bullish,of 1 rating,N/A
ABGB,$4.8699,1439828403889,"23,031",67% bullish,of 3 ratings,$5.50
ABEO,$5.33,1439828403914,"50,174",67% bullish,of 3 ratings,$15.50
ABMD,$104.59,1439828404166,"181,487",75% bullish,of 4 ratings,$86
AXAS,$1.83,1439828404191,"218,471",78% bullish,of 9 ratings,$3.50
ACAD,$38.05,1439828404267,"210,837",85% bullish,of 20 ratings,$48
ACHC,$81.28,1439828404362,"183,247",50% bullish,of 2 ratings,$92
ACST,$0.4,1439828404393,"18,404",100% bullish,of 2 ratings,N/A
ACTG,$8.5401,1439828404464,"36,668",67% bullish,of 3 ratings,$18.50
AXDX,$18.96,1439828404626,"66,876",100% bearish,of 1 rating,N/A
XLRN,$31.54,1439828404655,"37,527",50% bullish,of 2 ratings,$57
ARAY,$6.095,1439828404693,"162,697",100% bearish,of 1 rating,$10.50
ANCX,$19.0248,1439828404719,"15,082",Not yet rated,NULL,$19
VXDN,$16.87,1439828404863,"1,310",Not yet rated,NULL,N/A
ACRX,$4.48,1439828404888,"95,348",67% bearish,of 6 ratings,$5.50
VXUP,$17,1439828405105,"8,875",Not yet rated,NULL,N/A
ACET,$25.16,1439828405133,"27,620",75% bullish,of 4 ratings,$30
ACIW,$22.89,1439828405285,"37,009",50% bullish,of 2 ratings,$24
AKAO,$7.2001,1439828405315,"60,444",75% bullish,of 4 ratings,$15
ACTS,$1.51,1439828405390,"26,635",100% bearish,of 1 rating,N/A
ACOR,$31.99,1439828405418,"57,741",67% bearish,of 3 ratings,$38.50
ACHN,$8.17,1439828405551,"1,729,755",90% bullish,of 21 ratings,$16
ACNB,$20.2,1439828405577,200,Not yet rated,NULL,N/A
ATVI,$29.06,1439828405598,"1,011,179",68% bullish,of 84 ratings,$31.50
ACPW,$1.9,1439828405788,"5,979",100% bullish,of 4 ratings,$3.50
ACUR,$0.63,1439828405873,"58,159",100% bullish,of 5 ratings,$1
ACTA,$13.8,1439828405921,"28,225",67% bearish,of 3 ratings,$25
ADMS,$21.925,1439828406053,"15,982",100% bearish,of 2 ratings,$36
ADMP,$3.598,1439828406083,"13,601",50% bullish,of 2 ratings,$10
ACXM,$21.04,1439828406133,"81,471",67% bullish,of 3 ratings,N/A
ADAP,$15.3,1439828406372,"29,575",67% bullish,of 3 ratings,$22
AEY,$2.26,1439828406440,"8,285",100% bearish,of 2 ratings,N/A
ADUS,$28.5,1439828406545,"24,691",100% bearish,of 1 rating,$31
ADBE,$86.08,1439828406572,"354,093",65% bullish,of 17 ratings,$90
ADMA,$9.49,1439828406605,"4,312",Not yet rated,NULL,$19
ADEP,$7.36,1439828406632,"7,294",50% bullish,of 2 ratings,$10.75
ADTN,$16.23,1439828406708,"65,592",67% bullish,of 3 ratings,$17.125
ADRO,$21.29,1439828406855,"49,685",80% bullish,of 5 ratings,$45.50
AMD,$1.83,1439828406926,"3,001,594",83% bullish,of 102 ratings,$2
AEIS,$26.32,1439828406986,"98,205",50% bullish,of 2 ratings,$32.50
ADXS,$16.39,1439828407119,"283,664",64% bullish,of 14 ratings,$27
ADXSW,$11.8131,1439828407289,"1,485",100% bullish,of 1 rating,N/A
YPRO,$23.09,1439828407367,349,100% bearish,of 1 rating,N/A
MULT,NULL,1439828407418,0,100% bearish,of 1 rating,N/A
AEGR,$18.134,1439828407450,"102,956",50% bullish,of 6 ratings,$26
AEHR,$2.21,1439828407478,212,50% bullish,of 2 ratings,N/A
AEGN,$18.93,1439828407552,"18,231",100% bearish,of 1 rating,$21
AEPI,$57,1439828407684,"11,453",100% bearish,of 1 rating,N/A
AVAV,$26.1,1439828407814,"50,130",50% bullish,of 4 ratings,$31
AERI,$15.86,1439828407840,"48,879",75% bullish,of 4 ratings,$31.50
AMTX,$3.28,1439828407874,"2,165",50% bullish,of 2 ratings,$26.11
AEZS,$0.131,1439828408044,"2,971,504",90% bullish,of 21 ratings,$1.625
AEMD,$6.74,1439828408070,"8,211",Not yet rated,NULL,$27.50
AFMD,$11.8,1439828408095,"66,116",50% bullish,of 4 ratings,$15
AFFX,$9.65,1439828408238,"204,110",80% bullish,of 5 ratings,$12
AGEN,$7.61,1439828408343,"298,410",85% bullish,of 13 ratings,$14
AGRX,$8.718,1439828408370,"5,667",100% bearish,of 1 rating,$18
AGYS,$9.45,1439828408524,"3,549",100% bearish,of 1 rating,N/A
AGIO,$93.2099,1439828408553,"85,695",88% bullish,of 8 ratings,$114
AGFS,$11.06,1439828408660,"20,334",100% bearish,of 1 rating,N/A
AGFSW,$2.44,1439828408739,"9,800",100% bearish,of 1 rating,N/A
AIRT,$22.1,1439828408769,807,100% bullish,of 1 rating,N/A
AIMT,$23.99,1439828408799,"79,237",Not yet rated,NULL,N/A
AIRM,$40.17,1439828408904,"47,556",80% bearish,of 5 ratings,$53
AIXG,$6.01,1439828409092,"1,802",67% bearish,of 3 ratings,$6
ATSG,$9.74,1439828409184,"24,674",67% bullish,of 3 ratings,$13
AMCN,$5.04,1439828409218,"180,643",83% bullish,of 6 ratings,N/A
AKAM,$72.84,1439828409315,"207,544",63% bullish,of 8 ratings,$77
AKBA,$7.22,1439828409500,"48,113",100% bearish,of 1 rating,$18
AKER,$3.8299,1439828409606,954,Not yet rated,NULL,N/A
ALSK,$2.11,1439828409646,"38,779",78% bullish,of 18 ratings,$2
AKRX,$43.85,1439828409671,"87,758",78% bullish,of 9 ratings,$56
ALRM,$17.08,1439828409735,"27,141",100% bearish,of 1 rating,$22
ABDC,$12.97,1439828409890,"15,153",Not yet rated,NULL,$15
AMRI,$20.75,1439828409982,"34,510",75% bearish,of 4 ratings,$24
ADHD,$9.325,1439828410069,"150,879",50% bullish,of 4 ratings,$18
ALDX,$8.0201,1439828410098,"4,600",100% bearish,of 1 rating,$14.50
ALXA,$1.16,1439828410260,"6,700",83% bullish,of 6 ratings,$2.125
ALDR,$38.72,1439828410286,"221,269",67% bearish,of 3 ratings,$62
ALXN,$187.27,1439828410343,"144,142",88% bullish,of 8 ratings,$223
ALCO,$43.24,1439828410444,"2,303",50% bullish,of 2 ratings,N/A
ALGN,$60.61,1439828410544,"116,331",100% bearish,of 2 ratings,$73
ALIM,$3.9101,1439828410571,"19,454",80% bullish,of 5 ratings,$10
ALGT,$237.48,1439828410768,"30,828",100% bearish,of 1 rating,$235
AFOP,$19.09,1439828410977,"22,571",75% bullish,of 8 ratings,$21
ARLP,$25.03,1439828411081,"53,820",67% bearish,of 3 ratings,$32
AIQ,$15.25,1439828411112,"2,648",67% bullish,of 3 ratings,N/A
AMOT,$17.98,1439828411143,"9,281",100% bearish,of 1 rating,N/A
ALKS,$66.73,1439828411165,"153,359",67% bullish,of 3 ratings,$75
AHPI,$1.45,1439828411210,700,50% bullish,of 2 ratings,N/A
ALLB,$23.9,1439828411238,"1,210",Not yet rated,NULL,N/A
AHGP,$36.04,1439828411310,"18,573",67% bullish,of 3 ratings,N/A
ALQA,$4.64,1439828411490,"20,854",75% bullish,of 4 ratings,$8.50
MDRX,$14.19,1439828411546,"631,366",60% bullish,of 5 ratings,$16
AFAM,$49.37,1439828411576,"16,156",50% bullish,of 2 ratings,$44
ALNY,$108.315,1439828411712,"100,270",67% bullish,of 3 ratings,$148.50
ALLT,$5.1375,1439828411894,"37,390",75% bullish,of 4 ratings,$6.25
AOSL,$7.45,1439828412053,"7,303",67% bullish,of 3 ratings,$9
ATEC,$0.7,1439828412079,"13,142",100% bullish,of 1 rating,$2
SMCP,NULL,1439828412147,0,Not yet rated,NULL,N/A
ALTR,$49.33,1439828412246,"300,971",80% bearish,of 5 ratings,$54
AIMC,$26.71,1439828412274,"26,750",100% bearish,of 1 rating,$28.50
ASPS,$30.78,1439828412351,"28,346",67% bullish,of 3 ratings,$46.50
AMAG,$63.65,1439828412522,"176,463",100% bullish,of 2 ratings,$75
AMRN,$2.34,1439828412590,"274,797",85% bullish,of 39 ratings,$8
AMZN,$533.51,1439828412900,"555,589",81% bullish,of 261 ratings,$646
AYA,$22.95,1439828412974,"9,596",100% bearish,of 1 rating,$40
AMRK,$10.46,1439828413072,"1,412",50% bullish,of 2 ratings,$14
AMBCW,$8.6725,1439828413154,576,100% bearish,of 1 rating,N/A
AMDA,$0.4998,1439828413298,"643,849",90% bullish,of 10 ratings,$1
AMBA,$107.9,1439828413329,"445,567",83% bullish,of 12 ratings,$102.50
AMCX,$75.44,1439828413430,"154,269",67% bullish,of 3 ratings,$85.50
AMBC,$17.05,1439828413456,"60,592",100% bearish,of 1 rating,$16.50
UHAL,$384,1439828413500,"8,460",100% bullish,of 2 ratings,$393.50
DOX,$60.23,1439828413587,"64,730",100% bullish,of 2 ratings,$60
EPAX,$2.63,1439828413630,"111,745",100% bearish,of 1 rating,N/A
ATAX,$5.3,1439828413659,"19,012",100% bullish,of 1 rating,$6.50
AMED,$45.35,1439828413805,"30,211",100% bearish,of 1 rating,$42
ASBI,$22.74,1439828413874,899,Not yet rated,NULL,N/A
AAL,$43.86,1439828414018,"2,244,833",93% bullish,of 87 ratings,$57
AMOV,$18.63,1439828414044,"9,822",100% bearish,of 1 rating,N/A
AGNC,$19.915,1439828414506,"1,262,529",75% bullish,of 28 ratings,$22
AGNCP,$25.19,1439828414532,"2,075",Not yet rated,NULL,N/A
ANCI,$1.69,1439828414560,800,100% bearish,of 1 rating,N/A
MTGEP,$24.2587,1439828414586,400,Not yet rated,NULL,N/A
MTGE,$15.89,1439828414616,"142,939",75% bullish,of 4 ratings,$19.50
ACAS,$14.4599,1439828414717,"412,249",60% bullish,of 5 ratings,$16.75
AGNCB,$24.1899,1439828414810,"2,300",Not yet rated,NULL,N/A
ACSF,$12.794,1439828414952,"10,786",100% bearish,of 1 rating,$15
AETI,$3.84,1439828415009,"4,135",67% bearish,of 3 ratings,N/A
AMNB,$23.58,1439828415035,"1,300",Not yet rated,NULL,$25.50
AMIC,$10.1,1439828415068,236,Not yet rated,NULL,N/A
APEI,$22.21,1439828415166,"20,816",100% bearish,of 1 rating,$29
ANAT,$104.64,1439828415193,946,100% bullish,of 1 rating,N/A
ARII,$40.555,1439828415472,"72,797",67% bearish,of 3 ratings,$45
AMSWA,$9.3,1439828415608,"1,132",100% bearish,of 2 ratings,$10.75
ASEI,$39.8999,1439828415694,"8,724",100% bearish,of 1 rating,$52.50
AMRB,$10.1,1439828415754,"34,260",Not yet rated,NULL,$11
AMWD,$65.21,1439828415825,"23,074",50% bullish,of 2 ratings,$58
CRMT,$45.77,1439828415852,900,100% bearish,of 1 rating,$49
AMSF,$50.89,1439828415873,"7,503",Not yet rated,NULL,$57.50
AMSC,$4.12,1439828415918,"8,150",50% bullish,of 4 ratings,N/A
ASRVP,NULL,1439828416126,0,Not yet rated,NULL,N/A
ASRV,$3.3,1439828416154,"7,309",100% bullish,of 2 ratings,N/A
ATLO,$23.9,1439828416232,"2,112",Not yet rated,NULL,N/A
FOLD,$16.2,1439828416377,"227,756",56% bullish,of 9 ratings,$21
AMGN,$168.66,1439828416544,"513,213",89% bullish,of 19 ratings,$185
AMKR,$4.505,1439828416571,"280,009",100% bearish,of 2 ratings,$5
AMPH,$14.43,1439828416611,"63,547",50% bullish,of 2 ratings,$20
ABCB,$28.69,1439828416700,"42,688",Not yet rated,NULL,$30.50
AMSG,$86.09,1439828416725,"77,031",100% bearish,of 1 rating,$85.50
ASYS,$5.79,1439828416785,"21,008",67% bullish,of 3 ratings,$12
AMSGP,NULL,1439828416810,0,Not yet rated,NULL,N/A
AMRS,$1.64,1439828416982,"20,995",70% bullish,of 10 ratings,N/A
ALOG,$81.005,1439828417176,"26,344",100% bearish,of 2 ratings,$100.50
ADI,$59.18,1439828417206,"399,984",67% bullish,of 3 ratings,$68
AFSI,$62.89,1439828417228,"254,944",60% bullish,of 5 ratings,$72
ANAC,$134.72,1439828417308,"140,548",80% bullish,of 5 ratings,$180.50
ANAD,$0.35,1439828417366,"250,682",100% bullish,of 2 ratings,$.50
ABCW,$41.565,1439828417394,"4,486",67% bullish,of 3 ratings,N/A
ANCB,NULL,1439828417420,0,Not yet rated,NULL,$23
AMCF,$0.27,1439828417562,"9,067",100% bullish,of 7 ratings,N/A
ANGI,$4.41,1439828417654,"135,772",64% bullish,of 11 ratings,$5.50
ANIP,$56.37,1439828417696,"101,775",89% bullish,of 19 ratings,$66
ANGO,$15.05,1439828417722,"10,914",67% bullish,of 3 ratings,$19
ANSS,$95.66,1439828417868,"156,419",100% bearish,of 1 rating,$100
ATRS,$1.865,1439828417904,"281,328",92% bullish,of 12 ratings,$4.50
ANIK,$35.74,1439828417930,"28,745",60% bullish,of 5 ratings,$51.25
ANTH,$9.415,1439828418067,"204,946",80% bullish,of 10 ratings,$13
ABAC,$0.885,1439828418168,"22,547",100% bearish,of 1 rating,N/A
APIC,$7.98,1439828418201,"34,851",100% bearish,of 1 rating,$19
ATNY,$2.409,1439828418246,"2,300",50% bullish,of 2 ratings,$3.75
APOG,$54.31,1439828418272,"58,272",100% bullish,of 1 rating,$62
APOL,$11.91,1439828418297,"203,043",87% bearish,of 68 ratings,$14
AINV,$6.515,1439828418567,"1,921,954",50% bullish,of 4 ratings,$8
APDNW,$1.33,1439828418614,"4,900",Not yet rated,NULL,N/A
AAPL,$117.31,1439828418660,"12,508,178",86% bullish,of 2331 ratings,$150
AGTC,$15.61,1439828418806,"7,923",50% bullish,of 2 ratings,$33
APPF,$17.3,1439828418836,"42,531",50% bullish,of 2 ratings,$22
APDN,$3.35,1439828418865,"19,251",Not yet rated,NULL,$9
ARCI,$1.3,1439828418891,500,Not yet rated,NULL,N/A
AMAT,$16.84,1439828419108,"3,527,212",82% bullish,of 11 ratings,$23.50
AMCC,$5.885,1439828419238,"231,945",80% bullish,of 5 ratings,$8
AAOI,$21.84,1439828419264,"1,244,006",50% bullish,of 4 ratings,$26
AREX,$2.68,1439828419321,"66,973",100% bearish,of 1 rating,$3
AQXP,$20.95,1439828419395,"568,242",50% bullish,of 2 ratings,$2
APTO,$5.1,1439828419420,102,Not yet rated,NULL,$17
AUMA,$9.75,1439828419694,"99,314",Not yet rated,NULL,N/A
APRI,$1.1999,1439828419726,"23,647",83% bullish,of 6 ratings,$4.86
AUMAW,NULL,1439828419747,0,Not yet rated,NULL,N/A
AUMAU,NULL,1439828419784,0,Not yet rated,NULL,N/A
AQMS,$5.41,1439828419811,"15,800",Not yet rated,NULL,N/A
PETX,$16.98,1439828419877,"58,125",100% bearish,of 2 ratings,$26
ARDM,$7.4,1439828420007,530,100% bullish,of 1 rating,$26
ABUS,$8.46,1439828420042,"132,437",86% bullish,of 14 ratings,$23
ARCW,$3.5836,1439828420204,"4,376",100% bearish,of 2 ratings,$10.50
ARCB,$32.47,1439828420427,"38,367",50% bullish,of 2 ratings,$39.50
ACGL,$73.74,1439828420453,"36,278",50% bullish,of 2 ratings,$72
ABIO,$0.8995,1439828420510,"78,001",50% bullish,of 2 ratings,$3.75
ARDX,$18.87,1439828420686,"27,328",50% bullish,of 2 ratings,$22
AGIIL,$25.32,1439828420715,501,Not yet rated,NULL,N/A
RKDA,$4.72,1439828420746,"6,161",100% bearish,of 2 ratings,$10
ARCC,$16.03,1439828420773,"247,305",67% bearish,of 3 ratings,$17.875
ACAT,$30.05,1439828420821,"24,326",100% bearish,of 3 ratings,$33
ARNA,$3.39,1439828420903,"355,013",90% bullish,of 77 ratings,$5.50
ARGS,$4.469,1439828420929,"10,836",50% bullish,of 2 ratings,$19.50
AGII,$57.27,1439828420990,"62,254",Not yet rated,NULL,$58
ARIA,$7.375,1439828421195,"328,433",87% bullish,of 46 ratings,$9
ARMH,$42.93,1439828421371,"1,141,269",54% bearish,of 13 ratings,$61
ARIS,$3.28,1439828421401,727,Not yet rated,NULL,$4.50
ARTX,$1.5629,1439828421423,"40,453",88% bullish,of 16 ratings,$4.50
ARKR,NULL,1439828421454,0,50% bullish,of 2 ratings,N/A
ARWA,NULL,1439828421504,0,Not yet rated,NULL,N/A
ARWAR,NULL,1439828421589,0,Not yet rated,NULL,N/A
ARWAU,NULL,1439828421667,0,100% bullish,of 1 rating,N/A
ARRS,$27.78,1439828421868,"194,918",50% bullish,of 2 ratings,$38
ARRY,$5.7201,1439828421894,"162,879",100% bullish,of 7 ratings,$10
ARWAW,NULL,1439828421918,0,Not yet rated,NULL,N/A
DWAT,$10.21,1439828421962,"8,406",100% bearish,of 1 rating,N/A
AROW,$27.7,1439828422155,"2,690",Not yet rated,NULL,N/A
ARTNA,$22.47,1439828422206,"1,723",100% bearish,of 1 rating,$29
ARWR,$5.61,1439828422232,"357,464",75% bullish,of 4 ratings,$10.50
ASND,$17.12,1439828422398,"42,553",100% bullish,of 1 rating,$30
ASCMA,$30.04,1439828422426,"43,560",100% bearish,of 1 rating,$45
ASBB,$23.3,1439828422453,"2,925",Not yet rated,NULL,N/A
ARTW,$4.44,1439828422506,102,75% bearish,of 4 ratings,N/A
ASNA,$12.31,1439828422586,"273,867",50% bullish,of 2 ratings,$18
ASTI,$0.1649,1439828422614,"1,614,509",83% bullish,of 6 ratings,$3
APWC,$2.09,1439828422749,20,100% bearish,of 1 rating,N/A
ARQL,$1.71,1439828422827,"8,279",75% bullish,of 4 ratings,$5
ASMI,$38.94,1439828422884,300,50% bullish,of 2 ratings,N/A
ASML,$93.02,1439828422961,"261,759",67% bullish,of 3 ratings,$127
ASMB,$13.7,1439828422990,"8,523",67% bullish,of 3 ratings,N/A
AZPN,$38.9701,1439828423117,"376,365",50% bullish,of 2 ratings,$42
ALOT,NULL,1439828423225,0,100% bearish,of 1 rating,N/A
ASFI,$9.04,1439828423295,"6,300",100% bullish,of 1 rating,N/A
ATRO,$57.521,1439828423422,"60,787",100% bearish,of 2 ratings,$80
ASUR,$5.99,1439828423450,"2,040",Not yet rated,NULL,$8
ASTC,$2.4,1439828423471,659,100% bullish,of 5 ratings,N/A
ASTE,$38.27,1439828423518,"34,125",100% bearish,of 1 rating,$48
ATAI,$3.11,1439828423605,"32,189",100% bearish,of 1 rating,N/A
ATRA,$48.46,1439828423799,"50,165",50% bullish,of 2 ratings,$68
AFCB,NULL,1439828423932,0,Not yet rated,NULL,N/A
ATHX,$1.21,1439828423992,"68,125",89% bullish,of 9 ratings,$5
ACFC,$6.43,1439828424021,"114,927",Not yet rated,NULL,$6.50
AAPC,$10.19,1439828424062,44,Not yet rated,NULL,N/A
AAME,$3.54,1439828424092,831,Not yet rated,NULL,N/A
ATHN,$140.41,1439828424169,"44,665",67% bearish,of 3 ratings,$153
ATNI,$74.4,1439828424247,"21,300",100% bearish,of 1 rating,$69.50
AAWW,$45.09,1439828424495,"57,465",50% bullish,of 2 ratings,$65
ATML,$7.87,1439828424533,"772,741",78% bullish,of 9 ratings,$9.50
AFH,$17.19,1439828424565,"1,837",Not yet rated,NULL,$21.50
ATLC,$3.94,1439828424586,"1,900",67% bullish,of 3 ratings,N/A
ATOS,$0.9599,1439828424668,"16,695",100% bullish,of 7 ratings,$7
ATRC,$27.06,1439828424841,"34,470",100% bullish,of 1 rating,$30
ATRM,$3,1439828424871,"1,032",50% bullish,of 2 ratings,N/A
ATRI,$398.02,1439828424976,618,Not yet rated,NULL,N/A
AUBN,NULL,1439828425008,0,Not yet rated,NULL,N/A
ATTU,$14.71,1439828425034,"6,574",100% bearish,of 1 rating,$20.50
LIFE,$16.59,1439828425108,"40,570",86% bullish,of 7 ratings,$43
AUDC,$3.275,1439828425172,"32,141",80% bullish,of 5 ratings,$5
ADAT,$0.1198,1439828425271,"4,699",100% bullish,of 2 ratings,N/A
EARS,$5,1439828425317,"8,463",100% bearish,of 2 ratings,$12
AUPH,$3.5,1439828425406,"8,845",100% bearish,of 1 rating,$8
ABTL,$19.74,1439828425623,"17,538",100% bullish,of 4 ratings,$20.25
AAVL,$10.96,1439828425656,"780,016",100% bearish,of 1 rating,$20
ADSK,$54.893,1439828425686,"133,861",83% bullish,of 6 ratings,$69.50
AVGO,$123.72,1439828425782,"493,063",88% bullish,of 8 ratings,$160
AVEO,$1.79,1439828425812,"15,116,160",75% bullish,of 8 ratings,$3
AVNU,NULL,1439828425887,0,Not yet rated,NULL,$14
ADP,$83.95,1439828426068,"639,572",100% bearish,of 1 rating,$88
AVID,$9.2,1439828426098,"50,921",100% bearish,of 1 rating,$20
AVGR,$15.5,1439828426123,"6,121",100% bearish,of 1 rating,$20
AVNW,$1.12,1439828426151,"22,111",50% bullish,of 2 ratings,$2.20
AWRE,$3.2685,1439828426333,300,67% bullish,of 3 ratings,N/A
CAR,$46.46,1439828426359,"1,069,257",80% bullish,of 5 ratings,$60
ACLS,$3.2032,1439828426435,"117,973",67% bullish,of 6 ratings,$4.75
AXPW,$1.3201,1439828426543,"19,582",83% bullish,of 6 ratings,N/A
AXPWW,$1.47,1439828426572,192,Not yet rated,NULL,N/A
AXGN,$3.8499,1439828426646,"8,645",Not yet rated,NULL,$5
BCOM,$19.98,1439828426865,516,100% bearish,of 1 rating,N/A
AXTI,$2.2,1439828426886,"10,960",50% bullish,of 2 ratings,$2.75
BOSC,$2.3699,1439828426920,"7,276",50% bullish,of 2 ratings,N/A
BEAV,$50.84,1439828426966,"93,651",67% bearish,of 3 ratings,$59
BIDU,$166.66,1439828427051,"929,369",81% bullish,of 88 ratings,$215
RILY,$10,1439828427098,50,Not yet rated,NULL,N/A
BCPC,$60.72,1439828427243,"51,412",100% bearish,of 1 rating,$75
BWINB,$23.45,1439828427281,"13,484",Not yet rated,NULL,N/A
BWINA,NULL,1439828427411,0,Not yet rated,NULL,N/A
BLDP,$1.314,1439828427444,"57,375",91% bullish,of 22 ratings,$2.50
BANF,$63.21,1439828427479,800,Not yet rated,NULL,$68
BOCH,$5.79,1439828427579,"2,028",Not yet rated,NULL,$6.50
BANFP,NULL,1439828427604,0,Not yet rated,NULL,N/A
BKMU,$7.43,1439828427773,"5,832",Not yet rated,NULL,$8
OZRK,$43.46,1439828427806,"78,500",67% bullish,of 3 ratings,$49.50
BKSC,NULL,1439828427872,0,Not yet rated,NULL,N/A
BMRC,$48.72,1439828427938,605,Not yet rated,NULL,$52
BOTJ,$11.14,1439828427973,"1,756",Not yet rated,NULL,N/A
BFIN,$12.32,1439828428000,"3,410",Not yet rated,NULL,$13
BWFG,$18.22,1439828428072,692,100% bearish,of 1 rating,N/A
BZUN,$7.69,1439828428204,"22,407",50% bullish,of 2 ratings,$13.85
BANR,$47.9,1439828428335,"3,365",100% bullish,of 3 ratings,$50
TAPR,$31.2,1439828428408,26,100% bearish,of 1 rating,N/A
BHACU,NULL,1439828428538,0,Not yet rated,NULL,N/A
BHAC,NULL,1439828428581,0,Not yet rated,NULL,N/A
BYBK,$5.09,1439828428636,300,100% bearish,of 1 rating,N/A
BBSI,$37.42,1439828428672,"11,357",67% bearish,of 3 ratings,$62.50
BHACW,NULL,1439828428742,0,Not yet rated,NULL,N/A
BHACR,NULL,1439828428804,0,Not yet rated,NULL,N/A
BSET,$31.82,1439828428874,"34,450",100% bearish,of 1 rating,$35
BYLK,$12.95,1439828428967,"3,824",Not yet rated,NULL,$14
BBCN,$15.5,1439828429000,"44,098",100% bearish,of 1 rating,$16
BV,$5.34,1439828429034,"48,610",67% bullish,of 6 ratings,$9
BDCV,$4.9834,1439828429152,203,100% bearish,of 1 rating,$10.19
BCBP,$11.722,1439828429238,"3,703",Not yet rated,NULL,N/A
BECN,$35.94,1439828429342,"51,691",50% bullish,of 2 ratings,$40
BSF,$9.1,1439828429426,30,Not yet rated,NULL,N/A
BBGI,$4.85,1439828429586,157,100% bearish,of 1 rating,N/A
BEBE,$1.87,1439828429648,"13,198",75% bullish,of 4 ratings,$3.075
BBBY,$63.22,1439828429673,"332,592",71% bullish,of 7 ratings,$75
BELFB,$20.04,1439828429717,"4,241",100% bearish,of 1 rating,N/A
BELFA,$17.23,1439828429747,506,100% bearish,of 1 rating,N/A
BLPH,$4.13,1439828429810,"7,355",100% bearish,of 1 rating,$12.50
BNCL,$12.92,1439828429848,"33,109",100% bullish,of 3 ratings,$12.50
BLCM,$18.68,1439828430047,"95,927",50% bullish,of 4 ratings,$40
BNTC,NULL,1439828430080,0,100% bullish,of 1 rating,N/A
BNFT,$40.024,1439828430108,"33,591",67% bullish,of 3 ratings,$46
BGCP,$9.46,1439828430182,"165,381",88% bullish,of 8 ratings,$14
BGMD,$0.8339,1439828430244,"124,717",100% bullish,of 10 ratings,N/A
BGFV,$11.1325,1439828430349,"46,046",57% bullish,of 7 ratings,$12
BIND,$4.49,1439828430506,"12,044",67% bullish,of 3 ratings,$13.50
BIOC,$1.89,1439828430536,"101,608",83% bullish,of 6 ratings,$3.70
BCDA,NULL,1439828430613,0,Not yet rated,NULL,N/A
BCRX,$11.8,1439828430645,"114,740",63% bullish,of 8 ratings,$18
BIOD,$0.7001,1439828430750,"89,405",80% bullish,of 5 ratings,$4
BASI,$1.65,1439828430772,750,Not yet rated,NULL,N/A
ORPN,$5.6499,1439828430802,"6,910",100% bullish,of 1 rating,$28.50
BIOL,$1.632,1439828430972,"18,185",Not yet rated,NULL,N/A
BDSI,$6.61,1439828431070,"348,943",88% bullish,of 8 ratings,$17
BIIB,$314,1439828431209,"262,167",88% bullish,of 16 ratings,$400
BLRX,$1.54,1439828431239,"138,785",100% bullish,of 12 ratings,$7
BLFS,$2.16,1439828431265,"2,003",100% bearish,of 1 rating,$4.75
BMRN,$137.58,1439828431341,"125,047",80% bullish,of 5 ratings,$160
BVXVW,NULL,1439828431575,0,100% bearish,of 1 rating,N/A
BVXV,$4.2001,1439828431605,"26,331",Not yet rated,NULL,N/A
BBP,$34.08,1439828431708,"10,843",Not yet rated,NULL,N/A
BPTH,$1.16,1439828431740,"15,382",100% bullish,of 2 ratings,$5
BRLI,$35.26,1439828431762,"53,008",83% bullish,of 6 ratings,$32
BSTC,$51.0939,1439828431815,"22,453",100% bearish,of 1 rating,$76
BSPM,$0.6601,1439828431844,"7,063",50% bullish,of 2 ratings,N/A
BIOS,$1.47,1439828431897,"727,980",71% bullish,of 7 ratings,$4
BOTA,$2.28,1439828432091,"29,007",86% bullish,of 7 ratings,N/A
BBC,$33.0252,1439828432250,"3,696",Not yet rated,NULL,N/A
TECH,$106,1439828432334,"45,115",100% bullish,of 1 rating,$117
BEAT,$12.1102,1439828432384,"76,184",67% bearish,of 3 ratings,$15
BITI,$19.46,1439828432409,"20,681",100% bullish,of 1 rating,$28
BDMS,NULL,1439828432618,0,100% bearish,of 1 rating,N/A
BBOX,$15.88,1439828432648,"10,628",100% bearish,of 1 rating,N/A
BJRI,$46.36,1439828432745,"52,241",50% bullish,of 2 ratings,$55
BBRY,$7.56,1439828432778,"952,223",61% bullish,of 330 ratings,$9
BLKB,$63.28,1439828432808,"22,922",100% bearish,of 2 ratings,$66
BDE,$7.71,1439828432839,"33,136",50% bullish,of 2 ratings,$9
HAWK,$43.92,1439828432943,"126,052",90% bullish,of 10 ratings,$49
ADRA,NULL,1439828432982,0,Not yet rated,NULL,N/A
BKCC,$9.494,1439828433077,"67,022",100% bullish,of 2 ratings,$10
ADRD,$23.4025,1439828433132,764,100% bearish,of 1 rating,N/A
ADRE,$31.42,1439828433363,"7,160",Not yet rated,NULL,N/A
ADRU,$23.113,1439828433434,"1,800",100% bearish,of 1 rating,N/A
BLMN,$21.85,1439828433498,"230,370",83% bullish,of 6 ratings,$27.50
BUFF,$26.25,1439828433524,"236,192",83% bullish,of 12 ratings,N/A
BLBD,$13.03,1439828433563,"4,200",Not yet rated,NULL,N/A
BCOR,$13.65,1439828433592,"15,922",57% bullish,of 7 ratings,$15
BHBK,$14.49,1439828433723,"7,482",100% bullish,of 1 rating,$14.50
BBLU,$0.8928,1439828433770,"20,782",100% bullish,of 2 ratings,$4.43
BLUE,$129.58,1439828433912,"203,357",86% bullish,of 7 ratings,$217.50
BPMC,$26.9676,1439828433987,"152,447",50% bullish,of 2 ratings,$47.50
BKEPP,NULL,1439828434015,0,100% bearish,of 1 rating,N/A
NILE,$34.55,1439828434037,"32,158",50% bullish,of 2 ratings,$34
BKEP,$7,1439828434070,"14,528",100% bearish,of 1 rating,$8.50
BNCN,$21.78,1439828434168,"15,741",Not yet rated,NULL,$22
BOBE,$46.33,1439828434428,"25,536",75% bullish,of 4 ratings,$57
BOKF,$66.04,1439828434490,"21,648",100% bearish,of 1 rating,$71
BOFI,$130.27,1439828434519,"38,655",100% bullish,of 6 ratings,$137.50
BOJA,$22.52,1439828434541,"92,403",100% bullish,of 1 rating,$30
WIFI,$9.13,1439828434562,"104,472",50% bullish,of 2 ratings,$13.50
BONA,$12.28,1439828434733,"205,613",75% bullish,of 4 ratings,$8.50
BPFHP,NULL,1439828434840,0,100% bearish,of 1 rating,N/A
BPFH,$12.47,1439828434867,"12,883",100% bearish,of 1 rating,$14
BPFHW,$6.4,1439828434917,"1,278",100% bearish,of 1 rating,N/A
BNSO,$1.45,1439828434949,"38,494",100% bearish,of 1 rating,N/A
BAMM,$3.2101,1439828435000,"3,057",60% bullish,of 5 ratings,N/A
EPAY,$26.2537,1439828435031,"17,170",100% bearish,of 2 ratings,$30
BDBD,$9.1,1439828435063,"179,819",60% bullish,of 5 ratings,$10
BCLI,$2.86,1439828435233,"35,757",80% bullish,of 5 ratings,$12
BBRG,$13.145,1439828435341,"25,501",67% bullish,of 3 ratings,$14.50
BBEP,$2.61,1439828435558,"787,254",69% bullish,of 13 ratings,$5.625
BLIN,$1.45,1439828435604,500,50% bullish,of 2 ratings,$2.80
BDGE,$27.98,1439828435635,"1,328",Not yet rated,NULL,$31.75
BBEPP,$14.36,1439828435657,"10,799",100% bearish,of 1 rating,N/A
BVSN,$5.91,1439828435738,526,60% bearish,of 5 ratings,N/A
BSFT,$33.99,1439828435900,"26,470",57% bullish,of 7 ratings,$40.50
BRID,NULL,1439828435961,0,100% bearish,of 1 rating,N/A
BRCM,$50.98,1439828436031,"491,214",75% bullish,of 12 ratings,$56
BCOV,$5.44,1439828436182,"13,046",67% bullish,of 3 ratings,$10.20
BYFC,$1.45,1439828436210,300,50% bullish,of 2 ratings,N/A
BRKL,$10.87,1439828436238,"51,534",100% bearish,of 1 rating,$10.75
BWEN,$3.63,1439828436264,"8,459",100% bullish,of 3 ratings,$8
BRCD,$10.06,1439828436399,"350,001",92% bullish,of 13 ratings,$12.50
BRKS,$11.04,1439828436425,"30,620",67% bullish,of 3 ratings,$15.25
BRKR,$20.2,1439828436651,"48,315",100% bearish,of 2 ratings,$22
BLMT,$21.24,1439828436704,450,Not yet rated,NULL,N/A
BMTC,$29.87,1439828436808,"16,520",Not yet rated,NULL,$34
BSQR,$7.4098,1439828436835,"131,958",67% bullish,of 3 ratings,N/A
BWLD,$195.98,1439828436864,"31,930",82% bullish,of 11 ratings,$205
BLDR,$14.42,1439828436967,"152,298",50% bullish,of 2 ratings,$22
BUR,$2.09,1439828437057,"1,400",100% bearish,of 1 rating,$8
CFFI,$37.25,1439828437095,"4,650",100% bearish,of 1 rating,N/A
CA,$29.42,1439828437191,"299,820",50% bullish,of 4 ratings,$33
CCMP,$45.59,1439828437223,"5,264",50% bullish,of 2 ratings,$59
CHRW,$69.23,1439828437272,"202,265",Not yet rated,NULL,$72
CACQ,$7.475,1439828437407,"3,262",100% bearish,of 1 rating,$12.25
CDZI,$7.32,1439828437433,"11,202",100% bearish,of 1 rating,N/A
CDNS,$21.75,1439828437513,"292,161",75% bullish,of 4 ratings,$22.50
PRSS,$4.64,1439828437765,"7,332",80% bullish,of 5 ratings,$4.50
CZR,$7.55,1439828437792,"304,532",60% bearish,of 5 ratings,$10.50
CSTE,$48.5,1439828437928,"259,658",100% bearish,of 1 rating,$65
CLBS,$1.39,1439828437962,"102,071",79% bullish,of 14 ratings,$4
CHY,$11.87,1439828437995,"105,377",Not yet rated,NULL,N/A
CLMS,$11.99,1439828438057,"16,601",Not yet rated,NULL,$10.50
CHI,$11.1,1439828438088,"98,960",100% bearish,of 1 rating,N/A
CCD,$20.8901,1439828438114,"39,801",Not yet rated,NULL,N/A
CHW,$8.12,1439828438247,"76,772",100% bearish,of 1 rating,N/A
CFGE,$11.0699,1439828438313,"2,000",Not yet rated,NULL,N/A
CSQ,$10.599,1439828438463,"120,249",Not yet rated,NULL,N/A
CGO,$12.81,1439828438489,"16,565",100% bearish,of 1 rating,N/A
CAMP,$16.43,1439828438624,"59,371",86% bullish,of 7 ratings,$25
CVGW,$53.9999,1439828438658,"20,373",50% bullish,of 2 ratings,$58.50
CFNB,NULL,1439828438684,0,100% bearish,of 1 rating,N/A
CALA,$5.4,1439828438710,"85,345",100% bullish,of 3 ratings,$19.50
CALM,$52.16,1439828438958,"137,314",80% bullish,of 5 ratings,$65
CLMT,$26.7,1439828438985,"115,286",75% bullish,of 8 ratings,$31
ABCD,$4.59,1439828439006,"31,381",83% bullish,of 6 ratings,N/A
CAMB,NULL,1439828439170,0,Not yet rated,NULL,N/A
CAMBU,NULL,1439828439198,0,100% bearish,of 1 rating,N/A
CALD,$16.41,1439828439246,"78,927",100% bearish,of 1 rating,$20.50
CAC,$40.41,1439828439276,"2,200",Not yet rated,NULL,N/A
CAMBW,NULL,1439828439338,0,Not yet rated,NULL,N/A
CAMT,$2.9001,1439828439553,"10,338",73% bullish,of 11 ratings,$4
CSIQ,$24.29,1439828439686,"808,667",86% bullish,of 28 ratings,$45
CPHC,NULL,1439828439716,0,100% bearish,of 1 rating,N/A
CGIX,$11.33,1439828439742,"10,743",67% bullish,of 3 ratings,$14.375
CPLA,$49.73,1439828439821,"19,897",50% bullish,of 2 ratings,$65
CBNJ,$10.89,1439828439889,"19,250",100% bullish,of 1 rating,N/A
CCBG,$15.12,1439828439953,"2,221",Not yet rated,NULL,$17.25
CBF,$30.49,1439828440059,"3,172",Not yet rated,NULL,$32
CPLP,$7.2923,1439828440131,"161,342",71% bullish,of 7 ratings,$11
CSWC,$49.88,1439828440188,"6,892",Not yet rated,NULL,N/A
CAPN,$2.4307,1439828440214,"339,408",100% bullish,of 1 rating,$10.85
CPTA,$15.21,1439828440287,"45,036",Not yet rated,NULL,$18.50
CFFN,$12.22,1439828440315,"76,424",Not yet rated,NULL,$12.75
CAPNW,NULL,1439828440441,0,Not yet rated,NULL,N/A
CAPR,$4.21,1439828440541,"4,084",Not yet rated,NULL,$12
CPST,$0.4091,1439828440633,"278,302",95% bullish,of 22 ratings,$1
CARA,$21.72,1439828440795,"103,656",50% bullish,of 4 ratings,$27.50
CARB,$11.57,1439828440851,"31,838",75% bullish,of 4 ratings,$12
CBYL,$6.35,1439828440899,"3,950",100% bearish,of 1 rating,$20
CRDC,$0.3828,1439828440929,"53,436",100% bullish,of 1 rating,$1.25
CSII,$23.9,1439828440964,"48,671",100% bearish,of 2 ratings,$42.125
CATM,$34.94,1439828441030,"55,866",100% bearish,of 1 rating,$44
CFNL,$23.5958,1439828441058,"19,437",Not yet rated,NULL,$24
CRME,$9.78,1439828441083,"3,512",89% bullish,of 9 ratings,$11.25
CDNA,$6.2301,1439828441307,160,100% bearish,of 1 rating,$9
CECO,$3.96,1439828441390,"122,547",67% bearish,of 3 ratings,$6
CKEC,$23.89,1439828441446,"25,956",50% bullish,of 2 ratings,$35.915
CTRE,$11.37,1439828441534,"99,564",50% bullish,of 2 ratings,N/A
CLBH,NULL,1439828441560,0,Not yet rated,NULL,$16.50
CARO,$15.49,1439828441750,"20,984",100% bearish,of 1 rating,$19
CART,$5.49,1439828441830,159,100% bearish,of 1 rating,N/A
CARV,$5.85,1439828441922,200,50% bullish,of 2 ratings,N/A
CRTN,NULL,1439828441949,0,100% bearish,of 1 rating,N/A
CASM,$1.1,1439828441983,"9,062",100% bullish,of 1 rating,$3.50
CRZO,$34.95,1439828442005,"135,474",67% bearish,of 3 ratings,$57
TAST,$12.92,1439828442037,"38,296",Not yet rated,NULL,$14.25
CACB,$5.5101,1439828442085,"6,981",Not yet rated,NULL,$5.50
CSCD,$13.985,1439828442244,"6,100",100% bullish,of 2 ratings,$17
CWST,$6.45,1439828442315,"19,280",50% bullish,of 2 ratings,$7
CASY,$107.5273,1439828442375,"56,218",50% bullish,of 2 ratings,$99.50
CASI,$1.47,1439828442518,11,100% bullish,of 1 rating,$3.50
CASS,$51.53,1439828442603,"3,004",100% bearish,of 1 rating,N/A
CATB,$12,1439828442654,"10,825",100% bearish,of 1 rating,$28
CATY,$32.12,1439828442730,"59,357",100% bearish,of 1 rating,$33.50
CAVM,$73.35,1439828442787,"137,938",67% bearish,of 3 ratings,$72
CATYW,NULL,1439828442825,0,100% bearish,of 1 rating,N/A
CPRX,$4.19,1439828442861,"116,072",71% bullish,of 7 ratings,$7
CBFV,NULL,1439828442919,0,Not yet rated,NULL,N/A
CVCO,$73.18,1439828442998,"6,319",100% bearish,of 1 rating,N/A
CNLM,NULL,1439828443048,0,Not yet rated,NULL,N/A
CNLMU,NULL,1439828443214,0,100% bullish,of 1 rating,N/A
CNLMR,NULL,1439828443245,0,Not yet rated,NULL,N/A
CNLMW,NULL,1439828443346,0,Not yet rated,NULL,N/A
CDK,$51.23,1439828443439,"78,686",67% bearish,of 3 ratings,$50
CBOE,$63.87,1439828443566,"133,354",Not yet rated,NULL,$60
CELG,$129.89,1439828443604,"522,104",92% bullish,of 13 ratings,$155.50
CECE,$10.13,1439828443677,"32,415",50% bullish,of 2 ratings,$16
CDW,$39.74,1439828443706,"336,669",75% bullish,of 4 ratings,$44
CELGZ,$2.07,1439828443783,"2,000",80% bullish,of 5 ratings,N/A
CPXX,$2.21,1439828443804,"39,593",100% bullish,of 2 ratings,$7
CLDX,$16.09,1439828443833,"523,899",89% bullish,of 9 ratings,$36
CLRB,NULL,1439828444090,0,100% bearish,of 1 rating,N/A
CLRBW,NULL,1439828444155,0,Not yet rated,NULL,N/A
CLDN,$1.055,1439828444180,"75,048",71% bullish,of 7 ratings,$3
CLLS,$32.81,1439828444227,"21,185",75% bullish,of 4 ratings,$51.50
CBMG,$23.105,1439828444357,"20,858",50% bullish,of 2 ratings,N/A
CLTX,$0.6,1439828444459,"4,130",100% bullish,of 2 ratings,N/A
CLSN,$2.1999,1439828444543,"54,360",80% bullish,of 10 ratings,$7.50
CYAD,$55.11,1439828444595,200,100% bullish,of 1 rating,$87.50
CETV,$2.24,1439828444647,"12,387",67% bullish,of 3 ratings,$2.80
CEMP,$36.57,1439828444669,"249,842",71% bullish,of 7 ratings,$48.50
CSFL,$14.3099,1439828444700,"30,632",Not yet rated,NULL,$15
CENT,$11.5741,1439828444805,"23,568",Not yet rated,NULL,$10
CETX,$2.56,1439828444833,"15,414",Not yet rated,NULL,$5.60
CFBK,NULL,1439828444914,0,Not yet rated,NULL,N/A
CVCY,$11.15,1439828445098,911,Not yet rated,NULL,$12
CENTA,$12.345,1439828445125,"19,735",Not yet rated,NULL,N/A
CNTY,$6.37,1439828445385,"4,544",80% bullish,of 5 ratings,$7.75
CNBKA,$41.56,1439828445415,692,100% bullish,of 1 rating,N/A
CPHD,$50.54,1439828445514,"219,429",50% bullish,of 2 ratings,$67
CRNT,$1.465,1439828445550,"284,381",50% bullish,of 2 ratings,$2
CENX,$5.83,1439828445575,"500,282",67% bullish,of 6 ratings,$9
CERN,$64.56,1439828445604,"559,734",67% bullish,of 3 ratings,$79
CERE,$1.57,1439828445635,"407,165",88% bullish,of 8 ratings,N/A
CERS,$4.77,1439828445733,"155,824",75% bullish,of 4 ratings,$7
CERU,$3.484,1439828445762,"76,108",75% bullish,of 4 ratings,$15
KOOL,$0.72,1439828445957,"12,215",100% bullish,of 5 ratings,$7
CYOU,$20.2,1439828445982,"106,106",50% bullish,of 6 ratings,$24
CEVA,$19.15,1439828446251,"19,861",100% bearish,of 1 rating,$25
HOTR,$1.5,1439828446281,"529,953",100% bullish,of 2 ratings,$5
GTLS,$24.94,1439828446388,"80,348",50% bullish,of 4 ratings,$40
HOTRW,NULL,1439828446414,0,Not yet rated,NULL,N/A
CTHR,$1.22,1439828446436,"4,315",50% bullish,of 2 ratings,$2.50
CHTR,$183.37,1439828446468,"204,652",100% bearish,of 2 ratings,$196
CHKP,$81.77,1439828446494,"162,897",50% bullish,of 4 ratings,$92
CHFN,$12.54,1439828446626,"2,999",Not yet rated,NULL,$14
CHEK,NULL,1439828446669,0,Not yet rated,NULL,$7.75
CEMI,$4.76,1439828446758,"1,300",50% bullish,of 2 ratings,$7.50
CCXI,$6.62,1439828446848,"12,196",67% bullish,of 3 ratings,$14
CHMG,$26.5,1439828446923,150,Not yet rated,NULL,$30
CHEKW,$1.11,1439828446948,"1,000",Not yet rated,NULL,N/A
CHFC,$32.88,1439828447150,"10,917",100% bearish,of 1 rating,$36
CHEV,$14.4227,1439828447325,"1,157",Not yet rated,NULL,N/A
PLCE,$59.73,1439828447373,"57,166",100% bearish,of 1 rating,$71
CHKE,$27.82,1439828447400,"2,419",100% bearish,of 1 rating,$32.50
CMRX,$50.78,1439828447422,"31,437",50% bullish,of 2 ratings,$57
CBNK,$16.62,1439828447458,100,100% bearish,of 1 rating,N/A
CHMA,$27.9,1439828447479,"292,337",Not yet rated,NULL,$40
CADC,NULL,1439828447553,0,78% bullish,of 9 ratings,N/A
CAAS,$6.8,1439828447615,"30,791",93% bullish,of 14 ratings,$11.50
CBAK,$2.34,1439828447847,"15,247",67% bullish,of 9 ratings,N/A
CBPO,$110,1439828447874,"50,802",75% bullish,of 8 ratings,$140.50
CALI,$1.0035,1439828447921,"13,000",67% bullish,of 3 ratings,N/A
CCCL,NULL,1439828448051,0,100% bullish,of 6 ratings,N/A
CHOP,$1.31,1439828448363,749,50% bullish,of 2 ratings,N/A
CNIT,$1.85,1439828448393,"117,325",67% bullish,of 6 ratings,N/A
HGSH,$1.74,1439828448414,"6,313",67% bullish,of 3 ratings,N/A
CCCR,$0.6501,1439828448436,"11,154",67% bearish,of 3 ratings,N/A
HTHT,$24.27,1439828448482,"100,132",50% bullish,of 2 ratings,$28
JRJC,$4.45,1439828448504,"8,900",82% bullish,of 11 ratings,N/A
CHLN,$1.38,1439828448529,928,67% bullish,of 3 ratings,N/A
CJJD,$2.28,1439828448573,"41,376",100% bullish,of 1 rating,N/A
CPGI,$6.98,1439828448801,24,Not yet rated,NULL,N/A
CHNR,NULL,1439828448829,0,100% bearish,of 1 rating,N/A
CSUN,$1.5498,1439828448852,"1,200",80% bullish,of 5 ratings,N/A
CREG,$0.8,1439828448881,"25,288",100% bullish,of 3 ratings,N/A
CXDC,$6.22,1439828449110,"11,598",67% bullish,of 3 ratings,N/A
CNET,$0.82,1439828449178,"60,363",50% bullish,of 2 ratings,N/A
CCIH,$10.1468,1439828449210,"23,294",67% bullish,of 6 ratings,$12.65
CNTF,$0.9499,1439828449242,"12,026",Not yet rated,NULL,N/A
IMOS,$16.41,1439828449311,"56,873",60% bullish,of 5 ratings,$21.50
CNYD,$3.18,1439828449340,"2,298",67% bullish,of 3 ratings,N/A
CHSCN,$27.3781,1439828449371,"6,589",Not yet rated,NULL,N/A
CHSCL,$27.13,1439828449473,"25,725",Not yet rated,NULL,N/A
CHSCO,$28.5,1439828449540,"2,001",Not yet rated,NULL,N/A
CHSCP,$30.8,1439828449609,"1,166",Not yet rated,NULL,N/A
CHSCM,$26.34,1439828449636,"6,583",Not yet rated,NULL,N/A
CHDN,$136.81,1439828449825,"44,938",Not yet rated,NULL,$165
CHUY,$33.16,1439828449907,"25,559",50% bullish,of 2 ratings,$34
CMPR,$69.64,1439828450033,"58,248",50% bullish,of 2 ratings,$72.50
CIDM,$0.6952,1439828450065,"88,000",50% bullish,of 2 ratings,$2.10
CIFC,$7.3,1439828450094,3,Not yet rated,NULL,N/A
CINF,$56.56,1439828450168,"67,750",50% bullish,of 4 ratings,$50.50
CMCT,NULL,1439828450229,0,100% bearish,of 1 rating,N/A
CDTX,$14.81,1439828450299,"14,554",Not yet rated,NULL,$22
CTAS,$88.59,1439828450371,"60,804",100% bearish,of 1 rating,$91
CRUS,$29.36,1439828450401,"120,233",75% bullish,of 12 ratings,$44.50
CSCO,$28.86,1439828450561,"7,346,682",84% bullish,of 208 ratings,$32.50
CPHR,$7,1439828450618,"4,620",100% bearish,of 1 rating,$16
CTRN,$22.84,1439828450838,"14,296",100% bearish,of 1 rating,$29.50
CZNC,$20.3,1439828450906,651,Not yet rated,NULL,N/A
CZFC,NULL,1439828450936,0,Not yet rated,NULL,N/A
CZWI,NULL,1439828450964,0,Not yet rated,NULL,N/A
CIZN,$19.44,1439828450990,200,Not yet rated,NULL,N/A
CTXS,$77.44,1439828451038,"167,708",86% bullish,of 7 ratings,$80
CHCO,$48.59,1439828451133,"10,652",Not yet rated,NULL,$46
CIVB,$10.26,1439828451278,106,Not yet rated,NULL,$11
CLFD,$18.05,1439828451421,"6,019",67% bullish,of 3 ratings,$18
CLNT,$2.03,1439828451448,"28,100",75% bullish,of 8 ratings,N/A
CLNE,$4.86,1439828451469,"422,968",80% bullish,of 15 ratings,$9
CIVBP,NULL,1439828451508,0,Not yet rated,NULL,N/A
CLRO,$11.804,1439828451605,"1,939",50% bullish,of 2 ratings,$14.25
CDTI,$1.7286,1439828451632,"92,919",75% bullish,of 4 ratings,$3.25
CLIR,$4.963,1439828451710,"38,138",100% bullish,of 3 ratings,N/A
CBLI,$3.83,1439828451942,"25,032",60% bullish,of 5 ratings,N/A
CLVS,$78.28,1439828451994,"72,999",60% bullish,of 5 ratings,$101.50
CMFN,$11.1542,1439828452016,"15,235",100% bearish,of 1 rating,$15.50
CSBK,$14.05,1439828452042,"8,142",Not yet rated,NULL,N/A
CME,$97.76,1439828452075,"200,774",67% bullish,of 3 ratings,$102
CCNE,$17.48,1439828452179,"3,015",50% bullish,of 2 ratings,$21.50
CNV,$4.81,1439828452251,"1,815",50% bullish,of 2 ratings,$7.15
CISG,$8.41,1439828452311,"29,633",100% bullish,of 5 ratings,$10
CWAY,$11.5,1439828452382,500,Not yet rated,NULL,N/A
CDXS,$3.85,1439828452513,"47,057",64% bullish,of 11 ratings,$6
CDRB,$12.4,1439828452539,"6,903",67% bullish,of 3 ratings,N/A
COKE,$164.48,1439828452565,"3,556",79% bullish,of 19 ratings,N/A
COBZ,$12.82,1439828452587,"21,556",100% bullish,of 1 rating,$14
JVA,$4.755,1439828452767,875,83% bullish,of 6 ratings,$7
CCOI,$29.39,1439828452907,"75,573",50% bullish,of 4 ratings,$35
CVLY,NULL,1439828452933,0,Not yet rated,NULL,N/A
CGNX,$36.9,1439828452985,"183,715",50% bullish,of 2 ratings,$47
CGNT,$1.59,1439828453017,"3,759",100% bullish,of 2 ratings,$2
COHR,$59.01,1439828453115,"12,320",50% bullish,of 2 ratings,$72
CTSH,$66.985,1439828453143,"636,017",90% bullish,of 10 ratings,$74.50
CHRS,$33.545,1439828453168,"24,616",67% bearish,of 3 ratings,$37
CLRX,$0.5001,1439828453390,"13,473",50% bullish,of 2 ratings,$1.85
COHU,$9.47,1439828453416,"17,151",100% bearish,of 1 rating,$14.25
CLCT,$19.84,1439828453550,"2,552",100% bearish,of 1 rating,N/A
CIGI,$47.58,1439828453599,"3,128",100% bearish,of 1 rating,$52
COLL,$15.9,1439828453661,"13,150",100% bearish,of 1 rating,$26
COLB,$33.31,1439828453691,"34,885",Not yet rated,NULL,$36
CLCD,$7.92,1439828453728,"12,800",100% bearish,of 1 rating,$20.50
CBAN,NULL,1439828453754,0,Not yet rated,NULL,N/A
COLM,$65.59,1439828453823,"28,553",100% bearish,of 1 rating,$71
CMCO,$21.84,1439828454002,"5,728",60% bullish,of 5 ratings,$28
CBMX,$1.278,1439828454052,"12,596",83% bullish,of 6 ratings,$3.15
CMCSA,$59.69,1439828454184,"2,176,553",66% bullish,of 35 ratings,$69.50
CBSH,$47.67,1439828454212,"48,680",50% bullish,of 2 ratings,$46
CMCSK,$60.13,1439828454238,"732,140",Not yet rated,NULL,$84
CBSHP,$25.4321,1439828454264,"2,804",100% bearish,of 1 rating,N/A
CUBN,$13.71,1439828454455,"9,923",Not yet rated,NULL,N/A
CVGI,$4.73,1439828454486,"82,699",50% bullish,of 2 ratings,$6
COMM,$31.67,1439828454546,"163,385",67% bearish,of 3 ratings,$35
JCS,$9.705,1439828454586,600,67% bullish,of 3 ratings,N/A
CSAL,$23.27,1439828454648,"168,076",75% bullish,of 4 ratings,$30
ESXB,$5.06,1439828454721,"24,358",Not yet rated,NULL,N/A
CYHHZ,$0.012,1439828454878,"94,400",100% bullish,of 1 rating,N/A
CTBI,$35.33,1439828454940,"7,030",Not yet rated,NULL,$36
CWBC,NULL,1439828455003,0,Not yet rated,NULL,N/A
COB,$10.8,1439828455073,700,100% bullish,of 1 rating,$11.50
CIZ,$35.18,1439828455102,"1,442",100% bearish,of 1 rating,N/A
CVLT,$38.02,1439828455137,"150,180",75% bullish,of 4 ratings,$44.50
CIL,NULL,1439828455236,0,Not yet rated,NULL,N/A
CID,NULL,1439828455370,0,Not yet rated,NULL,N/A
CSA,NULL,1439828455428,0,Not yet rated,NULL,N/A
CDC,$36.879,1439828455505,"1,000",Not yet rated,NULL,N/A
CFO,$37.638,1439828455583,"2,080",100% bearish,of 1 rating,N/A
CFA,$37.5399,1439828455637,250,100% bearish,of 1 rating,N/A
CSF,NULL,1439828455714,0,100% bearish,of 1 rating,N/A
CDL,NULL,1439828455739,0,Not yet rated,NULL,N/A
CGEN,$5.75,1439828455884,"22,845",50% bullish,of 2 ratings,$11
CSB,NULL,1439828455969,0,Not yet rated,NULL,N/A
CTG,$6.58,1439828456043,"17,252",100% bearish,of 1 rating,$8.50
SCOR,$64.3,1439828456078,"83,014",100% bearish,of 1 rating,$66
CPSI,$46.76,1439828456099,"8,942",100% bearish,of 1 rating,$45.50
CHCI,$0.55,1439828456175,"26,400",50% bullish,of 2 ratings,N/A
CMTL,$28.53,1439828456282,"2,994",100% bearish,of 2 ratings,$37
CNSI,$19.14,1439828456412,"23,631",100% bearish,of 2 ratings,$29
CNAT,$4.17,1439828456511,"40,676",83% bullish,of 6 ratings,$13
CCUR,$5.14,1439828456664,"3,800",75% bullish,of 4 ratings,N/A
CDOR,$1.4001,1439828456726,"5,782",100% bullish,of 1 rating,N/A
CNCE,$17.045,1439828456752,"53,036",75% bullish,of 4 ratings,$22
CXRX,$77.365,1439828456808,"2,855",Not yet rated,NULL,$90
CDORO,$19.55,1439828456884,350,100% bearish,of 1 rating,N/A
CDORP,$7.7,1439828456909,220,100% bearish,of 1 rating,N/A
CNFR,$10.55,1439828456968,"16,519",Not yet rated,NULL,N/A
CFMS,$22.06,1439828457120,"76,923",Not yet rated,NULL,$27
CNMD,$56.56,1439828457226,"11,722",Not yet rated,NULL,$59
CTWS,$35.1,1439828457252,"3,544",100% bearish,of 1 rating,$44
CNXR,$6.79,1439828457409,"11,880",100% bearish,of 1 rating,$12
CNOB,$20.44,1439828457465,"9,845",100% bullish,of 1 rating,$23.50
CONN,$34.63,1439828457542,"43,437",67% bullish,of 3 ratings,$48.50
CNSL,$20.59,1439828457600,"21,995",100% bearish,of 1 rating,$23
CWCO,$12.1201,1439828457627,"15,812",67% bullish,of 3 ratings,$14.50
CTCT,$24.37,1439828457681,"39,397",67% bullish,of 3 ratings,$37
CPSS,$5.718,1439828457761,"10,028",100% bullish,of 1 rating,$10
CFRX,$5.09,1439828457787,"59,367",Not yet rated,NULL,$14
CFRXZ,$0.5336,1439828457999,"16,600",Not yet rated,NULL,N/A
CFRXW,$1.8001,1439828458061,"12,000",100% bearish,of 1 rating,N/A
CTRV,$4.55,1439828458131,"9,952",Not yet rated,NULL,$6.40
CPRT,$36.54,1439828458191,"41,921",67% bearish,of 3 ratings,$40
CTRL,$8.79,1439828458217,"46,684",50% bullish,of 2 ratings,$11
CRBP,$1.91,1439828458243,"27,125",100% bullish,of 1 rating,$6.25
CORT,$5.45,1439828458465,"63,882",67% bullish,of 3 ratings,$12
CORI,$11.57,1439828458532,"16,167",100% bearish,of 1 rating,$18
BVA,$3.9,1439828458599,101,50% bullish,of 2 ratings,N/A
CORE,$64.15,1439828458626,"34,263",100% bearish,of 1 rating,$72
CSOD,$38.34,1439828458655,"121,197",50% bullish,of 2 ratings,$42
CSGP,$193.64,1439828458681,"19,305",50% bullish,of 2 ratings,$235
COSI,$1.19,1439828458817,"37,712",100% bullish,of 1 rating,N/A
CRVL,$33.61,1439828458874,"2,101",100% bearish,of 1 rating,N/A
CPAH,$0.451,1439828459017,"2,485",50% bullish,of 2 ratings,N/A
COST,$145.65,1439828459107,"188,888",83% bullish,of 24 ratings,$154.50
ICBK,$18.22,1439828459147,"1,180",Not yet rated,NULL,$21
CVTI,$25.44,1439828459196,"24,165",67% bearish,of 3 ratings,$39
CRAI,$23.34,1439828459376,"3,973",Not yet rated,NULL,$36
COVS,$2.86,1439828459480,"52,967",67% bullish,of 3 ratings,N/A
COWN,$5.5,1439828459546,"382,232",75% bullish,of 4 ratings,$7
CBRL,$150.46,1439828459582,"59,695",50% bullish,of 2 ratings,$155
COWNL,NULL,1439828459613,0,Not yet rated,NULL,N/A
CACC,$204.84,1439828459680,"21,218",50% bullish,of 2 ratings,$158.50
CPSH,NULL,1439828459708,0,Not yet rated,NULL,N/A
CRAY,$22.63,1439828459739,"44,897",83% bullish,of 6 ratings,$38.50
BREW,$8.22,1439828459895,"17,267",67% bullish,of 6 ratings,$15
GLDI,$11.0105,1439828459978,"1,250",100% bearish,of 1 rating,N/A
SLVO,$10.5999,1439828460197,"1,565",100% bearish,of 1 rating,N/A
CRESY,$11.43,1439828460241,"4,389",100% bearish,of 1 rating,$19
CREE,$27.36,1439828460271,"287,309",65% bullish,of 17 ratings,$28.50
CRWS,$8.1032,1439828460374,"4,814",Not yet rated,NULL,$10
CROX,$14.93,1439828460402,"255,688",63% bullish,of 8 ratings,$16.50
CCRN,$14.06,1439828460432,"81,085",100% bearish,of 1 rating,$14.25
CRTO,$46.1273,1439828460453,"93,928",67% bullish,of 6 ratings,$64
CRDS,$1.11,1439828460589,"2,279",50% bullish,of 4 ratings,$4.50
CYRX,$3.03,1439828460805,"10,442",Not yet rated,NULL,$9
CSPI,$6.11,1439828460845,"4,300",67% bullish,of 3 ratings,N/A
CYRXW,$0.9499,1439828460875,"2,400",Not yet rated,NULL,N/A
CSGS,$31.99,1439828460897,"21,100",Not yet rated,NULL,$40
CRWN,$4.76,1439828460931,"21,221",75% bullish,of 4 ratings,N/A
CCLP,$15.0438,1439828460985,"18,319",67% bearish,of 3 ratings,$21
CTCM,$1.77,1439828461219,"83,433",80% bearish,of 5 ratings,$3.90
CTIC,$1.785,1439828461247,"152,245",84% bullish,of 76 ratings,$5.75
CTRP,$71.255,1439828461275,"204,659",75% bullish,of 8 ratings,$92
CUNB,$22.65,1439828461301,500,Not yet rated,NULL,$24.50
CTIB,NULL,1439828461329,0,100% bearish,of 1 rating,N/A
CUI,$5.6,1439828461473,"25,662",50% bullish,of 2 ratings,$10
CMLS,$1.28,1439828461545,"217,251",50% bullish,of 4 ratings,$6
CPIX,$6,1439828461609,"6,100",Not yet rated,NULL,N/A
CRIS,$2.845,1439828461655,"116,532",100% bullish,of 8 ratings,$6
CVBF,$17.49,1439828461827,"41,904",Not yet rated,NULL,$18
CUTR,$14.97,1439828461853,"11,199",67% bearish,of 3 ratings,$18
CVV,$13.24,1439828461900,"120,674",100% bullish,of 5 ratings,N/A
CYBR,$58.87,1439828461983,"564,998",86% bullish,of 7 ratings,$66
CYAN,$7.85,1439828462151,"1,110",100% bearish,of 1 rating,N/A
CYCC,$0.5814,1439828462177,"29,635",73% bullish,of 11 ratings,N/A
CBAY,$2.6,1439828462233,"18,785",100% bullish,of 1 rating,$4
CYBE,$5.69,1439828462258,734,100% bearish,of 1 rating,N/A
CYBX,$58.81,1439828462311,"64,795",50% bullish,of 4 ratings,$70
CYNO,$34.005,1439828462343,"40,620",67% bearish,of 3 ratings,$45.50
CYNA,$15.0195,1439828462451,"3,779",100% bullish,of 1 rating,$33
CYCCP,NULL,1439828462594,0,100% bearish,of 1 rating,N/A
CONE,$35.38,1439828462785,"326,857",67% bearish,of 3 ratings,$35
CYRN,$1.6501,1439828462813,"105,948",67% bullish,of 3 ratings,$4
CY,$10.25,1439828462834,"1,045,716",80% bullish,of 10 ratings,$15.50
CYTR,$2.44,1439828463020,"241,115",67% bullish,of 6 ratings,$10
CYTX,$0.3992,1439828463046,"241,654",83% bullish,of 12 ratings,$5.50
TVIX,$5.58,1439828463105,"1,667,240",81% bullish,of 16 ratings,N/A
CYTK,$6.6184,1439828463132,"79,737",71% bullish,of 14 ratings,$13.50
CTSO,$7.4208,1439828463196,"112,964",Not yet rated,NULL,$15.625
TVIZ,NULL,1439828463265,0,100% bearish,of 1 rating,N/A
DAEG,$0.36,1439828463299,"32,900",100% bearish,of 1 rating,N/A
XIV,$48.22,1439828463399,"3,149,281",75% bearish,of 4 ratings,N/A
DJCO,$211.48,1439828463531,"4,615",Not yet rated,NULL,N/A
ZIV,$50,1439828463556,"40,726",Not yet rated,NULL,N/A
DAIO,$2.6,1439828463818,12,Not yet rated,NULL,N/A
DARA,$0.919,1439828463853,"22,647",83% bullish,of 6 ratings,$1.50
DAKT,$12.12,1439828463897,"32,352",50% bullish,of 2 ratings,$14
DRAM,$1.494,1439828463951,100,78% bullish,of 9 ratings,N/A
DWSN,$5.05,1439828463980,"7,906",67% bullish,of 3 ratings,$6
PLAY,$37.12,1439828464009,"27,056",100% bullish,of 5 ratings,$42
DTLK,$5.96,1439828464082,"15,768",100% bearish,of 1 rating,$9
DWCH,$5.3,1439828464142,"12,711",75% bullish,of 4 ratings,$8.25
DBVT,$41.91,1439828464274,"25,222",100% bearish,of 1 rating,$53
DFRG,$15.2884,1439828464421,"30,201",100% bearish,of 1 rating,$20
TRAK,$62.23,1439828464551,"30,393",50% bullish,of 2 ratings,$62.50
DHRM,$1.73,1439828464582,75,Not yet rated,NULL,N/A
DTEA,$14,1439828464637,"72,071",100% bearish,of 2 ratings,$24
DCTH,$0.498,1439828464694,"66,232",78% bullish,of 9 ratings,N/A
TACO,$13.82,1439828464725,"109,022",100% bullish,of 3 ratings,$20
TACOW,$4.56,1439828464826,"11,109",100% bullish,of 1 rating,N/A
DELT,$2.4999,1439828464889,535,Not yet rated,NULL,N/A
DGAS,$20.278,1439828464964,250,67% bearish,of 3 ratings,N/A
DENN,$12.4753,1439828464989,"82,469",100% bullish,of 3 ratings,$15
DELTW,$0.17,1439828465125,"2,500",Not yet rated,NULL,N/A
DEPO,$31.2,1439828465159,"184,187",75% bullish,of 4 ratings,$32
DSCI,$6.69,1439828465257,"47,361",50% bullish,of 2 ratings,$16
DERM,$24.47,1439828465286,"46,274",100% bearish,of 1 rating,$23
XRAY,$56.77,1439828465343,"73,153",100% bullish,of 1 rating,$58
DXCM,$97.205,1439828465690,"255,834",57% bullish,of 7 ratings,$98
DXM,$0.3201,1439828465733,"50,895",50% bullish,of 2 ratings,N/A
DEST,$11.9,1439828465822,"8,347",50% bullish,of 2 ratings,N/A
FANG,$72.17,1439828465871,"209,644",50% bullish,of 2 ratings,$86
DSWL,NULL,1439828465896,0,100% bullish,of 1 rating,N/A
DXLG,$4.87,1439828465954,"2,183",100% bearish,of 1 rating,$8
DHXM,NULL,1439828466182,0,Not yet rated,NULL,N/A
DCIX,$1.91,1439828466213,"8,448",50% bullish,of 4 ratings,$3.50
DRNA,$10.93,1439828466234,"16,540",67% bearish,of 3 ratings,$25
DHIL,$191.17,1439828466265,485,Not yet rated,NULL,N/A
DMND,$32.16,1439828466294,"21,717",75% bullish,of 12 ratings,$32
DGII,$10.02,1439828466399,"1,724",100% bearish,of 1 rating,$10
DMRC,$37.57,1439828466530,"19,743",100% bearish,of 1 rating,$44
APPS,$2.39,1439828466687,"25,725",100% bearish,of 1 rating,$10.25
DRAD,$3.99,1439828466713,"3,800",100% bullish,of 1 rating,$5.25
DCOM,$17.34,1439828466739,"16,306",100% bearish,of 2 ratings,$16.50
DGLY,$7.7489,1439828466879,"62,451",50% bullish,of 6 ratings,$20
DIOD,$20.315,1439828466932,"31,551",75% bearish,of 4 ratings,$24
DISCA,$28.96,1439828467065,"391,243",67% bullish,of 3 ratings,$34
DISCB,NULL,1439828467096,0,100% bearish,of 1 rating,$35
DPRX,$14.19,1439828467124,"10,802",100% bullish,of 2 ratings,$27.75
DISCK,$27.45,1439828467145,"269,437",100% bearish,of 1 rating,$40
DSCO,$0.4899,1439828467197,"174,883",83% bullish,of 6 ratings,$2.75
DISH,$66.99,1439828467280,"206,916",69% bullish,of 13 ratings,$73
BAGR,$2.965,1439828467485,"7,872",100% bearish,of 1 rating,$6
DLTR,$78.04,1439828467705,"254,504",82% bullish,of 11 ratings,$88
DVCR,$11.84,1439828467731,"1,962",100% bullish,of 1 rating,N/A
DLHC,$2.51,1439828467764,50,100% bearish,of 1 rating,N/A
DGICB,$21.37,1439828467810,4,100% bearish,of 1 rating,N/A
DNBF,NULL,1439828467862,0,Not yet rated,NULL,$27.50
DGICA,$14.6,1439828467894,"6,146",100% bearish,of 1 rating,$17
HILL,$5.5,1439828467920,"101,512",60% bearish,of 5 ratings,$8
DORM,$52.275,1439828467997,"43,589",100% bearish,of 1 rating,$56
DMLP,$14.65,1439828468095,"13,367",100% bearish,of 1 rating,N/A
DWA,$19.491,1439828468332,"79,331",63% bullish,of 8 ratings,$26
DSKX,$3.5,1439828468432,"980,024",100% bullish,of 1 rating,N/A
DRWI,$0.3,1439828468460,"51,100",60% bullish,of 5 ratings,$.45
DRYS,$0.3769,1439828468525,"1,151,894",77% bullish,of 31 ratings,$.60
CADT,NULL,1439828468630,0,Not yet rated,NULL,N/A
DRWIW,NULL,1439828468659,0,Not yet rated,NULL,N/A
DSPG,$9.04,1439828468715,"5,949",100% bearish,of 1 rating,$13.50
CADTR,$0.195,1439828468742,300,Not yet rated,NULL,N/A
CADTU,NULL,1439828468768,0,Not yet rated,NULL,N/A
DNKN,$52.604,1439828469020,"95,922",67% bullish,of 15 ratings,$56.50
DYAX,$22.73,1439828469158,"155,361",89% bullish,of 9 ratings,$30
CADTW,NULL,1439828469298,0,Not yet rated,NULL,N/A
DTSI,$27.2297,1439828469371,"20,646",100% bearish,of 2 ratings,$39.50
BOOM,$10.11,1439828469397,"11,403",67% bullish,of 3 ratings,$12
DXPE,$30.09,1439828469473,"21,234",50% bullish,of 2 ratings,N/A
DYSL,NULL,1439828469542,0,100% bullish,of 2 ratings,N/A
DRRX,$2.19,1439828469567,"45,349",50% bullish,of 6 ratings,$3
DVAX,$29.985,1439828469604,"73,996",70% bullish,of 10 ratings,$40
DYNT,$3,1439828469633,"2,850",75% bullish,of 4 ratings,N/A
EBMT,NULL,1439828470031,0,Not yet rated,NULL,$13.50
EGRX,$69.18,1439828470057,"162,573",67% bullish,of 3 ratings,$97
ETFC,$28.45,1439828470298,"389,419",57% bullish,of 14 ratings,$33
EGBN,$44.63,1439828470363,"24,228",Not yet rated,NULL,$48
ELNK,$9.21,1439828470390,"213,581",80% bullish,of 5 ratings,$9.50
EWBC,$45.05,1439828470422,"283,394",100% bearish,of 1 rating,$50
EGLE,$7.785,1439828470453,"5,550",60% bullish,of 5 ratings,N/A
EACQU,$10.05,1439828470474,900,Not yet rated,NULL,N/A
EROC,$1.56,1439828470506,"120,993",50% bullish,of 2 ratings,$3
EVBS,NULL,1439828470532,0,Not yet rated,NULL,$7
ELON,$0.559,1439828470851,"33,029",50% bullish,of 2 ratings,N/A
EBIX,$30.64,1439828470877,"20,671",69% bullish,of 13 ratings,$40
ECTE,$1.4901,1439828470928,"13,452",75% bullish,of 4 ratings,N/A
EML,$17.19,1439828471125,"2,350",Not yet rated,NULL,N/A
EBAY,$28.035,1439828471187,"2,433,184",81% bullish,of 117 ratings,$48
ECHO,$24.97,1439828471270,"61,734",67% bearish,of 3 ratings,$36
EEI,$11.1475,1439828471309,"1,284",67% bearish,of 3 ratings,N/A
EDAP,$3.65,1439828471405,"12,703",60% bullish,of 5 ratings,$4.50
SATS,$46.53,1439828471432,"11,295",50% bullish,of 2 ratings,$60
ECACU,$10.02,1439828471454,"1,100",Not yet rated,NULL,N/A
ESES,$3.47,1439828471488,"3,627",100% bearish,of 1 rating,$7
EGAN,$3.5,1439828471753,"66,841",50% bullish,of 2 ratings,$6.25
EGLT,$12.73,1439828471810,"26,080",50% bullish,of 2 ratings,$21
EDGW,$6.95,1439828471942,150,100% bearish,of 1 rating,N/A
EDUC,$4.652,1439828472005,"1,800",100% bearish,of 1 rating,N/A
EHTH,$14.73,1439828472033,"51,582",50% bullish,of 4 ratings,$16.50
EFUT,$4.65,1439828472099,"2,899",Not yet rated,NULL,N/A
EMITF,$1.29,1439828472165,"8,508",75% bullish,of 4 ratings,N/A
ERI,$9.63,1439828472316,"64,693",100% bearish,of 1 rating,$10
ELRC,$10.33,1439828472342,"3,290",100% bearish,of 1 rating,N/A
LOCO,$14.66,1439828472396,"836,196",69% bullish,of 13 ratings,$23
EA,$72.78,1439828472544,"707,797",77% bullish,of 35 ratings,$80
EFII,$46,1439828472649,"27,053",80% bullish,of 5 ratings,$55
ELEC,NULL,1439828472743,0,Not yet rated,NULL,N/A
ESIO,$4.6,1439828472770,"41,799",50% bullish,of 2 ratings,$10
ELSE,$4.4,1439828472829,"5,043",60% bullish,of 5 ratings,N/A
ESLT,$81.3566,1439828473019,"3,117",100% bullish,of 2 ratings,N/A
RDEN,$10.3,1439828473112,"18,382",100% bearish,of 4 ratings,$15
ELECW,NULL,1439828473150,0,Not yet rated,NULL,N/A
ELECU,NULL,1439828473181,0,Not yet rated,NULL,N/A
ESBK,NULL,1439828473256,0,Not yet rated,NULL,N/A
CAPX,NULL,1439828473284,0,Not yet rated,NULL,N/A
ELTK,$1.159,1439828473635,"1,195",67% bearish,of 3 ratings,N/A
EMCF,NULL,1439828473702,0,100% bearish,of 1 rating,N/A
EBIO,$4.165,1439828473761,"787,164",100% bearish,of 2 ratings,$8.35
EMCI,$24.4,1439828473799,"2,929",Not yet rated,NULL,N/A
LONG,$17.12,1439828473825,"75,890",67% bullish,of 3 ratings,$15.75
EMKR,$7.315,1439828473853,"298,870",75% bullish,of 4 ratings,$8.50
EMMS,$1.21,1439828473893,"28,095",67% bullish,of 6 ratings,N/A
EMMSP,NULL,1439828474035,0,100% bearish,of 1 rating,N/A
NYNY,$4.543,1439828474185,"11,251",50% bullish,of 2 ratings,N/A
ENTA,$40.782,1439828474367,"32,372",50% bullish,of 2 ratings,$42
ECYT,$5.39,1439828474505,"47,651",83% bullish,of 6 ratings,$12
ECPG,$40.42,1439828474573,"40,926",100% bullish,of 2 ratings,$52
ELGX,$12.87,1439828474606,"240,187",75% bullish,of 4 ratings,$17
ERS,$3.01,1439828474633,"4,034",Not yet rated,NULL,N/A
WATT,$7.07,1439828474659,"56,977",50% bullish,of 2 ratings,$13
ENDP,$85.87,1439828474684,"354,459",50% bullish,of 6 ratings,$104
WIRE,$33.8,1439828474712,"15,436",100% bearish,of 1 rating,$41
EFOI,$15.9703,1439828475006,"537,020",50% bullish,of 2 ratings,$17
ERII,$2.89,1439828475132,"20,611",80% bullish,of 5 ratings,$2.50
ENOC,$8.94,1439828475158,"53,009",75% bullish,of 4 ratings,$18
EIGI,$16.49,1439828475186,"130,789",67% bearish,of 3 ratings,$20
ENG,$1.097,1439828475208,"6,400",100% bullish,of 3 ratings,N/A
EXXI,$1.6938,1439828475243,"337,303",86% bullish,of 7 ratings,$3.50
ENPH,$5.49,1439828475343,"108,679",75% bullish,of 4 ratings,$11
ESGR,$161.24,1439828475473,"8,659",100% bearish,of 1 rating,$185
ENFC,NULL,1439828475603,0,Not yet rated,NULL,N/A
ENTL,$22.63,1439828475668,"1,913",Not yet rated,NULL,$28
EBTC,$20.98,1439828475732,306,Not yet rated,NULL,N/A
ETRM,$0.2749,1439828475804,"460,430",69% bearish,of 35 ratings,$1.625
EFSC,$24.8,1439828475832,"5,335",Not yet rated,NULL,$27
ENTG,$14.65,1439828475870,"159,314",100% bearish,of 1 rating,$18
EGT,NULL,1439828476028,0,100% bullish,of 1 rating,N/A
ENVI,$1.81,1439828476104,"7,400",67% bullish,of 3 ratings,N/A
ENZN,$1.07,1439828476161,"511,782",100% bullish,of 9 ratings,N/A
EPIQ,$14.04,1439828476256,"6,918",100% bearish,of 1 rating,$18
ENZY,$8.77,1439828476292,"11,321",67% bullish,of 3 ratings,$9.50
EPRS,$5.16,1439828476446,"12,744",82% bullish,of 11 ratings,$15
PLUS,$74.01,1439828476471,"25,998",50% bullish,of 2 ratings,$88
EPZM,$17.9,1439828476499,"50,382",60% bullish,of 5 ratings,$34
EQIX,$283.2,1439828476524,"50,321",67% bullish,of 3 ratings,$312.50
EQFN,NULL,1439828476662,0,Not yet rated,NULL,N/A
ERIC,$10.395,1439828476791,"529,562",63% bullish,of 8 ratings,$13.30
EAC,$3.46,1439828476823,"1,179",100% bearish,of 1 rating,$7.50
ESCR,$0.2241,1439828476933,"6,055",50% bullish,of 2 ratings,N/A
ESCA,$18.702,1439828476993,"2,666",100% bearish,of 1 rating,$22
ERIE,$86.35,1439828477019,"3,197",Not yet rated,NULL,$73
ESMC,$1.31,1439828477151,606,Not yet rated,NULL,N/A
ESCRP,$1.69,1439828477184,"2,385",100% bearish,of 1 rating,N/A
ESPR,$74.9,1439828477321,"603,634",56% bearish,of 9 ratings,$130
ESND,$36.5,1439828477421,"13,328",100% bearish,of 1 rating,$40
EPIX,NULL,1439828477521,0,Not yet rated,NULL,N/A
ETSY,$17.0336,1439828477553,"310,268",80% bullish,of 5 ratings,$16
ESSA,$12.79,1439828477574,"2,699",100% bearish,of 1 rating,N/A
ESSX,$0.45,1439828477607,"23,812",50% bullish,of 2 ratings,N/A
CLWT,$2.52,1439828477708,10,100% bearish,of 1 rating,N/A
EEFT,$68.21,1439828477844,"23,884",100% bearish,of 1 rating,$67.50
ESEA,$6.45,1439828478025,279,100% bullish,of 1 rating,$15
EVK,$3.91,1439828478059,"2,084",75% bearish,of 4 ratings,N/A
EVOL,$6.325,1439828478089,"4,843",75% bullish,of 4 ratings,$10
EVEP,$9.2404,1439828478159,"199,944",50% bullish,of 2 ratings,$15
EVOK,$4.6397,1439828478186,"3,466",100% bearish,of 1 rating,$13.75
EVLV,$2.25,1439828478217,"24,201",60% bullish,of 5 ratings,$6.50
EXA,$10.5075,1439828478318,"4,340",100% bearish,of 1 rating,$13
EXAS,$23.41,1439828478452,"144,339",78% bullish,of 9 ratings,$31
EXAC,$18.7024,1439828478519,"13,051",100% bearish,of 1 rating,$22.50
EXEL,$5.9,1439828478613,"544,067",81% bullish,of 16 ratings,$6
EXPE,$122,1439828478712,"134,683",64% bullish,of 11 ratings,$130
EXLS,$37.16,1439828478739,"11,345",100% bullish,of 1 rating,$41
EXFO,$2.91,1439828478764,"1,400",67% bearish,of 3 ratings,$3.95
ESRX,$88.8078,1439828478928,"422,351",67% bearish,of 6 ratings,$101
EXPO,$43.95,1439828478957,"12,021",100% bearish,of 1 rating,$45.50
EXTR,$2.96,1439828479060,"132,413",80% bullish,of 5 ratings,$3
EXPD,$49.12,1439828479089,"150,246",80% bullish,of 5 ratings,$50.50
EYEG,$3.9,1439828479198,"14,397",Not yet rated,NULL,N/A
EYEGW,NULL,1439828479284,0,Not yet rated,NULL,N/A
EZCH,$21.51,1439828479314,"60,337",75% bullish,of 8 ratings,$19.50
EXLP,$20.81,1439828479335,"46,505",100% bearish,of 1 rating,$27
EZPW,$6.13,1439828479464,"57,543",50% bullish,of 4 ratings,$7.50
FFIV,$133.62,1439828479490,"130,960",71% bullish,of 7 ratings,$132
FB,$93.58,1439828479622,"6,136,804",73% bullish,of 1063 ratings,$111
FRP,$17.74,1439828479720,"46,073",100% bearish,of 1 rating,$18
FCS,$14.49,1439828479885,"128,845",67% bearish,of 3 ratings,$17
FALC,$1.68,1439828479911,"31,043",63% bearish,of 8 ratings,N/A
FARM,$23.49,1439828480049,"6,660",100% bearish,of 1 rating,$35
FWM,$2.32,1439828480080,"48,290",100% bearish,of 2 ratings,$3.20
DAVE,$14.57,1439828480108,"14,724",100% bearish,of 1 rating,$15.50
FFKT,$27.1,1439828480129,"8,306",Not yet rated,NULL,$29
FARO,$42.03,1439828480175,"31,671",50% bullish,of 2 ratings,$48
FAST,$40.49,1439828480264,"228,022",80% bullish,of 5 ratings,$46
FMNB,$8.13,1439828480292,"9,968",Not yet rated,NULL,N/A
FBRC,$22.94,1439828480595,"2,904",100% bearish,of 1 rating,$29
FBSS,NULL,1439828480653,0,Not yet rated,NULL,N/A
FDML,$9.815,1439828480681,"30,143",50% bullish,of 4 ratings,$14
FATE,$7.525,1439828480726,"4,503",100% bearish,of 1 rating,$11
FNHC,$24.22,1439828480810,"18,054",100% bearish,of 1 rating,$35
FEIC,$81.09,1439828480835,"71,661",50% bullish,of 2 ratings,$95.50
FHCO,$1.54,1439828480991,"12,600",50% bullish,of 4 ratings,N/A
FENX,$9.92,1439828481017,"30,749",100% bullish,of 1 rating,$14.25
FCSC,$6.5458,1439828481063,"30,168",100% bearish,of 1 rating,$8.125
FDUS,$14.6999,1439828481253,"12,873",100% bullish,of 1 rating,$18
FRGI,$55.71,1439828481282,"70,480",50% bullish,of 2 ratings,$70
FGEN,$24.885,1439828481303,"213,618",100% bearish,of 1 rating,$39
ONEQ,$199.2726,1439828481324,"3,207",100% bullish,of 1 rating,N/A
LION,$20.75,1439828481469,"67,713",100% bullish,of 1 rating,$20
FSC,$6.495,1439828481626,"165,342",75% bullish,of 4 ratings,$8
FITB,$21.11,1439828481730,"908,083",54% bullish,of 13 ratings,$22
FSFR,$9.18,1439828481756,"44,379",100% bearish,of 1 rating,$11.50
FSAM,$8.65,1439828481786,"4,746",100% bearish,of 1 rating,$11
FNGN,$36.25,1439828481815,"61,054",67% bullish,of 3 ratings,$47
FSCFL,$24.6873,1439828481842,"1,400",Not yet rated,NULL,N/A
FITBI,$27.82,1439828481888,"5,711",Not yet rated,NULL,N/A
FNJN,$1.8125,1439828482111,"15,633",100% bearish,of 1 rating,$5
FNSR,$17.65,1439828482137,"268,710",83% bullish,of 6 ratings,$25
FNTC,NULL,1439828482188,0,Not yet rated,NULL,N/A
FISI,$24.6,1439828482215,"2,436",100% bullish,of 2 ratings,$24.50
FNTCU,NULL,1439828482346,0,Not yet rated,NULL,N/A
FNTCW,NULL,1439828482371,0,Not yet rated,NULL,N/A
BUSE,$6.42,1439828482596,"12,092",Not yet rated,NULL,$6.875
FNLC,$18.705,1439828482630,"7,200",100% bullish,of 1 rating,N/A
FRBA,$6.0599,1439828482659,"4,050",Not yet rated,NULL,$8
FEYE,$43.09,1439828482681,"776,545",87% bullish,of 15 ratings,$55.50
FBNC,$17.22,1439828482720,"4,800",100% bullish,of 1 rating,$20
FBIZ,$44.03,1439828482752,"2,815",100% bearish,of 2 ratings,$52
FCVA,NULL,1439828482815,0,Not yet rated,NULL,N/A
FCAP,$26.12,1439828482858,"4,166",Not yet rated,NULL,N/A
FCFS,$38.24,1439828483041,"20,066",100% bearish,of 2 ratings,$48
FCNCA,$252.7,1439828483174,"3,094",Not yet rated,NULL,N/A
FCBC,$18.04,1439828483246,"3,730",Not yet rated,NULL,$17
FCFP,$7,1439828483307,"1,400",Not yet rated,NULL,N/A
FCLF,$9.2,1439828483331,200,Not yet rated,NULL,N/A
FCCO,$12,1439828483492,101,Not yet rated,NULL,$13.25
FDEF,$36.95,1439828483542,"8,891",Not yet rated,NULL,$38
FFBC,$19.1,1439828483573,"32,204",67% bearish,of 3 ratings,$20.25
FFNM,$6.42,1439828483597,400,Not yet rated,NULL,N/A
FBNK,$16.2986,1439828483674,"2,783",100% bearish,of 1 rating,$17.50
FFIN,$32.67,1439828483733,"6,541",50% bullish,of 2 ratings,$31.75
THFF,$33.76,1439828483937,"3,760",Not yet rated,NULL,$35
FFBCW,NULL,1439828483962,0,100% bearish,of 1 rating,N/A
FFNW,$12.5201,1439828483992,"2,476",Not yet rated,NULL,$14
FFWM,$21.42,1439828484100,792,Not yet rated,NULL,$24
FIBK,$28.13,1439828484206,"12,009",Not yet rated,NULL,$32
INBK,$36.15,1439828484302,"13,224",50% bullish,of 2 ratings,$37
FMBH,$21.86,1439828484361,"3,157",Not yet rated,NULL,N/A
FMBI,$18.48,1439828484435,"30,436",Not yet rated,NULL,$20
FSGI,$2.5,1439828484494,400,Not yet rated,NULL,N/A
FNWB,$12.29,1439828484568,"2,000",Not yet rated,NULL,N/A
FSFG,$31.49,1439828484646,"4,568",Not yet rated,NULL,N/A
FNBC,$36.85,1439828484680,"20,788",Not yet rated,NULL,$41
FNFG,$9.745,1439828484702,"362,737",80% bullish,of 5 ratings,$9
FRME,$26.18,1439828484747,"152,868",Not yet rated,NULL,$26.50
FSLR,$51.68,1439828484939,"406,538",74% bullish,of 39 ratings,$65
FSBK,$7.8,1439828484966,"1,536",100% bullish,of 1 rating,N/A
FTSM,$59.9439,1439828485328,"8,455",100% bearish,of 1 rating,N/A
FEMB,NULL,1439828485355,0,Not yet rated,NULL,N/A
FTCS,$38.73,1439828485431,"6,080",Not yet rated,NULL,N/A
BICK,NULL,1439828485489,0,100% bullish,of 1 rating,N/A
FCAN,$25.7291,1439828485517,500,Not yet rated,NULL,N/A
IFV,$18.8301,1439828485539,"267,253",100% bearish,of 1 rating,N/A
FCA,$22.87,1439828485571,"1,402",Not yet rated,NULL,N/A
FBZ,NULL,1439828485671,0,Not yet rated,NULL,N/A
FV,$24.76,1439828485816,"473,532",Not yet rated,NULL,N/A
FEUZ,$32.5,1439828485898,100,Not yet rated,NULL,N/A
TDIV,$26.07,1439828485931,"13,408",100% bearish,of 1 rating,N/A
FGM,$37.39,1439828486030,"2,106",Not yet rated,NULL,N/A
FTGC,$22.89,1439828486114,"158,758",Not yet rated,NULL,N/A
MDIV,$19.878,1439828486259,"50,905",Not yet rated,NULL,N/A
FTHI,$20.57,1439828486335,"1,106",Not yet rated,NULL,N/A
HYLS,$49.738,1439828486365,"21,207",100% bearish,of 1 rating,N/A
FPXI,NULL,1439828486463,0,Not yet rated,NULL,N/A
PLTM,$6.46,1439828486691,848,100% bearish,of 1 rating,N/A
SKYY,$30.5601,1439828486719,"19,738",100% bullish,of 1 rating,N/A
CU,$13.3449,1439828486740,"1,212",100% bearish,of 1 rating,N/A
FHK,$35.95,1439828486777,"1,839",Not yet rated,NULL,N/A
FJP,$50.43,1439828486808,"16,665",Not yet rated,NULL,N/A
FTLB,NULL,1439828486870,0,100% bearish,of 1 rating,N/A
YDIV,$17.206,1439828486905,"1,175",Not yet rated,NULL,N/A
LMBS,NULL,1439828487002,0,Not yet rated,NULL,N/A
QABA,$39.5671,1439828487134,"10,550",100% bearish,of 1 rating,N/A
CIBR,$19.62,1439828487294,"40,213",Not yet rated,NULL,N/A
FMB,$51.2,1439828487320,204,Not yet rated,NULL,N/A
FONE,$36.47,1439828487468,160,Not yet rated,NULL,N/A
QQEW,$44.2062,1439828487557,"8,001",Not yet rated,NULL,N/A
GRID,$34.6299,1439828487598,107,100% bearish,of 1 rating,N/A
CARZ,$37.0699,1439828487634,162,100% bearish,of 1 rating,N/A
QQXT,$42.7875,1439828487664,"2,666",Not yet rated,NULL,N/A
QCLN,$16.034,1439828487693,"3,786",Not yet rated,NULL,N/A
RDVY,$22.46,1439828487800,"4,464",Not yet rated,NULL,N/A
QINC,$21.62,1439828487828,"4,765",Not yet rated,NULL,N/A
FKO,NULL,1439828488014,0,Not yet rated,NULL,N/A
QTEC,$42.33,1439828488076,"38,893",Not yet rated,NULL,N/A
FTSL,$48.915,1439828488101,"13,093",100% bearish,of 1 rating,N/A
AIRR,$17.082,1439828488126,"8,861",100% bearish,of 1 rating,N/A
FTW,$31.1,1439828488331,251,Not yet rated,NULL,N/A
FDIV,$47.11,1439828488365,"3,039",100% bearish,of 1 rating,N/A
FSZ,$40.7,1439828488422,474,Not yet rated,NULL,N/A
FUNC,$8.3,1439828488458,500,Not yet rated,NULL,N/A
TUSA,$26.3974,1439828488485,110,Not yet rated,NULL,N/A
SVVC,$10.58,1439828488511,"7,852",100% bullish,of 1 rating,$26
FKU,$43.872,1439828488563,"1,232",Not yet rated,NULL,N/A
FMER,$18.71,1439828488769,"166,039",50% bullish,of 2 ratings,$20
FISV,$89.797,1439828488825,"143,096",100% bearish,of 3 ratings,$90
FSV,$32.76,1439828488873,"1,902",Not yet rated,NULL,$33.60
FPRX,$19,1439828489008,"86,379",50% bullish,of 2 ratings,$35
FIVE,$37.76,1439828489035,"131,112",75% bearish,of 4 ratings,$44
FLKS,$14.18,1439828489169,"6,813",50% bullish,of 2 ratings,$27
FIVN,$4.475,1439828489209,"57,069",100% bullish,of 1 rating,$8.50
FLXN,$23.43,1439828489305,"8,250",100% bearish,of 1 rating,$39.50
FLML,$21.1292,1439828489336,"108,317",50% bullish,of 2 ratings,$30
MBSD,NULL,1439828489367,0,Not yet rated,NULL,N/A
SKOR,$50.43,1439828489393,20,Not yet rated,NULL,N/A
FLXS,$41.15,1439828489473,"6,168",100% bearish,of 2 ratings,N/A
FLIR,$30.55,1439828489605,"45,903",100% bearish,of 1 rating,$38.50
FLDM,$12.75,1439828489738,"104,118",67% bearish,of 3 ratings,$21.50
FLEX,$11.13,1439828489765,"415,581",63% bullish,of 8 ratings,$12
FFIC,$20.93,1439828489895,"7,038",Not yet rated,NULL,$21
FOMX,$10.29,1439828489952,"35,318",50% bullish,of 2 ratings,$23.50
FONR,$9.52,1439828490051,"1,138",100% bullish,of 1 rating,N/A
FOGO,$19.07,1439828490110,"38,692",50% bullish,of 2 ratings,$25.50
FES,$1.07,1439828490137,820,50% bullish,of 2 ratings,$1
FORM,$6.65,1439828490158,"29,705",67% bullish,of 3 ratings,$10.50
FORTY,$35,1439828490290,400,Not yet rated,NULL,N/A
FBIO,$3.1,1439828490350,"34,651",83% bullish,of 6 ratings,N/A
FORR,$32.38,1439828490422,"8,942",Not yet rated,NULL,N/A
FTNT,$47.3,1439828490480,"218,845",80% bullish,of 10 ratings,$52
FWRD,$48.44,1439828490615,"41,551",100% bearish,of 1 rating,$50
FORD,$1.15,1439828490671,"439,223",50% bullish,of 2 ratings,N/A
FWP,$25.37,1439828490771,"8,448",100% bearish,of 1 rating,$45
FOXF,$15.78,1439828490957,"9,528",100% bearish,of 1 rating,$19
FMI,$20.3516,1439828490983,"62,825",100% bearish,of 2 ratings,$27.50
FXCB,$17.45,1439828491011,212,Not yet rated,NULL,$19
FRAN,$11.29,1439828491062,"190,764",50% bullish,of 4 ratings,$15
FOSL,$61.7,1439828491141,"184,348",50% bullish,of 4 ratings,$70
FREE,$0.5131,1439828491193,"503,019",92% bullish,of 12 ratings,N/A
FELE,$30.18,1439828491219,"40,634",50% bullish,of 4 ratings,$33
FRED,$14.38,1439828491271,"12,504",50% bullish,of 2 ratings,$16.50
RAIL,$22.22,1439828491500,"33,461",100% bearish,of 1 rating,$24.50
FRPT,$14.49,1439828491530,"79,043",67% bearish,of 3 ratings,$23.50
FEIM,$10.98,1439828491634,500,100% bearish,of 1 rating,N/A
FTR,$5.619,1439828491663,"4,385,089",78% bullish,of 27 ratings,$6.25
FRPH,$31.06,1439828491766,606,100% bearish,of 1 rating,N/A
FSBW,$23.23,1439828491817,400,Not yet rated,NULL,N/A
FTRPR,$109.58,1439828491845,"53,322",100% bearish,of 1 rating,N/A
FTEK,$2.34,1439828492014,"22,275",75% bullish,of 4 ratings,N/A
FTD,$30.38,1439828492077,"11,865",100% bearish,of 1 rating,$40
FCEL,$0.809,1439828492150,"110,020",88% bullish,of 40 ratings,$2.65
FULL,$3.21,1439828492180,"32,871",67% bearish,of 3 ratings,$4.25
FSYS,$6.7,1439828492207,"10,729",67% bullish,of 3 ratings,$10
FULLL,$25.5,1439828492282,300,Not yet rated,NULL,N/A
FLL,$1.6,1439828492341,700,75% bullish,of 4 ratings,$2.825
FULT,$13.11,1439828492369,"82,548",100% bearish,of 1 rating,$13
FSNN,$2.6101,1439828492414,588,67% bullish,of 3 ratings,$6
FXEN,$1.03,1439828492629,"130,057",75% bullish,of 4 ratings,$1.10
FFHL,$0.88,1439828492716,30,50% bullish,of 4 ratings,N/A
GAIA,$6.12,1439828492787,"8,424",50% bullish,of 2 ratings,$8.50
FXENP,$16.5,1439828492817,350,100% bearish,of 1 rating,N/A
WILC,$5.2149,1439828492917,"3,793",100% bullish,of 2 ratings,N/A
GK,$71.85,1439828492987,"6,683",Not yet rated,NULL,$78
GALT,$2.325,1439828493065,"76,074",80% bullish,of 5 ratings,N/A
GLPG,$59.78,1439828493098,"4,005",100% bullish,of 1 rating,$75
GALTU,NULL,1439828493124,0,100% bearish,of 1 rating,N/A
GALE,$1.43,1439828493164,"193,451",89% bullish,of 47 ratings,$4
GALTW,$0.7131,1439828493197,999,100% bullish,of 1 rating,N/A
GLPI,$33.33,1439828493293,"39,964",100% bearish,of 1 rating,$37.50
GRMN,$40.21,1439828493427,"115,319",50% bullish,of 6 ratings,$48
GPIC,$10.27,1439828493495,864,100% bearish,of 1 rating,N/A
GLMD,$8.97,1439828493565,"7,651",67% bullish,of 3 ratings,$20.50
GGAC,$9.82,1439828493590,200,100% bearish,of 1 rating,N/A
GARS,$14.92,1439828493843,"4,226",Not yet rated,NULL,$16
GGACR,NULL,1439828493869,0,100% bullish,of 1 rating,N/A
GGACU,NULL,1439828493897,0,Not yet rated,NULL,N/A
GNCMA,$18.29,1439828494036,"18,142",100% bearish,of 1 rating,$12
GFNCP,$93.77,1439828494097,100,Not yet rated,NULL,N/A
GENC,$9.49,1439828494143,125,100% bearish,of 1 rating,N/A
GGACW,NULL,1439828494204,0,Not yet rated,NULL,N/A
GFN,$4.04,1439828494275,"24,550",100% bearish,of 2 ratings,$8
GENE,$2.7276,1439828494349,"52,797",100% bullish,of 12 ratings,N/A
GNMK,$9.5,1439828494415,"21,729",67% bullish,of 6 ratings,$14
GFNSL,$26,1439828494455,200,Not yet rated,NULL,N/A
GNCA,$13.05,1439828494646,"24,362",100% bearish,of 1 rating,$20
GHDX,$26.22,1439828494743,"52,644",50% bullish,of 2 ratings,$30
GNTX,$15.92,1439828494875,"348,818",Not yet rated,NULL,$20
GNVC,$2.43,1439828494906,"2,407",90% bullish,of 10 ratings,$8.50
GEOS,$15.86,1439828494940,"24,408",100% bearish,of 3 ratings,$25.50
THRM,$48.33,1439828494961,"39,950",75% bearish,of 4 ratings,$55.50
GTWN,NULL,1439828495038,0,Not yet rated,NULL,N/A
GABC,$29.7,1439828495094,"3,255",Not yet rated,NULL,$31.50
GERN,$3.245,1439828495185,"561,319",88% bullish,of 16 ratings,$5.25
GEVO,$2.175,1439828495245,"97,672",75% bullish,of 12 ratings,N/A
GIGA,$1.4301,1439828495498,"7,914",100% bearish,of 1 rating,N/A
GIGM,$0.6536,1439828495531,"31,785",100% bullish,of 2 ratings,N/A
GIII,$69.77,1439828495553,"25,895",67% bullish,of 3 ratings,$75
ROCK,$18.688,1439828495584,"108,368",80% bullish,of 5 ratings,$24
GILD,$116.3,1439828495629,"1,585,158",91% bullish,of 86 ratings,$129
GILT,$4.564,1439828495762,"5,044",50% bullish,of 2 ratings,N/A
GLADO,$25.41,1439828495966,"1,290",Not yet rated,NULL,N/A
GBCI,$28.075,1439828496000,"15,716",50% bullish,of 2 ratings,$31
GOODO,$25.2267,1439828496035,450,Not yet rated,NULL,N/A
GLAD,$8.2888,1439828496063,"32,941",50% bullish,of 2 ratings,$8.75
GOOD,$15.95,1439828496097,"21,091",Not yet rated,NULL,$19
GOODP,$25.1601,1439828496230,100,Not yet rated,NULL,N/A
GAIN,$7.9701,1439828496258,"62,631",100% bullish,of 2 ratings,$8.25
GOODN,$25.6,1439828496286,500,Not yet rated,NULL,N/A
GAINN,$25.44,1439828496473,"41,845",Not yet rated,NULL,N/A
GAINO,$25.4801,1439828496498,915,Not yet rated,NULL,N/A
GAINP,$26.1271,1439828496526,"1,242",Not yet rated,NULL,N/A
GBT,$51.95,1439828496784,"207,419",Not yet rated,NULL,N/A
GDEF,$10.54,1439828496818,1,Not yet rated,NULL,N/A
GLBZ,NULL,1439828496847,0,Not yet rated,NULL,N/A
ENT,$12.42,1439828496879,"37,971",100% bearish,of 1 rating,$18
GBLI,$27.2,1439828496912,"2,004",Not yet rated,NULL,N/A
LAND,$9.664,1439828496938,"4,083",50% bullish,of 2 ratings,$13.75
GPACU,NULL,1439828496978,0,Not yet rated,NULL,N/A
GSOL,$8.47,1439828497119,"7,217",100% bearish,of 1 rating,N/A
ACTX,NULL,1439828497266,0,100% bullish,of 1 rating,N/A
SOCL,$18.67,1439828497345,"12,983",100% bullish,of 2 ratings,N/A
SRET,$13.8935,1439828497372,"3,225",Not yet rated,NULL,N/A
QQQC,$21.6399,1439828497393,"7,292",100% bearish,of 1 rating,N/A
ALTY,NULL,1439828497429,0,Not yet rated,NULL,N/A
YLCO,$12.26,1439828497522,750,Not yet rated,NULL,N/A
GAI,$5.51,1439828497619,812,50% bullish,of 2 ratings,N/A
GSM,$13.99,1439828497755,"56,308",50% bullish,of 2 ratings,$24.50
GBIM,$2.44,1439828497788,"3,173",50% bullish,of 2 ratings,N/A
GLBS,$1.21,1439828497809,"3,218",67% bullish,of 3 ratings,N/A
GLYC,$7.47,1439828497971,"8,176",50% bullish,of 2 ratings,$14
GLRI,$1.2,1439828498000,"4,562",100% bearish,of 1 rating,$6
GLUU,$4.775,1439828498023,"588,841",92% bullish,of 26 ratings,$9
GMLP,$20.7,1439828498166,"28,281",50% bullish,of 4 ratings,$33
GOGO,$16.33,1439828498194,"129,976",80% bullish,of 5 ratings,$25
GLNG,$38.43,1439828498221,"324,291",83% bullish,of 6 ratings,$58
GDEN,$9.11,1439828498391,400,50% bullish,of 2 ratings,N/A
GLDC,NULL,1439828498418,0,50% bullish,of 2 ratings,N/A
GOGL,$3.615,1439828498641,"43,392",75% bullish,of 4 ratings,$5
GBDC,$16.67,1439828498668,"26,275",Not yet rated,NULL,$17.75
GOOGL,$687.9,1439828498702,"260,062",88% bullish,of 1078 ratings,$747
GTIM,$7.31,1439828498724,"23,417",Not yet rated,NULL,$11.50
GOOG,$656.08,1439828498754,"256,916",89% bullish,of 64 ratings,$795
GPRO,$58.7446,1439828498795,"1,137,371",79% bullish,of 58 ratings,$72
GMAN,$4.68,1439828498968,"42,482",60% bullish,of 5 ratings,$8
GPIA,NULL,1439828499023,0,Not yet rated,NULL,N/A
GPIAW,NULL,1439828499048,0,Not yet rated,NULL,N/A
LOPE,$39.15,1439828499118,"53,302",100% bearish,of 2 ratings,$50
GBSN,$2.49,1439828499224,"27,239",100% bearish,of 1 rating,$8.25
GRVY,$3.41,1439828499332,100,50% bullish,of 2 ratings,N/A
GPIAU,NULL,1439828499360,0,Not yet rated,NULL,N/A
GBSNU,$16.5,1439828499390,"8,100",Not yet rated,NULL,N/A
GSBC,$42.3299,1439828499600,"5,365",100% bullish,of 1 rating,$44
GLDD,$5.57,1439828499631,"20,839",100% bearish,of 4 ratings,$7.75
GNBC,$13.455,1439828499704,"2,314",100% bearish,of 1 rating,$17
GRBK,$14.11,1439828499735,"93,804",77% bullish,of 13 ratings,N/A
GPP,$14.95,1439828499835,"1,800",Not yet rated,NULL,$20.50
GPRE,$23.16,1439828499865,"113,472",67% bullish,of 6 ratings,$28.50
GCBC,NULL,1439828499920,0,100% bullish,of 1 rating,N/A
GRIF,NULL,1439828499969,0,100% bearish,of 1 rating,N/A
GRPN,$4.32,1439828499995,"1,549,345",61% bullish,of 71 ratings,$6.75
GLRE,$26.61,1439828500058,"17,510",100% bullish,of 1 rating,$41
GRFS,$31.99,1439828500238,"95,343",50% bullish,of 2 ratings,$35
OMAB,$43.29,1439828500312,"7,092",100% bullish,of 1 rating,$44
GSVC,$9.5116,1439828500479,"13,536",50% bullish,of 2 ratings,$14.50
GSIG,$13.69,1439828500505,"2,282",100% bearish,of 2 ratings,N/A
GSIT,$5,1439828500528,"2,585",100% bearish,of 1 rating,N/A
GGAL,$20.8,1439828500561,"73,096",80% bullish,of 5 ratings,$40
GTXI,$0.99,1439828500665,"9,296",100% bullish,of 5 ratings,$.75
GUID,$9.07,1439828500698,"24,212",100% bearish,of 3 ratings,$10
GFED,NULL,1439828500719,0,Not yet rated,NULL,$17
GBNK,$16.23,1439828500794,"1,840",100% bearish,of 1 rating,$18
GIFI,$11.91,1439828500899,"10,572",100% bearish,of 1 rating,$16
GULTU,$0.38,1439828500928,"11,750",100% bearish,of 1 rating,N/A
GURE,$1.865,1439828500955,"30,390",88% bullish,of 8 ratings,N/A
GPOR,$35.9,1439828501118,"666,983",75% bullish,of 4 ratings,$55.50
GWPH,$113.862,1439828501143,"51,583",78% bullish,of 9 ratings,$148.50
GYRO,$2.85,1439828501369,600,100% bearish,of 1 rating,N/A
HLG,$9.44,1439828501427,153,100% bearish,of 1 rating,N/A
HEES,$17.41,1439828501458,"66,576",67% bearish,of 3 ratings,$31
GWGH,NULL,1439828501488,0,100% bearish,of 1 rating,$15.05
HALL,$11.85,1439828501564,"23,801",Not yet rated,NULL,N/A
HBK,$13.5,1439828501591,600,50% bullish,of 2 ratings,N/A
HALO,$19.42,1439828501668,"389,778",67% bullish,of 3 ratings,$22.50
HNRG,$7.69,1439828501726,"37,190",100% bearish,of 1 rating,$10
HMPR,$1.9999,1439828501761,"2,200",100% bullish,of 1 rating,N/A
HBHC,$29.09,1439828501855,"48,047",50% bullish,of 2 ratings,$30
HBHCL,$24.65,1439828501888,"7,657",Not yet rated,NULL,N/A
HNH,$29.0099,1439828501991,478,100% bullish,of 1 rating,N/A
HAFC,$25.74,1439828502061,"15,418",100% bullish,of 2 ratings,$28.50
HNSN,$0.5162,1439828502087,"94,493",88% bullish,of 8 ratings,$.40
HDNG,$9.4899,1439828502274,"2,220",50% bullish,of 4 ratings,N/A
HRMNU,NULL,1439828502355,0,Not yet rated,NULL,N/A
HQCL,$11.05,1439828502382,"2,410",67% bullish,of 3 ratings,N/A
HRMN,NULL,1439828502412,0,Not yet rated,NULL,N/A
HLIT,$5.805,1439828502509,"160,525",100% bearish,of 1 rating,$6.50
HRMNW,NULL,1439828502613,0,Not yet rated,NULL,N/A
HBIO,$4.58,1439828502666,"34,918",Not yet rated,NULL,$10
HART,$0.7014,1439828502701,"103,891",100% bearish,of 1 rating,N/A
TINY,$2.61,1439828502723,"5,120",50% bullish,of 2 ratings,$5.26
HCAP,$12.541,1439828502799,"6,074",50% bullish,of 2 ratings,$15
HCAPL,NULL,1439828502871,0,Not yet rated,NULL,N/A
HA,$25.67,1439828503157,"290,439",67% bullish,of 9 ratings,$27
HAS,$80.51,1439828503210,"136,406",63% bullish,of 8 ratings,$84.50
HCOM,$23.32,1439828503263,"3,750",100% bearish,of 1 rating,$28
HWBK,NULL,1439828503289,0,100% bearish,of 1 rating,N/A
HDS,$34.69,1439828503315,"159,287",100% bearish,of 2 ratings,$39.50
HWKN,$37.6,1439828503353,"4,212",Not yet rated,NULL,N/A
HAYN,$40.9,1439828503526,"19,839",100% bearish,of 1 rating,$59
HCSG,$34.75,1439828503553,"18,045",50% bullish,of 4 ratings,$35
HIIQ,$4.75,1439828503628,"17,543",50% bullish,of 2 ratings,$7
HWAY,$12.46,1439828503760,"57,669",100% bearish,of 1 rating,$15
HQY,$33.91,1439828503789,"71,597",67% bullish,of 3 ratings,$31
HSTM,$25.68,1439828503849,"25,011",50% bullish,of 2 ratings,$33.75
HTLD,$21.34,1439828503898,"53,641",Not yet rated,NULL,$22.50
HTLF,$37.31,1439828504030,"9,017",100% bullish,of 1 rating,$39.50
HMNY,NULL,1439828504236,0,100% bearish,of 1 rating,N/A
HTBX,$5.68,1439828504264,"8,006",50% bullish,of 2 ratings,$15.50
HSII,$20.26,1439828504293,"22,920",100% bullish,of 3 ratings,$25
HTWR,$90.23,1439828504315,"58,248",50% bullish,of 2 ratings,$103
HELE,$90.95,1439828504351,"17,962",67% bearish,of 3 ratings,$100
HNNA,$23.21,1439828504447,200,Not yet rated,NULL,N/A
HMTV,$13.58,1439828504495,841,100% bearish,of 1 rating,$16
HSIC,$145.515,1439828504707,"94,937",83% bullish,of 6 ratings,$146
HERO,$0.0737,1439828504738,"817,331",81% bullish,of 16 ratings,$.75
HTBK,$10.89,1439828504774,"6,978",Not yet rated,NULL,$12
HCACU,NULL,1439828504840,0,Not yet rated,NULL,N/A
HFWA,$18.37,1439828504868,"2,521",100% bullish,of 1 rating,$20
HEOP,$8,1439828504893,"8,304",Not yet rated,NULL,$8.50
HCCI,$13.06,1439828505194,"10,150",100% bearish,of 1 rating,$16.50
HRTX,$30.81,1439828505220,"79,942",67% bullish,of 6 ratings,$41
HSKA,$34.68,1439828505248,"8,532",100% bearish,of 1 rating,$38
MLHR,$29.22,1439828505392,"64,288",100% bullish,of 1 rating,$33.50
HFFC,$16.51,1439828505429,302,Not yet rated,NULL,N/A
HIBB,$41.27,1439828505466,"35,816",100% bearish,of 1 rating,$48.50
HPJ,$2.76,1439828505494,"3,526",75% bullish,of 4 ratings,$12.43
HIHO,$3.9556,1439828505523,"9,495",Not yet rated,NULL,N/A
HIMX,$6.87,1439828505656,"304,973",85% bullish,of 20 ratings,$8.50
HIFS,$118.02,1439828505866,304,Not yet rated,NULL,N/A
HMNF,$11.5,1439828505998,20,Not yet rated,NULL,N/A
HOLI,$18.725,1439828506131,"198,784",50% bullish,of 4 ratings,$27
HSGX,$6.81,1439828506193,"6,299",100% bearish,of 1 rating,$17
HMSY,$9.685,1439828506263,"409,831",67% bullish,of 3 ratings,$19.35
AWAY,$30.8,1439828506296,"108,395",67% bullish,of 3 ratings,$36
HBCP,NULL,1439828506320,0,Not yet rated,NULL,$29
HOLX,$42.75,1439828506368,"690,390",67% bullish,of 3 ratings,$42
HFBL,NULL,1439828506419,0,Not yet rated,NULL,N/A
HOMB,$41.1,1439828506553,"65,884",Not yet rated,NULL,$41
HKTV,$5.23,1439828506691,968,100% bearish,of 1 rating,N/A
HTBI,$18.69,1439828506754,"9,902",67% bullish,of 3 ratings,$18.625
HOFT,$25.03,1439828506786,"8,457",100% bearish,of 1 rating,N/A
CETC,$1.02,1439828506807,"53,032",86% bullish,of 7 ratings,N/A
HMIN,$29.53,1439828506837,"23,662",100% bearish,of 2 ratings,$35
HMST,$22.08,1439828506886,"8,569",100% bullish,of 2 ratings,$27
HFBC,$11.62,1439828507105,502,Not yet rated,NULL,N/A
HBNC,$24.64,1439828507146,"3,645",100% bullish,of 1 rating,$27
HZNP,$31.41,1439828507172,"675,949",85% bullish,of 20 ratings,$40
HRZN,$11.16,1439828507247,"10,655",100% bearish,of 1 rating,$14.25
ZINC,$8.778,1439828507319,"78,938",100% bearish,of 1 rating,$17
HMHC,$23.5,1439828507392,"83,273",Not yet rated,NULL,$27
HDP,$25.72,1439828507451,"124,181",67% bearish,of 3 ratings,$30.50
HWCC,$7.32,1439828507501,"23,592",100% bearish,of 1 rating,$9
HBMD,$14.88,1439828507660,100,100% bearish,of 1 rating,N/A
HSNI,$62.87,1439828507686,"107,447",Not yet rated,NULL,$80
HOVNP,$5.1501,1439828507753,"1,202",100% bearish,of 1 rating,N/A
HCBK,$10.315,1439828507944,"228,942",83% bullish,of 6 ratings,$8.61
HSON,$2.98,1439828507991,"19,444",100% bearish,of 1 rating,$5
HDSN,$3.18,1439828508039,"7,900",100% bullish,of 1 rating,$6.25
HUBG,$41.58,1439828508067,"17,047",100% bearish,of 1 rating,$43
HBAN,$11.795,1439828508099,"2,844,345",76% bullish,of 17 ratings,$12.50
HTGM,$5.97,1439828508125,"12,227",100% bearish,of 1 rating,$19.50
HBANP,$1357,1439828508199,40,100% bearish,of 1 rating,N/A
HURC,$31,1439828508258,"3,957",100% bearish,of 1 rating,N/A
HURN,$75.12,1439828508496,"31,302",50% bullish,of 2 ratings,$80
HBP,$3.1906,1439828508574,"14,795",100% bullish,of 1 rating,N/A
HDRAR,NULL,1439828508606,0,Not yet rated,NULL,N/A
HDRAU,NULL,1439828508661,0,Not yet rated,NULL,N/A
HTCH,$1.65,1439828508687,"11,494",100% bearish,of 1 rating,$3.50
HDRA,NULL,1439828508716,0,Not yet rated,NULL,N/A
HYGS,$7.71,1439828508820,"11,868",50% bullish,of 2 ratings,$13
HDRAW,NULL,1439828508859,0,Not yet rated,NULL,N/A
IDSY,$4.1,1439828508891,"1,375",100% bearish,of 1 rating,$7
IBKC,$63.56,1439828509059,"27,526",100% bullish,of 1 rating,$70
IACI,$74.83,1439828509092,"109,288",75% bullish,of 4 ratings,$90
ICAD,$3.5,1439828509120,"8,306",50% bullish,of 2 ratings,$7.25
IKGH,$1.67,1439828509191,"22,196",75% bullish,of 4 ratings,N/A
IEP,$73.19,1439828509250,"62,690",75% bullish,of 4 ratings,$99
ICFI,$35.67,1439828509412,"11,003",50% bullish,of 2 ratings,$48.50
ICLR,$79.15,1439828509439,"965,267",100% bearish,of 3 ratings,$82
ICUI,$121.99,1439828509571,"24,561",Not yet rated,NULL,$122
ICON,$13.66,1439828509604,"208,286",50% bullish,of 2 ratings,$18.50
INVE,$4.5601,1439828509630,"83,087",75% bullish,of 4 ratings,$4
IDRA,$2.66,1439828509710,"399,177",89% bullish,of 9 ratings,$6.50
IRG,$4.49,1439828509789,"1,600",100% bearish,of 1 rating,$4.50
IROQ,$16.5,1439828509843,"1,034",100% bullish,of 1 rating,N/A
IPWR,$7.82,1439828509871,"1,345",100% bullish,of 1 rating,$15
IDXX,$78.4,1439828509922,"82,008",100% bearish,of 1 rating,$77
IIVI,$17.6,1439828510053,"41,095",100% bearish,of 1 rating,$22
DSKY,$12.4,1439828510093,"58,727",67% bullish,of 6 ratings,$11.50
KANG,$16.74,1439828510156,"46,424",50% bullish,of 2 ratings,$22.55
RXDX,$13.67,1439828510237,"40,349",100% bullish,of 1 rating,$20
IKAN,$2.7201,1439828510383,"6,051",83% bullish,of 6 ratings,$5
IKNX,$11.4,1439828510461,970,100% bearish,of 1 rating,N/A
ILMN,$208.23,1439828510618,"147,431",80% bullish,of 5 ratings,$240
IMDZ,$16.85,1439828510649,"17,621",100% bearish,of 1 rating,$33
IMMR,$12.49,1439828510670,"17,302",80% bullish,of 5 ratings,$15.50
ICCC,$8.839,1439828510692,"4,922",100% bullish,of 1 rating,N/A
ISNS,$4.162,1439828510825,"6,400",50% bullish,of 2 ratings,N/A
IMGN,$14.03,1439828510851,"318,334",75% bullish,of 4 ratings,$17.50
IPXL,$45.67,1439828511037,"163,774",67% bullish,of 3 ratings,$46.50
IMNP,$1.6299,1439828511068,"49,129",50% bullish,of 2 ratings,$6
IMMU,$1.805,1439828511101,"81,025",86% bullish,of 7 ratings,$2
IMMY,$7.66,1439828511122,"10,950",100% bearish,of 1 rating,$11
INCR,$44.3,1439828511204,"186,403",50% bullish,of 2 ratings,$53
INCY,$106.315,1439828511254,"208,475",50% bullish,of 6 ratings,$125.50
SAAS,$8,1439828511304,"177,042",50% bullish,of 2 ratings,$15
INDB,$48.68,1439828511480,"14,245",Not yet rated,NULL,$44
IBCP,$14.4725,1439828511506,"11,891",100% bullish,of 1 rating,$14.50
IBTX,$43.83,1439828511551,"4,408",100% bullish,of 2 ratings,$47.25
IDSA,$3.8004,1439828511641,"8,699",Not yet rated,NULL,N/A
INFI,$9.5,1439828511775,"134,364",50% bullish,of 4 ratings,$18
IPCC,$78.91,1439828511802,"8,519",Not yet rated,NULL,$77
INFN,$24.38,1439828511859,"556,307",71% bullish,of 7 ratings,$27.50
III,$4.22,1439828511934,"11,518",57% bullish,of 7 ratings,$6
IMKTA,$55.374,1439828511967,"27,041",100% bearish,of 1 rating,N/A
IFON,$1.39,1439828512007,"55,813",75% bullish,of 4 ratings,N/A
INWK,$7.84,1439828512073,"21,494",50% bullish,of 2 ratings,$10
INNL,$11.96,1439828512202,"1,400",100% bearish,of 1 rating,$16.50
INOD,$2.597,1439828512239,500,100% bearish,of 1 rating,N/A
IPHS,$51.52,1439828512267,"37,696",100% bearish,of 1 rating,$60
IOSP,$46.69,1439828512400,"20,037",100% bearish,of 1 rating,N/A
INGN,$50.56,1439828512571,"147,644",100% bearish,of 1 rating,$50.50
ITEK,$15.31,1439828512601,"916,800",67% bearish,of 3 ratings,$20
ISSC,$3.003,1439828512704,"2,700",67% bearish,of 3 ratings,N/A
INOV,$21.28,1439828512782,"43,759",100% bearish,of 1 rating,$33
INO,$7.77,1439828512837,"372,855",89% bullish,of 18 ratings,$20
ISIG,$2.69,1439828512864,600,100% bearish,of 1 rating,N/A
INSM,$26.67,1439828512944,"78,752",71% bullish,of 7 ratings,$32
NSIT,$26.58,1439828512997,"19,855",50% bullish,of 2 ratings,N/A
INSY,$35.045,1439828513131,"193,545",75% bullish,of 4 ratings,$48
IIIN,$17.93,1439828513177,604,100% bearish,of 2 ratings,N/A
PODD,$30.12,1439828513222,"180,383",50% bullish,of 2 ratings,$35
NTEC,$6.0201,1439828513281,"4,064",Not yet rated,NULL,N/A
IDTI,$19.2965,1439828513451,"280,906",60% bullish,of 5 ratings,$25
IESC,$7.23,1439828513488,"4,466",100% bearish,of 1 rating,N/A
IART,$62.36,1439828513510,"61,799",100% bearish,of 1 rating,$71.50
ISSI,$22.35,1439828513587,"51,829",67% bullish,of 3 ratings,$19.75
INTC,$29.13,1439828513643,"4,455,265",82% bullish,of 238 ratings,$36
IQNT,$17.66,1439828513755,"31,528",86% bullish,of 7 ratings,$20
IPCI,$2.3,1439828513993,"35,004",67% bullish,of 6 ratings,$7.75
IPAR,$28.72,1439828514033,"44,917",67% bullish,of 3 ratings,$38
ININ,$40.11,1439828514089,"5,401",67% bearish,of 3 ratings,$57
ICLD,$1.9801,1439828514120,"1,093,675",75% bullish,of 4 ratings,N/A
IBKR,$42.13,1439828514141,"80,568",100% bullish,of 1 rating,N/A
ICLDW,$1.06,1439828514220,1,100% bearish,of 1 rating,N/A
IDCC,$49.84,1439828514277,"66,801",75% bullish,of 4 ratings,$63
ICPT,$211.49,1439828514312,"43,592",70% bullish,of 10 ratings,$363
IMI,$2.0916,1439828514544,"2,596",67% bullish,of 3 ratings,$2.22
TILE,$25.9,1439828514576,"213,986",67% bearish,of 3 ratings,$27
IBOC,$27.538,1439828514603,"19,186",100% bearish,of 1 rating,N/A
ISCA,$33.75,1439828514678,"12,114",100% bearish,of 1 rating,N/A
INAP,$8.86,1439828514759,"13,928",75% bullish,of 4 ratings,$11
IIJI,NULL,1439828514915,0,50% bullish,of 2 ratings,$11.50
IGLD,$7.8499,1439828515073,"2,500",50% bullish,of 2 ratings,N/A
PTNT,$3.06,1439828515130,300,Not yet rated,NULL,N/A
XENT,$28.7,1439828515158,"30,762",50% bullish,of 2 ratings,$36.50
INTX,$2.509,1439828515185,"9,773",67% bullish,of 3 ratings,N/A
INPH,$0.348,1439828515370,"3,452",50% bullish,of 2 ratings,N/A
IILG,$21.46,1439828515422,"12,092",100% bearish,of 1 rating,$30.50
ISIL,$10.95,1439828515527,"75,997",50% bullish,of 6 ratings,$15
IVAC,$5.13,1439828515553,"4,184",Not yet rated,NULL,$6.625
IIN,NULL,1439828515616,0,100% bearish,of 1 rating,$12
INTL,$28.86,1439828515642,"17,124",67% bearish,of 3 ratings,N/A
INTLL,$25.7,1439828515683,"1,500",Not yet rated,NULL,N/A
INTU,$105.25,1439828515876,"128,003",100% bullish,of 7 ratings,$107.50
ITCI,$30.9199,1439828515949,"207,331",75% bearish,of 4 ratings,$40
ISRG,$529.995,1439828516223,"25,412",67% bullish,of 3 ratings,$600
NVIV,$12.23,1439828516451,"82,949",50% bullish,of 4 ratings,$24.50
SNAK,$8.77,1439828516476,"17,511",50% bullish,of 2 ratings,$14
INVT,$0.295,1439828516503,"47,296",67% bullish,of 3 ratings,N/A
ITIC,$71.18,1439828516666,48,100% bearish,of 2 ratings,N/A
ISTR,$15.84,1439828516696,308,100% bearish,of 1 rating,$18.50
ISBC,$12.355,1439828516798,"353,468",100% bullish,of 1 rating,$13.25
IPAS,$1.07,1439828516931,"11,166",67% bullish,of 3 ratings,N/A
IVTY,$11.6,1439828517013,"4,000",Not yet rated,NULL,$18
IPCM,$79.32,1439828517152,"31,474",50% bullish,of 2 ratings,$80.125
IRMD,$26.2,1439828517183,"4,688",67% bearish,of 3 ratings,$25
DTUL,NULL,1439828517282,0,Not yet rated,NULL,N/A
DFVL,NULL,1439828517411,0,Not yet rated,NULL,N/A
IRIX,$6.93,1439828517505,"1,626",100% bearish,of 1 rating,N/A
IPGP,$91.9,1439828517575,"47,589",100% bearish,of 2 ratings,$109.50
IRDM,$7.03,1439828517605,"108,892",60% bullish,of 5 ratings,$11.50
IRDMB,NULL,1439828517770,0,67% bearish,of 3 ratings,N/A
IRWD,$11.61,1439828517963,"350,020",100% bearish,of 1 rating,$13
GNMA,$49.9972,1439828518034,"2,570",Not yet rated,NULL,N/A
COMT,$33.7,1439828518170,556,100% bearish,of 1 rating,N/A
IRBT,$31.28,1439828518305,"47,050",67% bullish,of 6 ratings,$37
IRCP,NULL,1439828518331,0,100% bullish,of 2 ratings,N/A
FCHI,$50.01,1439828518354,100,Not yet rated,NULL,N/A
IFAS,$29.05,1439828518383,200,Not yet rated,NULL,N/A
IFGL,$30.1001,1439828518563,"73,758",Not yet rated,NULL,N/A
IFEU,$40.4499,1439828518714,"6,568",Not yet rated,NULL,N/A
AXJS,NULL,1439828518855,0,Not yet rated,NULL,N/A
ACWI,$59.2062,1439828518882,"174,153",Not yet rated,NULL,N/A
ACWX,$43.1072,1439828518911,"53,758",100% bearish,of 1 rating,N/A
IFNA,NULL,1439828518962,0,Not yet rated,NULL,N/A
AAXJ,$56.34,1439828519042,"168,685",Not yet rated,NULL,N/A
AAIT,$30.622,1439828519092,200,100% bullish,of 1 rating,N/A
EEMA,$53.18,1439828519352,"9,543",Not yet rated,NULL,N/A
EEME,$39.93,1439828519440,"1,034",100% bearish,of 1 rating,N/A
EGRW,$49.7489,1439828519467,"3,904",Not yet rated,NULL,N/A
EMDI,NULL,1439828519507,0,Not yet rated,NULL,N/A
EMEY,$25.71,1439828519694,214,Not yet rated,NULL,N/A
EVAL,$37.1,1439828519783,335,Not yet rated,NULL,N/A
QAT,NULL,1439828519917,0,Not yet rated,NULL,N/A
EUFN,$23.184,1439828519948,"70,601",100% bearish,of 1 rating,N/A
UAE,$19.3332,1439828520049,850,Not yet rated,NULL,N/A
IBB,$367.04,1439828520139,"288,431",63% bullish,of 8 ratings,N/A
IEUS,$47.65,1439828520278,200,100% bearish,of 1 rating,N/A
EEML,$28.58,1439828520307,156,Not yet rated,NULL,N/A
EMIF,$30.34,1439828520487,"2,375",Not yet rated,NULL,N/A
WOOD,$51.3075,1439828520560,"2,793",50% bullish,of 2 ratings,N/A
SOXX,$85.92,1439828520616,"85,480",50% bullish,of 2 ratings,N/A
ICLN,$10.2647,1439828520746,"27,285",50% bullish,of 2 ratings,N/A
ISHG,$78.7699,1439828520892,484,100% bearish,of 1 rating,N/A
IGOV,$90.3,1439828521002,"2,799",100% bearish,of 1 rating,N/A
ISLE,$19.14,1439828521078,"63,867",50% bullish,of 4 ratings,$16
INDY,$29.69,1439828521103,"183,706",100% bullish,of 1 rating,N/A
ISIS,$50.56,1439828521128,"216,261",53% bullish,of 15 ratings,$67
ITRI,$33.52,1439828521393,"31,036",Not yet rated,NULL,$37
JJSF,$118.27,1439828521485,"6,386",100% bearish,of 1 rating,N/A
ISRL,NULL,1439828521514,0,100% bearish,of 1 rating,N/A
ITRN,$25.94,1439828521540,"5,483",50% bullish,of 2 ratings,N/A
MAYS,NULL,1439828521567,0,Not yet rated,NULL,N/A
ITUS,$3.99,1439828521764,"1,013",Not yet rated,NULL,N/A
IXYS,$11.09,1439828521833,"22,930",50% bullish,of 4 ratings,N/A
JCOM,$73.175,1439828521901,"57,515",100% bullish,of 2 ratings,$77
XXIA,$15.685,1439828521969,"108,810",71% bullish,of 7 ratings,$14.625
JBHT,$80.04,1439828521998,"78,330",50% bullish,of 4 ratings,$89.50
JASO,$8.28,1439828522127,"561,893",82% bullish,of 17 ratings,$10
JAXB,NULL,1439828522419,0,100% bullish,of 1 rating,N/A
JAKK,$9.72,1439828522446,"79,205",60% bearish,of 5 ratings,$10.50
JACK,$87.6284,1439828522478,"53,996",83% bullish,of 6 ratings,$105
JXSB,NULL,1439828522752,0,Not yet rated,NULL,N/A
JAGX,$2.883,1439828522784,800,Not yet rated,NULL,N/A
JKHY,$71.21,1439828522805,"54,830",50% bullish,of 2 ratings,$72
JRVR,$27.17,1439828522840,"5,614",Not yet rated,NULL,$27
ERW,$51.83,1439828522884,20,Not yet rated,NULL,N/A
JMBA,$13.99,1439828522977,"52,606",75% bullish,of 4 ratings,$18
JASN,$5.31,1439828523170,"14,240",50% bullish,of 2 ratings,$9.50
JD,$27.19,1439828523244,"2,459,807",75% bullish,of 16 ratings,$36
JASNW,$0.3985,1439828523313,"3,050",50% bullish,of 2 ratings,N/A
JAZZ,$185.664,1439828523338,"33,630",80% bullish,of 15 ratings,$206.50
JBLU,$24.34,1439828523639,"1,938,798",94% bullish,of 16 ratings,$27
DATE,$6.54,1439828523668,"49,573",75% bullish,of 4 ratings,$9
JST,$4.4,1439828523770,"8,662",75% bullish,of 4 ratings,N/A
WYIGU,$10.05,1439828523912,200,Not yet rated,NULL,N/A
JCTCF,NULL,1439828523940,0,100% bullish,of 1 rating,N/A
JNP,$10,1439828524155,"10,290",100% bullish,of 3 ratings,$15
JUNO,$41.25,1439828524183,"475,235",73% bullish,of 11 ratings,$70
JTPY,$3,1439828524210,317,100% bearish,of 1 rating,N/A
JOEZ,$0.19,1439828524261,"102,104",92% bullish,of 12 ratings,N/A
JBSS,$48.39,1439828524422,"11,273",67% bearish,of 3 ratings,N/A
JOUT,$26.14,1439828524448,"3,271",100% bearish,of 1 rating,$34
JIVE,$4.095,1439828524514,"79,637",75% bullish,of 4 ratings,$5
KALU,$86.12,1439828524648,"26,602",67% bearish,of 3 ratings,$91
KBIO,$2.0001,1439828524830,"6,987",50% bullish,of 4 ratings,N/A
KNDI,$7.0379,1439828524936,"91,278",86% bullish,of 22 ratings,N/A
KPTI,$13.39,1439828524963,"308,583",67% bearish,of 3 ratings,$41
KTWO,$21.26,1439828525092,"9,629",100% bearish,of 1 rating,$28.50
KCAP,$4.9384,1439828525118,"28,337",75% bullish,of 4 ratings,$6.75
KMDA,$3.91,1439828525247,"1,300",50% bullish,of 2 ratings,$8
KCLI,$47.9199,1439828525283,"3,680",Not yet rated,NULL,N/A
KRNY,$11.7496,1439828525417,"464,114",100% bearish,of 1 rating,$12
KELYB,NULL,1439828525711,0,50% bullish,of 2 ratings,N/A
KBSF,$4.15,1439828525817,"8,550",100% bullish,of 1 rating,N/A
KELYA,$14.745,1439828525846,"20,264",67% bullish,of 6 ratings,$20
KMPH,$23.147,1439828525876,"48,877",100% bearish,of 2 ratings,$22
KERX,$6.35,1439828525902,"430,682",82% bullish,of 11 ratings,$12
KFFB,$8.34,1439828526033,"2,984",100% bearish,of 1 rating,N/A
KTCC,$9.97,1439828526268,"3,672",100% bearish,of 1 rating,$15
KFRC,$28.54,1439828526315,"32,943",100% bullish,of 2 ratings,$29
GMCR,$50.7,1439828526342,"462,196",71% bullish,of 42 ratings,$64
KE,$11.775,1439828526367,"21,096",67% bearish,of 3 ratings,$16
KBAL,$11.61,1439828526500,"40,222",50% bullish,of 2 ratings,N/A
KTEC,NULL,1439828526590,0,Not yet rated,NULL,N/A
KEQU,NULL,1439828526794,0,100% bullish,of 1 rating,N/A
