Symbol,Price,Date,Volume,Rating,RatingVoteCount,OneYearEstimate
TFSCR,NULL,1441056002197,0,Not yet rated,NULL,N/A
TFSCU,$10.21,1441056002235,"1,300",Not yet rated,NULL,N/A
FCCY,$11.72,1441056002329,607,100% bullish,of 1 rating,$13
FLWS,$8.387,1441056002358,"596,480",80% bullish,of 5 ratings,$15
PIH,$7.64,1441056002380,"9,200",100% bearish,of 1 rating,N/A
TFSC,$9.7401,1441056002409,539,100% bearish,of 1 rating,N/A
FCTY,$7.81,1441056002435,"3,243",100% bullish,of 1 rating,$8.50
TFSCW,$0.23,1441056002456,"1,664",100% bearish,of 1 rating,N/A
VNET,$17.79,1441056002588,"324,390",60% bullish,of 5 ratings,$35
SRCE,$29.943,1441056002650,"24,954",100% bullish,of 3 ratings,$33
DGLD,$80.8,1441056002812,"9,491",100% bullish,of 1 rating,N/A
DSLV,$68.5,1441056002853,"31,915",100% bearish,of 1 rating,N/A
TWOU,$34.967,1441056002875,"187,300",50% bullish,of 2 ratings,$39
JOBS,$26.81,1441056002946,"97,545",50% bullish,of 4 ratings,$36
UGLD,$9.3,1441056002976,"348,306",100% bearish,of 1 rating,N/A
USLV,$12.57,1441056002997,"271,418",86% bullish,of 7 ratings,N/A
SIXD,$2.413,1441056003300,"79,883",Not yet rated,NULL,N/A
CAFD,$14.85,1441056003335,"127,990",Not yet rated,NULL,$25
EGHT,$7.727,1441056003407,"368,979",82% bullish,of 17 ratings,$11
SHLM,$34.327,1441056003459,"131,300",100% bearish,of 1 rating,$47
AVHI,$14.143,1441056003485,"43,341",100% bearish,of 1 rating,$19
ABGB,$5.89,1441056003570,"40,611",67% bullish,of 3 ratings,$5.50
ABEO,$4.667,1441056003632,"188,040",50% bullish,of 4 ratings,$15.50
AAON,$20.677,1441056003662,"96,866",100% bearish,of 1 rating,$24
ABY,$22.757,1441056003739,"470,521",100% bearish,of 2 ratings,$46
ABAX,$47.017,1441056003883,"87,050",100% bearish,of 1 rating,$60
ABEOW,$1.8,1441056003946,"3,075",100% bullish,of 1 rating,N/A
AXAS,$1.953,1441056004015,"816,444",78% bullish,of 9 ratings,$3.50
ABMD,$95.9065,1441056004041,"269,615",75% bullish,of 4 ratings,$100.50
ACHC,$73.0212,1441056004172,"472,462",50% bullish,of 2 ratings,$92
ACAD,$36.627,1441056004197,"579,037",80% bullish,of 20 ratings,$48
ACTG,$9.517,1441056004351,"172,307",67% bullish,of 3 ratings,$18.50
ANCX,$20.43,1441056004382,"28,209",Not yet rated,NULL,$20
AXDX,$19.617,1441056004433,"137,623",100% bearish,of 1 rating,N/A
ACST,$0.38,1441056004480,"28,122",100% bullish,of 2 ratings,N/A
XLRN,$28.977,1441056004565,"92,147",50% bullish,of 2 ratings,$57
VXDN,$1.96,1441056004592,"33,110",100% bearish,of 1 rating,N/A
ARAY,$6.887,1441056004613,"976,096",100% bearish,of 1 rating,$10.50
VXUP,$1.59,1441056004760,"45,398",100% bearish,of 1 rating,N/A
ACET,$22.407,1441056004926,"54,992",75% bullish,of 4 ratings,$30
ACRX,$4.28,1441056004953,"194,233",67% bearish,of 6 ratings,$5.50
ACHN,$7.387,1441056004974,"1,409,087",90% bullish,of 21 ratings,$16
ACIW,$21.327,1441056005010,"298,912",67% bearish,of 3 ratings,$24
AKAO,$6.9,1441056005035,"23,650",75% bullish,of 4 ratings,$15
ACOR,$31.967,1441056005105,"604,745",67% bearish,of 3 ratings,$38.50
ACNB,$20.48,1441056005237,674,Not yet rated,NULL,N/A
ATVI,$28.647,1441056005262,"9,093,201",67% bullish,of 84 ratings,$31.50
ACTS,$1.7,1441056005335,"82,375",100% bearish,of 1 rating,N/A
ACUR,$3.05,1441056005399,"20,373",100% bullish,of 5 ratings,$5
ACTA,$14.227,1441056005429,"68,405",67% bearish,of 3 ratings,$25
ACPW,$2.01,1441056005462,"116,450",100% bullish,of 4 ratings,$3.50
ADMS,$20.06,1441056005531,"36,740",100% bearish,of 2 ratings,$36
ACXM,$20.957,1441056005591,"327,528",67% bullish,of 3 ratings,N/A
ADMP,$3.66,1441056005780,"11,341",50% bullish,of 2 ratings,$10
ADAP,$10.96,1441056005871,"105,582",67% bullish,of 3 ratings,$22
ADUS,$28.737,1441056005966,"44,661",100% bearish,of 1 rating,$31
ADEP,$6.5,1441056006002,"111,763",50% bullish,of 2 ratings,$10.75
ADBE,$78.5621,1441056006028,"1,619,943",65% bullish,of 17 ratings,$90
AEY,$2.39,1441056006065,"10,410",100% bearish,of 2 ratings,N/A
ADRO,$19.36,1441056006097,"208,887",80% bullish,of 5 ratings,$45.50
ADMA,$9.23,1441056006126,"13,803",Not yet rated,NULL,$19
ADTN,$16.023,1441056006204,"730,400",67% bullish,of 3 ratings,$17.125
AEIS,$24.267,1441056006307,"144,909",50% bullish,of 2 ratings,$32.50
AMD,$1.807,1441056006370,"5,071,805",83% bullish,of 103 ratings,$2
MULT,$23.103,1441056006516,200,100% bearish,of 1 rating,N/A
ADXSW,$10.19,1441056006553,"6,365",100% bullish,of 1 rating,N/A
ADXS,$14.4,1441056006579,"644,819",64% bullish,of 14 ratings,$27
AEGN,$18.397,1441056006812,"114,516",100% bearish,of 2 ratings,$21
YPRO,$23.0899,1441056006845,185,100% bearish,of 1 rating,N/A
AEHR,$2.4,1441056006875,"4,422",50% bullish,of 2 ratings,N/A
AEGR,$17.687,1441056006897,"221,630",50% bullish,of 6 ratings,$26
AMTX,$3.09,1441056006943,"7,100",50% bullish,of 2 ratings,$26.11
AEPI,$54.45,1441056006972,"20,413",100% bearish,of 1 rating,N/A
AVAV,$24.047,1441056007068,"69,222",50% bullish,of 4 ratings,$31
AERI,$15.807,1441056007169,"568,607",75% bullish,of 4 ratings,$31.50
AEZS,$0.0894,1441056007339,"9,544,878",90% bullish,of 21 ratings,$1.50
AFFX,$9.327,1441056007423,"374,345",80% bullish,of 5 ratings,$12.50
AGEN,$7.107,1441056007493,"447,218",85% bullish,of 13 ratings,$14
AFMD,$10.077,1441056007628,"117,446",50% bullish,of 4 ratings,$15
AEMD,$7.27,1441056007660,"199,779",Not yet rated,NULL,$27.50
AGRX,$8.833,1441056007681,"8,053",100% bearish,of 1 rating,$17.50
AGYS,$10.273,1441056007713,"36,608",100% bearish,of 1 rating,N/A
AGIO,$86.4,1441056007758,"181,553",88% bullish,of 8 ratings,$114
AGFSW,$2.05,1441056007902,"44,036",100% bearish,of 2 ratings,N/A
AIRT,$22.04,1441056008145,808,100% bullish,of 1 rating,N/A
ATSG,$9.087,1441056008178,"198,445",67% bullish,of 3 ratings,$13
AMCN,$4.57,1441056008201,"81,077",83% bullish,of 6 ratings,N/A
AIMT,$21.09,1441056008234,"143,927",Not yet rated,NULL,N/A
AIRM,$37.45,1441056008273,"137,419",80% bearish,of 5 ratings,$53
AGFS,$9.75,1441056008335,"55,812",100% bearish,of 1 rating,N/A
AIXG,$6.32,1441056008542,"8,512",67% bearish,of 3 ratings,$5.25
AKAM,$71.3171,1441056008582,"1,048,970",63% bullish,of 8 ratings,$77
AKRX,$39.787,1441056008646,"525,860",78% bullish,of 9 ratings,$56
AKER,$2.56,1441056008782,"20,191",Not yet rated,NULL,N/A
ALSK,$2.22,1441056008813,"117,646",78% bullish,of 18 ratings,$2
ALRM,$17.02,1441056008834,"49,872",100% bearish,of 1 rating,$22
AKBA,$6.958,1441056008912,"202,884",100% bearish,of 1 rating,$18
ABDC,$12.98,1441056009019,"29,281",Not yet rated,NULL,$15
ADHD,$7.68,1441056009048,"124,747",50% bullish,of 4 ratings,$18
ALDR,$38.747,1441056009246,"315,073",67% bearish,of 3 ratings,$62
AMRI,$19.94,1441056009271,"119,851",75% bearish,of 4 ratings,$24
ALXN,$172.2072,1441056009321,"1,229,584",88% bullish,of 8 ratings,$223
ALDX,$7.2,1441056009346,"4,186",100% bearish,of 1 rating,$14.50
ALXA,$1.18,1441056009414,"4,108",83% bullish,of 6 ratings,$2.125
ALCO,$42.07,1441056009475,"7,068",50% bullish,of 2 ratings,N/A
ALGN,$56.5932,1441056009607,"590,638",100% bearish,of 2 ratings,$73
ALIM,$3.343,1441056009638,"69,988",80% bullish,of 5 ratings,$10
AIQ,$14.32,1441056009799,"11,380",67% bullish,of 3 ratings,N/A
ALLB,$22.96,1441056009829,108,Not yet rated,NULL,N/A
ALGT,$203.26,1441056009860,"116,889",100% bearish,of 2 ratings,$235
ALKS,$59.566,1441056009882,"523,806",67% bullish,of 3 ratings,$75
AFOP,$18.863,1441056009931,"154,373",75% bullish,of 8 ratings,$21
ARLP,$25.58,1441056010086,"164,746",67% bearish,of 3 ratings,$32
AHGP,$35.81,1441056010119,"60,808",67% bullish,of 3 ratings,N/A
AHPI,$1.5,1441056010219,"1,375",50% bullish,of 2 ratings,N/A
AMOT,$19.017,1441056010259,"69,105",100% bearish,of 1 rating,N/A
ALQA,$4.5,1441056010306,"28,699",75% bullish,of 4 ratings,$8.50
ALLT,$5.19,1441056010351,"219,348",75% bullish,of 4 ratings,$6.25
MDRX,$13.767,1441056010532,"1,565,640",60% bullish,of 5 ratings,$16
ALNY,$102.9203,1441056010557,"930,403",67% bullish,of 3 ratings,$148.50
AFAM,$44.297,1441056010689,"49,982",50% bullish,of 2 ratings,$44
ATEC,$0.575,1441056010730,"70,885",100% bullish,of 1 rating,$2
SMCP,NULL,1441056010759,0,Not yet rated,NULL,N/A
AOSL,$7.653,1441056010781,"410,006",67% bullish,of 3 ratings,$9
ALTR,$48.5549,1441056010812,"1,278,852",80% bearish,of 5 ratings,$54
AIMC,$25.01,1441056010976,"72,286",100% bearish,of 2 ratings,$28.50
ASPS,$26.91,1441056011004,"171,347",67% bullish,of 3 ratings,$46.50
AMAG,$62.537,1441056011132,"981,928",100% bullish,of 2 ratings,$77.50
AMRN,$2.21,1441056011162,"902,469",85% bullish,of 39 ratings,$8
AMRK,$10.5,1441056011188,"5,800",50% bullish,of 2 ratings,$14
AYA,$20.83,1441056011264,"11,528",100% bearish,of 1 rating,$40
AMBCW,$7.75,1441056011417,532,100% bearish,of 1 rating,N/A
AMBC,$16.247,1441056011463,"197,649",100% bearish,of 1 rating,$16.50
AMZN,$512.89,1441056011516,"1,720,366",81% bullish,of 264 ratings,$646
AMBA,$95.3,1441056011544,"1,988,905",83% bullish,of 12 ratings,$102.50
EPAX,$2.7,1441056011597,"7,232",100% bearish,of 1 rating,N/A
AMDA,$0.4732,1441056011703,"416,693",90% bullish,of 10 ratings,$1
DOX,$57.21,1441056011731,"286,793",67% bearish,of 3 ratings,$60
AMCX,$72.377,1441056011757,"334,980",67% bullish,of 3 ratings,$87.50
AMED,$38.637,1441056011951,"182,993",100% bearish,of 1 rating,$42
UHAL,$374.556,1441056011981,"20,443",100% bullish,of 2 ratings,$393.50
ASBI,$22.8,1441056012013,992,Not yet rated,NULL,N/A
ATAX,$5.38,1441056012115,"107,183",100% bullish,of 1 rating,$6.50
AMOV,$18.2,1441056012160,901,100% bearish,of 1 rating,N/A
AAL,$38.98,1441056012190,"7,323,662",93% bullish,of 88 ratings,$57
AGNC,$19.1319,1441056012258,"3,266,486",71% bullish,of 28 ratings,$22
AGNCB,$24.18,1441056012286,"24,283",Not yet rated,NULL,N/A
AGNCP,$25.37,1441056012426,"5,320",Not yet rated,NULL,N/A
ACSF,$12.21,1441056012525,"26,542",100% bearish,of 1 rating,$15
MTGEP,$24.12,1441056012552,"2,900",Not yet rated,NULL,N/A
MTGE,$15.267,1441056012580,"477,814",75% bullish,of 4 ratings,$19.50
ACAS,$13.91,1441056012875,"948,047",60% bullish,of 5 ratings,$16.75
ANCI,$1.55,1441056012930,300,100% bearish,of 1 rating,N/A
AMIC,NULL,1441056012956,0,100% bearish,of 1 rating,N/A
AETI,$3.39,1441056012986,"9,700",67% bearish,of 3 ratings,N/A
APEI,$21.927,1441056013088,"109,439",100% bearish,of 1 rating,$25.50
AMNB,$23.63,1441056013117,"18,620",Not yet rated,NULL,$25.50
ANAT,$99.29,1441056013218,"59,428",100% bullish,of 1 rating,N/A
AMSC,$5.45,1441056013350,"298,303",50% bullish,of 4 ratings,N/A
ASEI,$39.307,1441056013376,"23,243",100% bearish,of 1 rating,$52.50
ARII,$41.457,1441056013411,"189,635",67% bearish,of 3 ratings,$45
AMSWA,$9.157,1441056013433,"204,218",100% bearish,of 2 ratings,$10.75
AMRB,$10.1,1441056013467,"61,877",Not yet rated,NULL,$11
AMWD,$66.2845,1441056013505,"96,175",50% bullish,of 2 ratings,$70
CRMT,$35.8,1441056013606,"19,681",100% bearish,of 1 rating,$39
ABCB,$27.267,1441056013757,"110,074",Not yet rated,NULL,$31
AMSF,$46.737,1441056013783,"55,179",Not yet rated,NULL,$57.50
FOLD,$14.377,1441056014012,"1,385,300",56% bullish,of 9 ratings,$21
ASRV,$3.29,1441056014037,"2,525",100% bullish,of 2 ratings,N/A
ASRVP,NULL,1441056014069,0,Not yet rated,NULL,N/A
AMGN,$151.1,1441056014116,"3,087,491",89% bullish,of 19 ratings,$185
ATLO,$23.67,1441056014170,"2,585",Not yet rated,NULL,N/A
AMKR,$5.397,1441056014196,"2,104,267",100% bearish,of 2 ratings,$5
AFSI,$58.147,1441056014221,"289,827",60% bullish,of 5 ratings,$72
ASYS,$5.46,1441056014249,"33,687",67% bullish,of 3 ratings,$12
AMPH,$12.867,1441056014423,"97,731",50% bullish,of 2 ratings,$20
AMSGP,$149.73,1441056014490,700,Not yet rated,NULL,N/A
AMSG,$78.417,1441056014520,"222,625",100% bearish,of 1 rating,$85.50
AMRS,$1.81,1441056014565,"134,858",70% bullish,of 10 ratings,N/A
ANAC,$130.41,1441056014627,"284,356",80% bullish,of 5 ratings,$180.50
ANAD,$0.324,1441056014656,"63,184",100% bullish,of 2 ratings,$.50
ADI,$55.8656,1441056014851,"1,795,390",67% bullish,of 3 ratings,$69
ALOG,$80.58,1441056014879,"66,759",100% bearish,of 2 ratings,$100.50
ANCB,$21.95,1441056014905,586,Not yet rated,NULL,$23
AMCF,$0.205,1441056015038,"165,742",100% bullish,of 7 ratings,N/A
ABCW,$40.907,1441056015066,"14,292",67% bullish,of 3 ratings,N/A
ANGI,$5.293,1441056015091,"558,886",64% bullish,of 11 ratings,$5.50
ANIP,$48.767,1441056015137,"100,404",89% bullish,of 19 ratings,$66
ANGO,$14.757,1441056015236,"121,086",67% bullish,of 3 ratings,$19
ANIK,$35.41,1441056015268,"129,944",60% bullish,of 5 ratings,$51.25
ANSS,$88.5911,1441056015367,"324,631",100% bearish,of 1 rating,$100
ANTH,$6.827,1441056015420,"462,367",80% bullish,of 10 ratings,$13
ATRS,$1.797,1441056015502,"543,599",92% bullish,of 12 ratings,$4.50
ABAC,$0.73,1441056015551,"3,050",100% bearish,of 1 rating,N/A
APIC,$6.52,1441056015633,"45,398",100% bearish,of 1 rating,$19
ATNY,$2.34,1441056015730,"3,762",50% bullish,of 2 ratings,$3.75
APOL,$11.107,1441056015758,"881,822",87% bearish,of 68 ratings,$14
APOG,$52.147,1441056015783,"138,902",50% bullish,of 2 ratings,$67
AINV,$6.51,1441056015959,"1,756,973",50% bullish,of 4 ratings,$8
APPF,$16.01,1441056015987,"44,429",50% bullish,of 2 ratings,$22
ARCI,$1.18,1441056016014,"3,600",Not yet rated,NULL,N/A
AAPL,$112.66,1441056016035,"35,215,612",86% bullish,of 2357 ratings,$150
APDN,$3.57,1441056016170,"76,757",Not yet rated,NULL,$9
APDNW,$1.35,1441056016200,"8,620",Not yet rated,NULL,N/A
AGTC,$16.433,1441056016224,"27,444",50% bullish,of 2 ratings,$33
AMAT,$16.0866,1441056016302,"10,352,675",82% bullish,of 11 ratings,$23
AREX,$2.563,1441056016449,"600,071",100% bearish,of 1 rating,$3
AMCC,$5.847,1441056016477,"321,078",80% bullish,of 5 ratings,$8
AAOI,$20.607,1441056016503,"437,159",50% bullish,of 4 ratings,$26
APRI,$1.71,1441056016533,"1,314,494",83% bullish,of 6 ratings,$4.86
APTO,$5.4,1441056016631,"4,076",Not yet rated,NULL,$17
AQMS,$4.99,1441056016732,"33,045",Not yet rated,NULL,N/A
AQXP,$17.11,1441056016760,"233,624",50% bullish,of 2 ratings,$2
AUMA,NULL,1441056016805,0,Not yet rated,NULL,N/A
AUMAU,NULL,1441056016939,0,Not yet rated,NULL,N/A
ARDM,$6.78,1441056016965,"2,851",100% bullish,of 1 rating,$26
AUMAW,NULL,1441056016991,0,Not yet rated,NULL,N/A
ABIO,$0.9,1441056017227,"113,401",50% bullish,of 2 ratings,$3.75
ABUS,$7.11,1441056017256,"276,280",86% bullish,of 14 ratings,$23
ARCW,$3.64,1441056017277,"6,563",100% bearish,of 2 ratings,$10.50
RKDA,$6.513,1441056017313,"17,524",100% bearish,of 2 ratings,$10
PETX,$17.657,1441056017412,"237,292",100% bearish,of 2 ratings,$26
ACGL,$68.2732,1441056017440,"419,023",50% bullish,of 2 ratings,$72
ARCB,$28.88,1441056017478,"126,142",67% bearish,of 3 ratings,$39.50
ACAT,$26.43,1441056017611,"112,126",100% bearish,of 3 ratings,$33
ARDX,$18.977,1441056017675,"64,411",50% bullish,of 2 ratings,$24.50
ARNA,$2.707,1441056017770,"2,118,594",90% bullish,of 78 ratings,$5.50
ARCC,$15.77,1441056017795,"942,363",67% bearish,of 3 ratings,$17.75
AGII,$55.977,1441056017823,"85,215",Not yet rated,NULL,$59.50
AGIIL,$25.29,1441056017985,"3,124",Not yet rated,NULL,N/A
ARIS,$3.72,1441056018020,"9,645",Not yet rated,NULL,$4.50
ARGS,$6.21,1441056018116,"60,143",50% bullish,of 2 ratings,$19.50
ARIA,$9.35,1441056018146,"8,038,747",87% bullish,of 46 ratings,$9
ARWA,NULL,1441056018278,0,Not yet rated,NULL,N/A
ARMH,$42.16,1441056018311,"1,082,221",54% bearish,of 13 ratings,$60
ARKR,$24.74,1441056018337,"1,027",50% bullish,of 2 ratings,N/A
ARTX,$1.48,1441056018414,"14,321",88% bullish,of 16 ratings,$4.50
ARWAR,NULL,1441056018472,0,Not yet rated,NULL,N/A
ARWAW,NULL,1441056018617,0,Not yet rated,NULL,N/A
ARWAU,NULL,1441056018756,0,100% bullish,of 1 rating,N/A
ARRY,$5.897,1441056018789,"1,451,591",100% bullish,of 7 ratings,$10
ARQL,$1.7,1441056018819,"100,558",75% bullish,of 4 ratings,$5
DWAT,$10.01,1441056018845,10,100% bearish,of 1 rating,N/A
AROW,$27.53,1441056018893,"9,524",Not yet rated,NULL,N/A
ARRS,$26.417,1441056018918,"674,609",50% bullish,of 2 ratings,$38
ARWR,$5.927,1441056019134,"633,488",75% bullish,of 4 ratings,$10.50
ARTNA,$21.987,1441056019234,"8,032",100% bearish,of 1 rating,$29
ASND,$19.14,1441056019267,"21,716",50% bullish,of 2 ratings,$30
ARTW,$4.21,1441056019330,"3,533",75% bearish,of 4 ratings,N/A
ASBB,NULL,1441056019360,0,Not yet rated,NULL,N/A
ASNA,$12.07,1441056019423,"2,001,701",50% bullish,of 2 ratings,$18
ASCMA,$28.08,1441056019598,"49,731",100% bearish,of 1 rating,$45
ASTI,$0.12,1441056019625,"1,404,338",83% bullish,of 6 ratings,$3
APWC,$1.75,1441056019700,"2,170",100% bearish,of 1 rating,N/A
ASML,$91.6375,1441056019758,"385,333",50% bullish,of 4 ratings,$127
ASMI,NULL,1441056019824,0,NULL,NULL,NULL
ASMB,$13.713,1441056019928,"94,694",67% bullish,of 3 ratings,N/A
ASFI,$8.87,1441056019956,"3,500",100% bullish,of 1 rating,N/A
AZPN,$37.867,1441056019977,"329,536",50% bullish,of 2 ratings,$42
ALOT,$13.94,1441056020151,"1,422",100% bearish,of 1 rating,N/A
ASTC,$2.01,1441056020187,"27,807",100% bullish,of 5 ratings,N/A
ATRO,$51.657,1441056020251,"86,181",100% bearish,of 2 ratings,$80
ASUR,$5.75,1441056020285,"10,700",50% bullish,of 2 ratings,$8
ASTE,$39.507,1441056020354,"147,109",100% bearish,of 1 rating,$48
ATAI,$2.38,1441056020382,"4,035",100% bearish,of 1 rating,N/A
ATHN,$132.967,1441056020515,"175,324",67% bearish,of 3 ratings,$153
ATRA,$40.53,1441056020568,"204,815",50% bullish,of 2 ratings,$68
ATHX,$1.13,1441056020697,"103,751",89% bullish,of 9 ratings,$5
AFCB,NULL,1441056020727,0,Not yet rated,NULL,N/A
AAME,$3.51,1441056020831,375,Not yet rated,NULL,N/A
AAPC,NULL,1441056020855,0,Not yet rated,NULL,N/A
ATNI,$71.45,1441056020910,"59,280",100% bearish,of 1 rating,$69.50
AAWW,$41.31,1441056020995,"223,800",50% bullish,of 2 ratings,$65
ATLC,$3.94,1441056021022,"2,015",67% bullish,of 3 ratings,N/A
ACFC,$5.3,1441056021155,"64,347",100% bearish,of 1 rating,$6.50
ATML,$8.1375,1441056021186,"4,342,800",78% bullish,of 9 ratings,$9.50
AFH,$16.133,1441056021285,"30,244",Not yet rated,NULL,$21.50
ATOS,$0.79,1441056021318,"17,768",100% bullish,of 7 ratings,$7
ATRC,$24.457,1441056021363,"98,342",100% bullish,of 1 rating,$30
ATRI,$387,1441056021414,"2,232",Not yet rated,NULL,N/A
ATRM,$2.8599,1441056021462,"1,000",50% bullish,of 2 ratings,N/A
LIFE,$14.477,1441056021620,"17,227",86% bullish,of 7 ratings,$43
ATTU,$13.18,1441056021649,"24,909",100% bearish,of 1 rating,$20.50
AUPH,$3.38,1441056021780,"53,845",100% bearish,of 1 rating,$8
AUBN,$26.96,1441056021831,106,Not yet rated,NULL,N/A
AUDC,$3.38,1441056021868,"46,935",80% bullish,of 5 ratings,$5
EARS,$4.755,1441056021911,"6,141",100% bearish,of 2 ratings,$11
ADAT,$0.33,1441056021936,"203,789",100% bullish,of 2 ratings,N/A
ADSK,$46.7547,1441056021964,"2,761,134",67% bullish,of 6 ratings,$66
ABTL,$17.65,1441056022126,"57,503",100% bullish,of 4 ratings,$20.25
ADP,$77.3123,1441056022158,"1,944,189",100% bearish,of 1 rating,$88
AVGO,$125.9826,1441056022260,"1,819,586",88% bullish,of 8 ratings,$165
AVEO,$1.37,1441056022286,"482,722",75% bullish,of 8 ratings,$3
AVNU,$12.35,1441056022315,"23,060",Not yet rated,NULL,$14
AAVL,$10.457,1441056022366,"184,700",100% bearish,of 1 rating,$20
AVNW,$1.16,1441056022447,"60,937",50% bullish,of 2 ratings,$2.20
AVID,$8.307,1441056022495,"217,082",100% bearish,of 1 rating,$20
AVGR,$14.44,1441056022664,"7,375",100% bearish,of 1 rating,$20
ACLS,$3.257,1441056022704,"509,555",67% bullish,of 6 ratings,$4.75
CAR,$44.01,1441056022730,"973,068",80% bullish,of 5 ratings,$60
AWRE,$3.2,1441056022797,"3,090",67% bullish,of 3 ratings,N/A
AXPW,$2.25,1441056022823,"5,147,697",83% bullish,of 6 ratings,N/A
AXPWW,NULL,1441056022896,0,Not yet rated,NULL,N/A
AXGN,$4.69,1441056022924,"228,896",Not yet rated,NULL,$5
AXTI,$2.19,1441056023102,"32,708",50% bullish,of 2 ratings,$2.75
RILY,$10.15,1441056023124,200,Not yet rated,NULL,N/A
BCOM,NULL,1441056023159,0,100% bearish,of 1 rating,N/A
BOSC,$2.2,1441056023201,"2,480",50% bullish,of 2 ratings,N/A
BEAV,$48.7549,1441056023255,"590,912",67% bearish,of 3 ratings,$59
BIDU,$147.01,1441056023285,"2,100,580",81% bullish,of 88 ratings,$210
BCPC,$58.527,1441056023440,"106,425",100% bearish,of 1 rating,$75
BWINA,$23.31,1441056023466,280,Not yet rated,NULL,N/A
BLDP,$1.34,1441056023600,"182,730",91% bullish,of 22 ratings,$2.50
BWINB,$22.92,1441056023631,"7,250",Not yet rated,NULL,N/A
BANF,$60.467,1441056023764,"15,652",Not yet rated,NULL,$68
BMRC,$47.997,1441056023899,"20,339",Not yet rated,NULL,$52
BOTJ,NULL,1441056024054,0,Not yet rated,NULL,N/A
BKSC,$16.98,1441056024080,"6,667",Not yet rated,NULL,N/A
OZRK,$41.797,1441056024161,"267,228",67% bullish,of 3 ratings,$49.50
BFIN,$12.297,1441056024343,"19,139",Not yet rated,NULL,$13
BANR,$44.407,1441056024607,"74,185",100% bullish,of 3 ratings,$50
BZUN,$5.12,1441056024632,"116,101",50% bullish,of 2 ratings,$11.50
BANFP,NULL,1441056024687,0,Not yet rated,NULL,N/A
TAPR,NULL,1441056024787,0,100% bearish,of 1 rating,N/A
BOCH,$5.76,1441056024894,"2,807",Not yet rated,NULL,$6.50
BHAC,NULL,1441056024919,0,Not yet rated,NULL,N/A
BWFG,$18.09,1441056025097,406,100% bearish,of 1 rating,N/A
BKMU,$7.227,1441056025171,"54,938",Not yet rated,NULL,$8
BHACR,NULL,1441056025393,0,Not yet rated,NULL,N/A
BHACU,NULL,1441056025529,0,Not yet rated,NULL,N/A
BHACW,$0.1399,1441056025555,200,Not yet rated,NULL,N/A
BBSI,$35.647,1441056025576,"56,736",67% bearish,of 3 ratings,$62.50
BYBK,$5.02,1441056025604,"4,993",100% bearish,of 1 rating,N/A
BV,$5.2,1441056025788,"359,503",67% bullish,of 6 ratings,$9
BECN,$36.247,1441056025993,"303,344",50% bullish,of 2 ratings,$40
BDCV,$4.95,1441056026061,"24,536",100% bearish,of 1 rating,$10.19
BSET,$29.02,1441056026198,"66,556",100% bearish,of 1 rating,$35
BYLK,$13,1441056026230,"5,372",Not yet rated,NULL,$14
BSF,$8.653,1441056026326,"5,323",Not yet rated,NULL,N/A
BCBP,$11.4522,1441056026351,"2,000",Not yet rated,NULL,N/A
BBBY,$62.11,1441056026532,"1,526,560",71% bullish,of 7 ratings,$75
BBGI,$4,1441056026554,"5,672",100% bearish,of 1 rating,N/A
BELFA,$15.28,1441056026634,222,100% bearish,of 1 rating,N/A
BELFB,$17.66,1441056026663,"61,189",100% bearish,of 1 rating,N/A
BBCN,$14.547,1441056026693,"192,847",100% bearish,of 1 rating,$16
BEBE,$1.373,1441056026819,"756,081",75% bullish,of 4 ratings,$2.125
BLPH,$5.08,1441056026847,"10,831",100% bearish,of 1 rating,$12.50
BLCM,$17.0588,1441056026922,"269,194",50% bullish,of 4 ratings,$40
BNCL,$12.437,1441056027055,"219,229",100% bullish,of 3 ratings,$12.50
BNFT,$36.677,1441056027107,"111,311",67% bullish,of 3 ratings,$46
BNTC,$7.97,1441056027133,"15,845",100% bullish,of 1 rating,N/A
BGMD,$0.7208,1441056027295,"98,928",100% bullish,of 10 ratings,N/A
BGCP,$8.767,1441056027427,"1,113,158",88% bullish,of 8 ratings,$14
BGFV,$11.497,1441056027453,"167,403",57% bullish,of 7 ratings,$12
ORPN,$5.84,1441056027485,"8,549",100% bullish,of 1 rating,$28.50
BIND,$4.69,1441056027513,"162,547",75% bullish,of 4 ratings,$13.50
BASI,$1.71,1441056027582,"5,450",Not yet rated,NULL,N/A
BCRX,$11.637,1441056027716,"776,079",63% bullish,of 8 ratings,$18
BCDA,NULL,1441056027742,0,Not yet rated,NULL,N/A
BIOC,$2.01,1441056027770,"96,586",83% bullish,of 6 ratings,$3.85
BIOD,$0.662,1441056027908,"23,605",80% bullish,of 5 ratings,$4
BIIB,$297.2,1441056027990,"1,007,337",88% bullish,of 16 ratings,$400
BIOL,$1.5,1441056028015,"23,028",Not yet rated,NULL,N/A
BLRX,$1.53,1441056028172,"96,764",100% bullish,of 12 ratings,$5
BVXV,$3.51,1441056028327,"7,770",Not yet rated,NULL,N/A
BMRN,$129.2529,1441056028355,"655,729",80% bullish,of 5 ratings,$160
BRLI,NULL,1441056028383,0,NULL,NULL,NULL
BDSI,$6.747,1441056028410,"459,772",88% bullish,of 8 ratings,$17
BLFS,$2.75,1441056028436,"6,274,587",100% bearish,of 1 rating,$4.75
BVXVW,$0.75,1441056028486,"6,000",100% bearish,of 1 rating,N/A
BIOS,$2.427,1441056028578,"460,822",71% bullish,of 7 ratings,$4
BPTH,$1.05,1441056028630,"167,802",100% bullish,of 2 ratings,$5
BBC,$31.18,1441056028807,"12,611",Not yet rated,NULL,N/A
BSPM,$0.7,1441056028944,"10,206",50% bullish,of 2 ratings,N/A
BOTA,$2.19,1441056029205,"22,161",88% bullish,of 8 ratings,N/A
BBP,$32.8,1441056029234,"9,093",Not yet rated,NULL,N/A
TECH,$94.477,1441056029262,"132,015",100% bullish,of 1 rating,$117
BEAT,$14.287,1441056029283,"300,004",67% bearish,of 3 ratings,$15
BITI,$17.015,1441056029314,"6,744",100% bullish,of 1 rating,$28
BDMS,NULL,1441056029446,0,100% bearish,of 1 rating,N/A
BJRI,$42.99,1441056029503,"130,074",50% bullish,of 2 ratings,$55
BBOX,$15.397,1441056029674,"80,238",100% bearish,of 1 rating,N/A
BLKB,$57.137,1441056029724,"121,597",100% bearish,of 2 ratings,$66
BBRY,$7.59,1441056029860,"2,782,739",61% bullish,of 330 ratings,$9
BKCC,$9.43,1441056029893,"229,359",50% bullish,of 2 ratings,$10
HAWK,$39.507,1441056029914,"289,950",91% bullish,of 11 ratings,$49
BDE,$7.447,1441056030004,"130,522",50% bullish,of 2 ratings,$9
BSTC,$49.66,1441056030109,"72,843",100% bearish,of 1 rating,$76
ADRA,$27.21,1441056030136,900,100% bearish,of 1 rating,N/A
ADRD,$22.09,1441056030262,"8,470",100% bearish,of 1 rating,N/A
ADRE,$29.93,1441056030289,"8,151",100% bearish,of 1 rating,N/A
BLMN,$20.697,1441056030428,"1,248,018",83% bullish,of 6 ratings,$27.50
BLBD,$11.83,1441056030500,"6,381",Not yet rated,NULL,N/A
BUFF,$25.58,1441056030740,"559,638",83% bullish,of 12 ratings,$31.50
BBLU,$0.768,1441056030768,"83,732",100% bullish,of 2 ratings,$4.43
BHBK,$14.147,1441056030798,"116,639",100% bullish,of 1 rating,$14.50
NILE,$34.06,1441056030824,"98,665",50% bullish,of 2 ratings,$34
BKEP,$6.2,1441056030902,"41,381",100% bearish,of 1 rating,$8.50
BLUE,$133.067,1441056030980,"425,140",71% bullish,of 7 ratings,$217.50
ADRU,$21.67,1441056031011,752,100% bearish,of 1 rating,N/A
BPMC,$27.36,1441056031170,"28,151",50% bullish,of 2 ratings,$47.50
BNCN,$20.657,1441056031314,"228,264",Not yet rated,NULL,$24
BKEPP,NULL,1441056031441,0,100% bearish,of 1 rating,N/A
BOFI,$115.84,1441056031467,"253,787",100% bullish,of 6 ratings,$144
BOBE,$45.19,1441056031494,"304,668",75% bullish,of 4 ratings,$57
BOJA,$20.82,1441056031542,"145,738",100% bullish,of 1 rating,$30
WIFI,$7.547,1441056031712,"153,044",50% bullish,of 2 ratings,$13.50
BOKF,$63.277,1441056031740,"138,949",100% bearish,of 1 rating,$69
BCOR,$13.957,1441056031767,"204,479",57% bullish,of 7 ratings,$15
BONA,$11.59,1441056031797,"72,746",75% bullish,of 4 ratings,$8.50
BNSO,$1.3,1441056031901,282,100% bearish,of 1 rating,N/A
BAMM,$3.2,1441056031933,"27,805",60% bullish,of 5 ratings,N/A
BPFH,$11.897,1441056031989,"217,604",100% bearish,of 1 rating,$14
BPFHP,$24.9,1441056032093,"2,980",100% bearish,of 1 rating,N/A
BPFHW,NULL,1441056032396,0,100% bearish,of 1 rating,N/A
EPAY,$26.737,1441056032424,"131,004",100% bearish,of 2 ratings,$30
BDBD,$8.197,1441056032471,"795,779",60% bullish,of 5 ratings,$10
BCLI,$3.04,1441056032715,"48,743",80% bullish,of 5 ratings,$12
BBRG,$12.747,1441056032748,"97,231",67% bullish,of 3 ratings,$14.50
BDGE,$26.36,1441056032775,"33,995",Not yet rated,NULL,$31.75
BBEP,$2.87,1441056032800,"1,786,398",69% bullish,of 13 ratings,$5.625
BBEPP,$14.785,1441056032846,"27,086",100% bearish,of 1 rating,N/A
BRID,$8.88,1441056032871,2,100% bearish,of 1 rating,N/A
BLIN,$1.35,1441056032935,"1,000",100% bullish,of 2 ratings,$2.20
BCOV,$5.333,1441056033009,"44,948",67% bullish,of 3 ratings,$10.20
BRCM,$51.6752,1441056033112,"2,714,540",75% bullish,of 12 ratings,$56
BVSN,$6.01,1441056033248,"4,981",60% bearish,of 5 ratings,N/A
BSFT,$31.557,1441056033275,"90,712",57% bullish,of 7 ratings,$40.50
BYFC,$1.46,1441056033296,214,50% bullish,of 2 ratings,N/A
BRCD,$10.647,1441056033534,"2,002,127",92% bullish,of 13 ratings,$11.50
BWEN,$3.18,1441056033563,"16,277",75% bullish,of 4 ratings,$8
BRKS,$10.377,1441056033620,"124,412",67% bullish,of 3 ratings,$15.25
BRKL,$10.547,1441056033660,"199,284",100% bearish,of 1 rating,$10.75
BLMT,$20.917,1441056033749,"19,940",Not yet rated,NULL,N/A
BMTC,$29.677,1441056033776,"46,501",Not yet rated,NULL,$34
BRKR,$18.377,1441056033797,"264,220",100% bearish,of 2 ratings,$22
BSQR,$6.07,1441056033932,"53,368",67% bullish,of 3 ratings,N/A
BWLD,$189.68,1441056034002,"129,548",82% bullish,of 11 ratings,$205
BLDR,$14.807,1441056034027,"1,244,275",67% bullish,of 3 ratings,$22
BUR,$1.67,1441056034185,"21,200",100% bearish,of 1 rating,$8
CHRW,$67.4233,1441056034254,"954,635",Not yet rated,NULL,$72
CFFI,$36.49,1441056034288,197,100% bearish,of 1 rating,N/A
CCMP,$43.38,1441056034480,"111,471",50% bullish,of 2 ratings,$59
CA,$27.2873,1441056034511,"1,670,425",50% bullish,of 4 ratings,$33
CDNS,$20.017,1441056034583,"854,369",75% bullish,of 4 ratings,$22.50
CSTE,$42.44,1441056034612,"144,986",50% bullish,of 2 ratings,$65
CACQ,$7.117,1441056034646,"70,257",100% bearish,of 1 rating,$12.25
CZR,$9.55,1441056034746,"669,101",60% bearish,of 5 ratings,$10.50
CDZI,$8.03,1441056034773,"54,944",100% bearish,of 1 rating,N/A
CLBS,$1.54,1441056034932,"119,353",79% bullish,of 14 ratings,$4
CLMS,$10.557,1441056034959,"85,204",Not yet rated,NULL,$10.50
PRSS,$4.25,1441056034991,"38,646",80% bullish,of 5 ratings,$4.50
CHY,$11.37,1441056035095,"192,530",Not yet rated,NULL,N/A
CHI,$10.61,1441056035122,"173,905",100% bearish,of 1 rating,N/A
CCD,$19.25,1441056035170,"92,654",Not yet rated,NULL,N/A
CGO,$12.32,1441056035397,"15,063",100% bearish,of 1 rating,N/A
CHW,$7.49,1441056035422,"238,628",100% bearish,of 1 rating,N/A
CSQ,$9.95,1441056035489,"258,449",Not yet rated,NULL,N/A
CAMP,$16.617,1441056035515,"296,012",88% bullish,of 8 ratings,$25
CFNB,$13.8,1441056035696,3,100% bearish,of 1 rating,N/A
CVGW,$58.25,1441056035757,"120,024",50% bullish,of 2 ratings,$62
CALA,$5.833,1441056035828,"356,960",100% bullish,of 3 ratings,$19.50
CFGE,$10.5301,1441056035853,755,Not yet rated,NULL,N/A
CALD,$15.767,1441056035885,"326,555",100% bearish,of 1 rating,$21
CALM,$53.117,1441056035911,"647,960",80% bullish,of 5 ratings,$65
CLMT,$25.91,1441056036049,"136,461",75% bullish,of 8 ratings,$31
ABCD,$5.213,1441056036075,"193,110",83% bullish,of 6 ratings,N/A
CAMB,NULL,1441056036117,0,Not yet rated,NULL,N/A
CAMBW,NULL,1441056036281,0,Not yet rated,NULL,N/A
CAC,$40.01,1441056036321,"7,155",Not yet rated,NULL,N/A
CAMBU,NULL,1441056036385,0,100% bearish,of 1 rating,N/A
CGIX,$9.61,1441056036554,"10,902",67% bullish,of 3 ratings,$14.375
CSIQ,$18.71,1441056036656,"1,121,572",86% bullish,of 28 ratings,$42.50
CAMT,$2.68,1441056036678,"23,809",73% bullish,of 11 ratings,$4
CPHC,$10.38,1441056036709,"1,000",100% bearish,of 1 rating,N/A
CPLA,$48.75,1441056036747,"114,430",67% bearish,of 3 ratings,$65
CBNJ,$11.1,1441056036777,"18,922",100% bearish,of 1 rating,N/A
CBF,$30.767,1441056036932,"162,128",Not yet rated,NULL,$32
CPLP,$7.08,1441056037162,"333,372",71% bullish,of 7 ratings,$11
CPTA,$13.7,1441056037192,"31,266",100% bearish,of 1 rating,$18.50
CSWC,$45.34,1441056037222,"12,142",Not yet rated,NULL,N/A
CFFN,$12.047,1441056037244,"604,367",Not yet rated,NULL,$12.75
CCBG,$14.943,1441056037294,"7,832",Not yet rated,NULL,$17.25
CAPN,$2.32,1441056037319,"123,430",100% bullish,of 1 rating,$10.85
CAPNW,$0.6898,1441056037385,100,Not yet rated,NULL,N/A
CPST,$0.402,1441056037580,"821,779",95% bullish,of 22 ratings,$1.25
CAPR,$4.76,1441056037605,"12,643",Not yet rated,NULL,$12
CARB,$11.007,1441056037634,"101,230",75% bullish,of 4 ratings,$12
CARA,$18.957,1441056037679,"698,246",50% bullish,of 4 ratings,$25
CFNL,$22.307,1441056037770,"66,909",Not yet rated,NULL,$24
CRDC,$0.34,1441056037795,"93,127",100% bullish,of 1 rating,$1.25
CBYL,$5.433,1441056037823,"12,146",100% bearish,of 1 rating,$20
CRME,$8.9,1441056037849,"15,002",89% bullish,of 9 ratings,$11.25
CSII,$24.077,1441056038059,"147,162",100% bearish,of 2 ratings,$42.125
CATM,$34.5,1441056038140,"259,095",100% bearish,of 1 rating,$44
CDNA,$6.92,1441056038192,"3,100",100% bearish,of 1 rating,$9
CKEC,$23.85,1441056038241,"151,273",50% bullish,of 2 ratings,$35.915
CECO,$3.707,1441056038323,"434,472",67% bearish,of 3 ratings,$6
CARO,$15.5,1441056038355,"1,607",100% bearish,of 1 rating,$19
CLBH,$12.7,1441056038376,508,Not yet rated,NULL,$16.50
CTRE,$11.207,1441056038454,"3,010,411",50% bullish,of 2 ratings,$13.50
TAST,$12.647,1441056038594,"289,942",Not yet rated,NULL,$14.25
CRTN,$2.51,1441056038700,"3,520",100% bearish,of 1 rating,N/A
CRZO,$36.427,1441056038727,"1,127,112",67% bearish,of 3 ratings,$54.50
CARV,$6.45,1441056038756,"34,853",50% bullish,of 2 ratings,N/A
CART,$5.35,1441056038785,"2,300",100% bearish,of 1 rating,N/A
CASM,$1.17,1441056038884,"17,337",100% bullish,of 1 rating,$3.50
CACB,$5.407,1441056038984,"58,663",Not yet rated,NULL,$5.50
CSCD,$15.423,1441056039014,"62,634",100% bullish,of 2 ratings,$17
CASI,$1.39,1441056039247,"8,304",100% bullish,of 1 rating,$3.50
CWST,$6.157,1441056039298,"56,669",50% bullish,of 2 ratings,$7.25
CASY,$105.86,1441056039452,"141,794",50% bullish,of 2 ratings,$99.50
CASS,$48.2,1441056039552,"15,301",100% bearish,of 1 rating,N/A
CPRX,$3.627,1441056039608,"348,077",71% bullish,of 7 ratings,$7
CATB,$11.39,1441056039660,"11,973",100% bearish,of 1 rating,$28
CATY,$29.627,1441056039688,"349,912",100% bearish,of 1 rating,$33.50
CATYW,NULL,1441056039738,0,100% bearish,of 1 rating,N/A
CVCO,$71.55,1441056039896,"12,932",100% bearish,of 1 rating,N/A
CAVM,$68.017,1441056039927,"300,049",67% bearish,of 3 ratings,$72
CBFV,$20.46,1441056039948,986,Not yet rated,NULL,$25
CNLM,NULL,1441056039982,0,Not yet rated,NULL,N/A
CNLMR,NULL,1441056040080,0,Not yet rated,NULL,N/A
CNLMW,NULL,1441056040162,0,Not yet rated,NULL,N/A
CNLMU,NULL,1441056040187,0,100% bullish,of 1 rating,N/A
CBOE,$63.257,1441056040254,"310,446",Not yet rated,NULL,$60
CDK,$49.535,1441056040399,"420,800",67% bearish,of 3 ratings,$50
CDW,$39.747,1441056040532,"1,197,254",75% bullish,of 4 ratings,$44
CELGZ,$1.66,1441056040578,"32,775",80% bullish,of 5 ratings,N/A
CELG,$117.65,1441056040609,"5,186,225",92% bullish,of 13 ratings,$155.50
CLDN,$1.12,1441056040631,"64,399",71% bullish,of 7 ratings,$3
CECE,$9.683,1441056040664,"88,301",50% bullish,of 2 ratings,$16
CLDX,$14.837,1441056040692,"854,052",89% bullish,of 9 ratings,$36
CPXX,$2.18,1441056040717,"90,378",100% bullish,of 2 ratings,$7
CLRB,$3.07,1441056040882,585,100% bearish,of 1 rating,N/A
CLLS,$33.6438,1441056040948,"84,041",75% bullish,of 4 ratings,$51.50
CLRBW,$0.8926,1441056041011,101,Not yet rated,NULL,N/A
CBMG,$23.21,1441056041049,"50,874",50% bullish,of 2 ratings,N/A
CLSN,$2.08,1441056041198,"46,136",80% bullish,of 10 ratings,$7.50
CLTX,$2.5,1441056041287,"422,463",100% bullish,of 2 ratings,N/A
CYAD,$48.79,1441056041314,250,100% bullish,of 1 rating,$87.50
CEMP,$34.23,1441056041343,"508,511",71% bullish,of 7 ratings,$52
CFBK,NULL,1441056041446,0,Not yet rated,NULL,N/A
CETX,$2.29,1441056041472,"11,052",Not yet rated,NULL,$5.60
CSFL,$13.817,1441056041529,"99,837",Not yet rated,NULL,$15
CETV,$2.197,1441056041555,"113,920",67% bullish,of 3 ratings,$2.80
CENT,$12.26,1441056041603,"92,820",Not yet rated,NULL,$10
CVCY,$11.55,1441056041839,"1,244",Not yet rated,NULL,$12
CENTA,$12.647,1441056041865,"360,431",Not yet rated,NULL,N/A
CNBKA,$41.687,1441056041996,888,50% bullish,of 2 ratings,N/A
CENX,$5.6,1441056042027,"1,477,960",67% bullish,of 6 ratings,$9
CNTY,$5.82,1441056042129,"33,640",80% bullish,of 5 ratings,$7.75
CERE,$1.18,1441056042156,"200,319",88% bullish,of 8 ratings,N/A
CRNT,$1.47,1441056042182,"192,630",50% bullish,of 2 ratings,$2
CERU,$4.03,1441056042235,"75,594",75% bullish,of 4 ratings,$14
CPHD,$48.737,1441056042310,"325,170",67% bearish,of 3 ratings,$66.50
KOOL,$0.71,1441056042379,"9,681",100% bullish,of 5 ratings,$7
CERS,$4.957,1441056042409,"465,179",75% bullish,of 4 ratings,$7
CERN,$61.7662,1441056042436,"1,777,730",67% bullish,of 3 ratings,$79
HOTR,$1.51,1441056042574,"83,337",100% bullish,of 2 ratings,$5
CEVA,$19.247,1441056042676,"48,646",100% bearish,of 1 rating,$25
CYOU,$20.99,1441056042708,"218,087",50% bullish,of 6 ratings,$24
HOTRW,NULL,1441056042735,0,Not yet rated,NULL,N/A
GTLS,$25.557,1441056042926,"251,126",50% bullish,of 4 ratings,$40
CTHR,$1.34,1441056042959,"6,356",50% bullish,of 2 ratings,$2.50
CHTR,$181.6282,1441056043058,"749,695",100% bearish,of 2 ratings,$202
CHFN,$12.547,1441056043087,"42,776",Not yet rated,NULL,$14
CHKP,$78.01,1441056043114,"849,932",50% bullish,of 4 ratings,$92
CHEK,$2.25,1441056043144,540,Not yet rated,NULL,$7.75
CHEKW,NULL,1441056043173,0,Not yet rated,NULL,N/A
CHFC,$31.937,1441056043199,"58,192",100% bearish,of 1 rating,$36
CEMI,$4.06,1441056043350,"12,174",50% bullish,of 2 ratings,$7.50
CHMG,$26.5,1441056043379,300,Not yet rated,NULL,$30
CHKE,$25.64,1441056043445,"29,330",100% bearish,of 1 rating,$32.50
CCXI,$6.577,1441056043476,"114,251",67% bullish,of 3 ratings,$14
CHEV,$14.49,1441056043652,244,Not yet rated,NULL,N/A
PLCE,$59.917,1441056043721,"123,188",100% bearish,of 1 rating,$69
CHMA,$25.96,1441056043851,"46,009",Not yet rated,NULL,$40
CALI,$0.885,1441056043889,800,67% bullish,of 3 ratings,N/A
CBNK,$16.3,1441056043935,"23,488",100% bearish,of 1 rating,N/A
CMRX,$48.937,1441056043962,"216,978",50% bullish,of 2 ratings,$57
CADC,$2.62,1441056043989,"3,302",78% bullish,of 9 ratings,N/A
CAAS,$6.25,1441056044019,"21,058",93% bullish,of 14 ratings,$11.50
CBPO,$94.84,1441056044123,"123,741",75% bullish,of 8 ratings,$140.50
CBAK,$1.99,1441056044217,"14,571",67% bullish,of 9 ratings,N/A
CCCR,$0.65,1441056044243,"44,875",67% bearish,of 3 ratings,N/A
CCCL,$0.75,1441056044268,"6,000",100% bullish,of 6 ratings,N/A
CHOP,$1.16,1441056044401,"5,974",50% bullish,of 2 ratings,N/A
JRJC,$3.71,1441056044428,"45,715",82% bullish,of 11 ratings,N/A
CHLN,$2.03,1441056044633,"4,180",67% bullish,of 3 ratings,N/A
CNIT,$1.3,1441056044664,"151,817",67% bullish,of 6 ratings,N/A
HTHT,$25.65,1441056044691,"170,650",50% bullish,of 2 ratings,$28.40
HGSH,$1.9,1441056044717,"3,812",67% bullish,of 3 ratings,N/A
CJJD,$1.84,1441056044744,"1,865",100% bullish,of 1 rating,N/A
CHNR,$1.66,1441056044776,"8,981",100% bearish,of 1 rating,N/A
CREG,$0.68,1441056044874,"41,387",100% bullish,of 3 ratings,N/A
CPGI,$6.96,1441056044903,"1,271",Not yet rated,NULL,N/A
CNTF,$0.84,1441056045118,"52,700",Not yet rated,NULL,N/A
CXDC,$5.78,1441056045146,"32,708",67% bearish,of 3 ratings,N/A
CSUN,$1.44,1441056045175,"9,859",80% bullish,of 5 ratings,N/A
CNYD,$3.2,1441056045282,"3,830",67% bullish,of 3 ratings,N/A
CCIH,$7.13,1441056045328,"100,200",67% bullish,of 6 ratings,$12.65
CNET,$0.9,1441056045353,"54,862",50% bullish,of 2 ratings,N/A
IMOS,$18.59,1441056045426,"184,340",60% bullish,of 5 ratings,$21.50
CHSCL,$27.28,1441056045596,"22,781",Not yet rated,NULL,N/A
CHSCM,$26.34,1441056045647,"22,568",Not yet rated,NULL,N/A
CHSCN,$27.13,1441056045679,"27,495",Not yet rated,NULL,N/A
CHSCO,$28.39,1441056045750,"7,944",Not yet rated,NULL,N/A
CHSCP,$30.76,1441056045780,"5,714",Not yet rated,NULL,N/A
CHUY,$30.637,1441056045807,"171,761",50% bullish,of 2 ratings,$34
CHDN,$132.87,1441056045876,"57,123",Not yet rated,NULL,$165
CDTX,$14.23,1441056046120,"20,933",Not yet rated,NULL,$22
CIFC,$7.043,1441056046147,"1,919",100% bearish,of 1 rating,N/A
CMPR,$69.977,1441056046279,"294,338",50% bullish,of 2 ratings,$72.50
CMCT,$15.1,1441056046306,921,100% bearish,of 1 rating,N/A
CINF,$52.3352,1441056046331,"627,792",50% bullish,of 4 ratings,$50.50
CIDM,$0.565,1441056046362,"140,643",50% bullish,of 2 ratings,$2.10
CPHR,$5.43,1441056046455,"25,050",100% bearish,of 1 rating,$17
CTAS,$84.9815,1441056046506,"459,144",100% bearish,of 1 rating,$91
CSCO,$25.8774,1441056046593,"26,955,635",84% bullish,of 209 ratings,$32
CRUS,$30.157,1441056046636,"677,001",75% bullish,of 12 ratings,$44.50
CZNC,$19.983,1441056046709,"11,423",Not yet rated,NULL,N/A
CTRN,$26.407,1441056046739,"47,635",100% bearish,of 1 rating,$31.50
CZFC,$12.68,1441056046766,850,Not yet rated,NULL,N/A
CZWI,$9.1,1441056046810,502,Not yet rated,NULL,N/A
CIZN,$19.62,1441056047146,626,Not yet rated,NULL,N/A
CTXS,$68.1168,1441056047220,"1,931,823",86% bullish,of 7 ratings,$80
CHCO,$47.62,1441056047287,"34,486",Not yet rated,NULL,$46
CIVBP,NULL,1441056047311,0,Not yet rated,NULL,N/A
CIVB,$9.96,1441056047337,715,Not yet rated,NULL,$11
CLNE,$5.317,1441056047468,"869,656",80% bullish,of 15 ratings,$9
CLNT,$1.44,1441056047493,"11,439",75% bullish,of 8 ratings,N/A
CDTI,$1.66,1441056047519,"27,948",75% bullish,of 4 ratings,$3.20
CBLI,$4.06,1441056047682,"27,819",60% bullish,of 5 ratings,N/A
CLFD,$16.993,1441056047709,"34,037",67% bullish,of 3 ratings,$18
CSBK,$13.787,1441056047894,"32,500",Not yet rated,NULL,N/A
CLIR,$4.96,1441056047926,"24,813",100% bullish,of 3 ratings,N/A
CLRO,$11.47,1441056047954,"8,251",50% bullish,of 2 ratings,$14.25
CMFN,$11.56,1441056048030,"24,495",100% bearish,of 1 rating,$15.50
CME,$94.4494,1441056048089,"2,009,099",67% bullish,of 3 ratings,$102
CLVS,$77.857,1441056048117,"372,778",60% bullish,of 5 ratings,$101.50
CCNE,$17.053,1441056048272,"17,341",50% bullish,of 2 ratings,$21.50
CNV,$4.48,1441056048357,"7,938",50% bullish,of 2 ratings,$7.15
CWAY,$11.08,1441056048399,"2,400",Not yet rated,NULL,N/A
CISG,$7.63,1441056048453,"61,903",100% bullish,of 5 ratings,$10
COKE,$154.23,1441056048483,"25,572",79% bullish,of 19 ratings,N/A
COBZ,$12.877,1441056048511,"43,146",100% bullish,of 1 rating,$14
JVA,$4.68,1441056048802,"7,595",83% bullish,of 6 ratings,$7
CDXS,$3.73,1441056048835,"13,282",64% bullish,of 11 ratings,$6
CDRB,$14.14,1441056048861,"4,720",67% bullish,of 3 ratings,N/A
CVLY,$20.97,1441056048904,221,Not yet rated,NULL,N/A
CGNT,$1.58,1441056048929,"6,381",100% bullish,of 2 ratings,$2
CCOI,$27.767,1441056049002,"312,344",50% bullish,of 4 ratings,$35
CGNX,$35.557,1441056049060,"292,828",50% bullish,of 2 ratings,$47
CTSH,$62.9463,1441056049159,"2,844,631",90% bullish,of 10 ratings,$75
COHR,$58.297,1441056049291,"66,943",50% bullish,of 2 ratings,$72
CHRS,$27.597,1441056049321,"144,975",67% bearish,of 3 ratings,$37
CLRX,$0.5418,1441056049354,"51,241",50% bullish,of 2 ratings,N/A
COHU,$9.697,1441056049375,"91,283",100% bearish,of 1 rating,$14.25
CLCT,$18.67,1441056049453,"12,976",100% bearish,of 1 rating,N/A
CIGI,$43.67,1441056049616,"32,295",100% bearish,of 1 rating,$52
COLL,$15.12,1441056049643,"31,389",100% bearish,of 1 rating,$26
CBAN,$8.83,1441056049783,"1,318",Not yet rated,NULL,N/A
CLCD,$6.55,1441056049808,"22,449",100% bearish,of 1 rating,$20.50
COLB,$30.307,1441056049833,"175,471",Not yet rated,NULL,$36
COLM,$61.367,1441056050009,"138,207",100% bearish,of 1 rating,$71
CBMX,$1.1,1441056050035,"6,490",83% bullish,of 6 ratings,$3.15
CMCO,$19.007,1441056050071,"38,388",60% bullish,of 5 ratings,$28
CMCSA,$56.3244,1441056050100,"6,876,023",66% bullish,of 35 ratings,$69.50
CMCSK,$57.2457,1441056050166,"2,927,729",Not yet rated,NULL,$84
CBSH,$44.807,1441056050194,"318,088",50% bullish,of 2 ratings,$46
CBSHP,$25.52,1441056050226,"2,399",100% bearish,of 1 rating,N/A
CUBN,$13.5,1441056050251,"1,350",Not yet rated,NULL,N/A
COMM,$32.347,1441056050434,"1,242,499",67% bearish,of 3 ratings,$35
CVGI,$5.123,1441056050464,"74,217",50% bullish,of 2 ratings,$6
CSAL,$20.098,1441056050566,"725,270",75% bullish,of 4 ratings,$30
JCS,$8.88,1441056050714,"6,710",67% bullish,of 3 ratings,N/A
CWBC,$6.72,1441056050770,"2,616",Not yet rated,NULL,N/A
ESXB,$5.05,1441056050799,"12,117",Not yet rated,NULL,N/A
CYHHZ,$0.01,1441056050824,817,100% bullish,of 1 rating,N/A
COB,$10.533,1441056050853,"11,026",100% bullish,of 1 rating,$11.75
CTBI,$35.1,1441056050899,"17,354",Not yet rated,NULL,$36
CVLT,$35.837,1441056051033,"318,379",75% bullish,of 4 ratings,$44.50
CIL,$33.63,1441056051089,900,Not yet rated,NULL,N/A
CID,$33.58,1441056051134,350,Not yet rated,NULL,N/A
CIZ,$33.29,1441056051234,"3,062",100% bearish,of 1 rating,N/A
CDC,$34.64,1441056051262,"5,801",Not yet rated,NULL,N/A
CSA,$33.04,1441056051298,855,Not yet rated,NULL,N/A
CSF,$36.7689,1441056051325,"1,348",100% bearish,of 1 rating,N/A
CFO,$35.54,1441056051535,"31,512",100% bearish,of 1 rating,N/A
CFA,$35.5603,1441056051569,"2,300",100% bearish,of 1 rating,N/A
CDL,$33.5,1441056051598,110,Not yet rated,NULL,N/A
CSB,$33.09,1441056051700,400,Not yet rated,NULL,N/A
CPSI,$46.02,1441056051775,"54,710",100% bearish,of 1 rating,$45.50
CTG,$6.71,1441056051802,"28,070",100% bearish,of 1 rating,$8.50
CGEN,$4.92,1441056051854,"104,753",50% bullish,of 2 ratings,$11
CHCI,$0.66,1441056051932,"8,173",50% bullish,of 2 ratings,N/A
SCOR,$52.207,1441056051963,"250,529",100% bearish,of 1 rating,$66
CNSI,$18.837,1441056052067,"189,491",100% bearish,of 2 ratings,$29
CMTL,$26.677,1441056052135,"79,845",100% bearish,of 2 ratings,$37
CNAT,$3.93,1441056052196,"37,099",83% bullish,of 6 ratings,$13
CNCE,$15.577,1441056052279,"90,150",75% bullish,of 4 ratings,$22
CDOR,$1.36,1441056052349,400,100% bullish,of 1 rating,N/A
CCUR,$5.38,1441056052411,"32,377",75% bullish,of 4 ratings,N/A
CXRX,$77.0203,1441056052436,"20,623",100% bearish,of 1 rating,$90
CDORO,NULL,1441056052461,0,100% bearish,of 1 rating,N/A
CFMS,$16,1441056052619,"1,363,274",100% bearish,of 1 rating,$27
CDORP,$7,1441056052660,700,100% bearish,of 1 rating,N/A
CNFR,$9.96,1441056052690,"4,307",Not yet rated,NULL,N/A
CNMD,$53.057,1441056052760,"94,940",Not yet rated,NULL,$59
CNOB,$19.147,1441056052831,"66,516",100% bullish,of 1 rating,$23.50
CTWS,$34.75,1441056052861,"24,344",100% bearish,of 1 rating,$44
CNXR,$7.14,1441056052989,"60,653",100% bearish,of 1 rating,$12
CONN,$29.847,1441056053014,"362,367",67% bullish,of 3 ratings,$48.50
CNSL,$19.507,1441056053154,"154,239",100% bearish,of 1 rating,$23
CWCO,$10.627,1441056053180,"96,663",67% bullish,of 3 ratings,$14.50
CTCT,$24.757,1441056053208,"154,461",67% bullish,of 3 ratings,$37
CPSS,$5.73,1441056053234,"22,883",100% bullish,of 1 rating,$10
CFRXW,$1.9,1441056053474,"1,700",100% bearish,of 1 rating,N/A
CFRX,$4.91,1441056053511,"18,303",Not yet rated,NULL,$14
CFRXZ,$0.6,1441056053754,"1,598",Not yet rated,NULL,N/A
CTRV,$3.6,1441056053818,"33,750",Not yet rated,NULL,$6.40
CORT,$4.997,1441056053923,"268,694",67% bullish,of 3 ratings,$12
CTRL,$8.973,1441056053948,"72,096",50% bullish,of 2 ratings,$11
CRBP,$1.91,1441056053976,"143,741",100% bullish,of 2 ratings,$6.25
CPRT,$35.017,1441056053997,"402,998",67% bearish,of 3 ratings,$40
BVA,$3.84,1441056054163,"13,336",50% bullish,of 2 ratings,N/A
CRVL,$30.03,1441056054221,"42,409",100% bearish,of 1 rating,N/A
CORI,$10.0078,1441056054308,"402,858",100% bearish,of 1 rating,$18
COST,$140.036,1441056054371,"2,223,212",79% bullish,of 24 ratings,$154.50
COSI,$1.19,1441056054401,"251,695",100% bullish,of 1 rating,N/A
CORE,$60.107,1441056054422,"105,430",100% bearish,of 1 rating,$72
CSGP,$177.04,1441056054457,"122,256",50% bullish,of 2 ratings,$235
CSOD,$35.737,1441056054479,"348,564",50% bullish,of 2 ratings,$42
CPAH,$0.47,1441056054618,"2,800",50% bullish,of 2 ratings,N/A
ICBK,$18.58,1441056054665,903,Not yet rated,NULL,$21
CVTI,$23.59,1441056054849,"63,707",67% bearish,of 3 ratings,$39
COVS,$2.7,1441056054954,"86,788",67% bullish,of 3 ratings,N/A
CPSH,$2.41,1441056055087,400,Not yet rated,NULL,N/A
CRAI,$22.72,1441056055116,"28,871",100% bearish,of 1 rating,$36
COWNL,$25.85,1441056055146,"12,410",Not yet rated,NULL,N/A
CBRL,$144.1512,1441056055174,"220,710",50% bullish,of 2 ratings,$155
COWN,$5.287,1441056055202,"682,411",75% bullish,of 4 ratings,$7
BREW,$8.173,1441056055230,"18,195",67% bullish,of 6 ratings,$15
CACC,$203.814,1441056055257,"89,922",50% bullish,of 2 ratings,$158.50
CRAY,$21.187,1441056055391,"149,425",83% bullish,of 6 ratings,$38.50
CREE,$27.217,1441056055494,"699,723",65% bullish,of 17 ratings,$29.50
GLDI,$11,1441056055527,"7,987",100% bearish,of 1 rating,N/A
SLVO,$9.99,1441056055548,"1,671",100% bearish,of 1 rating,N/A
CRESY,$10.46,1441056055627,"14,857",100% bearish,of 1 rating,$19
CRTO,$39.24,1441056055819,"427,725",67% bullish,of 6 ratings,$64
CROX,$14.73,1441056055864,"732,987",63% bullish,of 8 ratings,$16.50
CCRN,$13.887,1441056055910,"243,630",100% bearish,of 1 rating,$14.25
CRWS,$8.08,1441056055999,"1,392",Not yet rated,NULL,$10
CRDS,$1.01,1441056056037,"16,739",75% bullish,of 4 ratings,$4.50
CRWN,$5.347,1441056056094,"538,051",75% bullish,of 4 ratings,N/A
CYRX,$2.81,1441056056127,"19,739",Not yet rated,NULL,$9
CYRXW,$0.77,1441056056157,"19,101",Not yet rated,NULL,N/A
CCLP,$15.33,1441056056369,"51,874",67% bearish,of 3 ratings,$20
CSGS,$30.907,1441056056410,"177,948",Not yet rated,NULL,$40
CSPI,$5.7,1441056056465,100,67% bullish,of 3 ratings,N/A
CTCM,$1.83,1441056056516,"72,700",80% bearish,of 5 ratings,$3.90
CTIC,$1.577,1441056056623,"377,176",84% bullish,of 76 ratings,$5.75
CTRP,$66.45,1441056056730,"1,117,345",75% bullish,of 8 ratings,$92.50
CTIB,$3.699,1441056056758,100,100% bearish,of 1 rating,N/A
CMLS,$1.427,1441056056906,"464,082",50% bullish,of 4 ratings,$6
CUNB,$21.567,1441056056940,"40,364",Not yet rated,NULL,$24.50
CPIX,$6.02,1441056056961,"4,063",Not yet rated,NULL,N/A
CRIS,$2.617,1441056056993,"362,733",100% bullish,of 8 ratings,$6
CUI,$5.19,1441056057041,"23,990",50% bullish,of 2 ratings,$10
CVBF,$16.247,1441056057126,"298,106",Not yet rated,NULL,$18
CUTR,$14.633,1441056057187,"658,280",67% bearish,of 3 ratings,$18
CVV,$11.01,1441056057318,"6,548",100% bullish,of 5 ratings,N/A
CYBX,$65.34,1441056057469,"157,174",50% bullish,of 4 ratings,$71.50
CYAN,$6.99,1441056057498,"7,240",100% bearish,of 1 rating,N/A
CYBR,$50.56,1441056057577,"465,018",75% bullish,of 8 ratings,$66
CYCCP,NULL,1441056057603,0,100% bearish,of 1 rating,N/A
CYCC,$0.56,1441056057640,"58,852",73% bullish,of 11 ratings,N/A
CBAY,$2.65,1441056057666,"54,792",100% bullish,of 1 rating,$4
CYBE,$6.8,1441056057693,"14,315",100% bearish,of 1 rating,N/A
CYNA,$15.88,1441056057821,"32,579",50% bullish,of 2 ratings,$31.50
CY,$9.997,1441056057884,"4,810,063",80% bullish,of 10 ratings,$15.50
CYNO,$31.637,1441056057954,"112,462",67% bearish,of 3 ratings,$45.50
CYRN,$1.72,1441056058014,"17,666",67% bullish,of 3 ratings,$4
CYTK,$6.917,1441056058081,"136,740",71% bullish,of 14 ratings,$13.50
CONE,$31.657,1441056058147,"571,848",67% bearish,of 3 ratings,$35.50
CYTX,$0.3672,1441056058179,"2,406,750",83% bullish,of 12 ratings,$5.50
CTSO,$6.9,1441056058314,"36,181",Not yet rated,NULL,$15.625
DAEG,$0.37,1441056058450,700,100% bearish,of 1 rating,N/A
TVIX,$15.09,1441056058476,"11,887,241",81% bullish,of 16 ratings,N/A
CYTR,$2.457,1441056058507,"308,165",67% bullish,of 6 ratings,$10
TVIZ,$20.78,1441056058532,"3,600",100% bearish,of 1 rating,N/A
XIV,$25.26,1441056058607,"14,421,950",75% bearish,of 4 ratings,N/A
ZIV,$38.4,1441056058685,"99,986",Not yet rated,NULL,N/A
DJCO,$194.96,1441056058759,"1,124",Not yet rated,NULL,N/A
DAKT,$8.687,1441056058784,"153,842",50% bullish,of 2 ratings,$12
DARA,$0.89,1441056058927,"37,064",83% bullish,of 6 ratings,$1.50
DAIO,$2.69,1441056058986,"1,612",Not yet rated,NULL,N/A
DRAM,$1.38,1441056059059,"41,466",78% bullish,of 9 ratings,N/A
DTLK,$5.803,1441056059130,"44,284",100% bearish,of 1 rating,$9
DWCH,$5.2,1441056059162,"32,417",75% bullish,of 4 ratings,$8.25
DTEA,$13.72,1441056059188,"63,010",100% bearish,of 2 ratings,$24
PLAY,$34.437,1441056059263,"260,647",100% bullish,of 5 ratings,$42
DWSN,$4.63,1441056059325,"13,221",67% bullish,of 3 ratings,N/A
DBVT,$40.7297,1441056059431,"143,116",100% bearish,of 1 rating,$53
TRAK,$62.76,1441056059486,"302,851",50% bullish,of 2 ratings,$62.50
DHRM,$1.56,1441056059563,"9,033",Not yet rated,NULL,N/A
TACO,$12.69,1441056059588,"168,597",75% bullish,of 4 ratings,$20
DFRG,$14.84,1441056059612,"125,103",100% bearish,of 1 rating,$20
DCTH,$0.445,1441056059779,"53,084",78% bullish,of 9 ratings,N/A
TACOW,$3.76,1441056059947,"8,462",100% bullish,of 1 rating,N/A
DELT,$2.4,1441056060402,"1,200",Not yet rated,NULL,N/A
DGAS,$20.41,1441056060431,"6,147",67% bearish,of 3 ratings,N/A
DELTW,NULL,1441056060527,0,Not yet rated,NULL,N/A
DEPO,$26.927,1441056060585,"641,673",60% bullish,of 5 ratings,$29
DENN,$11.227,1441056060628,"300,542",100% bullish,of 3 ratings,$15
XRAY,$52.4048,1441056060661,"452,495",100% bullish,of 1 rating,$58
DERM,$25.697,1441056060686,"553,093",100% bearish,of 1 rating,$33.50
DEST,$11.35,1441056060711,"44,304",50% bullish,of 2 ratings,N/A
DXLG,$6.053,1441056061374,"406,326",100% bearish,of 1 rating,$8
DXM,$0.26,1441056061404,"104,126",50% bullish,of 2 ratings,N/A
DXCM,$94.1287,1441056061435,"530,260",57% bullish,of 7 ratings,$98
DHXM,NULL,1441056061461,0,Not yet rated,NULL,N/A
DMND,$30.17,1441056061526,"232,811",75% bullish,of 12 ratings,$32
DSWL,$1.7,1441056061554,"8,748",100% bullish,of 1 rating,N/A
DSCI,$5.83,1441056061734,"45,874",50% bullish,of 2 ratings,$16
DCIX,$1.66,1441056061890,"35,805",50% bullish,of 4 ratings,$3.50
FANG,$68.05,1441056061921,"1,260,092",50% bullish,of 2 ratings,$86.50
DRNA,$10.967,1441056061947,"70,273",67% bearish,of 3 ratings,$25
DHIL,$194.72,1441056062023,"3,372",Not yet rated,NULL,N/A
DGII,$10.237,1441056062080,"56,895",100% bearish,of 1 rating,$11
DMRC,$38.127,1441056062212,"52,049",100% bearish,of 1 rating,$44
DRAD,$3.8,1441056062242,"18,432",100% bullish,of 1 rating,$5.25
APPS,$2.613,1441056062275,"170,095",100% bearish,of 1 rating,$10.25
DGLY,$8.34,1441056062370,"67,719",50% bullish,of 6 ratings,$20
DCOM,$17.027,1441056062454,"113,649",100% bearish,of 2 ratings,$16
DPRX,$15.25,1441056062520,"13,420",100% bullish,of 2 ratings,$27.75
DIOD,$19.687,1441056062598,"101,302",75% bearish,of 4 ratings,$24
DISCA,$26.6027,1441056062623,"1,978,406",67% bullish,of 3 ratings,$34
DISCK,$25.3575,1441056062834,"1,484,496",100% bearish,of 1 rating,$32
DISCB,NULL,1441056062864,0,100% bearish,of 1 rating,$35
DSCO,$0.42,1441056062889,"325,389",83% bullish,of 6 ratings,$2.75
DISH,$59.2759,1441056062933,"810,485",69% bullish,of 13 ratings,$73
BAGR,$2.71,1441056062959,"18,172",100% bearish,of 1 rating,$6
DVCR,$10.5,1441056063097,"12,889",100% bullish,of 1 rating,N/A
DLHC,$2.5,1441056063226,"8,002",100% bearish,of 1 rating,N/A
DNBF,$25.61,1441056063252,"3,700",Not yet rated,NULL,$27.50
DLTR,$76.4,1441056063280,"3,041,552",82% bullish,of 11 ratings,$88
DGICB,NULL,1441056063331,0,100% bearish,of 1 rating,N/A
DGICA,$14.293,1441056063414,"14,919",100% bearish,of 1 rating,$17
DMLP,$15.32,1441056063475,"59,617",100% bearish,of 1 rating,N/A
DORM,$50.35,1441056063640,"92,685",100% bearish,of 1 rating,$56
DRWI,$0.205,1441056063669,"105,178",60% bullish,of 5 ratings,$.45
HILL,$9.667,1441056063697,"971,752",60% bearish,of 5 ratings,$9.75
DRYS,$0.4561,1441056063719,"2,734,398",77% bullish,of 31 ratings,$.60
DRWIW,NULL,1441056063750,0,Not yet rated,NULL,N/A
DWA,$19.94,1441056063877,"297,457",63% bullish,of 8 ratings,$26
DSKX,$3.34,1441056063913,"84,594",100% bullish,of 1 rating,N/A
CADT,NULL,1441056064103,0,Not yet rated,NULL,N/A
CADTR,NULL,1441056064129,0,Not yet rated,NULL,N/A
DSPG,$8.753,1441056064154,"137,148",100% bearish,of 1 rating,$13.50
CADTU,NULL,1441056064332,0,Not yet rated,NULL,N/A
CADTW,NULL,1441056064358,0,Not yet rated,NULL,N/A
DTSI,$26.527,1441056064430,"37,891",100% bearish,of 2 ratings,$39.50
DRRX,$2.057,1441056064462,"241,643",50% bullish,of 6 ratings,$3
DXPE,$29.75,1441056064562,"161,539",50% bullish,of 2 ratings,N/A
DYAX,$23.017,1441056064641,"668,818",89% bullish,of 9 ratings,$30
DNKN,$50.16,1441056064673,"779,100",67% bullish,of 15 ratings,$56.50
BOOM,$11.33,1441056064701,"60,024",67% bullish,of 3 ratings,$12
DYSL,$1.49,1441056064742,"22,870",100% bullish,of 2 ratings,N/A
DYNT,$3.05,1441056064769,200,75% bullish,of 4 ratings,N/A
ETFC,$26.2926,1441056064954,"1,471,489",57% bullish,of 14 ratings,$32.50
DVAX,$28.357,1441056064982,"655,914",70% bullish,of 10 ratings,$40
EBMT,$11.83,1441056065058,804,Not yet rated,NULL,$13.50
EGBN,$41.907,1441056065120,"60,304",Not yet rated,NULL,$48
EGRX,$78.55,1441056065200,"161,683",67% bullish,of 3 ratings,$97
EGLE,$7.143,1441056065225,"33,835",60% bullish,of 5 ratings,N/A
EROC,$1.58,1441056065416,"351,176",50% bullish,of 2 ratings,$3
EWBC,$40.407,1441056065443,"506,340",100% bearish,of 1 rating,$50
ELNK,$8.387,1441056065465,"658,835",60% bullish,of 5 ratings,$9.50
EVBS,$6.57,1441056065599,"11,744",Not yet rated,NULL,$7
EACQU,$10.2,1441056065629,"2,704",Not yet rated,NULL,N/A
EBAY,$27.1127,1441056065659,"7,889,378",81% bullish,of 117 ratings,$34
EML,$16.46,1441056065684,"2,313",Not yet rated,NULL,N/A
EBIX,$28.39,1441056065731,"328,199",69% bullish,of 13 ratings,$40
ELON,$0.56,1441056065863,"79,849",50% bullish,of 2 ratings,N/A
ECHO,$23.257,1441056065936,"140,092",67% bearish,of 3 ratings,$34.50
ECTE,$1.46,1441056066300,"5,904",75% bullish,of 4 ratings,N/A
EEI,$11.27,1441056066391,"1,160",67% bearish,of 3 ratings,N/A
SATS,$44.597,1441056066428,"133,258",50% bullish,of 2 ratings,$60
EDGW,$7.2,1441056066453,"4,535",100% bearish,of 1 rating,N/A
ESES,$3.16,1441056066478,450,100% bearish,of 1 rating,$7
EFUT,NULL,1441056066508,0,Not yet rated,NULL,N/A
ECACU,$10.1,1441056066529,"1,278",Not yet rated,NULL,N/A
EDAP,$3.65,1441056066561,"39,138",60% bullish,of 5 ratings,$4.50
EDUC,$6.1,1441056066804,"22,701",100% bearish,of 1 rating,N/A
EGLT,$11.21,1441056066858,"155,478",50% bullish,of 2 ratings,$21
LOCO,$13.013,1441056066886,"705,114",69% bullish,of 13 ratings,$19.50
EHTH,$14.937,1441056067016,"71,545",50% bullish,of 4 ratings,$16.50
EGAN,$3.61,1441056067062,"9,386",50% bullish,of 2 ratings,$6.25
EMITF,$1.23,1441056067087,"22,160",75% bullish,of 4 ratings,N/A
ERI,$9.417,1441056067250,"119,801",100% bearish,of 1 rating,$10
ESLT,$76.71,1441056067277,"4,803",67% bullish,of 3 ratings,N/A
EA,$66.1566,1441056067305,"2,293,325",78% bullish,of 36 ratings,$80
ELRC,$10.657,1441056067331,"23,055",100% bearish,of 1 rating,N/A
ELSE,$3.89,1441056067462,102,60% bullish,of 5 ratings,N/A
ELEC,NULL,1441056067506,0,Not yet rated,NULL,N/A
EFII,$43.767,1441056067531,"88,505",80% bullish,of 5 ratings,$55
ESIO,$4.64,1441056067590,"61,043",50% bullish,of 2 ratings,$10
ELECU,NULL,1441056067688,0,Not yet rated,NULL,N/A
ELECW,$0.239,1441056067717,100,Not yet rated,NULL,N/A
ESBK,$19.78,1441056067966,347,Not yet rated,NULL,N/A
CAPX,$22.81,1441056067995,"1,304",Not yet rated,NULL,N/A
LONG,$17.12,1441056068023,"8,309",67% bullish,of 3 ratings,$15.75
RDEN,$11.027,1441056068052,"166,233",100% bearish,of 4 ratings,$15
EBIO,$3.53,1441056068080,"124,749",100% bearish,of 2 ratings,$8.35
ELTK,$1.26,1441056068151,"89,157",67% bearish,of 3 ratings,N/A
EMCF,$23.2999,1441056068255,350,100% bearish,of 1 rating,N/A
EMCI,$22.877,1441056068324,"13,296",Not yet rated,NULL,N/A
EMMS,$1.26,1441056068394,"31,007",83% bullish,of 6 ratings,N/A
EMKR,$6.967,1441056068422,"188,027",75% bullish,of 4 ratings,$8.50
ERS,$2.86,1441056068552,"1,900",Not yet rated,NULL,N/A
EMMSP,$3,1441056068582,300,100% bearish,of 1 rating,N/A
NYNY,$4.263,1441056068705,"21,966",50% bullish,of 2 ratings,N/A
WIRE,$32.467,1441056068837,"71,026",100% bearish,of 1 rating,$37
ECPG,$40.63,1441056068870,"181,583",100% bullish,of 2 ratings,$52
ENTA,$39.04,1441056068891,"140,590",50% bullish,of 2 ratings,$42
ENDP,$77.0077,1441056068970,"990,684",50% bullish,of 6 ratings,$104
ECYT,$5.267,1441056068996,"292,688",83% bullish,of 6 ratings,$12
EIGI,$15.29,1441056069024,"233,229",67% bearish,of 3 ratings,$22.50
ELGX,$12.977,1441056069076,"255,461",75% bullish,of 4 ratings,$17
ERII,$2.67,1441056069276,"69,654",80% bullish,of 5 ratings,$2.50
WATT,$7.22,1441056069303,"107,863",50% bullish,of 2 ratings,$13
EFOI,$21.9,1441056069335,"904,404",50% bullish,of 2 ratings,$24.50
EXXI,$1.903,1441056069502,"1,559,300",86% bullish,of 7 ratings,$3.50
ENG,$1.03,1441056069532,"15,990",100% bullish,of 3 ratings,N/A
ENOC,$9.337,1441056069562,"143,938",75% bullish,of 4 ratings,$18
ESGR,$146.11,1441056069666,"13,312",100% bearish,of 1 rating,$185
ENPH,$4.597,1441056069698,"637,933",75% bullish,of 4 ratings,$11
ENTG,$13.727,1441056069796,"544,937",100% bearish,of 1 rating,$18
ENTL,$22.257,1441056069958,"15,044",Not yet rated,NULL,$28
ETRM,$0.28,1441056070020,"620,673",69% bearish,of 35 ratings,$1.625
EBTC,$21.887,1441056070066,"3,830",Not yet rated,NULL,N/A
ENFC,$17.79,1441056070122,"2,300",Not yet rated,NULL,N/A
EGT,$2.1,1441056070149,"1,728",100% bullish,of 1 rating,N/A
EFSC,$23.907,1441056070278,"38,257",Not yet rated,NULL,$27
ENVI,$1.86,1441056070304,"25,286",67% bullish,of 3 ratings,N/A
EPIQ,$12.717,1441056070485,"116,317",100% bearish,of 1 rating,$18
ENZY,$9.91,1441056070515,"18,898",67% bullish,of 3 ratings,$9.50
EPRS,$5.05,1441056070614,"55,006",82% bullish,of 11 ratings,$15
ENZN,$1.04,1441056070641,"351,904",100% bullish,of 9 ratings,N/A
EPZM,$19.997,1441056070667,"314,650",60% bullish,of 5 ratings,$34
EQIX,$269,1441056070713,"7,106,588",75% bullish,of 4 ratings,$312.50
PLUS,$75.717,1441056070800,"61,010",50% bullish,of 2 ratings,$88
ERIC,$9.76,1441056070878,"1,278,699",67% bullish,of 9 ratings,$12.20
EQFN,$8.39,1441056070963,70,100% bearish,of 1 rating,N/A
ERIE,$81.967,1441056071023,"33,397",Not yet rated,NULL,$73
ESCA,$17.893,1441056071164,"8,395",100% bearish,of 1 rating,$22
ESCR,$0.1151,1441056071191,"166,513",50% bullish,of 2 ratings,N/A
EAC,$3.39,1441056071212,"14,535",100% bearish,of 1 rating,$8
ESCRP,$1.5,1441056071259,"3,743",100% bearish,of 1 rating,N/A
ESPR,$47.95,1441056071683,"818,211",70% bearish,of 10 ratings,$122.50
ESMC,$1.39,1441056071842,"4,866",Not yet rated,NULL,N/A
EPIX,NULL,1441056071893,0,Not yet rated,NULL,N/A
ETSY,$14.33,1441056071921,"579,465",80% bullish,of 5 ratings,$16
ESSA,$12.93,1441056071943,"1,485",100% bearish,of 1 rating,N/A
ESSX,$0.487,1441056071976,"36,770",50% bullish,of 2 ratings,N/A
CLWT,$2.5,1441056071997,300,100% bullish,of 1 rating,N/A
ESND,$34.497,1441056072025,"107,528",100% bearish,of 2 ratings,$40
EEFT,$64.47,1441056072383,"160,556",100% bearish,of 1 rating,$67.50
EVLV,$2.693,1441056072404,"117,393",60% bullish,of 5 ratings,$5.125
ESEA,$5.03,1441056072441,"5,019",100% bullish,of 1 rating,$15
EVK,$3.75,1441056072463,"1,198",75% bearish,of 4 ratings,N/A
EVOK,$3.89,1441056072494,"27,015",100% bearish,of 1 rating,$13.375
EVEP,$8.94,1441056072532,"297,623",50% bullish,of 2 ratings,$15
EVOL,$5.98,1441056072600,"5,856",75% bullish,of 4 ratings,$10
EXAS,$22.107,1441056072671,"535,093",78% bullish,of 9 ratings,$31
EXEL,$5.92,1441056072835,"9,377,740",81% bullish,of 16 ratings,$6
EXFO,$3.04,1441056072967,"9,555",67% bearish,of 3 ratings,$3.95
EXAC,$19.613,1441056073000,"55,645",100% bearish,of 1 rating,$22.50
EXA,$10.99,1441056073103,"5,563",100% bearish,of 1 rating,$13
EXLS,$36.177,1441056073124,"85,485",50% bullish,of 2 ratings,$41
EXPE,$114.99,1441056073157,"640,245",64% bullish,of 11 ratings,$130
EXPD,$48.9651,1441056073179,"986,167",80% bullish,of 5 ratings,$52
EXPO,$42.75,1441056073258,"66,561",100% bearish,of 1 rating,$45.50
ESRX,$83.6,1441056073344,"5,391,187",67% bearish,of 6 ratings,$101
EXLP,$21.74,1441056073398,"275,476",100% bearish,of 1 rating,$25
EZCH,$22.92,1441056073566,"74,224",75% bullish,of 8 ratings,$19.50
EYEGW,NULL,1441056073593,0,Not yet rated,NULL,N/A
EXTR,$2.997,1441056073614,"1,006,112",80% bullish,of 5 ratings,$3
EYEG,$3.76,1441056073648,"7,745",Not yet rated,NULL,N/A
EZPW,$6.317,1441056073669,"271,119",50% bullish,of 4 ratings,$7
FFIV,$121.3979,1441056073747,"568,807",63% bullish,of 8 ratings,$132
FALC,$1.72,1441056074018,"32,954",63% bearish,of 8 ratings,N/A
FB,$89.15,1441056074048,"24,050,244",73% bullish,of 1072 ratings,$111
FRP,$16.357,1441056074112,"309,767",100% bearish,of 1 rating,$18
FCS,$13.597,1441056074152,"470,340",67% bearish,of 3 ratings,$17
DAVE,$14.61,1441056074180,"28,432",100% bearish,of 1 rating,$15.50
FARM,$22.857,1441056074205,"93,033",100% bearish,of 1 rating,$35
FFKT,$25.937,1441056074397,"24,309",Not yet rated,NULL,$29
FWM,$2.273,1441056074503,"126,798",100% bearish,of 2 ratings,$3.20
FMNB,$8.31,1441056074531,"18,782",Not yet rated,NULL,N/A
FARO,$38.847,1441056074561,"68,241",50% bullish,of 2 ratings,$48
FAST,$38.54,1441056074663,"1,433,980",80% bullish,of 5 ratings,$45.50
FBSS,$15.89,1441056074695,5,Not yet rated,NULL,N/A
FATE,$6.53,1441056074721,"30,961",50% bullish,of 2 ratings,$11
FDML,$9.197,1441056074801,"279,120",50% bullish,of 4 ratings,$14
FBRC,$21.94,1441056074854,"17,421",100% bearish,of 1 rating,$29
FNHC,$21.91,1441056074959,"52,459",100% bearish,of 1 rating,$35
FHCO,$1.4,1441056075098,"45,589",50% bullish,of 4 ratings,N/A
FEIC,$75.477,1441056075142,"180,542",50% bullish,of 2 ratings,$95.50
FCSC,$5.637,1441056075192,"81,950",100% bearish,of 1 rating,$8.125
FGEN,$24.497,1441056075281,"564,218",100% bearish,of 1 rating,$39
ONEQ,$187.99,1441056075307,"9,256",100% bullish,of 1 rating,N/A
FENX,$9.973,1441056075329,"72,158",100% bullish,of 1 rating,$14.25
FDUS,$14.68,1441056075459,"19,811",50% bullish,of 2 ratings,$18
LION,$19.292,1441056075513,"213,976",100% bullish,of 1 rating,$20
FRGI,$51.64,1441056075548,"144,210",50% bullish,of 2 ratings,$70
FSAM,$8.27,1441056075617,"6,802",100% bearish,of 1 rating,$10.25
FSCFL,$24.4175,1441056075690,"3,975",Not yet rated,NULL,N/A
FSC,$6.54,1441056075750,"610,214",60% bullish,of 5 ratings,$8
FSFR,$8.84,1441056075931,"30,149",100% bearish,of 1 rating,$11.50
FITBI,$27.39,1441056075980,"28,613",Not yet rated,NULL,N/A
FITB,$19.918,1441056076005,"4,155,289",54% bullish,of 13 ratings,$22
FNGN,$32.46,1441056076067,"284,269",67% bullish,of 3 ratings,$47
FNJN,$1.9,1441056076158,"10,078",100% bearish,of 1 rating,$5
FISI,$24.77,1441056076198,"24,948",100% bullish,of 2 ratings,$24.50
FNSR,$15.427,1441056076243,"678,722",71% bullish,of 7 ratings,$24.50
FNTC,NULL,1441056076462,0,Not yet rated,NULL,N/A
FEYE,$37.73,1441056076556,"2,107,927",87% bullish,of 15 ratings,$55.50
FNTCU,NULL,1441056076587,0,Not yet rated,NULL,N/A
FNLC,$18.553,1441056076687,"29,367",100% bullish,of 1 rating,N/A
FBNC,$17.017,1441056076716,"23,333",100% bullish,of 1 rating,$20
FNTCW,$0.39,1441056076819,"3,398",Not yet rated,NULL,N/A
BUSE,$6.397,1441056076877,"65,808",Not yet rated,NULL,$6.875
FRBA,$6.09,1441056076902,"2,300",Not yet rated,NULL,$8
FCAP,$26.9,1441056077037,4,Not yet rated,NULL,N/A
FBIZ,$22.433,1441056077065,"37,796",100% bearish,of 2 ratings,$52
FCFS,$41.267,1441056077099,"120,618",100% bearish,of 3 ratings,$47
FCLF,$9.1999,1441056077126,"2,000",Not yet rated,NULL,N/A
FCVA,$4.75,1441056077197,"6,984",Not yet rated,NULL,N/A
FCNCA,$237.177,1441056077298,"11,111",Not yet rated,NULL,N/A
FCBC,$17.707,1441056077324,"11,908",Not yet rated,NULL,$18
FCCO,$12.23,1441056077458,"9,256",Not yet rated,NULL,$13.25
FCFP,$6.95,1441056077591,"2,700",Not yet rated,NULL,N/A
FDEF,$37.69,1441056077695,"16,387",Not yet rated,NULL,$38
FFIN,$31.137,1441056077723,"167,757",50% bullish,of 2 ratings,$31.75
FBNK,$16.997,1441056077748,"29,969",100% bearish,of 1 rating,$17.50
FFBCW,NULL,1441056077775,0,100% bearish,of 1 rating,N/A
FFBC,$18.437,1441056077803,"129,707",67% bearish,of 3 ratings,$20.25
FFNM,$6.39,1441056077824,300,Not yet rated,NULL,N/A
THFF,$32.89,1441056077973,"8,872",Not yet rated,NULL,$35
FFWM,$21.2,1441056078024,"17,236",Not yet rated,NULL,$24
INBK,$31.34,1441056078078,"19,532",50% bullish,of 2 ratings,$37
FFNW,$12.24,1441056078157,"7,168",Not yet rated,NULL,$14
FIBK,$26.677,1441056078211,"96,188",Not yet rated,NULL,$32
FRME,$26.017,1441056078343,"77,333",Not yet rated,NULL,$26.50
FMBH,NULL,1441056078379,0,Not yet rated,NULL,N/A
FMBI,$17.637,1441056078477,"242,962",Not yet rated,NULL,$20
FNFG,$9.247,1441056078509,"1,491,101",80% bullish,of 5 ratings,$9
FNBC,$35,1441056078538,"85,426",Not yet rated,NULL,$40
FNWB,$12,1441056078608,"6,468",Not yet rated,NULL,N/A
FSFG,$30.07,1441056078636,145,Not yet rated,NULL,N/A
FSGI,$2.49,1441056078800,"10,207",Not yet rated,NULL,N/A
FSLR,$47.55,1441056078885,"888,222",72% bullish,of 39 ratings,$65
BICK,$19.56,1441056078933,773,100% bullish,of 1 rating,N/A
FSBK,$7.78,1441056078958,"2,202",100% bullish,of 1 rating,N/A
FBZ,$9.82,1441056079098,"1,100",Not yet rated,NULL,N/A
FCAN,$24.71,1441056079123,800,Not yet rated,NULL,N/A
FTCS,$36.36,1441056079166,"4,352",100% bearish,of 1 rating,N/A
FV,$23.29,1441056079270,"1,628,491",100% bearish,of 1 rating,N/A
IFV,$17.75,1441056079398,"218,618",100% bearish,of 1 rating,N/A
FCA,$19.82,1441056079424,394,Not yet rated,NULL,N/A
FTSM,$61,1441056079478,"211,709",100% bearish,of 1 rating,N/A
FEMB,$41.5,1441056079552,912,Not yet rated,NULL,N/A
TDIV,$24.8,1441056079579,"54,437",100% bearish,of 1 rating,N/A
FEUZ,$31.11,1441056079634,"1,425",Not yet rated,NULL,N/A
MDIV,$19.25,1441056079734,"118,290",Not yet rated,NULL,N/A
FGM,$35.63,1441056079875,"9,582",Not yet rated,NULL,N/A
FTGC,$22.64,1441056079908,"48,577",Not yet rated,NULL,N/A
FHK,$33.06,1441056079961,"18,716",Not yet rated,NULL,N/A
HYLS,$49.6,1441056080009,"129,385",100% bearish,of 1 rating,N/A
FTHI,$19.43,1441056080035,"1,541",Not yet rated,NULL,N/A
YDIV,$16.4505,1441056080169,"2,620",Not yet rated,NULL,N/A
SKYY,$28.97,1441056080237,"52,038",100% bullish,of 1 rating,N/A
FPXI,$27.14,1441056080261,"1,360",Not yet rated,NULL,N/A
CU,$13.07,1441056080467,"7,989",100% bearish,of 1 rating,N/A
FJP,$47.13,1441056080497,"50,651",Not yet rated,NULL,N/A
PLTM,$6.35,1441056080524,"6,457",100% bearish,of 1 rating,N/A
LMBS,$50.28,1441056080602,"1,589",Not yet rated,NULL,N/A
FTLB,$19.81,1441056080635,"1,342",100% bearish,of 1 rating,N/A
FMB,NULL,1441056080660,0,Not yet rated,NULL,N/A
QABA,$37.49,1441056080687,"5,564",100% bearish,of 1 rating,N/A
CIBR,$17.89,1441056080715,"46,732",Not yet rated,NULL,N/A
FONE,$35.27,1441056080895,652,Not yet rated,NULL,N/A
QCLN,$15.18,1441056080997,"8,588",Not yet rated,NULL,N/A
GRID,$33,1441056081021,112,100% bearish,of 1 rating,N/A
CARZ,$34.91,1441056081089,"3,769",100% bearish,of 1 rating,N/A
RDVY,$21.1196,1441056081166,"2,773",Not yet rated,NULL,N/A
QQEW,$41.73,1441056081276,"61,091",Not yet rated,NULL,N/A
QTEC,$40.11,1441056081313,"23,631",Not yet rated,NULL,N/A
QQXT,$40.41,1441056081379,"14,812",Not yet rated,NULL,N/A
AIRR,$16.65,1441056081444,"18,224",100% bearish,of 1 rating,N/A
FTSL,$48.73,1441056081471,"28,455",100% bearish,of 1 rating,N/A
QINC,$20.151,1441056081506,257,Not yet rated,NULL,N/A
FKO,NULL,1441056081532,0,Not yet rated,NULL,N/A
FSZ,$39.1,1441056081741,"15,238",Not yet rated,NULL,N/A
FDIV,$47.01,1441056081767,"2,246",100% bearish,of 1 rating,N/A
FTW,$31.85,1441056081792,500,Not yet rated,NULL,N/A
TUSA,$25.01,1441056081853,"3,644",Not yet rated,NULL,N/A
FKU,$41.61,1441056081985,"10,046",Not yet rated,NULL,N/A
SVVC,$9.31,1441056082278,"5,794",50% bullish,of 2 ratings,$26
FISV,$85.2615,1441056082369,"1,102,422",100% bearish,of 3 ratings,$90
FUNC,$8.14,1441056082427,"2,720",Not yet rated,NULL,N/A
FIVE,$38.667,1441056082455,"667,173",75% bearish,of 4 ratings,$44
FSV,$31.93,1441056082483,"9,495",Not yet rated,NULL,$33.60
FIVN,$3.933,1441056082511,"76,782",100% bullish,of 1 rating,$8.50
FMER,$17.957,1441056082542,"939,602",50% bullish,of 2 ratings,$20
FPRX,$19.067,1441056082642,"732,484",50% bullish,of 2 ratings,$35
FLML,$22.15,1441056082954,"62,562",50% bullish,of 2 ratings,$30
FLKS,$12.03,1441056083032,"16,549",50% bullish,of 2 ratings,$27
SKOR,$50.3,1441056083058,"5,500",Not yet rated,NULL,N/A
FLXS,$30.797,1441056083094,"32,575",100% bearish,of 2 ratings,N/A
FLXN,$24.11,1441056083129,"101,106",100% bearish,of 1 rating,$40
FLIR,$28.6329,1441056083227,"680,795",100% bearish,of 1 rating,$38.50
MBSD,$24.98,1441056083253,"1,585",Not yet rated,NULL,N/A
FLEX,$10.5089,1441056083276,"2,096,264",63% bullish,of 8 ratings,$12
FOMX,$10.157,1441056083647,"128,656",50% bullish,of 2 ratings,$23.50
FOGO,$19.22,1441056083682,"158,547",50% bullish,of 2 ratings,$25.50
FES,$0.91,1441056083704,"57,777",50% bullish,of 2 ratings,$1
FONR,$9.54,1441056083778,"3,026",100% bullish,of 1 rating,N/A
FFIC,$19.947,1441056083808,"56,387",Not yet rated,NULL,$20.50
FLDM,$12.187,1441056083833,"257,401",67% bearish,of 3 ratings,$15
FORM,$6.647,1441056083859,"197,353",67% bullish,of 3 ratings,$10.50
FORTY,$31.63,1441056083994,411,100% bearish,of 1 rating,N/A
FTNT,$42.137,1441056084152,"893,688",80% bullish,of 10 ratings,$52
FORR,$31.61,1441056084186,"20,516",Not yet rated,NULL,N/A
FORD,$1.38,1441056084212,"1,111,796",67% bullish,of 3 ratings,N/A
FWRD,$45.017,1441056084242,"148,554",100% bearish,of 1 rating,$50
FBIO,$2.75,1441056084294,"80,277",83% bullish,of 6 ratings,N/A
FOSL,$61.58,1441056084341,"390,120",60% bearish,of 5 ratings,$80
FWP,$26.31,1441056084486,"17,060",100% bearish,of 1 rating,$45
FMI,$23.54,1441056084513,"203,259",100% bearish,of 2 ratings,$27.50
FXCB,$17.263,1441056084654,"38,438",Not yet rated,NULL,$19
FRAN,$11.237,1441056084715,"299,158",50% bullish,of 4 ratings,$15
FOXF,$15.017,1441056084788,"55,242",100% bearish,of 1 rating,$19
FELE,$29.287,1441056084859,"122,880",50% bullish,of 4 ratings,$33
FREE,$0.396,1441056084889,"1,430,248",92% bullish,of 12 ratings,N/A
RAIL,$21.553,1441056084990,"120,998",100% bearish,of 1 rating,$24.50
FRED,$13.117,1441056085062,"191,747",50% bullish,of 2 ratings,$15.50
FEIM,$11.19,1441056085091,"2,498",100% bearish,of 1 rating,N/A
FTR,$5.07,1441056085147,"13,353,476",78% bullish,of 27 ratings,$6.25
FRPT,$12.987,1441056085220,"430,410",67% bearish,of 3 ratings,$23.50
FTRPR,$100.8,1441056085302,"8,167",100% bearish,of 1 rating,N/A
FRPH,$31.107,1441056085330,"18,886",100% bearish,of 1 rating,N/A
FSBW,$23.25,1441056085457,"2,985",Not yet rated,NULL,N/A
FTD,$29.887,1441056085486,"112,719",100% bearish,of 1 rating,$40
FTEK,$2.04,1441056085553,"25,489",75% bullish,of 4 ratings,N/A
FCEL,$0.8223,1441056085582,"788,325",88% bullish,of 41 ratings,$2.65
FSYS,$6.85,1441056085626,"19,064",67% bullish,of 3 ratings,$10
FULL,$3.16,1441056085710,"19,224",67% bearish,of 3 ratings,$4.25
FULLL,NULL,1441056085890,0,Not yet rated,NULL,N/A
FULT,$12.157,1441056085943,"489,754",100% bearish,of 1 rating,$13
FSNN,$2.12,1441056085970,"5,282",67% bullish,of 3 ratings,$6
FLL,$1.54,1441056086022,"14,329",75% bullish,of 4 ratings,$3.50
FFHL,$1.04,1441056086053,"2,095",50% bullish,of 4 ratings,N/A
FXENP,$15.6,1441056086105,"1,612",100% bearish,of 1 rating,N/A
FXEN,$0.9694,1441056086154,"59,312",75% bullish,of 4 ratings,$1.10
GK,$67.607,1441056086398,"48,693",Not yet rated,NULL,$78
WILC,$4.95,1441056086427,"3,352",100% bullish,of 2 ratings,N/A
GAIA,$6.11,1441056086453,"6,928",50% bullish,of 2 ratings,$8.50
GLPG,$60.54,1441056086615,"17,204",100% bullish,of 1 rating,$75
GALT,$2.21,1441056086642,"155,554",80% bullish,of 5 ratings,N/A
GALTW,NULL,1441056086706,0,100% bullish,of 1 rating,N/A
GALTU,NULL,1441056086777,0,100% bearish,of 1 rating,N/A
GALE,$1.577,1441056086842,"992,272",89% bullish,of 47 ratings,$4
GLMD,$8.97,1441056086864,"14,437",67% bullish,of 3 ratings,$20.50
GLPI,$30.937,1441056086947,"390,323",100% bearish,of 1 rating,$37.50
GPIC,$9.51,1441056087050,"1,460",100% bearish,of 1 rating,N/A
GRMN,$37.61,1441056087120,"732,487",50% bullish,of 6 ratings,$46.50
GGAC,NULL,1441056087149,0,100% bearish,of 1 rating,N/A
GGACU,$10.25,1441056087281,200,Not yet rated,NULL,N/A
GGACW,$0.13,1441056087307,"89,760",Not yet rated,NULL,N/A
GGACR,$0.2643,1441056087354,"14,000",100% bullish,of 1 rating,N/A
GARS,$14.55,1441056087439,"42,968",Not yet rated,NULL,$16
GNCMA,$16.847,1441056087486,"120,636",100% bearish,of 1 rating,$12
GFN,$3.81,1441056087616,"16,914",100% bearish,of 2 ratings,$8
GENC,$9.05,1441056087653,"4,400",100% bearish,of 1 rating,N/A
GFNSL,$25.6,1441056087681,"1,500",Not yet rated,NULL,N/A
GFNCP,$93.9,1441056087786,110,Not yet rated,NULL,N/A
GENE,$2.3,1441056087838,"131,063",100% bullish,of 12 ratings,N/A
GNMK,$10.337,1441056087868,"226,333",67% bullish,of 6 ratings,$14
GNCA,$11.627,1441056087968,"540,178",100% bearish,of 1 rating,$20
GHDX,$27.517,1441056087998,"178,796",50% bullish,of 2 ratings,$30
GNTX,$15.497,1441056088133,"2,433,734",Not yet rated,NULL,$20
THRM,$45.587,1441056088270,"145,005",75% bearish,of 4 ratings,$55.50
GNVC,$2.53,1441056088296,"8,472",90% bullish,of 10 ratings,$8.50
GEVO,$2.41,1441056088474,"196,799",75% bullish,of 12 ratings,$5
GTWN,$18.97,1441056088502,100,Not yet rated,NULL,N/A
GABC,$28.98,1441056088530,"8,884",Not yet rated,NULL,$31
GERN,$3.027,1441056088612,"1,566,959",88% bullish,of 16 ratings,$5.25
GEOS,$17.713,1441056088662,"98,450",100% bearish,of 3 ratings,$21
GIGM,$0.52,1441056088691,"49,786",100% bullish,of 2 ratings,N/A
GIGA,$1.32,1441056088717,"163,071",100% bearish,of 1 rating,N/A
GILT,$4.27,1441056088907,"8,407",50% bullish,of 2 ratings,N/A
ROCK,$16.387,1441056088938,"149,085",80% bullish,of 5 ratings,$24
GILD,$105.06,1441056088964,"8,017,175",91% bullish,of 87 ratings,$129
GIII,$69.33,1441056089034,"243,990",67% bullish,of 3 ratings,$75
GBCI,$26.007,1441056089126,"260,154",50% bullish,of 2 ratings,$31
GLADO,$25.55,1441056089286,"1,900",Not yet rated,NULL,N/A
GLAD,$9.07,1441056089312,"194,499",50% bullish,of 2 ratings,$8.75
GOOD,$14.397,1441056089444,"81,025",Not yet rated,NULL,$19
GOODN,$25.57,1441056089475,"2,624",Not yet rated,NULL,N/A
GAIN,$7.5,1441056089502,"124,407",100% bullish,of 2 ratings,$8.25
GOODP,$25.14,1441056089523,14,Not yet rated,NULL,N/A
GOODO,$24.85,1441056089572,"3,177",Not yet rated,NULL,N/A
GAINN,$25.13,1441056089660,"95,872",Not yet rated,NULL,N/A
GAINP,$25.91,1441056089765,823,Not yet rated,NULL,N/A
GAINO,$25.32,1441056089835,"1,310",Not yet rated,NULL,N/A
ENT,$11.767,1441056090319,"162,009",100% bearish,of 1 rating,$18
GDEF,$10.54,1441056090346,45,Not yet rated,NULL,N/A
GLBZ,$11.9,1441056090374,460,Not yet rated,NULL,N/A
GBT,$49.49,1441056090399,"108,921",100% bearish,of 1 rating,N/A
LAND,$9.13,1441056090426,"31,389",50% bullish,of 2 ratings,$13.75
GBLI,$26.84,1441056090447,"10,686",Not yet rated,NULL,N/A
GSOL,$8.21,1441056090761,"11,602",100% bearish,of 1 rating,N/A
GPACU,$9.98,1441056090797,2,Not yet rated,NULL,N/A
ACTX,$13.15,1441056090831,"74,850",100% bullish,of 1 rating,N/A
QQQC,$19.2,1441056090853,"1,622",100% bearish,of 1 rating,N/A
ALTY,$14.41,1441056090889,"3,125",Not yet rated,NULL,N/A
SRET,$13.25,1441056090916,544,Not yet rated,NULL,N/A
SOCL,$17.56,1441056090945,"20,879",100% bullish,of 2 ratings,N/A
YLCO,$11.91,1441056090988,"3,140",Not yet rated,NULL,N/A
GAI,$6,1441056091271,"3,051",50% bullish,of 2 ratings,N/A
GBIM,$2.8,1441056091353,"57,778",50% bullish,of 2 ratings,N/A
GSM,$13.74,1441056091379,"348,661",50% bullish,of 2 ratings,$22
GOGO,$15.887,1441056091433,"367,829",80% bullish,of 5 ratings,$25
GLRI,$1,1441056091460,"7,676",100% bearish,of 1 rating,$4.25
GLBS,$1.05,1441056091481,"12,196",67% bullish,of 3 ratings,N/A
GLYC,$7.01,1441056091512,"10,220",50% bullish,of 2 ratings,$14
GLUU,$4.587,1441056091695,"1,187,236",92% bullish,of 26 ratings,$9
GLNG,$38.937,1441056091790,"1,007,438",83% bullish,of 6 ratings,$55.50
GMLP,$19.77,1441056091825,"265,859",50% bullish,of 4 ratings,$30.50
GOGL,$3.047,1441056091883,"243,176",75% bullish,of 4 ratings,$5
GBDC,$16.78,1441056091908,"95,016",Not yet rated,NULL,$17.75
GLDC,$4,1441056091955,553,50% bullish,of 2 ratings,N/A
GDEN,$9.2,1441056091982,"9,869",50% bullish,of 2 ratings,N/A
GTIM,$6.9,1441056092118,"23,964",Not yet rated,NULL,$11.50
GOOG,$618.3118,1441056092256,"1,222,310",89% bullish,of 71 ratings,$825
GMAN,$3.78,1441056092359,"40,660",60% bullish,of 5 ratings,$8.50
GPRO,$46.5,1441056092386,"3,050,178",78% bullish,of 58 ratings,$72
GOOGL,$647.64,1441056092415,"1,075,972",88% bullish,of 1082 ratings,$749
GPIA,NULL,1441056092515,0,100% bearish,of 1 rating,N/A
GPIAU,NULL,1441056092545,0,Not yet rated,NULL,N/A
GPIAW,NULL,1441056092588,0,Not yet rated,NULL,N/A
LOPE,$36.96,1441056092648,"218,905",100% bearish,of 2 ratings,$50
GBSNU,NULL,1441056092717,0,NULL,NULL,NULL
GRVY,$3.16,1441056092889,"3,800",50% bullish,of 2 ratings,N/A
GLDD,$5.547,1441056092917,"125,891",100% bearish,of 4 ratings,$7.75
GBSN,$0.305,1441056092943,"5,713,916",50% bullish,of 2 ratings,$8.25
GSBC,$40.27,1441056092991,"20,026",100% bullish,of 1 rating,$44
GRBK,$12.147,1441056093091,"248,845",77% bullish,of 13 ratings,N/A
GNBC,$11.963,1441056093116,"13,591",100% bearish,of 1 rating,$16.50
GPP,$14.62,1441056093270,"147,227",Not yet rated,NULL,$20.50
GPRE,$21.257,1441056093317,"394,699",67% bullish,of 6 ratings,$28.50
GCBC,$28.49,1441056093367,"1,840",100% bullish,of 1 rating,N/A
GRIF,$32.49,1441056093408,156,100% bearish,of 1 rating,N/A
GLRE,$25.497,1441056093433,"121,954",50% bullish,of 2 ratings,$41
GRPN,$4.497,1441056093630,"4,565,049",61% bullish,of 71 ratings,$6.75
GRFS,$30.29,1441056093656,"126,024",50% bullish,of 2 ratings,$35
GGAL,$19.16,1441056093805,"95,793",80% bullish,of 5 ratings,$40
OMAB,$41.79,1441056093837,"50,036",100% bullish,of 1 rating,$44
GSIT,$4.66,1441056093863,"4,914",100% bearish,of 1 rating,N/A
GSIG,$12.987,1441056093903,"34,076",100% bearish,of 2 ratings,N/A
GSVC,$8.875,1441056093933,"39,281",50% bullish,of 2 ratings,$14.50
GBNK,$16.037,1441056094092,"23,648",100% bearish,of 1 rating,$18
GTXI,$0.918,1441056094132,"43,094",100% bullish,of 5 ratings,$.75
GUID,$7.103,1441056094232,"11,971",100% bearish,of 3 ratings,$10
GFED,$15,1441056094305,"1,814",Not yet rated,NULL,$17
GIFI,$12.63,1441056094399,"35,404",100% bearish,of 1 rating,$16
GULTU,$0.3,1441056094424,"1,281,302",100% bearish,of 1 rating,N/A
GPOR,$35.8228,1441056094465,"1,349,475",75% bullish,of 4 ratings,$55
GURE,$1.7,1441056094491,"6,150",88% bullish,of 8 ratings,N/A
GWGH,$7.7,1441056094628,"3,344",100% bearish,of 1 rating,$15.05
GWPH,$106.35,1441056094680,"64,723",78% bullish,of 9 ratings,$148.50
GYRO,$2.82,1441056094733,"3,600",100% bearish,of 1 rating,N/A
HEES,$20.707,1441056094893,"396,368",67% bearish,of 3 ratings,$31
HNRG,$8.043,1441056094925,"101,467",100% bearish,of 1 rating,$10
HALL,$11.487,1441056094987,"22,303",Not yet rated,NULL,N/A
HALO,$17.457,1441056095018,"666,516",67% bullish,of 3 ratings,$22.50
HLG,$9.49,1441056095044,"3,398",100% bearish,of 1 rating,N/A
HBK,$13.67,1441056095118,200,50% bullish,of 2 ratings,N/A
HMPR,$1.833,1441056095178,"14,696",100% bullish,of 1 rating,N/A
HBHCL,$24.12,1441056095317,"22,798",Not yet rated,NULL,N/A
HBHC,$28.077,1441056095346,"616,070",50% bullish,of 2 ratings,$30
HNH,$25.22,1441056095450,"12,206",100% bullish,of 1 rating,N/A
HAFC,$24.237,1441056095503,"202,297",100% bullish,of 2 ratings,$28.50
HQCL,$13.19,1441056095535,"20,021",67% bullish,of 3 ratings,$14
HNSN,$0.558,1441056095560,"62,743",88% bullish,of 8 ratings,$.40
HDNG,$10.27,1441056095588,"14,933",50% bullish,of 4 ratings,N/A
HLIT,$5.767,1441056095728,"344,496",100% bearish,of 1 rating,$6.50
HRMN,$9.9001,1441056095800,400,Not yet rated,NULL,N/A
HRMNU,$10.2,1441056095901,"2,200",Not yet rated,NULL,N/A
HRMNW,$0.34,1441056096030,"20,000",Not yet rated,NULL,N/A
HART,$1.38,1441056096058,"956,161",100% bearish,of 1 rating,N/A
HBIO,$4.373,1441056096085,"86,114",100% bearish,of 1 rating,$10
TINY,$2.5,1441056096113,"17,404",50% bullish,of 2 ratings,$5.26
HCAP,$12.02,1441056096141,"10,334",50% bullish,of 2 ratings,$15
HCAPL,$25.7,1441056096273,"4,800",Not yet rated,NULL,N/A
HA,$22.657,1441056096409,"440,036",67% bullish,of 9 ratings,$27
HAS,$74.5975,1441056096439,"1,043,418",63% bullish,of 8 ratings,$84.50
HWBK,$13.97,1441056096542,214,100% bearish,of 1 rating,N/A
HWKN,$38.05,1441056096567,"23,289",Not yet rated,NULL,N/A
HCOM,$22.01,1441056096599,"6,718",100% bearish,of 1 rating,$28
HDS,$32.996,1441056096637,"894,344",100% bearish,of 2 ratings,$39.50
HAYN,$38.22,1441056096702,"26,098",100% bearish,of 1 rating,$59
HCSG,$33.437,1441056096899,"140,776",50% bullish,of 4 ratings,$35
HIIQ,$5.17,1441056096926,"24,978",50% bullish,of 2 ratings,$7
HQY,$29.317,1441056096953,"170,231",67% bullish,of 3 ratings,$32
HSTM,$24.85,1441056097087,"54,712",50% bullish,of 2 ratings,$33.75
HTWR,$85.597,1441056097115,"132,347",50% bullish,of 2 ratings,$103
HTLD,$20.237,1441056097145,"410,693",Not yet rated,NULL,$22.50
HWAY,$12.207,1441056097171,"198,897",100% bearish,of 1 rating,$15
HTLF,$36.367,1441056097244,"43,500",100% bullish,of 1 rating,$39.50
HTBX,$4.86,1441056097315,"12,330",50% bullish,of 2 ratings,$15.50
HSII,$19.487,1441056097387,"71,661",100% bullish,of 3 ratings,$25
HMNY,$2.18,1441056097518,300,100% bearish,of 1 rating,N/A
HELE,$85.137,1441056097547,"98,155",67% bearish,of 3 ratings,$100
HNNA,$24.735,1441056097652,"8,928",Not yet rated,NULL,N/A
HMTV,$13.613,1441056097680,"17,151",100% bearish,of 1 rating,$16
HCACU,$9.92,1441056097754,"17,812",Not yet rated,NULL,N/A
HERO,NULL,1441056097882,0,NULL,NULL,NULL
HSIC,$136.7963,1441056097980,"350,434",83% bullish,of 6 ratings,$146
HEOP,$7.773,1441056098013,"12,926",Not yet rated,NULL,$8.50
HTBK,$10.577,1441056098042,"39,467",Not yet rated,NULL,$12
HFWA,$17.717,1441056098078,"53,865",100% bullish,of 1 rating,$20
HCCI,$11.923,1441056098108,"95,879",100% bearish,of 1 rating,$16.50
MLHR,$27.107,1441056098251,"267,100",50% bullish,of 2 ratings,$33.50
HRTX,$38.457,1441056098278,"1,476,857",67% bullish,of 6 ratings,$41
HSKA,$33.747,1441056098417,"44,752",100% bearish,of 1 rating,$38
HPJ,$2.19,1441056098585,"21,120",75% bullish,of 4 ratings,$12.43
HIBB,$39.5,1441056098616,"239,060",100% bearish,of 1 rating,$46.50
HFFC,$15.98,1441056098637,"37,792",Not yet rated,NULL,N/A
HIHO,$4.22,1441056098670,"44,652",Not yet rated,NULL,N/A
HIFS,$116.98,1441056098770,"3,816",Not yet rated,NULL,N/A
HIMX,$6.92,1441056098800,"862,550",86% bullish,of 21 ratings,$8.50
HSGX,$6.19,1441056098827,"9,272",100% bearish,of 1 rating,$17
HMSY,$10.447,1441056098852,"864,437",67% bullish,of 3 ratings,$19.35
HMNF,$11.7,1441056099024,200,Not yet rated,NULL,N/A
HOLX,$38.8139,1441056099049,"1,241,923",50% bullish,of 4 ratings,$42
HOLI,$17.55,1441056099081,"71,337",50% bullish,of 4 ratings,$27
HBCP,$25.11,1441056099177,"1,195",Not yet rated,NULL,$29
HOMB,$38.117,1441056099209,"170,679",Not yet rated,NULL,$42
HFBL,$21.9999,1441056099342,100,Not yet rated,NULL,N/A
AWAY,$28.687,1441056099481,"432,378",67% bullish,of 3 ratings,$36
HMST,$22.257,1441056099513,"69,053",100% bullish,of 2 ratings,$27
HTBI,$18.187,1441056099540,"58,784",67% bullish,of 3 ratings,$18.625
HMIN,$26.6,1441056099565,"65,893",100% bearish,of 2 ratings,$35
CETC,$0.7301,1441056099615,"10,953",86% bullish,of 7 ratings,N/A
HOFT,$23.86,1441056099719,"32,521",100% bearish,of 1 rating,N/A
HKTV,$4.37,1441056099798,"4,597",100% bearish,of 1 rating,N/A
HFBC,$11.4,1441056099848,"1,818",Not yet rated,NULL,N/A
HZNP,$29.218,1441056099983,"994,928",85% bullish,of 20 ratings,$40
HBNC,$23.627,1441056100028,"22,804",100% bullish,of 1 rating,$27
ZINC,$8.177,1441056100053,"820,989",100% bearish,of 1 rating,$17
HDP,$23.757,1441056100078,"298,470",67% bearish,of 3 ratings,$30.50
HRZN,$10.53,1441056100132,"35,352",50% bullish,of 2 ratings,$14.25
HMHC,$22.577,1441056100290,"627,908",Not yet rated,NULL,$27
HWCC,$7.64,1441056100315,"71,398",100% bearish,of 1 rating,$9
HOVNP,$4.01,1441056100447,"4,402",100% bearish,of 1 rating,N/A
HUBG,$37.687,1441056100496,"162,303",100% bearish,of 1 rating,$43
HTGM,$5.77,1441056100542,"7,229",100% bearish,of 1 rating,$19.50
HSNI,$60.807,1441056100575,"224,831",Not yet rated,NULL,$80
HCBK,$9.3009,1441056100676,"1,655,009",83% bullish,of 6 ratings,$8.61
HSON,$2.58,1441056100832,"5,976",100% bearish,of 1 rating,$5
HBANP,NULL,1441056100992,0,100% bearish,of 1 rating,N/A
HBAN,$10.9089,1441056101013,"3,942,178",76% bullish,of 17 ratings,$12.29
HBMD,$14.46,1441056101035,700,100% bearish,of 1 rating,N/A
HTCH,$1.5,1441056101094,"74,664",100% bearish,of 1 rating,$3.50
HDSN,$3.12,1441056101168,"4,739",100% bullish,of 1 rating,$6.25
HURC,$30.837,1441056101238,"8,548",100% bearish,of 1 rating,N/A
HURN,$72.387,1441056101301,"117,973",50% bullish,of 2 ratings,$80
HBP,$3.15,1441056101436,"2,900",100% bullish,of 1 rating,N/A
HDRAR,$0.36,1441056101461,"20,000",Not yet rated,NULL,N/A
HDRA,NULL,1441056101508,0,Not yet rated,NULL,N/A
HDRAW,$0.264,1441056101611,900,Not yet rated,NULL,N/A
HDRAU,NULL,1441056101636,0,Not yet rated,NULL,N/A
HYGS,$9.29,1441056101717,"29,393",50% bullish,of 2 ratings,$13
IDSY,$3.75,1441056101791,"12,050",100% bearish,of 1 rating,$7
IKGH,$1.39,1441056101865,"29,759",75% bullish,of 4 ratings,N/A
IACI,$69.796,1441056101935,"572,026",75% bullish,of 4 ratings,$90
IBKC,$60.897,1441056101968,"146,679",100% bullish,of 1 rating,$70
ICAD,$3.97,1441056102067,"29,731",100% bullish,of 2 ratings,$7.25
IEP,$73.28,1441056102093,"54,430",75% bullish,of 4 ratings,$99
ICFI,$34.207,1441056102247,"44,981",50% bullish,of 2 ratings,$48.50
ICON,$13.89,1441056102274,"518,575",50% bullish,of 2 ratings,$18.50
ICLR,$77,1441056102421,"377,603",100% bearish,of 3 ratings,$85
ICUI,$113.52,1441056102453,"75,122",Not yet rated,NULL,$122
IPWR,$7.4,1441056102486,"6,708",100% bullish,of 1 rating,$15
INVE,$4.65,1441056102557,"64,819",75% bullish,of 4 ratings,$4
IDXX,$71.4614,1441056102587,"362,761",100% bearish,of 1 rating,$76
IDRA,$3.017,1441056102610,"1,525,646",89% bullish,of 9 ratings,$6.50
DSKY,$11.02,1441056102640,"78,976",67% bullish,of 6 ratings,$11.50
RXDX,$13.677,1441056102897,"102,597",100% bullish,of 1 rating,$20
IRG,$4.91,1441056102925,"14,444",100% bearish,of 1 rating,$4.25
IROQ,$16.71,1441056102954,"1,079",100% bullish,of 1 rating,N/A
IIVI,$16.887,1441056103003,"200,368",100% bearish,of 1 rating,$22
KANG,$15.72,1441056103060,"214,112",50% bullish,of 2 ratings,$22.55
IKAN,$2.73,1441056103190,"102,048",83% bullish,of 6 ratings,$5
IKNX,$12.56,1441056103271,"4,710",100% bearish,of 1 rating,N/A
ILMN,$197.6298,1441056103372,"972,766",80% bullish,of 5 ratings,$245
ISNS,$4.14,1441056103400,"25,069",50% bullish,of 2 ratings,N/A
IMNP,$1.3,1441056103443,"84,910",50% bullish,of 2 ratings,$6
ICCC,$7.26,1441056103474,"6,538",100% bullish,of 1 rating,N/A
IMMR,$11.587,1441056103495,"117,170",80% bullish,of 5 ratings,$15.50
IMDZ,$16.01,1441056103516,"59,246",100% bearish,of 1 rating,$33
IMGN,$13.457,1441056103650,"805,345",75% bullish,of 4 ratings,$17.50
IPXL,$40.957,1441056103850,"837,016",67% bullish,of 3 ratings,$46.50
IMMY,$7.79,1441056103876,"6,500",100% bearish,of 1 rating,$11
IMMU,$2.157,1441056103897,"672,051",86% bullish,of 7 ratings,$2
INCR,$41.01,1441056104030,"309,077",50% bullish,of 2 ratings,$53
SAAS,$7.547,1441056104082,"645,124",50% bullish,of 2 ratings,$15
IBCP,$14.067,1441056104165,"56,281",100% bullish,of 1 rating,$14.50
INDB,$45.29,1441056104197,"81,509",Not yet rated,NULL,$44
INCY,$116.2016,1441056104218,"1,174,522",50% bullish,of 6 ratings,$125.50
IDSA,$3.56,1441056104262,"1,034",Not yet rated,NULL,N/A
IBTX,$42.39,1441056104290,"18,694",100% bullish,of 2 ratings,$47.25
INFN,$21.817,1441056104349,"1,710,472",71% bullish,of 7 ratings,$28
INFI,$8.817,1441056104452,"405,816",50% bullish,of 4 ratings,$18
IPCC,$77.28,1441056104557,"16,305",Not yet rated,NULL,$77.50
IFON,$1.26,1441056104583,"18,692",75% bullish,of 4 ratings,N/A
IMKTA,$49.7,1441056104780,"96,914",100% bearish,of 1 rating,N/A
III,$3.71,1441056104806,"75,536",57% bullish,of 7 ratings,$6
INWK,$7.257,1441056104836,"85,802",50% bullish,of 2 ratings,$10
INOD,$2.39,1441056104934,"76,986",100% bearish,of 1 rating,N/A
INNL,$12.73,1441056104988,"1,804",100% bearish,of 1 rating,$16.50
IPHS,$48.073,1441056105014,"250,450",100% bearish,of 1 rating,$60
IOSP,$49.097,1441056105044,"209,915",100% bearish,of 1 rating,N/A
ISSC,$2.83,1441056105065,"2,634",67% bearish,of 3 ratings,N/A
ITEK,$12.35,1441056105199,"199,018",100% bearish,of 3 ratings,$20
INOV,$21.89,1441056105264,"245,424",100% bearish,of 1 rating,$33
INO,$7.487,1441056105414,"880,073",89% bullish,of 18 ratings,$20
NSIT,$25.307,1441056105442,"173,771",50% bullish,of 2 ratings,N/A
INGN,$49.29,1441056105617,"170,112",100% bearish,of 1 rating,$50.50
ISIG,$2.68,1441056105647,"21,994",100% bearish,of 1 rating,N/A
INSM,$24.437,1441056105674,"343,034",71% bullish,of 7 ratings,$31.50
INSY,$32.417,1441056105716,"333,399",75% bullish,of 4 ratings,$48
IIIN,$17.307,1441056105744,"40,501",100% bearish,of 2 ratings,N/A
PODD,$29.707,1441056105809,"242,799",67% bearish,of 3 ratings,$35
NTEC,$5.55,1441056105834,"32,892",100% bearish,of 1 rating,N/A
IART,$59.977,1441056105998,"622,238",100% bearish,of 2 ratings,$71.50
INTC,$28.53,1441056106094,"29,770,443",82% bullish,of 238 ratings,$36
IESC,$7.24,1441056106230,"9,124",100% bearish,of 1 rating,N/A
ISSI,$21.967,1441056106258,"160,143",67% bullish,of 3 ratings,$19.75
IDTI,$18.987,1441056106279,"1,196,930",60% bullish,of 5 ratings,$25
IPCI,$2.28,1441056106421,"63,917",67% bullish,of 6 ratings,$8
IPAR,$25.697,1441056106514,"108,300",67% bullish,of 3 ratings,$38
IQNT,$18.317,1441056106583,"213,047",86% bullish,of 7 ratings,$20
ICLD,$1.87,1441056106664,"128,861",75% bullish,of 4 ratings,N/A
ININ,$35.007,1441056106692,"93,811",67% bearish,of 3 ratings,$57
IBKR,$39.917,1441056106722,"524,007",100% bullish,of 1 rating,N/A
ICPT,$189.26,1441056106823,"199,715",70% bullish,of 10 ratings,$359.50
ICLDW,NULL,1441056106853,0,100% bearish,of 1 rating,N/A
IDCC,$49.467,1441056106962,"230,473",80% bullish,of 5 ratings,$63
IMI,$2.14,1441056106991,"26,724",67% bullish,of 3 ratings,$2.22
TILE,$24.237,1441056107016,"606,829",100% bearish,of 3 ratings,$27
INAP,$7.967,1441056107214,"113,489",75% bullish,of 4 ratings,$11
IBOC,$25.647,1441056107287,"115,287",100% bearish,of 1 rating,N/A
ISCA,$32.087,1441056107358,"98,691",100% bearish,of 1 rating,N/A
IIJI,NULL,1441056107386,0,50% bullish,of 2 ratings,$11.50
PTNT,$3.04,1441056107413,433,Not yet rated,NULL,N/A
IGLD,$6.9,1441056107438,"1,226",50% bullish,of 2 ratings,N/A
INPH,$0.2821,1441056107573,"25,883",50% bullish,of 2 ratings,N/A
INTX,$1.99,1441056107599,"108,370",67% bullish,of 3 ratings,N/A
XENT,$25.457,1441056107648,"159,345",50% bullish,of 2 ratings,$36.50
ISIL,$10.537,1441056107785,"656,348",50% bullish,of 6 ratings,$15
IILG,$20.057,1441056107850,"116,262",100% bearish,of 1 rating,$29
INTL,$26.46,1441056107888,"61,003",67% bearish,of 3 ratings,N/A
IVAC,$4.71,1441056107933,"20,985",100% bearish,of 1 rating,$6.625
INTLL,$26,1441056108078,"2,500",Not yet rated,NULL,N/A
ITCI,$26.787,1441056108123,"325,025",75% bearish,of 4 ratings,$40
IIN,$6.9,1441056108216,"2,145",100% bearish,of 1 rating,$12
ISRG,$511.0011,1441056108309,"139,805",67% bullish,of 3 ratings,$600
INVT,$0.338,1441056108406,"133,058",67% bullish,of 3 ratings,N/A
ISTR,$15.74,1441056108437,502,100% bearish,of 1 rating,$18.50
SNAK,$8.653,1441056108504,"32,627",50% bullish,of 2 ratings,$14
ISBC,$11.777,1441056108533,"1,126,309",100% bullish,of 1 rating,$13.25
INTU,$85.7414,1441056108669,"1,982,861",86% bullish,of 7 ratings,$107.50
ITIC,$71.5,1441056108691,538,100% bearish,of 2 ratings,N/A
NVIV,$9.747,1441056108726,"135,372",50% bullish,of 4 ratings,$24.50
IVTY,$13.56,1441056108823,"6,557",Not yet rated,NULL,$18
DTUL,NULL,1441056108954,0,Not yet rated,NULL,N/A
IPAS,$1.09,1441056109003,"33,623",67% bullish,of 3 ratings,N/A
DFVL,$66.6,1441056109134,6,Not yet rated,NULL,N/A
IPCM,$79.397,1441056109160,"94,101",50% bullish,of 2 ratings,$80.125
IRMD,$23.9,1441056109185,"30,540",67% bearish,of 3 ratings,$25
IPGP,$84.417,1441056109245,"358,224",67% bearish,of 3 ratings,$109.50
IRIX,$6.72,1441056109350,"35,798",100% bearish,of 1 rating,N/A
IRBT,$29.297,1441056109379,"139,448",67% bullish,of 6 ratings,$37
IRDM,$7.447,1441056109481,"885,899",60% bullish,of 5 ratings,$11.50
IRDMB,$282,1441056109520,137,67% bearish,of 3 ratings,N/A
IRCP,NULL,1441056109556,0,100% bullish,of 2 ratings,N/A
IRWD,$10.997,1441056109585,"635,610",100% bearish,of 1 rating,$13
GNMA,$50.26,1441056109618,"7,903",Not yet rated,NULL,N/A
COMT,$34.49,1441056109683,"17,887",100% bearish,of 1 rating,N/A
FCHI,NULL,1441056109826,0,NULL,NULL,NULL
IFAS,NULL,1441056109848,0,NULL,NULL,NULL
IFEU,$38.09,1441056110010,"79,455",Not yet rated,NULL,N/A
IFNA,NULL,1441056110034,0,NULL,NULL,NULL
IFGL,$28.24,1441056110055,"711,500",Not yet rated,NULL,N/A
ACWX,$40.76,1441056110106,"187,800",100% bearish,of 1 rating,N/A
AAIT,NULL,1441056110183,0,NULL,NULL,NULL
AXJS,NULL,1441056110206,0,NULL,NULL,NULL
ACWI,$55.86,1441056110273,"1,005,753",Not yet rated,NULL,N/A
AAXJ,$53.34,1441056110339,"1,165,911",Not yet rated,NULL,N/A
EMDI,NULL,1441056110405,0,NULL,NULL,NULL
EEME,NULL,1441056110427,0,NULL,NULL,NULL
EEMA,$50.47,1441056110478,"45,069",Not yet rated,NULL,N/A
EGRW,NULL,1441056110605,0,NULL,NULL,NULL
EVAL,NULL,1441056110667,0,NULL,NULL,NULL
EMEY,NULL,1441056110690,0,NULL,NULL,NULL
EEML,$27.4,1441056110753,"2,900",Not yet rated,NULL,N/A
IEUS,$45.91,1441056111066,"4,514",100% bearish,of 1 rating,N/A
UAE,$18.64,1441056111096,"4,085",Not yet rated,NULL,N/A
EUFN,$21.78,1441056111118,"41,365",100% bearish,of 1 rating,N/A
QAT,$21.87,1441056111202,"13,000",Not yet rated,NULL,N/A
SOXX,$83.26,1441056111251,"322,351",50% bullish,of 2 ratings,N/A
ICLN,$9.44,1441056111279,"8,465",50% bullish,of 2 ratings,N/A
EMIF,$28.61,1441056111301,"28,678",Not yet rated,NULL,N/A
IBB,$340.8,1441056111327,"841,337",63% bullish,of 8 ratings,N/A
ISLE,$18.457,1441056111700,"421,916",50% bullish,of 4 ratings,$16
INDY,$27.42,1441056111729,"74,073",50% bullish,of 2 ratings,N/A
WOOD,$48.25,1441056111761,"19,825",50% bullish,of 2 ratings,N/A
ISIS,$50.185,1441056111838,"1,363,556",53% bullish,of 15 ratings,$67
IGOV,$90.45,1441056111865,"213,885",100% bearish,of 1 rating,N/A
ISHG,$79.575,1441056111886,"3,927",100% bearish,of 1 rating,N/A
ISRL,$131,1441056111942,498,100% bearish,of 1 rating,N/A
ITRI,$29.997,1441056112167,"214,883",100% bearish,of 1 rating,$37
ITRN,$24.19,1441056112193,"2,034",50% bullish,of 2 ratings,N/A
ITUS,$4.19,1441056112221,"1,800",Not yet rated,NULL,N/A
XXIA,$15.467,1441056112248,"542,167",71% bullish,of 7 ratings,$14.625
IXYS,$11.787,1441056112274,"186,369",50% bullish,of 4 ratings,N/A
MAYS,$53,1441056112417,181,Not yet rated,NULL,N/A
JJSF,$113.962,1441056112442,"47,373",100% bearish,of 1 rating,N/A
JBHT,$72.7873,1441056112601,"605,731",50% bullish,of 4 ratings,$89.50
JCOM,$69.577,1441056112655,"233,835",100% bullish,of 2 ratings,$77
JASO,$8.01,1441056112734,"657,054",82% bullish,of 17 ratings,$10
JACK,$78.177,1441056112794,"355,212",83% bullish,of 6 ratings,$105
JKHY,$67.957,1441056112820,"230,611",50% bullish,of 2 ratings,$72
JXSB,NULL,1441056112863,0,Not yet rated,NULL,N/A
JAXB,$13.93,1441056112951,774,100% bullish,of 1 rating,N/A
JAKK,$9.7614,1441056113010,"635,286",60% bearish,of 5 ratings,$11
JAGX,$2.87,1441056113037,"18,103",Not yet rated,NULL,$10.50
JMBA,$13.823,1441056113171,"98,832",75% bullish,of 4 ratings,$18
ERW,$50.26,1441056113202,159,Not yet rated,NULL,N/A
JASN,$4.99,1441056113223,"4,209",50% bullish,of 2 ratings,$9.50
JRVR,$27.6,1441056113252,"59,529",Not yet rated,NULL,$32
JASNW,NULL,1441056113299,0,50% bullish,of 2 ratings,N/A
JAZZ,$168.8369,1441056113443,"276,570",80% bullish,of 15 ratings,$206.50
JD,$25.99,1441056113578,"5,751,798",75% bullish,of 16 ratings,$36
DATE,$6.05,1441056113677,"20,982",75% bullish,of 4 ratings,$9
JTPY,$2.95,1441056113704,"1,670",100% bearish,of 1 rating,N/A
JCTCF,NULL,1441056113730,0,100% bullish,of 1 rating,N/A
JBLU,$22.317,1441056113751,"3,312,860",94% bullish,of 18 ratings,$27
JST,$3.85,1441056113959,"15,235",75% bullish,of 4 ratings,N/A
WYIGU,NULL,1441056114033,0,100% bearish,of 1 rating,N/A
JIVE,$4.513,1441056114109,"172,452",75% bullish,of 4 ratings,$5
JOUT,$25.07,1441056114142,"10,128",100% bearish,of 1 rating,$34
