Symbol,Price,Date,Volume,Rating,RatingVoteCount,OneYearEstimate
SRCE,$29.67,1440432902192,"8,961",100% bullish,of 3 ratings,$33
TFSCU,NULL,1440432902222,0,Not yet rated,NULL,N/A
TFSCW,NULL,1440432902251,0,100% bearish,of 1 rating,N/A
TFSCR,NULL,1440432902279,0,Not yet rated,NULL,N/A
FCCY,NULL,1440432902308,0,100% bullish,of 1 rating,$13
PIH,$6.98,1440432902334,"4,700",100% bearish,of 1 rating,N/A
TFSC,NULL,1440432902358,0,100% bearish,of 1 rating,N/A
FLWS,$9.29,1440432902412,"100,042",100% bullish,of 5 ratings,$15
FCTY,NULL,1440432902632,0,100% bullish,of 1 rating,$8.50
TWOU,$34.49,1440432902663,"134,425",50% bullish,of 2 ratings,$39
VNET,$18.03,1440432902695,"961,965",60% bullish,of 5 ratings,$29.50
DGLD,$76.45,1440432902724,"17,214",100% bearish,of 1 rating,N/A
UGLD,$9.92,1440432902763,"260,638",100% bearish,of 1 rating,N/A
DSLV,$66.0792,1440432902827,"27,405",100% bearish,of 1 rating,N/A
USLV,$13.4903,1440432902899,"316,823",86% bullish,of 7 ratings,N/A
JOBS,$24.93,1440432902925,"158,757",50% bullish,of 4 ratings,$36
ABAX,$46.83,1440432903304,"34,492",100% bearish,of 1 rating,$60
AVHI,$13.6,1440432903334,"5,544",100% bearish,of 1 rating,$19
EGHT,$8.05,1440432903366,"183,438",82% bullish,of 17 ratings,$11
CAFD,$15.26,1440432903394,"176,515",Not yet rated,NULL,$25
SIXD,$1.34,1440432903420,"50,447",Not yet rated,NULL,N/A
ABY,$19.49,1440432903450,"297,128",100% bearish,of 2 ratings,$46
AAON,$21.05,1440432903476,"29,782",100% bearish,of 1 rating,$24
ABGB,$4.4,1440432903548,"43,339",67% bullish,of 3 ratings,$5.50
ABEO,$4.61,1440432903701,"109,363",67% bullish,of 3 ratings,$15.50
ABEOW,$1.5,1440432903845,"1,350",100% bullish,of 1 rating,N/A
AXAS,$1.565,1440432903877,"415,537",78% bullish,of 9 ratings,$3.50
ABMD,$94.48,1440432903899,"461,600",75% bullish,of 4 ratings,$100.50
SHLM,$34.06,1440432903929,"31,285",100% bearish,of 1 rating,$50
ACTG,$8.58,1440432903978,"123,298",67% bullish,of 3 ratings,$18.50
ACHC,$71.4,1440432904060,"465,353",50% bullish,of 2 ratings,$92
ACAD,$35.28,1440432904203,"415,690",80% bullish,of 20 ratings,$48
ACST,$0.33,1440432904228,"9,915",100% bullish,of 2 ratings,N/A
XLRN,$27.91,1440432904257,"68,039",50% bullish,of 2 ratings,$57
ARAY,$6.465,1440432904359,"538,040",100% bearish,of 1 rating,$10.50
AXDX,$18.39,1440432904438,"62,586",100% bearish,of 1 rating,N/A
VXDN,$2.7889,1440432904465,"420,112",100% bearish,of 1 rating,N/A
ANCX,$18.65,1440432904500,"14,318",Not yet rated,NULL,$19
ACRX,$4.0199,1440432904663,"157,515",67% bearish,of 6 ratings,$5.50
VXUP,$2.29,1440432904693,"407,820",Not yet rated,NULL,N/A
ACET,$23.49,1440432904722,"28,167",75% bullish,of 4 ratings,$30
AKAO,$6.2208,1440432904830,"86,866",75% bullish,of 4 ratings,$15
ACHN,$7.56,1440432904960,"1,312,397",90% bullish,of 21 ratings,$16
ACNB,$20.1086,1440432904989,"12,944",Not yet rated,NULL,N/A
ACIW,$21.73,1440432905049,"121,640",50% bullish,of 2 ratings,$24
ACOR,$29.944,1440432905093,"145,981",67% bearish,of 3 ratings,$38.50
ACTS,$1.45,1440432905136,"28,800",100% bearish,of 1 rating,N/A
ACPW,$1.74,1440432905196,"46,963",100% bullish,of 4 ratings,$3.50
ATVI,$26.955,1440432905299,"2,418,429",68% bullish,of 84 ratings,$31.50
ACTA,$13.49,1440432905358,"41,826",67% bearish,of 3 ratings,$25
ACUR,$0.5901,1440432905455,"21,999",100% bullish,of 5 ratings,$1
ADMP,$3.63,1440432905594,"26,999",50% bullish,of 2 ratings,$10
ACXM,$20,1440432905623,"213,803",67% bullish,of 3 ratings,N/A
ADMS,$19.35,1440432905698,"29,466",100% bearish,of 2 ratings,$36
ADAP,$12.065,1440432905724,"45,966",67% bullish,of 3 ratings,$22
AEY,$2.2603,1440432905803,"4,500",100% bearish,of 2 ratings,N/A
ADUS,$29.2,1440432905852,"14,994",100% bearish,of 1 rating,$31
ADEP,$6.56,1440432905950,"33,767",50% bullish,of 2 ratings,$10.75
ADMA,$9.2575,1440432906034,"9,320",Not yet rated,NULL,$19
ADBE,$76.65,1440432906061,"1,651,764",65% bullish,of 17 ratings,$90
AMD,$1.765,1440432906234,"4,633,916",83% bullish,of 103 ratings,$2
ADTN,$15.405,1440432906264,"88,724",67% bullish,of 3 ratings,$17.125
AEIS,$24.04,1440432906318,"125,023",50% bullish,of 2 ratings,$32.50
ADRO,$18.666,1440432906367,"180,520",80% bullish,of 5 ratings,$45.50
ADXS,$14.36,1440432906457,"347,397",64% bullish,of 14 ratings,$27
ADXSW,$9.62,1440432906559,"6,078",100% bullish,of 1 rating,N/A
AEHR,$2.211,1440432906765,"20,050",50% bullish,of 2 ratings,N/A
AMTX,$2.74,1440432906793,"11,175",50% bullish,of 2 ratings,$26.11
AEPI,$55.56,1440432906895,"11,142",100% bearish,of 1 rating,N/A
YPRO,$23.2,1440432907153,400,100% bearish,of 1 rating,N/A
AERI,$16.12,1440432907220,"265,598",75% bullish,of 4 ratings,$31.50
AVAV,$23.8356,1440432907298,"73,492",50% bullish,of 4 ratings,$31
MULT,NULL,1440432907354,0,100% bearish,of 1 rating,N/A
AEGN,$18.12,1440432907375,"43,077",100% bearish,of 1 rating,$21
AEGR,$17.93,1440432907406,"142,562",50% bullish,of 6 ratings,$26
AEZS,$0.09,1440432907456,"5,305,885",90% bullish,of 21 ratings,$1.50
AEMD,$6.82,1440432907537,"18,268",Not yet rated,NULL,$27.50
AFMD,$10.16,1440432907562,"78,389",50% bullish,of 4 ratings,$15
AFFX,$8.98,1440432907706,"272,720",80% bullish,of 5 ratings,$12
AGRX,$8.405,1440432907791,"17,766",100% bearish,of 1 rating,$17.50
AGEN,$6.868,1440432907817,"533,899",85% bullish,of 13 ratings,$14
AGYS,$9.47,1440432907862,"7,036",100% bearish,of 1 rating,N/A
AGIO,$83.2275,1440432907963,"221,131",88% bullish,of 8 ratings,$114
AGFS,$9.98,1440432907988,"32,484",100% bearish,of 1 rating,N/A
AGFSW,$1.8,1440432908258,"15,928",100% bearish,of 2 ratings,N/A
AIRM,$36.32,1440432908334,"72,596",80% bearish,of 5 ratings,$53
ATSG,$8.88,1440432908368,"82,753",67% bullish,of 3 ratings,$13
AIRT,$21.83,1440432908389,16,100% bullish,of 1 rating,N/A
AIMT,$20.12,1440432908467,"49,711",Not yet rated,NULL,N/A
AMCN,$4.435,1440432908537,"715,679",83% bullish,of 6 ratings,N/A
AKAM,$67.872,1440432908716,"972,278",63% bullish,of 8 ratings,$77
AKBA,$6.65,1440432908802,"93,551",100% bearish,of 1 rating,$18
ALRM,$15.9876,1440432908877,"114,584",100% bearish,of 1 rating,$22
AKER,$2.618,1440432908934,"21,468",Not yet rated,NULL,N/A
ALSK,$2.08,1440432909321,"78,379",78% bullish,of 18 ratings,$2
AMRI,$19.71,1440432909404,"123,370",75% bearish,of 4 ratings,$24
ABDC,$12.3199,1440432909452,"82,663",Not yet rated,NULL,$15
ADHD,$8.5,1440432909482,"115,687",50% bullish,of 4 ratings,$18
ALDR,$37.08,1440432909538,"241,881",67% bearish,of 3 ratings,$62
AIXG,$5.7601,1440432909585,"12,369",67% bearish,of 3 ratings,$5.25
AKRX,$39.44,1440432909613,"514,488",78% bullish,of 9 ratings,$56
ALDX,$7.36,1440432909873,"9,738",100% bearish,of 1 rating,$14.50
ALXN,$171.4768,1440432909898,"758,727",88% bullish,of 8 ratings,$223
ALXA,$1.1,1440432909947,"7,160",83% bullish,of 6 ratings,$2.125
ALCO,$41,1440432910200,"2,679",50% bullish,of 2 ratings,N/A
ALGT,$214.62,1440432910229,"39,463",100% bearish,of 1 rating,$235
ALKS,$59.34,1440432910258,"329,201",67% bullish,of 3 ratings,$75
ALIM,$3.11,1440432910339,"64,976",80% bullish,of 5 ratings,$10
ALLB,$22.87,1440432910475,"1,595",Not yet rated,NULL,N/A
ALGN,$56,1440432910505,"143,242",100% bearish,of 2 ratings,$73
AFOP,$16.884,1440432910527,"141,129",75% bullish,of 8 ratings,$21
ARLP,$24.0499,1440432910661,"191,457",67% bearish,of 3 ratings,$32
AHGP,$35.48,1440432910722,"35,332",67% bullish,of 3 ratings,N/A
AIQ,$14.36,1440432910792,"6,274",67% bullish,of 3 ratings,N/A
AHPI,$1.4526,1440432910938,"1,189",50% bullish,of 2 ratings,N/A
ALQA,$4.28,1440432910998,"18,378",75% bullish,of 4 ratings,$8.50
ALLT,$5.14,1440432911131,"39,424",75% bullish,of 4 ratings,$6.25
MDRX,$13.425,1440432911166,"796,594",60% bullish,of 5 ratings,$16
ALNY,$97.7275,1440432911465,"294,090",67% bullish,of 3 ratings,$148.50
SMCP,NULL,1440432911562,0,Not yet rated,NULL,N/A
ATEC,$0.5702,1440432911659,"106,714",100% bullish,of 1 rating,$2
ALTR,$47.48,1440432911766,"1,557,934",80% bearish,of 5 ratings,$54
AFAM,$44.97,1440432911794,"32,726",50% bullish,of 2 ratings,$44
AOSL,$7.36,1440432911837,"16,459",67% bullish,of 3 ratings,$9
AIMC,$25.25,1440432912055,"25,021",100% bearish,of 1 rating,$28.50
AMOT,$17.925,1440432912103,"35,437",100% bearish,of 1 rating,N/A
AMRN,$2.05,1440432912250,"751,156",85% bullish,of 39 ratings,$8
AMAG,$59.73,1440432912275,"268,826",100% bullish,of 2 ratings,$77.50
AMRK,$10.51,1440432912316,"2,029",50% bullish,of 2 ratings,$14
AYA,$21.31,1440432912510,"63,134",100% bearish,of 1 rating,$40
ASPS,$27.3894,1440432912643,"156,858",67% bullish,of 3 ratings,$46.50
AMZN,$487.99,1440432912695,"2,942,610",81% bullish,of 263 ratings,$646
AMBC,$15.41,1440432912721,"99,412",100% bearish,of 1 rating,$16.50
AMBCW,NULL,1440432912872,0,100% bearish,of 1 rating,N/A
AMBA,$91.62,1440432912929,"2,252,235",83% bullish,of 12 ratings,$102.50
EPAX,$2.66,1440432912982,"25,950",100% bearish,of 1 rating,N/A
AMCX,$67.29,1440432913086,"232,390",67% bullish,of 3 ratings,$87.50
DOX,$57.39,1440432913219,"248,655",50% bullish,of 2 ratings,$60
AMDA,$0.4395,1440432913278,"989,447",90% bullish,of 10 ratings,$1
UHAL,$357,1440432913356,"13,646",100% bullish,of 2 ratings,$393.50
AMED,$39.13,1440432913439,"118,179",100% bearish,of 1 rating,$42
AMOV,$17.35,1440432913547,"2,847",100% bearish,of 1 rating,N/A
ATAX,$5.16,1440432913602,"182,032",100% bullish,of 1 rating,$6.50
ASBI,$22.3002,1440432913653,650,Not yet rated,NULL,N/A
AAL,$39.2599,1440432913735,"6,116,856",93% bullish,of 88 ratings,$57
AGNC,$19.59,1440432913873,"2,119,360",75% bullish,of 28 ratings,$22
AGNCP,$25.2271,1440432913975,"10,643",Not yet rated,NULL,N/A
MTGE,$15.49,1440432914000,"233,844",75% bullish,of 4 ratings,$19.50
MTGEP,$24.2299,1440432914140,"5,300",Not yet rated,NULL,N/A
ACSF,$12.1299,1440432914240,"10,779",100% bearish,of 1 rating,$15
ACAS,$13.505,1440432914285,"610,160",60% bullish,of 5 ratings,$16.75
ANCI,$1.42,1440432914368,454,100% bearish,of 1 rating,N/A
AETI,$4.2,1440432914394,338,67% bearish,of 3 ratings,N/A
AMIC,NULL,1440432914456,0,Not yet rated,NULL,N/A
ANAT,$99.31,1440432914556,"17,357",100% bullish,of 1 rating,N/A
AMNB,$22.85,1440432914623,"8,184",Not yet rated,NULL,$25.50
AGNCB,$24.06,1440432914684,"3,803",Not yet rated,NULL,N/A
AMRB,$9.99,1440432914875,"5,701",Not yet rated,NULL,$11
ARII,$38.5,1440432914906,"100,769",67% bearish,of 3 ratings,$45
APEI,$21.6,1440432914932,"17,740",100% bearish,of 1 rating,$25.50
ASEI,$39.13,1440432915007,"13,023",100% bearish,of 1 rating,$52.50
AMSC,$3.62,1440432915256,"52,270",50% bullish,of 4 ratings,N/A
AMSWA,$9.18,1440432915289,"32,945",100% bearish,of 2 ratings,$10.75
AMWD,$67.35,1440432915311,"93,675",50% bullish,of 2 ratings,$53
ABCB,$27.39,1440432915391,"57,258",Not yet rated,NULL,$31
CRMT,$37.16,1440432915445,"18,176",100% bearish,of 1 rating,$39
ASRV,$3.22,1440432915579,700,100% bullish,of 2 ratings,N/A
AMSF,$48.74,1440432915708,"18,335",Not yet rated,NULL,$57.50
ATLO,$24.29,1440432915737,"5,920",Not yet rated,NULL,N/A
AMGN,$152.788,1440432915812,"2,334,240",89% bullish,of 19 ratings,$185
ASRVP,$27.5,1440432915842,400,Not yet rated,NULL,N/A
FOLD,$14.25,1440432915943,"596,683",56% bullish,of 9 ratings,$21
AMKR,$4.667,1440432916015,"522,923",100% bearish,of 2 ratings,$5
AMPH,$13.6,1440432916242,"51,715",50% bullish,of 2 ratings,$20
AMSG,$79.7,1440432916267,"191,352",100% bearish,of 1 rating,$85.50
AMSGP,NULL,1440432916292,0,Not yet rated,NULL,N/A
ASYS,$5.08,1440432916323,"22,344",67% bullish,of 3 ratings,$12
AMRS,$1.58,1440432916475,"104,687",70% bullish,of 10 ratings,N/A
ANAD,$0.3101,1440432916537,"118,263",100% bullish,of 2 ratings,$.50
AFSI,$57.11,1440432916565,"367,193",60% bullish,of 5 ratings,$72
ANAC,$126.77,1440432916593,"221,812",80% bullish,of 5 ratings,$180.50
ADI,$53.305,1440432916880,"1,802,615",67% bullish,of 3 ratings,$69
ALOG,$80.54,1440432916905,"29,685",100% bearish,of 2 ratings,$100.50
ANCB,$22.14,1440432916963,100,Not yet rated,NULL,$23
ANGI,$4.71,1440432917095,"320,505",64% bullish,of 11 ratings,$5.50
AMCF,$0.27,1440432917233,"19,365",100% bullish,of 7 ratings,N/A
ABCW,$39.22,1440432917294,"4,832",67% bullish,of 3 ratings,N/A
ANGO,$14.57,1440432917334,"20,102",67% bullish,of 3 ratings,$19
ANIP,$49.55,1440432917365,"78,429",89% bullish,of 19 ratings,$66
ANIK,$33.72,1440432917392,"43,529",60% bullish,of 5 ratings,$51.25
ANSS,$88.83,1440432917419,"171,306",100% bearish,of 1 rating,$100
ATRS,$1.84,1440432917467,"400,605",92% bullish,of 12 ratings,$4.50
ANTH,$7.48,1440432917636,"795,589",80% bullish,of 10 ratings,$13
ABAC,$0.6499,1440432917767,"20,314",100% bearish,of 1 rating,N/A
ATNY,$2.4,1440432917793,"3,301",50% bullish,of 2 ratings,$3.75
APOG,$50.21,1440432917874,"62,564",100% bullish,of 1 rating,$67
APIC,$6.3201,1440432917922,"88,187",100% bearish,of 1 rating,$19
APOL,$10.98,1440432918153,"440,467",87% bearish,of 68 ratings,$14
APPF,$15.86,1440432918230,"24,836",50% bullish,of 2 ratings,$22
AAPL,$108.15,1440432918266,"59,818,152",86% bullish,of 2341 ratings,$150
APDNW,$1.1442,1440432918296,"6,573",Not yet rated,NULL,N/A
AINV,$6.4,1440432918369,"1,245,497",50% bullish,of 4 ratings,$8
ARCI,$1.3,1440432918396,362,Not yet rated,NULL,N/A
APDN,$3.05,1440432918426,"39,387",Not yet rated,NULL,$9
AGTC,$15.51,1440432918471,"21,542",50% bullish,of 2 ratings,$33
AMAT,$15.45,1440432918631,"7,559,193",82% bullish,of 11 ratings,$23
AMCC,$5.31,1440432918895,"349,591",80% bullish,of 5 ratings,$8
AREX,$2.02,1440432919027,"391,266",100% bearish,of 1 rating,$3
APRI,$1.26,1440432919078,"84,292",83% bullish,of 6 ratings,$4.86
AAOI,$19.2,1440432919103,"188,764",50% bullish,of 4 ratings,$26
AQXP,$18.8101,1440432919158,"323,364",50% bullish,of 2 ratings,$2
APTO,$4.69,1440432919184,"4,351",Not yet rated,NULL,$17
AQMS,$4.7,1440432919315,"5,586",Not yet rated,NULL,N/A
AUMAU,$9.97,1440432919356,600,Not yet rated,NULL,N/A
AUMA,$9.75,1440432919483,400,Not yet rated,NULL,N/A
PETX,$17.36,1440432919581,"163,376",100% bearish,of 2 ratings,$26
AUMAW,NULL,1440432919608,0,Not yet rated,NULL,N/A
ARDM,$6.9001,1440432919711,150,100% bullish,of 1 rating,$26
ABIO,$0.8538,1440432919757,"161,695",50% bullish,of 2 ratings,$3.75
ARCW,$3.42,1440432919784,"2,886",100% bearish,of 2 ratings,$10.50
ABUS,$7.0225,1440432919809,"183,977",86% bullish,of 14 ratings,$23
RKDA,$5.6,1440432919989,"4,686",100% bearish,of 2 ratings,$10
ACGL,$68.79,1440432920153,"167,300",50% bullish,of 2 ratings,$72
ARCC,$15.01,1440432920251,"2,212,411",67% bearish,of 3 ratings,$17.875
ACAT,$25.97,1440432920322,"110,509",100% bearish,of 3 ratings,$33
ARCB,$29.24,1440432920347,"88,312",67% bearish,of 3 ratings,$39.50
AGII,$56.035,1440432920377,"59,114",Not yet rated,NULL,$59.50
ARNA,$2.815,1440432920406,"1,016,889",90% bullish,of 77 ratings,$5.50
ARDX,$17.24,1440432920432,"24,917",50% bullish,of 2 ratings,$24.50
ARGS,$6.06,1440432920508,"67,159",50% bullish,of 2 ratings,$19.50
AGIIL,$25.09,1440432920797,"5,851",Not yet rated,NULL,N/A
ARIS,$3.16,1440432920826,"1,829",Not yet rated,NULL,$4.50
ARKR,$24.36,1440432920886,"2,300",50% bullish,of 2 ratings,N/A
ARIA,$6.7,1440432920911,"1,249,744",87% bullish,of 46 ratings,$9
ARMH,$40.98,1440432920941,"1,213,411",54% bearish,of 13 ratings,$61
ARWA,NULL,1440432921043,0,Not yet rated,NULL,N/A
ARTX,$1.4338,1440432921091,"153,363",88% bullish,of 16 ratings,$4.50
ARWAR,NULL,1440432921233,0,Not yet rated,NULL,N/A
ARWAU,$10.2,1440432921272,400,100% bullish,of 1 rating,N/A
ARRS,$26.1,1440432921427,"420,277",50% bullish,of 2 ratings,$38
ARWAW,$0.1051,1440432921522,"1,436",Not yet rated,NULL,N/A
DWAT,$9.72,1440432921620,"4,353",100% bearish,of 1 rating,N/A
AROW,$26.9514,1440432921649,"17,041",Not yet rated,NULL,N/A
ARQL,$1.6112,1440432921677,"108,773",75% bullish,of 4 ratings,$5
ARRY,$5.42,1440432921699,"617,475",100% bullish,of 7 ratings,$10
ARWR,$5.255,1440432921836,"767,671",75% bullish,of 4 ratings,$10.50
ASBB,$23.75,1440432922116,400,Not yet rated,NULL,N/A
ARTNA,$22.0601,1440432922138,"10,386",100% bearish,of 1 rating,$29
ARTW,$4.35,1440432922194,"2,393",75% bearish,of 4 ratings,N/A
ASNA,$11.255,1440432922220,"1,218,239",50% bullish,of 2 ratings,$18
ASCMA,$27.84,1440432922278,"32,623",100% bearish,of 1 rating,$45
ASND,$17.89,1440432922304,"22,195",100% bullish,of 1 rating,$30
ASTI,$0.1111,1440432922376,"654,884",83% bullish,of 6 ratings,$3
APWC,$1.8001,1440432922505,"1,602",100% bearish,of 1 rating,N/A
ASMI,NULL,1440432922565,0,NULL,NULL,NULL
AZPN,$38.15,1440432922649,"355,001",50% bullish,of 2 ratings,$42
ASML,$88.4,1440432922694,"999,794",50% bullish,of 4 ratings,$127
ASMB,$12.9432,1440432922746,"24,180",67% bullish,of 3 ratings,N/A
ASTE,$36.85,1440432922796,"22,673",100% bearish,of 1 rating,$48
ASFI,$8.94,1440432922939,"7,112",100% bullish,of 1 rating,N/A
ALOT,$12.22,1440432922967,122,100% bearish,of 1 rating,N/A
ATRO,$52.29,1440432923204,"47,588",100% bearish,of 2 ratings,$80
ASUR,$5.452,1440432923234,"4,670",100% bearish,of 1 rating,$8
ATAI,$2.31,1440432923256,"10,625",100% bearish,of 1 rating,N/A
ASTC,$1.9871,1440432923336,"40,802",100% bullish,of 5 ratings,N/A
ATHN,$131.065,1440432923408,"159,262",67% bearish,of 3 ratings,$153
AFCB,$28.75,1440432923434,300,Not yet rated,NULL,N/A
ATRA,$41.33,1440432923514,"93,850",50% bullish,of 2 ratings,$68
ATHX,$1.17,1440432923644,"158,201",89% bullish,of 9 ratings,$5
AAME,$3.43,1440432923712,201,Not yet rated,NULL,N/A
AAPC,$10.1,1440432923777,313,Not yet rated,NULL,N/A
ACFC,$5.8976,1440432923841,"30,512",Not yet rated,NULL,$6.50
ATNI,$73.09,1440432923869,"30,087",100% bearish,of 1 rating,$69.50
ATLC,$3.8301,1440432923946,"6,759",67% bullish,of 3 ratings,N/A
AAWW,$40.14,1440432924130,"192,527",50% bullish,of 2 ratings,$65
ATML,$6.79,1440432924165,"2,371,244",78% bullish,of 9 ratings,$9.50
AFH,$16.38,1440432924210,"17,463",Not yet rated,NULL,$21.50
ATOS,$0.7948,1440432924265,"123,360",100% bullish,of 7 ratings,$7
ATRC,$24.83,1440432924292,"105,946",100% bullish,of 1 rating,$30
ATRI,$380.0001,1440432924424,462,Not yet rated,NULL,N/A
ATRM,$2.919,1440432924452,105,50% bullish,of 2 ratings,N/A
ATTU,$12.94,1440432924480,"65,198",100% bearish,of 1 rating,$20.50
LIFE,$13.55,1440432924608,"22,640",86% bullish,of 7 ratings,$43
AUBN,$26.5,1440432924738,857,Not yet rated,NULL,N/A
AUPH,$3.12,1440432924763,"24,298",100% bearish,of 1 rating,$8
AUDC,$3.14,1440432924788,"52,849",80% bullish,of 5 ratings,$5
ABTL,$17.84,1440432925000,"87,741",100% bullish,of 4 ratings,$20.25
ADAT,$0.1248,1440432925026,"2,352",100% bullish,of 2 ratings,N/A
ADSK,$50.2,1440432925053,"1,156,787",83% bullish,of 6 ratings,$69.50
EARS,$4.85,1440432925083,"57,932",100% bearish,of 2 ratings,$11.50
AVGO,$112.85,1440432925210,"1,811,831",88% bullish,of 8 ratings,$160
ADP,$77.04,1440432925242,"1,845,307",100% bearish,of 1 rating,$88
AAVL,$10.68,1440432925264,"147,788",100% bearish,of 1 rating,$20
AVNU,$12.5,1440432925297,"6,102",Not yet rated,NULL,$14
AVEO,$1.3132,1440432925399,"711,286",75% bullish,of 8 ratings,$3
AVNW,$1.18,1440432925495,"57,796",50% bullish,of 2 ratings,$2.20
AVGR,$14,1440432925662,"25,303",100% bearish,of 1 rating,$20
AVID,$8.08,1440432925692,"268,007",100% bearish,of 1 rating,$20
CAR,$41.45,1440432925755,"1,183,098",80% bullish,of 5 ratings,$60
ACLS,$3.27,1440432925798,"343,153",67% bullish,of 6 ratings,$4.75
AWRE,$3.13,1440432925849,"8,166",67% bullish,of 3 ratings,N/A
AXGN,$3.92,1440432925937,"12,425",Not yet rated,NULL,$5
AXPW,$1.1435,1440432925980,"33,309",83% bullish,of 6 ratings,N/A
BCOM,$17.29,1440432926034,"1,000",100% bearish,of 1 rating,N/A
AXTI,$2.1142,1440432926130,"14,709",50% bullish,of 2 ratings,$2.75
AXPWW,NULL,1440432926261,0,Not yet rated,NULL,N/A
BEAV,$47.1,1440432926347,"437,594",67% bearish,of 3 ratings,$59
RILY,$9.66,1440432926410,405,Not yet rated,NULL,N/A
BIDU,$143.3,1440432926504,"3,882,153",81% bullish,of 88 ratings,$210
BOSC,$2.22,1440432926574,"3,266",50% bullish,of 2 ratings,N/A
BCPC,$57.84,1440432926671,"39,742",100% bearish,of 1 rating,$75
BWINA,NULL,1440432926730,0,Not yet rated,NULL,N/A
BLDP,$1.1901,1440432926857,"474,538",91% bullish,of 22 ratings,$2.50
BKMU,$6.87,1440432926884,"28,208",Not yet rated,NULL,$8
BWINB,$22.79,1440432926922,"10,976",Not yet rated,NULL,N/A
BANF,$59.865,1440432927018,"2,420",Not yet rated,NULL,$68
BANFP,$27.38,1440432927043,603,Not yet rated,NULL,N/A
BMRC,$47.9,1440432927092,"3,059",Not yet rated,NULL,$52
BOCH,$5.68,1440432927186,"6,884",Not yet rated,NULL,$6.50
BKSC,$15.28,1440432927220,"3,921",Not yet rated,NULL,N/A
BOTJ,$11.11,1440432927369,"1,969",Not yet rated,NULL,N/A
OZRK,$39.915,1440432927475,"289,603",67% bullish,of 3 ratings,$49.50
BFIN,$11.89,1440432927633,"12,140",Not yet rated,NULL,$13
BWFG,$17.85,1440432927659,772,100% bearish,of 1 rating,N/A
BANR,$44.4701,1440432927739,"14,970",100% bullish,of 3 ratings,$50
BHAC,NULL,1440432927798,0,Not yet rated,NULL,N/A
BHACR,NULL,1440432927825,0,Not yet rated,NULL,N/A
BZUN,$4.87,1440432927870,"418,010",50% bullish,of 2 ratings,$12.60
TAPR,$28.49,1440432927972,"2,459",100% bearish,of 1 rating,N/A
BHACU,NULL,1440432927999,0,Not yet rated,NULL,N/A
BSET,$28.4,1440432928256,"15,464",100% bearish,of 1 rating,$35
BHACW,NULL,1440432928289,0,Not yet rated,NULL,N/A
BBSI,$33.69,1440432928316,"43,877",67% bearish,of 3 ratings,$62.50
BYBK,NULL,1440432928337,0,100% bearish,of 1 rating,N/A
BYLK,$12.65,1440432928387,"3,500",Not yet rated,NULL,$14
BV,$5.14,1440432928519,"142,738",67% bullish,of 6 ratings,$9
BCBP,$11.5,1440432928760,"6,199",Not yet rated,NULL,N/A
BECN,$35.25,1440432928790,"111,335",50% bullish,of 2 ratings,$40
BBCN,$14.48,1440432928823,"104,514",100% bearish,of 1 rating,$16
BDCV,$4.8615,1440432928874,"4,664",100% bearish,of 1 rating,$10.19
BEBE,$1.77,1440432928903,"64,057",75% bullish,of 4 ratings,$3.075
BSF,$8.79,1440432928930,"10,342",Not yet rated,NULL,N/A
BBBY,$60.85,1440432929009,"997,469",71% bullish,of 7 ratings,$75
BBGI,NULL,1440432929058,0,100% bearish,of 1 rating,N/A
BELFA,$14.19,1440432929350,"1,210",100% bearish,of 1 rating,N/A
BELFB,$17.78,1440432929483,"8,221",100% bearish,of 1 rating,N/A
BLCM,$17.205,1440432929549,"117,982",50% bullish,of 4 ratings,$40
BLPH,$4.85,1440432929622,"12,400",100% bearish,of 1 rating,$12.50
BNCL,$12.57,1440432929650,"107,507",100% bullish,of 3 ratings,$12.50
BNFT,$36.1095,1440432929671,"27,352",67% bullish,of 3 ratings,$46
BNTC,$7.9999,1440432929804,"4,910",100% bullish,of 1 rating,N/A
BIND,$4.31,1440432929851,"58,243",75% bullish,of 4 ratings,$13.50
BGCP,$8.66,1440432929984,"605,966",88% bullish,of 8 ratings,$14
ORPN,$4.82,1440432930065,"24,295",100% bullish,of 1 rating,$28.50
BGFV,$10.51,1440432930093,"56,055",57% bullish,of 7 ratings,$12
BCDA,NULL,1440432930155,0,Not yet rated,NULL,N/A
BGMD,$0.7803,1440432930187,"104,284",100% bullish,of 10 ratings,N/A
BASI,$1.45,1440432930208,"5,770",Not yet rated,NULL,N/A
BIOC,$1.99,1440432930255,"214,416",83% bullish,of 6 ratings,$3.85
BCRX,$12.0301,1440432930353,"182,778",63% bullish,of 8 ratings,$18
BIOD,$0.68,1440432930656,"37,239",80% bullish,of 5 ratings,$4
BDSI,$6.38,1440432930684,"319,625",88% bullish,of 8 ratings,$17
BIIB,$292.21,1440432930814,"1,397,579",88% bullish,of 16 ratings,$400
BIOL,$1.363,1440432930844,"52,317",Not yet rated,NULL,N/A
BLRX,$1.3201,1440432930880,"226,265",100% bullish,of 12 ratings,$5
BLFS,$1.9679,1440432930907,"51,659",100% bearish,of 1 rating,$4.75
BMRN,$122.9,1440432930944,"599,925",80% bullish,of 5 ratings,$160
BVXVW,$0.7,1440432930969,"23,742",100% bearish,of 1 rating,N/A
BRLI,NULL,1440432931123,0,NULL,NULL,NULL
BVXV,$3.58,1440432931172,"30,443",Not yet rated,NULL,N/A
BIOS,$1.805,1440432931273,"317,079",71% bullish,of 7 ratings,$4
BBP,$31.447,1440432931378,"62,202",Not yet rated,NULL,N/A
BPTH,$1.04,1440432931404,"157,534",100% bullish,of 2 ratings,$5
BBC,$29.99,1440432931429,"26,693",Not yet rated,NULL,N/A
BSTC,$48.61,1440432931559,"25,480",100% bearish,of 1 rating,$76
BSPM,$0.62,1440432931661,"47,531",50% bullish,of 2 ratings,N/A
BITI,$17.05,1440432931831,"5,924",100% bullish,of 1 rating,$28
BEAT,$14.1056,1440432931879,"182,790",67% bearish,of 3 ratings,$15
BOTA,$2.18,1440432931907,"48,707",88% bullish,of 8 ratings,N/A
TECH,$98,1440432931937,"63,744",100% bullish,of 1 rating,$117
BJRI,$44.25,1440432932040,"95,507",50% bullish,of 2 ratings,$55
BBOX,$15.455,1440432932065,"16,499",100% bearish,of 1 rating,N/A
BDMS,$12.693,1440432932094,100,100% bearish,of 1 rating,N/A
BDE,$7.305,1440432932120,"160,724",50% bullish,of 2 ratings,$9
BLKB,$58.31,1440432932359,"29,410",100% bearish,of 2 ratings,$66
BBRY,$7.24,1440432932491,"4,508,848",61% bullish,of 330 ratings,$9
HAWK,$40.695,1440432932517,"329,199",91% bullish,of 11 ratings,$49
BKCC,$8.9499,1440432932567,"627,469",100% bullish,of 2 ratings,$10
ADRA,$25.44,1440432932587,"5,588",100% bearish,of 1 rating,N/A
ADRD,$21.505,1440432932668,"21,451",100% bearish,of 1 rating,N/A
ADRU,$21.25,1440432932766,"10,171",100% bearish,of 1 rating,N/A
ADRE,$28.22,1440432932813,"38,838",100% bearish,of 1 rating,N/A
BLMN,$20.01,1440432932904,"447,274",83% bullish,of 6 ratings,$27.50
BLBD,$11.57,1440432932958,"1,075",Not yet rated,NULL,N/A
BCOR,$13.39,1440432932988,"83,402",57% bullish,of 7 ratings,$15
BHBK,$14.08,1440432933036,"49,338",100% bullish,of 1 rating,$14.50
BUFF,$26.44,1440432933087,"266,385",83% bullish,of 12 ratings,$31.50
BBLU,$0.7733,1440432933117,"113,193",100% bullish,of 2 ratings,$4.43
BLUE,$124.5799,1440432933296,"315,813",71% bullish,of 7 ratings,$217.50
NILE,$32.88,1440432933321,"60,990",50% bullish,of 2 ratings,$34
BKEPP,$7.7,1440432933594,"2,350",100% bearish,of 1 rating,N/A
BKEP,$6.52,1440432933703,"19,152",100% bearish,of 1 rating,$8.50
BOBE,$44.02,1440432933735,"58,224",75% bullish,of 4 ratings,$57
BOFI,$123.62,1440432933757,"185,537",100% bullish,of 6 ratings,$144
BOJA,$20.66,1440432933791,"159,642",100% bullish,of 1 rating,$30
BNCN,$20.98,1440432933812,"18,783",Not yet rated,NULL,$23
BPMC,$25.69,1440432933840,"96,894",50% bullish,of 2 ratings,$47.50
WIFI,$7.78,1440432934037,"146,884",50% bullish,of 2 ratings,$13.50
BOKF,$60.655,1440432934133,"79,836",100% bearish,of 1 rating,$70.50
BONA,$10.97,1440432934166,"664,833",75% bullish,of 4 ratings,$8.50
BAMM,$3.169,1440432934209,"45,302",60% bullish,of 5 ratings,N/A
BNSO,$1.2874,1440432934270,"5,915",100% bearish,of 1 rating,N/A
BPFHP,NULL,1440432934339,0,100% bearish,of 1 rating,N/A
BPFH,$11.74,1440432934366,"119,695",100% bearish,of 1 rating,$14
BPFHW,NULL,1440432934533,0,100% bearish,of 1 rating,N/A
BDBD,$8.35,1440432934605,"304,889",60% bullish,of 5 ratings,$10
EPAY,$25.45,1440432934635,"21,618",100% bearish,of 2 ratings,$30
BCLI,$2.79,1440432934710,"173,510",80% bullish,of 5 ratings,$12
BBRG,$12.38,1440432934739,"53,895",67% bullish,of 3 ratings,$14.50
BBEP,$2.2,1440432934768,"893,043",69% bullish,of 13 ratings,$5.625
BBEPP,$12.6352,1440432934869,"33,153",100% bearish,of 1 rating,N/A
BDGE,$27.22,1440432935010,"5,144",Not yet rated,NULL,$31.75
BLIN,$1.2588,1440432935075,"5,700",50% bullish,of 2 ratings,$2.20
BRID,NULL,1440432935145,0,100% bearish,of 1 rating,N/A
BCOV,$5.29,1440432935249,"54,290",67% bullish,of 3 ratings,$10.20
BRCM,$48.49,1440432935311,"1,937,990",75% bullish,of 12 ratings,$56
BSFT,$31.12,1440432935395,"45,851",57% bullish,of 7 ratings,$40.50
BYFC,$1.49,1440432935542,100,50% bullish,of 2 ratings,N/A
BRCD,$10.41,1440432935671,"1,555,506",92% bullish,of 13 ratings,$12
BWEN,$3.18,1440432935705,"14,474",100% bullish,of 3 ratings,$8
BRKS,$10.35,1440432935800,"42,115",67% bullish,of 3 ratings,$15.25
BVSN,$5.65,1440432935830,"3,212",60% bearish,of 5 ratings,N/A
BRKL,$10.52,1440432935886,"111,054",100% bearish,of 1 rating,$10.75
BLMT,$20.432,1440432935912,"3,172",Not yet rated,NULL,N/A
BRKR,$18.66,1440432935948,"123,055",100% bearish,of 2 ratings,$22
BMTC,$29.18,1440432936043,"26,810",Not yet rated,NULL,$34
BSQR,$5.96,1440432936235,"52,867",67% bullish,of 3 ratings,N/A
BLDR,$14.69,1440432936404,"586,326",50% bullish,of 2 ratings,$22
CHRW,$66.15,1440432936536,"1,043,587",Not yet rated,NULL,$72
BUR,$1.87,1440432936567,"12,102",100% bearish,of 1 rating,$8
BWLD,$190.95,1440432936595,"128,286",82% bullish,of 11 ratings,$205
CFFI,$34.25,1440432936667,544,100% bearish,of 1 rating,N/A
CCMP,$43.57,1440432936727,"21,273",50% bullish,of 2 ratings,$59
CA,$26.94,1440432936756,"1,809,121",50% bullish,of 4 ratings,$33
CDNS,$19.595,1440432936859,"531,201",75% bullish,of 4 ratings,$22.50
CACQ,$7.02,1440432936971,"10,926",100% bearish,of 1 rating,$12.25
CZR,$8.85,1440432937050,"783,226",60% bearish,of 5 ratings,$10.50
CDZI,$7.23,1440432937079,"10,902",100% bearish,of 1 rating,N/A
CSTE,$44.697,1440432937230,"239,080",100% bearish,of 1 rating,$65
PRSS,$4.26,1440432937423,"14,692",80% bullish,of 5 ratings,$4.50
CLBS,$1.2786,1440432937448,"120,632",79% bullish,of 14 ratings,$4
CCD,$19.086,1440432937735,"65,550",Not yet rated,NULL,N/A
CFGE,$10.43,1440432937769,"1,504",Not yet rated,NULL,N/A
CLMS,$10.56,1440432937790,"47,670",Not yet rated,NULL,$10.50
CHI,$10.25,1440432937812,"341,444",100% bearish,of 1 rating,N/A
CHY,$11.1214,1440432937846,"445,481",Not yet rated,NULL,N/A
CHW,$7.27,1440432937872,"258,507",100% bearish,of 1 rating,N/A
CGO,$11.6,1440432938017,"29,947",100% bearish,of 1 rating,N/A
CSQ,$9.56,1440432938082,"491,645",Not yet rated,NULL,N/A
CVGW,$55.16,1440432938244,"44,449",50% bullish,of 2 ratings,$58.50
CALD,$15.33,1440432938344,"93,830",100% bearish,of 1 rating,$20.50
CAMP,$15.32,1440432938369,"157,590",88% bullish,of 8 ratings,$25
CFNB,NULL,1440432938419,0,100% bearish,of 1 rating,N/A
CALA,$5.01,1440432938448,"179,261",100% bullish,of 3 ratings,$19.50
CALM,$48.66,1440432938551,"244,888",80% bullish,of 5 ratings,$65
CLMT,$24.17,1440432938577,"501,773",75% bullish,of 8 ratings,$31
ABCD,$4.82,1440432938707,"33,296",83% bullish,of 6 ratings,N/A
CAMB,$9.95,1440432938900,100,Not yet rated,NULL,N/A
CAMBW,$0.1,1440432938929,"2,360",Not yet rated,NULL,N/A
CAMBU,NULL,1440432938949,0,100% bearish,of 1 rating,N/A
CAMT,$2.61,1440432938977,"72,884",73% bullish,of 11 ratings,$4
CAC,$40.35,1440432939005,"3,725",Not yet rated,NULL,N/A
CSIQ,$17.2466,1440432939158,"1,674,930",86% bullish,of 28 ratings,$45
CPHC,$10.2126,1440432939217,"4,111",100% bearish,of 1 rating,N/A
CGIX,$9.1,1440432939294,"23,543",67% bullish,of 3 ratings,$14.375
CCBG,$14.7614,1440432939427,"6,786",Not yet rated,NULL,$17.25
CBF,$29.3,1440432939460,"25,449",Not yet rated,NULL,$32
CBNJ,$10.68,1440432939482,"42,174",100% bullish,of 1 rating,N/A
CPLA,$48.16,1440432939554,"19,285",67% bearish,of 3 ratings,$65
CSWC,$45.01,1440432939704,"23,086",Not yet rated,NULL,N/A
CPLP,$6.77,1440432939755,"396,292",71% bullish,of 7 ratings,$11
CFFN,$11.95,1440432939833,"268,356",Not yet rated,NULL,$12.75
CPTA,$13.83,1440432939931,"65,436",100% bearish,of 1 rating,$18.50
CAPN,$1.69,1440432939973,"99,649",100% bullish,of 1 rating,$10.85
CAPNW,$0.5001,1440432940075,300,Not yet rated,NULL,N/A
CPST,$0.3685,1440432940208,"522,137",95% bullish,of 22 ratings,$1.25
CARA,$19.62,1440432940236,"144,150",50% bullish,of 4 ratings,$25
CAPR,$4.14,1440432940262,"10,470",Not yet rated,NULL,$12
CBYL,$5.92,1440432940398,"17,995",100% bearish,of 1 rating,$20
CRDC,$0.3797,1440432940447,"87,659",100% bullish,of 1 rating,$1.25
CARB,$11.15,1440432940529,"28,661",75% bullish,of 4 ratings,$12
CFNL,$22.17,1440432940629,"38,985",Not yet rated,NULL,$24
CSII,$24.21,1440432940731,"63,461",100% bearish,of 2 ratings,$42.125
CATM,$33.77,1440432940830,"98,622",100% bearish,of 1 rating,$44
CRME,$9.23,1440432940878,"20,099",89% bullish,of 9 ratings,$11.25
CDNA,$6.32,1440432941024,"2,174",100% bearish,of 1 rating,$9
CECO,$3.6003,1440432941052,"80,360",67% bearish,of 3 ratings,$6
CTRE,$11.75,1440432941117,"133,096",50% bullish,of 2 ratings,N/A
CKEC,$22.33,1440432941183,"74,936",50% bullish,of 2 ratings,$35.915
CLBH,$12.55,1440432941330,923,Not yet rated,NULL,$16.50
CARO,$15.32,1440432941358,"3,765",100% bearish,of 1 rating,$19
CART,$5.35,1440432941464,120,100% bearish,of 1 rating,N/A
CRZO,$30.25,1440432941489,"421,068",67% bearish,of 3 ratings,$57
TAST,$11.71,1440432941517,"63,845",Not yet rated,NULL,$14.25
CRTN,NULL,1440432941885,0,100% bearish,of 1 rating,N/A
CARV,NULL,1440432941913,0,50% bullish,of 2 ratings,N/A
CACB,$5.3,1440432941945,"38,866",Not yet rated,NULL,$5.50
CASY,$104.6668,1440432941972,"121,839",50% bullish,of 2 ratings,$99.50
CASM,$1.09,1440432941993,"13,047",100% bullish,of 1 rating,$3.50
CWST,$6.15,1440432942042,"89,160",50% bullish,of 2 ratings,$7.25
CSCD,$14.9,1440432942127,"36,034",100% bullish,of 2 ratings,$17
CASI,$1.452,1440432942171,"14,204",100% bullish,of 1 rating,$3.50
CPRX,$3.48,1440432942464,"431,387",71% bullish,of 7 ratings,$7
CASS,$46.2636,1440432942496,"9,969",100% bearish,of 1 rating,N/A
CATB,$10.83,1440432942518,"11,921",100% bearish,of 1 rating,$28
CATYW,$8.8,1440432942606,500,100% bearish,of 1 rating,N/A
CATY,$29.37,1440432942653,"199,213",100% bearish,of 1 rating,$33.50
CVCO,$71.87,1440432942749,"8,907",100% bearish,of 1 rating,N/A
CAVM,$65.72,1440432942775,"198,632",67% bearish,of 3 ratings,$72
CBFV,$20.65,1440432942806,"1,000",Not yet rated,NULL,N/A
CNLM,NULL,1440432942907,0,Not yet rated,NULL,N/A
CNLMR,NULL,1440432943037,0,Not yet rated,NULL,N/A
CNLMU,$10.37,1440432943171,200,100% bullish,of 1 rating,N/A
CNLMW,NULL,1440432943203,0,Not yet rated,NULL,N/A
CBOE,$61.35,1440432943303,"262,086",Not yet rated,NULL,$60
CDK,$48,1440432943332,"668,100",67% bearish,of 3 ratings,$50
CECE,$9.38,1440432943410,"56,645",50% bullish,of 2 ratings,$16
CDW,$38.146,1440432943438,"340,787",75% bullish,of 4 ratings,$44
CPXX,$2.0901,1440432943573,"169,872",100% bullish,of 2 ratings,$7
CELGZ,$1.7876,1440432943650,"13,267",80% bullish,of 5 ratings,N/A
CLDN,$1.0315,1440432943722,"97,100",71% bullish,of 7 ratings,$3
CELG,$118.51,1440432943748,"3,603,128",92% bullish,of 13 ratings,$155.50
CLDX,$13.6479,1440432943788,"839,632",89% bullish,of 9 ratings,$36
CLRBW,NULL,1440432943879,0,Not yet rated,NULL,N/A
CLRB,$3.04,1440432943904,"2,740",100% bearish,of 1 rating,N/A
CLLS,$28.68,1440432944039,"40,855",75% bullish,of 4 ratings,$51.50
CBMG,$22.37,1440432944095,"45,336",50% bullish,of 2 ratings,N/A
CLSN,$1.86,1440432944185,"89,810",80% bullish,of 10 ratings,$7.50
CLTX,$2.6301,1440432944239,"546,684",100% bullish,of 2 ratings,N/A
CEMP,$34.67,1440432944368,"293,936",71% bullish,of 7 ratings,$52
CETV,$1.96,1440432944577,"45,636",67% bullish,of 3 ratings,$2.80
CSFL,$14.0535,1440432944604,"112,279",Not yet rated,NULL,$15
CENT,$11.34,1440432944657,"177,879",Not yet rated,NULL,$10
CFBK,$1.37,1440432944688,"4,901",Not yet rated,NULL,N/A
CYAD,$47.5597,1440432944709,"1,950",100% bullish,of 1 rating,$87.50
CENTA,$12.44,1440432944761,"103,776",Not yet rated,NULL,N/A
CETX,$2.35,1440432944786,"7,207",Not yet rated,NULL,$5.60
CVCY,$11.132,1440432944930,300,Not yet rated,NULL,$12
CENX,$4.98,1440432945013,"572,752",67% bullish,of 6 ratings,$9
CNBKA,$38.62,1440432945142,"1,920",50% bullish,of 2 ratings,N/A
CNTY,$6.15,1440432945168,"10,415",80% bullish,of 5 ratings,$7.75
CPHD,$48.775,1440432945205,"363,793",50% bullish,of 2 ratings,$66.50
CRNT,$1.2799,1440432945341,"205,084",50% bullish,of 2 ratings,$2
CERE,$1.065,1440432945474,"210,405",88% bullish,of 8 ratings,N/A
CERN,$61.64,1440432945506,"1,123,615",67% bullish,of 3 ratings,$79
CERU,$3.25,1440432945608,"31,258",75% bullish,of 4 ratings,$15
KOOL,$0.6471,1440432945706,"67,397",100% bullish,of 5 ratings,$7
CEVA,$18.17,1440432945736,"33,308",100% bearish,of 1 rating,$25
CERS,$4.56,1440432945837,"297,115",75% bullish,of 4 ratings,$7
CYOU,$20.111,1440432945868,"128,520",50% bullish,of 6 ratings,$24
HOTR,$1.42,1440432945893,"63,861",100% bullish,of 2 ratings,$5
HOTRW,NULL,1440432945964,0,Not yet rated,NULL,N/A
CTHR,$1.34,1440432946063,"51,018",50% bullish,of 2 ratings,$2.50
CHTR,$177.43,1440432946206,"796,133",100% bearish,of 2 ratings,$196
GTLS,$22.9108,1440432946267,"136,624",50% bullish,of 4 ratings,$40
CHKP,$76.63,1440432946336,"817,458",50% bullish,of 4 ratings,$92
CHFN,$12.47,1440432946423,"7,133",Not yet rated,NULL,$14
CHEKW,$1.0687,1440432946556,500,Not yet rated,NULL,N/A
CHEK,$3,1440432946612,"3,008",Not yet rated,NULL,$7.75
CEMI,$3.88,1440432946654,"20,074",50% bullish,of 2 ratings,$7.50
CHFC,$31.21,1440432946711,"16,178",100% bearish,of 1 rating,$36
CCXI,$6.7288,1440432946758,"50,436",67% bullish,of 3 ratings,$14
CHMG,$26.59,1440432946788,560,Not yet rated,NULL,$30
CHEV,$14.512,1440432946917,"5,103",Not yet rated,NULL,N/A
CHKE,$25.88,1440432946944,"18,425",100% bearish,of 1 rating,$32.50
CBNK,$16.51,1440432947110,300,100% bearish,of 1 rating,N/A
CHMA,$23.52,1440432947150,"91,512",Not yet rated,NULL,$40
PLCE,$58.935,1440432947218,"174,077",100% bearish,of 1 rating,$71
CMRX,$46.88,1440432947394,"145,074",50% bullish,of 2 ratings,$57
CALI,$0.81,1440432947440,"9,700",67% bullish,of 3 ratings,N/A
CADC,$3.12,1440432947466,"5,520",78% bullish,of 9 ratings,N/A
CAAS,$6.04,1440432947539,"26,040",93% bullish,of 14 ratings,$11.50
CBPO,$92.89,1440432947599,"209,557",75% bullish,of 8 ratings,$140.50
CBAK,$1.5401,1440432947628,"54,975",67% bullish,of 9 ratings,N/A
JRJC,$3.35,1440432947731,"230,329",82% bullish,of 11 ratings,N/A
CCCL,$0.734,1440432947761,"3,104",100% bullish,of 6 ratings,N/A
CCCR,$0.7301,1440432947893,"1,300",67% bearish,of 3 ratings,N/A
CHOP,$1.27,1440432947918,"15,176",50% bullish,of 2 ratings,N/A
CHLN,$1.7001,1440432948079,"7,533",67% bullish,of 3 ratings,N/A
HGSH,$1.775,1440432948126,"13,670",67% bullish,of 3 ratings,N/A
CJJD,$1.84,1440432948265,"39,600",100% bullish,of 1 rating,N/A
CNIT,$1.25,1440432948304,"130,824",67% bullish,of 6 ratings,N/A
HTHT,$23.43,1440432948368,"25,694",50% bullish,of 2 ratings,$28.40
CHNR,$1.63,1440432948438,"5,508",100% bearish,of 1 rating,N/A
CREG,$0.65,1440432948575,"35,019",100% bullish,of 3 ratings,N/A
CSUN,$1.2632,1440432948601,"39,310",80% bullish,of 5 ratings,N/A
CPGI,$6.74,1440432948622,"2,944",Not yet rated,NULL,N/A
CXDC,$6.002,1440432948766,"71,711",67% bullish,of 3 ratings,N/A
CNYD,$3.09,1440432948799,"6,694",67% bullish,of 3 ratings,N/A
CNTF,$0.8095,1440432948896,"115,026",Not yet rated,NULL,N/A
CCIH,$6.065,1440432948925,"230,862",67% bullish,of 6 ratings,$12.65
CNET,$0.762,1440432948994,"50,404",50% bullish,of 2 ratings,N/A
IMOS,$16.58,1440432949061,"89,738",60% bullish,of 5 ratings,$21.50
CHSCL,$26.844,1440432949102,"23,603",Not yet rated,NULL,N/A
CHSCM,$25.44,1440432949206,"38,222",Not yet rated,NULL,N/A
CHSCN,$26.54,1440432949233,"6,691",Not yet rated,NULL,N/A
CHSCP,$29.9299,1440432949443,"7,433",Not yet rated,NULL,N/A
CHSCO,$27.9399,1440432949468,"7,953",Not yet rated,NULL,N/A
CHDN,$132.68,1440432949526,"13,532",Not yet rated,NULL,$165
CHUY,$31.9,1440432949551,"115,062",50% bullish,of 2 ratings,$34
CMCT,$15.1501,1440432949698,"1,284",100% bearish,of 1 rating,N/A
CDTX,$13.86,1440432949757,"7,116",Not yet rated,NULL,$22
CMPR,$68.59,1440432949899,"258,390",50% bullish,of 2 ratings,$72.50
CIDM,$0.6093,1440432949998,"38,871",50% bullish,of 2 ratings,$2.10
CINF,$52.29,1440432950053,"335,544",50% bullish,of 4 ratings,$50.50
CPHR,$5.61,1440432950081,"11,045",100% bearish,of 1 rating,$17
CRUS,$28.15,1440432950212,"555,620",75% bullish,of 12 ratings,$44.50
CTAS,$82.79,1440432950247,"217,738",100% bearish,of 1 rating,$91
CIFC,$6.86,1440432950348,"3,436",100% bearish,of 1 rating,N/A
CSCO,$25.89,1440432950374,"16,628,798",84% bullish,of 208 ratings,$32
CZNC,$19.44,1440432950423,"3,972",Not yet rated,NULL,N/A
CTRN,$27.44,1440432950526,"52,404",100% bearish,of 1 rating,$31.50
CZWI,$8.77,1440432950565,"8,300",Not yet rated,NULL,N/A
CZFC,NULL,1440432950700,0,Not yet rated,NULL,N/A
CIZN,$19.5,1440432950725,"1,073",Not yet rated,NULL,N/A
CTXS,$69.69,1440432950755,"975,144",86% bullish,of 7 ratings,$80
CIVB,$10.15,1440432950886,300,Not yet rated,NULL,$11
CHCO,$47,1440432950912,"16,582",Not yet rated,NULL,$46
CIVBP,$32.93,1440432951046,500,Not yet rated,NULL,N/A
CDTI,$1.4844,1440432951075,"115,071",75% bullish,of 4 ratings,$3.20
CLNE,$4.09,1440432951181,"692,670",80% bullish,of 15 ratings,$9
CLNT,$1.6899,1440432951209,"4,516",75% bullish,of 8 ratings,N/A
CLRO,$11.516,1440432951343,"9,851",50% bullish,of 2 ratings,$14.25
CLIR,$4.6899,1440432951370,"54,362",100% bullish,of 3 ratings,N/A
CLFD,$17.08,1440432951396,"28,951",67% bullish,of 3 ratings,$18
CSBK,$13.61,1440432951527,"27,695",Not yet rated,NULL,N/A
CLVS,$72.44,1440432951582,"176,130",60% bullish,of 5 ratings,$101.50
CBLI,$3.499,1440432951611,"38,669",60% bullish,of 5 ratings,N/A
CMFN,$11.9099,1440432951751,"24,928",100% bearish,of 1 rating,$15.50
CME,$90.87,1440432951797,"863,653",67% bullish,of 3 ratings,$102
CCNE,$16.97,1440432951883,"9,747",50% bullish,of 2 ratings,$21.50
CNV,$4.53,1440432952015,"50,589",50% bullish,of 2 ratings,$7.15
CISG,$7.16,1440432952040,"152,682",100% bullish,of 5 ratings,$10
CWAY,$11.21,1440432952172,"3,154",Not yet rated,NULL,N/A
COBZ,$12.74,1440432952201,"36,676",100% bullish,of 1 rating,$14
COKE,$154,1440432952303,"33,057",79% bullish,of 19 ratings,N/A
CDRB,$9.85,1440432952363,"19,670",67% bullish,of 3 ratings,N/A
JVA,$4.4899,1440432952438,"16,665",83% bullish,of 6 ratings,$7
CDXS,$3.76,1440432952468,"29,042",64% bullish,of 11 ratings,$6
CVLY,$20.55,1440432952524,"3,683",Not yet rated,NULL,N/A
CCOI,$27.93,1440432952572,"190,949",50% bullish,of 4 ratings,$35
CGNT,$1.62,1440432952708,"51,786",100% bullish,of 2 ratings,$2
CGNX,$35,1440432952771,"257,413",50% bullish,of 2 ratings,$47
CTSH,$61.6,1440432952950,"1,789,590",90% bullish,of 10 ratings,$75
COHR,$56.77,1440432952981,"35,088",50% bullish,of 2 ratings,$72
CHRS,$29.31,1440432953022,"50,032",67% bearish,of 3 ratings,$37
CLRX,$0.5049,1440432953117,"17,198",50% bullish,of 2 ratings,N/A
COHU,$9.83,1440432953147,"36,381",100% bearish,of 1 rating,$14.25
CBAN,$9.07,1440432953250,"2,904",Not yet rated,NULL,N/A
CIGI,$43,1440432953296,"3,433",100% bearish,of 1 rating,$52
COLL,$15.19,1440432953325,"40,910",100% bearish,of 1 rating,$26
CLCT,$17.5399,1440432953432,"37,115",100% bearish,of 1 rating,N/A
CLCD,$6.83,1440432953458,"16,358",100% bearish,of 1 rating,$20.50
COLM,$60.71,1440432953668,"57,984",100% bearish,of 1 rating,$71
COLB,$30.45,1440432953704,"132,614",Not yet rated,NULL,$36
CBMX,$1.12,1440432953767,"56,312",83% bullish,of 6 ratings,$3.15
CMCO,$19.09,1440432953838,"20,065",60% bullish,of 5 ratings,$28
CMCSA,$56.01,1440432953864,"5,788,677",66% bullish,of 35 ratings,$69.50
CMCSK,$56.66,1440432954030,"1,830,424",Not yet rated,NULL,$84
CUBN,NULL,1440432954126,0,Not yet rated,NULL,N/A
CBSH,$44.33,1440432954151,"176,214",50% bullish,of 2 ratings,$46
COMM,$28.81,1440432954291,"710,083",67% bearish,of 3 ratings,$35
CBSHP,$25.14,1440432954317,"3,755",100% bearish,of 1 rating,N/A
CSAL,$20.4445,1440432954345,"391,488",75% bullish,of 4 ratings,$30
CVGI,$4.71,1440432954372,"26,041",50% bullish,of 2 ratings,$6
ESXB,$5.04,1440432954544,"3,250",Not yet rated,NULL,N/A
JCS,$8.8599,1440432954595,"8,633",67% bullish,of 3 ratings,N/A
CYHHZ,$0.01,1440432954678,"227,589",100% bullish,of 1 rating,N/A
CTBI,$35,1440432954811,"19,291",Not yet rated,NULL,$36
COB,$10.48,1440432954837,"1,892",100% bullish,of 1 rating,$11.75
CWBC,NULL,1440432954967,0,Not yet rated,NULL,N/A
CVLT,$36.38,1440432954994,"147,095",75% bullish,of 4 ratings,$44.50
CIZ,$32.5499,1440432955038,"1,050",100% bearish,of 1 rating,N/A
CDC,$34.3,1440432955206,"9,834",Not yet rated,NULL,N/A
CID,NULL,1440432955239,0,Not yet rated,NULL,N/A
CSA,$32.53,1440432955267,"1,100",Not yet rated,NULL,N/A
CIL,NULL,1440432955292,0,Not yet rated,NULL,N/A
CSF,$36.33,1440432955372,"2,051",100% bearish,of 1 rating,N/A
CFO,$35.03,1440432955475,"26,629",100% bearish,of 1 rating,N/A
CFA,$34.62,1440432955531,"1,767",100% bearish,of 1 rating,N/A
CDL,NULL,1440432955563,0,Not yet rated,NULL,N/A
CGEN,$4.8,1440432955789,"139,782",50% bullish,of 2 ratings,$11
CPSI,$45.07,1440432955858,"25,666",100% bearish,of 1 rating,$45.50
CTG,$6.64,1440432955917,"21,444",100% bearish,of 1 rating,$8.50
SCOR,$55.95,1440432955959,"110,665",100% bearish,of 1 rating,$66
CMTL,$26.81,1440432956047,"10,970",100% bearish,of 2 ratings,$37
CSB,NULL,1440432956071,0,Not yet rated,NULL,N/A
CHCI,$0.6,1440432956102,"6,000",50% bullish,of 2 ratings,N/A
CNSI,$18.66,1440432956127,"48,932",100% bearish,of 2 ratings,$29
CNCE,$15.45,1440432956338,"57,182",75% bullish,of 4 ratings,$22
CNAT,$3.74,1440432956364,"112,211",83% bullish,of 6 ratings,$13
CCUR,$4.95,1440432956443,"24,004",75% bullish,of 4 ratings,N/A
CXRX,$69.84,1440432956575,"2,230",100% bearish,of 1 rating,$90
CDOR,$1.28,1440432956648,"3,420",100% bullish,of 1 rating,N/A
CDORO,$18,1440432956715,904,100% bearish,of 1 rating,N/A
CTWS,$35.2494,1440432956821,"9,923",100% bearish,of 1 rating,$44
CNFR,$10.0038,1440432956851,"6,454",Not yet rated,NULL,N/A
CFMS,$20.14,1440432956873,"105,808",Not yet rated,NULL,$27
CNMD,$53.09,1440432956905,"178,509",Not yet rated,NULL,$59
CDORP,$6.65,1440432956926,"1,140",100% bearish,of 1 rating,N/A
CNOB,$19.28,1440432957060,"14,489",100% bullish,of 1 rating,$23.50
CNXR,$6.564,1440432957151,"30,207",100% bearish,of 1 rating,$12
CONN,$30.84,1440432957298,"278,517",67% bullish,of 3 ratings,$48.50
CNSL,$19.3399,1440432957325,"76,479",100% bearish,of 1 rating,$23
CWCO,$10.37,1440432957346,"58,234",67% bullish,of 3 ratings,$14.50
CPSS,$5.739,1440432957608,"29,939",100% bullish,of 1 rating,$10
CFRX,$4.8399,1440432957662,"33,343",Not yet rated,NULL,$14
CTCT,$24.02,1440432957695,"94,921",67% bullish,of 3 ratings,$37
CTRV,$3.9799,1440432957752,"19,248",Not yet rated,NULL,$6.40
CFRXW,$1.88,1440432957792,"2,809",100% bearish,of 1 rating,N/A
CFRXZ,$0.44,1440432957819,"9,150",Not yet rated,NULL,N/A
CTRL,$8.04,1440432957854,"75,434",50% bullish,of 2 ratings,$11
CRBP,$1.9235,1440432957955,"301,089",100% bullish,of 2 ratings,$6.25
CORT,$4.63,1440432958199,"130,316",67% bullish,of 3 ratings,$12
BVA,NULL,1440432958220,0,50% bullish,of 2 ratings,N/A
CPRT,$33.98,1440432958300,"75,218",67% bearish,of 3 ratings,$40
CORE,$59.71,1440432958351,"40,662",100% bearish,of 1 rating,$72
CORI,$10.03,1440432958434,"28,167",100% bearish,of 1 rating,$18
CSOD,$35.785,1440432958569,"162,679",50% bullish,of 2 ratings,$42
CSGP,$178.54,1440432958674,"75,522",50% bullish,of 2 ratings,$235
COSI,$1.09,1440432958705,"24,135",100% bullish,of 1 rating,N/A
CRVL,$31.23,1440432958734,"23,600",100% bearish,of 1 rating,N/A
COST,$136.559,1440432958760,"1,475,891",79% bullish,of 24 ratings,$154.50
ICBK,NULL,1440432958841,0,Not yet rated,NULL,$21
CPAH,$0.4899,1440432958926,"9,000",50% bullish,of 2 ratings,N/A
CVTI,$21.93,1440432958956,"67,231",67% bearish,of 3 ratings,$39
COVS,$2.6388,1440432959161,"126,485",67% bullish,of 3 ratings,N/A
COWNL,$26.75,1440432959297,"2,698",Not yet rated,NULL,N/A
COWN,$5.13,1440432959322,"359,652",75% bullish,of 4 ratings,$7
CPSH,$2.15,1440432959501,"1,070",Not yet rated,NULL,N/A
BREW,$7.351,1440432959586,"28,229",67% bullish,of 6 ratings,$15
CRAI,$21.64,1440432959629,"11,869",100% bearish,of 1 rating,$36
CBRL,$141.1,1440432959655,"154,371",50% bullish,of 2 ratings,$155
GLDI,$11.0801,1440432959786,"13,427",100% bearish,of 1 rating,N/A
SLVO,$10.1565,1440432959812,"28,785",100% bearish,of 1 rating,N/A
CRAY,$20.39,1440432959840,"124,512",83% bullish,of 6 ratings,$38.50
CACC,$196.41,1440432959866,"37,146",50% bullish,of 2 ratings,$158.50
CREE,$26.75,1440432960006,"633,090",65% bullish,of 17 ratings,$29.50
CRTO,$41.78,1440432960151,"311,105",67% bullish,of 6 ratings,$64
CRESY,$9.68,1440432960212,"44,655",100% bearish,of 1 rating,$19
CROX,$13.72,1440432960262,"671,095",63% bullish,of 8 ratings,$16.50
CCRN,$14.37,1440432960288,"84,141",100% bearish,of 1 rating,$14.25
CRDS,$1,1440432960475,"16,765",50% bullish,of 4 ratings,$4.50
CRWN,$4.54,1440432960500,"55,045",75% bullish,of 4 ratings,N/A
CRWS,$7.8926,1440432960545,"6,683",Not yet rated,NULL,$10
CYRXW,$0.8,1440432960680,"5,400",Not yet rated,NULL,N/A
CYRX,$2.885,1440432960706,"23,979",Not yet rated,NULL,$9
CSGS,$31.115,1440432960834,"68,519",Not yet rated,NULL,$40
CSPI,$5.69,1440432960861,"10,950",67% bullish,of 3 ratings,N/A
CCLP,$13.44,1440432960887,"92,260",67% bearish,of 3 ratings,$21
CTIC,$1.6625,1440432960925,"640,874",84% bullish,of 76 ratings,$5.75
CTIB,$3.55,1440432961057,"4,275",100% bearish,of 1 rating,N/A
CTCM,$1.72,1440432961082,"81,228",80% bearish,of 5 ratings,$3.90
CTRP,$60.774,1440432961292,"1,153,170",75% bullish,of 8 ratings,$92
CUI,$4.75,1440432961420,"27,304",50% bullish,of 2 ratings,$10
CUNB,$21.54,1440432961445,"4,106",Not yet rated,NULL,$24.50
CMLS,$1.29,1440432961520,"205,640",50% bullish,of 4 ratings,$6
CPIX,$5.79,1440432961549,"1,417",Not yet rated,NULL,N/A
CRIS,$2.5,1440432961621,"222,428",100% bullish,of 8 ratings,$6
CUTR,$14.01,1440432961648,"262,855",67% bearish,of 3 ratings,$18
CVV,$10.798,1440432961724,"20,191",100% bullish,of 5 ratings,N/A
CYAN,$6.8701,1440432961790,"2,300",100% bearish,of 1 rating,N/A
CVBF,$16.17,1440432961921,"115,050",Not yet rated,NULL,$18
CYBE,$5.82,1440432961950,"10,196",100% bearish,of 1 rating,N/A
CYBX,$64.53,1440432961978,"136,924",50% bullish,of 4 ratings,$71.50
CYBR,$51,1440432962055,"1,335,924",86% bullish,of 7 ratings,$66
CYCC,$0.5399,1440432962224,"46,324",73% bullish,of 11 ratings,N/A
CYCCP,NULL,1440432962250,0,100% bearish,of 1 rating,N/A
CBAY,$2.57,1440432962320,"27,304",100% bullish,of 1 rating,$4
CY,$9.72,1440432962457,"2,705,198",80% bullish,of 10 ratings,$15.50
CYNO,$31.49,1440432962483,"83,272",67% bearish,of 3 ratings,$45.50
CYNA,$15.6734,1440432962505,"38,409",100% bullish,of 1 rating,$31.50
CYRN,$1.5592,1440432962562,"65,728",67% bullish,of 3 ratings,$4
CYTK,$6.58,1440432962706,"94,528",71% bullish,of 14 ratings,$13.50
CTSO,$6.7601,1440432962739,"106,028",Not yet rated,NULL,$15.625
CYTX,$0.3481,1440432962764,"731,473",83% bullish,of 12 ratings,$5.50
DAEG,$0.3321,1440432962898,"1,220",100% bearish,of 1 rating,N/A
CYTR,$2.14,1440432962970,"449,381",67% bullish,of 6 ratings,$10
CONE,$32.34,1440432963064,"111,316",67% bearish,of 3 ratings,$35
TVIZ,$16.75,1440432963171,"8,400",100% bearish,of 1 rating,N/A
TVIX,$10.64,1440432963201,"12,986,010",81% bullish,of 16 ratings,N/A
ZIV,$43.847,1440432963278,"131,719",Not yet rated,NULL,N/A
DJCO,$202.132,1440432963379,833,Not yet rated,NULL,N/A
XIV,$33.08,1440432963404,"18,732,454",75% bearish,of 4 ratings,N/A
DAIO,$2.5,1440432963560,"9,529",Not yet rated,NULL,N/A
DAKT,$11.6292,1440432963592,"77,359",50% bullish,of 2 ratings,$14
DTLK,$5.55,1440432963723,"32,342",100% bearish,of 1 rating,$9
DRAM,$1.3501,1440432963750,"5,931",78% bullish,of 9 ratings,N/A
DARA,$0.863,1440432963778,"45,661",83% bullish,of 6 ratings,$1.50
DWCH,$4.87,1440432963826,"37,120",75% bullish,of 4 ratings,$8.25
PLAY,$33.77,1440432963918,"61,626",100% bullish,of 5 ratings,$42
DWSN,$4.0301,1440432964061,"25,451",67% bullish,of 3 ratings,$6
DTEA,$13.205,1440432964142,"33,761",100% bearish,of 2 ratings,$24
DHRM,$1.58,1440432964245,"7,200",Not yet rated,NULL,N/A
TRAK,$62.88,1440432964273,"212,814",50% bullish,of 2 ratings,$62.50
DBVT,$38.19,1440432964299,"54,962",100% bearish,of 1 rating,$53
DFRG,$14.81,1440432964326,"57,311",100% bearish,of 1 rating,$20
TACO,$12.8301,1440432964353,"124,952",75% bullish,of 4 ratings,$20
TACOW,$4.14,1440432964614,"6,398",100% bullish,of 1 rating,N/A
DCTH,$0.4502,1440432964640,"75,141",78% bullish,of 9 ratings,N/A
DGAS,$20.293,1440432964781,"4,144",67% bearish,of 3 ratings,N/A
DELTW,NULL,1440432964810,0,Not yet rated,NULL,N/A
DELT,$2.44,1440432964915,200,Not yet rated,NULL,N/A
DENN,$11.509,1440432964966,"277,792",100% bullish,of 3 ratings,$15
XRAY,$52.44,1440432964993,"231,949",100% bullish,of 1 rating,$58
DEPO,$27.9099,1440432965071,"577,306",60% bullish,of 5 ratings,$29
DSCI,$6.1,1440432965126,"48,107",50% bullish,of 2 ratings,$16
DXLG,$4.481,1440432965256,"34,978",100% bearish,of 1 rating,$8
DERM,$23.86,1440432965282,"81,006",100% bearish,of 1 rating,$33.50
DEST,$11.315,1440432965313,"17,196",50% bullish,of 2 ratings,N/A
DSWL,$1.7698,1440432965415,"21,440",100% bullish,of 1 rating,N/A
DXCM,$86.45,1440432965477,"557,024",57% bullish,of 7 ratings,$98
DHXM,NULL,1440432965550,0,Not yet rated,NULL,N/A
DXM,$0.2953,1440432965610,"75,164",50% bullish,of 2 ratings,N/A
DHIL,$184,1440432965778,729,Not yet rated,NULL,N/A
DMND,$29.79,1440432965867,"83,464",75% bullish,of 12 ratings,$32
FANG,$65,1440432965996,"614,451",50% bullish,of 2 ratings,$86
DRNA,$10.57,1440432966169,"50,564",67% bearish,of 3 ratings,$25
DGII,$9.82,1440432966207,"21,856",100% bearish,of 1 rating,$10
DMRC,$36.9,1440432966237,"53,046",100% bearish,of 1 rating,$44
DRAD,$3.81,1440432966259,"38,825",100% bullish,of 1 rating,$5.25
DCIX,$1.655,1440432966298,"47,621",50% bullish,of 4 ratings,$3.50
DGLY,$6.3001,1440432966336,"209,047",50% bullish,of 6 ratings,$20
APPS,$2.38,1440432966429,"66,996",100% bearish,of 1 rating,$10.25
DCOM,$16.49,1440432966465,"37,017",100% bearish,of 2 ratings,$16.50
DISCA,$26.32,1440432966789,"1,139,690",67% bullish,of 3 ratings,$34
DIOD,$19.32,1440432966858,"78,344",75% bearish,of 4 ratings,$24
DPRX,$11.92,1440432966884,"7,535",100% bullish,of 2 ratings,$27.75
DISCB,$29.06,1440432966919,4,100% bearish,of 1 rating,$35
DISCK,$24.9901,1440432966945,"1,302,840",100% bearish,of 1 rating,$32
DSCO,$0.4001,1440432967076,"144,091",83% bullish,of 6 ratings,$2.75
DISH,$59.46,1440432967102,"895,284",69% bullish,of 13 ratings,$73
DVCR,$9.96,1440432967123,"9,582",100% bullish,of 1 rating,N/A
BAGR,$2.91,1440432967332,"14,899",100% bearish,of 1 rating,$6
DLHC,$2.35,1440432967399,"11,531",100% bearish,of 1 rating,N/A
DLTR,$75.6,1440432967506,"978,772",82% bullish,of 11 ratings,$88
DNBF,$26.8,1440432967535,"7,153",Not yet rated,NULL,$27.50
DGICA,$14.33,1440432967567,"7,261",100% bearish,of 1 rating,$17
DGICB,NULL,1440432967699,0,100% bearish,of 1 rating,N/A
DMLP,$13.5318,1440432967724,"43,819",100% bearish,of 1 rating,N/A
DORM,$49.99,1440432967902,"138,109",100% bearish,of 1 rating,$56
HILL,$9.671,1440432967961,"2,284,656",60% bearish,of 5 ratings,$9.75
DRWIW,NULL,1440432968046,0,Not yet rated,NULL,N/A
DRWI,$0.2517,1440432968077,"126,664",60% bullish,of 5 ratings,$.45
DWA,$19.2,1440432968105,"379,838",63% bullish,of 8 ratings,$26
DSKX,$3.0801,1440432968179,"115,066",100% bullish,of 1 rating,N/A
DRYS,$0.3374,1440432968278,"2,764,498",77% bullish,of 31 ratings,$.60
DSPG,$8.44,1440432968383,"15,409",100% bearish,of 1 rating,$13.50
CADT,$10.02,1440432968413,300,Not yet rated,NULL,N/A
CADTR,$0.2,1440432968548,"24,465",Not yet rated,NULL,N/A
CADTU,NULL,1440432968573,0,Not yet rated,NULL,N/A
CADTW,NULL,1440432968648,0,Not yet rated,NULL,N/A
DTSI,$25.71,1440432968911,"29,890",100% bearish,of 2 ratings,$39.50
DRRX,$2.04,1440432968937,"101,796",50% bullish,of 6 ratings,$3
DNKN,$49.88,1440432968973,"987,873",67% bullish,of 15 ratings,$56.50
DXPE,$28.19,1440432969067,"44,209",50% bullish,of 2 ratings,N/A
DYNT,$2.84,1440432969096,"9,258",75% bullish,of 4 ratings,N/A
BOOM,$9.6898,1440432969124,"27,401",67% bullish,of 3 ratings,$12
DYAX,$22.76,1440432969199,"278,587",89% bullish,of 9 ratings,$30
DYSL,$1.47,1440432969490,"15,155",100% bullish,of 2 ratings,N/A
DVAX,$26.93,1440432969522,"137,426",70% bullish,of 10 ratings,$40
ETFC,$24.835,1440432969620,"1,678,871",57% bullish,of 14 ratings,$33
EGBN,$42.73,1440432969646,"62,117",Not yet rated,NULL,$48
EGRX,$67.505,1440432969716,"147,838",67% bullish,of 3 ratings,$97
EGLE,$6,1440432969741,"6,661",60% bullish,of 5 ratings,N/A
EBMT,$11.42,1440432970045,"39,825",Not yet rated,NULL,$13.50
EROC,$1.115,1440432970075,"259,020",50% bullish,of 2 ratings,$3
ELNK,$8.1399,1440432970145,"274,017",60% bullish,of 5 ratings,$9.50
EWBC,$39.74,1440432970179,"789,628",100% bearish,of 1 rating,$50
EACQU,NULL,1440432970208,0,Not yet rated,NULL,N/A
EML,$16.7586,1440432970242,"23,263",Not yet rated,NULL,N/A
EBAY,$25.53,1440432970272,"5,498,617",81% bullish,of 117 ratings,$48
EVBS,$6.4079,1440432970307,"3,845",Not yet rated,NULL,$7
ELON,$0.5386,1440432970688,"39,072",50% bullish,of 2 ratings,N/A
EBIX,$26.46,1440432970760,"444,271",69% bullish,of 13 ratings,$40
ECTE,$1.41,1440432970904,"17,172",75% bullish,of 4 ratings,N/A
EEI,$10.83,1440432971035,"1,604",67% bearish,of 3 ratings,N/A
ECHO,$24.15,1440432971061,"160,195",67% bearish,of 3 ratings,$35.50
SATS,$42.8001,1440432971092,"51,616",50% bullish,of 2 ratings,$60
ECACU,$10.02,1440432971194,"20,000",Not yet rated,NULL,N/A
EDAP,$2.9999,1440432971219,"25,832",60% bullish,of 5 ratings,$4.50
ESES,$3.05,1440432971247,"1,470",100% bearish,of 1 rating,$7
EDGW,$6.32,1440432971273,"89,515",100% bearish,of 1 rating,N/A
EDUC,$4.5,1440432971399,"2,170",100% bearish,of 1 rating,N/A
EGAN,$3.24,1440432971504,"10,299",50% bullish,of 2 ratings,$6.25
EFUT,$4,1440432971531,"4,946",Not yet rated,NULL,N/A
EGLT,$10.64,1440432971558,"35,416",50% bullish,of 2 ratings,$21
LOCO,$11.7001,1440432971789,"731,844",69% bullish,of 13 ratings,$20
EHTH,$13.54,1440432971815,"48,123",50% bullish,of 4 ratings,$16.50
ELRC,$10.41,1440432972005,"10,690",100% bearish,of 1 rating,N/A
ESIO,$4.42,1440432972102,"28,369",50% bullish,of 2 ratings,$10
ERI,$9.37,1440432972183,"29,829",100% bearish,of 1 rating,$10
ESLT,$74.432,1440432972241,"16,240",67% bullish,of 3 ratings,N/A
EA,$64.945,1440432972287,"1,874,200",77% bullish,of 35 ratings,$80
EMITF,$1.21,1440432972342,"38,444",75% bullish,of 4 ratings,N/A
EFII,$42.69,1440432972511,"125,187",80% bullish,of 5 ratings,$55
ELSE,$3.63,1440432972539,400,60% bullish,of 5 ratings,N/A
ELEC,NULL,1440432972715,0,Not yet rated,NULL,N/A
ELECU,NULL,1440432972850,0,Not yet rated,NULL,N/A
ELECW,NULL,1440432972885,0,Not yet rated,NULL,N/A
RDEN,$10.3,1440432972928,"43,992",100% bearish,of 4 ratings,$15
EBIO,$3.17,1440432972958,"128,364",100% bearish,of 2 ratings,$8.35
CAPX,$22.25,1440432973062,"1,100",Not yet rated,NULL,N/A
ESBK,NULL,1440432973302,0,Not yet rated,NULL,N/A
LONG,$16.77,1440432973429,"48,886",67% bullish,of 3 ratings,$15.75
EMCF,NULL,1440432973470,0,100% bearish,of 1 rating,N/A
ELTK,$1.06,1440432973532,"6,830",67% bearish,of 3 ratings,N/A
EMCI,$21.86,1440432973614,"9,511",Not yet rated,NULL,N/A
EMKR,$7.15,1440432973642,"51,805",75% bullish,of 4 ratings,$8.50
EMMSP,NULL,1440432974021,0,100% bearish,of 1 rating,N/A
NYNY,$3.99,1440432974084,"53,657",50% bullish,of 2 ratings,N/A
EMMS,$1.1499,1440432974155,"91,099",67% bullish,of 6 ratings,N/A
ERS,$2.8,1440432974180,"2,602",Not yet rated,NULL,N/A
ENTA,$39.3,1440432974205,"98,578",50% bullish,of 2 ratings,$42
ECPG,$39.17,1440432974230,"44,212",100% bullish,of 2 ratings,$52
ENDP,$75.37,1440432974371,"1,005,751",50% bullish,of 6 ratings,$104
WIRE,$32.34,1440432974455,"41,057",100% bearish,of 1 rating,$37
ELGX,$12.85,1440432974522,"218,066",75% bullish,of 4 ratings,$17
ECYT,$4.995,1440432974599,"104,042",83% bullish,of 6 ratings,$12
EIGI,$15.2,1440432974633,"280,855",67% bearish,of 3 ratings,$22.50
WATT,$6.21,1440432974655,"157,476",50% bullish,of 2 ratings,$13
ERII,$2.8,1440432974697,"36,717",80% bullish,of 5 ratings,$2.50
EFOI,$15.5,1440432974737,"186,427",50% bullish,of 2 ratings,$20.50
EXXI,$1.343,1440432974924,"1,334,503",86% bullish,of 7 ratings,$3.50
ENOC,$8.505,1440432975752,"128,550",75% bullish,of 4 ratings,$18
ENFC,$18.01,1440432975814,"2,700",Not yet rated,NULL,N/A
ENG,$1.0301,1440432975840,"29,250",100% bullish,of 3 ratings,N/A
ENTG,$13.61,1440432975894,"239,899",100% bearish,of 1 rating,$18
ENPH,$5,1440432975920,"587,356",75% bullish,of 4 ratings,$11
ESGR,$149.943,1440432975972,"7,115",100% bearish,of 1 rating,$185
ETRM,$0.2248,1440432975997,"709,662",69% bearish,of 35 ratings,$1.625
ENTL,$21.67,1440432976060,"7,064",Not yet rated,NULL,$28
EGT,$2.1156,1440432976304,305,100% bullish,of 1 rating,N/A
ENZY,$8.92,1440432976459,"7,096",67% bullish,of 3 ratings,$9.50
EBTC,$20.47,1440432976490,"3,563",Not yet rated,NULL,N/A
ENVI,$1.72,1440432976511,"6,516",67% bullish,of 3 ratings,N/A
ENZN,$0.9478,1440432976532,"640,189",100% bullish,of 9 ratings,N/A
EFSC,$24.255,1440432976571,"15,724",Not yet rated,NULL,$27
EPIQ,$13.55,1440432976663,"40,597",100% bearish,of 1 rating,$18
EPRS,$4.76,1440432976952,"54,127",82% bullish,of 11 ratings,$15
EQFN,NULL,1440432977083,0,100% bearish,of 1 rating,N/A
EPZM,$18.5435,1440432977110,"227,212",60% bullish,of 5 ratings,$34
EQIX,$262.955,1440432977136,"260,117",75% bullish,of 4 ratings,$312.50
PLUS,$76.45,1440432977162,"25,071",50% bullish,of 2 ratings,$88
EAC,$3.495,1440432977187,"27,318",100% bearish,of 1 rating,$8
ERIE,$82.91,1440432977427,"9,493",Not yet rated,NULL,$73
ERIC,$9.6699,1440432977498,"1,663,350",63% bullish,of 8 ratings,$12.20
ESCA,$17.92,1440432977530,"12,955",100% bearish,of 1 rating,$22
ESCR,$0.1501,1440432977630,"11,719",50% bullish,of 2 ratings,N/A
ESCRP,$1.4001,1440432977698,779,100% bearish,of 1 rating,N/A
ESMC,NULL,1440432977723,0,Not yet rated,NULL,N/A
ESPR,$54.83,1440432977750,"433,771",70% bearish,of 10 ratings,$123
ESSA,$12.53,1440432977924,"8,249",100% bearish,of 1 rating,N/A
EPIX,NULL,1440432977951,0,Not yet rated,NULL,N/A
ETSY,$13.4599,1440432978128,"381,535",80% bullish,of 5 ratings,$16
ESND,$34.62,1440432978153,"43,811",100% bearish,of 2 ratings,$40
ESSX,$0.4896,1440432978180,"16,000",50% bullish,of 2 ratings,N/A
CLWT,$2.3799,1440432978206,"15,107",100% bearish,of 1 rating,N/A
ESEA,$5.43,1440432978392,"1,857",100% bullish,of 1 rating,$15
EEFT,$63.01,1440432978418,"76,487",100% bearish,of 1 rating,$67.50
EVEP,$7.03,1440432978546,"243,721",50% bullish,of 2 ratings,$15
EVK,$3.42,1440432978574,"9,100",75% bearish,of 4 ratings,N/A
EVLV,$2.065,1440432978632,"84,824",60% bullish,of 5 ratings,$6.50
EVOL,$5.83,1440432978761,"8,292",75% bullish,of 4 ratings,$10
EVOK,$3.669,1440432978792,"65,911",100% bearish,of 1 rating,$13.375
EXAS,$20.17,1440432978818,"681,083",78% bullish,of 9 ratings,$31
EXAC,$18.12,1440432978852,"13,661",100% bearish,of 1 rating,$22.50
EXA,$10.6695,1440432979026,"8,394",100% bearish,of 1 rating,$13
EXEL,$5.39,1440432979098,"2,887,079",81% bullish,of 16 ratings,$6
EXFO,$2.7042,1440432979234,"22,920",67% bearish,of 3 ratings,$3.95
EXLS,$36.98,1440432979293,"62,580",100% bullish,of 1 rating,$41
EXPE,$111.61,1440432979336,"955,741",64% bullish,of 11 ratings,$130
EXPD,$47.14,1440432979398,"619,097",80% bullish,of 5 ratings,$51.50
EXPO,$42.19,1440432979424,"18,891",100% bearish,of 1 rating,$45.50
EXLP,$17.26,1440432979628,"105,578",100% bearish,of 1 rating,$27
ESRX,$82.72,1440432979658,"2,506,309",67% bearish,of 6 ratings,$101
EYEG,$3.85,1440432979763,"10,133",Not yet rated,NULL,N/A
EYEGW,NULL,1440432979791,0,Not yet rated,NULL,N/A
FFIV,$121.18,1440432979819,"401,099",63% bullish,of 8 ratings,$132
EXTR,$2.835,1440432979849,"283,135",80% bullish,of 5 ratings,$3
EZCH,$21.22,1440432979925,"90,321",75% bullish,of 8 ratings,$19.50
EZPW,$6.1501,1440432980026,"102,242",50% bullish,of 4 ratings,$7.50
FB,$86.59,1440432980074,"29,288,846",73% bullish,of 1066 ratings,$111
FCS,$13.18,1440432980371,"345,666",67% bearish,of 3 ratings,$17
FRP,$16.58,1440432980397,"14,301",100% bearish,of 1 rating,$18
FWM,$2.22,1440432980428,"148,266",100% bearish,of 2 ratings,$3.20
FALC,$1.6,1440432980585,"6,277",63% bearish,of 8 ratings,N/A
DAVE,$13.86,1440432980625,"29,522",100% bearish,of 1 rating,$15.50
FMNB,$7.99,1440432980655,"9,513",Not yet rated,NULL,N/A
FARM,$22.04,1440432980724,"15,239",100% bearish,of 1 rating,$35
FFKT,$26.24,1440432980754,"2,624",Not yet rated,NULL,$29
FAST,$38.01,1440432980856,"1,777,783",80% bullish,of 5 ratings,$46
FATE,$6.18,1440432980916,"67,876",50% bullish,of 2 ratings,$11
FARO,$38.6,1440432980942,"65,235",50% bullish,of 2 ratings,$48
FBSS,$15.3467,1440432981083,300,Not yet rated,NULL,N/A
FBRC,$21.8,1440432981108,"17,469",100% bearish,of 1 rating,$29
FDML,$9.04,1440432981184,"75,150",50% bullish,of 4 ratings,$14
FHCO,$1.36,1440432981381,"132,918",50% bullish,of 4 ratings,N/A
FEIC,$75.96,1440432981486,"111,306",50% bullish,of 2 ratings,$95.50
FNHC,$21.57,1440432981533,"20,407",100% bearish,of 1 rating,$35
FENX,$9.85,1440432981559,"24,135",100% bullish,of 1 rating,$14.25
FGEN,$23.04,1440432981589,"256,435",100% bearish,of 1 rating,$39
FCSC,$5.6,1440432981622,"119,330",100% bearish,of 1 rating,$8.125
FDUS,$13.9101,1440432981694,"122,886",50% bullish,of 2 ratings,$18
ONEQ,$184.2899,1440432981723,"90,707",100% bullish,of 1 rating,N/A
LION,$18.6556,1440432981909,"72,991",100% bullish,of 1 rating,$20
FRGI,$51.71,1440432981967,"66,860",50% bullish,of 2 ratings,$70
FSAM,$8.38,1440432982036,"11,302",100% bearish,of 1 rating,$11
FSC,$6.291,1440432982135,"536,358",75% bullish,of 4 ratings,$8
FSCFL,$24.6194,1440432982179,704,Not yet rated,NULL,N/A
FSFR,$8.867,1440432982276,"47,947",100% bearish,of 1 rating,$11.50
FITB,$19.16,1440432982365,"2,955,247",54% bullish,of 13 ratings,$22
FITBI,$26.8,1440432982410,"17,084",Not yet rated,NULL,N/A
FNSR,$15.36,1440432982601,"418,830",71% bullish,of 7 ratings,$24.50
FNGN,$32.851,1440432982627,"139,020",67% bullish,of 3 ratings,$47
FNTC,NULL,1440432982698,0,Not yet rated,NULL,N/A
FISI,$24.665,1440432982726,"23,214",100% bullish,of 2 ratings,$24.50
FEYE,$37.31,1440432982854,"3,707,658",87% bullish,of 15 ratings,$55.50
FNJN,$1.5401,1440432982938,"38,475",100% bearish,of 1 rating,$5
FNTCW,$0.32,1440432982983,"17,600",Not yet rated,NULL,N/A
FNTCU,NULL,1440432983082,0,Not yet rated,NULL,N/A
FNLC,$18.34,1440432983214,"11,878",100% bullish,of 1 rating,N/A
FBNC,$16.79,1440432983240,"12,101",100% bullish,of 1 rating,$20
FRBA,$5.96,1440432983292,"2,700",Not yet rated,NULL,$8
BUSE,$6.22,1440432983317,"21,899",Not yet rated,NULL,$6.875
FBIZ,$43.75,1440432983493,"2,473",100% bearish,of 2 ratings,$52
FCVA,$4.61,1440432983551,"5,105",Not yet rated,NULL,N/A
FCAP,$26.5,1440432983624,601,Not yet rated,NULL,N/A
FCNCA,$235.231,1440432983702,"2,070",Not yet rated,NULL,N/A
FCFS,$37.58,1440432983754,"94,128",100% bearish,of 3 ratings,$48
FCLF,$9.41,1440432983783,525,Not yet rated,NULL,N/A
FCBC,$17.3,1440432983805,"3,254",Not yet rated,NULL,$18
FCCO,$11.8999,1440432984031,448,Not yet rated,NULL,$13.25
FDEF,$37.02,1440432984166,"9,305",Not yet rated,NULL,$38
FFBC,$18.37,1440432984277,"54,784",67% bearish,of 3 ratings,$20.25
FFNM,$6.24,1440432984302,"3,100",Not yet rated,NULL,N/A
FFBCW,NULL,1440432984331,0,100% bearish,of 1 rating,N/A
FBNK,$16.46,1440432984355,"14,739",100% bearish,of 1 rating,$17.50
FCFP,$6.9,1440432984384,"5,314",Not yet rated,NULL,N/A
FFIN,$30.7199,1440432984585,"79,628",50% bullish,of 2 ratings,$31.75
THFF,$32.98,1440432984690,"7,242",Not yet rated,NULL,$35
FFNW,$12.14,1440432984744,"20,061",Not yet rated,NULL,$14
FFWM,$21.2,1440432984771,"36,275",Not yet rated,NULL,$24
INBK,$30.4,1440432984848,"24,110",50% bullish,of 2 ratings,$37
FIBK,$26.37,1440432984901,"43,320",Not yet rated,NULL,$32
FRME,$25.31,1440432984990,"82,211",Not yet rated,NULL,$26.50
FMBH,$22.5,1440432985015,300,Not yet rated,NULL,N/A
FMBI,$17.37,1440432985243,"171,058",Not yet rated,NULL,$20
FNFG,$9.01,1440432985293,"894,533",80% bullish,of 5 ratings,$9
FNWB,$11.9188,1440432985320,"14,734",Not yet rated,NULL,N/A
FNBC,$34.4,1440432985341,"16,615",Not yet rated,NULL,$41.50
FSFG,$30.53,1440432985472,"2,000",Not yet rated,NULL,N/A
FSGI,$2.443,1440432985498,"7,250",Not yet rated,NULL,N/A
FSLR,$45.28,1440432985520,"1,194,775",74% bullish,of 39 ratings,$65
FSBK,$7.57,1440432985558,425,100% bullish,of 1 rating,N/A
FCAN,$22.57,1440432985720,513,Not yet rated,NULL,N/A
FBZ,$9.75,1440432985745,200,Not yet rated,NULL,N/A
BICK,$17.84,1440432985779,250,100% bullish,of 1 rating,N/A
FCA,$17.43,1440432986083,"1,000",Not yet rated,NULL,N/A
FTCS,$36.0658,1440432986117,"177,402",100% bearish,of 1 rating,N/A
FV,$22.83,1440432986160,"6,263,462",100% bearish,of 1 rating,N/A
IFV,$17.275,1440432986180,"862,896",100% bearish,of 1 rating,N/A
FEMB,$42.17,1440432986213,300,Not yet rated,NULL,N/A
FEUZ,$30.26,1440432986239,"2,064",Not yet rated,NULL,N/A
FTSM,$59.8901,1440432986265,"15,045",100% bearish,of 1 rating,N/A
MDIV,$18.99,1440432986393,"575,041",Not yet rated,NULL,N/A
TDIV,$24.225,1440432986577,"282,674",100% bearish,of 1 rating,N/A
FGM,$34.995,1440432986604,"31,164",Not yet rated,NULL,N/A
FTGC,$21.7604,1440432986625,"63,331",Not yet rated,NULL,N/A
FTHI,$18.93,1440432986755,48,Not yet rated,NULL,N/A
FHK,$31.4999,1440432986851,"15,929",Not yet rated,NULL,N/A
HYLS,$48.9,1440432986876,"44,009",100% bearish,of 1 rating,N/A
FPXI,$26.07,1440432987042,40,Not yet rated,NULL,N/A
SKYY,$28.344,1440432987088,"124,959",100% bullish,of 1 rating,N/A
PLTM,$6.47,1440432987116,"37,782",100% bearish,of 1 rating,N/A
FJP,$43.9005,1440432987175,"9,046",Not yet rated,NULL,N/A
YDIV,$16.18,1440432987202,"6,154",Not yet rated,NULL,N/A
CU,$12.195,1440432987242,"13,250",100% bearish,of 1 rating,N/A
LMBS,$50.45,1440432987332,800,Not yet rated,NULL,N/A
FTLB,$18.9828,1440432987357,"4,210",100% bearish,of 1 rating,N/A
FMB,$51.1776,1440432987595,652,Not yet rated,NULL,N/A
QABA,$37.1701,1440432987642,"30,046",100% bearish,of 1 rating,N/A
CIBR,$17.86,1440432987784,"148,080",Not yet rated,NULL,N/A
FONE,$33.34,1440432987811,"1,275",Not yet rated,NULL,N/A
RDVY,$20.795,1440432987938,"8,592",Not yet rated,NULL,N/A
QCLN,$14.63,1440432987969,"58,708",Not yet rated,NULL,N/A
GRID,$28.8601,1440432987990,"1,780",100% bearish,of 1 rating,N/A
QQEW,$40.6932,1440432988072,"194,687",Not yet rated,NULL,N/A
CARZ,$33.24,1440432988121,"8,441",100% bearish,of 1 rating,N/A
QQXT,$39.4081,1440432988178,"131,285",Not yet rated,NULL,N/A
AIRR,$16.05,1440432988259,"5,379",100% bearish,of 1 rating,N/A
QTEC,$39.05,1440432988290,"66,012",Not yet rated,NULL,N/A
FTSL,$48.44,1440432988388,"26,010",100% bearish,of 1 rating,N/A
QINC,$20.1587,1440432988417,600,Not yet rated,NULL,N/A
FKO,$19.5,1440432988563,100,Not yet rated,NULL,N/A
FDIV,$47.27,1440432988588,"2,376",100% bearish,of 1 rating,N/A
FSZ,$38.97,1440432988735,"19,272",Not yet rated,NULL,N/A
TUSA,$24.29,1440432988864,300,Not yet rated,NULL,N/A
FUNC,$8.103,1440432988905,800,Not yet rated,NULL,N/A
FKU,$40.76,1440432988936,"45,197",Not yet rated,NULL,N/A
FTW,$28.305,1440432989036,663,Not yet rated,NULL,N/A
FSV,$30.52,1440432989094,"6,093",Not yet rated,NULL,$33.60
SVVC,$9.46,1440432989122,"17,776",50% bullish,of 2 ratings,$26
FMER,$17.52,1440432989148,"607,462",50% bullish,of 2 ratings,$20
FISV,$83.55,1440432989280,"768,822",100% bearish,of 3 ratings,$90
FIVE,$35.77,1440432989360,"140,565",75% bearish,of 4 ratings,$44
FIVN,$4.17,1440432989491,"117,901",100% bullish,of 1 rating,$8.50
FPRX,$19,1440432989520,"111,624",50% bullish,of 2 ratings,$35
FLML,$19.695,1440432989549,"113,582",50% bullish,of 2 ratings,$30
FLKS,$13.62,1440432989625,"28,738",50% bullish,of 2 ratings,$27
FLXN,$23.96,1440432989695,"26,664",100% bearish,of 1 rating,$40
SKOR,$51.21,1440432989801,400,Not yet rated,NULL,N/A
MBSD,$25.37,1440432989868,400,Not yet rated,NULL,N/A
FLXS,$29.4201,1440432989900,"21,380",100% bearish,of 2 ratings,N/A
FLIR,$27.84,1440432989944,"321,672",100% bearish,of 1 rating,$38.50
FLEX,$10.44,1440432990007,"835,510",63% bullish,of 8 ratings,$12
FLDM,$12.35,1440432990151,"90,786",67% bearish,of 3 ratings,$21.50
FFIC,$20.17,1440432990197,"14,694",Not yet rated,NULL,$21
FOMX,$9.82,1440432990226,"78,062",50% bullish,of 2 ratings,$23.50
FONR,$9.43,1440432990368,"5,820",100% bullish,of 1 rating,N/A
FOGO,$18.25,1440432990395,"86,506",50% bullish,of 2 ratings,$25.50
FORM,$6.11,1440432990604,"117,391",67% bullish,of 3 ratings,$10.50
FES,$0.9,1440432990677,"29,893",50% bullish,of 2 ratings,$1
FORTY,$30,1440432990708,"1,676",Not yet rated,NULL,N/A
FORR,$31.49,1440432990762,"12,514",Not yet rated,NULL,N/A
FBIO,$2.33,1440432990807,"198,686",83% bullish,of 6 ratings,N/A
FWRD,$45.985,1440432990851,"53,361",100% bearish,of 1 rating,$50
FORD,$1.023,1440432990879,"27,067",50% bullish,of 2 ratings,N/A
FTNT,$42.263,1440432990906,"964,224",80% bullish,of 10 ratings,$52
FMI,$20.71,1440432991206,"89,788",100% bearish,of 2 ratings,$27.50
FOSL,$59.46,1440432991233,"381,458",50% bullish,of 4 ratings,$80
FWP,$25,1440432991277,"25,248",100% bearish,of 1 rating,$45
FXCB,$17,1440432991374,"9,832",Not yet rated,NULL,$19
FRAN,$10.355,1440432991402,"184,322",50% bullish,of 4 ratings,$15
FOXF,$15.33,1440432991427,"17,540",100% bearish,of 1 rating,$19
FELE,$28.39,1440432991600,"135,856",50% bullish,of 4 ratings,$33
FRED,$14.17,1440432991685,"53,957",50% bullish,of 2 ratings,$16.50
FEIM,$10.6001,1440432991760,"1,875",100% bearish,of 1 rating,N/A
RAIL,$20.22,1440432991795,"51,942",100% bearish,of 1 rating,$24.50
FTR,$5.0601,1440432991828,"6,818,410",78% bullish,of 27 ratings,$6.25
FREE,$0.38,1440432991853,"307,977",92% bullish,of 12 ratings,N/A
FRPT,$13.2,1440432991901,"216,021",67% bearish,of 3 ratings,$23.50
FTRPR,$100.8999,1440432991927,"9,551",100% bearish,of 1 rating,N/A
FRPH,$29.5,1440432992111,883,100% bearish,of 1 rating,N/A
FSBW,NULL,1440432992214,0,Not yet rated,NULL,N/A
FULLL,$25.02,1440432992517,"2,385",Not yet rated,NULL,N/A
FSYS,$6.17,1440432992547,"36,559",67% bullish,of 3 ratings,$10
FCEL,$0.7036,1440432992569,"993,538",88% bullish,of 40 ratings,$2.65
FTEK,$2.0937,1440432992595,"38,488",75% bullish,of 4 ratings,N/A
FULL,$3.06,1440432992657,"73,420",67% bearish,of 3 ratings,$4.25
FTD,$29.085,1440432992680,"24,621",100% bearish,of 1 rating,$40
FLL,$1.51,1440432992709,"16,750",75% bullish,of 4 ratings,$2.825
FULT,$12.26,1440432992756,"404,534",100% bearish,of 1 rating,$13
FXENP,$15.0501,1440432992941,"3,100",100% bearish,of 1 rating,N/A
FXEN,$0.82,1440432992969,"50,994",75% bullish,of 4 ratings,$1.10
GK,$69.7,1440432992998,"33,223",Not yet rated,NULL,$78
FFHL,$0.88,1440432993027,"2,720",50% bullish,of 4 ratings,N/A
FSNN,$2.5599,1440432993101,400,67% bullish,of 3 ratings,$6
WILC,$5,1440432993187,"14,512",100% bullish,of 2 ratings,N/A
GAIA,$5.852,1440432993391,"25,142",50% bullish,of 2 ratings,$8.50
GLPG,$60,1440432993421,"34,936",100% bullish,of 1 rating,$75
GALTU,NULL,1440432993446,0,100% bearish,of 1 rating,N/A
GALT,$1.885,1440432993523,"114,823",80% bullish,of 5 ratings,N/A
GALTW,NULL,1440432993655,0,100% bullish,of 1 rating,N/A
GLMD,$7.44,1440432993698,"27,067",67% bullish,of 3 ratings,$20.50
GLPI,$31.02,1440432993724,"298,152",100% bearish,of 1 rating,$37.50
GALE,$1.51,1440432993787,"1,621,722",89% bullish,of 47 ratings,$4
GPIC,$10.25,1440432993865,"1,062",100% bearish,of 1 rating,N/A
GRMN,$37.91,1440432993919,"1,086,002",50% bullish,of 6 ratings,$48
GGAC,NULL,1440432993948,0,100% bearish,of 1 rating,N/A
GGACR,NULL,1440432993973,0,100% bullish,of 1 rating,N/A
GGACU,NULL,1440432994217,0,Not yet rated,NULL,N/A
GGACW,$0.0514,1440432994250,800,Not yet rated,NULL,N/A
GARS,$14.32,1440432994386,"74,615",Not yet rated,NULL,$16
GNCMA,$16.88,1440432994414,"90,361",100% bearish,of 1 rating,$12
GFN,$3.45,1440432994436,"12,019",100% bearish,of 2 ratings,$8
GENC,$9.3,1440432994468,"4,052",100% bearish,of 1 rating,N/A
GFNCP,$85.05,1440432994567,448,Not yet rated,NULL,N/A
GENE,$2.267,1440432994697,"80,735",100% bullish,of 12 ratings,N/A
GFNSL,$24.7,1440432994798,"1,100",Not yet rated,NULL,N/A
GNTX,$15.06,1440432994829,"900,256",Not yet rated,NULL,$20
GNMK,$9.25,1440432994863,"81,639",67% bullish,of 6 ratings,$14
GNCA,$12.3,1440432994932,"51,715",100% bearish,of 1 rating,$20
THRM,$43.525,1440432994964,"203,928",75% bearish,of 4 ratings,$55.50
GHDX,$25.07,1440432994986,"67,126",50% bullish,of 2 ratings,$30
GNVC,$2.11,1440432995158,"13,602",90% bullish,of 10 ratings,$8.50
GTWN,NULL,1440432995201,0,Not yet rated,NULL,N/A
GEOS,$15.25,1440432995360,"59,854",100% bearish,of 3 ratings,$25.50
GERN,$3.12,1440432995501,"877,960",88% bullish,of 16 ratings,$5.25
GABC,$29.1111,1440432995533,"21,110",Not yet rated,NULL,$31.50
GIGM,$0.5795,1440432995581,"103,044",100% bullish,of 2 ratings,N/A
ROCK,$17.13,1440432995609,"79,351",80% bullish,of 5 ratings,$24
GIGA,$1.37,1440432995639,"41,025",100% bearish,of 1 rating,N/A
GEVO,$2.5504,1440432995661,"761,088",75% bullish,of 12 ratings,$5
GIII,$63.465,1440432995790,"126,656",67% bullish,of 3 ratings,$75
GILD,$105.695,1440432995817,"7,978,729",91% bullish,of 87 ratings,$129
GILT,$4.22,1440432995950,"14,098",50% bullish,of 2 ratings,N/A
GBCI,$25.815,1440432996080,"64,574",50% bullish,of 2 ratings,$31
GLADO,$25.45,1440432996105,"2,037",Not yet rated,NULL,N/A
GLAD,$8.25,1440432996131,"122,579",50% bullish,of 2 ratings,$8.75
GOOD,$14.61,1440432996156,"131,770",Not yet rated,NULL,$19
GOODN,$25.25,1440432996390,"1,900",Not yet rated,NULL,N/A
GOODO,$25.1,1440432996438,200,Not yet rated,NULL,N/A
GOODP,$25.1,1440432996524,"1,500",Not yet rated,NULL,N/A
GAIN,$7.41,1440432996554,"313,187",100% bullish,of 2 ratings,$8.25
LAND,$9.265,1440432996590,"18,409",50% bullish,of 2 ratings,$13.75
GAINP,$25.75,1440432996611,"10,436",Not yet rated,NULL,N/A
GAINO,$25.2999,1440432996690,"1,630",Not yet rated,NULL,N/A
GAINN,$24.81,1440432996721,"21,750",Not yet rated,NULL,N/A
GBT,$44.04,1440432996853,"104,479",100% bearish,of 1 rating,N/A
GLBZ,$12.12,1440432996916,315,Not yet rated,NULL,N/A
GDEF,NULL,1440432996943,0,Not yet rated,NULL,N/A
GBLI,$25.07,1440432997253,"2,700",Not yet rated,NULL,N/A
ENT,$11.45,1440432997280,"141,296",100% bearish,of 1 rating,$18
GSOL,$8.13,1440432997316,"15,310",100% bearish,of 1 rating,N/A
ACTX,$12.67,1440432997342,"2,425",100% bullish,of 1 rating,N/A
QQQC,$16.87,1440432997367,"14,414",100% bearish,of 1 rating,N/A
SOCL,$16.66,1440432997411,"68,845",100% bullish,of 2 ratings,N/A
GPACU,NULL,1440432997436,0,Not yet rated,NULL,N/A
ALTY,$14.2899,1440432997618,"5,500",Not yet rated,NULL,N/A
YLCO,$12.15,1440432997721,985,Not yet rated,NULL,N/A
GAI,$5.3,1440432997807,"4,972",50% bullish,of 2 ratings,N/A
SRET,$13.296,1440432997854,"3,493",Not yet rated,NULL,N/A
GSM,$12.96,1440432997883,"86,889",50% bullish,of 2 ratings,$23
GBIM,$2.12,1440432997987,"45,361",50% bullish,of 2 ratings,N/A
GLRI,$1.05,1440432998059,"9,119",100% bearish,of 1 rating,$6
GLBS,$1.0825,1440432998115,100,67% bullish,of 3 ratings,N/A
GLUU,$4.2,1440432998206,"1,258,827",92% bullish,of 26 ratings,$9
GOGO,$15.96,1440432998233,"576,656",80% bullish,of 5 ratings,$25
GLYC,$6.81,1440432998312,"6,875",50% bullish,of 2 ratings,$14
GLNG,$34.48,1440432998375,"529,788",83% bullish,of 6 ratings,$58
GLDC,$4.07,1440432998447,300,50% bullish,of 2 ratings,N/A
GMLP,$18.4399,1440432998519,"128,809",50% bullish,of 4 ratings,$32.50
GDEN,$8.61,1440432998575,"2,500",50% bullish,of 2 ratings,N/A
GOGL,$2.6999,1440432998648,"203,790",75% bullish,of 4 ratings,$5
GBDC,$16.41,1440432998777,"137,514",Not yet rated,NULL,$17.75
GOOG,$609.5415,1440432998806,"1,520,238",89% bullish,of 70 ratings,$825
GOOGL,$640.536,1440432998910,"1,628,045",88% bullish,of 1080 ratings,$749
GTIM,$6.43,1440432998958,"11,539",Not yet rated,NULL,$11.50
GPRO,$50.715,1440432998987,"4,424,179",78% bullish,of 58 ratings,$72
GMAN,$4.2,1440432999014,"26,739",60% bullish,of 5 ratings,$8
GPIA,$9.75,1440432999157,20,Not yet rated,NULL,N/A
GPIAU,$9.99,1440432999241,"21,401",Not yet rated,NULL,N/A
LOPE,$36.84,1440432999374,"102,370",100% bearish,of 2 ratings,$50
GPIAW,NULL,1440432999411,0,Not yet rated,NULL,N/A
GBSN,$1.2688,1440432999437,"222,611",100% bearish,of 1 rating,$8.25
GRVY,$3.29,1440432999503,709,50% bullish,of 2 ratings,N/A
GBSNU,$17.5,1440432999607,"5,238",Not yet rated,NULL,N/A
GLDD,$5.403,1440432999632,"143,930",100% bearish,of 4 ratings,$7.75
GSBC,$39.69,1440432999788,"9,304",100% bullish,of 1 rating,$44
GNBC,$11.27,1440432999891,"37,160",100% bearish,of 1 rating,$17
GPRE,$18.85,1440432999922,"311,342",67% bullish,of 6 ratings,$28.50
GPP,$14.275,1440433000022,"47,607",Not yet rated,NULL,$20.50
GLRE,$24.399,1440433000049,"69,578",50% bullish,of 2 ratings,$41
GCBC,$27.51,1440433000077,190,100% bullish,of 1 rating,N/A
GRBK,$12.63,1440433000103,"130,726",77% bullish,of 13 ratings,N/A
GRIF,$30.04,1440433000234,747,100% bearish,of 1 rating,N/A
GRFS,$30.741,1440433000315,"134,967",50% bullish,of 2 ratings,$35
GRPN,$4.0701,1440433000343,"3,900,151",61% bullish,of 71 ratings,$6.75
OMAB,$37.5,1440433000500,"50,355",100% bullish,of 1 rating,$44
GSIG,$12.64,1440433000528,"21,373",100% bearish,of 2 ratings,N/A
GGAL,$18.205,1440433000578,"217,916",80% bullish,of 5 ratings,$40
GSVC,$8.35,1440433000726,"159,364",50% bullish,of 2 ratings,$14.50
GSIT,$4.75,1440433000753,52,100% bearish,of 1 rating,N/A
GBNK,$15.46,1440433000785,"6,877",100% bearish,of 1 rating,$18
GTXI,$0.7351,1440433000811,"81,800",100% bullish,of 5 ratings,$.75
GFED,$14.37,1440433000885,100,Not yet rated,NULL,$17
GUID,$7.33,1440433000969,"69,573",100% bearish,of 3 ratings,$10
GULTU,$0.2996,1440433000994,"124,255",100% bearish,of 1 rating,N/A
GURE,$1.58,1440433001144,"33,964",88% bullish,of 8 ratings,N/A
GIFI,$11.89,1440433001252,"15,744",100% bearish,of 1 rating,$16
GPOR,$32.83,1440433001282,"631,505",75% bullish,of 4 ratings,$55
GWPH,$103.82,1440433001308,"149,892",78% bullish,of 9 ratings,$148.50
GWGH,NULL,1440433001385,0,100% bearish,of 1 rating,$15.05
GYRO,$2.9,1440433001446,200,100% bearish,of 1 rating,N/A
HLG,$9.39,1440433001552,17,100% bearish,of 1 rating,N/A
HEES,$16.62,1440433001602,"138,992",67% bearish,of 3 ratings,$31
HNRG,$7.1,1440433001760,"66,891",100% bearish,of 1 rating,$10
HALL,$11.39,1440433001789,"9,408",Not yet rated,NULL,N/A
HALO,$17.275,1440433001843,"532,176",67% bullish,of 3 ratings,$22.50
HMPR,$1.91,1440433001890,"111,073",100% bullish,of 1 rating,N/A
HBK,$13.2778,1440433001946,100,50% bullish,of 2 ratings,N/A
HBHC,$26.32,1440433001994,"258,194",50% bullish,of 2 ratings,$30
HBHCL,$24.11,1440433002232,"35,405",Not yet rated,NULL,N/A
HAFC,$24.22,1440433002308,"48,577",100% bullish,of 2 ratings,$28.50
HQCL,$8.2101,1440433002339,"18,248",67% bullish,of 3 ratings,$14
HNH,$25.85,1440433002361,"3,626",100% bullish,of 1 rating,N/A
HNSN,$0.5001,1440433002406,"77,209",88% bullish,of 8 ratings,$.40
HDNG,$9.79,1440433002434,"10,721",50% bullish,of 4 ratings,N/A
HLIT,$5.63,1440433002569,"126,903",100% bearish,of 1 rating,$6.50
HRMN,NULL,1440433002593,0,Not yet rated,NULL,N/A
HRMNU,$10.19,1440433002759,300,Not yet rated,NULL,N/A
HRMNW,NULL,1440433002836,0,Not yet rated,NULL,N/A
HBIO,$4.44,1440433002864,"45,004",Not yet rated,NULL,$10
HART,$0.83,1440433002901,"101,501",100% bearish,of 1 rating,N/A
TINY,$2.4695,1440433002966,"20,875",50% bullish,of 2 ratings,$5.26
HCAP,$12.07,1440433003067,"18,377",50% bullish,of 2 ratings,$15
HAS,$73.08,1440433003093,"775,316",63% bullish,of 8 ratings,$84.50
HCAPL,$25.13,1440433003277,"3,627",Not yet rated,NULL,N/A
HA,$22.74,1440433003317,"560,590",67% bullish,of 9 ratings,$27
HWKN,$36.41,1440433003378,"2,385",Not yet rated,NULL,N/A
HWBK,$13.117,1440433003446,660,100% bearish,of 1 rating,N/A
HCOM,$22.27,1440433003483,704,100% bearish,of 1 rating,$28
HAYN,$37.18,1440433003537,"35,937",100% bearish,of 1 rating,$59
HCSG,$33.28,1440433003711,"186,837",50% bullish,of 4 ratings,$35
HIIQ,$4.27,1440433003742,"8,416",50% bullish,of 2 ratings,$7
HDS,$32.16,1440433003764,"932,578",100% bearish,of 2 ratings,$39.50
HQY,$28.83,1440433003902,"125,281",67% bullish,of 3 ratings,$31
HWAY,$12.35,1440433003934,"119,400",100% bearish,of 1 rating,$15
HSTM,$24.865,1440433003960,"26,596",50% bullish,of 2 ratings,$33.75
HTLD,$20.35,1440433003981,"171,058",Not yet rated,NULL,$22.50
HTLF,$35.84,1440433004177,"26,491",100% bullish,of 1 rating,$39.50
HTWR,$81.95,1440433004203,"36,570",50% bullish,of 2 ratings,$103
HTBX,$5.16,1440433004334,"11,613",50% bullish,of 2 ratings,$15.50
HELE,$85.51,1440433004361,"103,940",67% bearish,of 3 ratings,$100
HSII,$20,1440433004389,"23,743",100% bullish,of 3 ratings,$25
HMTV,$12.78,1440433004525,"7,953",100% bearish,of 1 rating,$16
HNNA,$24.3,1440433004555,"2,557",Not yet rated,NULL,N/A
HERO,NULL,1440433004653,0,NULL,NULL,NULL
HMNY,$2.1501,1440433004705,980,100% bearish,of 1 rating,N/A
HTBK,$10.98,1440433004797,"19,431",Not yet rated,NULL,$12
HCACU,$10.008,1440433004831,"1,500",Not yet rated,NULL,N/A
HSIC,$135.44,1440433004870,"244,139",83% bullish,of 6 ratings,$146
HFWA,$17.55,1440433004958,"20,902",100% bullish,of 1 rating,$20
HEOP,$7.4,1440433005054,"3,320",Not yet rated,NULL,$8.50
HCCI,$11.18,1440433005130,"5,628",100% bearish,of 1 rating,$16.50
MLHR,$28.04,1440433005260,"67,833",50% bullish,of 2 ratings,$33.50
HFFC,$15.86,1440433005396,657,Not yet rated,NULL,N/A
HSKA,$32.485,1440433005421,"18,027",100% bearish,of 1 rating,$38
HIBB,$37.34,1440433005476,"172,510",100% bearish,of 1 rating,$48.50
HRTX,$36.68,1440433005501,"416,857",67% bullish,of 6 ratings,$41
HPJ,$2.159,1440433005573,"50,605",75% bullish,of 4 ratings,$12.43
HIMX,$6.29,1440433005703,"955,893",86% bullish,of 21 ratings,$8.50
HIHO,$3.87,1440433005750,"26,321",Not yet rated,NULL,N/A
HSGX,$5.46,1440433005840,"10,570",100% bearish,of 1 rating,$17
HIFS,$118.588,1440433005871,772,Not yet rated,NULL,N/A
HMSY,$10.3235,1440433005943,"1,231,575",67% bullish,of 3 ratings,$19.35
HMNF,$11.15,1440433005967,300,Not yet rated,NULL,N/A
HOLI,$16.555,1440433006117,"256,694",50% bullish,of 4 ratings,$27
HOLX,$38.44,1440433006218,"940,580",67% bullish,of 3 ratings,$42
HOMB,$38.885,1440433006246,"92,663",Not yet rated,NULL,$41
HBCP,$24,1440433006317,400,Not yet rated,NULL,$29
AWAY,$28.37,1440433006449,"501,665",67% bullish,of 3 ratings,$36
HMIN,$26.49,1440433006478,"198,826",100% bearish,of 2 ratings,$35
HFBL,NULL,1440433006510,0,Not yet rated,NULL,N/A
HMST,$21.89,1440433006582,"41,276",100% bullish,of 2 ratings,$27
HTBI,$18.2,1440433006712,"27,512",67% bullish,of 3 ratings,$18.625
HKTV,$4.413,1440433006784,"29,593",100% bearish,of 1 rating,N/A
CETC,$0.728,1440433006879,"84,489",86% bullish,of 7 ratings,N/A
HOFT,$24.22,1440433006916,"9,991",100% bearish,of 1 rating,N/A
HFBC,$11.4899,1440433006941,"4,805",Not yet rated,NULL,N/A
HZNP,$29.01,1440433007011,"1,481,008",85% bullish,of 20 ratings,$40
HBNC,$23.9039,1440433007095,"15,401",100% bullish,of 1 rating,$27
HRZN,$10.377,1440433007244,"48,015",100% bearish,of 1 rating,$14.25
ZINC,$7.19,1440433007327,"362,298",100% bearish,of 1 rating,$17
HMHC,$22.38,1440433007374,"248,162",Not yet rated,NULL,$27
HWCC,$7.24,1440433007434,"65,865",100% bearish,of 1 rating,$9
HDP,$24.63,1440433007463,"133,870",67% bearish,of 3 ratings,$30.50
HOVNP,$4.6375,1440433007491,"1,818",100% bearish,of 1 rating,N/A
HSNI,$60.32,1440433007564,"66,278",Not yet rated,NULL,$80
HBMD,$14.07,1440433007721,"1,599",100% bearish,of 1 rating,N/A
HTGM,$5.19,1440433007802,"7,161",100% bearish,of 1 rating,$19.50
HUBG,$38.998,1440433007852,"66,517",100% bearish,of 1 rating,$43
HSON,$2.63,1440433007981,"6,675",100% bearish,of 1 rating,$5
HCBK,$9.29,1440433008007,"839,535",83% bullish,of 6 ratings,$8.61
HDSN,$2.81,1440433008028,"40,786",100% bullish,of 1 rating,$6.25
HBAN,$10.71,1440433008066,"4,212,442",76% bullish,of 17 ratings,$12.29
HBANP,$1332,1440433008225,96,100% bearish,of 1 rating,N/A
HURC,$29.58,1440433008269,"5,841",100% bearish,of 1 rating,N/A
HURN,$73.22,1440433008318,"59,598",50% bullish,of 2 ratings,$80
HBP,$3.04,1440433008455,"5,708",100% bullish,of 1 rating,N/A
HTCH,$1.54,1440433008494,"40,399",100% bearish,of 1 rating,$3.50
HDRA,NULL,1440433008519,0,Not yet rated,NULL,N/A
HDRAU,$10.2,1440433008553,200,Not yet rated,NULL,N/A
HDRAR,NULL,1440433008589,0,Not yet rated,NULL,N/A
HYGS,$7.413,1440433008848,"33,104",50% bullish,of 2 ratings,$13
IDSY,$3.71,1440433008873,"14,643",100% bearish,of 1 rating,$7
HDRAW,$0.25,1440433008904,11,Not yet rated,NULL,N/A
ICAD,$3.36,1440433009036,"60,839",50% bullish,of 2 ratings,$7.25
IKGH,$1.5301,1440433009064,"16,074",75% bullish,of 4 ratings,N/A
IACI,$69.4,1440433009089,"345,817",75% bullish,of 4 ratings,$90
IBKC,$58.5,1440433009110,"89,865",100% bullish,of 1 rating,$70
IEP,$67.2859,1440433009280,"101,265",75% bullish,of 4 ratings,$99
ICFI,$34.34,1440433009325,"35,194",50% bullish,of 2 ratings,$48.50
ICLR,$76.4872,1440433009484,"169,068",100% bearish,of 3 ratings,$85
IPWR,$7.23,1440433009537,"5,817",100% bullish,of 1 rating,$15
ICUI,$112.75,1440433009585,"48,654",Not yet rated,NULL,$122
ICON,$12.38,1440433009638,"315,330",50% bullish,of 2 ratings,$18.50
INVE,$4.49,1440433009666,"26,062",75% bullish,of 4 ratings,$4
IDXX,$73.03,1440433009715,"281,561",100% bearish,of 1 rating,$77
IDRA,$2.51,1440433009856,"458,565",89% bullish,of 9 ratings,$6.50
DSKY,$11.21,1440433009991,"283,656",67% bullish,of 6 ratings,$11.50
IRG,$4.6,1440433010037,"23,583",100% bearish,of 1 rating,$4.50
IROQ,$16.5,1440433010063,"3,301",100% bullish,of 1 rating,N/A
RXDX,$13.6,1440433010119,"96,172",100% bullish,of 1 rating,$20
IIVI,$17.2,1440433010372,"75,013",100% bearish,of 1 rating,$22
KANG,$13.97,1440433010502,"409,171",50% bullish,of 2 ratings,$22.55
IKAN,$2.725,1440433010532,"14,075",83% bullish,of 6 ratings,$5
ILMN,$198.194,1440433010601,"647,131",80% bullish,of 5 ratings,$240
IKNX,$11.33,1440433010660,400,100% bearish,of 1 rating,N/A
IMMR,$11.46,1440433010731,"51,717",80% bullish,of 5 ratings,$15.50
ISNS,$3.5676,1440433010759,"48,065",50% bullish,of 2 ratings,N/A
ICCC,$7.4,1440433010786,"4,695",100% bullish,of 1 rating,N/A
IMNP,$1.193,1440433010994,"118,798",50% bullish,of 2 ratings,$6
IMGN,$13.42,1440433011024,"504,450",75% bullish,of 4 ratings,$17.50
IMDZ,$15.81,1440433011045,"38,423",100% bearish,of 1 rating,$33
IMMU,$1.86,1440433011176,"213,569",86% bullish,of 7 ratings,$2
INCR,$40.8746,1440433011244,"157,939",50% bullish,of 2 ratings,$53
IMMY,$7.4161,1440433011307,"6,402",100% bearish,of 1 rating,$11
IPXL,$42.0801,1440433011333,"187,519",67% bullish,of 3 ratings,$46.50
SAAS,$7.74,1440433011390,"141,628",50% bullish,of 2 ratings,$15
INCY,$100.36,1440433011537,"498,041",50% bullish,of 6 ratings,$125.50
INDB,$45.62,1440433011568,"28,997",Not yet rated,NULL,$44
IBTX,$41.17,1440433011672,"16,489",100% bullish,of 2 ratings,$47.25
IBCP,$14.09,1440433011718,"46,732",100% bullish,of 1 rating,$14.50
INFN,$20.4419,1440433011768,"1,061,069",71% bullish,of 7 ratings,$28
IDSA,$3.52,1440433011801,"3,800",Not yet rated,NULL,N/A
INFI,$8.995,1440433011907,"338,153",50% bullish,of 4 ratings,$18
IPCC,$77.975,1440433011966,"12,233",Not yet rated,NULL,$77.50
III,$3.98,1440433012172,"28,856",57% bullish,of 7 ratings,$6
IFON,$1.1699,1440433012197,"40,633",75% bullish,of 4 ratings,N/A
IMKTA,$51.82,1440433012222,"38,993",100% bearish,of 1 rating,N/A
INNL,$12.22,1440433012390,955,100% bearish,of 1 rating,$16.50
INWK,$7.055,1440433012423,"50,882",50% bullish,of 2 ratings,$10
INOD,$2.4901,1440433012444,"1,600",100% bearish,of 1 rating,N/A
IPHS,$46.5,1440433012520,"35,217",100% bearish,of 1 rating,$60
ISSC,$2.88,1440433012679,"4,539",67% bearish,of 3 ratings,N/A
INGN,$48.31,1440433012724,"118,692",100% bearish,of 1 rating,$50.50
IOSP,$47.54,1440433012782,"135,528",100% bearish,of 1 rating,N/A
ITEK,$12.7166,1440433012854,"292,073",100% bearish,of 3 ratings,$20
INOV,$20.97,1440433012880,"89,530",100% bearish,of 1 rating,$33
INO,$6.9099,1440433012939,"692,088",89% bullish,of 18 ratings,$20
NSIT,$25.61,1440433012964,"27,466",50% bullish,of 2 ratings,N/A
ISIG,$2.5999,1440433013011,"5,531",100% bearish,of 1 rating,N/A
INSM,$23.37,1440433013181,"264,677",71% bullish,of 7 ratings,$31.50
IIIN,$17.285,1440433013285,"10,452",100% bearish,of 2 ratings,N/A
INSY,$32.295,1440433013337,"239,646",75% bullish,of 4 ratings,$48
NTEC,$5.75,1440433013417,"15,300",100% bearish,of 1 rating,N/A
PODD,$28.1,1440433013442,"104,057",50% bullish,of 2 ratings,$35
IDTI,$17.645,1440433013470,"1,034,753",60% bullish,of 5 ratings,$25
IART,$60.54,1440433013495,"81,299",100% bearish,of 1 rating,$71.50
IESC,$6.88,1440433013730,5,100% bearish,of 1 rating,N/A
ISSI,$22,1440433013769,"197,989",67% bullish,of 3 ratings,$19.75
INTC,$27.0963,1440433013804,"20,475,682",82% bullish,of 238 ratings,$36
IQNT,$19.06,1440433013900,"89,463",86% bullish,of 7 ratings,$20
IPCI,$2.0501,1440433013930,"85,541",67% bullish,of 6 ratings,$7.75
IPAR,$26.36,1440433013960,"19,891",67% bullish,of 3 ratings,$38
IBKR,$37.55,1440433014032,"507,496",100% bullish,of 1 rating,N/A
ININ,$36.99,1440433014217,"19,703",67% bearish,of 3 ratings,$57
ICLD,$1.82,1440433014262,"186,558",75% bullish,of 4 ratings,N/A
ICPT,$187.4362,1440433014320,"149,806",70% bullish,of 10 ratings,$359.50
IDCC,$47.4,1440433014348,"151,834",80% bullish,of 5 ratings,$63
ICLDW,NULL,1440433014372,0,100% bearish,of 1 rating,N/A
IMI,$2.02,1440433014509,"13,804",67% bullish,of 3 ratings,$2.22
TILE,$24.185,1440433014537,"119,562",67% bearish,of 3 ratings,$27
INAP,$8.09,1440433014673,"51,695",75% bullish,of 4 ratings,$11
IBOC,$25.429,1440433014761,"43,835",100% bearish,of 1 rating,N/A
IGLD,$6.0099,1440433014870,"4,425",50% bullish,of 2 ratings,N/A
ISCA,$31.31,1440433014914,"20,276",100% bearish,of 1 rating,N/A
IIJI,$8.99,1440433014939,100,50% bullish,of 2 ratings,$11.50
PTNT,$2.993,1440433015100,700,Not yet rated,NULL,N/A
INPH,$0.2844,1440433015144,"13,199",50% bullish,of 2 ratings,N/A
XENT,$26.5,1440433015176,"108,194",50% bullish,of 2 ratings,$36.50
INTX,$2.2153,1440433015231,"7,479",67% bullish,of 3 ratings,N/A
IVAC,$4.84,1440433015363,"4,786",100% bearish,of 1 rating,$6.625
ISIL,$10.44,1440433015495,"622,924",50% bullish,of 6 ratings,$15
INTL,$26.43,1440433015541,"46,522",67% bearish,of 3 ratings,N/A
IILG,$19.71,1440433015568,"34,963",100% bearish,of 1 rating,$29
ITCI,$26.75,1440433015782,"149,734",75% bearish,of 4 ratings,$40
INTLL,$25.1999,1440433015807,"6,438",Not yet rated,NULL,N/A
INTU,$86.975,1440433015878,"1,620,547",86% bullish,of 7 ratings,$107.50
INVT,$0.2406,1440433016032,"167,521",67% bullish,of 3 ratings,N/A
ISRG,$494.6125,1440433016059,"79,867",67% bullish,of 3 ratings,$600
IIN,$6.177,1440433016081,"2,624",100% bearish,of 1 rating,$12
SNAK,$8.54,1440433016131,"55,919",50% bullish,of 2 ratings,$14
ISTR,$15.51,1440433016284,2,100% bearish,of 1 rating,$18.50
ISBC,$11.715,1440433016390,"1,507,139",100% bullish,of 1 rating,$13.25
NVIV,$9.79,1440433016551,"361,662",50% bullish,of 4 ratings,$24.50
IVTY,$12.54,1440433016577,"8,805",Not yet rated,NULL,$18
ITIC,NULL,1440433016608,0,100% bearish,of 2 ratings,N/A
DTUL,$66.22,1440433016708,200,Not yet rated,NULL,N/A
DFVL,$67.82,1440433016745,101,Not yet rated,NULL,N/A
IPAS,$1.01,1440433016771,"62,327",67% bullish,of 3 ratings,N/A
IRMD,$24.96,1440433016971,"4,548",67% bearish,of 3 ratings,$25
IPCM,$79.46,1440433016996,"83,151",50% bullish,of 2 ratings,$80.125
IPGP,$83.86,1440433017025,"161,033",100% bearish,of 2 ratings,$109.50
IRIX,$7,1440433017173,"2,300",100% bearish,of 1 rating,N/A
IRDM,$6.85,1440433017198,"260,538",60% bullish,of 5 ratings,$11.50
IRDMB,$266.34,1440433017245,100,67% bearish,of 3 ratings,N/A
IRBT,$29.94,1440433017270,"128,291",67% bullish,of 6 ratings,$37
IRWD,$11.01,1440433017476,"289,171",100% bearish,of 1 rating,$13
COMT,$31.31,1440433017630,"7,453",100% bearish,of 1 rating,N/A
IRCP,$24.75,1440433017773,"13,435",100% bullish,of 2 ratings,N/A
FCHI,NULL,1440433017834,0,NULL,NULL,NULL
IFAS,NULL,1440433017857,0,NULL,NULL,NULL
IFNA,NULL,1440433017880,0,NULL,NULL,NULL
IFEU,$37.7501,1440433017909,"9,581",Not yet rated,NULL,N/A
GNMA,$50.52,1440433017939,"4,255",Not yet rated,NULL,N/A
IFGL,$27.8705,1440433018014,"28,140",Not yet rated,NULL,N/A
AAIT,NULL,1440433018499,0,NULL,NULL,NULL
AXJS,NULL,1440433018596,0,NULL,NULL,NULL
AAXJ,$50.62,1440433018622,"1,047,162",Not yet rated,NULL,N/A
EEMA,$46.86,1440433018648,"15,912",Not yet rated,NULL,N/A
ACWI,$54.63,1440433018669,"1,136,989",Not yet rated,NULL,N/A
ACWX,$39.56,1440433018697,"406,345",100% bearish,of 1 rating,N/A
EMEY,NULL,1440433018723,0,NULL,NULL,NULL
EMDI,NULL,1440433018828,0,NULL,NULL,NULL
EGRW,NULL,1440433018959,0,NULL,NULL,NULL
EEME,NULL,1440433019008,0,NULL,NULL,NULL
EVAL,NULL,1440433019143,0,NULL,NULL,NULL
EUFN,$21.5799,1440433019171,"182,138",100% bearish,of 1 rating,N/A
QAT,$19.96,1440433019196,35,Not yet rated,NULL,N/A
EEML,$26.15,1440433019221,236,Not yet rated,NULL,N/A
IEUS,$45.378,1440433019251,"5,504",100% bearish,of 1 rating,N/A
UAE,$16.69,1440433019383,"7,528",Not yet rated,NULL,N/A
IBB,$337.1955,1440433019659,"1,535,249",63% bullish,of 8 ratings,N/A
SOXX,$79.25,1440433019794,"449,737",50% bullish,of 2 ratings,N/A
WOOD,$47.51,1440433019831,"69,879",50% bullish,of 2 ratings,N/A
ISHG,$81.47,1440433019874,"6,269",100% bearish,of 1 rating,N/A
ICLN,$9.1001,1440433019925,"96,600",50% bullish,of 2 ratings,N/A
INDY,$26.305,1440433019961,"550,977",50% bullish,of 2 ratings,N/A
IGOV,$93.69,1440433019986,"19,142",100% bearish,of 1 rating,N/A
EMIF,$27.41,1440433020011,"1,944",Not yet rated,NULL,N/A
ISIS,$45.52,1440433020040,"807,231",53% bullish,of 15 ratings,$67
ISLE,$16.44,1440433020214,"172,701",50% bullish,of 4 ratings,$16
ITRI,$30.8299,1440433020282,"179,409",Not yet rated,NULL,$37
ISRL,$125.52,1440433020315,100,100% bearish,of 1 rating,N/A
ITRN,$23.405,1440433020415,"10,896",50% bullish,of 2 ratings,N/A
ITUS,$3.9093,1440433020464,"1,409",Not yet rated,NULL,N/A
XXIA,$15,1440433020569,"119,851",71% bullish,of 7 ratings,$14.625
MAYS,$59.1,1440433020713,200,Not yet rated,NULL,N/A
IXYS,$10.335,1440433020739,"93,492",50% bullish,of 4 ratings,N/A
JCOM,$69.3,1440433020782,"61,773",100% bullish,of 2 ratings,$77
JJSF,$112,1440433020808,"31,910",100% bearish,of 1 rating,N/A
JASO,$7.2649,1440433020871,"627,194",82% bullish,of 17 ratings,$10
JBHT,$75.46,1440433020944,"344,740",50% bullish,of 4 ratings,$89.50
JACK,$79.67,1440433021073,"421,340",83% bullish,of 6 ratings,$105
JKHY,$67.15,1440433021102,"151,276",50% bullish,of 2 ratings,$72
JXSB,$23.7,1440433021134,"3,280",Not yet rated,NULL,N/A
JAXB,NULL,1440433021233,0,100% bullish,of 1 rating,N/A
JAGX,$2.8,1440433021258,210,Not yet rated,NULL,N/A
JAKK,$9.14,1440433021434,"340,225",60% bearish,of 5 ratings,$11
JMBA,$13.24,1440433021506,"63,519",75% bullish,of 4 ratings,$18
JRVR,$26.27,1440433021577,"17,502",Not yet rated,NULL,$32
JASNW,NULL,1440433021638,0,50% bullish,of 2 ratings,N/A
ERW,NULL,1440433021663,0,Not yet rated,NULL,N/A
JASN,$4.6501,1440433021717,"12,214",50% bullish,of 2 ratings,$9.50
JAZZ,$167.16,1440433021795,"238,398",80% bullish,of 15 ratings,$206.50
JD,$24.5701,1440433021821,"6,410,020",75% bullish,of 16 ratings,$36
JBLU,$21.78,1440433021866,"5,235,747",94% bullish,of 18 ratings,$27
JTPY,$2.91,1440433021952,"2,021",100% bearish,of 1 rating,N/A
DATE,$5.76,1440433022118,"121,722",75% bullish,of 4 ratings,$9
JST,$3.7901,1440433022155,"21,143",75% bullish,of 4 ratings,N/A
JCTCF,$9.514,1440433022224,100,100% bullish,of 1 rating,N/A
JIVE,$4.16,1440433022251,"257,206",75% bullish,of 4 ratings,$5
WYIGU,$10,1440433022383,"3,483",Not yet rated,NULL,N/A
JOEZ,$0.1746,1440433022527,"173,861",92% bullish,of 12 ratings,N/A
JOUT,$22.85,1440433022657,"11,260",100% bearish,of 1 rating,$34
JBSS,$48.04,1440433022707,"10,923",67% bearish,of 3 ratings,N/A
KTWO,$21.96,1440433022738,"60,357",100% bearish,of 1 rating,$28.50
JUNO,$36.89,1440433022762,"881,172",73% bullish,of 11 ratings,$71.50
JNP,$9.655,1440433022792,"29,258",100% bullish,of 3 ratings,$15
KALU,$81.4,1440433022845,"41,056",67% bearish,of 3 ratings,$91
