Symbol,Price,Date,Volume,Rating,RatingVoteCount,OneYearEstimate
FLWS,$9.36,1440188102269,"219,624",100% bullish,of 5 ratings,$15
FCTY,$7.63,1440188102302,200,100% bullish,of 1 rating,$8.50
FCCY,$11.6,1440188102334,354,100% bullish,of 1 rating,$13
TFSC,NULL,1440188102362,0,100% bearish,of 1 rating,N/A
TFSCW,NULL,1440188102383,0,100% bearish,of 1 rating,N/A
PIH,$7.2,1440188102414,"15,400",100% bearish,of 1 rating,N/A
TFSCU,NULL,1440188102435,0,Not yet rated,NULL,N/A
TFSCR,NULL,1440188102464,0,Not yet rated,NULL,N/A
SRCE,$30.03,1440188102624,"54,634",100% bullish,of 3 ratings,$33
TWOU,$33.9602,1440188102680,"672,937",50% bullish,of 2 ratings,$39
VNET,$19.27,1440188102710,"733,790",60% bullish,of 5 ratings,$29.50
DGLD,$76.08,1440188102818,"21,135",100% bullish,of 1 rating,N/A
JOBS,$25.35,1440188102850,"172,084",50% bullish,of 4 ratings,$36
DSLV,$62.11,1440188102872,"18,885",100% bearish,of 1 rating,N/A
UGLD,$9.94,1440188102902,"251,649",100% bearish,of 1 rating,N/A
USLV,$14.59,1440188102924,"218,982",86% bullish,of 7 ratings,N/A
CAFD,$15.52,1440188103268,"330,925",Not yet rated,NULL,$25
SHLM,$34.067,1440188103342,"121,293",100% bearish,of 1 rating,$50
SIXD,$1.47,1440188103364,"250,142",Not yet rated,NULL,N/A
EGHT,$8.215,1440188103424,"432,296",82% bullish,of 17 ratings,$11
AAON,$21.7605,1440188103446,"163,513",100% bearish,of 1 rating,$24
AVHI,$13.95,1440188103468,"37,391",100% bearish,of 1 rating,$19
ABAX,$47.391,1440188103506,"138,435",100% bearish,of 1 rating,$60
ABY,$19.855,1440188103601,"1,098,589",100% bearish,of 2 ratings,$46
ABEOW,$1.76,1440188103734,"2,525",100% bullish,of 1 rating,N/A
ABMD,$97.08,1440188103767,"829,579",75% bullish,of 4 ratings,$100.50
ACTG,$8.87,1440188103800,"320,992",67% bullish,of 3 ratings,$18.50
ABGB,$4.09,1440188103821,"34,916",67% bullish,of 3 ratings,$5.50
ABEO,$4.83,1440188103855,"140,421",67% bullish,of 3 ratings,$15.50
AXAS,$1.56,1440188103877,"856,475",78% bullish,of 9 ratings,$3.50
ACHC,$73.9806,1440188104119,"815,017",50% bullish,of 2 ratings,$92
ACAD,$35.69,1440188104145,"917,788",80% bullish,of 20 ratings,$48
AXDX,$18.1577,1440188104204,"220,069",100% bearish,of 1 rating,N/A
XLRN,$28.36,1440188104232,"109,902",50% bullish,of 2 ratings,$57
ACST,$0.361,1440188104254,"68,223",100% bullish,of 2 ratings,N/A
ARAY,$6.5191,1440188104381,"3,384,156",100% bearish,of 1 rating,$10.50
ANCX,$18.76,1440188104408,"31,525",Not yet rated,NULL,$19
VXDN,$7.9,1440188104481,"38,791",Not yet rated,NULL,N/A
ACET,$24.41,1440188104508,"125,762",75% bullish,of 4 ratings,$30
AKAO,$6.9457,1440188104540,"55,800",75% bullish,of 4 ratings,$15
VXUP,$23.51,1440188104644,"45,656",Not yet rated,NULL,N/A
ACHN,$7.9273,1440188104680,"1,745,531",90% bullish,of 21 ratings,$16
ACRX,$4.05,1440188104706,"360,043",67% bearish,of 6 ratings,$5.50
ACIW,$21.89,1440188104778,"526,342",50% bullish,of 2 ratings,$24
ACNB,$20.33,1440188104911,"1,076",Not yet rated,NULL,N/A
ACOR,$29.9637,1440188105151,"617,000",67% bearish,of 3 ratings,$38.50
ATVI,$27.4517,1440188105224,"5,099,153",68% bullish,of 84 ratings,$31.50
ACTS,$1.3,1440188105300,"51,585",100% bearish,of 1 rating,N/A
ADMS,$20.07,1440188105327,"78,389",100% bearish,of 2 ratings,$36
ACPW,$1.76,1440188105349,"65,137",100% bullish,of 4 ratings,$3.50
ACXM,$20.13,1440188105386,"346,467",67% bullish,of 3 ratings,N/A
ACTA,$13.89,1440188105408,"111,493",67% bearish,of 3 ratings,$25
ACUR,$0.6182,1440188105430,"65,134",100% bullish,of 5 ratings,$1
ADAP,$12.53,1440188105565,"216,853",67% bullish,of 3 ratings,$22
ADMP,$3.65,1440188105596,"21,417",50% bullish,of 2 ratings,$10
ADUS,$29.83,1440188105702,"59,552",100% bearish,of 1 rating,$31
AEY,$2.29,1440188105730,"39,023",100% bearish,of 2 ratings,N/A
ADMA,$9.3,1440188105864,"3,500",Not yet rated,NULL,$19
ADEP,$6.75,1440188105924,"33,889",50% bullish,of 2 ratings,$10.75
ADBE,$78.87,1440188106009,"4,267,415",65% bullish,of 17 ratings,$90
ADTN,$15.5695,1440188106069,"347,190",67% bullish,of 3 ratings,$17.125
AMD,$1.79,1440188106097,"7,888,067",83% bullish,of 103 ratings,$2
ADRO,$19.1009,1440188106128,"251,967",80% bullish,of 5 ratings,$45.50
AEIS,$25.1066,1440188106150,"196,979",50% bullish,of 2 ratings,$32.50
ADXS,$14.5427,1440188106278,"917,494",64% bullish,of 14 ratings,$27
AEGR,$18.3421,1440188106375,"393,149",50% bullish,of 6 ratings,$26
MULT,NULL,1440188106402,0,100% bearish,of 1 rating,N/A
ADXSW,$10.15,1440188106434,"5,206",100% bullish,of 1 rating,N/A
AEGN,$18.2506,1440188106539,"168,790",100% bearish,of 1 rating,$21
YPRO,$23.29,1440188106566,"4,120",100% bearish,of 1 rating,N/A
AEHR,$2.24,1440188106698,"7,972",50% bullish,of 2 ratings,N/A
AEPI,$57.13,1440188106832,"21,790",100% bearish,of 1 rating,N/A
AMTX,$3.09,1440188106860,"17,221",50% bullish,of 2 ratings,$26.11
AEZS,$0.1011,1440188106887,"5,367,874",90% bullish,of 21 ratings,$1.50
AERI,$15.8187,1440188106913,"360,190",75% bullish,of 4 ratings,$31.50
AVAV,$24.3635,1440188106940,"141,880",50% bullish,of 4 ratings,$31
AEMD,$7.22,1440188107073,"187,619",Not yet rated,NULL,$27.50
AFMD,$9.78,1440188107122,"173,434",50% bullish,of 4 ratings,$15
AFFX,$9.4296,1440188107164,"582,431",80% bullish,of 5 ratings,$12
AGEN,$7.0421,1440188107261,"936,536",85% bullish,of 13 ratings,$14
AGRX,$8.17,1440188107291,"49,507",100% bearish,of 1 rating,$17.50
AGIO,$86.8496,1440188107318,"509,230",88% bullish,of 8 ratings,$114
AGYS,$9.63,1440188107367,"32,249",100% bearish,of 1 rating,N/A
AGFS,$9.8121,1440188107466,"73,206",100% bearish,of 1 rating,N/A
AGFSW,$1.79,1440188107635,"28,997",100% bearish,of 2 ratings,N/A
AIMT,$21.1,1440188107661,"120,787",Not yet rated,NULL,N/A
AIRM,$36.55,1440188107741,"284,256",80% bearish,of 5 ratings,$53
AIRT,$22.94,1440188107885,51,100% bullish,of 1 rating,N/A
ATSG,$9.1,1440188107952,"262,655",67% bullish,of 3 ratings,$13
AKAM,$68.04,1440188108030,"1,568,491",63% bullish,of 8 ratings,$77
AKER,$2.62,1440188108059,"93,096",Not yet rated,NULL,N/A
AIXG,$5.87,1440188108081,"33,877",67% bearish,of 3 ratings,$5.25
AMCN,$4.9,1440188108122,"424,894",83% bullish,of 6 ratings,N/A
AKBA,$6.552,1440188108213,"183,562",100% bearish,of 1 rating,$18
AKRX,$40.2962,1440188108239,"928,309",78% bullish,of 9 ratings,$56
ALSK,$2.11,1440188108384,"112,029",78% bullish,of 18 ratings,$2
ABDC,$12.7,1440188108477,"21,785",Not yet rated,NULL,$15
AMRI,$19.7399,1440188108504,"243,743",75% bearish,of 4 ratings,$24
ALRM,$16.46,1440188108531,"358,434",100% bearish,of 1 rating,$22
ADHD,$8.31,1440188108665,"220,062",50% bullish,of 4 ratings,$18
ALDR,$36.9449,1440188108695,"472,344",67% bearish,of 3 ratings,$62
ALXN,$173.81,1440188108762,"1,530,539",88% bullish,of 8 ratings,$223
ALXA,$1.07,1440188108791,"26,737",83% bullish,of 6 ratings,$2.125
ALDX,$7.62,1440188108862,"6,759",100% bearish,of 1 rating,$14.50
ALGN,$56.5008,1440188108935,"421,572",100% bearish,of 2 ratings,$73
ALCO,$42.36,1440188108965,"23,963",50% bullish,of 2 ratings,N/A
ALIM,$3.14,1440188108987,"166,483",80% bullish,of 5 ratings,$10
ALKS,$61.0663,1440188109122,"702,626",67% bullish,of 3 ratings,$75
ALGT,$216.7968,1440188109148,"163,895",100% bearish,of 1 rating,$235
ALLB,$23.48,1440188109294,"1,820",Not yet rated,NULL,N/A
AIQ,$14.7,1440188109398,"29,690",67% bullish,of 3 ratings,N/A
AFOP,$17.5694,1440188109427,"139,077",75% bullish,of 8 ratings,$21
AHPI,$1.46,1440188109453,435,50% bullish,of 2 ratings,N/A
ALLT,$5.04,1440188109594,"71,089",75% bullish,of 4 ratings,$6.25
ARLP,$24.62,1440188109653,"151,719",67% bearish,of 3 ratings,$32
MDRX,$13.6345,1440188109686,"1,227,583",60% bullish,of 5 ratings,$16
AHGP,$36.6344,1440188109718,"31,919",67% bullish,of 3 ratings,N/A
ALQA,$4.43,1440188109767,"36,237",75% bullish,of 4 ratings,$8.50
AMOT,$16.9826,1440188109797,"80,452",100% bearish,of 1 rating,N/A
AFAM,$46.8634,1440188109930,"72,154",50% bullish,of 2 ratings,$44
ALNY,$99.9399,1440188109971,"411,667",67% bullish,of 3 ratings,$148.50
AOSL,$7.21,1440188110000,"60,013",67% bullish,of 3 ratings,$9
SMCP,$22.56,1440188110130,"1,500",Not yet rated,NULL,N/A
ATEC,$0.5768,1440188110322,"46,618",100% bullish,of 1 rating,$2
ALTR,$48.17,1440188110348,"2,892,810",80% bearish,of 5 ratings,$54
ASPS,$29.1466,1440188110379,"200,775",67% bullish,of 3 ratings,$46.50
AIMC,$25.28,1440188110482,"90,988",100% bearish,of 1 rating,$28.50
AMAG,$60.8746,1440188110523,"474,730",100% bullish,of 2 ratings,$77.50
AMRN,$2.03,1440188110549,"741,425",85% bullish,of 39 ratings,$8
AMRK,$10.57,1440188110577,"4,627",50% bullish,of 2 ratings,$14
AMBCW,$7.0532,1440188110777,"1,178",100% bearish,of 1 rating,N/A
AMZN,$495,1440188110807,"3,724,908",81% bullish,of 263 ratings,$646
AMBA,$89.29,1440188110838,"5,035,651",83% bullish,of 12 ratings,$102.50
AYA,$21.62,1440188110868,"63,923",100% bearish,of 1 rating,$40
AMBC,$15.6,1440188110936,"243,483",100% bearish,of 1 rating,$16.50
EPAX,$2.69,1440188111036,"74,357",100% bearish,of 1 rating,N/A
DOX,$58.04,1440188111074,"281,703",50% bullish,of 2 ratings,$60
AMCX,$67.884,1440188111359,"686,771",67% bullish,of 3 ratings,$85.50
AMDA,$0.463,1440188111399,"1,233,767",90% bullish,of 10 ratings,$1
AMED,$40.5,1440188111421,"288,822",100% bearish,of 1 rating,$42
UHAL,$363.7897,1440188111457,"15,179",100% bullish,of 2 ratings,$393.50
ATAX,$5.22,1440188111479,"155,087",100% bullish,of 1 rating,$6.50
AMOV,$17.65,1440188111513,"5,863",100% bearish,of 1 rating,N/A
AGNC,$19.53,1440188111535,"3,940,991",75% bullish,of 28 ratings,$22
ASBI,$22.55,1440188111557,154,Not yet rated,NULL,N/A
AAL,$39.75,1440188111763,"11,113,436",93% bullish,of 87 ratings,$57
AGNCB,$24.23,1440188111826,"21,668",Not yet rated,NULL,N/A
MTGE,$15.7,1440188111894,"400,212",75% bullish,of 4 ratings,$19.50
MTGEP,$24.12,1440188111921,"1,127",Not yet rated,NULL,N/A
AGNCP,$25.34,1440188111957,"7,150",Not yet rated,NULL,N/A
ACAS,$13.7237,1440188112100,"1,555,708",60% bullish,of 5 ratings,$16.75
ACSF,$12.225,1440188112189,"33,060",100% bearish,of 1 rating,$15
ANAT,$100,1440188112292,"19,040",100% bullish,of 1 rating,N/A
AMIC,$10.21,1440188112321,16,Not yet rated,NULL,N/A
AMNB,$22.8,1440188112346,"17,290",Not yet rated,NULL,$25.50
AETI,$4.28,1440188112378,2,67% bearish,of 3 ratings,N/A
ANCI,$1.59,1440188112407,"10,070",100% bearish,of 1 rating,N/A
APEI,$21.26,1440188112507,"129,667",100% bearish,of 1 rating,$25.50
ARII,$38.75,1440188112567,"183,423",67% bearish,of 3 ratings,$45
AMRB,$10,1440188112669,"2,054",Not yet rated,NULL,$11
ASEI,$39.7492,1440188112739,"53,123",100% bearish,of 1 rating,$52.50
AMSWA,$9.06,1440188112767,"85,635",100% bearish,of 2 ratings,$10.75
AMSC,$3.48,1440188112843,"36,442",50% bullish,of 4 ratings,N/A
CRMT,$37.91,1440188113036,"120,133",100% bearish,of 1 rating,$49
AMSF,$49.8095,1440188113065,"105,972",Not yet rated,NULL,$57.50
ASRV,$3.27,1440188113089,840,100% bullish,of 2 ratings,N/A
ABCB,$27.64,1440188113114,"188,102",Not yet rated,NULL,$31
AMWD,$68.2839,1440188113149,"271,520",50% bullish,of 2 ratings,$58
ASRVP,NULL,1440188113170,0,Not yet rated,NULL,N/A
ATLO,$23.31,1440188113299,"15,488",Not yet rated,NULL,N/A
AMGN,$155.19,1440188113327,"4,643,048",89% bullish,of 19 ratings,$185
AMKR,$4.39,1440188113399,"1,539,958",100% bearish,of 2 ratings,$5
FOLD,$14.0742,1440188113463,"2,607,967",56% bullish,of 9 ratings,$21
AMPH,$13.79,1440188113531,"165,005",50% bullish,of 2 ratings,$20
AMSG,$81.5,1440188113622,"308,541",100% bearish,of 1 rating,$85.50
AMSGP,NULL,1440188113761,0,Not yet rated,NULL,N/A
ASYS,$5.18,1440188113822,"35,518",67% bullish,of 3 ratings,$12
AMRS,$1.63,1440188113860,"53,848",70% bullish,of 10 ratings,N/A
AFSI,$58.48,1440188113897,"1,008,298",60% bullish,of 5 ratings,$72
ALOG,$83.13,1440188113928,"74,506",100% bearish,of 2 ratings,$100.50
ANAC,$130.01,1440188113949,"605,382",80% bullish,of 5 ratings,$180.50
ANAD,$0.333,1440188113986,"132,364",100% bullish,of 2 ratings,$.50
ADI,$53.78,1440188114013,"3,868,956",67% bullish,of 3 ratings,$69
ANCB,$22.3001,1440188114190,500,Not yet rated,NULL,$23
AMCF,$0.26,1440188114319,"9,503",100% bullish,of 7 ratings,N/A
ANGI,$4.64,1440188114345,"909,799",64% bullish,of 11 ratings,$5.50
ABCW,$39.96,1440188114396,"10,020",67% bullish,of 3 ratings,N/A
ANIP,$49.6246,1440188114546,"249,996",89% bullish,of 19 ratings,$66
ANGO,$14.71,1440188114572,"98,129",67% bullish,of 3 ratings,$19
ANIK,$34.7825,1440188114594,"105,718",60% bullish,of 5 ratings,$51.25
ATRS,$1.7936,1440188114631,"531,055",92% bullish,of 12 ratings,$4.50
ANTH,$7.04,1440188114731,"1,782,077",80% bullish,of 10 ratings,$13
ANSS,$92.0793,1440188114754,"388,757",100% bearish,of 1 rating,$100
ABAC,$0.73,1440188114835,"36,221",100% bearish,of 1 rating,N/A
ATNY,$2.37,1440188114918,"2,775",50% bullish,of 2 ratings,$3.75
APOG,$51.6713,1440188114965,"210,829",100% bullish,of 1 rating,$67
APOL,$11.0432,1440188115003,"987,104",87% bearish,of 68 ratings,$14
AINV,$6.4767,1440188115031,"1,117,263",50% bullish,of 4 ratings,$8
APIC,$6.49,1440188115059,"180,465",100% bearish,of 1 rating,$19
APPF,$16.92,1440188115321,"52,701",50% bullish,of 2 ratings,$22
ARCI,$1.33,1440188115416,"3,906",Not yet rated,NULL,N/A
APDN,$3.22,1440188115438,"61,834",Not yet rated,NULL,$9
AMAT,$15.48,1440188115471,"12,808,846",82% bullish,of 11 ratings,$23
AAPL,$106.61,1440188115492,"80,202,627",86% bullish,of 2336 ratings,$150
AGTC,$15.74,1440188115530,"119,478",50% bullish,of 2 ratings,$33
APDNW,$1.15,1440188115551,"2,800",Not yet rated,NULL,N/A
AMCC,$5.2301,1440188115640,"959,656",80% bullish,of 5 ratings,$8
APRI,$1.33,1440188115829,"155,441",83% bullish,of 6 ratings,$4.86
AAOI,$19.89,1440188115857,"282,925",50% bullish,of 4 ratings,$26
AREX,$2.02,1440188115888,"889,009",100% bearish,of 1 rating,$3
APTO,$5.09,1440188115918,"8,208",Not yet rated,NULL,$17
AQMS,$5,1440188115948,"19,025",Not yet rated,NULL,N/A
AUMA,NULL,1440188116046,0,Not yet rated,NULL,N/A
AQXP,$18.21,1440188116150,"468,618",50% bullish,of 2 ratings,$2
AUMAW,NULL,1440188116284,0,Not yet rated,NULL,N/A
AUMAU,$9.94,1440188116314,"1,200",Not yet rated,NULL,N/A
ARDM,$7.03,1440188116418,"4,708",100% bullish,of 1 rating,$26
ABUS,$7.21,1440188116443,"502,243",86% bullish,of 14 ratings,$23
ARCW,$3.48,1440188116494,"25,137",100% bearish,of 2 ratings,$10.50
PETX,$17.4,1440188116520,"306,490",100% bearish,of 2 ratings,$26
ABIO,$0.9,1440188116581,"131,271",50% bullish,of 2 ratings,$3.75
RKDA,$5.76,1440188116675,"18,996",100% bearish,of 2 ratings,$10
ARCB,$29.7432,1440188116701,"206,683",50% bullish,of 2 ratings,$39.50
ACAT,$26.9034,1440188116851,"257,119",100% bearish,of 3 ratings,$33
ARCC,$15.5034,1440188116881,"1,614,901",67% bearish,of 3 ratings,$17.875
ACGL,$70.8788,1440188116907,"412,061",50% bullish,of 2 ratings,$72
ARDX,$17.41,1440188116938,"91,237",50% bullish,of 2 ratings,$24.50
ARNA,$2.97,1440188117041,"4,113,908",90% bullish,of 77 ratings,$5.50
AGII,$57.7907,1440188117186,"140,381",Not yet rated,NULL,$59.50
AGIIL,$25.45,1440188117264,"5,893",Not yet rated,NULL,N/A
ARGS,$6.17,1440188117330,"116,903",50% bullish,of 2 ratings,$19.50
ARIS,$3.3,1440188117367,"8,290",Not yet rated,NULL,$4.50
ARKR,$25.36,1440188117468,552,50% bullish,of 2 ratings,N/A
ARIA,$6.63,1440188117495,"3,144,277",87% bullish,of 46 ratings,$9
ARTX,$1.48,1440188117524,"86,252",88% bullish,of 16 ratings,$4.50
ARMH,$40.7856,1440188117546,"1,326,714",54% bearish,of 13 ratings,$61
ARWAR,NULL,1440188117783,0,Not yet rated,NULL,N/A
ARWA,NULL,1440188117820,0,Not yet rated,NULL,N/A
ARWAU,NULL,1440188117846,0,100% bullish,of 1 rating,N/A
ARWAW,NULL,1440188117919,0,Not yet rated,NULL,N/A
ARQL,$1.67,1440188117981,"200,267",75% bullish,of 4 ratings,$5
ARRY,$5.4016,1440188118027,"1,211,132",100% bullish,of 7 ratings,$10
ARRS,$26.5918,1440188118054,"1,059,325",50% bullish,of 2 ratings,$38
AROW,$27.24,1440188118196,"41,111",Not yet rated,NULL,N/A
DWAT,$9.92,1440188118338,"46,463",100% bearish,of 1 rating,N/A
ARTNA,$22.48,1440188118368,"42,242",100% bearish,of 1 rating,$29
ARTW,$4.45,1440188118400,"3,048",75% bearish,of 4 ratings,N/A
ARWR,$5.5529,1440188118422,"811,818",75% bullish,of 4 ratings,$10.50
ASBB,$25.05,1440188118451,372,Not yet rated,NULL,N/A
ASND,$18.23,1440188118640,"38,275",100% bullish,of 1 rating,$30
ASNA,$11.17,1440188118665,"8,904,002",50% bullish,of 2 ratings,$18
ASCMA,$28.4139,1440188118720,"151,828",100% bearish,of 1 rating,$45
ASTI,$0.1277,1440188118820,"1,805,239",83% bullish,of 6 ratings,$3
APWC,$1.9,1440188118847,406,100% bearish,of 1 rating,N/A
ASMI,NULL,1440188118893,0,NULL,NULL,NULL
AZPN,$38.4,1440188119123,"987,669",50% bullish,of 2 ratings,$42
ASMB,$12.44,1440188119193,"80,194",67% bullish,of 3 ratings,N/A
ASML,$87.4268,1440188119219,"1,129,238",67% bullish,of 3 ratings,$127
ASFI,$8.95,1440188119250,"3,732",100% bullish,of 1 rating,N/A
ALOT,$13.51,1440188119277,"1,011",100% bearish,of 1 rating,N/A
ASTE,$36.2981,1440188119298,"86,250",100% bearish,of 1 rating,$48
ATRO,$52.9817,1440188119354,"97,849",100% bearish,of 2 ratings,$80
ASTC,$2.2,1440188119491,"39,970",100% bullish,of 5 ratings,N/A
ASUR,$5.76,1440188119838,"10,939",100% bearish,of 1 rating,$8
ATRA,$41.9943,1440188120049,"183,568",50% bullish,of 2 ratings,$68
ATAI,$2.7499,1440188120091,"31,993",100% bearish,of 1 rating,N/A
ATHN,$132.9901,1440188120189,"193,281",67% bearish,of 3 ratings,$153
ATHX,$1.17,1440188120243,"238,940",89% bullish,of 9 ratings,$5
AAPC,$10.21,1440188120293,394,Not yet rated,NULL,N/A
AFCB,$28.01,1440188120345,249,Not yet rated,NULL,N/A
AAME,$3.58,1440188120370,"1,090",Not yet rated,NULL,N/A
ACFC,$6.11,1440188120645,"95,163",Not yet rated,NULL,$6.50
AAWW,$41.78,1440188120679,"361,733",50% bullish,of 2 ratings,$65
ATLC,$3.9,1440188120707,"17,113",67% bullish,of 3 ratings,N/A
AFH,$16.545,1440188120747,"74,840",Not yet rated,NULL,$21.50
ATNI,$73.8868,1440188120768,"65,628",100% bearish,of 1 rating,$69.50
ATML,$7.0758,1440188120807,"2,897,298",78% bullish,of 9 ratings,$9.50
ATRC,$25.877,1440188120829,"197,453",100% bullish,of 1 rating,$30
ATOS,$0.85,1440188120863,"182,378",100% bullish,of 7 ratings,$7
ATRM,$2.89,1440188121278,"1,200",50% bullish,of 2 ratings,N/A
ATTU,$13.55,1440188121307,"51,302",100% bearish,of 1 rating,$20.50
LIFE,$14.04,1440188121334,"31,959",86% bullish,of 7 ratings,$43
AUBN,$27.68,1440188121368,948,Not yet rated,NULL,N/A
EARS,$4.845,1440188121470,"14,045",100% bearish,of 2 ratings,$11.50
ATRI,$389.5,1440188121500,"4,388",Not yet rated,NULL,N/A
AUPH,$3.19,1440188121527,"14,987",100% bearish,of 1 rating,$8
AUDC,$3.18,1440188121603,"55,482",80% bullish,of 5 ratings,$5
ABTL,$18.05,1440188121855,"70,992",100% bullish,of 4 ratings,$20.25
ADSK,$51.76,1440188121881,"2,318,212",83% bullish,of 6 ratings,$69.50
ADAT,$0.12,1440188122034,"123,764",100% bullish,of 2 ratings,N/A
ADP,$79.23,1440188122070,"2,430,633",100% bearish,of 1 rating,$88
AVNU,$12.7,1440188122335,506,Not yet rated,NULL,$14
AAVL,$10.5971,1440188122362,"257,596",100% bearish,of 1 rating,$20
AVEO,$1.37,1440188122498,"1,358,941",75% bullish,of 8 ratings,$3
AVGO,$111.45,1440188122527,"3,295,689",88% bullish,of 8 ratings,$160
AVNW,$1.23,1440188122548,"161,594",50% bullish,of 2 ratings,$2.20
AVID,$7.9088,1440188122570,"537,870",100% bearish,of 1 rating,$20
AVGR,$14.23,1440188122607,"21,077",100% bearish,of 1 rating,$20
AWRE,$3.14,1440188122705,"20,820",67% bullish,of 3 ratings,N/A
AXPW,$1.14,1440188122849,"55,972",83% bullish,of 6 ratings,N/A
CAR,$42.2974,1440188122880,"1,835,324",80% bullish,of 5 ratings,$60
AXPWW,NULL,1440188122983,0,Not yet rated,NULL,N/A
AXGN,$3.94,1440188123009,"27,034",Not yet rated,NULL,$5
ACLS,$3.29,1440188123035,"552,924",67% bullish,of 6 ratings,$4.75
AXTI,$2.15,1440188123187,"35,695",50% bullish,of 2 ratings,$2.75
RILY,$10,1440188123355,600,Not yet rated,NULL,N/A
BCOM,NULL,1440188123419,0,100% bearish,of 1 rating,N/A
BEAV,$48.788,1440188123446,"741,414",67% bearish,of 3 ratings,$59
BIDU,$154.8605,1440188123525,"3,799,614",81% bullish,of 88 ratings,$210
BOSC,$2.37,1440188123547,"1,317",50% bullish,of 2 ratings,N/A
BCPC,$57.76,1440188123652,"124,156",100% bearish,of 1 rating,$75
BWINB,$23.01,1440188123679,"24,864",Not yet rated,NULL,N/A
BWINA,NULL,1440188123813,0,Not yet rated,NULL,N/A
BLDP,$1.24,1440188123885,"470,551",91% bullish,of 22 ratings,$2.50
BANF,$60.97,1440188123911,"17,766",Not yet rated,NULL,$68
BANFP,NULL,1440188124124,0,Not yet rated,NULL,N/A
BKMU,$7.19,1440188124170,"405,005",Not yet rated,NULL,$8
BOCH,$5.76,1440188124197,"16,925",Not yet rated,NULL,$6.50
BKSC,$15.6,1440188124274,705,Not yet rated,NULL,N/A
BMRC,$48.75,1440188124379,"17,706",Not yet rated,NULL,$52
BOTJ,$11.15,1440188124424,"3,090",Not yet rated,NULL,N/A
OZRK,$40.71,1440188124453,"548,750",67% bullish,of 3 ratings,$49.50
BWFG,$18.03,1440188124481,"3,688",100% bearish,of 1 rating,N/A
BFIN,$12.01,1440188124659,"29,125",Not yet rated,NULL,$13
BANR,$45.64,1440188124747,"83,916",100% bullish,of 3 ratings,$50
TAPR,$29.38,1440188124790,"4,550",100% bearish,of 1 rating,N/A
BHAC,NULL,1440188124815,0,Not yet rated,NULL,N/A
BZUN,$5.65,1440188124884,"399,133",50% bullish,of 2 ratings,$12.60
BHACU,NULL,1440188125057,0,Not yet rated,NULL,N/A
BHACR,$0.25,1440188125097,700,Not yet rated,NULL,N/A
BHACW,NULL,1440188125226,0,Not yet rated,NULL,N/A
BBSI,$34.87,1440188125257,"70,989",67% bearish,of 3 ratings,$62.50
BSET,$29.2943,1440188125361,"48,746",100% bearish,of 1 rating,$35
BYLK,$12.95,1440188125387,"4,701",Not yet rated,NULL,$14
BYBK,$5.02,1440188125445,"1,546",100% bearish,of 1 rating,N/A
BV,$5.1201,1440188125516,"370,525",67% bullish,of 6 ratings,$9
BBCN,$14.81,1440188125574,"305,149",100% bearish,of 1 rating,$16
BCBP,$11.73,1440188125754,"8,625",Not yet rated,NULL,N/A
BDCV,$4.84,1440188125784,"9,821",100% bearish,of 1 rating,$10.19
BECN,$35.48,1440188125890,"291,969",50% bullish,of 2 ratings,$40
BSF,$8.62,1440188125950,"18,300",Not yet rated,NULL,N/A
BEBE,$1.81,1440188125997,"149,630",75% bullish,of 4 ratings,$3.075
BBGI,$4.68,1440188126055,6,100% bearish,of 1 rating,N/A
BBBY,$61.87,1440188126081,"2,655,392",71% bullish,of 7 ratings,$75
BELFA,$15.5,1440188126271,100,100% bearish,of 1 rating,N/A
BLPH,$5.01,1440188126334,"26,371",100% bearish,of 1 rating,$12.50
BELFB,$17.929,1440188126366,"69,768",100% bearish,of 1 rating,N/A
BLCM,$17.2787,1440188126439,"695,836",50% bullish,of 4 ratings,$40
BNCL,$12.6931,1440188126510,"389,520",100% bullish,of 3 ratings,$12.50
BNFT,$36.8385,1440188126536,"94,378",67% bullish,of 3 ratings,$46
BGMD,$0.8536,1440188126693,"210,316",100% bullish,of 10 ratings,N/A
BNTC,$8.6562,1440188126797,"29,198",100% bullish,of 1 rating,N/A
BGCP,$8.8,1440188126871,"1,817,259",88% bullish,of 8 ratings,$14
ORPN,$5.34,1440188126955,"18,329",100% bullish,of 1 rating,$28.50
BIND,$4.56,1440188126987,"42,392",67% bullish,of 3 ratings,$13.50
BASI,$1.39,1440188127014,"12,876",Not yet rated,NULL,N/A
BGFV,$10.8654,1440188127036,"166,551",57% bullish,of 7 ratings,$12
BIOC,$2.08,1440188127201,"466,899",83% bullish,of 6 ratings,$3.85
BCDA,NULL,1440188127226,0,Not yet rated,NULL,N/A
BIIB,$296.59,1440188127369,"2,225,476",88% bullish,of 16 ratings,$400
BIOD,$0.6899,1440188127398,"144,374",80% bullish,of 5 ratings,$4
BCRX,$11.9759,1440188127426,"632,648",63% bullish,of 8 ratings,$18
BIOL,$1.46,1440188127474,"36,518",Not yet rated,NULL,N/A
BDSI,$6.5539,1440188127505,"1,007,452",88% bullish,of 8 ratings,$17
BLFS,$2.03,1440188127614,"86,446",100% bearish,of 1 rating,$4.75
BLRX,$1.42,1440188127692,"228,173",100% bullish,of 12 ratings,$5
BRLI,NULL,1440188127818,0,NULL,NULL,NULL
BMRN,$127.6292,1440188127872,"805,665",80% bullish,of 5 ratings,$160
BVXV,$3.86,1440188127904,"7,057",Not yet rated,NULL,N/A
BPTH,$1.13,1440188127926,"64,428",100% bullish,of 2 ratings,$5
BVXVW,$0.77,1440188127956,908,100% bearish,of 1 rating,N/A
BIOS,$1.84,1440188128103,"1,028,225",71% bullish,of 7 ratings,$4
BBP,$32.07,1440188128191,"91,659",Not yet rated,NULL,N/A
BBC,$30.48,1440188128216,"62,013",Not yet rated,NULL,N/A
BSPM,$0.72,1440188128353,"10,225",50% bullish,of 2 ratings,N/A
BSTC,$49.71,1440188128395,"65,798",100% bearish,of 1 rating,$76
BOTA,$2.2,1440188128424,"47,009",88% bullish,of 8 ratings,N/A
TECH,$101.6014,1440188128450,"128,366",100% bullish,of 1 rating,$117
BEAT,$13.69,1440188128609,"337,915",67% bearish,of 3 ratings,$15
BJRI,$44.9011,1440188128660,"214,137",50% bullish,of 2 ratings,$55
BITI,$17.33,1440188128739,"31,694",100% bullish,of 1 rating,$28
BDMS,NULL,1440188128765,0,100% bearish,of 1 rating,N/A
BBOX,$15.4477,1440188128835,"67,955",100% bearish,of 1 rating,N/A
BDE,$7.5,1440188128911,"219,717",50% bullish,of 2 ratings,$9
BBRY,$7.11,1440188129116,"5,424,747",61% bullish,of 330 ratings,$9
HAWK,$42.07,1440188129143,"522,914",90% bullish,of 10 ratings,$49
BKCC,$9.118,1440188129276,"334,015",100% bullish,of 2 ratings,$10
ADRD,$22.12,1440188129302,"8,231",100% bearish,of 1 rating,N/A
BLKB,$58.91,1440188129334,"222,244",100% bearish,of 2 ratings,$66
ADRA,$27.52,1440188129356,"1,065",Not yet rated,NULL,N/A
ADRE,$29.55,1440188129386,"44,928",Not yet rated,NULL,N/A
ADRU,$21.85,1440188129600,"2,468",100% bearish,of 1 rating,N/A
BLMN,$20.36,1440188129635,"1,552,768",83% bullish,of 6 ratings,$27.50
BCOR,$13.4111,1440188129709,"253,848",57% bullish,of 7 ratings,$15
BLBD,$11.53,1440188129737,"7,651",Not yet rated,NULL,N/A
BBLU,$0.89,1440188129907,"120,329",100% bullish,of 2 ratings,$4.43
BHBK,$14.06,1440188129972,"102,156",100% bullish,of 1 rating,$14.50
BUFF,$26.91,1440188129999,"472,572",83% bullish,of 12 ratings,$31.50
NILE,$34.2868,1440188130074,"89,740",50% bullish,of 2 ratings,$34
BLUE,$123.9578,1440188130231,"506,420",71% bullish,of 7 ratings,$217.50
BKEPP,$7.773,1440188130257,"1,100",100% bearish,of 1 rating,N/A
BKEP,$6.6,1440188130426,"42,067",100% bearish,of 1 rating,$8.50
BPMC,$25.74,1440188130455,"43,464",50% bullish,of 2 ratings,$47.50
BNCN,$21.26,1440188130482,"104,483",Not yet rated,NULL,$23
BOBE,$44.4924,1440188130536,"143,835",75% bullish,of 4 ratings,$57
BOFI,$124.052,1440188130697,"363,258",100% bullish,of 6 ratings,$144
WIFI,$7.83,1440188130731,"398,851",50% bullish,of 2 ratings,$13.50
BOJA,$20.83,1440188130782,"194,491",100% bullish,of 1 rating,$30
BOKF,$62.0834,1440188130810,"136,350",100% bearish,of 1 rating,$70.50
BONA,$11.82,1440188130940,"182,491",75% bullish,of 4 ratings,$8.50
BNSO,$1.38,1440188130967,"6,280",100% bearish,of 1 rating,N/A
BPFHP,$25,1440188131099,"1,571",100% bearish,of 1 rating,N/A
BAMM,$3.21,1440188131127,"12,873",60% bullish,of 5 ratings,N/A
BPFH,$12.1296,1440188131149,"300,501",100% bearish,of 1 rating,$14
BPFHW,$5.5,1440188131322,837,100% bearish,of 1 rating,N/A
EPAY,$25.5971,1440188131376,"153,485",100% bearish,of 2 ratings,$30
BCLI,$2.92,1440188131670,"80,439",80% bullish,of 5 ratings,$12
BDBD,$8.4404,1440188131719,"498,353",60% bullish,of 5 ratings,$10
BBRG,$12.58,1440188131746,"82,416",67% bullish,of 3 ratings,$14.50
BBEP,$2.26,1440188131772,"2,113,660",69% bullish,of 13 ratings,$5.625
BBEPP,$13.24,1440188131799,"73,231",100% bearish,of 1 rating,N/A
BDGE,$27.4,1440188131926,"32,431",Not yet rated,NULL,$31.75
BLIN,$1.15,1440188131952,"21,500",50% bullish,of 2 ratings,$2.20
BCOV,$5.22,1440188132030,"119,258",67% bullish,of 3 ratings,$10.20
BRID,$8.62,1440188132197,146,100% bearish,of 1 rating,N/A
BRCM,$48.43,1440188132223,"5,087,653",75% bullish,of 12 ratings,$56
BSFT,$30.9331,1440188132355,"132,915",57% bullish,of 7 ratings,$40.50
BYFC,$1.37,1440188132592,200,50% bullish,of 2 ratings,N/A
BVSN,$5.54,1440188132679,"12,787",60% bearish,of 5 ratings,N/A
BWEN,$3.26,1440188132705,"21,709",100% bullish,of 3 ratings,$8
BRCD,$10.7969,1440188132736,"10,776,577",92% bullish,of 13 ratings,$12.50
BRKL,$10.765,1440188132835,"378,868",100% bearish,of 1 rating,$10.75
BRKR,$19.1735,1440188132979,"232,716",100% bearish,of 2 ratings,$22
BRKS,$10.37,1440188133006,"187,906",67% bullish,of 3 ratings,$15.25
BWLD,$189.53,1440188133166,"258,961",82% bullish,of 11 ratings,$205
BMTC,$29.5,1440188133199,"88,508",Not yet rated,NULL,$34
BSQR,$6.03,1440188133221,"89,784",67% bullish,of 3 ratings,N/A
BUR,$1.85,1440188133257,"2,443",100% bearish,of 1 rating,$8
BLDR,$14.9508,1440188133286,"1,014,751",50% bullish,of 2 ratings,$22
BLMT,$20.8,1440188133319,"13,849",Not yet rated,NULL,N/A
CHRW,$67.24,1440188133422,"1,120,046",Not yet rated,NULL,$72
CFFI,$36,1440188133448,"6,616",100% bearish,of 1 rating,N/A
CA,$27.33,1440188133722,"2,875,494",50% bullish,of 4 ratings,$33
CDNS,$20.0307,1440188133880,"1,513,397",75% bullish,of 4 ratings,$22.50
CCMP,$44.3128,1440188133974,"88,219",50% bullish,of 2 ratings,$59
CACQ,$7.1,1440188134119,"98,822",100% bearish,of 1 rating,$12.25
CSTE,$43.9547,1440188134203,"526,174",100% bearish,of 1 rating,$65
CDZI,$7.53,1440188134253,"30,147",100% bearish,of 1 rating,N/A
CZR,$8.02,1440188134279,"1,342,694",60% bearish,of 5 ratings,$10.50
PRSS,$4.42,1440188134422,"18,224",80% bullish,of 5 ratings,$4.50
CLBS,$1.33,1440188134487,"263,782",79% bullish,of 14 ratings,$4
CHY,$11.51,1440188134519,"256,541",Not yet rated,NULL,N/A
CLMS,$11.4357,1440188134587,"83,522",Not yet rated,NULL,$10.50
CCD,$19.57,1440188134613,"275,211",Not yet rated,NULL,N/A
CHI,$10.67,1440188134669,"301,618",100% bearish,of 1 rating,N/A
CFGE,NULL,1440188134802,0,Not yet rated,NULL,N/A
CGO,$11.92,1440188134935,"30,892",100% bearish,of 1 rating,N/A
CHW,$7.59,1440188135009,"273,520",100% bearish,of 1 rating,N/A
CAMP,$15.71,1440188135067,"333,745",88% bullish,of 8 ratings,$25
CSQ,$9.88,1440188135139,"547,189",Not yet rated,NULL,N/A
CVGW,$54.5853,1440188135169,"145,963",50% bullish,of 2 ratings,$58.50
CFNB,$13.73,1440188135191,143,100% bearish,of 1 rating,N/A
CALD,$15.56,1440188135329,"393,945",100% bearish,of 1 rating,$20.50
CALA,$5.13,1440188135360,"380,870",100% bullish,of 3 ratings,$19.50
CALM,$49.4362,1440188135466,"535,749",80% bullish,of 5 ratings,$65
CLMT,$26.34,1440188135573,"367,347",75% bullish,of 8 ratings,$31
CAMB,NULL,1440188135906,0,Not yet rated,NULL,N/A
CAMBU,NULL,1440188135964,0,100% bearish,of 1 rating,N/A
CAMBW,$0.14,1440188136107,200,Not yet rated,NULL,N/A
ABCD,$4.64,1440188136134,"122,119",83% bullish,of 6 ratings,N/A
CSIQ,$17.5,1440188136278,"3,504,521",86% bullish,of 28 ratings,$45
CAC,$40.79,1440188136308,"24,727",Not yet rated,NULL,N/A
CAMT,$2.76,1440188136440,"17,958",73% bullish,of 11 ratings,$4
CPHC,$10.66,1440188136481,"2,320",100% bearish,of 1 rating,N/A
CGIX,$9.21,1440188136508,"38,415",67% bullish,of 3 ratings,$14.375
CBNJ,$10.65,1440188136573,"60,681",100% bullish,of 1 rating,N/A
CPLA,$48.57,1440188136639,"84,243",50% bullish,of 2 ratings,$65
CBF,$30.0864,1440188136708,"101,345",Not yet rated,NULL,$32
CCBG,$15.17,1440188136914,"26,389",Not yet rated,NULL,$17.25
CPLP,$7.07,1440188136943,"470,786",71% bullish,of 7 ratings,$11
CPTA,$14.22,1440188136990,"52,411",Not yet rated,NULL,$18.50
CSWC,$46.68,1440188137016,"16,339",Not yet rated,NULL,N/A
CFFN,$12.01,1440188137155,"679,421",Not yet rated,NULL,$12.75
CAPN,$1.99,1440188137192,"269,769",100% bullish,of 1 rating,$10.85
CAPNW,$0.6199,1440188137337,615,Not yet rated,NULL,N/A
CAPR,$3.95,1440188137366,"6,718",Not yet rated,NULL,$12
CARA,$20.8528,1440188137444,"285,165",50% bullish,of 4 ratings,$25
CBYL,$6.29,1440188137498,"38,107",100% bearish,of 1 rating,$20
CARB,$11.43,1440188137526,"84,294",75% bullish,of 4 ratings,$12
CPST,$0.3777,1440188137548,"956,493",95% bullish,of 22 ratings,$1.25
CFNL,$22.4267,1440188137686,"113,613",Not yet rated,NULL,$24
CRDC,$0.38,1440188137755,"10,734",100% bullish,of 1 rating,$1.25
CRME,$9.535,1440188137785,"32,837",89% bullish,of 9 ratings,$11.25
CSII,$24.1185,1440188137929,"475,750",100% bearish,of 2 ratings,$42.125
CDNA,$6.47,1440188138062,"6,286",100% bearish,of 1 rating,$9
CTRE,$12.0275,1440188138128,"420,229",50% bullish,of 2 ratings,N/A
CECO,$3.63,1440188138219,"473,850",67% bearish,of 3 ratings,$6
CATM,$34.54,1440188138352,"277,238",100% bearish,of 1 rating,$44
CLBH,$12.79,1440188138388,288,Not yet rated,NULL,$16.50
CKEC,$21.5,1440188138417,"282,581",50% bullish,of 2 ratings,$35.915
CART,NULL,1440188138447,0,100% bearish,of 1 rating,N/A
CARO,$15.34,1440188138489,"1,800",100% bearish,of 1 rating,$19
CRZO,$31.35,1440188138550,"963,485",67% bearish,of 3 ratings,$57
CARV,$5.51,1440188138774,"1,750",50% bullish,of 2 ratings,N/A
TAST,$11.91,1440188138801,"218,998",Not yet rated,NULL,$14.25
CRTN,$2.66,1440188138822,103,100% bearish,of 1 rating,N/A
CASM,$1.09,1440188139084,"4,748",100% bullish,of 1 rating,$3.50
CSCD,$14.23,1440188139116,"99,919",100% bullish,of 2 ratings,$17
CACB,$5.43,1440188139138,"110,152",Not yet rated,NULL,$5.50
CASY,$104.91,1440188139219,"366,564",50% bullish,of 2 ratings,$99.50
CWST,$6.31,1440188139277,"269,488",50% bullish,of 2 ratings,$7
CASI,$1.42,1440188139347,"13,082",100% bullish,of 1 rating,$3.50
CATB,$11.26,1440188139374,"70,464",100% bearish,of 1 rating,$28
CASS,$47.46,1440188139513,"45,684",100% bearish,of 1 rating,N/A
CPRX,$3.6536,1440188139542,"843,284",71% bullish,of 7 ratings,$7
CATYW,$10.54,1440188139578,100,100% bearish,of 1 rating,N/A
CATY,$30.29,1440188139606,"486,011",100% bearish,of 1 rating,$33.50
CAVM,$66.14,1440188139686,"453,559",67% bearish,of 3 ratings,$72
CVCO,$73.17,1440188139742,"62,490",100% bearish,of 1 rating,N/A
CNLM,$9.97,1440188139938,"1,883",Not yet rated,NULL,N/A
CNLMR,NULL,1440188139968,0,Not yet rated,NULL,N/A
CNLMU,NULL,1440188140070,0,100% bullish,of 1 rating,N/A
CNLMW,NULL,1440188140116,0,Not yet rated,NULL,N/A
CBOE,$61.9075,1440188140142,"474,871",Not yet rated,NULL,$60
CBFV,$20.75,1440188140168,"4,266",Not yet rated,NULL,N/A
CDK,$48.5,1440188140555,"516,809",67% bearish,of 3 ratings,$50
CDW,$38.6368,1440188140592,"1,489,975",75% bullish,of 4 ratings,$44
CELG,$119.87,1440188140619,"5,472,657",92% bullish,of 13 ratings,$155.50
CPXX,$2.13,1440188140689,"85,814",100% bullish,of 2 ratings,$7
CECE,$9.45,1440188140716,"123,348",50% bullish,of 2 ratings,$16
CLDN,$1.05,1440188140780,"324,646",71% bullish,of 7 ratings,$3
CELGZ,$1.81,1440188140806,"14,200",80% bullish,of 5 ratings,N/A
CLDX,$13.703,1440188140947,"2,057,033",89% bullish,of 9 ratings,$36
CLRBW,$0.94,1440188141053,300,Not yet rated,NULL,N/A
CBMG,$22.65,1440188141124,"40,370",50% bullish,of 2 ratings,N/A
CLRB,$3.05,1440188141186,"5,111",100% bearish,of 1 rating,N/A
CLLS,$29.95,1440188141225,"102,793",75% bullish,of 4 ratings,$51.50
CLSN,$2,1440188141253,"140,086",80% bullish,of 10 ratings,$7.50
CLTX,$3,1440188141318,"2,656,829",100% bullish,of 2 ratings,N/A
CEMP,$35.1846,1440188141416,"683,270",71% bullish,of 7 ratings,$52
CYAD,$50.47,1440188141523,"5,476",100% bullish,of 1 rating,$87.50
CETX,$2.47,1440188141666,"12,950",Not yet rated,NULL,$5.60
CSFL,$14.06,1440188141756,"145,415",Not yet rated,NULL,$15
CETV,$2.02,1440188141841,"174,568",67% bullish,of 3 ratings,$2.80
CENT,$11.93,1440188141977,"28,453",Not yet rated,NULL,$10
CFBK,$1.38,1440188142003,"6,308",Not yet rated,NULL,N/A
CVCY,$11.19,1440188142030,675,Not yet rated,NULL,$12
CENTA,$12.5763,1440188142168,"236,746",Not yet rated,NULL,N/A
CNBKA,$40.33,1440188142233,"9,691",100% bullish,of 1 rating,N/A
CENX,$5.1441,1440188142259,"1,659,146",67% bullish,of 6 ratings,$9
CNTY,$6.02,1440188142289,"6,571",80% bullish,of 5 ratings,$7.75
CRNT,$1.37,1440188142423,"280,066",50% bullish,of 2 ratings,$2
CPHD,$47.81,1440188142484,"531,474",50% bullish,of 2 ratings,$66.50
CERE,$1.1,1440188142575,"479,152",88% bullish,of 8 ratings,N/A
CERN,$61.72,1440188142604,"1,873,580",67% bullish,of 3 ratings,$79
CERU,$3.42,1440188142630,"35,178",75% bullish,of 4 ratings,$15
CERS,$4.73,1440188142673,"645,680",75% bullish,of 4 ratings,$7
KOOL,$0.6998,1440188142806,"19,783",100% bullish,of 5 ratings,$7
CYOU,$20.0874,1440188142958,"457,679",50% bullish,of 6 ratings,$24
HOTR,$1.5,1440188142992,"212,526",100% bullish,of 2 ratings,$5
CEVA,$18.37,1440188143020,"69,897",100% bearish,of 1 rating,$25
CTHR,$1.23,1440188143090,"48,304",50% bullish,of 2 ratings,$2.50
HOTRW,NULL,1440188143151,0,Not yet rated,NULL,N/A
GTLS,$22.4112,1440188143180,"324,963",50% bullish,of 4 ratings,$40
CHTR,$178.3075,1440188143220,"957,865",100% bearish,of 2 ratings,$196
CHFN,$12.45,1440188143249,"34,387",Not yet rated,NULL,$14
CHEKW,NULL,1440188143471,0,Not yet rated,NULL,N/A
CHKP,$77.9442,1440188143500,"1,041,244",50% bullish,of 4 ratings,$92
CHEK,$3.16,1440188143578,"1,665",Not yet rated,NULL,$7.75
CHFC,$31.8389,1440188143670,"98,945",100% bearish,of 1 rating,$36
CCXI,$6.66,1440188143740,"124,163",67% bullish,of 3 ratings,$14
CEMI,$4.25,1440188143771,"5,139",50% bullish,of 2 ratings,$7.50
CHMA,$24.05,1440188143838,"123,730",Not yet rated,NULL,$40
CHEV,$14.63,1440188143921,"8,266",Not yet rated,NULL,N/A
CHMG,$26.6,1440188143948,700,Not yet rated,NULL,$30
CBNK,$16.48,1440188144025,297,100% bearish,of 1 rating,N/A
PLCE,$58.5293,1440188144130,"371,784",100% bearish,of 1 rating,$71
CHKE,$25.42,1440188144174,"26,229",100% bearish,of 1 rating,$32.50
CMRX,$45.7993,1440188144274,"338,987",50% bullish,of 2 ratings,$57
CADC,NULL,1440188144318,0,78% bullish,of 9 ratings,N/A
CALI,$0.87,1440188144379,"7,037",67% bullish,of 3 ratings,N/A
CAAS,$6.48,1440188144636,"52,022",93% bullish,of 14 ratings,$11.50
CCCL,$0.85,1440188144711,"10,030",100% bullish,of 6 ratings,N/A
CBPO,$97.5633,1440188144743,"275,264",75% bullish,of 8 ratings,$140.50
CBAK,$1.8,1440188144810,"39,266",67% bullish,of 9 ratings,N/A
JRJC,$3.87,1440188144847,"166,421",82% bullish,of 11 ratings,N/A
CHOP,$1.2,1440188144869,"146,084",50% bullish,of 2 ratings,N/A
HGSH,$1.89,1440188144942,"13,900",67% bullish,of 3 ratings,N/A
CCCR,$0.89,1440188144968,"36,566",67% bearish,of 3 ratings,N/A
CHLN,$2.05,1440188145166,"8,803",67% bullish,of 3 ratings,N/A
HTHT,$24.5,1440188145214,"81,284",50% bullish,of 2 ratings,$28
CNIT,$1.54,1440188145268,"31,123",67% bullish,of 6 ratings,N/A
CJJD,$1.9,1440188145342,"52,186",100% bullish,of 1 rating,N/A
CHNR,$2.01,1440188145369,"1,911",100% bearish,of 1 rating,N/A
CREG,$0.7,1440188145447,"109,561",100% bullish,of 3 ratings,N/A
CPGI,$6.94,1440188145513,"2,888",Not yet rated,NULL,N/A
CSUN,$1.38,1440188145598,"19,180",80% bullish,of 5 ratings,N/A
CNTF,$0.85,1440188145648,"130,860",Not yet rated,NULL,N/A
CCIH,$6.0688,1440188145813,"995,724",67% bullish,of 6 ratings,$12.65
CXDC,$6.21,1440188145839,"128,308",67% bullish,of 3 ratings,N/A
CNYD,$3.17,1440188145881,"7,840",67% bullish,of 3 ratings,N/A
CNET,$0.8899,1440188146015,"36,501",50% bullish,of 2 ratings,N/A
IMOS,$16.0456,1440188146103,"208,767",60% bullish,of 5 ratings,$21.50
CHSCL,$27.06,1440188146207,"26,654",Not yet rated,NULL,N/A
CHSCM,$25.86,1440188146233,"33,418",Not yet rated,NULL,N/A
CHSCO,$28.32,1440188146406,"9,147",Not yet rated,NULL,N/A
CHSCN,$27.02,1440188146432,"3,839",Not yet rated,NULL,N/A
CHSCP,$30.29,1440188146458,"3,905",Not yet rated,NULL,N/A
CHUY,$31.27,1440188146594,"229,118",50% bullish,of 2 ratings,$34
CHDN,$133.2491,1440188146673,"56,785",Not yet rated,NULL,$165
CDTX,$14.04,1440188146732,"21,413",Not yet rated,NULL,$22
CMCT,$15,1440188146949,"2,992",100% bearish,of 1 rating,N/A
CIFC,$6.85,1440188147006,"10,052",Not yet rated,NULL,N/A
CIDM,$0.62,1440188147081,"87,510",50% bullish,of 2 ratings,$2.10
CMPR,$67.75,1440188147107,"486,907",50% bullish,of 2 ratings,$72.50
CINF,$53.86,1440188147172,"975,741",50% bullish,of 4 ratings,$50.50
CTAS,$84.87,1440188147271,"519,590",100% bearish,of 1 rating,$91
CRUS,$27.46,1440188147300,"967,490",75% bullish,of 12 ratings,$44.50
CSCO,$26.47,1440188147340,"33,255,669",84% bullish,of 208 ratings,$32
CPHR,$6.2,1440188147430,"1,500",100% bearish,of 1 rating,$16
CTRN,$27.9004,1440188147538,"143,538",100% bearish,of 1 rating,$31.50
CZNC,$19.63,1440188147597,"13,319",Not yet rated,NULL,N/A
CZFC,$12.7201,1440188147667,700,Not yet rated,NULL,N/A
CZWI,$9.09,1440188147693,10,Not yet rated,NULL,N/A
CIZN,$19.55,1440188147823,"1,220",Not yet rated,NULL,N/A
CTXS,$73.91,1440188147849,"1,203,237",86% bullish,of 7 ratings,$80
CHCO,$47.47,1440188147877,"71,461",Not yet rated,NULL,$46
CIVB,$10.29,1440188148016,"5,841",Not yet rated,NULL,$11
CLNE,$4.02,1440188148089,"1,098,844",80% bullish,of 15 ratings,$9
CIVBP,NULL,1440188148117,0,Not yet rated,NULL,N/A
CDTI,$1.56,1440188148143,"65,316",75% bullish,of 4 ratings,$3.20
CLFD,$16.89,1440188148392,"49,601",67% bullish,of 3 ratings,$18
CLNT,$1.69,1440188148425,"56,834",75% bullish,of 8 ratings,N/A
CLIR,$5.07,1440188148451,"32,472",100% bullish,of 3 ratings,N/A
CLRO,$11.74,1440188148473,"4,663",50% bullish,of 2 ratings,$14.25
CSBK,$13.76,1440188148529,"61,441",Not yet rated,NULL,N/A
CBLI,$3.82,1440188148557,"47,562",60% bullish,of 5 ratings,N/A
CLVS,$73.1881,1440188148691,"345,195",60% bullish,of 5 ratings,$101.50
CMFN,$11.79,1440188148792,"14,093",100% bearish,of 1 rating,$15.50
CCNE,$17.08,1440188148882,"21,382",50% bullish,of 2 ratings,$21.50
CNV,$4.72,1440188148922,"20,202",50% bullish,of 2 ratings,$7.15
CISG,$7.78,1440188148948,"151,935",100% bullish,of 5 ratings,$10
CME,$91.64,1440188148977,"2,819,367",67% bullish,of 3 ratings,$102
COBZ,$13,1440188149111,"153,943",100% bullish,of 1 rating,$14
CWAY,$11.36,1440188149146,502,Not yet rated,NULL,N/A
CDRB,$11.18,1440188149241,"10,988",67% bullish,of 3 ratings,N/A
COKE,$154.15,1440188149300,"30,731",79% bullish,of 19 ratings,N/A
CDXS,$3.96,1440188149335,"51,237",64% bullish,of 11 ratings,$6
JVA,$4.57,1440188149372,"28,204",83% bullish,of 6 ratings,$7
CVLY,$20.55,1440188149442,"8,047",Not yet rated,NULL,N/A
CCOI,$28.3719,1440188149616,"314,544",50% bullish,of 4 ratings,$35
CGNT,$1.66,1440188149643,"34,152",100% bullish,of 2 ratings,$2
CGNX,$35.6,1440188149722,"694,143",50% bullish,of 2 ratings,$47
CTSH,$62.85,1440188149794,"3,671,082",90% bullish,of 10 ratings,$75
CHRS,$29.988,1440188149820,"169,986",67% bearish,of 3 ratings,$37
COHR,$57.2,1440188149854,"129,765",50% bullish,of 2 ratings,$72
COHU,$9.7657,1440188149949,"184,300",100% bearish,of 1 rating,$14.25
CLRX,$0.4901,1440188149980,"59,544",50% bullish,of 2 ratings,N/A
CLCT,$18.06,1440188150165,"73,848",100% bearish,of 1 rating,N/A
CIGI,$44.35,1440188150200,"9,835",100% bearish,of 1 rating,$52
COLL,$15.25,1440188150222,"33,553",100% bearish,of 1 rating,$26
CBAN,$8.95,1440188150271,520,Not yet rated,NULL,N/A
CLCD,$6.91,1440188150301,"23,570",100% bearish,of 1 rating,$20.50
COLB,$31.17,1440188150399,"228,719",Not yet rated,NULL,$36
COLM,$62.63,1440188150495,"169,222",100% bearish,of 1 rating,$71
CMCSK,$58.0917,1440188150703,"4,103,273",Not yet rated,NULL,$84
CMCO,$19.42,1440188150750,"117,786",60% bullish,of 5 ratings,$28
CMCSA,$56.78,1440188150780,"14,800,938",66% bullish,of 35 ratings,$69.50
CBMX,$1.21,1440188150839,"39,549",83% bullish,of 6 ratings,$3.15
CBSH,$45.35,1440188150880,"374,084",50% bullish,of 2 ratings,$46
CUBN,$13.6,1440188150911,"2,416",Not yet rated,NULL,N/A
CVGI,$4.69,1440188151041,"103,790",50% bullish,of 2 ratings,$6
COMM,$29.5988,1440188151146,"1,031,990",67% bearish,of 3 ratings,$35
CBSHP,$25.25,1440188151290,"1,462",100% bearish,of 1 rating,N/A
ESXB,$5.12,1440188151376,"12,099",Not yet rated,NULL,N/A
JCS,$9.21,1440188151412,626,67% bullish,of 3 ratings,N/A
CSAL,$21.1396,1440188151439,"714,411",75% bullish,of 4 ratings,$30
CYHHZ,$0.011,1440188151465,"5,341",100% bullish,of 1 rating,N/A
CWBC,$6.78,1440188151508,"5,828",Not yet rated,NULL,N/A
CTBI,$34.8,1440188151535,"46,405",Not yet rated,NULL,$36
CVLT,$36.34,1440188151669,"368,607",75% bullish,of 4 ratings,$44.50
COB,$10.42,1440188151694,"20,945",100% bullish,of 1 rating,$11.75
CIZ,$33.33,1440188151878,"5,278",100% bearish,of 1 rating,N/A
CDC,$35.22,1440188151912,"23,106",Not yet rated,NULL,N/A
CSA,$33.32,1440188151938,"2,560",Not yet rated,NULL,N/A
CID,$33.93,1440188152104,200,Not yet rated,NULL,N/A
CSF,$36.84,1440188152145,"5,120",100% bearish,of 1 rating,N/A
CIL,$33.53,1440188152188,500,Not yet rated,NULL,N/A
CFO,$35.7,1440188152275,"16,998",100% bearish,of 1 rating,N/A
CFA,$35.77,1440188152320,"2,458",100% bearish,of 1 rating,N/A
CSB,NULL,1440188152350,0,Not yet rated,NULL,N/A
CDL,$34.42,1440188152418,"7,600",Not yet rated,NULL,N/A
CGEN,$5.15,1440188152447,"114,043",50% bullish,of 2 ratings,$11
CPSI,$45.2135,1440188152584,"89,092",100% bearish,of 1 rating,$45.50
CTG,$6.63,1440188152616,"46,409",100% bearish,of 1 rating,$8.50
SCOR,$57.4856,1440188152746,"460,583",100% bearish,of 1 rating,$66
CHCI,$0.6,1440188152802,"23,882",50% bullish,of 2 ratings,N/A
CMTL,$26.49,1440188152854,"88,496",100% bearish,of 2 ratings,$37
CNSI,$18.7198,1440188152984,"159,899",100% bearish,of 2 ratings,$29
CNCE,$15.3393,1440188153010,"220,686",75% bullish,of 4 ratings,$22
CNAT,$4,1440188153037,"134,269",83% bullish,of 6 ratings,$13
CXRX,$71.01,1440188153173,"3,584",Not yet rated,NULL,$90
CDOR,$1.47,1440188153204,"5,359",100% bullish,of 1 rating,N/A
CDORO,NULL,1440188153225,0,100% bearish,of 1 rating,N/A
CCUR,$5.18,1440188153259,"18,754",75% bullish,of 4 ratings,N/A
CDORP,$6.7921,1440188153414,800,100% bearish,of 1 rating,N/A
CFMS,$21.32,1440188153440,"241,608",Not yet rated,NULL,$27
CNFR,$10.42,1440188153571,"16,866",Not yet rated,NULL,N/A
CNMD,$54.8,1440188153597,"171,510",Not yet rated,NULL,$59
CNOB,$19.6,1440188153770,"152,585",100% bullish,of 1 rating,$23.50
CTWS,$35.1,1440188153803,"48,700",100% bearish,of 1 rating,$44
CNXR,$6.26,1440188153863,"22,174",100% bearish,of 1 rating,$12
CWCO,$10.65,1440188153936,"128,978",67% bullish,of 3 ratings,$14.50
CONN,$31.3614,1440188153991,"382,665",67% bullish,of 3 ratings,$48.50
CNSL,$19.9922,1440188154013,"232,079",100% bearish,of 1 rating,$23
CTCT,$24.1018,1440188154044,"284,386",67% bullish,of 3 ratings,$37
CPSS,$5.64,1440188154191,"88,625",100% bullish,of 1 rating,$10
CFRXW,$1.87,1440188154290,"4,588",100% bearish,of 1 rating,N/A
CFRX,$5.14,1440188154319,"29,285",Not yet rated,NULL,$14
CTRV,$3.55,1440188154350,"57,680",Not yet rated,NULL,$6.40
CFRXZ,$0.531,1440188154450,"2,550",Not yet rated,NULL,N/A
CTRL,$7.8768,1440188154519,"124,720",50% bullish,of 2 ratings,$11
CPRT,$34.8061,1440188154602,"271,207",67% bearish,of 3 ratings,$40
CRBP,$2.05,1440188154680,"925,366",100% bullish,of 2 ratings,$6.25
CORE,$60.8082,1440188154735,"93,619",100% bearish,of 1 rating,$72
CORT,$4.57,1440188154809,"392,222",67% bullish,of 3 ratings,$12
CORI,$10.8,1440188154837,"63,120",100% bearish,of 1 rating,$18
CSOD,$36.9986,1440188154872,"365,527",50% bullish,of 2 ratings,$42
BVA,$3.75,1440188154909,"3,794",50% bullish,of 2 ratings,N/A
CRVL,$32.1,1440188155045,"47,078",100% bearish,of 1 rating,N/A
COST,$138.99,1440188155185,"2,477,959",79% bullish,of 24 ratings,$154.50
COSI,$1.11,1440188155245,"87,642",100% bullish,of 1 rating,N/A
CSGP,$181.61,1440188155275,"73,683",50% bullish,of 2 ratings,$235
ICBK,$18.6,1440188155321,418,Not yet rated,NULL,$21
CPAH,$0.4625,1440188155382,"11,752",50% bullish,of 2 ratings,N/A
COVS,$2.56,1440188155539,"72,882",67% bullish,of 3 ratings,N/A
CVTI,$22.53,1440188155579,"148,548",67% bearish,of 3 ratings,$39
COWN,$5.1,1440188155639,"825,233",75% bullish,of 4 ratings,$7
COWNL,$27.19,1440188155667,"3,700",Not yet rated,NULL,N/A
CPSH,$2.36,1440188155710,300,Not yet rated,NULL,N/A
CRAI,$22.39,1440188155742,"55,427",Not yet rated,NULL,$36
BREW,$7.3,1440188155871,"59,355",67% bullish,of 6 ratings,$15
CBRL,$143.92,1440188155901,"280,757",50% bullish,of 2 ratings,$155
CRAY,$20.751,1440188156049,"282,468",83% bullish,of 6 ratings,$38.50
CACC,$193.6267,1440188156122,"121,406",50% bullish,of 2 ratings,$158.50
GLDI,$11.09,1440188156309,"41,785",100% bearish,of 1 rating,N/A
CREE,$25.2836,1440188156340,"1,078,004",65% bullish,of 17 ratings,$29.50
CRESY,$10.29,1440188156439,"38,860",100% bearish,of 1 rating,$19
CRDS,$1.05,1440188156506,"13,476",50% bullish,of 4 ratings,$4.50
CRTO,$43.49,1440188156536,"541,125",67% bullish,of 6 ratings,$64
CROX,$14.0756,1440188156558,"1,357,148",63% bullish,of 8 ratings,$16.50
SLVO,$10.46,1440188156591,"9,370",100% bearish,of 1 rating,N/A
CCRN,$14.41,1440188156613,"187,413",100% bearish,of 1 rating,$14.25
CYRXW,$0.86,1440188156794,"41,500",Not yet rated,NULL,N/A
CRWS,$8.03,1440188156824,"2,485",Not yet rated,NULL,$10
CRWN,$4.56,1440188156850,"129,067",75% bullish,of 4 ratings,N/A
CYRX,$2.83,1440188156985,"35,137",Not yet rated,NULL,$9
CCLP,$13.8063,1440188157087,"64,248",67% bearish,of 3 ratings,$21
CSGS,$31.06,1440188157116,"167,178",Not yet rated,NULL,$40
CSPI,$6.18,1440188157262,"3,803",67% bullish,of 3 ratings,N/A
CTCM,$1.71,1440188157294,"364,523",80% bearish,of 5 ratings,$3.90
CTRP,$64.0323,1440188157324,"1,562,767",75% bullish,of 8 ratings,$92
CTIC,$1.68,1440188157350,"1,701,341",84% bullish,of 76 ratings,$5.75
CTIB,NULL,1440188157399,0,100% bearish,of 1 rating,N/A
CUNB,$22.03,1440188157500,"48,888",Not yet rated,NULL,$24.50
CPIX,$5.87,1440188157526,"3,515",Not yet rated,NULL,N/A
CMLS,$1.3,1440188157743,"964,213",50% bullish,of 4 ratings,$6
CUI,$4.8908,1440188157836,"120,360",50% bullish,of 2 ratings,$10
CRIS,$2.57,1440188157873,"437,658",100% bullish,of 8 ratings,$6
CUTR,$14.4,1440188157899,"56,879",67% bearish,of 3 ratings,$18
CVBF,$16.66,1440188157933,"605,730",Not yet rated,NULL,$18
CYAN,$7.3,1440188158095,"5,900",100% bearish,of 1 rating,N/A
CVV,$11.44,1440188158125,"25,260",100% bullish,of 5 ratings,N/A
CYBR,$52.03,1440188158156,"1,997,583",86% bullish,of 7 ratings,$66
CYBX,$66.48,1440188158260,"556,674",50% bullish,of 4 ratings,$70
CYCCP,NULL,1440188158362,0,100% bearish,of 1 rating,N/A
CBAY,$2.69,1440188158436,"42,788",100% bullish,of 1 rating,$4
CYCC,$0.5699,1440188158469,"125,541",73% bullish,of 11 ratings,N/A
CYBE,$5.96,1440188158508,"9,802",100% bearish,of 1 rating,N/A
CYNA,$16.08,1440188158578,"23,175",100% bullish,of 1 rating,$31.50
CY,$9.3949,1440188158657,"3,377,086",80% bullish,of 10 ratings,$15.50
CYNO,$32.1,1440188158712,"240,115",67% bearish,of 3 ratings,$45.50
CONE,$33.0124,1440188158905,"451,606",67% bearish,of 3 ratings,$35
CYTK,$6.54,1440188158939,"191,751",71% bullish,of 14 ratings,$13.50
CYRN,$1.64,1440188158965,"253,906",67% bullish,of 3 ratings,$4
CTSO,$6.95,1440188159035,"54,249",Not yet rated,NULL,$15.625
CYTX,$0.375,1440188159069,"766,187",83% bullish,of 12 ratings,$5.50
DAEG,$0.3443,1440188159138,"4,306",100% bearish,of 1 rating,N/A
CYTR,$2.18,1440188159200,"752,681",67% bullish,of 6 ratings,$10
TVIZ,$14.69,1440188159331,"3,240",100% bearish,of 1 rating,N/A
ZIV,$46.39,1440188159379,"149,070",Not yet rated,NULL,N/A
TVIX,$9.15,1440188159463,"19,499,157",81% bullish,of 16 ratings,N/A
XIV,$36.22,1440188159511,"25,033,456",75% bearish,of 4 ratings,N/A
DJCO,$197.2,1440188159605,"1,920",Not yet rated,NULL,N/A
DAKT,$11.6696,1440188159640,"197,162",50% bullish,of 2 ratings,$14
DARA,$0.9,1440188159666,"39,987",83% bullish,of 6 ratings,$1.50
DAIO,$2.55,1440188159696,"4,354",Not yet rated,NULL,N/A
DTLK,$5.5,1440188159900,"90,590",100% bearish,of 1 rating,$9
DRAM,$1.4,1440188159961,"5,900",78% bullish,of 9 ratings,N/A
PLAY,$34.47,1440188159989,"227,262",100% bullish,of 5 ratings,$42
DWCH,$4.97,1440188160020,"77,045",75% bullish,of 4 ratings,$8.25
DTEA,$13.49,1440188160122,"126,308",100% bearish,of 2 ratings,$24
DWSN,$4.02,1440188160151,"43,597",67% bullish,of 3 ratings,$6
DBVT,$39.372,1440188160191,"109,572",100% bearish,of 1 rating,$53
DHRM,$1.68,1440188160349,"4,586",Not yet rated,NULL,N/A
TRAK,$62.9201,1440188160376,"1,031,295",50% bullish,of 2 ratings,$62.50
DFRG,$14.7449,1440188160426,"198,003",100% bearish,of 1 rating,$20
TACO,$13.13,1440188160507,"216,919",100% bullish,of 3 ratings,$20
TACOW,$4.01,1440188160560,"3,151",100% bullish,of 1 rating,N/A
DCTH,$0.48,1440188160691,"110,038",78% bullish,of 9 ratings,N/A
DELT,$2.59,1440188160717,"2,349",Not yet rated,NULL,N/A
DELTW,NULL,1440188160760,0,Not yet rated,NULL,N/A
DGAS,$20.24,1440188160866,"1,955",67% bearish,of 3 ratings,N/A
DENN,$11.8649,1440188160936,"547,728",100% bullish,of 3 ratings,$15
XRAY,$53.63,1440188160998,"832,277",100% bullish,of 1 rating,$58
DSCI,$6.45,1440188161024,"49,351",50% bullish,of 2 ratings,$16
DERM,$24.15,1440188161252,"253,089",100% bearish,of 1 rating,$33.50
DEST,$11.83,1440188161335,"39,808",50% bullish,of 2 ratings,N/A
DXLG,$4.5,1440188161362,"64,224",100% bearish,of 1 rating,$8
DEPO,$29.0125,1440188161404,"1,108,640",60% bullish,of 5 ratings,$29
DSWL,$1.75,1440188161432,"9,425",100% bullish,of 1 rating,N/A
DXM,$0.32,1440188161454,"22,270",50% bullish,of 2 ratings,N/A
DXCM,$89.8238,1440188161495,"957,429",57% bullish,of 7 ratings,$98
DHIL,$190.8,1440188161855,"18,363",Not yet rated,NULL,N/A
DCIX,$1.74,1440188161888,"92,529",50% bullish,of 4 ratings,$3.50
DHXM,NULL,1440188161921,0,Not yet rated,NULL,N/A
DMND,$30.41,1440188161996,"179,983",75% bullish,of 12 ratings,$32
DGII,$9.955,1440188162023,"76,885",100% bearish,of 1 rating,$10
FANG,$67.3897,1440188162044,"1,041,496",50% bullish,of 2 ratings,$86
DRNA,$10.2189,1440188162077,"89,552",67% bearish,of 3 ratings,$25
DMRC,$36.52,1440188162282,"70,596",100% bearish,of 1 rating,$44
DRAD,$3.88,1440188162330,"12,681",100% bullish,of 1 rating,$5.25
DCOM,$16.82,1440188162461,"145,611",100% bearish,of 2 ratings,$16.50
DIOD,$19.3098,1440188162502,"250,351",75% bearish,of 4 ratings,$24
DGLY,$6.75,1440188162531,"241,709",50% bullish,of 6 ratings,$20
DPRX,$11.95,1440188162558,"18,525",100% bullish,of 2 ratings,$27.75
APPS,$2.36,1440188162606,"202,292",100% bearish,of 1 rating,$10.25
DISCB,NULL,1440188162746,0,100% bearish,of 1 rating,$35
DISCA,$27.1,1440188162846,"3,010,845",67% bullish,of 3 ratings,$34
DSCO,$0.4055,1440188162897,"156,711",83% bullish,of 6 ratings,$2.75
DISCK,$25.99,1440188162925,"2,867,055",100% bearish,of 1 rating,$32
DVCR,$10.25,1440188163061,"18,982",100% bullish,of 1 rating,N/A
DISH,$60.95,1440188163091,"1,725,793",69% bullish,of 13 ratings,$73
BAGR,$3.01,1440188163191,"16,511",100% bearish,of 1 rating,$6
DLHC,$2.5,1440188163237,"6,270",100% bearish,of 1 rating,N/A
DLTR,$76.35,1440188163273,"2,433,019",82% bullish,of 11 ratings,$88
DNBF,$27.15,1440188163326,"8,727",Not yet rated,NULL,$27.50
DGICB,NULL,1440188163409,0,100% bearish,of 1 rating,N/A
DMLP,$13.9,1440188163481,"47,201",100% bearish,of 1 rating,N/A
DGICA,$14.4,1440188163553,"16,194",100% bearish,of 1 rating,$17
DORM,$49.9926,1440188163580,"304,983",100% bearish,of 1 rating,$56
HILL,$9.67,1440188163759,"2,311,630",60% bearish,of 5 ratings,$9.75
DRWI,$0.2625,1440188163818,"193,656",60% bullish,of 5 ratings,$.45
DWA,$19.07,1440188163892,"874,719",63% bullish,of 8 ratings,$26
DRYS,$0.3511,1440188163924,"1,480,898",77% bullish,of 31 ratings,$.60
DRWIW,$0.0589,1440188163951,"1,581",Not yet rated,NULL,N/A
CADT,$10.02,1440188164021,206,Not yet rated,NULL,N/A
DSPG,$8.595,1440188164052,"66,201",100% bearish,of 1 rating,$13.50
DSKX,$3.44,1440188164082,"117,971",100% bullish,of 1 rating,N/A
CADTU,NULL,1440188164242,0,Not yet rated,NULL,N/A
CADTR,NULL,1440188164274,0,Not yet rated,NULL,N/A
CADTW,NULL,1440188164307,0,Not yet rated,NULL,N/A
DTSI,$26.068,1440188164379,"124,204",100% bearish,of 2 ratings,$39.50
DNKN,$50.037,1440188164482,"1,290,772",67% bullish,of 15 ratings,$56.50
DXPE,$28.6043,1440188164552,"146,571",50% bullish,of 2 ratings,N/A
DYAX,$22.4405,1440188164581,"846,334",89% bullish,of 9 ratings,$30
DRRX,$1.99,1440188164713,"341,244",50% bullish,of 6 ratings,$3
DYSL,$1.55,1440188164745,"180,829",100% bullish,of 2 ratings,N/A
BOOM,$9.64,1440188164776,"57,962",67% bullish,of 3 ratings,$12
DYNT,$2.86,1440188164844,"3,500",75% bullish,of 4 ratings,N/A
ETFC,$25.54,1440188164911,"2,474,772",57% bullish,of 14 ratings,$33
DVAX,$27.73,1440188164942,"347,828",70% bullish,of 10 ratings,$40
EBMT,$11.53,1440188165041,"19,207",Not yet rated,NULL,$13.50
EGBN,$43.2,1440188165099,"88,315",Not yet rated,NULL,$48
EGLE,$6,1440188165125,"59,444",60% bullish,of 5 ratings,N/A
EROC,$1.1,1440188165319,"356,235",50% bullish,of 2 ratings,$3
ELNK,$8.58,1440188165365,"805,585",60% bullish,of 5 ratings,$9.50
EACQU,NULL,1440188165396,0,Not yet rated,NULL,N/A
EGRX,$64.8232,1440188165452,"388,995",67% bullish,of 3 ratings,$97
EWBC,$41.41,1440188165492,"1,071,620",100% bearish,of 1 rating,$50
EML,$16.81,1440188165522,"6,029",Not yet rated,NULL,N/A
EBAY,$25.77,1440188165595,"11,767,567",81% bullish,of 117 ratings,$48
EVBS,$6.45,1440188165654,"6,522",Not yet rated,NULL,$7
EBIX,$28.5074,1440188165874,"439,889",69% bullish,of 13 ratings,$40
ECHO,$24.9454,1440188165929,"410,562",67% bearish,of 3 ratings,$35.50
ELON,$0.545,1440188165960,"64,729",50% bullish,of 2 ratings,N/A
SATS,$44.1172,1440188166062,"155,331",50% bullish,of 2 ratings,$60
ECTE,$1.63,1440188166088,"79,784",75% bullish,of 4 ratings,N/A
EEI,$11.09,1440188166115,"4,741",67% bearish,of 3 ratings,N/A
ESES,$3.45,1440188166257,"8,309",100% bearish,of 1 rating,$7
EDAP,$3.08,1440188166315,"136,353",60% bullish,of 5 ratings,$4.50
ECACU,$10.1,1440188166350,"1,738",Not yet rated,NULL,N/A
EFUT,NULL,1440188166452,0,Not yet rated,NULL,N/A
EDGW,$7.14,1440188166474,"35,959",100% bearish,of 1 rating,N/A
EGAN,$3.47,1440188166513,"10,092",50% bullish,of 2 ratings,$6.25
EDUC,$4.59,1440188166550,"7,183",100% bearish,of 1 rating,N/A
EGLT,$11.42,1440188166613,"23,570",50% bullish,of 2 ratings,$21
EHTH,$14.0867,1440188166714,"413,210",50% bullish,of 4 ratings,$16.50
LOCO,$12.2822,1440188166892,"1,079,587",69% bullish,of 13 ratings,$20
ERI,$9.6,1440188167024,"123,053",100% bearish,of 1 rating,$10
ESLT,$80.34,1440188167057,"5,249",100% bullish,of 2 ratings,N/A
EMITF,$1.29,1440188167191,"7,100",75% bullish,of 4 ratings,N/A
ELSE,$4.02,1440188167216,"1,000",60% bullish,of 5 ratings,N/A
ESIO,$4.58,1440188167386,"41,988",50% bullish,of 2 ratings,$10
EA,$65.71,1440188167419,"3,685,442",77% bullish,of 35 ratings,$80
EFII,$44.0166,1440188167490,"250,006",80% bullish,of 5 ratings,$55
ELRC,$10.65,1440188167520,"75,236",100% bearish,of 1 rating,N/A
ELECU,NULL,1440188167584,0,Not yet rated,NULL,N/A
ELEC,NULL,1440188167652,0,Not yet rated,NULL,N/A
ELECW,NULL,1440188167677,0,Not yet rated,NULL,N/A
EBIO,$3.39,1440188167713,"858,193",100% bearish,of 2 ratings,$8.35
RDEN,$10.38,1440188167899,"92,722",100% bearish,of 4 ratings,$15
CAPX,$22.63,1440188168057,"1,168",Not yet rated,NULL,N/A
ESBK,$19.8,1440188168088,879,Not yet rated,NULL,N/A
EMCI,$23,1440188168114,"15,490",Not yet rated,NULL,N/A
ELTK,$1.04,1440188168141,"50,704",67% bearish,of 3 ratings,N/A
EMCF,NULL,1440188168200,0,100% bearish,of 1 rating,N/A
LONG,$17.39,1440188168222,"18,568",67% bullish,of 3 ratings,$15.75
EMMSP,$3.25,1440188168311,400,100% bearish,of 1 rating,N/A
EMKR,$7.16,1440188168352,"128,619",75% bullish,of 4 ratings,$8.50
EMMS,$1.28,1440188168484,"12,299",67% bullish,of 6 ratings,N/A
NYNY,$4.06,1440188168546,"73,501",50% bullish,of 2 ratings,N/A
ERS,$2.86,1440188168618,"1,336",Not yet rated,NULL,N/A
ENTA,$39.8935,1440188168648,"171,337",50% bullish,of 2 ratings,$42
ECPG,$39.21,1440188168750,"121,376",100% bullish,of 2 ratings,$52
WIRE,$32.7879,1440188168887,"123,697",100% bearish,of 1 rating,$37
ENDP,$76.61,1440188168915,"2,095,240",50% bullish,of 6 ratings,$104
ECYT,$5.2,1440188168950,"251,047",83% bullish,of 6 ratings,$12
ELGX,$13.1004,1440188169049,"554,570",75% bullish,of 4 ratings,$17
EFOI,$15.8,1440188169081,"328,386",50% bullish,of 2 ratings,$20.50
WATT,$6.74,1440188169111,"108,831",50% bullish,of 2 ratings,$13
EIGI,$15.18,1440188169182,"784,513",67% bearish,of 3 ratings,$22.50
ERII,$2.89,1440188169282,"84,939",80% bullish,of 5 ratings,$2.50
EXXI,$1.44,1440188169312,"1,722,122",86% bullish,of 7 ratings,$3.50
ENOC,$8.0478,1440188169411,"209,957",75% bullish,of 4 ratings,$18
ENPH,$4.4363,1440188169482,"560,175",75% bullish,of 4 ratings,$11
ENG,$1.02,1440188169567,"5,407",100% bullish,of 3 ratings,N/A
ESGR,$151,1440188169621,"69,159",100% bearish,of 1 rating,$185
ENFC,$18.34,1440188169646,"2,236",Not yet rated,NULL,N/A
EBTC,$20.07,1440188169839,"7,797",Not yet rated,NULL,N/A
ENTL,$21.44,1440188169869,"15,627",Not yet rated,NULL,$28
ETRM,$0.2331,1440188169898,"441,727",69% bearish,of 35 ratings,$1.625
ENTG,$13.7685,1440188169945,"432,357",100% bearish,of 1 rating,$18
EFSC,$24.75,1440188170034,"68,986",Not yet rated,NULL,$27
EGT,$2.09,1440188170062,"1,500",100% bullish,of 1 rating,N/A
ENZN,$1.01,1440188170095,"759,755",100% bullish,of 9 ratings,N/A
ENVI,$1.85,1440188170191,"15,528",67% bullish,of 3 ratings,N/A
ENZY,$8.98,1440188170395,"9,946",67% bullish,of 3 ratings,$9.50
EPIQ,$13.87,1440188170467,"90,676",100% bearish,of 1 rating,$18
EPRS,$4.76,1440188170501,"74,298",82% bullish,of 11 ratings,$15
EPZM,$15.9713,1440188170532,"283,738",60% bullish,of 5 ratings,$34
PLUS,$77.803,1440188170598,"951,258",50% bullish,of 2 ratings,$88
EQFN,$8.3,1440188170628,200,Not yet rated,NULL,N/A
EQIX,$276.4622,1440188170659,"585,892",67% bullish,of 3 ratings,$312.50
EAC,$3.67,1440188170765,"15,388",100% bearish,of 1 rating,$8
ERIC,$9.9082,1440188170904,"2,358,861",63% bullish,of 8 ratings,$12.20
ESCR,$0.14,1440188170939,"63,314",50% bullish,of 2 ratings,N/A
ESCA,$18.35,1440188170970,"25,215",100% bearish,of 1 rating,$22
ERIE,$85.3915,1440188170997,"24,692",Not yet rated,NULL,$73
ESMC,$1.33,1440188171034,502,Not yet rated,NULL,N/A
ESCRP,$1.65,1440188171066,"5,017",100% bearish,of 1 rating,N/A
ESPR,$55.2111,1440188171164,"1,354,606",67% bearish,of 9 ratings,$123
EPIX,$6.1,1440188171387,"1,200",Not yet rated,NULL,N/A
ESND,$35.095,1440188171413,"124,192",100% bearish,of 2 ratings,$40
ESSX,$0.5249,1440188171455,"6,504",50% bullish,of 2 ratings,N/A
ESSA,$12.45,1440188171553,"16,679",100% bearish,of 1 rating,N/A
ETSY,$13.46,1440188171582,"788,889",80% bullish,of 5 ratings,$16
EEFT,$64.81,1440188171610,"234,296",100% bearish,of 1 rating,$67.50
CLWT,NULL,1440188171640,0,100% bearish,of 1 rating,N/A
ESEA,$6.15,1440188171666,"3,082",100% bullish,of 1 rating,$15
EVK,$3.74,1440188171876,982,75% bearish,of 4 ratings,N/A
EVEP,$7.26,1440188171906,"294,425",50% bullish,of 2 ratings,$15
EVLV,$2.14,1440188171928,"83,074",60% bullish,of 5 ratings,$6.50
EVOK,$4,1440188172059,"114,285",100% bearish,of 1 rating,$13.375
EXA,$10.73,1440188172087,"22,120",100% bearish,of 1 rating,$13
EXAS,$20.4382,1440188172230,"1,230,618",78% bullish,of 9 ratings,$31
EVOL,$5.85,1440188172363,"13,690",75% bullish,of 4 ratings,$10
EXAC,$18.17,1440188172493,"98,124",100% bearish,of 1 rating,$22.50
EXEL,$5.2023,1440188172521,"5,451,783",81% bullish,of 16 ratings,$6
EXFO,$2.9,1440188172543,"3,400",67% bearish,of 3 ratings,$3.95
EXPE,$114.51,1440188172580,"1,235,396",64% bullish,of 11 ratings,$130
EXLS,$36.8017,1440188172602,"176,736",100% bullish,of 1 rating,$41
EXPO,$42.8,1440188172678,"127,698",100% bearish,of 1 rating,$45.50
EXPD,$48.2,1440188172807,"1,798,637",80% bullish,of 5 ratings,$51.50
ESRX,$84.97,1440188172836,"5,112,969",67% bearish,of 6 ratings,$101
EXLP,$18.2,1440188172969,"94,731",100% bearish,of 1 rating,$27
EYEG,$4.17,1440188172990,"19,980",Not yet rated,NULL,N/A
EXTR,$2.85,1440188173023,"801,523",80% bullish,of 5 ratings,$3
EYEGW,$1.24,1440188173075,800,Not yet rated,NULL,N/A
EZCH,$21.4963,1440188173216,"127,057",75% bullish,of 8 ratings,$19.50
EZPW,$6.083,1440188173253,"349,537",50% bullish,of 4 ratings,$7.50
FCS,$13.14,1440188173398,"1,077,858",67% bearish,of 3 ratings,$17
FFIV,$122.51,1440188173426,"836,619",63% bullish,of 8 ratings,$132
FB,$86.18,1440188173452,"39,173,379",73% bullish,of 1065 ratings,$111
FWM,$2.25,1440188173481,"177,540",100% bearish,of 2 ratings,$3.20
FALC,$1.65,1440188173626,"10,845",63% bearish,of 8 ratings,N/A
FRP,$16.9,1440188173653,"49,814",100% bearish,of 1 rating,$18
DAVE,$14.36,1440188173675,"19,659",100% bearish,of 1 rating,$15.50
FARM,$22.62,1440188173812,"20,723",100% bearish,of 1 rating,$35
FMNB,$8.03,1440188173906,"3,462",Not yet rated,NULL,N/A
FFKT,$26.79,1440188173983,"20,120",Not yet rated,NULL,$29
FARO,$38.5154,1440188174128,"117,649",50% bullish,of 2 ratings,$48
FATE,$6.24,1440188174160,"82,980",50% bullish,of 2 ratings,$11
FAST,$39.2,1440188174191,"2,983,544",80% bullish,of 5 ratings,$46
FBSS,NULL,1440188174212,0,Not yet rated,NULL,N/A
FBRC,$22.24,1440188174243,"44,108",100% bearish,of 1 rating,$29
FDML,$8.96,1440188174269,"229,053",50% bullish,of 4 ratings,$14
FEIC,$78.4345,1440188174485,"342,507",50% bullish,of 2 ratings,$95.50
FNHC,$21.9415,1440188174514,"79,526",100% bearish,of 1 rating,$35
FENX,$9.7009,1440188174646,"58,552",100% bullish,of 1 rating,$14.25
ONEQ,$185.63,1440188174674,"41,902",100% bullish,of 1 rating,N/A
FHCO,$1.43,1440188174703,"18,402",50% bullish,of 4 ratings,N/A
FGEN,$22.96,1440188174725,"371,984",100% bearish,of 1 rating,$39
FCSC,$5.86,1440188174746,"211,154",100% bearish,of 1 rating,$8.125
FDUS,$14.42,1440188174978,"64,363",100% bullish,of 1 rating,$18
LION,$19.1607,1440188175032,"107,916",100% bullish,of 1 rating,$20
FRGI,$51.57,1440188175058,"147,555",50% bullish,of 2 ratings,$70
FSCFL,$24.7,1440188175248,"11,419",Not yet rated,NULL,N/A
FSFR,$8.92,1440188175279,"131,626",100% bearish,of 1 rating,$11.50
FSC,$6.42,1440188175307,"839,385",75% bullish,of 4 ratings,$8
FSAM,$8.56,1440188175334,"20,209",100% bearish,of 1 rating,$11
FITBI,$27.68,1440188175378,"5,800",Not yet rated,NULL,N/A
FITB,$19.805,1440188175466,"7,066,012",54% bullish,of 13 ratings,$22
FNGN,$33.4123,1440188175602,"481,022",67% bullish,of 3 ratings,$47
FISI,$24.75,1440188175657,"40,469",100% bullish,of 2 ratings,$24.50
FNSR,$15.33,1440188175764,"1,132,328",71% bullish,of 7 ratings,$24.50
FNTC,NULL,1440188175793,0,Not yet rated,NULL,N/A
FNTCU,NULL,1440188175820,0,Not yet rated,NULL,N/A
FNJN,$1.66,1440188175842,"15,161",100% bearish,of 1 rating,$5
FNTCW,NULL,1440188176067,0,Not yet rated,NULL,N/A
FEYE,$36.8,1440188176094,"7,324,004",87% bullish,of 15 ratings,$55.50
FBNC,$16.81,1440188176169,"59,128",100% bullish,of 1 rating,$20
FNLC,$18.46,1440188176274,"16,962",100% bullish,of 1 rating,N/A
BUSE,$6.37,1440188176318,"194,311",Not yet rated,NULL,$6.875
FRBA,$6.02,1440188176346,611,Not yet rated,NULL,$8
FBIZ,$44,1440188176374,"28,282",100% bearish,of 2 ratings,$52
FCVA,$4.75,1440188176414,"1,132",Not yet rated,NULL,N/A
FCAP,$26.55,1440188176639,226,Not yet rated,NULL,N/A
FCNCA,$241.45,1440188176661,"17,556",Not yet rated,NULL,N/A
FCFS,$37.9506,1440188176743,"154,732",100% bearish,of 2 ratings,$48
FCLF,$9.08,1440188176796,110,Not yet rated,NULL,N/A
FCBC,$17.88,1440188176822,"60,139",Not yet rated,NULL,$18
FCCO,$12.11,1440188176955,202,Not yet rated,NULL,$13.25
FCFP,$6.9,1440188176981,"2,500",Not yet rated,NULL,N/A
FBNK,$16.65,1440188177053,"59,460",100% bearish,of 1 rating,$17.50
FDEF,$38.3,1440188177214,"42,012",Not yet rated,NULL,$38
FFNM,$6.32,1440188177245,"3,040",Not yet rated,NULL,N/A
FFBCW,NULL,1440188177267,0,100% bearish,of 1 rating,N/A
FFBC,$18.7383,1440188177301,"173,885",67% bearish,of 3 ratings,$20.25
FFIN,$31.13,1440188177500,"283,435",50% bullish,of 2 ratings,$31.75
THFF,$33.27,1440188177532,"47,106",Not yet rated,NULL,$35
FFWM,$21.44,1440188177636,"10,014",Not yet rated,NULL,$24
INBK,$32.43,1440188177666,"13,595",50% bullish,of 2 ratings,$37
FFNW,$12.33,1440188177694,"20,887",Not yet rated,NULL,$14
FIBK,$26.83,1440188177716,"82,782",Not yet rated,NULL,$32
FRME,$25.306,1440188177973,"197,394",Not yet rated,NULL,$26.50
FMBH,NULL,1440188177999,0,Not yet rated,NULL,N/A
FNBC,$34.45,1440188178149,"115,292",Not yet rated,NULL,$41.50
FNWB,$12.08,1440188178185,"8,662",Not yet rated,NULL,N/A
FNFG,$9.2362,1440188178211,"1,650,636",80% bullish,of 5 ratings,$9
FMBI,$17.8418,1440188178282,"370,340",Not yet rated,NULL,$20
FSGI,$2.45,1440188178308,"4,889",Not yet rated,NULL,N/A
FSLR,$45.2746,1440188178356,"2,164,666",74% bullish,of 39 ratings,$65
FSFG,$30.1754,1440188178448,729,Not yet rated,NULL,N/A
FSBK,$7.93,1440188178632,"1,541",100% bullish,of 1 rating,N/A
BICK,$19.6,1440188178666,"1,801",100% bullish,of 1 rating,N/A
FTCS,$36.65,1440188178694,"33,745",Not yet rated,NULL,N/A
FBZ,NULL,1440188178719,0,Not yet rated,NULL,N/A
FCAN,$24.47,1440188178768,964,Not yet rated,NULL,N/A
FCA,$20,1440188178941,"2,607",Not yet rated,NULL,N/A
FV,$23.2,1440188178970,"4,139,653",Not yet rated,NULL,N/A
IFV,$17.6,1440188178996,"2,040,199",100% bearish,of 1 rating,N/A
FTSM,$59.9,1440188179174,"20,701",100% bearish,of 1 rating,N/A
FEMB,NULL,1440188179200,0,Not yet rated,NULL,N/A
TDIV,$24.46,1440188179226,"449,109",100% bearish,of 1 rating,N/A
FEUZ,$30.69,1440188179252,"5,731",Not yet rated,NULL,N/A
MDIV,$19.22,1440188179383,"565,706",Not yet rated,NULL,N/A
FTGC,$22.05,1440188179540,"122,767",Not yet rated,NULL,N/A
FGM,$35.03,1440188179618,"69,317",Not yet rated,NULL,N/A
FTHI,$19.4,1440188179644,"10,468",Not yet rated,NULL,N/A
HYLS,$49.22,1440188179674,"102,494",100% bearish,of 1 rating,N/A
FHK,$32.72,1440188179706,"128,700",Not yet rated,NULL,N/A
YDIV,$16.62,1440188179735,"2,670",Not yet rated,NULL,N/A
FPXI,$27.51,1440188179803,"1,318",Not yet rated,NULL,N/A
SKYY,$28.68,1440188179831,"76,557",100% bullish,of 1 rating,N/A
FTLB,$19.28,1440188180388,"2,451",100% bearish,of 1 rating,N/A
CU,$12.76,1440188180415,"13,066",100% bearish,of 1 rating,N/A
FJP,$46.13,1440188180436,"49,025",Not yet rated,NULL,N/A
LMBS,$50.49,1440188180465,962,Not yet rated,NULL,N/A
PLTM,$6.66,1440188180493,"3,862",100% bearish,of 1 rating,N/A
QABA,$38.13,1440188180623,"44,503",100% bearish,of 1 rating,N/A
FMB,$51.195,1440188180649,"1,778",Not yet rated,NULL,N/A
CIBR,$18.04,1440188180722,"162,032",Not yet rated,NULL,N/A
FONE,$34.05,1440188180885,"1,800",Not yet rated,NULL,N/A
QCLN,$14.54,1440188180957,"17,473",Not yet rated,NULL,N/A
GRID,$33.62,1440188180988,834,100% bearish,of 1 rating,N/A
CARZ,$34.42,1440188181011,"11,011",100% bearish,of 1 rating,N/A
RDVY,$21.64,1440188181032,"318,494",Not yet rated,NULL,N/A
QQEW,$41.97,1440188181181,"313,108",Not yet rated,NULL,N/A
QQXT,$40.09,1440188181353,"60,503",Not yet rated,NULL,N/A
AIRR,$16.37,1440188181398,"9,058",100% bearish,of 1 rating,N/A
QINC,$20.71,1440188181429,"1,700",Not yet rated,NULL,N/A
FTSL,$48.8,1440188181450,"33,452",100% bearish,of 1 rating,N/A
QTEC,$39.35,1440188181471,"147,804",Not yet rated,NULL,N/A
FKO,$22.32,1440188181508,"3,700",Not yet rated,NULL,N/A
TUSA,$25.08,1440188181814,"4,920",Not yet rated,NULL,N/A
FSZ,$38.85,1440188181841,"76,690",Not yet rated,NULL,N/A
FTW,$29.425,1440188181862,"1,534",Not yet rated,NULL,N/A
FUNC,$8.33,1440188181897,"3,636",Not yet rated,NULL,N/A
FDIV,$47.59,1440188181919,"6,143",100% bearish,of 1 rating,N/A
FKU,$41.6,1440188181941,"86,339",Not yet rated,NULL,N/A
SVVC,$10.15,1440188182085,"36,001",100% bullish,of 1 rating,$26
FMER,$17.6339,1440188182182,"1,790,578",50% bullish,of 2 ratings,$20
FIVE,$35.5105,1440188182287,"407,081",75% bearish,of 4 ratings,$44
FPRX,$18.3009,1440188182318,"302,333",50% bullish,of 2 ratings,$35
FSV,$31.87,1440188182347,"12,538",Not yet rated,NULL,$33.60
FISV,$84.8785,1440188182369,"1,500,113",100% bearish,of 3 ratings,$90
FIVN,$4.11,1440188182421,"184,252",100% bullish,of 1 rating,$8.50
FLML,$21.0111,1440188182588,"133,786",50% bullish,of 2 ratings,$30
FLKS,$13.13,1440188182650,"55,394",50% bullish,of 2 ratings,$27
MBSD,NULL,1440188182850,0,Not yet rated,NULL,N/A
FLXN,$24.39,1440188182938,"85,769",100% bearish,of 1 rating,$40
SKOR,$50.52,1440188182970,"1,000",Not yet rated,NULL,N/A
FLIR,$28.75,1440188183000,"716,125",100% bearish,of 1 rating,$38.50
FLEX,$10.5357,1440188183029,"2,454,107",63% bullish,of 8 ratings,$12
FLXS,$30.45,1440188183050,"36,358",100% bearish,of 2 ratings,N/A
FLDM,$12.4935,1440188183084,"685,664",67% bearish,of 3 ratings,$21.50
FFIC,$20.38,1440188183353,"67,863",Not yet rated,NULL,$21
FONR,$9.54,1440188183416,"18,526",100% bullish,of 1 rating,N/A
FOMX,$9.7035,1440188183442,"134,609",50% bullish,of 2 ratings,$23.50
FES,$0.92,1440188183469,"4,841",50% bullish,of 2 ratings,$1
FOGO,$18.84,1440188183495,"114,696",50% bullish,of 2 ratings,$25.50
FORTY,$32.4,1440188183630,"4,710",Not yet rated,NULL,N/A
FORM,$6,1440188183691,"264,765",67% bullish,of 3 ratings,$10.50
FORR,$32.2133,1440188183798,"51,838",Not yet rated,NULL,N/A
FBIO,$2.51,1440188183840,"188,268",83% bullish,of 6 ratings,N/A
FTNT,$43.3077,1440188183934,"1,926,782",80% bullish,of 10 ratings,$52
FWRD,$46.8047,1440188183964,"304,196",100% bearish,of 1 rating,$50
FWP,$25.67,1440188183993,"46,088",100% bearish,of 1 rating,$45
FORD,$1.04,1440188184066,"120,974",50% bullish,of 2 ratings,N/A
FOSL,$60.44,1440188184160,"1,009,625",50% bullish,of 4 ratings,$80
FMI,$21.3098,1440188184314,"390,888",100% bearish,of 2 ratings,$27.50
FXCB,$17.3,1440188184385,"16,946",Not yet rated,NULL,$19
FOXF,$15.25,1440188184456,"64,928",100% bearish,of 1 rating,$19
FRAN,$10.2372,1440188184487,"618,363",50% bullish,of 4 ratings,$15
FRED,$14.5123,1440188184555,"340,534",50% bullish,of 2 ratings,$16.50
FELE,$29.0437,1440188184587,"338,946",50% bullish,of 4 ratings,$33
FREE,$0.43,1440188184684,"823,292",92% bullish,of 12 ratings,N/A
FEIM,$11.17,1440188184713,"8,777",100% bearish,of 1 rating,N/A
RAIL,$20.7663,1440188184785,"125,422",100% bearish,of 1 rating,$24.50
FRPT,$13,1440188184891,"488,634",67% bearish,of 3 ratings,$23.50
FTR,$5.15,1440188184950,"19,435,465",78% bullish,of 27 ratings,$6.25
FTRPR,$102.05,1440188184980,"61,829",100% bearish,of 1 rating,N/A
FRPH,$30.33,1440188185019,"14,278",100% bearish,of 1 rating,N/A
FSBW,$23.34,1440188185165,"2,200",Not yet rated,NULL,N/A
FTD,$29.45,1440188185415,"148,310",100% bearish,of 1 rating,$40
FSYS,$6.38,1440188185504,"45,792",67% bullish,of 3 ratings,$10
FTEK,$2.16,1440188185592,"40,018",75% bullish,of 4 ratings,N/A
FULLL,$25.3,1440188185618,"2,099",Not yet rated,NULL,N/A
FULL,$3.14,1440188185641,"56,049",67% bearish,of 3 ratings,$4.25
FSNN,$2.61,1440188185670,"1,800",67% bullish,of 3 ratings,$6
FULT,$12.44,1440188185697,"1,352,503",100% bearish,of 1 rating,$13
FLL,$1.58,1440188185833,"14,473",75% bullish,of 4 ratings,$2.825
FCEL,$0.7366,1440188185862,"1,647,623",88% bullish,of 40 ratings,$2.65
FXEN,$0.82,1440188185901,"170,889",75% bullish,of 4 ratings,$1.10
FXENP,$15.9,1440188186001,"2,740",100% bearish,of 1 rating,N/A
FFHL,NULL,1440188186033,0,50% bullish,of 4 ratings,N/A
GAIA,$5.86,1440188186164,"23,978",50% bullish,of 2 ratings,$8.50
WILC,$5.06,1440188186195,"5,846",100% bullish,of 2 ratings,N/A
GK,$70.293,1440188186223,"82,884",Not yet rated,NULL,$78
GLPG,$61.54,1440188186507,"27,887",100% bullish,of 1 rating,$75
GALTW,NULL,1440188186604,0,100% bullish,of 1 rating,N/A
GLPI,$31.9355,1440188186636,"492,620",100% bearish,of 1 rating,$37.50
GALE,$1.34,1440188186667,"1,290,118",89% bullish,of 47 ratings,$4
GALTU,NULL,1440188186690,0,100% bearish,of 1 rating,N/A
GALT,$1.99,1440188186712,"104,198",80% bullish,of 5 ratings,N/A
GLMD,$8.52,1440188186761,"9,143",67% bullish,of 3 ratings,$20.50
GRMN,$38.26,1440188186851,"1,590,856",50% bullish,of 6 ratings,$48
GGAC,NULL,1440188186880,0,100% bearish,of 1 rating,N/A
GGACR,NULL,1440188187054,0,100% bullish,of 1 rating,N/A
GGACW,$0.12,1440188187082,330,Not yet rated,NULL,N/A
GPIC,$11.09,1440188187114,16,100% bearish,of 1 rating,N/A
GGACU,NULL,1440188187217,0,Not yet rated,NULL,N/A
GARS,$14.82,1440188187497,"25,735",Not yet rated,NULL,$16
GFNCP,NULL,1440188187545,0,Not yet rated,NULL,N/A
GENC,$9.48,1440188187582,"1,326",100% bearish,of 1 rating,N/A
GFN,$3.59,1440188187604,"35,382",100% bearish,of 2 ratings,$8
GNCMA,$16.7042,1440188187643,"179,113",100% bearish,of 1 rating,$12
GENE,$2.36,1440188187674,"148,645",100% bullish,of 12 ratings,N/A
GNMK,$9.4,1440188187707,"144,370",67% bullish,of 6 ratings,$14
GFNSL,$25.8,1440188187749,"1,200",Not yet rated,NULL,N/A
GNCA,$12.48,1440188187918,"167,885",100% bearish,of 1 rating,$20
GHDX,$25.2208,1440188188011,"137,895",50% bullish,of 2 ratings,$30
GNTX,$15.2216,1440188188084,"1,725,200",Not yet rated,NULL,$20
THRM,$44.1292,1440188188216,"307,677",75% bearish,of 4 ratings,$55.50
GNVC,$2.24,1440188188321,"34,482",90% bullish,of 10 ratings,$8.50
GEOS,$15.2494,1440188188357,"116,235",100% bearish,of 3 ratings,$25.50
GABC,$29.73,1440188188385,"46,510",Not yet rated,NULL,$31.50
GTWN,NULL,1440188188412,0,Not yet rated,NULL,N/A
GEVO,$2.29,1440188188454,"240,735",75% bullish,of 12 ratings,$5
GERN,$3.08,1440188188509,"2,152,470",88% bullish,of 16 ratings,$5.25
ROCK,$17.5788,1440188188557,"234,405",80% bullish,of 5 ratings,$24
GIGA,$1.42,1440188188657,"46,287",100% bearish,of 1 rating,N/A
GIII,$64.77,1440188188863,"268,817",67% bullish,of 3 ratings,$75
GIGM,$0.6,1440188188888,"112,719",100% bullish,of 2 ratings,N/A
GILD,$105.8015,1440188188920,"15,224,690",91% bullish,of 86 ratings,$129
GILT,$4.47,1440188188946,"2,023",50% bullish,of 2 ratings,N/A
GLAD,$8.51,1440188189295,"155,251",50% bullish,of 2 ratings,$8.75
GBCI,$26.4382,1440188189328,"327,094",50% bullish,of 2 ratings,$31
GLADO,$25.59,1440188189350,"3,000",Not yet rated,NULL,N/A
GAIN,$7.47,1440188189389,"246,309",100% bullish,of 2 ratings,$8.25
GOOD,$15.44,1440188189411,"97,400",Not yet rated,NULL,$19
GOODN,$25.64,1440188189444,426,Not yet rated,NULL,N/A
GOODP,$25.14,1440188189469,"1,250",Not yet rated,NULL,N/A
GOODO,$25.1,1440188189499,865,Not yet rated,NULL,N/A
GAINP,$25.85,1440188189789,"3,950",Not yet rated,NULL,N/A
GAINN,$25.2379,1440188189832,150,Not yet rated,NULL,N/A
LAND,$9.5,1440188189859,"16,739",50% bullish,of 2 ratings,$13.75
GAINO,$25.31,1440188189931,"1,726",Not yet rated,NULL,N/A
GBT,$45.6,1440188190166,"252,164",100% bearish,of 1 rating,N/A
GLBZ,NULL,1440188190208,0,Not yet rated,NULL,N/A
GSOL,$8.26,1440188190266,"15,789",100% bearish,of 1 rating,N/A
GDEF,$10.5401,1440188190296,100,Not yet rated,NULL,N/A
ENT,$11.73,1440188190326,"194,382",100% bearish,of 1 rating,$18
GBLI,$26.25,1440188190356,"15,809",Not yet rated,NULL,N/A
QQQC,$19.26,1440188190459,"4,950",100% bearish,of 1 rating,N/A
ACTX,$13.25,1440188190500,600,100% bullish,of 1 rating,N/A
ALTY,$14.587,1440188190633,700,Not yet rated,NULL,N/A
GPACU,$10.1,1440188190699,"2,954",Not yet rated,NULL,N/A
SOCL,$17.18,1440188190830,"100,120",100% bullish,of 2 ratings,N/A
SRET,$13.6,1440188190856,"4,194",Not yet rated,NULL,N/A
YLCO,$11.75,1440188191068,"1,235",Not yet rated,NULL,N/A
GAI,$5.27,1440188191095,"3,415",50% bullish,of 2 ratings,N/A
GBIM,$2.26,1440188191158,"43,964",50% bullish,of 2 ratings,N/A
GSM,$13.26,1440188191225,"377,492",50% bullish,of 2 ratings,$24.50
GLRI,$1.1,1440188191258,"80,101",100% bearish,of 1 rating,$6
GLUU,$4.37,1440188191360,"2,312,445",92% bullish,of 26 ratings,$9
GLBS,$1.06,1440188191390,"10,500",67% bullish,of 3 ratings,N/A
GLNG,$35.4577,1440188191419,"792,567",83% bullish,of 6 ratings,$58
GOGO,$15.48,1440188191551,"477,578",80% bullish,of 5 ratings,$25
GLYC,$7.26,1440188191581,"7,663",50% bullish,of 2 ratings,$14
GMLP,$19.13,1440188191803,"137,627",50% bullish,of 4 ratings,$32.50
GLDC,$4.13,1440188191830,"4,680",50% bullish,of 2 ratings,N/A
GDEN,$8.88,1440188191876,"11,421",50% bullish,of 2 ratings,N/A
GBDC,$16.5151,1440188191960,"145,009",Not yet rated,NULL,$17.75
GOGL,$2.92,1440188192025,"537,866",75% bullish,of 4 ratings,$5
GTIM,$6.47,1440188192093,"80,995",Not yet rated,NULL,$11.50
GOOG,$612.48,1440188192124,"2,215,075",89% bullish,of 66 ratings,$825
GPRO,$48.837,1440188192223,"5,800,596",78% bullish,of 58 ratings,$72
GOOGL,$644.03,1440188192253,"2,424,017",88% bullish,of 1079 ratings,$749
GPIA,NULL,1440188192356,0,Not yet rated,NULL,N/A
GPIAU,NULL,1440188192387,0,Not yet rated,NULL,N/A
GPIAW,NULL,1440188192418,0,Not yet rated,NULL,N/A
GMAN,$4.4,1440188192566,"71,999",60% bullish,of 5 ratings,$8
LOPE,$37.2,1440188192596,"398,907",100% bearish,of 2 ratings,$50
GRVY,$3.43,1440188192698,"1,202",50% bullish,of 2 ratings,N/A
GBSN,$1.41,1440188192727,"747,456",100% bearish,of 1 rating,$8.25
GBSNU,$16,1440188192906,"22,548",Not yet rated,NULL,N/A
GSBC,$40.6,1440188192981,"35,772",100% bullish,of 1 rating,$44
GLDD,$5.3803,1440188193048,"286,128",100% bearish,of 4 ratings,$7.75
GNBC,$12.08,1440188193074,"33,303",100% bearish,of 1 rating,$17
GPP,$14.93,1440188193133,"24,630",Not yet rated,NULL,$20.50
GRBK,$13.307,1440188193160,"152,745",77% bullish,of 13 ratings,N/A
GPRE,$18.83,1440188193291,"827,429",67% bullish,of 6 ratings,$28.50
GCBC,NULL,1440188193319,0,100% bullish,of 1 rating,N/A
GRIF,$30.945,1440188193561,209,100% bearish,of 1 rating,N/A
GLRE,$24.86,1440188193594,"247,748",50% bullish,of 2 ratings,$41
GRPN,$4.1,1440188193616,"7,064,737",61% bullish,of 71 ratings,$6.75
GRFS,$30.34,1440188193647,"179,643",50% bullish,of 2 ratings,$35
GGAL,$18.3,1440188193669,"411,309",80% bullish,of 5 ratings,$40
OMAB,$39.57,1440188193702,"24,030",100% bullish,of 1 rating,$44
GSIG,$13.11,1440188193834,"69,945",100% bearish,of 2 ratings,N/A
GTXI,$0.83,1440188194016,"68,416",100% bullish,of 5 ratings,$.75
GSIT,$4.97,1440188194120,"9,824",100% bearish,of 1 rating,N/A
GSVC,$8.85,1440188194148,"118,274",50% bullish,of 2 ratings,$14.50
GBNK,$15.76,1440188194175,"51,443",100% bearish,of 1 rating,$18
GUID,$7.29,1440188194200,"186,403",100% bearish,of 3 ratings,$10
GFED,$14.94,1440188194443,10,Not yet rated,NULL,$17
GULTU,$0.2905,1440188194469,"102,116",100% bearish,of 1 rating,N/A
GURE,$1.62,1440188194682,"151,052",88% bullish,of 8 ratings,N/A
GIFI,$11.97,1440188194728,"46,865",100% bearish,of 1 rating,$16
GWPH,$104.1513,1440188194761,"200,092",78% bullish,of 9 ratings,$148.50
GWGH,$7.35,1440188194783,"1,284",100% bearish,of 1 rating,$15.05
GPOR,$33.82,1440188194805,"929,159",75% bullish,of 4 ratings,$55
GYRO,$2.85,1440188194868,"76,416",100% bearish,of 1 rating,N/A
HEES,$16.4139,1440188194950,"304,623",67% bearish,of 3 ratings,$31
HLG,$9.64,1440188195174,"5,100",100% bearish,of 1 rating,N/A
HALL,$11.67,1440188195206,"36,068",Not yet rated,NULL,N/A
HNRG,$7.25,1440188195239,"123,582",100% bearish,of 1 rating,$10
HALO,$17.3456,1440188195308,"1,198,917",67% bullish,of 3 ratings,$22.50
HBK,$13.8,1440188195335,8,50% bullish,of 2 ratings,N/A
HBHCL,$24.49,1440188195509,"18,426",Not yet rated,NULL,N/A
HMPR,$1.89,1440188195538,"117,276",100% bullish,of 1 rating,N/A
HNH,$27.82,1440188195566,"21,390",100% bullish,of 1 rating,N/A
HBHC,$26.87,1440188195597,"448,076",50% bullish,of 2 ratings,$30
HAFC,$24.565,1440188195619,"115,412",100% bullish,of 2 ratings,$28.50
HQCL,$8.63,1440188195868,"24,293",67% bullish,of 3 ratings,N/A
HNSN,$0.501,1440188195894,"78,898",88% bullish,of 8 ratings,$.40
HLIT,$5.58,1440188195926,"327,195",100% bearish,of 1 rating,$6.50
HDNG,$9.98,1440188196028,"11,225",50% bullish,of 4 ratings,N/A
HRMN,NULL,1440188196137,0,Not yet rated,NULL,N/A
HRMNU,NULL,1440188196186,0,Not yet rated,NULL,N/A
HRMNW,NULL,1440188196241,0,Not yet rated,NULL,N/A
HBIO,$4.39,1440188196381,"79,964",Not yet rated,NULL,$10
HART,$0.775,1440188196412,"213,330",100% bearish,of 1 rating,N/A
TINY,$2.45,1440188196434,"20,315",50% bullish,of 2 ratings,$5.26
HCAP,$12.17,1440188196472,"24,008",50% bullish,of 2 ratings,$15
HCAPL,$25.4,1440188196566,"1,773",Not yet rated,NULL,N/A
HAS,$75.18,1440188196731,"1,047,875",63% bullish,of 8 ratings,$84.50
HA,$23.41,1440188196805,"929,695",67% bullish,of 9 ratings,$27
HCOM,$22.51,1440188196830,"36,872",100% bearish,of 1 rating,$28
HWKN,$36.84,1440188196877,"28,685",Not yet rated,NULL,N/A
HAYN,$37.88,1440188197010,"48,306",100% bearish,of 1 rating,$59
HWBK,$13.8,1440188197139,674,100% bearish,of 1 rating,N/A
HDS,$33.08,1440188197233,"1,295,365",100% bearish,of 2 ratings,$39.50
HIIQ,$4.48,1440188197262,"28,731",50% bullish,of 2 ratings,$7
HQY,$29.27,1440188197284,"392,951",67% bullish,of 3 ratings,$31
HCSG,$33.55,1440188197320,"305,939",50% bullish,of 4 ratings,$35
HSTM,$24.87,1440188197418,"218,971",50% bullish,of 2 ratings,$33.75
HWAY,$12.48,1440188197461,"384,725",100% bearish,of 1 rating,$15
HTLD,$20.165,1440188197553,"489,924",Not yet rated,NULL,$22.50
HTLF,$36.24,1440188197597,"47,609",100% bullish,of 1 rating,$39.50
HTBX,$5.31,1440188197790,"21,712",50% bullish,of 2 ratings,$15.50
HTWR,$83.28,1440188197817,"238,417",50% bullish,of 2 ratings,$103
HSII,$20.17,1440188197865,"58,573",100% bullish,of 3 ratings,$25
HELE,$87.93,1440188197972,"150,231",67% bearish,of 3 ratings,$100
HNNA,$24.57,1440188198054,"15,081",Not yet rated,NULL,N/A
HMNY,$2.2261,1440188198080,"2,878",100% bearish,of 1 rating,N/A
HMTV,$12.84,1440188198130,"12,420",100% bearish,of 1 rating,$16
HSIC,$138.1,1440188198281,"507,585",83% bullish,of 6 ratings,$146
HCACU,$10.0043,1440188198306,"2,000",Not yet rated,NULL,N/A
HERO,$0.06,1440188198337,"5,839,839",81% bullish,of 16 ratings,$.75
HTBK,$11.1,1440188198572,"92,972",Not yet rated,NULL,$12
HFWA,$17.74,1440188198611,"61,449",100% bullish,of 1 rating,$20
HEOP,$7.68,1440188198703,"26,084",Not yet rated,NULL,$8.50
HCCI,$11.65,1440188198750,"26,740",100% bearish,of 1 rating,$16.50
HRTX,$35.05,1440188198846,"837,878",67% bullish,of 6 ratings,$41
MLHR,$28.2,1440188198873,"235,731",50% bullish,of 2 ratings,$33.50
HFFC,$16.27,1440188199008,946,Not yet rated,NULL,N/A
HSKA,$33.2,1440188199114,"28,318",100% bearish,of 1 rating,$38
HPJ,$2.25,1440188199186,"130,395",75% bullish,of 4 ratings,$12.43
HIHO,$4,1440188199216,"9,057",Not yet rated,NULL,N/A
HIMX,$6.29,1440188199243,"1,170,901",86% bullish,of 21 ratings,$8.50
HIBB,$37.37,1440188199270,"1,127,767",100% bearish,of 1 rating,$48.50
HIFS,$118.1,1440188199409,"8,678",Not yet rated,NULL,N/A
HSGX,$5.92,1440188199477,"24,278",100% bearish,of 1 rating,$17
HMSY,$8.84,1440188199626,"1,310,580",67% bullish,of 3 ratings,$19.35
HMNF,$11.42,1440188199661,"2,480",Not yet rated,NULL,N/A
HOLI,$16.9527,1440188199770,"228,631",50% bullish,of 4 ratings,$27
HOLX,$39.74,1440188199796,"2,122,572",67% bullish,of 3 ratings,$42
HOMB,$39.23,1440188200046,"317,396",Not yet rated,NULL,$41
AWAY,$29.3662,1440188200073,"943,583",67% bullish,of 3 ratings,$36
HFBL,$21.69,1440188200120,"1,800",Not yet rated,NULL,N/A
HMIN,$29.096,1440188200217,"61,111",100% bearish,of 2 ratings,$35
HBCP,$24.4,1440188200246,"41,618",Not yet rated,NULL,$29
HKTV,$4.68,1440188200278,"7,455",100% bearish,of 1 rating,N/A
HMST,$21.4698,1440188200300,"118,064",100% bullish,of 2 ratings,$27
HTBI,$18.34,1440188200332,"70,105",67% bullish,of 3 ratings,$18.625
CETC,$0.77,1440188200518,"45,584",86% bullish,of 7 ratings,N/A
HFBC,$11.61,1440188200624,"2,835",Not yet rated,NULL,N/A
HOFT,$24.43,1440188200687,"62,448",100% bearish,of 1 rating,N/A
HBNC,$24.075,1440188200757,"37,937",100% bullish,of 1 rating,$27
HZNP,$29.031,1440188200783,"2,446,815",85% bullish,of 20 ratings,$40
HRZN,$10.59,1440188200921,"54,947",100% bearish,of 1 rating,$14.25
HDP,$25.2815,1440188201100,"232,178",67% bearish,of 3 ratings,$30.50
HMHC,$22.3462,1440188201165,"917,326",Not yet rated,NULL,$27
HOVNP,NULL,1440188201195,0,100% bearish,of 1 rating,N/A
ZINC,$7.12,1440188201274,"615,934",100% bearish,of 1 rating,$17
HWCC,$7.22,1440188201326,"136,206",100% bearish,of 1 rating,$9
HSNI,$60.93,1440188201357,"237,738",Not yet rated,NULL,$80
HBMD,$14.95,1440188201386,502,100% bearish,of 1 rating,N/A
HTGM,$5.59,1440188201463,"9,721",100% bearish,of 1 rating,$19.50
HCBK,$9.58,1440188201666,"2,405,237",83% bullish,of 6 ratings,$8.61
HUBG,$39.18,1440188201811,"203,561",100% bearish,of 1 rating,$43
HSON,$2.8,1440188201841,"20,391",100% bearish,of 1 rating,$5
HBAN,$11,1440188201868,"6,948,238",76% bullish,of 17 ratings,$12.29
HDSN,$2.81,1440188201941,"30,286",100% bullish,of 1 rating,$6.25
HBANP,$1337,1440188202042,12,100% bearish,of 1 rating,N/A
HURC,$29.88,1440188202076,"26,667",100% bearish,of 1 rating,N/A
HURN,$73.2998,1440188202098,"108,083",50% bullish,of 2 ratings,$80
HTCH,$1.58,1440188202180,"60,402",100% bearish,of 1 rating,$3.50
HDRA,NULL,1440188202287,0,Not yet rated,NULL,N/A
HBP,$3.09,1440188202320,"1,457",100% bullish,of 1 rating,N/A
HDRAR,NULL,1440188202351,0,Not yet rated,NULL,N/A
HDRAU,$10.06,1440188202461,100,Not yet rated,NULL,N/A
HDRAW,NULL,1440188202490,0,Not yet rated,NULL,N/A
HYGS,$7.48,1440188202512,"42,666",50% bullish,of 2 ratings,$13
IDSY,$3.85,1440188202760,"6,888",100% bearish,of 1 rating,$7
IACI,$70.66,1440188202792,"767,470",75% bullish,of 4 ratings,$90
IKGH,$1.81,1440188202892,"12,492",75% bullish,of 4 ratings,N/A
IBKC,$60.35,1440188202925,"189,479",100% bullish,of 1 rating,$70
ICAD,$3.54,1440188202969,"22,041",50% bullish,of 2 ratings,$7.25
IEP,$67.3,1440188203028,"123,367",75% bullish,of 4 ratings,$99
ICFI,$35.71,1440188203059,"103,226",50% bullish,of 2 ratings,$48.50
ICON,$12.25,1440188203165,"746,776",50% bullish,of 2 ratings,$18.50
ICLR,$77.7434,1440188203191,"297,930",100% bearish,of 3 ratings,$85
ICUI,$115.51,1440188203376,"146,774",Not yet rated,NULL,$122
IDRA,$2.54,1440188203402,"1,111,738",89% bullish,of 9 ratings,$6.50
IPWR,$7.36,1440188203586,"3,392",100% bullish,of 1 rating,$15
INVE,$4.66,1440188203680,"109,550",75% bullish,of 4 ratings,$4
IROQ,$16.68,1440188203709,502,100% bullish,of 1 rating,N/A
IDXX,$74.2,1440188203735,"438,667",100% bearish,of 1 rating,$77
DSKY,$12.1367,1440188203771,"291,194",67% bullish,of 6 ratings,$11.50
RXDX,$12.57,1440188203844,"106,476",100% bullish,of 1 rating,$20
IRG,$4.73,1440188203871,"29,774",100% bearish,of 1 rating,$4.50
IIVI,$17.63,1440188204131,"234,709",100% bearish,of 1 rating,$22
IKAN,$2.73,1440188204224,"14,561",83% bullish,of 6 ratings,$5
KANG,$15,1440188204250,"344,010",50% bullish,of 2 ratings,$22.55
ILMN,$199.95,1440188204467,"1,006,927",80% bullish,of 5 ratings,$240
ISNS,$3.82,1440188204493,"67,780",50% bullish,of 2 ratings,N/A
IMMR,$11.3557,1440188204516,"214,334",80% bullish,of 5 ratings,$15.50
IKNX,$11.46,1440188204549,722,100% bearish,of 1 rating,N/A
IMGN,$13.1421,1440188204732,"1,103,402",75% bullish,of 4 ratings,$17.50
IMDZ,$15.4736,1440188204762,"54,544",100% bearish,of 1 rating,$33
ICCC,$8.05,1440188204789,"7,929",100% bullish,of 1 rating,N/A
IMNP,$1.38,1440188204815,"103,462",50% bullish,of 2 ratings,$6
IMMU,$1.87,1440188204844,"970,908",86% bullish,of 7 ratings,$2
IPXL,$43.42,1440188204978,"690,159",67% bullish,of 3 ratings,$46.50
IMMY,$7.49,1440188205122,"6,448",100% bearish,of 1 rating,$11
INCR,$42.4576,1440188205157,"1,096,882",50% bullish,of 2 ratings,$53
SAAS,$7.5868,1440188205186,"484,897",50% bullish,of 2 ratings,$15
INCY,$104.31,1440188205218,"702,246",50% bullish,of 6 ratings,$125.50
IBCP,$14.21,1440188205316,"65,778",100% bullish,of 1 rating,$14.50
INDB,$46.44,1440188205345,"90,257",Not yet rated,NULL,$44
IBTX,$42.68,1440188205553,"38,826",100% bullish,of 2 ratings,$47.25
INFN,$21.11,1440188205627,"2,776,277",71% bullish,of 7 ratings,$28
INFI,$9.44,1440188205658,"817,655",50% bullish,of 4 ratings,$18
IDSA,$3.64,1440188205693,274,Not yet rated,NULL,N/A
IFON,$1.23,1440188205796,"45,196",75% bullish,of 4 ratings,N/A
III,$4.14,1440188205825,"158,901",57% bullish,of 7 ratings,$6
IPCC,$79.97,1440188205855,"43,219",Not yet rated,NULL,$77.50
IMKTA,$53.4212,1440188205956,"113,122",100% bearish,of 1 rating,N/A
INNL,NULL,1440188206056,0,100% bearish,of 1 rating,$16.50
INWK,$7.33,1440188206190,"162,780",50% bullish,of 2 ratings,$10
IOSP,$48.98,1440188206251,"4,354,403",100% bearish,of 1 rating,N/A
INOD,$2.48,1440188206282,"19,784",100% bearish,of 1 rating,N/A
IPHS,$47.91,1440188206334,"89,457",100% bearish,of 1 rating,$60
ISSC,$2.92,1440188206383,"6,140",67% bearish,of 3 ratings,N/A
INGN,$49.98,1440188206477,"167,506",100% bearish,of 1 rating,$50.50
ITEK,$13.7368,1440188206538,"779,960",100% bearish,of 3 ratings,$20
NSIT,$25.94,1440188206681,"160,055",50% bullish,of 2 ratings,N/A
INO,$6.9925,1440188206711,"984,255",89% bullish,of 18 ratings,$20
INOV,$20.95,1440188206775,"349,401",100% bearish,of 1 rating,$33
INSM,$24.29,1440188206800,"372,825",71% bullish,of 7 ratings,$31.50
ISIG,$2.5899,1440188206986,"12,103",100% bearish,of 1 rating,N/A
IIIN,$18,1440188207027,"114,431",100% bearish,of 2 ratings,N/A
PODD,$28.7975,1440188207091,"374,658",50% bullish,of 2 ratings,$35
NTEC,$5.94,1440188207163,"22,000",Not yet rated,NULL,N/A
INSY,$32.3489,1440188207191,"742,314",75% bullish,of 4 ratings,$48
IDTI,$17.29,1440188207246,"2,451,465",60% bullish,of 5 ratings,$25
IART,$60.71,1440188207272,"232,188",100% bearish,of 1 rating,$71.50
IESC,$7.27,1440188207330,"1,500",100% bearish,of 1 rating,N/A
ISSI,$22.2813,1440188207537,"295,279",67% bullish,of 3 ratings,$19.75
INTC,$26.56,1440188207667,"35,982,871",82% bullish,of 238 ratings,$36
IQNT,$19.1937,1440188207693,"254,934",86% bullish,of 7 ratings,$20
IPCI,$2.12,1440188207751,"35,773",67% bullish,of 6 ratings,$7.75
IPAR,$27.27,1440188207838,"58,750",67% bullish,of 3 ratings,$38
ININ,$37,1440188207968,"114,301",67% bearish,of 3 ratings,$57
ICLDW,$0.9601,1440188207995,"1,250",100% bearish,of 1 rating,N/A
IBKR,$38.84,1440188208017,"574,822",100% bullish,of 1 rating,N/A
IDCC,$47.38,1440188208168,"292,126",80% bullish,of 5 ratings,$63
ICPT,$190.7,1440188208199,"264,821",70% bullish,of 10 ratings,$359.50
ICLD,$1.87,1440188208227,"413,066",75% bullish,of 4 ratings,N/A
TILE,$24.33,1440188208271,"572,239",67% bearish,of 3 ratings,$27
IMI,$2.13,1440188208365,"9,131",67% bullish,of 3 ratings,$2.22
IBOC,$26.03,1440188208400,"197,538",100% bearish,of 1 rating,N/A
INAP,$8.27,1440188208431,"154,828",75% bullish,of 4 ratings,$11
ISCA,$31.76,1440188208506,"74,235",100% bearish,of 1 rating,N/A
IGLD,$7.15,1440188208721,"2,377",50% bullish,of 2 ratings,N/A
PTNT,$3.05,1440188208867,"4,282",Not yet rated,NULL,N/A
XENT,$27.5083,1440188208899,"195,360",50% bullish,of 2 ratings,$36.50
INPH,$0.3099,1440188208928,"9,140",50% bullish,of 2 ratings,N/A
IIJI,$8.9299,1440188208974,"1,000",50% bullish,of 2 ratings,$11.50
ISIL,$10.2,1440188209002,"905,143",50% bullish,of 6 ratings,$15
IILG,$20.03,1440188209155,"263,838",100% bearish,of 1 rating,$30.50
INTX,$2.44,1440188209188,"40,947",67% bullish,of 3 ratings,N/A
IVAC,$4.89,1440188209287,"16,408",Not yet rated,NULL,$6.625
INTL,$26.2697,1440188209361,"106,457",67% bearish,of 3 ratings,N/A
INTLL,$25.77,1440188209387,"1,100",Not yet rated,NULL,N/A
IIN,$6.38,1440188209526,"6,399",100% bearish,of 1 rating,$12
ITCI,$28.8541,1440188209559,"399,213",75% bearish,of 4 ratings,$40
ISRG,$506.84,1440188209586,"236,023",67% bullish,of 3 ratings,$600
INTU,$89.28,1440188209658,"5,222,035",100% bullish,of 7 ratings,$110.50
INVT,$0.2713,1440188209863,"28,221",67% bullish,of 3 ratings,N/A
SNAK,$8.47,1440188210000,"285,178",50% bullish,of 2 ratings,$14
ISBC,$11.87,1440188210032,"2,142,297",100% bullish,of 1 rating,$13.25
NVIV,$9.84,1440188210060,"457,161",50% bullish,of 4 ratings,$24.50
ISTR,$15.85,1440188210091,"2,506",100% bearish,of 1 rating,$18.50
ITIC,$71.35,1440188210121,32,100% bearish,of 2 ratings,N/A
IPAS,$1.01,1440188210143,"153,876",67% bullish,of 3 ratings,N/A
IVTY,$12.69,1440188210176,"13,088",Not yet rated,NULL,$18
DTUL,NULL,1440188210331,0,Not yet rated,NULL,N/A
DFVL,NULL,1440188210502,0,Not yet rated,NULL,N/A
IPCM,$79.5,1440188210557,"584,678",50% bullish,of 2 ratings,$80.125
IPGP,$84.18,1440188210580,"195,709",100% bearish,of 2 ratings,$109.50
IRMD,$25.1,1440188210663,"13,378",67% bearish,of 3 ratings,$25
IRIX,$7.16,1440188210738,"14,066",100% bearish,of 1 rating,N/A
IRDM,$6.69,1440188210803,"595,996",60% bullish,of 5 ratings,$11.50
IRDMB,$266.65,1440188210878,"1,378",67% bearish,of 3 ratings,N/A
IRBT,$30.02,1440188210907,"213,322",67% bullish,of 6 ratings,$37
IRWD,$10.9599,1440188210946,"1,050,512",100% bearish,of 1 rating,$13
IRCP,$32,1440188211080,651,100% bullish,of 2 ratings,N/A
COMT,$32.24,1440188211144,"20,256",100% bearish,of 1 rating,N/A
GNMA,$50.25,1440188211243,"2,022",Not yet rated,NULL,N/A
FCHI,$47.8,1440188211270,"4,334",Not yet rated,NULL,N/A
IFAS,$28.76,1440188211296,"9,892",Not yet rated,NULL,N/A
IFEU,$39.05,1440188211495,"52,081",Not yet rated,NULL,N/A
IFGL,$28.84,1440188211646,"124,298",Not yet rated,NULL,N/A
IFNA,$56.26,1440188211682,2,Not yet rated,NULL,N/A
ACWX,$40.28,1440188211745,"332,696",100% bearish,of 1 rating,N/A
ACWI,$55.59,1440188211776,"1,415,661",Not yet rated,NULL,N/A
AAXJ,$52.27,1440188211809,"1,955,125",Not yet rated,NULL,N/A
AXJS,NULL,1440188211830,0,Not yet rated,NULL,N/A
EEMA,$48.76,1440188211912,"380,775",Not yet rated,NULL,N/A
AAIT,$30.53,1440188212017,"1,424",100% bullish,of 1 rating,N/A
EMDI,$46.16,1440188212148,300,Not yet rated,NULL,N/A
EEME,$38.47,1440188212190,"1,248",100% bearish,of 1 rating,N/A
EGRW,$47,1440188212216,"2,678",Not yet rated,NULL,N/A
EMEY,$24.77,1440188212245,200,Not yet rated,NULL,N/A
EEML,$27.35,1440188212417,700,Not yet rated,NULL,N/A
EVAL,$36.84,1440188212453,"4,617",Not yet rated,NULL,N/A
EUFN,$21.91,1440188212549,"189,715",100% bearish,of 1 rating,N/A
IEUS,$45.52,1440188212579,"8,328",100% bearish,of 1 rating,N/A
QAT,$20.45,1440188212611,"23,345",Not yet rated,NULL,N/A
IBB,$341.41,1440188212707,"2,408,030",63% bullish,of 8 ratings,N/A
UAE,$17.61,1440188212736,"11,472",Not yet rated,NULL,N/A
EMIF,$28.27,1440188212869,"15,998",Not yet rated,NULL,N/A
SOXX,$78.63,1440188212900,"710,879",50% bullish,of 2 ratings,N/A
ICLN,$9.42,1440188213002,"40,619",50% bullish,of 2 ratings,N/A
INDY,$27.85,1440188213077,"903,318",50% bullish,of 2 ratings,N/A
WOOD,$49.3,1440188213103,"53,527",50% bullish,of 2 ratings,N/A
ISHG,$80.2,1440188213131,"83,600",100% bearish,of 1 rating,N/A
ISIS,$46.66,1440188213263,"1,318,696",53% bullish,of 15 ratings,$67
ISLE,$16.7554,1440188213367,"294,486",50% bullish,of 4 ratings,$16
IGOV,$92.1372,1440188213408,"25,494",100% bearish,of 1 rating,N/A
ISRL,$128.55,1440188213501,965,100% bearish,of 1 rating,N/A
ITUS,$4.16,1440188213558,"6,967",Not yet rated,NULL,N/A
ITRN,$24.7,1440188213642,"30,305",50% bullish,of 2 ratings,N/A
ITRI,$31.94,1440188213673,"251,812",Not yet rated,NULL,$37
XXIA,$15.37,1440188213700,"311,394",71% bullish,of 7 ratings,$14.625
IXYS,$10.6333,1440188213722,"246,182",50% bullish,of 4 ratings,N/A
MAYS,NULL,1440188213968,0,Not yet rated,NULL,N/A
JJSF,$113.14,1440188214000,"99,691",100% bearish,of 1 rating,N/A
JBHT,$76.18,1440188214097,"900,162",50% bullish,of 4 ratings,$89.50
JASO,$7.16,1440188214130,"1,435,675",82% bullish,of 17 ratings,$10
JKHY,$68.27,1440188214189,"283,867",50% bullish,of 2 ratings,$72
JXSB,$24.05,1440188214219,742,Not yet rated,NULL,N/A
JACK,$81.41,1440188214246,"544,730",83% bullish,of 6 ratings,$105
JCOM,$69.56,1440188214438,"216,031",100% bullish,of 2 ratings,$77
JAXB,$12.76,1440188214600,"1,300",100% bullish,of 1 rating,N/A
JAKK,$9.07,1440188214635,"490,501",60% bearish,of 5 ratings,$11
JMBA,$13.2255,1440188214662,"106,911",75% bullish,of 4 ratings,$18
JAGX,$2.69,1440188214693,"17,408",Not yet rated,NULL,N/A
ERW,NULL,1440188214726,0,Not yet rated,NULL,N/A
JRVR,$26.32,1440188214792,"50,541",Not yet rated,NULL,$32
JASN,$4.81,1440188214872,"34,092",50% bullish,of 2 ratings,$9.50
JASNW,$0.18,1440188215026,"12,833",50% bullish,of 2 ratings,N/A
JBLU,$21.67,1440188215178,"7,438,999",94% bullish,of 16 ratings,$27
JD,$25.05,1440188215211,"9,362,537",75% bullish,of 16 ratings,$36
JCTCF,NULL,1440188215310,0,100% bullish,of 1 rating,N/A
JAZZ,$170.32,1440188215338,"486,073",80% bullish,of 15 ratings,$206.50
JST,$4,1440188215366,"43,984",75% bullish,of 4 ratings,N/A
JTPY,$3.02,1440188215388,"5,165",100% bearish,of 1 rating,N/A
