Symbol,Price,Date,Volume,Rating,RatingVoteCount,OneYearEstimate
TFSCU,NULL,1439932502043,0,Not yet rated,NULL,N/A
FCCY,$11.59,1439932502073,"3,256",100% bullish,of 1 rating,$13
FLWS,$9.74,1439932502126,"141,603",100% bullish,of 5 ratings,$15
TFSCR,NULL,1439932502154,0,Not yet rated,NULL,N/A
TFSCW,$0.22,1439932502175,4,100% bearish,of 1 rating,N/A
FCTY,$7.5,1439932502212,900,100% bullish,of 1 rating,$8.50
PIH,$7.39,1439932502234,"8,473",100% bearish,of 1 rating,N/A
TFSC,NULL,1439932502306,0,100% bearish,of 1 rating,N/A
UGLD,$8.88,1439932502442,"132,721",100% bearish,of 1 rating,N/A
DSLV,$67.29,1439932502544,"38,482",100% bearish,of 1 rating,N/A
VNET,$21.05,1439932502577,"214,370",60% bullish,of 5 ratings,$29.50
TWOU,$34.96,1439932502604,"365,438",50% bullish,of 2 ratings,$39
DGLD,$85.9,1439932502636,"3,632",100% bullish,of 1 rating,N/A
USLV,$13.4,1439932502658,"438,656",86% bullish,of 7 ratings,N/A
JOBS,$28.03,1439932502691,"68,539",50% bullish,of 4 ratings,$36
SRCE,$31.05,1439932502739,"19,091",100% bullish,of 3 ratings,$33
EGHT,$8.55,1439932503128,"220,865",82% bullish,of 17 ratings,$11
SIXD,$2.54,1439932503173,"64,564",Not yet rated,NULL,N/A
CAFD,$15.31,1439932503199,"145,644",Not yet rated,NULL,$25
ABAX,$47.93,1439932503238,"86,051",100% bearish,of 1 rating,$60
AVHI,$14.38,1439932503354,"28,601",100% bearish,of 1 rating,$19
AAON,$23.04,1439932503380,"83,142",100% bearish,of 1 rating,$24
SHLM,$35.87,1439932503402,"119,982",100% bearish,of 1 rating,$50
ABGB,$4.66,1439932503543,"70,434",67% bullish,of 3 ratings,$5.50
ABEO,$5.24,1439932503589,"101,807",67% bullish,of 3 ratings,$15.50
ABEOW,$2.08,1439932503623,"5,825",100% bullish,of 1 rating,N/A
ABY,$21.47,1439932503644,"309,678",100% bearish,of 2 ratings,$46
ABMD,$104.93,1439932503666,"340,740",75% bullish,of 4 ratings,$86
ACHC,$81.6598,1439932503718,"228,469",50% bullish,of 2 ratings,$92
ACTG,$8.7,1439932503805,"202,596",67% bullish,of 3 ratings,$18.50
AXAS,$1.74,1439932503835,"575,647",78% bullish,of 9 ratings,$3.50
ACAD,$38.8,1439932504048,"536,713",85% bullish,of 20 ratings,$48
AXDX,$18.86,1439932504216,"84,893",100% bearish,of 1 rating,N/A
ANCX,$19.21,1439932504292,"14,875",Not yet rated,NULL,$19
ACST,$0.365,1439932504321,"95,166",100% bullish,of 2 ratings,N/A
XLRN,$30.72,1439932504342,"136,800",50% bullish,of 2 ratings,$57
VXDN,$14.86,1439932504377,915,Not yet rated,NULL,N/A
ACRX,$4.34,1439932504398,"121,153",67% bearish,of 6 ratings,$5.50
VXUP,$17.03,1439932504419,"4,565",Not yet rated,NULL,N/A
ARAY,$5.93,1439932504553,"1,244,704",100% bearish,of 1 rating,$10.50
ACET,$25.35,1439932504623,"55,580",75% bullish,of 4 ratings,$30
ACHN,$8.62,1439932504718,"2,304,986",90% bullish,of 21 ratings,$16
ACIW,$22.9,1439932504785,"194,622",50% bullish,of 2 ratings,$24
AKAO,$7.08,1439932504812,"47,781",75% bullish,of 4 ratings,$15
ACNB,$20.43,1439932504844,929,Not yet rated,NULL,N/A
ACOR,$31.15,1439932505017,"188,786",67% bearish,of 3 ratings,$38.50
ACTA,$13.61,1439932505072,"92,025",67% bearish,of 3 ratings,$25
ACTS,$1.4,1439932505108,"35,262",100% bearish,of 1 rating,N/A
ACPW,$1.87,1439932505135,"12,650",100% bullish,of 4 ratings,$3.50
ATVI,$29.22,1439932505208,"2,675,140",68% bullish,of 84 ratings,$31.50
ACUR,$0.6,1439932505234,"35,138",100% bullish,of 5 ratings,$1
ACXM,$21.1,1439932505367,"261,530",67% bullish,of 3 ratings,N/A
ADMS,$20.63,1439932505396,"44,589",100% bearish,of 2 ratings,$36
ADAP,$15.46,1439932505460,"87,059",67% bullish,of 3 ratings,$22
ADMP,$3.84,1439932505495,"64,339",50% bullish,of 2 ratings,$10
ADUS,$30.66,1439932505545,"78,320",100% bearish,of 1 rating,$31
AEY,$2.29,1439932505629,"3,324",100% bearish,of 2 ratings,N/A
ADEP,$7.31,1439932505683,"9,982",50% bullish,of 2 ratings,$10.75
ADMA,$9.47,1439932505789,"10,548",Not yet rated,NULL,$19
ADTN,$16.15,1439932505890,"165,768",67% bullish,of 3 ratings,$17.125
ADRO,$21.57,1439932505923,"147,206",80% bullish,of 5 ratings,$45.50
ADBE,$86.45,1439932505950,"1,011,305",65% bullish,of 17 ratings,$90
AMD,$1.8,1439932505976,"5,861,434",83% bullish,of 102 ratings,$2
AEIS,$26.12,1439932506025,"103,710",50% bullish,of 2 ratings,$32.50
ADXS,$16.09,1439932506110,"398,018",64% bullish,of 14 ratings,$27
MULT,NULL,1439932506279,0,100% bearish,of 1 rating,N/A
YPRO,$23.022,1439932506314,"1,468",100% bearish,of 1 rating,N/A
AEGR,$18.98,1439932506414,"482,425",50% bullish,of 6 ratings,$26
AEGN,$18.55,1439932506442,"78,350",100% bearish,of 1 rating,$21
ADXSW,$11.6,1439932506468,"4,056",100% bullish,of 1 rating,N/A
AEHR,$2.22,1439932506518,109,50% bullish,of 2 ratings,N/A
AERI,$16.1,1439932506710,"247,931",75% bullish,of 4 ratings,$31.50
AEPI,$57.69,1439932506736,"9,486",100% bearish,of 1 rating,N/A
AMTX,$3.43,1439932506792,"7,120",50% bullish,of 2 ratings,$26.11
AEZS,$0.12,1439932506891,"11,153,293",90% bullish,of 21 ratings,$1.625
AEMD,$7.44,1439932506922,"104,703",Not yet rated,NULL,$27.50
AVAV,$25.67,1439932506951,"137,838",50% bullish,of 4 ratings,$31
AFMD,$11.39,1439932507023,"88,637",50% bullish,of 4 ratings,$15
AGEN,$7.44,1439932507155,"577,306",85% bullish,of 13 ratings,$14
AFFX,$9.81,1439932507185,"388,579",80% bullish,of 5 ratings,$12
AGYS,$9.52,1439932507287,"18,689",100% bearish,of 1 rating,N/A
AGRX,$8.73,1439932507322,"27,969",100% bearish,of 1 rating,$18
AGFS,$10.1,1439932507419,"184,902",100% bearish,of 1 rating,N/A
AGIO,$95.37,1439932507445,"236,929",88% bullish,of 8 ratings,$114
AIMT,$23.37,1439932507473,"97,064",Not yet rated,NULL,N/A
AGFSW,$2.13,1439932507501,"73,631",100% bearish,of 1 rating,N/A
AIRM,$39.8,1439932507674,"137,129",80% bearish,of 5 ratings,$53
AIRT,$23.09,1439932507743,"1,119",100% bullish,of 1 rating,N/A
ATSG,$9.63,1439932507774,"93,478",67% bullish,of 3 ratings,$13
AMCN,$5.09,1439932507801,"380,306",83% bullish,of 6 ratings,N/A
AIXG,$5.95,1439932507880,"7,109",67% bearish,of 3 ratings,$6
AKBA,$6.89,1439932507985,"177,783",100% bearish,of 1 rating,$18
AKAM,$73.85,1439932508043,"755,951",63% bullish,of 8 ratings,$77
AKER,$3.08,1439932508154,"187,446",Not yet rated,NULL,N/A
AKRX,$43.8253,1439932508263,"334,355",78% bullish,of 9 ratings,$56
ALRM,$17.18,1439932508294,"79,175",100% bearish,of 1 rating,$22
ALSK,$2.16,1439932508322,"63,279",78% bullish,of 18 ratings,$2
AMRI,$20.76,1439932508394,"132,972",75% bearish,of 4 ratings,$24
ABDC,$12.99,1439932508490,"10,693",Not yet rated,NULL,$15
ALDR,$37.86,1439932508594,"256,746",67% bearish,of 3 ratings,$62
ALDX,$7.74,1439932508786,"14,507",100% bearish,of 1 rating,$14.50
ALCO,$42.63,1439932508896,"5,524",50% bullish,of 2 ratings,N/A
ALXN,$187.42,1439932508924,"607,855",88% bullish,of 8 ratings,$223
ADHD,$9.17,1439932508946,"138,573",50% bullish,of 4 ratings,$18
ALXA,$1.18,1439932508979,"6,397",83% bullish,of 6 ratings,$2.125
ALGN,$60.5273,1439932509075,"229,275",100% bearish,of 2 ratings,$73
ALKS,$67.67,1439932509171,"400,640",67% bullish,of 3 ratings,$75
ALIM,$3.7,1439932509243,"48,025",80% bullish,of 5 ratings,$10
AFOP,$18.55,1439932509376,"42,474",75% bullish,of 8 ratings,$21
AIQ,$14.82,1439932509435,"5,120",67% bullish,of 3 ratings,N/A
AHGP,$36.04,1439932509467,"20,948",67% bullish,of 3 ratings,N/A
ALGT,$228.84,1439932509567,"116,309",100% bearish,of 1 rating,$235
ALLB,$23.62,1439932509595,"3,163",Not yet rated,NULL,N/A
ARLP,$24.68,1439932509621,"63,423",67% bearish,of 3 ratings,$32
AHPI,$1.44,1439932509833,323,50% bullish,of 2 ratings,N/A
ALQA,$4.58,1439932509861,"11,069",75% bullish,of 4 ratings,$8.50
ALLT,$5.07,1439932509913,"121,658",75% bullish,of 4 ratings,$6.25
AMOT,$16.905,1439932509942,"37,023",100% bearish,of 1 rating,N/A
AFAM,$49.24,1439932510072,"36,689",50% bullish,of 2 ratings,$44
ALNY,$109.2,1439932510100,"398,800",67% bullish,of 3 ratings,$148.50
MDRX,$14.2,1439932510125,"1,025,809",60% bullish,of 5 ratings,$16
AOSL,$6.99,1439932510262,"71,894",67% bullish,of 3 ratings,$9
SMCP,NULL,1439932510395,0,Not yet rated,NULL,N/A
ATEC,$0.6,1439932510425,"126,781",100% bullish,of 1 rating,$2
ALTR,$48.95,1439932510463,"1,708,193",80% bearish,of 5 ratings,$54
ASPS,$30.66,1439932510641,"180,422",67% bullish,of 3 ratings,$46.50
AMRN,$2.24,1439932510743,"576,911",85% bullish,of 39 ratings,$8
AMAG,$63.54,1439932510774,"214,954",100% bullish,of 2 ratings,$75
AIMC,$26.22,1439932510801,"55,462",100% bearish,of 1 rating,$28.50
AMRK,$10.59,1439932510831,"17,448",50% bullish,of 2 ratings,$14
AMZN,$535.02,1439932510930,"1,182,571",81% bullish,of 262 ratings,$646
AMBC,$16.94,1439932511034,"215,178",100% bearish,of 1 rating,$16.50
AYA,$23.07,1439932511060,"18,977",100% bearish,of 1 rating,$40
AMBCW,$8.25,1439932511125,"2,300",100% bearish,of 1 rating,N/A
AMBA,$105.1,1439932511258,"859,187",83% bullish,of 12 ratings,$102.50
EPAX,$2.66,1439932511284,"515,108",100% bearish,of 1 rating,N/A
AMCX,$73.78,1439932511311,"585,953",67% bullish,of 3 ratings,$85.50
AMDA,$0.495,1439932511461,"735,563",90% bullish,of 10 ratings,$1
DOX,$60.47,1439932511522,"324,015",100% bullish,of 2 ratings,$60
UHAL,$382.9,1439932511657,"16,046",100% bullish,of 2 ratings,$393.50
AMED,$45.51,1439932511686,"147,585",100% bearish,of 1 rating,$42
AMOV,$18.84,1439932511833,"3,919",100% bearish,of 1 rating,N/A
ASBI,$22.8,1439932511893,"4,007",Not yet rated,NULL,N/A
ATAX,$5.29,1439932511928,"82,036",100% bullish,of 1 rating,$6.50
AAL,$43.61,1439932511953,"3,835,776",93% bullish,of 87 ratings,$57
AGNC,$19.836,1439932512026,"1,897,172",75% bullish,of 28 ratings,$22
AGNCB,$24.19,1439932512216,"7,826",Not yet rated,NULL,N/A
MTGEP,$24.4,1439932512314,"2,305",Not yet rated,NULL,N/A
AGNCP,$25.31,1439932512343,"11,446",Not yet rated,NULL,N/A
ACSF,$12.79,1439932512371,"28,999",100% bearish,of 1 rating,$15
MTGE,$15.98,1439932512403,"230,066",75% bullish,of 4 ratings,$19.50
AETI,$3.76,1439932512536,5,67% bearish,of 3 ratings,N/A
ANCI,$1.73,1439932512683,"1,318",100% bearish,of 1 rating,N/A
ACAS,$14.25,1439932512717,"602,747",60% bullish,of 5 ratings,$16.75
AMIC,NULL,1439932512818,0,Not yet rated,NULL,N/A
ANAT,$104.2691,1439932512847,"9,621",100% bullish,of 1 rating,N/A
AMNB,$23.29,1439932512873,"9,143",Not yet rated,NULL,$25.50
APEI,$22.17,1439932512950,"87,111",100% bearish,of 1 rating,$29
ARII,$40.21,1439932513009,"101,854",67% bearish,of 3 ratings,$45
AMRB,$10.08,1439932513647,"1,304",Not yet rated,NULL,$11
ASEI,$39.11,1439932513675,"51,221",100% bearish,of 1 rating,$52.50
AMSWA,$9.33,1439932513729,"16,835",100% bearish,of 2 ratings,$10.75
CRMT,$44.98,1439932513808,"13,137",100% bearish,of 1 rating,$49
AMWD,$65.5879,1439932513839,"64,678",50% bullish,of 2 ratings,$58
AMSC,$3.95,1439932513897,"39,687",50% bullish,of 4 ratings,N/A
AMSF,$50.72,1439932513923,"40,943",Not yet rated,NULL,$57.50
ABCB,$28.31,1439932513951,"66,286",Not yet rated,NULL,$30.50
ASRV,$3.3,1439932514127,"1,169",100% bullish,of 2 ratings,N/A
ASRVP,NULL,1439932514260,0,Not yet rated,NULL,N/A
AMGN,$167.72,1439932514310,"1,619,636",89% bullish,of 19 ratings,$185
FOLD,$16.31,1439932514337,"703,621",56% bullish,of 9 ratings,$21
AMKR,$4.28,1439932514368,"651,594",100% bearish,of 2 ratings,$5
ATLO,$24.25,1439932514390,"3,880",Not yet rated,NULL,N/A
AMPH,$14.61,1439932514420,"132,158",50% bullish,of 2 ratings,$20
AMSG,$85.04,1439932514553,"189,109",100% bearish,of 1 rating,$85.50
AMSGP,$161.75,1439932514578,48,Not yet rated,NULL,N/A
ASYS,$5.69,1439932514718,"22,218",67% bullish,of 3 ratings,$12
AFSI,$63.4773,1439932514749,"409,083",60% bullish,of 5 ratings,$72
AMRS,$1.64,1439932514810,"68,560",70% bullish,of 10 ratings,N/A
ANAC,$132.58,1439932514942,"312,953",80% bullish,of 5 ratings,$180.50
ALOG,$83.72,1439932515276,"54,975",100% bearish,of 2 ratings,$100.50
ABCW,$40.31,1439932515303,"7,455",67% bullish,of 3 ratings,N/A
ANCB,$22.48,1439932515324,100,Not yet rated,NULL,$23
ANAD,$0.36,1439932515378,"603,753",100% bullish,of 2 ratings,$.50
AMCF,$0.27,1439932515458,"23,581",100% bullish,of 7 ratings,N/A
ANGI,$4.45,1439932515523,"715,549",64% bullish,of 11 ratings,$5.50
ANGO,$14.86,1439932515550,"52,298",67% bullish,of 3 ratings,$19
ADI,$61.7,1439932515605,"2,334,395",67% bullish,of 3 ratings,$68
ANIP,$55.34,1439932515685,"201,277",89% bullish,of 19 ratings,$66
ANIK,$36.08,1439932515714,"65,871",60% bullish,of 5 ratings,$51.25
ATRS,$1.88,1439932515926,"308,879",92% bullish,of 12 ratings,$4.50
ABAC,$0.9099,1439932515992,"3,000",100% bearish,of 1 rating,N/A
ANSS,$97.06,1439932516023,"265,931",100% bearish,of 1 rating,$100
ATNY,$2.36,1439932516073,"3,442",50% bullish,of 2 ratings,$3.75
ANTH,$9.21,1439932516121,"420,826",80% bullish,of 10 ratings,$13
APIC,$7.74,1439932516249,"52,033",100% bearish,of 1 rating,$19
APOG,$54.08,1439932516275,"109,652",100% bullish,of 1 rating,$62
APOL,$11.62,1439932516432,"546,313",87% bearish,of 68 ratings,$14
AINV,$6.65,1439932516463,"1,216,293",50% bullish,of 4 ratings,$8
APPF,$17.89,1439932516500,"49,495",50% bullish,of 2 ratings,$22
ARCI,$1.26,1439932516633,"10,564",Not yet rated,NULL,N/A
AAPL,$116.66,1439932516661,"20,776,392",86% bullish,of 2333 ratings,$150
APDNW,$1.2,1439932516692,"7,500",Not yet rated,NULL,N/A
APDN,$3.3,1439932516792,"90,544",Not yet rated,NULL,$9
AGTC,$15.8,1439932516818,"110,203",50% bullish,of 2 ratings,$33
AMAT,$16.6,1439932516955,"8,881,536",82% bullish,of 11 ratings,$23
AREX,$2.76,1439932517158,"379,644",100% bearish,of 1 rating,$3
AAOI,$21.83,1439932517193,"177,334",50% bullish,of 4 ratings,$26
AMCC,$5.7,1439932517227,"691,398",80% bullish,of 5 ratings,$8
APRI,$1.14,1439932517256,"98,974",83% bullish,of 6 ratings,$4.86
APTO,$5.05,1439932517289,"6,227",Not yet rated,NULL,$17
AQXP,$18.14,1439932517317,"626,011",50% bullish,of 2 ratings,$2
AQMS,$5.5,1439932517345,"14,083",Not yet rated,NULL,N/A
AUMAW,NULL,1439932517597,0,Not yet rated,NULL,N/A
AUMA,$9.8799,1439932517628,600,Not yet rated,NULL,N/A
AUMAU,$9.89,1439932517662,"1,124",Not yet rated,NULL,N/A
PETX,$17.05,1439932517732,"140,527",100% bearish,of 2 ratings,$26
ARDM,$7.365,1439932517818,"1,200",100% bullish,of 1 rating,$26
ABUS,$8.23,1439932517863,"286,254",86% bullish,of 14 ratings,$23
ARCB,$32.28,1439932518022,"94,465",50% bullish,of 2 ratings,$39.50
ABIO,$0.91,1439932518059,"96,046",50% bullish,of 2 ratings,$3.75
ARCW,$3.775,1439932518122,"3,528",100% bearish,of 2 ratings,$10.50
ACGL,$73.8752,1439932518259,"208,564",50% bullish,of 2 ratings,$72
ARDX,$19.36,1439932518364,"190,716",50% bullish,of 2 ratings,$22
RKDA,$5.72,1439932518391,"33,345",100% bearish,of 2 ratings,$10
ACAT,$29.54,1439932518422,"113,460",100% bearish,of 3 ratings,$33
ARCC,$16,1439932518527,"547,412",67% bearish,of 3 ratings,$17.875
AGII,$58.66,1439932518559,"71,567",Not yet rated,NULL,$58
ARNA,$3.2,1439932518586,"1,577,445",90% bullish,of 77 ratings,$5.50
AGIIL,$25.37,1439932518661,"13,743",Not yet rated,NULL,N/A
ARIA,$7.33,1439932518879,"1,217,121",87% bullish,of 46 ratings,$9
ARIS,$3.32,1439932518912,"6,466",Not yet rated,NULL,$4.50
ARGS,$4.55,1439932518942,"9,294",50% bullish,of 2 ratings,$19.50
ARKR,NULL,1439932519021,0,50% bullish,of 2 ratings,N/A
ARMH,$42.92,1439932519050,"1,952,067",54% bearish,of 13 ratings,$61
ARTX,$1.54,1439932519078,"76,707",88% bullish,of 16 ratings,$4.50
ARWA,NULL,1439932519230,0,Not yet rated,NULL,N/A
ARWAR,NULL,1439932519309,0,Not yet rated,NULL,N/A
ARWAU,NULL,1439932519411,0,100% bullish,of 1 rating,N/A
ARRY,$5.67,1439932519479,"680,185",100% bullish,of 7 ratings,$10
ARWAW,NULL,1439932519539,0,Not yet rated,NULL,N/A
ARQL,$1.7,1439932519564,"29,538",75% bullish,of 4 ratings,$5
AROW,$27.42,1439932519693,"10,657",Not yet rated,NULL,N/A
ARRS,$27.54,1439932519745,"299,953",50% bullish,of 2 ratings,$38
DWAT,$10.5199,1439932519774,200,100% bearish,of 1 rating,N/A
ARWR,$5.75,1439932519800,"790,014",75% bullish,of 4 ratings,$10.50
ARTNA,$22.37,1439932519934,"13,516",100% bearish,of 1 rating,$29
ASNA,$12.35,1439932520062,"877,875",50% bullish,of 2 ratings,$18
ARTW,$4.49,1439932520128,"2,800",75% bearish,of 4 ratings,N/A
ASBB,NULL,1439932520153,0,Not yet rated,NULL,N/A
ASCMA,$28.26,1439932520350,"87,936",100% bearish,of 1 rating,$45
ASND,$17.97,1439932520412,"23,324",100% bullish,of 1 rating,$30
ASTI,$0.1533,1439932520447,"1,326,263",83% bullish,of 6 ratings,$3
APWC,$2.07,1439932520511,200,100% bearish,of 1 rating,N/A
ASMI,$38.69,1439932520541,790,50% bullish,of 2 ratings,N/A
AZPN,$39.21,1439932520641,"631,348",50% bullish,of 2 ratings,$42
ASML,$93.2829,1439932520667,"686,422",67% bullish,of 3 ratings,$127
ASFI,$9.03,1439932520740,"3,275",100% bullish,of 1 rating,N/A
ASMB,$13.65,1439932520954,"47,014",67% bullish,of 3 ratings,N/A
ASTC,$2.4,1439932520983,"13,690",100% bullish,of 5 ratings,N/A
ATRO,$57.38,1439932521005,"82,450",100% bearish,of 2 ratings,$80
ALOT,$13.89,1439932521038,103,100% bearish,of 1 rating,N/A
ASTE,$37.92,1439932521136,"30,473",100% bearish,of 1 rating,$48
ASUR,$5.88,1439932521233,"1,030",Not yet rated,NULL,$8
ATAI,$3.03,1439932521280,"2,360",100% bearish,of 1 rating,N/A
ATRA,$49.52,1439932521310,"115,225",50% bullish,of 2 ratings,$68
ATHN,$139.04,1439932521419,"152,935",67% bearish,of 3 ratings,$153
ATHX,$1.2,1439932521449,"109,905",89% bullish,of 9 ratings,$5
AAPC,$10.18,1439932521493,28,Not yet rated,NULL,N/A
AFCB,NULL,1439932521519,0,Not yet rated,NULL,N/A
AAME,$3.53,1439932521541,"3,000",Not yet rated,NULL,N/A
ATNI,$74.52,1439932521753,"36,775",100% bearish,of 1 rating,$69.50
ATLC,$3.95,1439932521828,"6,082",67% bullish,of 3 ratings,N/A
ACFC,$6.54,1439932521888,"48,096",Not yet rated,NULL,$6.50
ATML,$7.75,1439932521928,"4,974,225",78% bullish,of 9 ratings,$9.50
AFH,$17.1,1439932521964,"36,319",Not yet rated,NULL,$21.50
AAWW,$45.2,1439932522059,"160,404",50% bullish,of 2 ratings,$65
ATOS,$0.948,1439932522085,"254,076",100% bullish,of 7 ratings,$7
ATRC,$27.44,1439932522268,"63,689",100% bullish,of 1 rating,$30
LIFE,$15.11,1439932522374,"33,914",86% bullish,of 7 ratings,$43
ATRM,$2.8501,1439932522469,600,50% bullish,of 2 ratings,N/A
ATRI,$399.88,1439932522498,"2,111",Not yet rated,NULL,N/A
ATTU,$15.38,1439932522524,"56,739",100% bearish,of 1 rating,$20.50
AUDC,$3.34,1439932522564,"54,169",80% bullish,of 5 ratings,$5
AUBN,$27,1439932522592,250,Not yet rated,NULL,N/A
AUPH,$3.5,1439932522803,"17,024",100% bearish,of 1 rating,$8
EARS,$5.02,1439932522886,"6,040",100% bearish,of 2 ratings,$12
ABTL,$19,1439932522962,"46,887",100% bullish,of 4 ratings,$20.25
ADP,$84.69,1439932522989,"1,790,517",100% bearish,of 1 rating,$88
ADSK,$54.59,1439932523020,"722,613",83% bullish,of 6 ratings,$69.50
ADAT,$0.1201,1439932523046,"35,392",100% bullish,of 2 ratings,N/A
AVGO,$122.24,1439932523074,"1,179,050",88% bullish,of 8 ratings,$160
AAVL,$11.05,1439932523284,"429,820",100% bearish,of 1 rating,$20
AVEO,$1.56,1439932523348,"2,521,137",75% bullish,of 8 ratings,$3
AVNU,$13,1439932523421,"227,766",Not yet rated,NULL,$14
AVID,$8.61,1439932523449,"303,064",100% bearish,of 1 rating,$20
AVGR,$15.5,1439932523476,"16,630",100% bearish,of 1 rating,$20
CAR,$46.51,1439932523607,"1,344,272",80% bullish,of 5 ratings,$60
AVNW,$1.14,1439932523636,"14,863",50% bullish,of 2 ratings,$2.20
AWRE,$3.32,1439932523736,"7,944",67% bullish,of 3 ratings,N/A
AXPW,$1.19,1439932523805,"141,212",83% bullish,of 6 ratings,N/A
AXGN,$3.92,1439932523906,"15,325",Not yet rated,NULL,$5
AXPWW,NULL,1439932523932,0,Not yet rated,NULL,N/A
ACLS,$3.18,1439932523963,"361,051",67% bullish,of 6 ratings,$4.75
AXTI,$2.21,1439932523990,"46,442",50% bullish,of 2 ratings,$2.75
RILY,$10,1439932524066,"3,498",Not yet rated,NULL,N/A
BOSC,$2.32,1439932524230,"2,180",50% bullish,of 2 ratings,N/A
BCOM,$20,1439932524263,157,100% bearish,of 1 rating,N/A
BEAV,$51.15,1439932524311,"391,473",67% bearish,of 3 ratings,$59
BCPC,$60.7,1439932524369,"102,340",100% bearish,of 1 rating,$75
BIDU,$166.1,1439932524407,"2,367,062",81% bullish,of 88 ratings,$215
BWINB,$23.17,1439932524533,"3,218",Not yet rated,NULL,N/A
BWINA,$23.35,1439932524560,"1,421",Not yet rated,NULL,N/A
BLDP,$1.34,1439932524635,"97,195",91% bullish,of 22 ratings,$2.50
BANF,$63.48,1439932524736,"14,813",Not yet rated,NULL,$68
BKMU,$7.25,1439932524771,"44,494",Not yet rated,NULL,$8
BANFP,NULL,1439932524837,0,Not yet rated,NULL,N/A
BMRC,$48.71,1439932524902,"6,645",Not yet rated,NULL,$52
BOCH,$5.83,1439932524973,"20,054",Not yet rated,NULL,$6.50
BKSC,$16,1439932525000,"2,881",Not yet rated,NULL,N/A
BOTJ,$11.49,1439932525029,"1,315",Not yet rated,NULL,N/A
BFIN,$12.12,1439932525196,"17,211",Not yet rated,NULL,$13
BWFG,NULL,1439932525225,0,100% bearish,of 1 rating,N/A
OZRK,$43.41,1439932525254,"229,640",67% bullish,of 3 ratings,$49.50
BANR,$47.38,1439932525406,"32,486",100% bullish,of 3 ratings,$50
BZUN,$7.87,1439932525453,"160,967",50% bullish,of 2 ratings,$13.85
TAPR,$31.97,1439932525479,"3,387",100% bearish,of 1 rating,N/A
BHACR,NULL,1439932525614,0,Not yet rated,NULL,N/A
BHAC,NULL,1439932525643,0,Not yet rated,NULL,N/A
BHACW,$0.1208,1439932525672,800,Not yet rated,NULL,N/A
BHACU,$10.15,1439932525773,"3,591",Not yet rated,NULL,N/A
BYBK,$5,1439932525877,"33,405",100% bearish,of 1 rating,N/A
BBSI,$37.23,1439932525903,"48,622",67% bearish,of 3 ratings,$62.50
BSET,$31.23,1439932525928,"45,850",100% bearish,of 1 rating,$35
BV,$5.3,1439932526102,"271,500",67% bullish,of 6 ratings,$9
BBCN,$15.64,1439932526173,"191,900",100% bearish,of 1 rating,$16
BCBP,$11.74,1439932526234,"2,576",Not yet rated,NULL,N/A
BYLK,$12.92,1439932526262,"42,964",Not yet rated,NULL,$14
BDCV,$5,1439932526391,"23,780",100% bearish,of 1 rating,$10.19
BSF,$9.26,1439932526641,"12,366",Not yet rated,NULL,N/A
BBGI,$5,1439932526690,2,100% bearish,of 1 rating,N/A
BEBE,$1.8,1439932526774,"49,111",75% bullish,of 4 ratings,$3.075
BELFB,$20.04,1439932526802,"8,553",100% bearish,of 1 rating,N/A
BELFA,$17.36,1439932526846,795,100% bearish,of 1 rating,N/A
BLPH,$4.88,1439932526880,"92,819",100% bearish,of 1 rating,$12.50
BECN,$35.9143,1439932526901,"153,100",50% bullish,of 2 ratings,$40
BBBY,$63.51,1439932526978,"909,689",71% bullish,of 7 ratings,$75
BNFT,$39.65,1439932527111,"63,286",67% bullish,of 3 ratings,$46
BNCL,$13.05,1439932527240,"214,340",100% bullish,of 3 ratings,$12.50
BNTC,$7.97,1439932527271,"429,067",100% bullish,of 1 rating,N/A
BGMD,$0.88,1439932527292,"183,159",100% bullish,of 10 ratings,N/A
BLCM,$18.63,1439932527324,"170,273",50% bullish,of 4 ratings,$40
BGCP,$9.65,1439932527375,"877,306",88% bullish,of 8 ratings,$14
BGFV,$11.18,1439932527480,"50,003",57% bullish,of 7 ratings,$12
BIND,$4.48,1439932527566,"24,828",67% bullish,of 3 ratings,$13.50
BASI,$1.54,1439932527631,"21,301",Not yet rated,NULL,N/A
BIOC,$1.98,1439932527737,"215,291",83% bullish,of 6 ratings,$3.70
BCDA,NULL,1439932527770,0,Not yet rated,NULL,N/A
ORPN,$5.7,1439932527802,"17,780",100% bullish,of 1 rating,$28.50
BCRX,$11.87,1439932527829,"421,892",63% bullish,of 8 ratings,$18
BIOD,$0.7,1439932527902,"176,807",80% bullish,of 5 ratings,$4
BIIB,$312,1439932528096,"667,944",88% bullish,of 16 ratings,$400
BDSI,$6.79,1439932528203,"585,765",88% bullish,of 8 ratings,$17
BLFS,$2.15,1439932528231,"69,292",100% bearish,of 1 rating,$4.75
BMRN,$137.23,1439932528258,"329,548",80% bullish,of 5 ratings,$160
BIOL,$1.61,1439932528280,"33,890",Not yet rated,NULL,N/A
BLRX,$1.58,1439932528423,"116,850",100% bullish,of 12 ratings,$5
BVXV,$4.1,1439932528471,"3,723",Not yet rated,NULL,N/A
BVXVW,NULL,1439932528504,0,100% bearish,of 1 rating,N/A
BPTH,$1.13,1439932528562,"34,084",100% bullish,of 2 ratings,$5
BRLI,$34.95,1439932528606,"208,996",83% bullish,of 6 ratings,N/A
BBC,$32.59,1439932528704,"38,710",Not yet rated,NULL,N/A
BIOS,$1.54,1439932528801,"821,949",71% bullish,of 7 ratings,$4
BSTC,$53.05,1439932528860,"79,469",100% bearish,of 1 rating,$76
BSPM,$0.7,1439932528889,"16,193",50% bullish,of 2 ratings,N/A
BBP,$34.49,1439932528933,"25,913",Not yet rated,NULL,N/A
BOTA,$2.31,1439932529114,"38,911",88% bullish,of 8 ratings,N/A
TECH,$105.8027,1439932529255,"129,957",100% bullish,of 1 rating,$117
BDMS,NULL,1439932529316,0,100% bearish,of 1 rating,N/A
BITI,$19.15,1439932529399,"7,014",100% bullish,of 1 rating,$28
BJRI,$46.39,1439932529430,"165,818",50% bullish,of 2 ratings,$55
BDE,$7.5,1439932529460,"160,592",50% bullish,of 2 ratings,$9
BBOX,$15.54,1439932529561,"43,362",100% bearish,of 1 rating,N/A
BEAT,$12.22,1439932529609,"162,350",67% bearish,of 3 ratings,$15
BBRY,$7.56,1439932529641,"1,845,305",61% bullish,of 330 ratings,$9
HAWK,$44.88,1439932529740,"329,648",90% bullish,of 10 ratings,$49
BLKB,$62.58,1439932529767,"86,438",100% bearish,of 2 ratings,$66
ADRA,$28.66,1439932529990,700,Not yet rated,NULL,N/A
BKCC,$9.49,1439932530035,"138,852",100% bullish,of 2 ratings,$10
ADRE,$31.38,1439932530085,"4,618",Not yet rated,NULL,N/A
ADRD,$23.3701,1439932530116,"1,317",100% bearish,of 1 rating,N/A
BLMN,$21.73,1439932530147,"677,474",83% bullish,of 6 ratings,$27.50
ADRU,NULL,1439932530244,0,100% bearish,of 1 rating,N/A
BCOR,$13.73,1439932530350,"195,338",57% bullish,of 7 ratings,$15
BLBD,$12.96,1439932530423,"9,048",Not yet rated,NULL,N/A
BUFF,$27.22,1439932530488,"374,402",83% bullish,of 12 ratings,$33
BHBK,$14.37,1439932530514,"53,161",100% bullish,of 1 rating,$14.50
BBLU,$0.825,1439932530581,"198,979",100% bullish,of 2 ratings,$4.43
NILE,$34.91,1439932530652,"53,212",50% bullish,of 2 ratings,$34
BKEP,$6.99,1439932530762,"16,738",100% bearish,of 1 rating,$8.50
BLUE,$129.61,1439932530863,"304,415",86% bullish,of 7 ratings,$217.50
BNCN,$22,1439932531024,"53,168",Not yet rated,NULL,$23
BOBE,$45.92,1439932531077,"77,172",75% bullish,of 4 ratings,$57
BPMC,$28.62,1439932531106,"106,784",50% bullish,of 2 ratings,$47.50
BKEPP,$7.88,1439932531158,"6,127",100% bearish,of 1 rating,N/A
WIFI,$8.76,1439932531189,"298,086",50% bullish,of 2 ratings,$13.50
BOFI,$131.04,1439932531241,"81,178",100% bullish,of 6 ratings,$137.50
BOJA,$22.15,1439932531291,"131,834",100% bullish,of 1 rating,$30
BONA,$12.15,1439932531420,"228,376",75% bullish,of 4 ratings,$8.50
BNSO,$1.35,1439932531447,"8,900",100% bearish,of 1 rating,N/A
BOKF,$65.9568,1439932531635,"87,343",100% bearish,of 1 rating,$71
BPFH,$12.54,1439932531769,"179,589",100% bearish,of 1 rating,$14
BPFHP,$25.31,1439932531837,"2,050",100% bearish,of 1 rating,N/A
BAMM,$3.2,1439932531866,"20,088",60% bullish,of 5 ratings,N/A
BPFHW,NULL,1439932531919,0,100% bearish,of 1 rating,N/A
BDBD,$8.8,1439932532015,"489,273",60% bullish,of 5 ratings,$10
EPAY,$26.62,1439932532044,"86,772",100% bearish,of 2 ratings,$30
BCLI,$3.14,1439932532090,"221,585",80% bullish,of 5 ratings,$12
BBEP,$2.54,1439932532225,"1,746,695",69% bullish,of 13 ratings,$5.625
BBEPP,$13.89,1439932532252,"25,583",100% bearish,of 1 rating,N/A
BBRG,$13.22,1439932532279,"42,498",67% bullish,of 3 ratings,$14.50
BLIN,$1.35,1439932532488,"8,040",50% bullish,of 2 ratings,$2.80
BRID,$8.84,1439932532555,"7,776",100% bearish,of 1 rating,N/A
BRCM,$51.12,1439932532584,"1,316,189",75% bullish,of 12 ratings,$56
BCOV,$5.52,1439932532605,"57,424",67% bullish,of 3 ratings,$10.20
BDGE,$27.93,1439932532627,"15,318",Not yet rated,NULL,$31.75
BSFT,$33.83,1439932532846,"96,212",57% bullish,of 7 ratings,$40.50
BRKS,$10.54,1439932532920,"148,165",67% bullish,of 3 ratings,$15.25
BYFC,$1.45,1439932532951,320,50% bullish,of 2 ratings,N/A
BWEN,$3.53,1439932532980,"29,061",100% bullish,of 3 ratings,$8
BRCD,$10,1439932533011,"1,780,505",92% bullish,of 13 ratings,$12.50
BVSN,$5.98,1439932533052,"5,679",60% bearish,of 5 ratings,N/A
BRKL,$10.9,1439932533110,"240,900",100% bearish,of 1 rating,$10.75
BMTC,$30.03,1439932533189,"41,101",Not yet rated,NULL,$34
BRKR,$20.1224,1439932533324,"249,992",100% bearish,of 2 ratings,$22
BSQR,$6.86,1439932533397,"113,595",67% bullish,of 3 ratings,N/A
BLMT,$21.18,1439932533422,"6,321",Not yet rated,NULL,N/A
BWLD,$196.02,1439932533558,"149,234",82% bullish,of 11 ratings,$205
BUR,$2,1439932533588,"2,700",100% bearish,of 1 rating,$8
CHRW,$69.75,1439932533662,"730,775",Not yet rated,NULL,$72
CFFI,NULL,1439932533689,0,100% bearish,of 1 rating,N/A
BLDR,$14.9318,1439932533731,"938,128",50% bullish,of 2 ratings,$22
CA,$29.53,1439932533829,"1,177,720",50% bullish,of 4 ratings,$33
CCMP,$44.79,1439932533879,"74,228",50% bullish,of 2 ratings,$59
CDNS,$21.62,1439932533930,"1,217,388",75% bullish,of 4 ratings,$22.50
CDZI,$7.52,1439932533986,"18,445",100% bearish,of 1 rating,N/A
CACQ,$7.08,1439932534013,"24,686",100% bearish,of 1 rating,$12.25
CZR,$7.3,1439932534175,"809,010",60% bearish,of 5 ratings,$10.50
CSTE,$48.04,1439932534229,"688,642",100% bearish,of 1 rating,$65
CLBS,$1.4,1439932534388,"51,349",79% bullish,of 14 ratings,$4
PRSS,$4.67,1439932534430,"4,756",80% bullish,of 5 ratings,$4.50
CLMS,$11.84,1439932534528,"36,813",Not yet rated,NULL,$10.50
CHY,$11.97,1439932534559,"198,193",Not yet rated,NULL,N/A
CHI,$11.09,1439932534609,"201,041",100% bearish,of 1 rating,N/A
CFGE,$11.15,1439932534659,12,Not yet rated,NULL,N/A
CCD,$21.29,1439932534690,"89,283",Not yet rated,NULL,N/A
CHW,$8.07,1439932534793,"134,272",100% bearish,of 1 rating,N/A
CGO,$12.66,1439932534818,"13,648",100% bearish,of 1 rating,N/A
CSQ,$10.57,1439932534874,"314,742",Not yet rated,NULL,N/A
CAMP,$16.37,1439932535000,"166,275",86% bullish,of 7 ratings,$25
CVGW,$54.3,1439932535043,"30,261",50% bullish,of 2 ratings,$58.50
CFNB,NULL,1439932535102,0,100% bearish,of 1 rating,N/A
CALA,$5.58,1439932535149,"274,532",100% bullish,of 3 ratings,$19.50
CALD,$16.17,1439932535281,"126,315",100% bearish,of 1 rating,$20.50
CALM,$51.7,1439932535306,"286,229",80% bullish,of 5 ratings,$65
CLMT,$26.62,1439932535367,"101,059",75% bullish,of 8 ratings,$31
ABCD,$4.65,1439932535463,"44,053",83% bullish,of 6 ratings,N/A
CAMB,NULL,1439932535499,0,Not yet rated,NULL,N/A
CAMBU,NULL,1439932535526,0,100% bearish,of 1 rating,N/A
CAMBW,NULL,1439932535590,0,Not yet rated,NULL,N/A
CAMT,$2.91,1439932535618,"14,274",73% bullish,of 11 ratings,$4
CAC,$40.04,1439932535774,"4,304",Not yet rated,NULL,N/A
CSIQ,$22.87,1439932535910,"1,733,396",86% bullish,of 28 ratings,$45
CPHC,$10.61,1439932535966,729,100% bearish,of 1 rating,N/A
CGIX,$10.6,1439932536013,"16,555",67% bullish,of 3 ratings,$14.375
CPLA,$49.27,1439932536098,"49,501",50% bullish,of 2 ratings,$65
CBNJ,$10.96,1439932536130,"14,733",100% bullish,of 1 rating,N/A
CBF,$30.58,1439932536182,"32,864",Not yet rated,NULL,$32
CCBG,$15.01,1439932536227,"4,412",Not yet rated,NULL,$17.25
CSWC,$49.17,1439932536362,"4,954",Not yet rated,NULL,N/A
CPTA,$14.88,1439932536392,"74,746",Not yet rated,NULL,$18.50
CAPN,$2.63,1439932536499,"656,097",100% bullish,of 1 rating,$10.85
CAPNW,$0.7699,1439932536606,100,Not yet rated,NULL,N/A
CPLP,$7.1,1439932536646,"218,857",71% bullish,of 7 ratings,$11
CFFN,$12.18,1439932536735,"369,685",Not yet rated,NULL,$12.75
CPST,$0.403,1439932536793,"529,841",95% bullish,of 22 ratings,$1
CAPR,$4.28,1439932536956,"29,087",Not yet rated,NULL,$12
CARA,$21.49,1439932537063,"130,769",50% bullish,of 4 ratings,$27.50
CRDC,$0.38,1439932537097,"103,481",100% bullish,of 1 rating,$1.25
CARB,$11.51,1439932537121,"91,043",75% bullish,of 4 ratings,$12
CRME,$9.78,1439932537152,"9,129",89% bullish,of 9 ratings,$11.25
CBYL,$6.53,1439932537187,"18,258",100% bearish,of 1 rating,$20
CFNL,$23.53,1439932537213,"109,024",Not yet rated,NULL,$24
CATM,$35.25,1439932537251,"238,997",100% bearish,of 1 rating,$44
CSII,$24.15,1439932537378,"193,761",100% bearish,of 2 ratings,$42.125
CDNA,$6.35,1439932537479,"4,036",100% bearish,of 1 rating,$9
CTRE,$11.7477,1439932537612,"492,927",50% bullish,of 2 ratings,N/A
CECO,$3.75,1439932537657,"238,656",67% bearish,of 3 ratings,$6
CKEC,$23.4,1439932537742,"99,302",50% bullish,of 2 ratings,$35.915
CLBH,NULL,1439932537768,0,Not yet rated,NULL,$16.50
CART,$5.49,1439932537819,500,100% bearish,of 1 rating,N/A
CARO,$15.45,1439932537845,"1,955",100% bearish,of 1 rating,$19
CRZO,$35.27,1439932537925,"526,359",67% bearish,of 3 ratings,$57
TAST,$12.89,1439932537985,"125,230",Not yet rated,NULL,$14.25
CARV,$5.99,1439932538054,100,50% bullish,of 2 ratings,N/A
CASM,$1.11,1439932538121,"29,170",100% bullish,of 1 rating,$3.50
CRTN,$2.76,1439932538149,"2,059",100% bearish,of 1 rating,N/A
CACB,$5.51,1439932538218,"33,474",Not yet rated,NULL,$5.50
CSCD,$14.01,1439932538319,"92,520",100% bullish,of 2 ratings,$17
CWST,$6.4,1439932538455,"119,664",50% bullish,of 2 ratings,$7
CASY,$107.62,1439932538561,"338,335",50% bullish,of 2 ratings,$99.50
CASI,$1.44,1439932538649,"2,400",100% bullish,of 1 rating,$3.50
CATB,$11.89,1439932538694,"30,545",100% bearish,of 1 rating,$28
CPRX,$4.07,1439932538719,"287,428",71% bullish,of 7 ratings,$7
CATY,$32.02,1439932538745,"272,244",100% bearish,of 1 rating,$33.50
CASS,$50.78,1439932538774,"10,862",100% bearish,of 1 rating,N/A
CATYW,NULL,1439932538911,0,100% bearish,of 1 rating,N/A
CVCO,$74.4389,1439932538938,"22,131",100% bearish,of 1 rating,N/A
CBFV,NULL,1439932539121,0,Not yet rated,NULL,N/A
CAVM,$72.46,1439932539154,"469,743",67% bearish,of 3 ratings,$72
CNLM,NULL,1439932539258,0,Not yet rated,NULL,N/A
CNLMR,NULL,1439932539298,0,Not yet rated,NULL,N/A
CNLMU,NULL,1439932539360,0,100% bullish,of 1 rating,N/A
CNLMW,NULL,1439932539433,0,Not yet rated,NULL,N/A
CDK,$49.89,1439932539570,"429,901",67% bearish,of 3 ratings,$50
CBOE,$64.1872,1439932539599,"234,406",Not yet rated,NULL,$60
CDW,$39.45,1439932539622,"512,115",75% bullish,of 4 ratings,$44
CPXX,$2.2,1439932539671,"104,493",100% bullish,of 2 ratings,$7
CECE,$10.27,1439932539700,"43,277",50% bullish,of 2 ratings,$16
CELG,$130.2,1439932539780,"1,811,283",92% bullish,of 13 ratings,$155.50
CELGZ,$1.98,1439932539844,"15,391",80% bullish,of 5 ratings,N/A
CLRB,$3.14,1439932539998,"7,596",100% bearish,of 1 rating,N/A
CLDN,$1.08,1439932540025,"117,910",71% bullish,of 7 ratings,$3
CLDX,$15.71,1439932540046,"1,013,181",89% bullish,of 9 ratings,$36
CLRBW,NULL,1439932540202,0,Not yet rated,NULL,N/A
CLLS,$32.77,1439932540236,"50,143",75% bullish,of 4 ratings,$51.50
CBMG,$22.46,1439932540262,"69,065",50% bullish,of 2 ratings,N/A
CLTX,$1.02,1439932540479,"2,210,395",100% bullish,of 2 ratings,N/A
CETX,$2.5,1439932540512,"11,700",Not yet rated,NULL,$5.60
CLSN,$2.19,1439932540541,"50,653",80% bullish,of 10 ratings,$7.50
CEMP,$36.78,1439932540576,"307,899",71% bullish,of 7 ratings,$48.50
CYAD,$57.26,1439932540597,119,100% bullish,of 1 rating,$87.50
CETV,$2.2,1439932540633,"43,208",67% bullish,of 3 ratings,$2.80
CSFL,$14.25,1439932540663,"60,828",Not yet rated,NULL,$15
CFBK,NULL,1439932540836,0,Not yet rated,NULL,N/A
CENT,$11.98,1439932541002,"52,445",Not yet rated,NULL,$10
CENTA,$12.58,1439932541054,"108,605",Not yet rated,NULL,N/A
CVCY,$11.14,1439932541102,277,Not yet rated,NULL,$12
CNBKA,$41.38,1439932541232,"2,189",100% bullish,of 1 rating,N/A
CENX,$5.32,1439932541263,"3,150,721",67% bullish,of 6 ratings,$9
CPHD,$51.35,1439932541307,"397,691",50% bullish,of 2 ratings,$66.50
CRNT,$1.5,1439932541335,"253,915",50% bullish,of 2 ratings,$2
CNTY,$6.36,1439932541364,"17,541",80% bullish,of 5 ratings,$7.75
CERE,$1.52,1439932541498,"315,593",88% bullish,of 8 ratings,N/A
CERU,$3.53,1439932541569,"27,390",75% bullish,of 4 ratings,$15
CERN,$65.6,1439932541637,"1,545,594",67% bullish,of 3 ratings,$79
KOOL,$0.7,1439932541712,"5,638",100% bullish,of 5 ratings,$7
CEVA,$19.52,1439932541772,"86,325",100% bearish,of 1 rating,$25
CERS,$5.09,1439932541813,"587,168",75% bullish,of 4 ratings,$7
CYOU,$20.14,1439932541838,"131,216",50% bullish,of 6 ratings,$24
HOTRW,NULL,1439932542064,0,Not yet rated,NULL,N/A
HOTR,$1.48,1439932542089,"102,314",100% bullish,of 2 ratings,$5
CHTR,$188.81,1439932542134,"718,875",100% bearish,of 2 ratings,$196
CTHR,$1.21,1439932542161,"1,202",50% bullish,of 2 ratings,$2.50
GTLS,$24.54,1439932542231,"197,939",50% bullish,of 4 ratings,$40
CHKP,$82.54,1439932542257,"778,012",50% bullish,of 4 ratings,$92
CHFN,$12.48,1439932542289,"14,939",Not yet rated,NULL,$14
CHEK,$3.11,1439932542422,"1,902",Not yet rated,NULL,$7.75
CHEKW,NULL,1439932542553,0,Not yet rated,NULL,N/A
CHFC,$32.73,1439932542628,"26,352",100% bearish,of 1 rating,$36
CEMI,$4.6,1439932542654,"8,704",50% bullish,of 2 ratings,$7.50
CCXI,$7.03,1439932542733,"89,584",67% bullish,of 3 ratings,$14
CHKE,$27.3,1439932542878,"23,814",100% bearish,of 1 rating,$32.50
CHMG,$26.6,1439932542908,"5,140",Not yet rated,NULL,$30
CHMA,$26.63,1439932543012,"98,506",Not yet rated,NULL,$40
CBNK,NULL,1439932543041,0,100% bearish,of 1 rating,N/A
CHEV,$14.7,1439932543070,"8,759",Not yet rated,NULL,N/A
CMRX,$52.51,1439932543171,"238,595",50% bullish,of 2 ratings,$57
PLCE,$61.18,1439932543229,"197,159",100% bearish,of 1 rating,$71
CADC,$3.4,1439932543467,"2,273",78% bullish,of 9 ratings,N/A
CAAS,$6.8,1439932543492,"12,921",93% bullish,of 14 ratings,$11.50
CALI,$0.99,1439932543523,"262,555",67% bullish,of 3 ratings,N/A
CBAK,$2.27,1439932543549,"12,404",67% bullish,of 9 ratings,N/A
CBPO,$110.18,1439932543633,"138,859",75% bullish,of 8 ratings,$140.50
CCCL,$0.96,1439932543707,"46,807",100% bullish,of 6 ratings,N/A
CCCR,$0.69,1439932543766,"22,729",67% bearish,of 3 ratings,N/A
JRJC,$4.41,1439932543839,"93,993",82% bullish,of 11 ratings,N/A
CHOP,$1.28,1439932543972,"7,748",50% bullish,of 2 ratings,N/A
HGSH,$1.98,1439932544005,"3,100",67% bullish,of 3 ratings,N/A
CJJD,$2.05,1439932544033,"169,493",100% bullish,of 1 rating,N/A
CHLN,$1.61,1439932544060,"5,645",67% bullish,of 3 ratings,N/A
CNIT,$1.73,1439932544104,"94,735",67% bullish,of 6 ratings,N/A
HTHT,$26.22,1439932544319,"228,871",50% bullish,of 2 ratings,$28
CHNR,$2.05,1439932544375,"2,766",100% bearish,of 1 rating,N/A
CREG,$0.8,1439932544475,"10,301",100% bullish,of 3 ratings,N/A
CSUN,$1.53,1439932544519,681,80% bullish,of 5 ratings,N/A
CNTF,$0.9301,1439932544544,"51,336",Not yet rated,NULL,N/A
CPGI,$6.77,1439932544570,"5,087",Not yet rated,NULL,N/A
CXDC,$6.22,1439932544602,"25,260",67% bullish,of 3 ratings,N/A
CNYD,$3.16,1439932544742,"1,200",67% bullish,of 3 ratings,N/A
CNET,$0.7901,1439932544840,"39,851",50% bullish,of 2 ratings,N/A
CCIH,$9.82,1439932544910,"66,490",67% bullish,of 6 ratings,$12.65
IMOS,$15.77,1439932544942,"115,720",60% bullish,of 5 ratings,$21.50
CHSCL,$27.1,1439932545040,"28,882",Not yet rated,NULL,N/A
CHSCM,$26.25,1439932545067,"37,580",Not yet rated,NULL,N/A
CHSCN,$27.44,1439932545096,"11,971",Not yet rated,NULL,N/A
CHSCO,$28.45,1439932545122,"7,853",Not yet rated,NULL,N/A
CHSCP,$30.53,1439932545258,"1,640",Not yet rated,NULL,N/A
CHUY,$32.54,1439932545388,"110,562",50% bullish,of 2 ratings,$34
CDTX,$14.28,1439932545470,"25,711",Not yet rated,NULL,$22
CIFC,$7.27,1439932545522,"2,884",Not yet rated,NULL,N/A
CHDN,$138.56,1439932545552,"57,234",Not yet rated,NULL,$165
CMPR,$70.87,1439932545630,"203,824",50% bullish,of 2 ratings,$72.50
CINF,$56.89,1439932545660,"285,787",50% bullish,of 4 ratings,$50.50
CMCT,$15.175,1439932545689,"1,587",100% bearish,of 1 rating,N/A
CIDM,$0.6798,1439932545715,"141,264",50% bullish,of 2 ratings,$2.10
CTAS,$88.86,1439932545929,"344,945",100% bearish,of 1 rating,$91
CRUS,$29.14,1439932545959,"732,408",75% bullish,of 12 ratings,$44.50
CPHR,$7,1439932546060,"4,336",100% bearish,of 1 rating,$16
CTRN,$22.74,1439932546145,"122,096",100% bearish,of 1 rating,$29.50
CZWI,$9.1,1439932546215,"1,200",Not yet rated,NULL,N/A
CZNC,$20.03,1439932546242,"11,555",Not yet rated,NULL,N/A
CZFC,NULL,1439932546430,0,Not yet rated,NULL,N/A
CIVB,$10.32,1439932546603,"1,450",Not yet rated,NULL,$11
CHCO,$48.25,1439932546706,"21,828",Not yet rated,NULL,$46
CTXS,$78.09,1439932546764,"860,845",86% bullish,of 7 ratings,$80
CIVBP,NULL,1439932546787,0,Not yet rated,NULL,N/A
CIZN,$19.5001,1439932546808,201,Not yet rated,NULL,N/A
CSCO,$28.25,1439932546844,"23,368,974",84% bullish,of 208 ratings,$32
CDTI,$1.77,1439932546870,"93,314",75% bullish,of 4 ratings,$3.20
CLNT,$2.01,1439932547067,"1,299",75% bullish,of 8 ratings,N/A
CLFD,$18.16,1439932547209,"19,038",67% bullish,of 3 ratings,$18
CLNE,$4.57,1439932547261,"850,445",80% bullish,of 15 ratings,$9
CLRO,$11.78,1439932547291,"7,460",50% bullish,of 2 ratings,$14.25
CLIR,$5.33,1439932547317,"40,661",100% bullish,of 3 ratings,N/A
CBLI,$3.72,1439932547397,"16,259",60% bullish,of 5 ratings,N/A
CSBK,$13.97,1439932547527,"38,369",Not yet rated,NULL,N/A
CLVS,$79.56,1439932547559,"219,022",60% bullish,of 5 ratings,$101.50
CMFN,$11.67,1439932547693,"18,158",100% bearish,of 1 rating,$15.50
CME,$98.29,1439932547724,"627,355",67% bullish,of 3 ratings,$102
CISG,$8.39,1439932547759,"82,877",100% bullish,of 5 ratings,$10
CNV,$4.79,1439932547823,"13,501",50% bullish,of 2 ratings,$7.15
CCNE,$17.36,1439932547856,"10,045",50% bullish,of 2 ratings,$21.50
CWAY,$11.51,1439932547911,200,Not yet rated,NULL,N/A
COBZ,$13.13,1439932547984,"34,452",100% bullish,of 1 rating,$14
COKE,$164.7,1439932548085,"22,020",79% bullish,of 19 ratings,N/A
CDRB,$12.98,1439932548257,"15,939",67% bullish,of 3 ratings,N/A
JVA,$4.72,1439932548302,"11,260",83% bullish,of 6 ratings,$7
CVLY,$20.83,1439932548349,272,Not yet rated,NULL,N/A
CCOI,$29.18,1439932548481,"427,399",50% bullish,of 4 ratings,$35
CDXS,$4.04,1439932548507,"78,243",64% bullish,of 11 ratings,$6
CGNT,$1.59,1439932548565,"37,640",100% bullish,of 2 ratings,$2
COHR,$58.02,1439932548786,"62,184",50% bullish,of 2 ratings,$72
CHRS,$31.99,1439932548820,"56,780",67% bearish,of 3 ratings,$37
CTSH,$67.84,1439932548850,"1,322,196",90% bullish,of 10 ratings,$74.50
CGNX,$37.1,1439932548872,"457,035",50% bullish,of 2 ratings,$47
COHU,$9.31,1439932548917,"77,219",100% bearish,of 1 rating,$14.25
CLRX,$0.495,1439932549008,"14,752",50% bullish,of 2 ratings,$1.85
CLCT,$19.76,1439932549049,"17,671",100% bearish,of 1 rating,N/A
CIGI,$47.19,1439932549205,"3,094",100% bearish,of 1 rating,$52
COLL,$15.67,1439932549274,"43,473",100% bearish,of 1 rating,$26
CBAN,$8.76,1439932549437,"4,839",Not yet rated,NULL,N/A
COLB,$33.39,1439932549570,"140,149",Not yet rated,NULL,$36
CLCD,$7.66,1439932549596,"12,312",100% bearish,of 1 rating,$20.50
CBMX,$1.24,1439932549663,"38,842",83% bullish,of 6 ratings,$3.15
CMCO,$21.36,1439932549740,"24,449",60% bullish,of 5 ratings,$28
COLM,$66.69,1439932549766,"109,840",100% bearish,of 1 rating,$71
CMCSA,$59.69,1439932549826,"6,243,099",66% bullish,of 35 ratings,$69.50
CUBN,$14.02,1439932550028,"4,278",Not yet rated,NULL,N/A
CBSH,$47.4305,1439932550067,"130,454",50% bullish,of 2 ratings,$46
CMCSK,$60.11,1439932550135,"1,810,189",Not yet rated,NULL,$84
CBSHP,$25.36,1439932550162,"5,089",100% bearish,of 1 rating,N/A
CVGI,$4.54,1439932550213,"156,747",50% bullish,of 2 ratings,$6
COMM,$31.34,1439932550241,"338,403",67% bearish,of 3 ratings,$35
JCS,$9.71,1439932550464,"2,036",67% bullish,of 3 ratings,N/A
CSAL,$23.1354,1439932550491,"370,858",75% bullish,of 4 ratings,$30
ESXB,$5.03,1439932550664,"3,200",Not yet rated,NULL,N/A
CYHHZ,$0.012,1439932550694,"443,661",100% bullish,of 1 rating,N/A
CWBC,$6.72,1439932550715,200,Not yet rated,NULL,N/A
CTBI,$35.01,1439932550748,"38,733",Not yet rated,NULL,$36
COB,$10.67,1439932550770,"18,049",100% bullish,of 1 rating,$11.50
CVLT,$37.31,1439932550906,"334,066",75% bullish,of 4 ratings,$44.50
CIZ,$35.13,1439932550967,"2,656",100% bearish,of 1 rating,N/A
CIL,NULL,1439932551101,0,Not yet rated,NULL,N/A
CDC,$36.66,1439932551137,"13,532",Not yet rated,NULL,N/A
CID,NULL,1439932551235,0,Not yet rated,NULL,N/A
CSA,$34.56,1439932551268,"1,950",Not yet rated,NULL,N/A
CFO,$37.68,1439932551372,"15,922",100% bearish,of 1 rating,N/A
CSF,$38.5,1439932551397,"3,464",100% bearish,of 1 rating,N/A
CSB,$34.6299,1439932551581,225,Not yet rated,NULL,N/A
CFA,NULL,1439932551606,0,100% bearish,of 1 rating,N/A
CDL,NULL,1439932551686,0,Not yet rated,NULL,N/A
CTG,$6.92,1439932551818,"108,215",100% bearish,of 1 rating,$8.50
CPSI,$46.06,1439932551850,"51,295",100% bearish,of 1 rating,$45.50
CGEN,$5.73,1439932551872,"80,345",50% bullish,of 2 ratings,$11
SCOR,$64.3,1439932551950,"173,773",100% bearish,of 1 rating,$66
CHCI,$0.55,1439932552130,"2,289",50% bullish,of 2 ratings,N/A
CMTL,$27.66,1439932552269,"26,081",100% bearish,of 2 ratings,$37
CNSI,$19.43,1439932552369,"51,533",100% bearish,of 2 ratings,$29
CNCE,$16.27,1439932552399,"278,986",75% bullish,of 4 ratings,$22
CXRX,$79,1439932552679,"5,953",Not yet rated,NULL,$90
CNAT,$4.49,1439932552730,"122,519",83% bullish,of 6 ratings,$13
CDOR,$1.42,1439932552764,"2,629",100% bullish,of 1 rating,N/A
CCUR,$5.22,1439932552795,"10,615",75% bullish,of 4 ratings,N/A
CDORO,$18.8999,1439932552822,480,100% bearish,of 1 rating,N/A
CFMS,$22.99,1439932552843,"186,108",Not yet rated,NULL,$27
CDORP,$6.52,1439932552880,202,100% bearish,of 1 rating,N/A
CNFR,$10.45,1439932552906,"15,563",Not yet rated,NULL,N/A
CTWS,$34.77,1439932553170,"13,600",100% bearish,of 1 rating,$44
CNXR,$6.69,1439932553199,"36,993",100% bearish,of 1 rating,$12
CNMD,$56.87,1439932553258,"61,005",Not yet rated,NULL,$59
CNOB,$20.13,1439932553284,"45,724",100% bullish,of 1 rating,$23.50
CPSS,$5.83,1439932553535,"26,602",100% bullish,of 1 rating,$10
CNSL,$20.46,1439932553581,"124,354",100% bearish,of 1 rating,$23
CTCT,$24.56,1439932553624,"190,376",67% bullish,of 3 ratings,$37
CFRXZ,$0.753,1439932553657,"2,901",Not yet rated,NULL,N/A
CWCO,$11.74,1439932553685,"33,408",67% bullish,of 3 ratings,$14.50
CONN,$33.88,1439932553706,"301,915",67% bullish,of 3 ratings,$48.50
CTRV,$4.51,1439932553744,"9,706",Not yet rated,NULL,$6.40
CFRXW,$2.205,1439932553770,"6,857",100% bearish,of 1 rating,N/A
CFRX,$5.4,1439932553975,"67,449",Not yet rated,NULL,$14
CRBP,$1.88,1439932554048,"66,572",100% bullish,of 1 rating,$6.25
CTRL,$8.24,1439932554107,"88,929",50% bullish,of 2 ratings,$11
CPRT,$36.5,1439932554150,"107,957",67% bearish,of 3 ratings,$40
BVA,$3.8201,1439932554348,700,50% bullish,of 2 ratings,N/A
CORT,$5.34,1439932554374,"95,910",67% bullish,of 3 ratings,$12
CRVL,$33.23,1439932554449,"12,120",100% bearish,of 1 rating,N/A
CORI,$11.81,1439932554479,"47,106",100% bearish,of 1 rating,$18
CSGP,$193.68,1439932554553,"55,401",50% bullish,of 2 ratings,$235
CORE,$64.18,1439932554585,"60,298",100% bearish,of 1 rating,$72
CSOD,$37.81,1439932554639,"279,692",50% bullish,of 2 ratings,$42
COST,$145.63,1439932554683,"694,971",83% bullish,of 24 ratings,$154.50
ICBK,$18.25,1439932554765,600,Not yet rated,NULL,$21
CPAH,$0.45,1439932554901,"3,880",50% bullish,of 2 ratings,N/A
COSI,$1.16,1439932554927,"54,306",100% bullish,of 1 rating,N/A
CVTI,$25.26,1439932554955,"55,605",67% bearish,of 3 ratings,$39
COVS,$2.84,1439932555119,"82,274",67% bullish,of 3 ratings,N/A
COWN,$5.46,1439932555145,"615,348",75% bullish,of 4 ratings,$7
COWNL,$26.751,1439932555358,957,Not yet rated,NULL,N/A
CBRL,$149.98,1439932555531,"131,745",50% bullish,of 2 ratings,$155
BREW,$8.18,1439932555558,"35,390",67% bullish,of 6 ratings,$15
CPSH,$2.45,1439932555579,"1,745",Not yet rated,NULL,N/A
CRAI,$22.79,1439932555622,"10,820",Not yet rated,NULL,$36
GLDI,$10.92,1439932555769,"1,900",100% bearish,of 1 rating,N/A
CRAY,$22.49,1439932555823,"209,896",83% bullish,of 6 ratings,$38.50
CACC,$202.4795,1439932555851,"58,565",50% bullish,of 2 ratings,$158.50
SLVO,$10.26,1439932555904,"13,309",100% bearish,of 1 rating,N/A
CREE,$27.13,1439932556058,"1,101,835",65% bullish,of 17 ratings,$28.50
CRESY,$11.47,1439932556187,"43,571",100% bearish,of 1 rating,$19
CCRN,$14.83,1439932556284,"288,312",100% bearish,of 1 rating,$14.25
CRDS,$1.06,1439932556316,"13,574",50% bullish,of 4 ratings,$4.50
CROX,$14.66,1439932556372,"594,307",63% bullish,of 8 ratings,$16.50
CRTO,$47.6,1439932556450,"234,415",67% bullish,of 6 ratings,$64
CYRX,$2.97,1439932556481,"24,608",Not yet rated,NULL,$9
CSGS,$32.06,1439932556507,"54,683",Not yet rated,NULL,$40
CRWS,$8.1,1439932556582,"1,550",Not yet rated,NULL,$10
CRWN,$4.79,1439932556653,"85,851",75% bullish,of 4 ratings,N/A
CYRXW,$0.85,1439932556843,"18,841",Not yet rated,NULL,N/A
CCLP,$14.67,1439932556924,"49,518",67% bearish,of 3 ratings,$21
CTCM,$1.78,1439932556950,"638,358",80% bearish,of 5 ratings,$3.90
CTIC,$1.83,1439932556980,"355,730",84% bullish,of 76 ratings,$5.75
CSPI,$6.15,1439932557013,"2,445",67% bullish,of 3 ratings,N/A
CTIB,NULL,1439932557085,0,100% bearish,of 1 rating,N/A
CTRP,$69,1439932557278,"1,330,037",75% bullish,of 8 ratings,$92
CUNB,$22.18,1439932557411,"15,931",Not yet rated,NULL,$24.50
CUI,$5.44,1439932557442,"25,082",50% bullish,of 2 ratings,$10
CRIS,$2.76,1439932557475,"240,298",100% bullish,of 8 ratings,$6
CPIX,$6.07,1439932557500,"1,287",Not yet rated,NULL,N/A
CMLS,$1.26,1439932557541,"418,076",50% bullish,of 4 ratings,$6
CUTR,$14.92,1439932557604,"35,933",67% bearish,of 3 ratings,$18
CVBF,$17.52,1439932557674,"192,936",Not yet rated,NULL,$18
CYAN,NULL,1439932557734,0,100% bearish,of 1 rating,N/A
CVV,$12.3,1439932557938,"17,722",100% bullish,of 5 ratings,N/A
CYBR,$59.5,1439932558198,"732,448",86% bullish,of 7 ratings,$66
CYBX,$59.6,1439932558229,"79,212",50% bullish,of 4 ratings,$70
CYBE,$5.9,1439932558333,"25,956",100% bearish,of 1 rating,N/A
CYCC,$0.6,1439932558410,"29,024",73% bullish,of 11 ratings,N/A
CBAY,$2.73,1439932558442,"97,166",100% bullish,of 1 rating,$4
CYNO,$34.15,1439932558469,"92,264",67% bearish,of 3 ratings,$45.50
CYCCP,NULL,1439932558490,0,100% bearish,of 1 rating,N/A
CYNA,$15.05,1439932558520,"9,791",100% bullish,of 1 rating,$33
CYRN,$1.77,1439932558649,"219,063",67% bullish,of 3 ratings,$4
CY,$10.02,1439932558757,"3,765,489",80% bullish,of 10 ratings,$15.50
CONE,$34.4831,1439932558815,"215,856",67% bearish,of 3 ratings,$35
CTSO,$7.7,1439932558855,"69,790",Not yet rated,NULL,$15.625
CYTK,$6.56,1439932558886,"100,749",71% bullish,of 14 ratings,$13.50
CYTR,$2.36,1439932558993,"455,720",67% bullish,of 6 ratings,$10
CYTX,$0.3988,1439932559018,"385,625",83% bullish,of 12 ratings,$5.50
DAEG,$0.35,1439932559239,"33,200",100% bearish,of 1 rating,N/A
TVIZ,$12.97,1439932559269,200,100% bearish,of 1 rating,N/A
TVIX,$5.62,1439932559290,"2,862,636",81% bullish,of 16 ratings,N/A
ZIV,$49.68,1439932559326,"22,959",Not yet rated,NULL,N/A
DJCO,$208.75,1439932559356,"1,376",Not yet rated,NULL,N/A
XIV,$47.79,1439932559418,"5,448,755",75% bearish,of 4 ratings,N/A
DAKT,$11.75,1439932559488,"108,092",50% bullish,of 2 ratings,$14
DARA,$0.923,1439932559515,"75,355",83% bullish,of 6 ratings,$1.50
DAIO,$2.62,1439932559731,272,Not yet rated,NULL,N/A
DTLK,$5.75,1439932559757,"53,295",100% bearish,of 1 rating,$9
DWCH,$5.42,1439932559909,"17,182",75% bullish,of 4 ratings,$8.25
PLAY,$36.26,1439932559935,"103,602",100% bullish,of 5 ratings,$42
DRAM,$1.495,1439932559963,500,78% bullish,of 9 ratings,N/A
DTEA,$12.73,1439932560013,"62,932",100% bearish,of 2 ratings,$24
DWSN,$5.09,1439932560101,"28,649",67% bullish,of 3 ratings,$6
DBVT,$43.69,1439932560171,"66,865",100% bearish,of 1 rating,$53
DHRM,$1.81,1439932560275,"5,925",Not yet rated,NULL,N/A
TACO,$13.51,1439932560406,"286,894",100% bullish,of 3 ratings,$20
DFRG,$15.21,1439932560432,"104,392",100% bearish,of 1 rating,$20
TACOW,$4.45,1439932560478,"11,310",100% bullish,of 1 rating,N/A
TRAK,$62.25,1439932560503,"140,863",50% bullish,of 2 ratings,$62.50
DCTH,$0.49,1439932560578,"80,562",78% bullish,of 9 ratings,N/A
DELT,$2.58,1439932560747,"1,900",Not yet rated,NULL,N/A
DGAS,$20.32,1439932560884,"3,402",67% bearish,of 3 ratings,N/A
DENN,$12.35,1439932560911,"319,691",100% bullish,of 3 ratings,$15
DELTW,NULL,1439932560986,0,Not yet rated,NULL,N/A
XRAY,$57.19,1439932561139,"630,516",100% bullish,of 1 rating,$58
DSCI,$6.53,1439932561165,"21,929",50% bullish,of 2 ratings,$16
DERM,$24.76,1439932561191,"42,614",100% bearish,of 1 rating,$33
DEPO,$31.85,1439932561323,"417,729",80% bullish,of 5 ratings,$32
DXM,$0.3088,1439932561373,"277,751",50% bullish,of 2 ratings,N/A
DXLG,$4.9,1439932561417,"38,149",100% bearish,of 1 rating,$8
DXCM,$96.8,1439932561557,"380,169",57% bullish,of 7 ratings,$98
DEST,$12.38,1439932561587,"33,762",50% bullish,of 2 ratings,N/A
DSWL,$1.76,1439932561618,"16,854",100% bullish,of 1 rating,N/A
DMND,$31.92,1439932561662,"91,934",75% bullish,of 12 ratings,$32
DHXM,$7.55,1439932561719,503,Not yet rated,NULL,N/A
DHIL,$192.73,1439932561849,"1,616",Not yet rated,NULL,N/A
FANG,$73.38,1439932561989,"391,295",50% bullish,of 2 ratings,$86
DCIX,$1.87,1439932562019,"10,950",50% bullish,of 4 ratings,$3.50
DRNA,$10.16,1439932562119,"85,612",67% bearish,of 3 ratings,$25
DMRC,$37.21,1439932562149,"40,346",100% bearish,of 1 rating,$44
DGII,$9.94,1439932562182,"158,492",100% bearish,of 1 rating,$10
DGLY,$7.45,1439932562279,"181,044",50% bullish,of 6 ratings,$20
DRAD,$4.04,1439932562373,"8,565",100% bullish,of 1 rating,$5.25
APPS,$2.29,1439932562569,"81,593",100% bearish,of 1 rating,$10.25
DCOM,$17.23,1439932562596,"35,049",100% bearish,of 2 ratings,$16.50
DISCB,NULL,1439932562727,0,100% bearish,of 1 rating,$35
DIOD,$19.87,1439932562756,"161,227",75% bearish,of 4 ratings,$24
DISCA,$29.05,1439932562779,"927,066",67% bullish,of 3 ratings,$34
DPRX,$13.5,1439932562801,"8,861",100% bullish,of 2 ratings,$27.75
DSCO,$0.4575,1439932562944,"184,904",83% bullish,of 6 ratings,$2.75
DISH,$66.68,1439932563111,"478,151",69% bullish,of 13 ratings,$73
DISCK,$27.75,1439932563140,"1,510,295",100% bearish,of 1 rating,$40
DVCR,$11.7,1439932563162,"2,875",100% bullish,of 1 rating,N/A
DLHC,$2.6,1439932563200,942,100% bearish,of 1 rating,N/A
BAGR,$2.98,1439932563222,"26,161",100% bearish,of 1 rating,$6
DLTR,$79.37,1439932563243,"701,290",82% bullish,of 11 ratings,$88
DNBF,$26.5,1439932563418,302,Not yet rated,NULL,$27.50
DGICA,$14.58,1439932563475,"7,501",100% bearish,of 1 rating,$17
DGICB,$20.05,1439932563579,4,100% bearish,of 1 rating,N/A
DORM,$51.47,1439932563605,"150,158",100% bearish,of 1 rating,$56
DMLP,$14.71,1439932563741,"94,892",100% bearish,of 1 rating,N/A
DRWI,$0.285,1439932563804,"99,467",60% bullish,of 5 ratings,$.45
HILL,$5.18,1439932563876,"374,983",60% bearish,of 5 ratings,$8
DWA,$19.44,1439932563947,"218,598",63% bullish,of 8 ratings,$26
DRWIW,$0.0695,1439932563980,"9,897",Not yet rated,NULL,N/A
DSKX,$3.41,1439932564002,"255,595",100% bullish,of 1 rating,N/A
DRYS,$0.34,1439932564037,"2,899,581",77% bullish,of 31 ratings,$.60
DSPG,$8.79,1439932564059,"59,344",100% bearish,of 1 rating,$13.50
CADT,NULL,1439932564195,0,Not yet rated,NULL,N/A
CADTR,NULL,1439932564293,0,Not yet rated,NULL,N/A
CADTU,NULL,1439932564323,0,Not yet rated,NULL,N/A
CADTW,NULL,1439932564393,0,Not yet rated,NULL,N/A
DTSI,$27.37,1439932564526,"74,080",100% bearish,of 2 ratings,$39.50
DXPE,$29.92,1439932564734,"236,525",50% bullish,of 2 ratings,N/A
DYAX,$23.17,1439932564766,"356,426",89% bullish,of 9 ratings,$30
BOOM,$10.09,1439932564796,"29,617",67% bullish,of 3 ratings,$12
DRRX,$2.11,1439932564822,"225,204",50% bullish,of 6 ratings,$3
DYSL,$1.46,1439932564869,"52,136",100% bullish,of 2 ratings,N/A
DVAX,$29.8,1439932564967,"207,362",70% bullish,of 10 ratings,$40
DYNT,$3.08,1439932564997,400,75% bullish,of 4 ratings,N/A
ETFC,$28.18,1439932565186,"1,248,426",57% bullish,of 14 ratings,$33
EBMT,$11.4069,1439932565218,500,Not yet rated,NULL,$13.50
EGBN,$44.84,1439932565318,"58,505",Not yet rated,NULL,$48
EGLE,$7.12,1439932565417,"22,006",60% bullish,of 5 ratings,N/A
EGRX,$68.44,1439932565445,"154,063",67% bullish,of 3 ratings,$97
EROC,$1.43,1439932565522,"192,671",50% bullish,of 2 ratings,$3
ELNK,$9.18,1439932565665,"617,363",80% bullish,of 5 ratings,$9.50
DNKN,$51.37,1439932565835,"540,188",67% bullish,of 15 ratings,$56.50
EBAY,$27.77,1439932565931,"6,428,614",81% bullish,of 117 ratings,$48
EWBC,$45.051,1439932565961,"286,349",100% bearish,of 1 rating,$50
EML,$17.05,1439932565983,"1,849",Not yet rated,NULL,N/A
EVBS,$6.46,1439932566014,"6,477",Not yet rated,NULL,$7
EACQU,$10.2,1439932566035,"3,627",Not yet rated,NULL,N/A
EBIX,$29.84,1439932566071,"141,889",69% bullish,of 13 ratings,$40
ELON,$0.55,1439932566306,"65,153",50% bullish,of 2 ratings,N/A
ECHO,$25.8,1439932566414,"382,950",67% bearish,of 3 ratings,$35.50
SATS,$46.55,1439932566464,"66,588",50% bullish,of 2 ratings,$60
EEI,$11.17,1439932566521,911,67% bearish,of 3 ratings,N/A
EDAP,$3.53,1439932566607,"7,347",60% bullish,of 5 ratings,$4.50
ECACU,NULL,1439932566689,0,Not yet rated,NULL,N/A
ECTE,$1.59,1439932566739,"15,543",75% bullish,of 4 ratings,N/A
ESES,$3.35,1439932566765,"4,736",100% bearish,of 1 rating,$7
EDGW,$7.17,1439932566796,300,100% bearish,of 1 rating,N/A
EDUC,$4.71,1439932566817,"4,559",100% bearish,of 1 rating,N/A
EFUT,$4.35,1439932566953,"16,007",Not yet rated,NULL,N/A
LOCO,$14.08,1439932567061,"855,640",69% bullish,of 13 ratings,$23
EGAN,$3.5,1439932567092,"3,750",50% bullish,of 2 ratings,$6.25
EGLT,$12.29,1439932567118,"15,992",50% bullish,of 2 ratings,$21
EHTH,$14.91,1439932567194,"87,214",50% bullish,of 4 ratings,$16.50
EMITF,$1.26,1439932567298,"6,773",75% bullish,of 4 ratings,N/A
ESLT,$82.67,1439932567478,"6,351",100% bullish,of 2 ratings,N/A
ELRC,$10.27,1439932567509,"18,509",100% bearish,of 1 rating,N/A
EFII,$45.49,1439932567613,"206,303",80% bullish,of 5 ratings,$55
EA,$73.85,1439932567650,"1,682,099",77% bullish,of 35 ratings,$80
ESIO,$4.59,1439932567671,"51,944",50% bullish,of 2 ratings,$10
ERI,$9.72,1439932567702,"103,695",100% bearish,of 1 rating,$10
ELEC,NULL,1439932567744,0,Not yet rated,NULL,N/A
ELSE,$3.99,1439932567875,800,60% bullish,of 5 ratings,N/A
ELECU,NULL,1439932567934,0,Not yet rated,NULL,N/A
ELECW,NULL,1439932567959,0,Not yet rated,NULL,N/A
EBIO,$4.05,1439932568091,"735,047",100% bearish,of 2 ratings,$8.35
RDEN,$10.62,1439932568150,"127,646",100% bearish,of 4 ratings,$15
LONG,$17.18,1439932568293,"39,477",67% bullish,of 3 ratings,$15.75
CAPX,$23.93,1439932568321,104,Not yet rated,NULL,N/A
ELTK,$1.04,1439932568354,"10,291",67% bearish,of 3 ratings,N/A
ESBK,$20.0578,1439932568375,"1,725",Not yet rated,NULL,N/A
EMCI,$23.93,1439932568456,"12,854",Not yet rated,NULL,N/A
EMCF,NULL,1439932568517,0,100% bearish,of 1 rating,N/A
EMKR,$7.2,1439932568608,"153,571",75% bullish,of 4 ratings,$8.50
EMMS,$1.23,1439932568845,"13,275",67% bullish,of 6 ratings,N/A
NYNY,$4.28,1439932568878,"23,137",50% bullish,of 2 ratings,N/A
EMMSP,$3.4,1439932568899,300,100% bearish,of 1 rating,N/A
ERS,$2.9,1439932568979,"12,800",Not yet rated,NULL,N/A
ENTA,$40.38,1439932569110,"100,933",50% bullish,of 2 ratings,$42
WIRE,$33.97,1439932569295,"101,787",100% bearish,of 1 rating,$37
ECPG,$40.43,1439932569328,"121,793",100% bullish,of 2 ratings,$52
ENDP,$85.41,1439932569349,"498,700",50% bullish,of 6 ratings,$104
EIGI,$15.97,1439932569433,"326,626",67% bearish,of 3 ratings,$20
ELGX,$13.14,1439932569494,"433,070",75% bullish,of 4 ratings,$17
ECYT,$5.28,1439932569523,"116,666",83% bullish,of 6 ratings,$12
WATT,$7.05,1439932569576,"79,195",50% bullish,of 2 ratings,$13
EFOI,$15.2,1439932569603,"165,290",50% bullish,of 2 ratings,$17
EXXI,$1.72,1439932569783,"889,403",86% bullish,of 7 ratings,$3.50
ERII,$3.03,1439932569810,"104,136",80% bullish,of 5 ratings,$2.50
ENOC,$8.62,1439932569983,"148,173",75% bullish,of 4 ratings,$18
ENPH,$5.01,1439932570014,"858,931",75% bullish,of 4 ratings,$11
ENG,$1.04,1439932570036,"21,129",100% bullish,of 3 ratings,N/A
ENFC,$18.5,1439932570115,"2,500",Not yet rated,NULL,N/A
ESGR,$156.5,1439932570177,"120,632",100% bearish,of 1 rating,$185
ETRM,$0.28,1439932570213,"639,635",69% bearish,of 35 ratings,$1.625
ENTL,$23.11,1439932570395,"101,504",Not yet rated,NULL,$28
EFSC,$24.88,1439932570425,"236,234",Not yet rated,NULL,$27
EBTC,$20.8,1439932570458,"2,122",Not yet rated,NULL,N/A
ENTG,$14.47,1439932570528,"350,929",100% bearish,of 1 rating,$18
EGT,$2.38,1439932570554,"7,205",100% bullish,of 1 rating,N/A
ENZN,$1.07,1439932570634,"506,742",100% bullish,of 9 ratings,N/A
ENVI,$1.76,1439932570707,"19,694",67% bullish,of 3 ratings,N/A
ENZY,$8.71,1439932570866,"7,112",67% bullish,of 3 ratings,$9.50
EPRS,$5,1439932570904,"56,134",82% bullish,of 11 ratings,$15
EPIQ,$14.1,1439932570929,"43,363",100% bearish,of 1 rating,$18
PLUS,$74.87,1439932570972,"23,891",50% bullish,of 2 ratings,$88
EPZM,$17.54,1439932570998,"262,191",60% bullish,of 5 ratings,$34
EQIX,$287.42,1439932571138,"178,766",67% bullish,of 3 ratings,$312.50
EQFN,$8.31,1439932571271,"1,406",Not yet rated,NULL,N/A
ERIC,$10.48,1439932571404,"1,038,227",63% bullish,of 8 ratings,$13.30
EAC,$3.62,1439932571434,"41,560",100% bearish,of 1 rating,$8
ESCR,$0.2099,1439932571456,"21,540",50% bullish,of 2 ratings,N/A
ESCA,$18.04,1439932571478,"9,132",100% bearish,of 1 rating,$22
ERIE,$87.8024,1439932571500,"14,878",Not yet rated,NULL,$73
ESCRP,$1.69,1439932571629,"2,463",100% bearish,of 1 rating,N/A
ESMC,NULL,1439932571717,0,Not yet rated,NULL,N/A
ESPR,$65.12,1439932571851,"3,553,432",67% bearish,of 9 ratings,$130
ESSA,$12.86,1439932571882,"2,288",100% bearish,of 1 rating,N/A
EPIX,$7,1439932571911,180,Not yet rated,NULL,N/A
ESSX,$0.4501,1439932571942,"11,169",50% bullish,of 2 ratings,N/A
ESND,$35.99,1439932571964,"102,158",100% bearish,of 1 rating,$40
ETSY,$15.86,1439932572219,"484,293",80% bullish,of 5 ratings,$16
CLWT,$2.5501,1439932572346,"1,600",100% bearish,of 1 rating,N/A
EVEP,$8.65,1439932572387,"310,103",50% bullish,of 2 ratings,$15
ESEA,$6.26,1439932572447,"1,442",100% bullish,of 1 rating,$15
EEFT,$68.66,1439932572682,"143,373",100% bearish,of 1 rating,$67.50
EVLV,$2.24,1439932572708,"124,405",60% bullish,of 5 ratings,$6.50
EVK,$4.07,1439932572781,330,75% bearish,of 4 ratings,N/A
EXA,$10.695,1439932572866,"25,052",100% bearish,of 1 rating,$13
EVOL,$6.4,1439932572938,"20,863",75% bullish,of 4 ratings,$10
EVOK,$5.11,1439932572998,"1,480,628",100% bearish,of 1 rating,$13.75
EXAS,$23.04,1439932573082,"510,870",78% bullish,of 9 ratings,$31
EXAC,$18.51,1439932573155,"34,364",100% bearish,of 1 rating,$22.50
EXEL,$5.72,1439932573249,"2,165,250",81% bullish,of 16 ratings,$6
EXFO,$2.82,1439932573328,"6,591",67% bearish,of 3 ratings,$3.95
EXLS,$36.94,1439932573458,"70,520",100% bullish,of 1 rating,$41
EXPD,$49.66,1439932573489,"962,796",80% bullish,of 5 ratings,$50.50
EXPE,$123.32,1439932573521,"579,507",64% bullish,of 11 ratings,$130
EXPO,$43.85,1439932573560,"32,471",100% bearish,of 1 rating,$45.50
ESRX,$89.87,1439932573626,"3,669,709",67% bearish,of 6 ratings,$101
EXLP,$20.71,1439932573691,"26,120",100% bearish,of 1 rating,$27
EXTR,$3.01,1439932573791,"476,962",80% bullish,of 5 ratings,$3
EYEG,$4.57,1439932573850,"12,005",Not yet rated,NULL,N/A
FFIV,$133,1439932574043,"439,603",71% bullish,of 7 ratings,$132
EZCH,$22.06,1439932574070,"175,493",75% bullish,of 8 ratings,$19.50
EYEGW,NULL,1439932574091,0,Not yet rated,NULL,N/A
EZPW,$6.08,1439932574122,"117,384",50% bullish,of 4 ratings,$7.50
FCS,$14.17,1439932574283,"381,367",67% bearish,of 3 ratings,$17
FB,$95.23,1439932574308,"13,689,463",73% bullish,of 1064 ratings,$111
FRP,$17.73,1439932574450,"72,035",100% bearish,of 1 rating,$18
FWM,$2.29,1439932574632,"122,352",100% bearish,of 2 ratings,$3.20
DAVE,$14.95,1439932574675,"14,817",100% bearish,of 1 rating,$15.50
FALC,$1.65,1439932574705,"61,852",63% bearish,of 8 ratings,N/A
FARM,$22.4,1439932574731,"9,490",100% bearish,of 1 rating,$35
FFKT,$27.56,1439932574807,"10,659",Not yet rated,NULL,$29
FARO,$40.68,1439932574944,"86,933",50% bullish,of 2 ratings,$48
FMNB,$8.11,1439932574972,"12,642",Not yet rated,NULL,N/A
FAST,$40.72,1439932575123,"1,019,305",80% bullish,of 5 ratings,$46
FATE,$7.75,1439932575150,"73,050",100% bearish,of 1 rating,$11
FDML,$9.69,1439932575341,"123,205",50% bullish,of 4 ratings,$14
FBSS,NULL,1439932575367,0,Not yet rated,NULL,N/A
FBRC,$23.69,1439932575505,"38,972",100% bearish,of 1 rating,$29
FNHC,$23.16,1439932575533,"96,822",100% bearish,of 1 rating,$35
FENX,$9.71,1439932575562,"31,934",100% bullish,of 1 rating,$14.25
FHCO,$1.49,1439932575592,"22,719",50% bullish,of 4 ratings,N/A
FEIC,$81.46,1439932575690,"269,649",50% bullish,of 2 ratings,$95.50
FCSC,$6.26,1439932575795,"114,934",100% bearish,of 1 rating,$8.125
FGEN,$24.77,1439932575823,"351,328",100% bearish,of 1 rating,$39
ONEQ,$199.01,1439932575953,"50,084",100% bullish,of 1 rating,N/A
FDUS,$14.9,1439932575983,"47,456",100% bullish,of 1 rating,$18
LION,$20.16,1439932576086,"77,255",100% bullish,of 1 rating,$20
FRGI,$54.48,1439932576251,"98,965",50% bullish,of 2 ratings,$70
FSC,$6.48,1439932576479,"508,206",75% bullish,of 4 ratings,$8
FSCFL,$25,1439932576528,"7,363",Not yet rated,NULL,N/A
FITBI,$27.77,1439932576561,"21,230",Not yet rated,NULL,N/A
FSFR,$9.1,1439932576583,"92,362",100% bearish,of 1 rating,$11.50
FITB,$21.16,1439932576616,"2,430,941",54% bullish,of 13 ratings,$22
FSAM,$8.78,1439932576644,"13,457",100% bearish,of 1 rating,$11
FISI,$24.76,1439932576673,"14,068",100% bullish,of 2 ratings,$24.50
FNGN,$35.7,1439932576806,"258,282",67% bullish,of 3 ratings,$47
FNTC,NULL,1439932577017,0,Not yet rated,NULL,N/A
FNSR,$17.11,1439932577043,"972,896",86% bullish,of 7 ratings,$25
FNJN,$1.685,1439932577065,"19,702",100% bearish,of 1 rating,$5
FNTCU,NULL,1439932577097,0,Not yet rated,NULL,N/A
FNTCW,NULL,1439932577234,0,Not yet rated,NULL,N/A
FEYE,$43.25,1439932577283,"2,218,662",87% bullish,of 15 ratings,$55.50
FBNC,$17.14,1439932577491,"11,344",100% bullish,of 1 rating,$20
FBIZ,$44.03,1439932577523,"9,070",100% bearish,of 2 ratings,$52
FRBA,$6.04,1439932577556,895,Not yet rated,NULL,$8
BUSE,$6.44,1439932577579,"46,130",Not yet rated,NULL,$6.875
FNLC,$18.82,1439932577600,"9,349",100% bullish,of 1 rating,N/A
FCAP,NULL,1439932577651,0,Not yet rated,NULL,N/A
FCVA,NULL,1439932577736,0,Not yet rated,NULL,N/A
FCFS,$38.29,1439932577764,"68,796",100% bearish,of 2 ratings,$48
FCNCA,$249.29,1439932577978,"4,628",Not yet rated,NULL,N/A
FCLF,$9.48,1439932578135,"1,120",Not yet rated,NULL,N/A
FCBC,$18.03,1439932578183,"14,655",Not yet rated,NULL,$17
FBNK,$16.28,1439932578208,"10,319",100% bearish,of 1 rating,$17.50
FCFP,$6.99,1439932578234,200,Not yet rated,NULL,N/A
FCCO,$12.02,1439932578264,"1,707",Not yet rated,NULL,$13.25
FFNM,$6.34,1439932578293,57,Not yet rated,NULL,N/A
FDEF,$37.59,1439932578397,"25,519",Not yet rated,NULL,$38
FFBC,$19.45,1439932578457,"123,044",67% bearish,of 3 ratings,$20.25
FFNW,$12.5,1439932578954,"3,992",Not yet rated,NULL,$14
THFF,$33.78,1439932578984,"19,820",Not yet rated,NULL,$35
FFIN,$32.61,1439932579006,"95,029",50% bullish,of 2 ratings,$31.75
FFWM,$21.4,1439932579045,"10,703",Not yet rated,NULL,$24
FFBCW,NULL,1439932579080,0,100% bearish,of 1 rating,N/A
INBK,$34.77,1439932579178,"12,312",50% bullish,of 2 ratings,$37
FIBK,$28.06,1439932579419,"31,955",Not yet rated,NULL,$32
FRME,$26.08,1439932579512,"39,839",Not yet rated,NULL,$26.50
FMBH,NULL,1439932579647,0,Not yet rated,NULL,N/A
FMBI,$18.6,1439932579675,"220,738",Not yet rated,NULL,$20
FNBC,$35.8,1439932579717,"83,969",Not yet rated,NULL,$41
FNFG,$9.788,1439932579804,"1,028,064",80% bullish,of 5 ratings,$9
FSFG,$31.2,1439932579937,103,Not yet rated,NULL,N/A
FSGI,$2.47,1439932579964,"1,972",Not yet rated,NULL,N/A
FNWB,$12.24,1439932580099,"6,538",Not yet rated,NULL,N/A
FSLR,$51.63,1439932580127,"1,003,054",74% bullish,of 39 ratings,$65
FBZ,NULL,1439932580163,0,Not yet rated,NULL,N/A
FSBK,$7.85,1439932580196,"6,157",100% bullish,of 1 rating,N/A
FCAN,$25.6,1439932580295,315,Not yet rated,NULL,N/A
FTCS,$38.74,1439932580366,"17,670",Not yet rated,NULL,N/A
BICK,$20.655,1439932580426,306,100% bullish,of 1 rating,N/A
IFV,$18.75,1439932580564,"404,983",100% bearish,of 1 rating,N/A
FCA,$22.43,1439932580592,"4,514",Not yet rated,NULL,N/A
FV,$24.81,1439932580798,"1,207,866",Not yet rated,NULL,N/A
FTSM,$59.94,1439932580827,"28,813",100% bearish,of 1 rating,N/A
FEMB,NULL,1439932580894,0,Not yet rated,NULL,N/A
FEUZ,$32.79,1439932581049,"2,080",Not yet rated,NULL,N/A
MDIV,$19.88,1439932581078,"126,817",Not yet rated,NULL,N/A
TDIV,$25.92,1439932581109,"106,063",100% bearish,of 1 rating,N/A
FTGC,$22.64,1439932581136,"46,352",Not yet rated,NULL,N/A
FGM,$37.2,1439932581208,"9,246",Not yet rated,NULL,N/A
HYLS,$49.79,1439932581264,"224,235",100% bearish,of 1 rating,N/A
FTHI,NULL,1439932581362,0,Not yet rated,NULL,N/A
FHK,$35.33,1439932581434,"33,035",Not yet rated,NULL,N/A
FPXI,NULL,1439932582007,0,Not yet rated,NULL,N/A
CU,$12.99,1439932582038,"5,345",100% bearish,of 1 rating,N/A
SKYY,$30.64,1439932582060,"48,763",100% bullish,of 1 rating,N/A
PLTM,$6.42,1439932582082,"2,900",100% bearish,of 1 rating,N/A
YDIV,NULL,1439932582103,0,Not yet rated,NULL,N/A
FJP,$50.2,1439932582125,"10,545",Not yet rated,NULL,N/A
FTLB,NULL,1439932582155,0,100% bearish,of 1 rating,N/A
QABA,$39.64,1439932582409,"12,025",100% bearish,of 1 rating,N/A
LMBS,$50.49,1439932582439,500,Not yet rated,NULL,N/A
FMB,$50.76,1439932582475,"3,718",Not yet rated,NULL,N/A
CIBR,$19.58,1439932582501,"52,550",Not yet rated,NULL,N/A
QCLN,$16.09,1439932582573,"9,432",Not yet rated,NULL,N/A
FONE,$36.81,1439932582604,22,Not yet rated,NULL,N/A
RDVY,$22.57,1439932582902,"7,829",Not yet rated,NULL,N/A
GRID,$34.48,1439932582928,526,100% bearish,of 1 rating,N/A
CARZ,$36.71,1439932582978,"2,005",100% bearish,of 1 rating,N/A
QQEW,$44.17,1439932583006,"15,029",Not yet rated,NULL,N/A
QTEC,$42.15,1439932583071,"20,954",Not yet rated,NULL,N/A
FTSL,$48.97,1439932583165,"33,370",100% bearish,of 1 rating,N/A
AIRR,$17,1439932583300,"3,412",100% bearish,of 1 rating,N/A
QINC,$21.59,1439932583329,"1,702",Not yet rated,NULL,N/A
FKO,$23.83,1439932583359,"1,950",Not yet rated,NULL,N/A
QQXT,$42.93,1439932583431,"8,476",Not yet rated,NULL,N/A
FTW,$31.43,1439932583569,"7,750",Not yet rated,NULL,N/A
FDIV,$48.35,1439932583603,"1,050",100% bearish,of 1 rating,N/A
FSZ,$40.45,1439932583629,"15,503",Not yet rated,NULL,N/A
TUSA,$26.2754,1439932583656,490,Not yet rated,NULL,N/A
FKU,$43.98,1439932584003,"19,456",Not yet rated,NULL,N/A
SVVC,$10.86,1439932584063,"13,325",100% bullish,of 1 rating,$26
FUNC,$8.28,1439932584095,"1,900",Not yet rated,NULL,N/A
FISV,$90.28,1439932584116,"347,547",100% bearish,of 3 ratings,$90
FMER,$18.79,1439932584138,"733,745",50% bullish,of 2 ratings,$20
FSV,$32.63,1439932584177,"15,315",Not yet rated,NULL,$33.60
FIVE,$37.74,1439932584272,"201,860",75% bearish,of 4 ratings,$44
FPRX,$18.7,1439932584307,"272,690",50% bullish,of 2 ratings,$35
FLKS,$14.66,1439932584496,"35,258",50% bullish,of 2 ratings,$27
FLXN,$24.21,1439932584577,"73,552",100% bearish,of 1 rating,$39.50
FIVN,$4.19,1439932584603,"190,872",100% bullish,of 1 rating,$8.50
FLML,$21.27,1439932584661,"71,073",50% bullish,of 2 ratings,$30
MBSD,$24.85,1439932584895,"1,080",Not yet rated,NULL,N/A
FLXS,$41.59,1439932584949,"15,452",100% bearish,of 2 ratings,N/A
SKOR,$50.01,1439932584978,704,Not yet rated,NULL,N/A
FLIR,$30.37,1439932585001,"343,083",100% bearish,of 1 rating,$38.50
FLDM,$12.84,1439932585028,"251,790",67% bearish,of 3 ratings,$21.50
FLEX,$11.1464,1439932585054,"1,073,184",63% bullish,of 8 ratings,$12
FFIC,$20.95,1439932585202,"33,545",Not yet rated,NULL,$21
FOMX,$10.62,1439932585240,"167,381",50% bullish,of 2 ratings,$23.50
FONR,$9.52,1439932585401,"6,961",100% bullish,of 1 rating,N/A
FOGO,$19.71,1439932585429,"100,060",50% bullish,of 2 ratings,$25.50
FORM,$6.41,1439932585456,"307,340",67% bullish,of 3 ratings,$10.50
FES,$0.934,1439932585477,"3,000",50% bullish,of 2 ratings,$1
FORR,$32.33,1439932585671,"24,257",Not yet rated,NULL,N/A
FORTY,NULL,1439932585771,0,Not yet rated,NULL,N/A
FTNT,$47.75,1439932585824,"765,781",80% bullish,of 10 ratings,$52
FWRD,$49.1,1439932585854,"133,679",100% bearish,of 1 rating,$50
FBIO,$3.03,1439932585922,"92,644",83% bullish,of 6 ratings,N/A
FOSL,$62.24,1439932585948,"565,654",50% bullish,of 4 ratings,$70
FWP,$27.23,1439932585982,"47,122",100% bearish,of 1 rating,$45
FORD,$1.1,1439932586010,"138,833",50% bullish,of 2 ratings,N/A
FMI,$20.12,1439932586249,"210,102",100% bearish,of 2 ratings,$27.50
FXCB,$17.46,1439932586277,"6,066",Not yet rated,NULL,$19
FOXF,$15.71,1439932586328,"49,101",100% bearish,of 1 rating,$19
FRAN,$10.31,1439932586353,"1,427,913",50% bullish,of 4 ratings,$15
FELE,$29.82,1439932586521,"308,186",50% bullish,of 4 ratings,$33
FRED,$14.51,1439932586573,"100,148",50% bullish,of 2 ratings,$16.50
FREE,$0.511,1439932586599,"492,624",92% bullish,of 12 ratings,N/A
RAIL,$21.8,1439932586635,"77,132",100% bearish,of 1 rating,$24.50
FTRPR,$105.74,1439932586728,"37,800",100% bearish,of 1 rating,N/A
FTR,$5.42,1439932586758,"11,921,442",78% bullish,of 27 ratings,$6.25
FRPT,$14.23,1439932586790,"193,074",67% bearish,of 3 ratings,$23.50
FEIM,$11,1439932586857,"2,668",100% bearish,of 1 rating,N/A
FRPH,$31.39,1439932586955,"2,006",100% bearish,of 1 rating,N/A
FTD,$30.86,1439932587085,"129,214",100% bearish,of 1 rating,$40
FSBW,$23.48,1439932587112,"1,753",Not yet rated,NULL,N/A
FSYS,$6.58,1439932587243,"21,723",67% bullish,of 3 ratings,$10
FCEL,$0.825,1439932587275,"536,750",88% bullish,of 40 ratings,$2.65
FTEK,$2.17,1439932587407,"19,506",75% bullish,of 4 ratings,N/A
FULLL,$25.6299,1439932587492,200,Not yet rated,NULL,N/A
FULL,$3.2,1439932587518,"27,407",67% bearish,of 3 ratings,$4.25
FSNN,$2.65,1439932587546,"1,150",67% bullish,of 3 ratings,$6
FULT,$13.13,1439932587575,"631,952",100% bearish,of 1 rating,$13
FLL,$1.55,1439932587724,"14,796",75% bullish,of 4 ratings,$2.825
FFHL,NULL,1439932587756,0,50% bullish,of 4 ratings,N/A
FXENP,$16.5,1439932587943,"1,355",100% bearish,of 1 rating,N/A
GK,$71.89,1439932587998,"53,070",Not yet rated,NULL,$78
WILC,$5.19,1439932588051,"3,566",100% bullish,of 2 ratings,N/A
FXEN,$1.03,1439932588078,"99,072",75% bullish,of 4 ratings,$1.10
GAIA,$6.01,1439932588213,"40,817",50% bullish,of 2 ratings,$8.50
GALTU,NULL,1439932588285,0,100% bearish,of 1 rating,N/A
GLPG,$64.04,1439932588311,"41,716",100% bullish,of 1 rating,$75
GALT,$2.17,1439932588443,"38,281",80% bullish,of 5 ratings,N/A
GALTW,$0.65,1439932588485,"18,100",100% bullish,of 1 rating,N/A
GALE,$1.45,1439932588518,"761,565",89% bullish,of 47 ratings,$4
GLPI,$33.5433,1439932588622,"247,636",100% bearish,of 1 rating,$37.50
GPIC,$10.84,1439932588650,"1,255",100% bearish,of 1 rating,N/A
GLMD,$8.96,1439932588676,"3,890",67% bullish,of 3 ratings,$20.50
GRMN,$40.29,1439932588728,"462,932",50% bullish,of 6 ratings,$48
GGACR,$0.2,1439932588935,"8,200",100% bullish,of 1 rating,N/A
GGAC,$9.82,1439932588995,750,100% bearish,of 1 rating,N/A
GARS,$14.78,1439932589062,"14,960",Not yet rated,NULL,$16
GGACW,$0.12,1439932589124,"11,870",Not yet rated,NULL,N/A
GGACU,NULL,1439932589157,0,Not yet rated,NULL,N/A
GNCMA,$17.83,1439932589215,"72,793",100% bearish,of 1 rating,$12
GENC,$9.47,1439932589288,"1,100",100% bearish,of 1 rating,N/A
GFN,$3.98,1439932589379,"17,606",100% bearish,of 2 ratings,$8
GFNCP,$97.9999,1439932589449,310,Not yet rated,NULL,N/A
GENE,$2.72,1439932589477,"68,689",100% bullish,of 12 ratings,N/A
GFNSL,$25.8,1439932589612,"5,050",Not yet rated,NULL,N/A
GNCA,$12.86,1439932589640,"161,042",100% bearish,of 1 rating,$20
GNMK,$9.45,1439932589705,"89,094",67% bullish,of 6 ratings,$14
GHDX,$26.47,1439932589773,"187,985",50% bullish,of 2 ratings,$30
GNVC,$2.41,1439932589935,"4,378",90% bullish,of 10 ratings,$8.50
THRM,$48.4,1439932589963,"151,404",75% bearish,of 4 ratings,$55.50
GNTX,$15.91,1439932590039,"1,392,651",Not yet rated,NULL,$20
GTWN,$18.98,1439932590178,"3,815",Not yet rated,NULL,N/A
GEVO,$2.26,1439932590206,"420,016",75% bullish,of 12 ratings,N/A
GERN,$3.36,1439932590236,"1,346,138",88% bullish,of 16 ratings,$5.25
GABC,$29.48,1439932590264,"10,803",Not yet rated,NULL,$31.50
GEOS,$15.58,1439932590285,"75,088",100% bearish,of 3 ratings,$25.50
ROCK,$18.6,1439932590528,"86,185",80% bullish,of 5 ratings,$24
GIGA,$1.44,1439932590578,"3,566",100% bearish,of 1 rating,N/A
GIGM,$0.6533,1439932590636,"28,300",100% bullish,of 2 ratings,N/A
GILT,$4.56,1439932590781,"12,528",50% bullish,of 2 ratings,N/A
GBCI,$28.05,1439932590830,"118,437",50% bullish,of 2 ratings,$31
GIII,$69.44,1439932590857,"112,574",67% bullish,of 3 ratings,$75
GILD,$117.06,1439932590920,"3,634,889",91% bullish,of 86 ratings,$129
GLADO,$25.5,1439932591083,"2,150",Not yet rated,NULL,N/A
GOODN,$25.67,1439932591163,91,Not yet rated,NULL,N/A
GOOD,$15.79,1439932591191,"29,694",Not yet rated,NULL,$19
GLAD,$8.22,1439932591249,"46,743",50% bullish,of 2 ratings,$8.75
GOODO,$25.25,1439932591405,404,Not yet rated,NULL,N/A
GAIN,$7.92,1439932591465,"85,937",100% bullish,of 2 ratings,$8.25
GOODP,$25.25,1439932591495,950,Not yet rated,NULL,N/A
GAINN,$25.16,1439932591521,"4,450",Not yet rated,NULL,N/A
GAINO,$25.29,1439932591749,"2,735",Not yet rated,NULL,N/A
GAINP,$26.09,1439932591781,"1,562",Not yet rated,NULL,N/A
LAND,$9.395,1439932591885,"27,447",50% bullish,of 2 ratings,$13.75
GBT,$44.83,1439932591915,"418,401",Not yet rated,NULL,N/A
GDEF,NULL,1439932592017,0,Not yet rated,NULL,N/A
GLBZ,$12.12,1439932592096,376,Not yet rated,NULL,N/A
GBLI,$26.99,1439932592156,"18,474",Not yet rated,NULL,N/A
ENT,$12.71,1439932592184,"248,863",100% bearish,of 1 rating,$18
GPACU,$10.05,1439932592333,500,Not yet rated,NULL,N/A
QQQC,$21.13,1439932592361,"3,062",100% bearish,of 1 rating,N/A
ACTX,$14.24,1439932592402,200,100% bullish,of 1 rating,N/A
GSOL,$8.62,1439932592502,"15,851",100% bearish,of 1 rating,N/A
SOCL,$18.47,1439932592531,"46,386",100% bullish,of 2 ratings,N/A
ALTY,NULL,1439932592572,0,Not yet rated,NULL,N/A
SRET,$13.8973,1439932592601,840,Not yet rated,NULL,N/A
YLCO,$12.36,1439932592738,"2,202",Not yet rated,NULL,N/A
GAI,$5.47,1439932592765,870,50% bullish,of 2 ratings,N/A
GSM,$13.74,1439932592903,"236,068",50% bullish,of 2 ratings,$24.50
GBIM,$2.11,1439932593009,"28,299",50% bullish,of 2 ratings,N/A
GLUU,$4.7,1439932593041,"1,747,331",92% bullish,of 26 ratings,$9
GLBS,$1.4,1439932593066,"8,900",67% bullish,of 3 ratings,N/A
GLRI,$1.22,1439932593146,"5,513",100% bearish,of 1 rating,$6
GLYC,$7.4,1439932593206,"4,408",50% bullish,of 2 ratings,$14
GOGO,$16.29,1439932593276,"482,778",80% bullish,of 5 ratings,$25
GLNG,$39.37,1439932593377,"455,933",83% bullish,of 6 ratings,$58
GMLP,$20.09,1439932593418,"121,346",50% bullish,of 4 ratings,$32.50
GLDC,NULL,1439932593480,0,50% bullish,of 2 ratings,N/A
GOGL,$3.49,1439932593577,"143,360",75% bullish,of 4 ratings,$5
GDEN,$9.15,1439932593639,800,50% bullish,of 2 ratings,N/A
GTIM,$7.02,1439932593722,"54,688",Not yet rated,NULL,$11.50
GBDC,$16.63,1439932593776,"38,185",Not yet rated,NULL,$17.75
GOOGL,$688.73,1439932593803,"711,961",88% bullish,of 1078 ratings,$747
GOOG,$655.19,1439932593878,"660,087",89% bullish,of 65 ratings,$795
GPRO,$57.4,1439932593949,"2,696,659",79% bullish,of 58 ratings,$72
GMAN,$4.66,1439932594093,"26,917",60% bullish,of 5 ratings,$8
GPIA,NULL,1439932594126,0,Not yet rated,NULL,N/A
GPIAW,NULL,1439932594203,0,Not yet rated,NULL,N/A
GPIAU,$10.1,1439932594233,576,Not yet rated,NULL,N/A
LOPE,$38.6,1439932594255,"166,244",100% bearish,of 2 ratings,$50
GBSN,$2.2482,1439932594346,"92,012",100% bearish,of 1 rating,$8.25
GRVY,$3.57,1439932594418,511,50% bullish,of 2 ratings,N/A
GBSNU,$16.79,1439932594494,"18,220",Not yet rated,NULL,N/A
GLDD,$5.64,1439932594597,"182,838",100% bearish,of 4 ratings,$7.75
GSBC,$41.94,1439932594658,"10,429",100% bullish,of 1 rating,$44
GNBC,$13.16,1439932594688,"10,038",100% bearish,of 1 rating,$17
GRBK,$14.36,1439932594716,"192,343",77% bullish,of 13 ratings,N/A
GPP,$14.77,1439932594764,"36,651",Not yet rated,NULL,$20.50
GPRE,$21.74,1439932594897,"462,302",67% bullish,of 6 ratings,$28.50
GLRE,$26.66,1439932595054,"61,754",100% bullish,of 1 rating,$41
GCBC,$28.4999,1439932595116,100,100% bullish,of 1 rating,N/A
GRIF,NULL,1439932595143,0,100% bearish,of 1 rating,N/A
GRPN,$4.2,1439932595223,"7,373,552",61% bullish,of 71 ratings,$6.75
GRFS,$32.62,1439932595275,"345,014",50% bullish,of 2 ratings,$35
GGAL,$20.75,1439932595303,"131,024",80% bullish,of 5 ratings,$40
OMAB,$42.32,1439932595324,"36,216",100% bullish,of 1 rating,$44
GSIG,$13.54,1439932595460,"23,706",100% bearish,of 2 ratings,N/A
GSVC,$9.65,1439932595594,"23,283",50% bullish,of 2 ratings,$14.50
GSIT,$5.02,1439932595635,"1,880",100% bearish,of 1 rating,N/A
GFED,$14.8,1439932595778,2,Not yet rated,NULL,$17
GTXI,$0.97,1439932595879,"23,938",100% bullish,of 5 ratings,$.75
GBNK,$16.03,1439932595911,"18,993",100% bearish,of 1 rating,$18
GUID,$8.97,1439932595938,"23,442",100% bearish,of 3 ratings,$10
GIFI,$12.86,1439932596014,"66,102",100% bearish,of 1 rating,$16
GULTU,$0.34,1439932596073,"90,985",100% bearish,of 1 rating,N/A
GPOR,$35.64,1439932596147,"797,317",75% bullish,of 4 ratings,$55.50
GURE,$1.83,1439932596253,"21,377",88% bullish,of 8 ratings,N/A
GWPH,$113.503,1439932596279,"110,200",78% bullish,of 9 ratings,$148.50
HEES,$17.11,1439932596451,"165,352",67% bearish,of 3 ratings,$31
GYRO,$2.9,1439932596480,"6,370",100% bearish,of 1 rating,N/A
HLG,$9.49,1439932596506,314,100% bearish,of 1 rating,N/A
HNRG,$7.48,1439932596558,"69,374",100% bearish,of 1 rating,$10
GWGH,$7.64,1439932596636,118,100% bearish,of 1 rating,$15.05
HALL,$11.77,1439932596721,"12,696",Not yet rated,NULL,N/A
HALO,$19.047,1439932596751,"766,498",67% bullish,of 3 ratings,$22.50
HBK,$13.72,1439932596854,700,50% bullish,of 2 ratings,N/A
HBHCL,$24.6,1439932596986,"29,288",Not yet rated,NULL,N/A
HMPR,$1.94,1439932597014,"33,276",100% bullish,of 1 rating,N/A
HBHC,$28.63,1439932597041,"396,100",50% bullish,of 2 ratings,$30
HAFC,$25.63,1439932597179,"54,342",100% bullish,of 2 ratings,$28.50
HNSN,$0.53,1439932597208,"41,203",88% bullish,of 8 ratings,$.40
HQCL,$10.67,1439932597233,"13,034",67% bullish,of 3 ratings,N/A
HNH,$28.85,1439932597259,"4,658",100% bullish,of 1 rating,N/A
HDNG,$10.77,1439932597442,"39,940",50% bullish,of 4 ratings,N/A
HLIT,$5.86,1439932597507,"260,549",100% bearish,of 1 rating,$6.50
HRMNU,NULL,1439932597574,0,Not yet rated,NULL,N/A
HRMN,NULL,1439932597603,0,Not yet rated,NULL,N/A
TINY,$2.48,1439932597704,"31,315",50% bullish,of 2 ratings,$5.26
HRMNW,NULL,1439932597729,0,Not yet rated,NULL,N/A
HART,$0.665,1439932597775,"184,827",100% bearish,of 1 rating,N/A
HBIO,$4.47,1439932597874,"67,924",Not yet rated,NULL,$10
HCAP,$12.23,1439932598054,"3,356",50% bullish,of 2 ratings,$15
HCAPL,$25.6499,1439932598115,"3,200",Not yet rated,NULL,N/A
HA,$25.72,1439932598140,"395,705",67% bullish,of 9 ratings,$27
HAS,$80.38,1439932598187,"454,745",63% bullish,of 8 ratings,$84.50
HCOM,$23.1,1439932598209,"9,416",100% bearish,of 1 rating,$28
HWKN,$36.79,1439932598297,"18,406",Not yet rated,NULL,N/A
HAYN,$39.83,1439932598406,"27,127",100% bearish,of 1 rating,$59
HWBK,$13.64,1439932598434,300,100% bearish,of 1 rating,N/A
HDS,$34.69,1439932598646,"478,438",100% bearish,of 2 ratings,$39.50
HIIQ,$4.7,1439932598701,"12,302",50% bullish,of 2 ratings,$7
HCSG,$34.5541,1439932598728,"111,473",50% bullish,of 4 ratings,$35
HSTM,$25.66,1439932598749,"71,443",50% bullish,of 2 ratings,$33.75
HQY,$33.47,1439932598778,"95,029",67% bullish,of 3 ratings,$31
HTLF,$37.53,1439932598954,"19,605",100% bullish,of 1 rating,$39.50
HWAY,$12.5,1439932598983,"161,464",100% bearish,of 1 rating,$15
HTLD,$21.25,1439932599015,"164,212",Not yet rated,NULL,$22.50
HTWR,$88.32,1439932599112,"70,118",50% bullish,of 2 ratings,$103
HTBX,$5.95,1439932599171,"45,005",50% bullish,of 2 ratings,$15.50
HMNY,$2.2801,1439932599248,"1,000",100% bearish,of 1 rating,N/A
HELE,$92.41,1439932599343,"102,227",67% bearish,of 3 ratings,$100
HSII,$20.07,1439932599379,"44,804",100% bullish,of 3 ratings,$25
HMTV,$13.21,1439932599475,"10,917",100% bearish,of 1 rating,$16
HNNA,$22.99,1439932599501,"8,700",Not yet rated,NULL,N/A
HCACU,$9.98,1439932599566,"1,500",Not yet rated,NULL,N/A
HSIC,$147.31,1439932599636,"318,462",83% bullish,of 6 ratings,$146
HERO,$0.072,1439932599709,"1,591,671",81% bullish,of 16 ratings,$.75
HFWA,$18.41,1439932599738,"29,014",100% bullish,of 1 rating,$20
HTBK,$11.02,1439932599796,"36,526",Not yet rated,NULL,$12
MLHR,$29.57,1439932599882,"223,932",50% bullish,of 2 ratings,$33.50
HEOP,$8,1439932599951,"13,356",Not yet rated,NULL,$8.50
HRTX,$32.24,1439932600108,"235,572",67% bullish,of 6 ratings,$41
HSKA,$34.05,1439932600136,"25,963",100% bearish,of 1 rating,$38
HFFC,$16.44,1439932600162,463,Not yet rated,NULL,N/A
HCCI,$12.55,1439932600216,"14,040",100% bearish,of 1 rating,$16.50
HIBB,$40.39,1439932600321,"237,093",100% bearish,of 1 rating,$48.50
HPJ,$2.75,1439932600348,"21,800",75% bullish,of 4 ratings,$12.43
HIMX,$6.8,1439932600518,"1,067,981",85% bullish,of 20 ratings,$8.50
HIHO,$4.12,1439932600544,"11,042",Not yet rated,NULL,N/A
HIFS,$117.46,1439932600574,"1,848",Not yet rated,NULL,N/A
HSGX,$6.67,1439932600605,"1,810",100% bearish,of 1 rating,$17
HOLI,$17.81,1439932600708,"287,985",50% bullish,of 4 ratings,$27
HMNF,$11.4,1439932600736,"2,331",Not yet rated,NULL,N/A
HBCP,$24.29,1439932601001,472,Not yet rated,NULL,$29
HOLX,$42.6051,1439932601031,"1,251,914",67% bullish,of 3 ratings,$42
AWAY,$31.207,1439932601061,"531,692",67% bullish,of 3 ratings,$36
HMSY,$9.4211,1439932601137,"930,092",67% bullish,of 3 ratings,$19.35
HFBL,$22,1439932601197,9,Not yet rated,NULL,N/A
HOMB,$40.98,1439932601223,"106,546",Not yet rated,NULL,$41
HMIN,$29.56,1439932601358,"39,663",100% bearish,of 2 ratings,$35
HMST,$21.65,1439932601383,"64,586",100% bullish,of 2 ratings,$27
HKTV,$5.19,1439932601529,"2,426",100% bearish,of 1 rating,N/A
HTBI,$18.49,1439932601557,"22,205",67% bullish,of 3 ratings,$18.625
HFBC,$11.54,1439932601585,"4,062",Not yet rated,NULL,N/A
CETC,$0.8402,1439932601616,"101,918",86% bullish,of 7 ratings,N/A
HOFT,$25.17,1439932601715,"10,968",100% bearish,of 1 rating,N/A
HBNC,$24.87,1439932601753,"20,733",100% bullish,of 1 rating,$27
HZNP,$31.74,1439932601917,"1,002,678",85% bullish,of 20 ratings,$40
HRZN,$11.04,1439932601960,"38,649",100% bearish,of 1 rating,$14.25
ZINC,$7.94,1439932602050,"679,483",100% bearish,of 1 rating,$17
HDP,$25.99,1439932602080,"130,890",67% bearish,of 3 ratings,$30.50
HMHC,$22.86,1439932602108,"366,742",Not yet rated,NULL,$27
HOVNP,$5.51,1439932602134,"6,482",100% bearish,of 1 rating,N/A
HWCC,$7.36,1439932602185,"187,766",100% bearish,of 1 rating,$9
HBMD,$14.6,1439932602435,304,100% bearish,of 1 rating,N/A
HSNI,$63.19,1439932602461,"130,386",Not yet rated,NULL,$80
HTGM,$5.76,1439932602483,"16,213",100% bearish,of 1 rating,$19.50
HUBG,$41.29,1439932602653,"75,276",100% bearish,of 1 rating,$43
HCBK,$10.3579,1439932602680,"620,536",83% bullish,of 6 ratings,$8.61
HSON,$3,1439932602704,"18,951",100% bearish,of 1 rating,$5
HDSN,$3.1,1439932602762,"8,228",100% bullish,of 1 rating,$6.25
HBAN,$11.84,1439932602902,"4,481,321",76% bullish,of 17 ratings,$12.50
HBANP,$1358,1439932602929,601,100% bearish,of 1 rating,N/A
HURN,$75.4,1439932603057,"59,038",50% bullish,of 2 ratings,$80
HURC,$30.87,1439932603192,"12,823",100% bearish,of 1 rating,N/A
HBP,$3.23,1439932603218,"6,915",100% bullish,of 1 rating,N/A
HTCH,$1.66,1439932603257,"54,692",100% bearish,of 1 rating,$3.50
HDRAR,NULL,1439932603347,0,Not yet rated,NULL,N/A
HDRA,NULL,1439932603374,0,Not yet rated,NULL,N/A
HDRAU,NULL,1439932603395,0,Not yet rated,NULL,N/A
HDRAW,NULL,1439932603535,0,Not yet rated,NULL,N/A
HYGS,$7.74,1439932603666,"14,621",50% bullish,of 2 ratings,$13
IACI,$74.19,1439932603691,"374,981",75% bullish,of 4 ratings,$90
IDSY,$4.01,1439932603760,"4,300",100% bearish,of 1 rating,$7
IKGH,$1.86,1439932603818,"46,564",75% bullish,of 4 ratings,N/A
IBKC,$63.34,1439932603922,"88,328",100% bullish,of 1 rating,$70
ICAD,$3.61,1439932603960,"60,800",50% bullish,of 2 ratings,$7.25
ICFI,$35.45,1439932603986,"61,778",50% bullish,of 2 ratings,$48.50
IEP,$72.85,1439932604029,"52,791",75% bullish,of 4 ratings,$99
ICON,$13.17,1439932604207,"913,377",50% bullish,of 2 ratings,$18.50
ICUI,$121.14,1439932604234,"142,507",Not yet rated,NULL,$122
ICLR,$80.73,1439932604263,"593,500",100% bearish,of 3 ratings,$85
IPWR,$7.68,1439932604366,"9,744",100% bullish,of 1 rating,$15
IDRA,$2.66,1439932604396,"826,528",89% bullish,of 9 ratings,$6.50
INVE,$5.03,1439932604422,"142,201",75% bullish,of 4 ratings,$4
IDXX,$78.4094,1439932604569,"329,923",100% bearish,of 1 rating,$77
DSKY,$12.38,1439932604738,"86,950",67% bullish,of 6 ratings,$11.50
IROQ,$16.6,1439932605242,"2,500",100% bullish,of 1 rating,N/A
RXDX,$13.47,1439932605722,"124,873",100% bullish,of 1 rating,$20
IRG,$4.47,1439932605802,"11,703",100% bearish,of 1 rating,$4.50
IIVI,$17.72,1439932605854,"149,388",100% bearish,of 1 rating,$22
IKAN,$2.73,1439932606181,"18,944",83% bullish,of 6 ratings,$5
IKNX,NULL,1439932606262,0,100% bearish,of 1 rating,N/A
ILMN,$207.0248,1439932606349,"593,639",80% bullish,of 5 ratings,$240
ICCC,$8.39,1439932606391,"4,483",100% bullish,of 1 rating,N/A
ISNS,$4.18,1439932606417,"17,985",50% bullish,of 2 ratings,N/A
IMMR,$12.31,1439932606439,"76,691",80% bullish,of 5 ratings,$15.50
IMDZ,$16.86,1439932606625,"62,352",100% bearish,of 1 rating,$33
IMNP,$1.54,1439932606681,"130,621",50% bullish,of 2 ratings,$6
IMMU,$1.91,1439932606711,"559,301",86% bullish,of 7 ratings,$2
KANG,$17.04,1439932606744,"81,823",50% bullish,of 2 ratings,$22.55
INCR,$44.42,1439932606779,"485,341",50% bullish,of 2 ratings,$53
IMMY,$7.78,1439932606816,"4,326",100% bearish,of 1 rating,$11
IPXL,$46.8856,1439932606844,"516,223",67% bullish,of 3 ratings,$46.50
IMGN,$13.54,1439932606911,"617,425",75% bullish,of 4 ratings,$17.50
SAAS,$8.01,1439932607044,"239,903",50% bullish,of 2 ratings,$15
INCY,$113.97,1439932607070,"1,234,506",50% bullish,of 6 ratings,$125.50
INDB,$48.25,1439932607474,"36,505",Not yet rated,NULL,$44
INFN,$24.48,1439932607535,"1,000,660",71% bullish,of 7 ratings,$27.50
IBTX,$43.06,1439932607558,"20,346",100% bullish,of 2 ratings,$47.25
IPCC,$80.48,1439932607589,"29,387",Not yet rated,NULL,$77
IDSA,$3.74,1439932607611,"3,300",Not yet rated,NULL,N/A
INFI,$9.38,1439932607648,"284,436",50% bullish,of 4 ratings,$18
IBCP,$14.61,1439932607669,"40,764",100% bullish,of 1 rating,$14.50
IMKTA,$54.315,1439932607691,"109,340",100% bearish,of 1 rating,N/A
III,$4.2,1439932607888,"59,852",57% bullish,of 7 ratings,$6
IFON,$1.36,1439932607933,"32,769",75% bullish,of 4 ratings,N/A
INNL,NULL,1439932607959,0,100% bearish,of 1 rating,$16.50
IPHS,$50.11,1439932608092,"63,751",100% bearish,of 1 rating,$60
INOD,$2.54,1439932608121,"10,752",100% bearish,of 1 rating,N/A
INWK,$7.76,1439932608150,"85,068",50% bullish,of 2 ratings,$10
IOSP,$46.74,1439932608301,"93,285",100% bearish,of 1 rating,N/A
ISSC,$2.99,1439932608367,"5,421",67% bearish,of 3 ratings,N/A
ITEK,$15.99,1439932608446,"644,302",67% bearish,of 3 ratings,$20
INGN,$50.28,1439932608479,"126,953",100% bearish,of 1 rating,$50.50
INO,$7.44,1439932608589,"650,719",89% bullish,of 18 ratings,$20
INOV,$21.57,1439932608615,"295,896",100% bearish,of 1 rating,$33
ISIG,$2.58,1439932608673,"5,500",100% bearish,of 1 rating,N/A
INSM,$27.43,1439932608747,"196,770",71% bullish,of 7 ratings,$32
NSIT,$26.35,1439932608806,"86,477",50% bullish,of 2 ratings,N/A
IIIN,$17.71,1439932608887,"16,055",100% bearish,of 2 ratings,N/A
INSY,$35.01,1439932608975,"385,513",75% bullish,of 4 ratings,$48
PODD,$30.62,1439932609002,"288,293",50% bullish,of 2 ratings,$35
NTEC,$6.09,1439932609033,"2,952",Not yet rated,NULL,N/A
IART,$62.81,1439932609131,"93,694",100% bearish,of 1 rating,$71.50
IESC,$7.37,1439932609274,"13,530",100% bearish,of 1 rating,N/A
IDTI,$18.04,1439932609339,"6,480,518",60% bullish,of 5 ratings,$25
IPCI,$2.19,1439932609407,"28,691",67% bullish,of 6 ratings,$7.75
IQNT,$21.4,1439932609437,"1,396,995",86% bullish,of 7 ratings,$20
INTC,$29.1,1439932609467,"11,916,179",82% bullish,of 238 ratings,$36
IPAR,$28.83,1439932609538,"83,266",67% bullish,of 3 ratings,$38
IBKR,$42.3715,1439932609606,"187,341",100% bullish,of 1 rating,N/A
ISSI,$22.34,1439932609636,"73,936",67% bullish,of 3 ratings,$19.75
ININ,$39.99,1439932609706,"37,823",67% bearish,of 3 ratings,$57
ICPT,$211.22,1439932609869,"121,849",70% bullish,of 10 ratings,$363
ICLD,$1.86,1439932609895,"182,803",75% bullish,of 4 ratings,N/A
ICLDW,NULL,1439932609973,0,100% bearish,of 1 rating,N/A
IMI,$2.07,1439932610115,300,67% bullish,of 3 ratings,$2.22
TILE,$26.13,1439932610156,"305,063",67% bearish,of 3 ratings,$27
IDCC,$49.7,1439932610184,"152,430",80% bullish,of 5 ratings,$63
IBOC,$27.52,1439932610259,"61,553",100% bearish,of 1 rating,N/A
IGLD,$7.85,1439932610321,"3,085",50% bullish,of 2 ratings,N/A
INAP,$8.75,1439932610343,"124,495",75% bullish,of 4 ratings,$11
ISCA,$33.85,1439932610377,"79,494",100% bearish,of 1 rating,N/A
PTNT,$3.09,1439932610425,575,Not yet rated,NULL,N/A
IIJI,NULL,1439932610559,0,50% bullish,of 2 ratings,$11.50
INPH,$0.35,1439932610630,"18,156",50% bullish,of 2 ratings,N/A
XENT,$29.92,1439932610690,"158,920",50% bullish,of 2 ratings,$36.50
INTX,$2.56,1439932610716,"26,512",67% bullish,of 3 ratings,N/A
ISIL,$10.8,1439932610919,"513,432",50% bullish,of 6 ratings,$15
INTL,$28.42,1439932610996,"73,894",67% bearish,of 3 ratings,N/A
IVAC,$4.99,1439932611023,"13,630",Not yet rated,NULL,$6.625
IILG,$21.47,1439932611065,"68,178",100% bearish,of 1 rating,$30.50
INTLL,$25.87,1439932611098,"15,128",Not yet rated,NULL,N/A
ITCI,$30.23,1439932611124,"215,928",75% bearish,of 4 ratings,$40
INTU,$105.72,1439932611155,"541,842",100% bullish,of 7 ratings,$107.50
IIN,$6.47,1439932611196,110,100% bearish,of 1 rating,$12
ISRG,$529.7,1439932611298,"78,349",67% bullish,of 3 ratings,$600
INVT,$0.2899,1439932611387,"80,832",67% bullish,of 3 ratings,N/A
SNAK,$8.75,1439932611472,"56,664",50% bullish,of 2 ratings,$14
ISTR,$15.75,1439932611572,"1,102",100% bearish,of 1 rating,$18.50
ISBC,$12.3,1439932611602,"1,563,242",100% bullish,of 1 rating,$13.25
ITIC,$71.99,1439932611712,200,100% bearish,of 2 ratings,N/A
IVTY,$11.38,1439932611777,"17,432",Not yet rated,NULL,$18
IPAS,$1.06,1439932611819,"27,886",67% bullish,of 3 ratings,N/A
NVIV,$11.66,1439932611867,"193,194",50% bullish,of 4 ratings,$24.50
DTUL,$64.46,1439932611895,300,Not yet rated,NULL,N/A
IPCM,$79.56,1439932611951,"86,049",50% bullish,of 2 ratings,$80.125
DFVL,$65.55,1439932612080,"2,000",Not yet rated,NULL,N/A
IPGP,$91.27,1439932612109,"132,497",100% bearish,of 2 ratings,$109.50
IRMD,$26.28,1439932612181,"8,099",67% bearish,of 3 ratings,$25
IRDM,$6.85,1439932612239,"212,526",60% bullish,of 5 ratings,$11.50
IRIX,$7.05,1439932612268,"6,956",100% bearish,of 1 rating,N/A
IRDMB,$270,1439932612407,550,67% bearish,of 3 ratings,N/A
IRBT,$31.21,1439932612479,"135,951",67% bullish,of 6 ratings,$37
IRWD,$11.63,1439932612637,"689,220",100% bearish,of 1 rating,$13
COMT,$33.6,1439932612672,"8,476",100% bearish,of 1 rating,N/A
GNMA,$50.1,1439932612700,"3,810",Not yet rated,NULL,N/A
IRCP,$35,1439932612853,"2,608",100% bullish,of 2 ratings,N/A
IFAS,NULL,1439932612898,0,Not yet rated,NULL,N/A
IFGL,$30.06,1439932612923,"100,752",Not yet rated,NULL,N/A
IFEU,$40.0701,1439932612951,"1,399",Not yet rated,NULL,N/A
IFNA,$55.96,1439932613113,"1,500",Not yet rated,NULL,N/A
ACWX,$42.9,1439932613246,"192,838",100% bearish,of 1 rating,N/A
ACWI,$59.03,1439932613271,"326,951",Not yet rated,NULL,N/A
AAXJ,$55.67,1439932613297,"755,795",Not yet rated,NULL,N/A
AXJS,$52.38,1439932613433,128,Not yet rated,NULL,N/A
AAIT,$30.54,1439932613462,"2,999",100% bullish,of 1 rating,N/A
EEMA,$52.485,1439932613565,"31,290",Not yet rated,NULL,N/A
EMDI,NULL,1439932613656,0,Not yet rated,NULL,N/A
EMEY,NULL,1439932613691,0,Not yet rated,NULL,N/A
EEME,$39,1439932613732,32,100% bearish,of 1 rating,N/A
FCHI,$49.6,1439932613761,"3,661",Not yet rated,NULL,N/A
EGRW,$48.8812,1439932613792,512,Not yet rated,NULL,N/A
EEML,$28.75,1439932613821,178,Not yet rated,NULL,N/A
EVAL,$36.85,1439932613888,"220,260",Not yet rated,NULL,N/A
IEUS,$47.17,1439932614100,"6,704",100% bearish,of 1 rating,N/A
EUFN,$23.16,1439932614126,"142,246",100% bearish,of 1 rating,N/A
SOXX,$84.86,1439932614301,"171,090",50% bullish,of 2 ratings,N/A
IBB,$368.28,1439932614333,"332,435",63% bullish,of 8 ratings,N/A
UAE,$18.51,1439932614354,"1,100",Not yet rated,NULL,N/A
QAT,$21.99,1439932614408,200,Not yet rated,NULL,N/A
EMIF,$30.01,1439932614438,"5,162",Not yet rated,NULL,N/A
ICLN,$10.24,1439932614534,"10,460",50% bullish,of 2 ratings,N/A
WOOD,$51.54,1439932614566,"11,464",50% bullish,of 2 ratings,N/A
ISHG,$78.57,1439932614635,"5,394",100% bearish,of 1 rating,N/A
IGOV,$89.96,1439932614716,"23,279",100% bearish,of 1 rating,N/A
ISIS,$51.33,1439932614815,"643,677",53% bullish,of 15 ratings,$67
INDY,$29.54,1439932614840,"124,324",100% bullish,of 1 rating,N/A
ISLE,$19.19,1439932614899,"191,986",50% bullish,of 4 ratings,$16
ISRL,$138,1439932614999,278,100% bearish,of 1 rating,N/A
ITRN,$25.53,1439932615159,"1,426",50% bullish,of 2 ratings,N/A
ITRI,$33.49,1439932615180,"269,379",Not yet rated,NULL,$37
IXYS,$10.83,1439932615260,"127,540",50% bullish,of 4 ratings,N/A
ITUS,$4.31,1439932615326,"2,466",Not yet rated,NULL,N/A
JJSF,$118.8,1439932615358,"31,038",100% bearish,of 1 rating,N/A
JBHT,$79.95,1439932615404,"476,417",50% bullish,of 4 ratings,$89.50
MAYS,$57.05,1439932615460,"2,165",Not yet rated,NULL,N/A
XXIA,$15.62,1439932615501,"258,601",71% bullish,of 7 ratings,$14.625
JCOM,$73.06,1439932615634,"126,598",100% bullish,of 2 ratings,$77
JASO,$8.3,1439932615660,"651,732",82% bullish,of 17 ratings,$10
JKHY,$71.5757,1439932615829,"65,913",50% bullish,of 2 ratings,$72
JACK,$85.94,1439932615857,"428,695",83% bullish,of 6 ratings,$105
JXSB,$24.21,1439932615913,200,Not yet rated,NULL,N/A
JAXB,$12.94,1439932616017,"13,000",100% bullish,of 1 rating,N/A
JAGX,$2.93,1439932616078,"3,800",Not yet rated,NULL,N/A
JRVR,$26.9,1439932616210,"11,699",Not yet rated,NULL,$27
JAKK,$9.61,1439932616237,"211,449",60% bearish,of 5 ratings,$10.50
JMBA,$13.78,1439932616259,"418,357",75% bullish,of 4 ratings,$18
ERW,NULL,1439932616292,0,Not yet rated,NULL,N/A
JASN,$5.18,1439932616314,"18,584",50% bullish,of 2 ratings,$9.50
JASNW,NULL,1439932617218,0,50% bullish,of 2 ratings,N/A
JAZZ,$187.6825,1439932617409,"164,771",80% bullish,of 15 ratings,$206.50
JD,$26.62,1439932617442,"4,347,271",75% bullish,of 16 ratings,$36
JBLU,$24.06,1439932617539,"4,294,953",94% bullish,of 16 ratings,$27
JTPY,$2.96,1439932617568,200,100% bearish,of 1 rating,N/A
JST,$4.35,1439932617628,"10,829",75% bullish,of 4 ratings,N/A
JCTCF,$9.54,1439932617673,40,100% bullish,of 1 rating,N/A
DATE,$6.49,1439932617728,"137,591",75% bullish,of 4 ratings,$9
JIVE,$4.08,1439932617759,"579,284",75% bullish,of 4 ratings,$5
WYIGU,$10.02,1439932617863,997,Not yet rated,NULL,N/A
JOEZ,$0.189,1439932617909,"128,218",92% bullish,of 12 ratings,N/A
JNP,$9.88,1439932618041,"9,860",100% bullish,of 3 ratings,$15
JOUT,$26.95,1439932618067,"11,158",100% bearish,of 1 rating,$34
JBSS,$48.23,1439932618089,"38,739",67% bearish,of 3 ratings,N/A
KTWO,$22.12,1439932618124,"134,946",100% bearish,of 1 rating,$28.50
JUNO,$41.77,1439932618153,"1,351,222",73% bullish,of 11 ratings,$71.50
KNDI,$7.66,1439932618721,"606,610",86% bullish,of 22 ratings,N/A
KBIO,$1.97,1439932618748,"117,878",50% bullish,of 4 ratings,N/A
KALU,$85.42,1439932618769,"70,772",67% bearish,of 3 ratings,$91
KBSF,$3.67,1439932618804,"4,000",100% bullish,of 1 rating,N/A
KMDA,$3.86,1439932618825,"15,221",50% bullish,of 2 ratings,$8
KPTI,$13.42,1439932618900,"481,620",67% bearish,of 3 ratings,$41
KCLI,$47.74,1439932618969,"16,720",Not yet rated,NULL,N/A
KELYA,$14.91,1439932619029,"56,186",67% bullish,of 6 ratings,$20
