Symbol,Price,Date,Volume,Rating,RatingVoteCount,OneYearEstimate
TFSCU,NULL,1440192002101,0,Not yet rated,NULL,N/A
FLWS,$9.36,1440192002147,"220,692",100% bullish,of 5 ratings,$15
TFSCW,NULL,1440192002173,0,100% bearish,of 1 rating,N/A
SRCE,$30.03,1440192002234,"55,334",100% bullish,of 3 ratings,$33
TFSCR,NULL,1440192002259,0,Not yet rated,NULL,N/A
VNET,$19.27,1440192002307,"733,790",60% bullish,of 5 ratings,$29.50
TWOU,$34.02,1440192002403,"673,961",50% bullish,of 2 ratings,$39
UGLD,$9.99,1440192002462,"253,649",100% bearish,of 1 rating,N/A
USLV,$14.59,1440192002487,"218,982",86% bullish,of 7 ratings,N/A
FCTY,$7.63,1440192002535,200,100% bullish,of 1 rating,$8.50
JOBS,$25.35,1440192002646,"172,084",50% bullish,of 4 ratings,$36
EGHT,$8.215,1440192002702,"436,691",82% bullish,of 17 ratings,$11
DSLV,$61.0727,1440192002727,"22,007",100% bearish,of 1 rating,N/A
DGLD,$76.08,1440192002774,"21,135",100% bullish,of 1 rating,N/A
SIXD,$1.47,1440192002883,"250,988",Not yet rated,NULL,N/A
CAFD,$15.52,1440192002931,"330,925",Not yet rated,NULL,$25
SHLM,$34.05,1440192003101,"123,800",100% bearish,of 1 rating,$50
AAON,$21.67,1440192003126,"166,594",100% bearish,of 1 rating,$24
AVHI,$13.95,1440192003171,"37,920",100% bearish,of 1 rating,$19
ABY,$19.85,1440192003274,"1,100,686",100% bearish,of 2 ratings,$46
ABAX,$47.54,1440192003319,"139,615",100% bearish,of 1 rating,$60
ABEOW,$1.76,1440192003457,"2,525",100% bullish,of 1 rating,N/A
AXAS,$1.56,1440192003489,"860,487",78% bullish,of 9 ratings,$3.50
ABEO,$4.83,1440192003518,"140,862",67% bullish,of 3 ratings,$15.50
ACTG,$8.87,1440192003543,"323,174",67% bullish,of 3 ratings,$18.50
ABGB,$4.09,1440192003587,"34,916",67% bullish,of 3 ratings,$5.50
ABMD,$97.08,1440192003725,"831,796",75% bullish,of 4 ratings,$100.50
ACAD,$37.8,1440192003752,"926,319",80% bullish,of 20 ratings,$48
ACHC,$73.6762,1440192003778,"815,815",50% bullish,of 2 ratings,$92
ACST,$0.361,1440192004001,"68,223",100% bullish,of 2 ratings,N/A
AXDX,$17.93,1440192004034,"220,988",100% bearish,of 1 rating,N/A
XLRN,$28.36,1440192004060,"111,031",50% bullish,of 2 ratings,$57
ARAY,$6.58,1440192004101,"3,387,532",100% bearish,of 1 rating,$10.50
VXDN,$7.9,1440192004132,"38,791",Not yet rated,NULL,N/A
ANCX,$18.76,1440192004190,"31,836",Not yet rated,NULL,$19
VXUP,$23.51,1440192004233,"45,656",Not yet rated,NULL,N/A
ACRX,$4.05,1440192004337,"360,315",67% bearish,of 6 ratings,$5.50
ACET,$24.41,1440192004377,"127,207",75% bullish,of 4 ratings,$30
AKAO,$6.9457,1440192004507,"55,800",75% bullish,of 4 ratings,$15
ACIW,$21.89,1440192004532,"571,274",50% bullish,of 2 ratings,$24
ACNB,$20.33,1440192004600,"1,076",Not yet rated,NULL,N/A
ACHN,$7.86,1440192004669,"1,753,841",90% bullish,of 21 ratings,$16
ACTS,$1.3,1440192004802,"51,585",100% bearish,of 1 rating,N/A
ACOR,$29.9,1440192004832,"642,728",67% bearish,of 3 ratings,$38.50
ACPW,$1.76,1440192004853,"65,137",100% bullish,of 4 ratings,$3.50
ACTA,$13.89,1440192004904,"113,227",67% bearish,of 3 ratings,$25
ACXM,$20.1276,1440192004997,"350,940",67% bullish,of 3 ratings,N/A
ATVI,$27.2167,1440192005023,"5,132,751",68% bullish,of 84 ratings,$31.50
ADMS,$20.07,1440192005318,"78,833",100% bearish,of 2 ratings,$36
ADAP,$12.53,1440192005350,"216,853",67% bullish,of 3 ratings,$22
ACUR,$0.6182,1440192005448,"65,134",100% bullish,of 5 ratings,$1
ADUS,$29.83,1440192005517,"59,827",100% bearish,of 1 rating,$31
AEY,$2.29,1440192005577,"39,023",100% bearish,of 2 ratings,N/A
ADMP,$3.65,1440192005611,"21,417",50% bullish,of 2 ratings,$10
ADMA,$9.3,1440192005705,"3,500",Not yet rated,NULL,$19
ADEP,$6.75,1440192005731,"33,889",50% bullish,of 2 ratings,$10.75
ADBE,$78.87,1440192005797,"4,320,358",65% bullish,of 17 ratings,$90
ADRO,$19.44,1440192005876,"252,323",80% bullish,of 5 ratings,$45.50
ADTN,$15.59,1440192005966,"349,681",67% bullish,of 3 ratings,$17.125
AMD,$1.78,1440192006007,"7,925,481",83% bullish,of 103 ratings,$2
AEIS,$25.055,1440192006141,"198,884",50% bullish,of 2 ratings,$32.50
ADXS,$14.5,1440192006217,"919,015",64% bullish,of 14 ratings,$27
ADXSW,$10.15,1440192006305,"5,206",100% bullish,of 1 rating,N/A
MULT,NULL,1440192006408,0,100% bearish,of 1 rating,N/A
YPRO,$23.29,1440192006497,"4,120",100% bearish,of 1 rating,N/A
AEHR,$2.24,1440192006528,"7,972",50% bullish,of 2 ratings,N/A
AEGN,$18.24,1440192006550,"212,917",100% bearish,of 1 rating,$21
AEGR,$18.26,1440192006579,"394,681",50% bullish,of 6 ratings,$26
AMTX,$3.09,1440192006625,"17,221",50% bullish,of 2 ratings,$26.11
AERI,$15.92,1440192006759,"361,223",75% bullish,of 4 ratings,$31.50
AVAV,$24.38,1440192006788,"143,405",50% bullish,of 4 ratings,$31
AEPI,$57.13,1440192006809,"21,960",100% bearish,of 1 rating,N/A
AEZS,$0.1005,1440192006977,"5,371,374",90% bullish,of 21 ratings,$1.50
AFMD,$9.78,1440192007005,"174,087",50% bullish,of 4 ratings,$15
AEMD,$7.22,1440192007069,"187,619",Not yet rated,NULL,$27.50
AFFX,$9.4,1440192007095,"587,032",80% bullish,of 5 ratings,$12
AGRX,$8.17,1440192007229,"49,951",100% bearish,of 1 rating,$17.50
AGEN,$7.04,1440192007257,"940,365",85% bullish,of 13 ratings,$14
AGFSW,$1.79,1440192007422,"28,997",100% bearish,of 2 ratings,N/A
AGFS,$9.8121,1440192007449,"73,206",100% bearish,of 1 rating,N/A
AGYS,$9.63,1440192007602,"33,010",100% bearish,of 1 rating,N/A
AIRM,$36.55,1440192007662,"309,312",80% bearish,of 5 ratings,$53
AIRT,$22.94,1440192007704,51,100% bullish,of 1 rating,N/A
AGIO,$85.65,1440192007736,"509,530",88% bullish,of 8 ratings,$114
AIMT,$21.1,1440192007794,"120,787",Not yet rated,NULL,N/A
AMCN,$4.9,1440192007824,"424,894",83% bullish,of 6 ratings,N/A
ATSG,$9.1,1440192007850,"264,911",67% bullish,of 3 ratings,$13
AIXG,$5.98,1440192007982,"34,571",67% bearish,of 3 ratings,$5.25
AKRX,$40.2552,1440192008145,"930,040",78% bullish,of 9 ratings,$56
AKAM,$68.463,1440192008171,"1,585,448",63% bullish,of 8 ratings,$77
AKER,$2.62,1440192008196,"93,096",Not yet rated,NULL,N/A
AKBA,$6.65,1440192008221,"184,781",100% bearish,of 1 rating,$18
ALRM,$16.46,1440192008380,"358,434",100% bearish,of 1 rating,$22
ALSK,$2.11,1440192008442,"112,029",78% bullish,of 18 ratings,$2
AMRI,$19.73,1440192008469,"245,268",75% bearish,of 4 ratings,$24
ABDC,$12.7,1440192008511,"21,785",Not yet rated,NULL,$15
ALDR,$36.64,1440192008542,"474,720",67% bearish,of 3 ratings,$62
ADHD,$8.31,1440192008641,"220,062",50% bullish,of 4 ratings,$18
ALDX,$7.62,1440192008732,"6,759",100% bearish,of 1 rating,$14.50
ALXN,$173.7891,1440192009001,"1,548,356",88% bullish,of 8 ratings,$223
ALGN,$56.4432,1440192009034,"422,327",100% bearish,of 2 ratings,$73
ALXA,$1.07,1440192009063,"26,737",83% bullish,of 6 ratings,$2.125
ALIM,$3.15,1440192009091,"169,442",80% bullish,of 5 ratings,$10
ALCO,$42.36,1440192009131,"24,127",50% bullish,of 2 ratings,N/A
ALGT,$216.09,1440192009281,"164,611",100% bearish,of 1 rating,$235
ALKS,$60.3428,1440192009309,"704,706",67% bullish,of 3 ratings,$75
AFOP,$17.51,1440192009507,"139,898",75% bullish,of 8 ratings,$21
AIQ,$14.7,1440192009572,"29,906",67% bullish,of 3 ratings,N/A
ALLB,$23.48,1440192009599,"1,820",Not yet rated,NULL,N/A
AHGP,$36.6344,1440192009622,"31,919",67% bullish,of 3 ratings,N/A
ARLP,$24.62,1440192009668,"151,719",67% bearish,of 3 ratings,$32
AMOT,$17.09,1440192009695,"80,719",100% bearish,of 1 rating,N/A
AHPI,$1.46,1440192009758,435,50% bullish,of 2 ratings,N/A
MDRX,$13.52,1440192010063,"1,235,763",60% bullish,of 5 ratings,$16
ALQA,$4.43,1440192010106,"36,237",75% bullish,of 4 ratings,$8.50
AFAM,$46.84,1440192010139,"72,495",50% bullish,of 2 ratings,$44
ALLT,$5.04,1440192010209,"71,089",75% bullish,of 4 ratings,$6.25
ALNY,$99.838,1440192010236,"413,551",67% bullish,of 3 ratings,$148.50
ATEC,$0.5768,1440192010284,"46,618",100% bullish,of 1 rating,$2
AOSL,$7.21,1440192010311,"60,950",67% bullish,of 3 ratings,$9
ALTR,$48.17,1440192010480,"2,928,147",80% bearish,of 5 ratings,$54
ASPS,$29.2565,1440192010535,"228,767",67% bullish,of 3 ratings,$46.50
AIMC,$25.28,1440192010611,"92,117",100% bearish,of 1 rating,$28.50
SMCP,$22.56,1440192010642,"1,500",Not yet rated,NULL,N/A
AYA,$21.62,1440192010663,"63,923",100% bearish,of 1 rating,$40
AMAG,$59.95,1440192010717,"476,323",100% bullish,of 2 ratings,$77.50
AMRN,$2.03,1440192010738,"741,425",85% bullish,of 39 ratings,$8
AMRK,$10.57,1440192010767,"4,627",50% bullish,of 2 ratings,$14
AMZN,$494.47,1440192011084,"3,785,706",81% bullish,of 263 ratings,$646
AMBCW,$7.0532,1440192011302,"1,178",100% bearish,of 1 rating,N/A
AMBC,$15.6,1440192011358,"245,406",100% bearish,of 1 rating,$16.50
AMBA,$89.851,1440192011434,"5,363,681",83% bullish,of 12 ratings,$102.50
AMCX,$67.7119,1440192011513,"687,069",67% bullish,of 3 ratings,$85.50
EPAX,$2.69,1440192011572,"74,357",100% bearish,of 1 rating,N/A
ATAX,$5.22,1440192011605,"155,087",100% bullish,of 1 rating,$6.50
UHAL,$363.52,1440192011626,"15,187",100% bullish,of 2 ratings,$393.50
ASBI,$22.55,1440192011656,154,Not yet rated,NULL,N/A
AMED,$40.5,1440192011703,"290,278",100% bearish,of 1 rating,$42
AMOV,$17.65,1440192011880,"5,863",100% bearish,of 1 rating,N/A
DOX,$59,1440192011914,"282,272",50% bullish,of 2 ratings,$60
AAL,$39.7452,1440192011936,"11,168,251",93% bullish,of 87 ratings,$57
AMDA,$0.463,1440192012017,"1,233,767",90% bullish,of 10 ratings,$1
AGNCB,$24.23,1440192012160,"21,668",Not yet rated,NULL,N/A
AGNC,$19.5277,1440192012340,"3,951,993",75% bullish,of 28 ratings,$22
AGNCP,$25.34,1440192012449,"7,150",Not yet rated,NULL,N/A
MTGEP,$24.12,1440192012478,"1,127",Not yet rated,NULL,N/A
ACAS,$13.74,1440192012531,"1,556,266",60% bullish,of 5 ratings,$16.75
ANCI,$1.59,1440192012586,"10,070",100% bearish,of 1 rating,N/A
AMIC,$10.21,1440192012618,16,Not yet rated,NULL,N/A
MTGE,$15.7,1440192012666,"402,399",75% bullish,of 4 ratings,$19.50
AMNB,$22.8,1440192012716,"17,663",Not yet rated,NULL,$25.50
APEI,$21.26,1440192012908,"155,037",100% bearish,of 1 rating,$25.50
AETI,$4.28,1440192012934,2,67% bearish,of 3 ratings,N/A
ANAT,$100,1440192012981,"19,158",100% bullish,of 1 rating,N/A
AMRB,$10,1440192013062,"2,054",Not yet rated,NULL,$11
ARII,$38.75,1440192013091,"183,877",67% bearish,of 3 ratings,$45
ACSF,$12.225,1440192013194,"33,060",100% bearish,of 1 rating,$15
ASEI,$39.68,1440192013219,"53,467",100% bearish,of 1 rating,$52.50
AMSWA,$9.06,1440192013348,"86,700",100% bearish,of 2 ratings,$10.75
CRMT,$37.91,1440192013434,"120,497",100% bearish,of 1 rating,$49
AMSC,$3.48,1440192013463,"36,442",50% bullish,of 4 ratings,N/A
AMWD,$67.8,1440192013565,"272,213",50% bullish,of 2 ratings,$58
AMSF,$49.68,1440192013610,"122,373",Not yet rated,NULL,$57.50
ATLO,$23.31,1440192013662,"15,885",Not yet rated,NULL,N/A
ASRV,$3.27,1440192013742,840,100% bullish,of 2 ratings,N/A
ASRVP,NULL,1440192013771,0,Not yet rated,NULL,N/A
ABCB,$27.64,1440192013801,"189,477",Not yet rated,NULL,$31
FOLD,$14.05,1440192013904,"2,614,067",56% bullish,of 9 ratings,$21
AMGN,$155.59,1440192014053,"4,701,308",89% bullish,of 19 ratings,$185
AMPH,$13.79,1440192014190,"166,636",50% bullish,of 2 ratings,$20
AMSG,$81.5,1440192014224,"320,262",100% bearish,of 1 rating,$85.50
AMSGP,NULL,1440192014292,0,Not yet rated,NULL,N/A
AMKR,$4.39,1440192014317,"1,544,185",100% bearish,of 2 ratings,$5
AFSI,$58.44,1440192014343,"1,008,977",60% bullish,of 5 ratings,$72
ASYS,$5.18,1440192014375,"35,518",67% bullish,of 3 ratings,$12
AMRS,$1.63,1440192014478,"53,848",70% bullish,of 10 ratings,N/A
ANAC,$130.05,1440192014608,"607,674",80% bullish,of 5 ratings,$180.50
ANAD,$0.333,1440192014637,"132,364",100% bullish,of 2 ratings,$.50
ADI,$53.78,1440192014733,"3,922,593",67% bullish,of 3 ratings,$69
ALOG,$83.13,1440192014840,"75,588",100% bearish,of 2 ratings,$100.50
ABCW,$39.96,1440192014869,"10,347",67% bullish,of 3 ratings,N/A
AMCF,$0.26,1440192014973,"9,503",100% bullish,of 7 ratings,N/A
ANCB,$22.3001,1440192015005,500,Not yet rated,NULL,$23
ANGO,$14.71,1440192015046,"99,313",67% bullish,of 3 ratings,$19
ANGI,$4.64,1440192015072,"919,270",64% bullish,of 11 ratings,$5.50
ANIP,$49.38,1440192015149,"250,484",89% bullish,of 19 ratings,$66
ANSS,$90.92,1440192015306,"391,059",100% bearish,of 1 rating,$100
ANIK,$34.88,1440192015362,"106,488",60% bullish,of 5 ratings,$51.25
ANTH,$7.04,1440192015451,"1,783,771",80% bullish,of 10 ratings,$13
ABAC,$0.73,1440192015530,"36,221",100% bearish,of 1 rating,N/A
ATRS,$1.81,1440192015758,"537,668",92% bullish,of 12 ratings,$4.50
AINV,$6.4767,1440192015903,"1,117,263",50% bullish,of 4 ratings,$8
ATNY,$2.37,1440192015936,"2,775",50% bullish,of 2 ratings,$3.75
AAPL,$106.147,1440192016031,"81,213,017",86% bullish,of 2337 ratings,$150
APPF,$16.92,1440192016063,"52,701",50% bullish,of 2 ratings,$22
APIC,$6.49,1440192016088,"180,683",100% bearish,of 1 rating,$19
APOL,$10.9787,1440192016109,"992,661",87% bearish,of 68 ratings,$14
APOG,$51.6,1440192016138,"212,697",100% bullish,of 1 rating,$67
ARCI,$1.33,1440192016274,"3,906",Not yet rated,NULL,N/A
APDNW,$1.15,1440192016299,"2,800",Not yet rated,NULL,N/A
APDN,$3.22,1440192016350,"61,834",Not yet rated,NULL,$9
AMAT,$15.5,1440192016427,"12,947,139",82% bullish,of 11 ratings,$23
AMCC,$5.35,1440192016487,"963,117",80% bullish,of 5 ratings,$8
AAOI,$19.89,1440192016514,"285,163",50% bullish,of 4 ratings,$26
AGTC,$15.74,1440192016539,"119,853",50% bullish,of 2 ratings,$33
AREX,$2.03,1440192016670,"890,815",100% bearish,of 1 rating,$3
AQMS,$5,1440192016847,"19,025",Not yet rated,NULL,N/A
APTO,$5.09,1440192016872,"8,208",Not yet rated,NULL,$17
APRI,$1.33,1440192016922,"155,441",83% bullish,of 6 ratings,$4.86
AUMAU,$9.94,1440192016952,"1,200",Not yet rated,NULL,N/A
AUMA,NULL,1440192017011,0,Not yet rated,NULL,N/A
AQXP,$18.21,1440192017051,"468,618",50% bullish,of 2 ratings,$2
AUMAW,NULL,1440192017077,0,Not yet rated,NULL,N/A
ARDM,$7.03,1440192017222,"4,708",100% bullish,of 1 rating,$26
PETX,$17.4,1440192017271,"307,971",100% bearish,of 2 ratings,$26
ABUS,$7.21,1440192017355,"502,243",86% bullish,of 14 ratings,$23
ABIO,$0.9,1440192017438,"131,271",50% bullish,of 2 ratings,$3.75
ARCW,$3.48,1440192017484,"25,137",100% bearish,of 2 ratings,$10.50
RKDA,$5.76,1440192017509,"19,343",100% bearish,of 2 ratings,$10
ARCB,$29.47,1440192017567,"211,071",50% bullish,of 2 ratings,$39.50
ACGL,$70.5015,1440192017669,"414,489",50% bullish,of 2 ratings,$72
ACAT,$26.89,1440192017744,"260,125",100% bearish,of 3 ratings,$33
ARNA,$2.97,1440192017810,"4,127,037",90% bullish,of 77 ratings,$5.50
ARDX,$17.41,1440192017960,"91,948",50% bullish,of 2 ratings,$24.50
AGII,$57.69,1440192017991,"141,575",Not yet rated,NULL,$59.50
ARCC,$15.47,1440192018012,"1,615,433",67% bearish,of 3 ratings,$17.875
AGIIL,$25.45,1440192018068,"5,893",Not yet rated,NULL,N/A
ARGS,$6.17,1440192018097,"116,903",50% bullish,of 2 ratings,$19.50
ARIS,$3.3,1440192018197,"8,290",Not yet rated,NULL,$4.50
ARIA,$6.63,1440192018267,"3,153,202",87% bullish,of 46 ratings,$9
ARKR,$25.36,1440192018296,552,50% bullish,of 2 ratings,N/A
ARMH,$40.1,1440192018405,"1,335,157",54% bearish,of 13 ratings,$61
ARTX,$1.48,1440192018434,"86,252",88% bullish,of 16 ratings,$4.50
ARWAR,NULL,1440192018511,0,Not yet rated,NULL,N/A
ARWA,NULL,1440192018535,0,Not yet rated,NULL,N/A
ARWAW,NULL,1440192018736,0,Not yet rated,NULL,N/A
ARWAU,NULL,1440192018777,0,100% bullish,of 1 rating,N/A
ARRY,$5.45,1440192018838,"1,219,732",100% bullish,of 7 ratings,$10
ARQL,$1.67,1440192019064,"200,267",75% bullish,of 4 ratings,$5
DWAT,$9.92,1440192019194,"46,463",100% bearish,of 1 rating,N/A
ARTNA,$22.48,1440192019236,"42,576",100% bearish,of 1 rating,$29
AROW,$27.24,1440192019267,"41,580",Not yet rated,NULL,N/A
ARWR,$5.57,1440192019335,"814,360",75% bullish,of 4 ratings,$10.50
ARRS,$26.44,1440192019363,"1,060,211",50% bullish,of 2 ratings,$38
ARTW,$4.45,1440192019394,"3,048",75% bearish,of 4 ratings,N/A
ASNA,$11.2187,1440192019421,"8,983,862",50% bullish,of 2 ratings,$18
ASBB,$25.05,1440192019502,372,Not yet rated,NULL,N/A
ASCMA,$28.6,1440192019692,"180,787",100% bearish,of 1 rating,$45
ASND,$18.23,1440192019724,"38,275",100% bullish,of 1 rating,$30
APWC,$1.9,1440192019753,406,100% bearish,of 1 rating,N/A
ASTI,$0.1277,1440192019795,"1,805,239",83% bullish,of 6 ratings,$3
ASMI,NULL,1440192019853,0,NULL,NULL,NULL
AZPN,$38.4,1440192019928,"991,920",50% bullish,of 2 ratings,$42
ASML,$85.9,1440192019956,"1,132,828",67% bullish,of 3 ratings,$127
ASMB,$12.44,1440192020120,"80,806",67% bullish,of 3 ratings,N/A
ASTE,$36.28,1440192020155,"88,638",100% bearish,of 1 rating,$48
ALOT,$13.51,1440192020176,"1,011",100% bearish,of 1 rating,N/A
ASFI,$8.95,1440192020251,"3,732",100% bullish,of 1 rating,N/A
ATRO,$52.77,1440192020342,"98,668",100% bearish,of 2 ratings,$80
ASTC,$2.2,1440192020449,"39,970",100% bullish,of 5 ratings,N/A
ASUR,$5.76,1440192020637,"10,939",100% bearish,of 1 rating,$8
ATAI,$2.7499,1440192020705,"31,993",100% bearish,of 1 rating,N/A
ATHN,$135.79,1440192020730,"193,647",67% bearish,of 3 ratings,$153
ATHX,$1.17,1440192020763,"238,940",89% bullish,of 9 ratings,$5
ATRA,$42.01,1440192020790,"183,569",50% bullish,of 2 ratings,$68
AAPC,$10.21,1440192020811,394,Not yet rated,NULL,N/A
AFCB,$28.01,1440192020862,249,Not yet rated,NULL,N/A
AAME,$3.58,1440192021001,"1,090",Not yet rated,NULL,N/A
ACFC,$6.11,1440192021104,"95,163",Not yet rated,NULL,$6.50
ATLC,$3.9,1440192021131,"17,113",67% bullish,of 3 ratings,N/A
ATNI,$73.68,1440192021156,"66,107",100% bearish,of 1 rating,$69.50
AFH,$16.545,1440192021186,"75,284",Not yet rated,NULL,$21.50
AAWW,$41.78,1440192021290,"365,924",50% bullish,of 2 ratings,$65
ATML,$6.95,1440192021422,"2,918,067",78% bullish,of 9 ratings,$9.50
ATOS,$0.85,1440192021554,"182,378",100% bullish,of 7 ratings,$7
ATRI,$389.5,1440192021603,"4,458",Not yet rated,NULL,N/A
ATRC,$25.67,1440192021630,"198,665",100% bullish,of 1 rating,$30
LIFE,$14.04,1440192021658,"32,217",86% bullish,of 7 ratings,$43
ATRM,$2.89,1440192021679,"1,200",50% bullish,of 2 ratings,N/A
ATTU,$13.55,1440192021710,"51,302",100% bearish,of 1 rating,$20.50
AUBN,$27.68,1440192021997,948,Not yet rated,NULL,N/A
EARS,$4.845,1440192022030,"14,045",100% bearish,of 2 ratings,$11.50
ADAT,$0.12,1440192022085,"123,764",100% bullish,of 2 ratings,N/A
AUDC,$3.18,1440192022111,"55,482",80% bullish,of 5 ratings,$5
AUPH,$3.19,1440192022135,"14,987",100% bearish,of 1 rating,$8
ABTL,$18.05,1440192022190,"70,992",100% bullish,of 4 ratings,$20.25
AVGO,$112.79,1440192022383,"3,327,624",88% bullish,of 8 ratings,$160
ADSK,$53.1,1440192022411,"2,335,199",83% bullish,of 6 ratings,$69.50
ADP,$79.23,1440192022432,"2,485,062",100% bearish,of 1 rating,$88
AAVL,$10.62,1440192022462,"258,588",100% bearish,of 1 rating,$20
AVNU,$12.7,1440192022645,506,Not yet rated,NULL,$14
AVEO,$1.39,1440192022678,"1,361,591",75% bullish,of 8 ratings,$3
AVID,$8.01,1440192022704,"539,251",100% bearish,of 1 rating,$20
AVNW,$1.23,1440192022729,"161,594",50% bullish,of 2 ratings,$2.20
AVGR,$14.23,1440192022778,"21,077",100% bearish,of 1 rating,$20
CAR,$42.2749,1440192023024,"1,835,525",80% bullish,of 5 ratings,$60
AXPW,$1.14,1440192023156,"55,972",83% bullish,of 6 ratings,N/A
AXGN,$3.94,1440192023187,"27,034",Not yet rated,NULL,$5
AWRE,$3.14,1440192023208,"20,820",67% bullish,of 3 ratings,N/A
AXPWW,NULL,1440192023259,0,Not yet rated,NULL,N/A
BCOM,NULL,1440192023284,0,100% bearish,of 1 rating,N/A
RILY,$10,1440192023341,600,Not yet rated,NULL,N/A
ACLS,$3.29,1440192023368,"557,776",67% bullish,of 6 ratings,$4.75
BOSC,$2.37,1440192023546,"1,317",50% bullish,of 2 ratings,N/A
BEAV,$48.57,1440192023577,"742,264",67% bearish,of 3 ratings,$59
AXTI,$2.15,1440192023597,"35,695",50% bullish,of 2 ratings,$2.75
BIDU,$152.85,1440192023678,"3,815,150",81% bullish,of 88 ratings,$210
BCPC,$57.76,1440192023827,"128,021",100% bearish,of 1 rating,$75
BWINA,NULL,1440192023855,0,Not yet rated,NULL,N/A
BWINB,$23.01,1440192023885,"25,265",Not yet rated,NULL,N/A
BANF,$60.97,1440192023989,"18,077",Not yet rated,NULL,$68
BANFP,NULL,1440192024026,0,Not yet rated,NULL,N/A
BOCH,$5.76,1440192024163,"16,925",Not yet rated,NULL,$6.50
BKMU,$7.19,1440192024255,"511,937",Not yet rated,NULL,$8
BLDP,$1.24,1440192024292,"470,551",91% bullish,of 22 ratings,$2.50
BKSC,$15.6,1440192024423,705,Not yet rated,NULL,N/A
BMRC,$48.75,1440192024475,"17,961",Not yet rated,NULL,$52
BOTJ,$11.15,1440192024502,"3,090",Not yet rated,NULL,N/A
OZRK,$40.71,1440192024532,"553,107",67% bullish,of 3 ratings,$49.50
BFIN,$12.01,1440192024612,"29,911",Not yet rated,NULL,$13
BWFG,$18.03,1440192024846,"3,688",100% bearish,of 1 rating,N/A
BANR,$45.64,1440192024906,"84,960",100% bullish,of 3 ratings,$50
BZUN,$5.65,1440192024932,"399,133",50% bullish,of 2 ratings,$12.60
TAPR,$29.38,1440192024977,"4,550",100% bearish,of 1 rating,N/A
BHAC,NULL,1440192025070,0,Not yet rated,NULL,N/A
BHACU,NULL,1440192025216,0,Not yet rated,NULL,N/A
BYBK,$5.02,1440192025285,"1,546",100% bearish,of 1 rating,N/A
BBSI,$34.87,1440192025310,"71,494",67% bearish,of 3 ratings,$62.50
BHACR,$0.25,1440192025375,700,Not yet rated,NULL,N/A
BSET,$29.1,1440192025437,"49,205",100% bearish,of 1 rating,$35
BYLK,$12.95,1440192025476,"4,701",Not yet rated,NULL,$14
BHACW,NULL,1440192025535,0,Not yet rated,NULL,N/A
BV,$5.08,1440192025562,"375,082",67% bullish,of 6 ratings,$9
BCBP,$11.73,1440192025729,"8,625",Not yet rated,NULL,N/A
BBCN,$14.81,1440192025757,"308,877",100% bearish,of 1 rating,$16
BDCV,$4.84,1440192025887,"9,821",100% bearish,of 1 rating,$10.19
BECN,$35.48,1440192025975,"294,756",50% bullish,of 2 ratings,$40
BEBE,$1.81,1440192026026,"150,846",75% bullish,of 4 ratings,$3.075
BBGI,$4.68,1440192026056,6,100% bearish,of 1 rating,N/A
BBBY,$61.8626,1440192026122,"2,676,226",71% bullish,of 7 ratings,$75
BSF,$8.62,1440192026152,"18,869",Not yet rated,NULL,N/A
BELFA,$15.5,1440192026183,100,100% bearish,of 1 rating,N/A
BELFB,$17.92,1440192026257,"70,318",100% bearish,of 1 rating,N/A
BLPH,$5.01,1440192026325,"26,371",100% bearish,of 1 rating,$12.50
BLCM,$17.46,1440192026396,"701,289",50% bullish,of 4 ratings,$40
BNFT,$36.3,1440192026457,"94,715",67% bullish,of 3 ratings,$46
BNCL,$12.64,1440192026497,"393,855",100% bullish,of 3 ratings,$12.50
BGMD,$0.8536,1440192026589,"210,316",100% bullish,of 10 ratings,N/A
BNTC,$8.6562,1440192026626,"29,198",100% bullish,of 1 rating,N/A
BGCP,$8.8,1440192026907,"1,825,527",88% bullish,of 8 ratings,$14
BIND,$4.56,1440192026938,"42,392",67% bullish,of 3 ratings,$13.50
ORPN,$5.34,1440192027002,"18,329",100% bullish,of 1 rating,$28.50
BASI,$1.39,1440192027034,"12,876",Not yet rated,NULL,N/A
BGFV,$10.86,1440192027138,"167,409",57% bullish,of 7 ratings,$12
BIOC,$2.08,1440192027164,"466,899",83% bullish,of 6 ratings,$3.85
BCDA,NULL,1440192027192,0,Not yet rated,NULL,N/A
BIOD,$0.6899,1440192027242,"144,374",80% bullish,of 5 ratings,$4
BDSI,$6.52,1440192027374,"1,009,736",88% bullish,of 8 ratings,$17
BCRX,$11.99,1440192027403,"637,416",63% bullish,of 8 ratings,$18
BIIB,$295.85,1440192027434,"2,245,811",88% bullish,of 16 ratings,$400
BLFS,$2.03,1440192027540,"86,446",100% bearish,of 1 rating,$4.75
BMRN,$126.1549,1440192027684,"823,288",80% bullish,of 5 ratings,$160
BIOL,$1.46,1440192027715,"36,518",Not yet rated,NULL,N/A
BVXV,$3.86,1440192027758,"7,057",Not yet rated,NULL,N/A
BLRX,$1.42,1440192027786,"228,173",100% bullish,of 12 ratings,$5
BVXVW,$0.77,1440192027925,908,100% bearish,of 1 rating,N/A
BRLI,NULL,1440192027950,0,NULL,NULL,NULL
BIOS,$1.84,1440192028196,"1,061,659",71% bullish,of 7 ratings,$4
BBP,$32.07,1440192028230,"91,659",Not yet rated,NULL,N/A
BBC,$30.48,1440192028251,"62,013",Not yet rated,NULL,N/A
BSTC,$49.71,1440192028284,"66,008",100% bearish,of 1 rating,$76
BPTH,$1.13,1440192028327,"64,428",100% bullish,of 2 ratings,$5
BSPM,$0.72,1440192028354,"10,225",50% bullish,of 2 ratings,N/A
BOTA,$2.2,1440192028637,"47,009",88% bullish,of 8 ratings,N/A
BDMS,NULL,1440192028682,0,100% bearish,of 1 rating,N/A
BJRI,$44.71,1440192028812,"215,274",50% bullish,of 2 ratings,$55
TECH,$101.4978,1440192028839,"129,987",100% bullish,of 1 rating,$117
BEAT,$13.69,1440192028869,"339,071",67% bearish,of 3 ratings,$15
BITI,$17.33,1440192028896,"31,694",100% bullish,of 1 rating,$28
BDE,$7.5,1440192028976,"220,690",50% bullish,of 2 ratings,$9
BLKB,$58.91,1440192029042,"225,935",100% bearish,of 2 ratings,$66
BBRY,$7.19,1440192029114,"5,426,047",61% bullish,of 330 ratings,$9
BBOX,$15.44,1440192029198,"68,675",100% bearish,of 1 rating,N/A
ADRD,$22.12,1440192029367,"8,231",100% bearish,of 1 rating,N/A
HAWK,$42.19,1440192029400,"525,234",90% bullish,of 10 ratings,$49
ADRA,$27.52,1440192029426,"1,065",Not yet rated,NULL,N/A
ADRE,$29.55,1440192029462,"44,928",Not yet rated,NULL,N/A
BKCC,$9.118,1440192029495,"334,015",100% bullish,of 2 ratings,$10
ADRU,$21.85,1440192029625,"2,468",100% bearish,of 1 rating,N/A
BLMN,$20.36,1440192029729,"1,559,840",83% bullish,of 6 ratings,$27.50
BCOR,$13.4,1440192029758,"257,015",57% bullish,of 7 ratings,$15
BHBK,$14.06,1440192029863,"103,355",100% bullish,of 1 rating,$14.50
BUFF,$26.91,1440192029965,"472,572",83% bullish,of 12 ratings,$31.50
BLUE,$124.1521,1440192030011,"509,301",71% bullish,of 7 ratings,$217.50
BBLU,$0.89,1440192030041,"120,329",100% bullish,of 2 ratings,$4.43
BLBD,$11.53,1440192030098,"7,869",Not yet rated,NULL,N/A
NILE,$34.29,1440192030126,"91,641",50% bullish,of 2 ratings,$34
BKEP,$6.6,1440192030173,"42,067",100% bearish,of 1 rating,$8.50
BKEPP,$7.773,1440192030356,"1,100",100% bearish,of 1 rating,N/A
BOBE,$44.5,1440192030459,"144,944",75% bullish,of 4 ratings,$57
BPMC,$25.74,1440192030567,"43,864",50% bullish,of 2 ratings,$47.50
BOFI,$123.99,1440192030622,"365,678",100% bullish,of 6 ratings,$144
BNCN,$21.26,1440192030648,"105,692",Not yet rated,NULL,$23
BOJA,$20.83,1440192030699,"194,845",100% bullish,of 1 rating,$30
WIFI,$7.83,1440192030725,"402,837",50% bullish,of 2 ratings,$13.50
BONA,$11.82,1440192030858,"182,491",75% bullish,of 4 ratings,$8.50
BNSO,$1.38,1440192030884,"6,280",100% bearish,of 1 rating,N/A
BOKF,$61.8126,1440192030905,"136,973",100% bearish,of 1 rating,$70.50
BAMM,$3.21,1440192031047,"12,873",60% bullish,of 5 ratings,N/A
BPFHP,$25,1440192031072,"1,571",100% bearish,of 1 rating,N/A
BPFH,$12.155,1440192031098,"304,942",100% bearish,of 1 rating,$14
BPFHW,$5.5,1440192031135,837,100% bearish,of 1 rating,N/A
EPAY,$25.46,1440192031270,"155,496",100% bearish,of 2 ratings,$30
BDBD,$8.43,1440192031349,"500,690",60% bullish,of 5 ratings,$10
BBRG,$12.58,1440192031455,"83,065",67% bullish,of 3 ratings,$14.50
BBEPP,$13.24,1440192031501,"73,231",100% bearish,of 1 rating,N/A
BCLI,$2.92,1440192031530,"80,439",80% bullish,of 5 ratings,$12
BLIN,$1.15,1440192031586,"21,500",50% bullish,of 2 ratings,$2.20
BBEP,$2.26,1440192031611,"2,113,660",69% bullish,of 13 ratings,$5.625
BDGE,$27.4,1440192031639,"33,067",Not yet rated,NULL,$31.75
BRCM,$48.66,1440192031775,"5,158,085",75% bullish,of 12 ratings,$56
BRID,$8.62,1440192031821,146,100% bearish,of 1 rating,N/A
BSFT,$30.87,1440192031951,"134,160",57% bullish,of 7 ratings,$40.50
BVSN,$5.54,1440192031981,"12,787",60% bearish,of 5 ratings,N/A
BYFC,$1.37,1440192032057,200,50% bullish,of 2 ratings,N/A
BWEN,$3.26,1440192032109,"21,709",100% bullish,of 3 ratings,$8
BCOV,$5.22,1440192032138,"120,648",67% bullish,of 3 ratings,$10.20
BRCD,$10.59,1440192032245,"10,780,212",92% bullish,of 13 ratings,$12.50
BRKL,$10.765,1440192032444,"389,012",100% bearish,of 1 rating,$10.75
BMTC,$29.46,1440192032471,"89,269",Not yet rated,NULL,$34
BRKS,$10.37,1440192032641,"191,066",67% bullish,of 3 ratings,$15.25
BWLD,$189.5073,1440192032771,"260,082",82% bullish,of 11 ratings,$205
BRKR,$19.0677,1440192032806,"233,562",100% bearish,of 2 ratings,$22
BLMT,$20.8,1440192032827,"14,194",Not yet rated,NULL,N/A
BSQR,$6.03,1440192032859,"89,784",67% bullish,of 3 ratings,N/A
BLDR,$14.963,1440192032901,"1,047,593",50% bullish,of 2 ratings,$22
BUR,$1.85,1440192032958,"2,443",100% bearish,of 1 rating,$8
CFFI,$36,1440192033043,"6,616",100% bearish,of 1 rating,N/A
CHRW,$67.24,1440192033147,"1,128,419",Not yet rated,NULL,$72
CA,$27.33,1440192033225,"2,905,194",50% bullish,of 4 ratings,$33
CDNS,$19.8,1440192033314,"1,519,633",75% bullish,of 4 ratings,$22.50
CCMP,$44.25,1440192033360,"90,039",50% bullish,of 2 ratings,$59
CDZI,$7.53,1440192033384,"30,147",100% bearish,of 1 rating,N/A
CACQ,$7.1,1440192033542,"100,797",100% bearish,of 1 rating,$12.25
CZR,$8.02,1440192033571,"1,345,062",60% bearish,of 5 ratings,$10.50
CSTE,$45,1440192033592,"526,244",100% bearish,of 1 rating,$65
PRSS,$4.42,1440192033730,"18,224",80% bullish,of 5 ratings,$4.50
CLMS,$11.43,1440192033868,"84,354",Not yet rated,NULL,$10.50
CLBS,$1.33,1440192033899,"263,782",79% bullish,of 14 ratings,$4
CHY,$11.51,1440192033926,"256,541",Not yet rated,NULL,N/A
CHI,$10.67,1440192033969,"301,618",100% bearish,of 1 rating,N/A
CCD,$19.57,1440192033993,"275,211",Not yet rated,NULL,N/A
CFGE,NULL,1440192034058,0,Not yet rated,NULL,N/A
CHW,$7.59,1440192034217,"273,520",100% bearish,of 1 rating,N/A
CAMP,$15.71,1440192034322,"335,596",88% bullish,of 8 ratings,$25
CGO,$11.92,1440192034394,"30,892",100% bearish,of 1 rating,N/A
CFNB,$13.73,1440192034455,143,100% bearish,of 1 rating,N/A
CALA,$5.13,1440192034587,"381,343",100% bullish,of 3 ratings,$19.50
CALD,$15.56,1440192034615,"396,608",100% bearish,of 1 rating,$20.50
CALM,$49.67,1440192034719,"539,610",80% bullish,of 5 ratings,$65
CSQ,$9.88,1440192034767,"547,189",Not yet rated,NULL,N/A
CVGW,$54.49,1440192034791,"146,768",50% bullish,of 2 ratings,$58.50
CLMT,$25.21,1440192034973,"367,348",75% bullish,of 8 ratings,$31
ABCD,$4.64,1440192035119,"122,674",83% bullish,of 6 ratings,N/A
CAMBU,NULL,1440192035150,0,100% bearish,of 1 rating,N/A
CAMB,NULL,1440192035177,0,Not yet rated,NULL,N/A
CAMBW,$0.14,1440192035225,200,Not yet rated,NULL,N/A
CAMT,$2.76,1440192035249,"17,958",73% bullish,of 11 ratings,$4
CAC,$40.79,1440192035310,"25,045",Not yet rated,NULL,N/A
CSIQ,$17.46,1440192035416,"3,507,575",86% bullish,of 28 ratings,$45
CGIX,$9.21,1440192035486,"38,415",67% bullish,of 3 ratings,$14.375
CPHC,$10.66,1440192035518,"2,320",100% bearish,of 1 rating,N/A
CBNJ,$10.65,1440192035623,"60,681",100% bullish,of 1 rating,N/A
CBF,$30.13,1440192035648,"102,306",Not yet rated,NULL,$32
CPLA,$48.57,1440192035732,"84,854",50% bullish,of 2 ratings,$65
CPLP,$7.07,1440192035797,"470,786",71% bullish,of 7 ratings,$11
CCBG,$15.17,1440192035876,"26,848",Not yet rated,NULL,$17.25
CSWC,$46.68,1440192035929,"16,339",Not yet rated,NULL,N/A
CFFN,$12.0086,1440192036066,"689,306",Not yet rated,NULL,$12.75
CPTA,$14.22,1440192036140,"52,411",Not yet rated,NULL,$18.50
CAPR,$3.95,1440192036169,"6,718",Not yet rated,NULL,$12
CAPNW,$0.6199,1440192036190,615,Not yet rated,NULL,N/A
CAPN,$1.99,1440192036228,"269,769",100% bullish,of 1 rating,$10.85
CPST,$0.3777,1440192036325,"956,493",95% bullish,of 22 ratings,$1.25
CARB,$11.43,1440192036355,"85,069",75% bullish,of 4 ratings,$12
CARA,$21.01,1440192036381,"286,045",50% bullish,of 4 ratings,$25
CFNL,$22.47,1440192036539,"122,419",Not yet rated,NULL,$24
CBYL,$6.29,1440192036565,"38,631",100% bearish,of 1 rating,$20
CRDC,$0.38,1440192036604,"10,734",100% bullish,of 1 rating,$1.25
CRME,$9.535,1440192036631,"32,837",89% bullish,of 9 ratings,$11.25
CSII,$24.13,1440192036710,"477,105",100% bearish,of 2 ratings,$42.125
CATM,$34.54,1440192036911,"283,184",100% bearish,of 1 rating,$44
CLBH,$12.79,1440192036975,288,Not yet rated,NULL,$16.50
CARO,$15.34,1440192037001,"1,800",100% bearish,of 1 rating,$19
CDNA,$6.47,1440192037037,"6,286",100% bearish,of 1 rating,$9
CTRE,$12.03,1440192037063,"422,076",50% bullish,of 2 ratings,N/A
CECO,$3.63,1440192037093,"476,999",67% bearish,of 3 ratings,$6
CART,NULL,1440192037141,0,100% bearish,of 1 rating,N/A
CKEC,$21.84,1440192037201,"283,627",50% bullish,of 2 ratings,$35.915
TAST,$11.91,1440192037436,"220,515",Not yet rated,NULL,$14.25
CRTN,$2.66,1440192037541,103,100% bearish,of 1 rating,N/A
CRZO,$31.3562,1440192037581,"968,144",67% bearish,of 3 ratings,$57
CARV,$5.51,1440192037646,"1,750",50% bullish,of 2 ratings,N/A
CACB,$5.43,1440192037676,"111,472",Not yet rated,NULL,$5.50
CWST,$6.2,1440192037710,"271,280",50% bullish,of 2 ratings,$7
CSCD,$14.23,1440192037734,"100,500",100% bullish,of 2 ratings,$17
CASM,$1.09,1440192037775,"4,748",100% bullish,of 1 rating,$3.50
CASY,$104.8974,1440192037948,"370,086",50% bullish,of 2 ratings,$99.50
CASS,$47.46,1440192038007,"46,174",100% bearish,of 1 rating,N/A
CASI,$1.42,1440192038041,"13,082",100% bullish,of 1 rating,$3.50
CATB,$11.26,1440192038140,"70,464",100% bearish,of 1 rating,$28
CPRX,$3.66,1440192038171,"846,503",71% bullish,of 7 ratings,$7
CATY,$30.2864,1440192038242,"491,578",100% bearish,of 1 rating,$33.50
CATYW,$10.54,1440192038268,100,100% bearish,of 1 rating,N/A
CVCO,$73.17,1440192038407,"73,964",100% bearish,of 1 rating,N/A
CAVM,$66.14,1440192038511,"458,453",67% bearish,of 3 ratings,$72
CBFV,$20.75,1440192038540,"4,266",Not yet rated,NULL,N/A
CNLM,$9.97,1440192038594,"1,883",Not yet rated,NULL,N/A
CNLMR,NULL,1440192038667,0,Not yet rated,NULL,N/A
CNLMU,NULL,1440192038701,0,100% bullish,of 1 rating,N/A
CBOE,$61.4126,1440192038800,"495,206",Not yet rated,NULL,$60
CDK,$48.5,1440192038828,"517,921",67% bearish,of 3 ratings,$50
CNLMW,NULL,1440192039093,0,Not yet rated,NULL,N/A
CDW,$38.25,1440192039153,"1,490,342",75% bullish,of 4 ratings,$44
CPXX,$2.13,1440192039225,"85,814",100% bullish,of 2 ratings,$7
CECE,$9.45,1440192039285,"124,266",50% bullish,of 2 ratings,$16
CELGZ,$1.81,1440192039315,"14,200",80% bullish,of 5 ratings,N/A
CELG,$119.05,1440192039360,"5,573,737",92% bullish,of 13 ratings,$155.50
CLDX,$13.53,1440192039417,"2,065,127",89% bullish,of 9 ratings,$36
CLDN,$1.05,1440192039514,"324,992",71% bullish,of 7 ratings,$3
CLRB,$3.05,1440192039543,"5,111",100% bearish,of 1 rating,N/A
CLLS,$30.45,1440192039643,"113,250",75% bullish,of 4 ratings,$51.50
CBMG,$22.63,1440192039696,"40,791",50% bullish,of 2 ratings,N/A
CLSN,$2,1440192039744,"140,086",80% bullish,of 10 ratings,$7.50
CLRBW,$0.94,1440192039774,300,Not yet rated,NULL,N/A
CLTX,$2.94,1440192039830,"2,657,349",100% bullish,of 2 ratings,N/A
CYAD,$50.47,1440192039913,"5,476",100% bullish,of 1 rating,$87.50
CEMP,$35.5,1440192040015,"686,260",71% bullish,of 7 ratings,$52
CETX,$2.47,1440192040149,"12,950",Not yet rated,NULL,$5.60
CETV,$2.02,1440192040199,"177,717",67% bullish,of 3 ratings,$2.80
CSFL,$14.06,1440192040298,"147,356",Not yet rated,NULL,$15
CENTA,$12.57,1440192040362,"238,725",Not yet rated,NULL,N/A
CENX,$5.17,1440192040403,"1,660,584",67% bullish,of 6 ratings,$9
CFBK,$1.38,1440192040431,"6,308",Not yet rated,NULL,N/A
CENT,$11.93,1440192040508,"28,453",Not yet rated,NULL,$10
CVCY,$11.19,1440192040566,675,Not yet rated,NULL,$12
CNTY,$6.02,1440192040592,"6,571",80% bullish,of 5 ratings,$7.75
CNBKA,$40.33,1440192040673,"9,839",100% bullish,of 1 rating,N/A
CERE,$1.1,1440192040804,"479,152",88% bullish,of 8 ratings,N/A
CPHD,$47.8043,1440192040888,"535,219",50% bullish,of 2 ratings,$66.50
CRNT,$1.37,1440192040915,"280,066",50% bullish,of 2 ratings,$2
CERN,$61.72,1440192040943,"1,895,643",67% bullish,of 3 ratings,$79
CERU,$3.42,1440192041046,"35,178",75% bullish,of 4 ratings,$15
CERS,$4.73,1440192041196,"650,339",75% bullish,of 4 ratings,$7
KOOL,$0.6998,1440192041248,"19,783",100% bullish,of 5 ratings,$7
CYOU,$20.0874,1440192041278,"457,679",50% bullish,of 6 ratings,$24
HOTRW,NULL,1440192041304,0,Not yet rated,NULL,N/A
CEVA,$18.37,1440192041345,"70,931",100% bearish,of 1 rating,$25
CTHR,$1.23,1440192041440,"48,304",50% bullish,of 2 ratings,$2.50
GTLS,$22.3973,1440192041494,"330,795",50% bullish,of 4 ratings,$40
HOTR,$1.5,1440192041519,"212,526",100% bullish,of 2 ratings,$5
CHTR,$177.5087,1440192041588,"962,693",100% bearish,of 2 ratings,$196
CHKP,$76.9,1440192041753,"1,048,652",50% bullish,of 4 ratings,$92
CHFN,$12.45,1440192041781,"35,096",Not yet rated,NULL,$14
CHEKW,NULL,1440192041858,0,Not yet rated,NULL,N/A
CEMI,$4.25,1440192041918,"5,139",50% bullish,of 2 ratings,$7.50
CHMG,$26.6,1440192041947,700,Not yet rated,NULL,$30
CHFC,$31.81,1440192042020,"100,386",100% bearish,of 1 rating,$36
CCXI,$6.66,1440192042045,"125,627",67% bullish,of 3 ratings,$14
CHEK,$3.16,1440192042090,"1,665",Not yet rated,NULL,$7.75
CHKE,$25.42,1440192042196,"26,595",100% bearish,of 1 rating,$32.50
CHEV,$14.63,1440192042356,"8,266",Not yet rated,NULL,N/A
CBNK,$16.48,1440192042393,297,100% bearish,of 1 rating,N/A
PLCE,$58.5,1440192042421,"386,298",100% bearish,of 1 rating,$71
CMRX,$46.44,1440192042486,"341,351",50% bullish,of 2 ratings,$57
CHMA,$24.05,1440192042512,"123,730",Not yet rated,NULL,$40
CADC,NULL,1440192042593,0,78% bullish,of 9 ratings,N/A
CALI,$0.87,1440192042643,"7,037",67% bullish,of 3 ratings,N/A
CAAS,$6.48,1440192042843,"52,022",93% bullish,of 14 ratings,$11.50
CBAK,$1.8,1440192042868,"39,266",67% bullish,of 9 ratings,N/A
CCCR,$0.89,1440192043001,"36,566",67% bearish,of 3 ratings,N/A
CBPO,$97.5633,1440192043155,"275,264",75% bullish,of 8 ratings,$140.50
HGSH,$1.89,1440192043183,"13,900",67% bullish,of 3 ratings,N/A
CCCL,$0.85,1440192043338,"10,030",100% bullish,of 6 ratings,N/A
HTHT,$24.5,1440192043369,"81,284",50% bullish,of 2 ratings,$28
JRJC,$3.87,1440192043397,"166,421",82% bullish,of 11 ratings,N/A
CHOP,$1.2,1440192043419,"146,084",50% bullish,of 2 ratings,N/A
CHLN,$2.05,1440192043471,"8,803",67% bullish,of 3 ratings,N/A
CNIT,$1.54,1440192043562,"31,123",67% bullish,of 6 ratings,N/A
CJJD,$1.9,1440192043638,"52,186",100% bullish,of 1 rating,N/A
CHNR,$2.01,1440192043742,"1,911",100% bearish,of 1 rating,N/A
CSUN,$1.38,1440192043791,"19,180",80% bullish,of 5 ratings,N/A
CREG,$0.7,1440192043816,"109,561",100% bullish,of 3 ratings,N/A
CPGI,$6.94,1440192043977,"2,888",Not yet rated,NULL,N/A
CNTF,$0.85,1440192044011,"130,860",Not yet rated,NULL,N/A
CXDC,$6.21,1440192044037,"128,308",67% bullish,of 3 ratings,N/A
CNYD,$3.17,1440192044107,"7,840",67% bullish,of 3 ratings,N/A
IMOS,$16.0456,1440192044273,"208,767",60% bullish,of 5 ratings,$21.50
CCIH,$6.0688,1440192044298,"995,724",67% bullish,of 6 ratings,$12.65
CNET,$0.8899,1440192044359,"36,501",50% bullish,of 2 ratings,N/A
CHSCM,$25.86,1440192044454,"33,418",Not yet rated,NULL,N/A
CHSCL,$27.06,1440192044483,"26,654",Not yet rated,NULL,N/A
CHSCN,$27.02,1440192044584,"3,839",Not yet rated,NULL,N/A
CHSCO,$28.32,1440192044688,"9,147",Not yet rated,NULL,N/A
CHSCP,$30.29,1440192044754,"3,905",Not yet rated,NULL,N/A
CHDN,$134.37,1440192044784,"57,359",Not yet rated,NULL,$165
CDTX,$14.04,1440192044831,"21,619",Not yet rated,NULL,$22
CHUY,$31.27,1440192044858,"229,822",50% bullish,of 2 ratings,$34
CMCT,$15,1440192044924,"2,992",100% bearish,of 1 rating,N/A
CIFC,$6.85,1440192044949,"10,311",Not yet rated,NULL,N/A
CINF,$53.8535,1440192045116,"1,065,857",50% bullish,of 4 ratings,$50.50
CMPR,$67.75,1440192045147,"488,367",50% bullish,of 2 ratings,$72.50
CIDM,$0.62,1440192045374,"87,510",50% bullish,of 2 ratings,$2.10
CTAS,$84.87,1440192045404,"522,195",100% bearish,of 1 rating,$91
CSCO,$26.52,1440192045433,"33,976,014",84% bullish,of 208 ratings,$32
CPHR,$6.2,1440192045458,"1,500",100% bearish,of 1 rating,$16
CRUS,$27.46,1440192045534,"973,633",75% bullish,of 12 ratings,$44.50
CZWI,$9.09,1440192045644,10,Not yet rated,NULL,N/A
CTRN,$27.92,1440192045675,"144,202",100% bearish,of 1 rating,$31.50
CZNC,$19.63,1440192045720,"13,840",Not yet rated,NULL,N/A
CZFC,$12.7201,1440192045807,700,Not yet rated,NULL,N/A
CIZN,$19.55,1440192045835,"1,220",Not yet rated,NULL,N/A
CTXS,$75.86,1440192045933,"1,215,178",86% bullish,of 7 ratings,$80
CIVBP,NULL,1440192046011,0,Not yet rated,NULL,N/A
CHCO,$47.47,1440192046036,"74,330",Not yet rated,NULL,$46
CIVB,$10.29,1440192046386,"5,841",Not yet rated,NULL,$11
CLNT,$1.69,1440192046428,"56,834",75% bullish,of 8 ratings,N/A
CDTI,$1.56,1440192046458,"65,316",75% bullish,of 4 ratings,$3.20
CLFD,$16.89,1440192046480,"50,082",67% bullish,of 3 ratings,$18
CBLI,$3.82,1440192046501,"47,562",60% bullish,of 5 ratings,N/A
CLIR,$5.07,1440192046540,"32,472",100% bullish,of 3 ratings,N/A
CLNE,$4.02,1440192046563,"1,114,136",80% bullish,of 15 ratings,$9
CLRO,$11.74,1440192046637,"4,663",50% bullish,of 2 ratings,$14.25
CMFN,$11.79,1440192046804,"14,093",100% bearish,of 1 rating,$15.50
CSBK,$13.76,1440192046978,"62,601",Not yet rated,NULL,N/A
CME,$91.629,1440192047044,"3,306,208",67% bullish,of 3 ratings,$102
CLVS,$72.68,1440192047076,"346,682",60% bullish,of 5 ratings,$101.50
CCNE,$17.08,1440192047153,"21,997",50% bullish,of 2 ratings,$21.50
CISG,$7.78,1440192047260,"151,935",100% bullish,of 5 ratings,$10
CNV,$4.72,1440192047291,"20,202",50% bullish,of 2 ratings,$7.15
COBZ,$13,1440192047343,"155,494",100% bullish,of 1 rating,$14
CWAY,$11.36,1440192047393,502,Not yet rated,NULL,N/A
COKE,$154.15,1440192047474,"30,930",79% bullish,of 19 ratings,N/A
CDRB,$11.18,1440192047502,"11,033",67% bullish,of 3 ratings,N/A
CDXS,$3.96,1440192047671,"51,237",64% bullish,of 11 ratings,$6
JVA,$4.57,1440192047705,"28,204",83% bullish,of 6 ratings,$7
CVLY,$20.55,1440192047731,"8,047",Not yet rated,NULL,N/A
CCOI,$28.31,1440192047805,"322,021",50% bullish,of 4 ratings,$35
CGNT,$1.66,1440192047831,"34,152",100% bullish,of 2 ratings,$2
CGNX,$35.7,1440192047975,"695,000",50% bullish,of 2 ratings,$47
COHR,$57.2,1440192048110,"130,953",50% bullish,of 2 ratings,$72
COHU,$9.89,1440192048168,"271,999",100% bearish,of 1 rating,$14.25
CLRX,$0.4901,1440192048194,"59,544",50% bullish,of 2 ratings,N/A
CHRS,$29.87,1440192048252,"170,994",67% bearish,of 3 ratings,$37
COLL,$15.25,1440192048277,"33,838",100% bearish,of 1 rating,$26
CTSH,$62.85,1440192048326,"3,763,642",90% bullish,of 10 ratings,$75
CLCT,$18.06,1440192048410,"74,153",100% bearish,of 1 rating,N/A
CIGI,$44.35,1440192048493,"9,835",100% bearish,of 1 rating,$52
CBAN,$8.95,1440192048546,520,Not yet rated,NULL,N/A
COLB,$31.17,1440192048633,"236,131",Not yet rated,NULL,$36
CLCD,$6.91,1440192048676,"23,570",100% bearish,of 1 rating,$20.50
COLM,$62.63,1440192048820,"170,550",100% bearish,of 1 rating,$71
CMCSK,$57.64,1440192048952,"4,121,742",Not yet rated,NULL,$84
CMCO,$19.42,1440192048978,"118,644",60% bullish,of 5 ratings,$28
CBMX,$1.21,1440192049011,"39,549",83% bullish,of 6 ratings,$3.15
CBSH,$45.3446,1440192049040,"380,222",50% bullish,of 2 ratings,$46
CUBN,$13.6,1440192049109,"2,416",Not yet rated,NULL,N/A
CBSHP,$25.25,1440192049140,"1,462",100% bearish,of 1 rating,N/A
CMCSA,$56.7732,1440192049193,"14,946,123",66% bullish,of 35 ratings,$69.50
CVGI,$4.69,1440192049353,"105,073",50% bullish,of 2 ratings,$6
CSAL,$20.6075,1440192049381,"718,045",75% bullish,of 4 ratings,$30
COMM,$29.31,1440192049436,"1,032,402",67% bearish,of 3 ratings,$35
ESXB,$5.12,1440192049585,"12,099",Not yet rated,NULL,N/A
JCS,$9.21,1440192049610,626,67% bullish,of 3 ratings,N/A
CYHHZ,$0.011,1440192049664,"5,341",100% bullish,of 1 rating,N/A
CWBC,$6.78,1440192049805,"5,828",Not yet rated,NULL,N/A
CTBI,$34.8,1440192049835,"47,075",Not yet rated,NULL,$36
COB,$10.42,1440192049911,"21,470",100% bullish,of 1 rating,$11.75
CVLT,$36.34,1440192050046,"370,999",75% bullish,of 4 ratings,$44.50
CIL,$33.53,1440192050073,500,Not yet rated,NULL,N/A
CIZ,$33.33,1440192050094,"5,278",100% bearish,of 1 rating,N/A
CID,$33.93,1440192050153,200,Not yet rated,NULL,N/A
CDC,$35.22,1440192050228,"23,106",Not yet rated,NULL,N/A
CSA,$33.32,1440192050253,"2,560",Not yet rated,NULL,N/A
CSF,$36.84,1440192050280,"5,120",100% bearish,of 1 rating,N/A
CFA,$35.77,1440192050450,"2,458",100% bearish,of 1 rating,N/A
CDL,$34.42,1440192050523,"7,600",Not yet rated,NULL,N/A
CFO,$35.7,1440192050588,"16,998",100% bearish,of 1 rating,N/A
CSB,NULL,1440192050656,0,Not yet rated,NULL,N/A
CPSI,$45.08,1440192050681,"89,664",100% bearish,of 1 rating,$45.50
CGEN,$5.15,1440192050737,"114,352",50% bullish,of 2 ratings,$11
CTG,$6.63,1440192050870,"46,409",100% bearish,of 1 rating,$8.50
SCOR,$56.5,1440192051002,"463,584",100% bearish,of 1 rating,$66
CNAT,$4,1440192051032,"134,269",83% bullish,of 6 ratings,$13
CNSI,$18.79,1440192051059,"160,869",100% bearish,of 2 ratings,$29
CHCI,$0.6,1440192051088,"23,882",50% bullish,of 2 ratings,N/A
CMTL,$26.49,1440192051137,"90,800",100% bearish,of 2 ratings,$37
CCUR,$5.18,1440192051444,"18,754",75% bullish,of 4 ratings,N/A
CDORO,NULL,1440192051508,0,100% bearish,of 1 rating,N/A
CXRX,$71.01,1440192051538,"3,584",Not yet rated,NULL,$90
CNCE,$15.39,1440192051614,"221,475",75% bullish,of 4 ratings,$22
CFMS,$21.32,1440192051639,"241,608",Not yet rated,NULL,$27
CDOR,$1.47,1440192051690,"5,359",100% bullish,of 1 rating,N/A
CDORP,$6.7921,1440192051770,800,100% bearish,of 1 rating,N/A
CNMD,$54.8,1440192051845,"186,789",Not yet rated,NULL,$59
CTWS,$35.1,1440192051945,"49,177",100% bearish,of 1 rating,$44
CNFR,$10.42,1440192051976,"16,866",Not yet rated,NULL,N/A
CNXR,$6.26,1440192052030,"22,458",100% bearish,of 1 rating,$12
CNOB,$19.5,1440192052055,"153,863",100% bullish,of 1 rating,$23.50
CNSL,$20.06,1440192052083,"235,939",100% bearish,of 1 rating,$23
CONN,$31.23,1440192052215,"383,835",67% bullish,of 3 ratings,$48.50
CTCT,$24.27,1440192052347,"286,115",67% bullish,of 3 ratings,$37
CWCO,$10.65,1440192052376,"129,607",67% bullish,of 3 ratings,$14.50
CPSS,$5.64,1440192052478,"88,625",100% bullish,of 1 rating,$10
CFRX,$5.14,1440192052503,"29,285",Not yet rated,NULL,$14
CFRXZ,$0.531,1440192052784,"2,550",Not yet rated,NULL,N/A
CTRL,$7.91,1440192052813,"125,610",50% bullish,of 2 ratings,$11
CFRXW,$1.87,1440192052839,"4,588",100% bearish,of 1 rating,N/A
CPRT,$34.5858,1440192052865,"275,415",67% bearish,of 3 ratings,$40
CORT,$4.57,1440192052896,"394,867",67% bullish,of 3 ratings,$12
CTRV,$3.55,1440192052917,"57,680",Not yet rated,NULL,$6.40
BVA,$3.75,1440192053044,"3,794",50% bullish,of 2 ratings,N/A
CRBP,$2.05,1440192053092,"925,366",100% bullish,of 2 ratings,$6.25
CSOD,$36.95,1440192053259,"368,582",50% bullish,of 2 ratings,$42
CORE,$59.8,1440192053291,"94,606",100% bearish,of 1 rating,$72
CORI,$10.8,1440192053339,"63,491",100% bearish,of 1 rating,$18
CRVL,$32.1,1440192053393,"47,501",100% bearish,of 1 rating,N/A
COSI,$1.11,1440192053567,"87,642",100% bullish,of 1 rating,N/A
COST,$139,1440192053594,"2,521,758",79% bullish,of 24 ratings,$154.50
CSGP,$181.61,1440192053622,"73,784",50% bullish,of 2 ratings,$235
CPAH,$0.4625,1440192053652,"11,752",50% bullish,of 2 ratings,N/A
ICBK,$18.6,1440192053751,418,Not yet rated,NULL,$21
COVS,$2.56,1440192053850,"72,882",67% bullish,of 3 ratings,N/A
CVTI,$22.53,1440192053880,"149,049",67% bearish,of 3 ratings,$39
COWNL,$27.19,1440192053927,"3,700",Not yet rated,NULL,N/A
CPSH,$2.36,1440192053958,300,Not yet rated,NULL,N/A
COWN,$5.1,1440192054062,"839,094",75% bullish,of 4 ratings,$7
CRAI,$22.39,1440192054092,"55,819",Not yet rated,NULL,$36
CRAY,$20.49,1440192054333,"284,812",83% bullish,of 6 ratings,$38.50
CBRL,$143.9027,1440192054358,"281,725",50% bullish,of 2 ratings,$155
BREW,$7.3,1440192054413,"59,792",67% bullish,of 6 ratings,$15
GLDI,$11.09,1440192054521,"41,785",100% bearish,of 1 rating,N/A
SLVO,$10.46,1440192054574,"9,370",100% bearish,of 1 rating,N/A
CREE,$25.45,1440192054600,"1,082,980",65% bullish,of 17 ratings,$29.50
CRTO,$43.49,1440192054625,"541,309",67% bullish,of 6 ratings,$64
CACC,$192.85,1440192054661,"122,435",50% bullish,of 2 ratings,$158.50
CROX,$14.19,1440192054819,"1,360,754",63% bullish,of 8 ratings,$16.50
CCRN,$14.41,1440192054856,"188,998",100% bearish,of 1 rating,$14.25
CRDS,$1.05,1440192055077,"13,476",50% bullish,of 4 ratings,$4.50
CRESY,$10.29,1440192055121,"38,860",100% bearish,of 1 rating,$19
CRWS,$8.03,1440192055152,"2,485",Not yet rated,NULL,$10
CRWN,$4.56,1440192055209,"130,545",75% bullish,of 4 ratings,N/A
CYRX,$2.83,1440192055251,"35,137",Not yet rated,NULL,$9
CSGS,$31.06,1440192055386,"172,648",Not yet rated,NULL,$40
CCLP,$13.8063,1440192055414,"64,248",67% bearish,of 3 ratings,$21
CYRXW,$0.86,1440192055436,"41,500",Not yet rated,NULL,N/A
CTIC,$1.68,1440192055575,"1,708,372",84% bullish,of 76 ratings,$5.75
CTIB,NULL,1440192055647,0,100% bearish,of 1 rating,N/A
CTCM,$1.71,1440192055676,"364,523",80% bearish,of 5 ratings,$3.90
CTRP,$64.2374,1440192055731,"1,571,691",75% bullish,of 8 ratings,$92
CUNB,$22.03,1440192055778,"49,607",Not yet rated,NULL,$24.50
CSPI,$6.18,1440192055805,"3,803",67% bullish,of 3 ratings,N/A
CPIX,$5.87,1440192055995,"3,515",Not yet rated,NULL,N/A
CMLS,$1.3,1440192056070,"970,308",50% bullish,of 4 ratings,$6
CUTR,$14.4,1440192056096,"57,497",67% bearish,of 3 ratings,$18
CRIS,$2.57,1440192056125,"442,411",100% bullish,of 8 ratings,$6
CUI,$4.8908,1440192056225,"120,360",50% bullish,of 2 ratings,$10
CVBF,$16.66,1440192056253,"658,942",Not yet rated,NULL,$18
CVV,$11.44,1440192056327,"25,260",100% bullish,of 5 ratings,N/A
CYAN,$7.3,1440192056426,"5,900",100% bearish,of 1 rating,N/A
CYCC,$0.5699,1440192056567,"125,541",73% bullish,of 11 ratings,N/A
CYBX,$66.48,1440192056589,"561,566",50% bullish,of 4 ratings,$70
CYCCP,NULL,1440192056667,0,100% bearish,of 1 rating,N/A
CYBE,$5.96,1440192056695,"9,802",100% bearish,of 1 rating,N/A
CYBR,$51.7,1440192056722,"2,001,128",86% bullish,of 7 ratings,$66
CBAY,$2.69,1440192056748,"42,788",100% bullish,of 1 rating,$4
CYNA,$16.08,1440192056981,"23,175",100% bullish,of 1 rating,$31.50
CYNO,$31.99,1440192057044,"242,311",67% bearish,of 3 ratings,$45.50
CYRN,$1.64,1440192057113,"253,906",67% bullish,of 3 ratings,$4
CY,$9.44,1440192057143,"3,384,057",80% bullish,of 10 ratings,$15.50
CONE,$32.98,1440192057248,"454,437",67% bearish,of 3 ratings,$35
CYTK,$6.54,1440192057280,"193,233",71% bullish,of 14 ratings,$13.50
CYTX,$0.375,1440192057309,"766,187",83% bullish,of 12 ratings,$5.50
CYTR,$2.18,1440192057386,"755,510",67% bullish,of 6 ratings,$10
CTSO,$6.95,1440192057548,"54,249",Not yet rated,NULL,$15.625
TVIX,$9.2,1440192057579,"19,726,659",81% bullish,of 16 ratings,N/A
TVIZ,$14.69,1440192057607,"3,240",100% bearish,of 1 rating,N/A
DAEG,$0.3443,1440192057681,"4,306",100% bearish,of 1 rating,N/A
ZIV,$46.39,1440192057742,"149,070",Not yet rated,NULL,N/A
DJCO,$197.2,1440192057825,"1,966",Not yet rated,NULL,N/A
DAKT,$11.7,1440192057959,"198,964",50% bullish,of 2 ratings,$14
XIV,$35.91,1440192057994,"25,171,579",75% bearish,of 4 ratings,N/A
DARA,$0.9,1440192058057,"39,987",83% bullish,of 6 ratings,$1.50
DAIO,$2.55,1440192058085,"4,354",Not yet rated,NULL,N/A
DTLK,$5.5,1440192058113,"91,469",100% bearish,of 1 rating,$9
DRAM,$1.4,1440192058245,"5,900",78% bullish,of 9 ratings,N/A
DTEA,$13.49,1440192058318,"126,308",100% bearish,of 2 ratings,$24
DWCH,$4.97,1440192058377,"77,045",75% bullish,of 4 ratings,$8.25
PLAY,$34.47,1440192058414,"228,236",100% bullish,of 5 ratings,$42
DBVT,$39.13,1440192058515,"112,606",100% bearish,of 1 rating,$53
TRAK,$62.93,1440192058536,"1,034,755",50% bullish,of 2 ratings,$62.50
DWSN,$4.02,1440192058567,"43,597",67% bullish,of 3 ratings,$6
DHRM,$1.68,1440192058614,"4,586",Not yet rated,NULL,N/A
DCTH,$0.48,1440192058873,"110,038",78% bullish,of 9 ratings,N/A
DFRG,$14.75,1440192058899,"199,012",100% bearish,of 1 rating,$20
TACO,$13.13,1440192058928,"216,919",100% bullish,of 3 ratings,$20
DENN,$11.81,1440192059034,"551,333",100% bullish,of 3 ratings,$15
TACOW,$4.01,1440192059095,"3,151",100% bullish,of 1 rating,N/A
DELTW,NULL,1440192059135,0,Not yet rated,NULL,N/A
DGAS,$20.24,1440192059160,"1,955",67% bearish,of 3 ratings,N/A
DELT,$2.59,1440192059190,"2,349",Not yet rated,NULL,N/A
XRAY,$53.6236,1440192059295,"909,951",100% bullish,of 1 rating,$58
DEPO,$28.75,1440192059328,"1,112,213",60% bullish,of 5 ratings,$29
DSCI,$6.45,1440192059426,"49,351",50% bullish,of 2 ratings,$16
DERM,$24.15,1440192059497,"253,637",100% bearish,of 1 rating,$33.50
DEST,$11.83,1440192059642,"39,808",50% bullish,of 2 ratings,N/A
DSWL,$1.75,1440192059668,"9,425",100% bullish,of 1 rating,N/A
DXLG,$4.5,1440192059705,"65,758",100% bearish,of 1 rating,$8
DXM,$0.32,1440192059806,"22,270",50% bullish,of 2 ratings,N/A
DXCM,$89.9992,1440192059828,"957,976",57% bullish,of 7 ratings,$98
DMND,$30.41,1440192059859,"181,308",75% bullish,of 12 ratings,$32
DHXM,NULL,1440192060115,0,Not yet rated,NULL,N/A
DGII,$9.95,1440192060193,"78,052",100% bearish,of 1 rating,$10
DCIX,$1.74,1440192060214,"92,529",50% bullish,of 4 ratings,$3.50
FANG,$66.542,1440192060249,"1,043,554",50% bullish,of 2 ratings,$86
DHIL,$190.8,1440192060300,"18,491",Not yet rated,NULL,N/A
DMRC,$36.52,1440192060322,"70,922",100% bearish,of 1 rating,$44
DRNA,$10.34,1440192060347,"90,197",67% bearish,of 3 ratings,$25
APPS,$2.36,1440192060679,"204,374",100% bearish,of 1 rating,$10.25
DRAD,$3.88,1440192060719,"12,681",100% bullish,of 1 rating,$5.25
DIOD,$19.31,1440192060752,"281,801",75% bearish,of 4 ratings,$24
DISCB,NULL,1440192060774,0,100% bearish,of 1 rating,$35
DGLY,$6.75,1440192060811,"241,709",50% bullish,of 6 ratings,$20
DPRX,$11.95,1440192060837,"18,525",100% bullish,of 2 ratings,$27.75
DCOM,$16.82,1440192060863,"156,270",100% bearish,of 2 ratings,$16.50
DISCA,$27.0967,1440192060907,"3,028,612",67% bullish,of 3 ratings,$34
DISH,$60.9427,1440192061130,"1,735,171",69% bullish,of 13 ratings,$73
DSCO,$0.4055,1440192061266,"156,711",83% bullish,of 6 ratings,$2.75
DVCR,$10.25,1440192061292,"18,982",100% bullish,of 1 rating,N/A
DISCK,$25.9869,1440192061371,"2,884,033",100% bearish,of 1 rating,$32
BAGR,$3.01,1440192061425,"16,511",100% bearish,of 1 rating,$6
DNBF,$27.15,1440192061451,"8,727",Not yet rated,NULL,$27.50
DLTR,$76.3408,1440192061505,"2,448,980",82% bullish,of 11 ratings,$88
DGICA,$14.4,1440192061586,"16,557",100% bearish,of 1 rating,$17
DLHC,$2.5,1440192061638,"6,270",100% bearish,of 1 rating,N/A
DGICB,NULL,1440192061662,0,100% bearish,of 1 rating,N/A
DRWI,$0.2625,1440192061807,"193,656",60% bullish,of 5 ratings,$.45
HILL,$9.69,1440192061848,"2,314,246",60% bearish,of 5 ratings,$9.75
DORM,$49.7,1440192061880,"307,182",100% bearish,of 1 rating,$56
DMLP,$13.9,1440192061909,"47,201",100% bearish,of 1 rating,N/A
DRWIW,$0.0589,1440192062042,"1,581",Not yet rated,NULL,N/A
DWA,$19.0777,1440192062120,"879,680",63% bullish,of 8 ratings,$26
DRYS,$0.3511,1440192062180,"1,480,898",77% bullish,of 31 ratings,$.60
DSKX,$3.44,1440192062262,"117,971",100% bullish,of 1 rating,N/A
CADTR,NULL,1440192062412,0,Not yet rated,NULL,N/A
CADT,$10.02,1440192062439,206,Not yet rated,NULL,N/A
DSPG,$8.595,1440192062468,"67,339",100% bearish,of 1 rating,$13.50
CADTU,NULL,1440192062513,0,Not yet rated,NULL,N/A
CADTW,NULL,1440192062570,0,Not yet rated,NULL,N/A
DTSI,$26.055,1440192062643,"125,141",100% bearish,of 2 ratings,$39.50
DRRX,$1.99,1440192062673,"346,049",50% bullish,of 6 ratings,$3
DNKN,$49.874,1440192062701,"1,291,182",67% bullish,of 15 ratings,$56.50
DXPE,$28.59,1440192062842,"166,279",50% bullish,of 2 ratings,N/A
DYAX,$22.55,1440192062909,"854,965",89% bullish,of 9 ratings,$30
BOOM,$9.64,1440192063005,"57,962",67% bullish,of 3 ratings,$12
DYSL,$1.55,1440192063036,"180,829",100% bullish,of 2 ratings,N/A
DYNT,$2.86,1440192063110,"3,500",75% bullish,of 4 ratings,N/A
ETFC,$25.5369,1440192063168,"2,489,322",57% bullish,of 14 ratings,$33
EBMT,$11.53,1440192063242,"19,207",Not yet rated,NULL,$13.50
DVAX,$27.73,1440192063267,"350,077",70% bullish,of 10 ratings,$40
EGLE,$6,1440192063447,"60,394",60% bullish,of 5 ratings,N/A
EGBN,$42.84,1440192063474,"89,593",Not yet rated,NULL,$48
ELNK,$8.58,1440192063506,"814,740",60% bullish,of 5 ratings,$9.50
EGRX,$65.45,1440192063535,"389,432",67% bullish,of 3 ratings,$97
EROC,$1.1,1440192063604,"356,235",50% bullish,of 2 ratings,$3
EWBC,$41.405,1440192063668,"1,077,281",100% bearish,of 1 rating,$50
EACQU,NULL,1440192063694,0,Not yet rated,NULL,N/A
EML,$16.81,1440192063896,"6,029",Not yet rated,NULL,N/A
EVBS,$6.45,1440192063950,"6,522",Not yet rated,NULL,$7
EBAY,$25.81,1440192063978,"13,095,989",81% bullish,of 117 ratings,$48
ELON,$0.545,1440192064035,"64,729",50% bullish,of 2 ratings,N/A
EBIX,$28.05,1440192064060,"477,773",69% bullish,of 13 ratings,$40
ECTE,$1.63,1440192064112,"79,784",75% bullish,of 4 ratings,N/A
ECACU,$10.1,1440192064539,"1,738",Not yet rated,NULL,N/A
ESES,$3.45,1440192064573,"8,309",100% bearish,of 1 rating,$7
EEI,$11.09,1440192064598,"4,741",67% bearish,of 3 ratings,N/A
SATS,$45.42,1440192064636,"155,588",50% bullish,of 2 ratings,$60
ECHO,$24.82,1440192064675,"412,036",67% bearish,of 3 ratings,$35.50
EDUC,$4.59,1440192064732,"7,183",100% bearish,of 1 rating,N/A
EDGW,$7.14,1440192064759,"35,959",100% bearish,of 1 rating,N/A
EDAP,$3.08,1440192064825,"136,353",60% bullish,of 5 ratings,$4.50
EFUT,NULL,1440192065048,0,Not yet rated,NULL,N/A
EGAN,$3.47,1440192065078,"10,092",50% bullish,of 2 ratings,$6.25
LOCO,$12.26,1440192065180,"1,084,661",69% bullish,of 13 ratings,$20
EHTH,$14.08,1440192065214,"414,120",50% bullish,of 4 ratings,$16.50
EGLT,$11.42,1440192065239,"23,570",50% bullish,of 2 ratings,$21
ESLT,$80.34,1440192065264,"5,249",100% bullish,of 2 ratings,N/A
EMITF,$1.29,1440192065310,"7,100",75% bullish,of 4 ratings,N/A
ERI,$9.6,1440192065408,"124,258",100% bearish,of 1 rating,$10
ELRC,$10.65,1440192065437,"75,948",100% bearish,of 1 rating,N/A
EFII,$43.93,1440192065578,"255,202",80% bullish,of 5 ratings,$55
ESIO,$4.58,1440192065605,"42,139",50% bullish,of 2 ratings,$10
EA,$65.5221,1440192065638,"3,713,996",77% bullish,of 35 ratings,$80
ELEC,NULL,1440192065663,0,Not yet rated,NULL,N/A
ELECU,NULL,1440192065738,0,Not yet rated,NULL,N/A
ELSE,$4.02,1440192065811,"1,000",60% bullish,of 5 ratings,N/A
ELECW,NULL,1440192066003,0,Not yet rated,NULL,N/A
EBIO,$3.39,1440192066035,"858,193",100% bearish,of 2 ratings,$8.35
CAPX,$22.63,1440192066084,"1,168",Not yet rated,NULL,N/A
ESBK,$19.8,1440192066134,879,Not yet rated,NULL,N/A
RDEN,$10.38,1440192066167,"93,838",100% bearish,of 4 ratings,$15
ELTK,$1.04,1440192066262,"50,704",67% bearish,of 3 ratings,N/A
EMCI,$23,1440192066291,"15,824",Not yet rated,NULL,N/A
EMCF,NULL,1440192066365,0,100% bearish,of 1 rating,N/A
LONG,$17.39,1440192066392,"18,568",67% bullish,of 3 ratings,$15.75
EMMSP,$3.25,1440192066527,400,100% bearish,of 1 rating,N/A
EMMS,$1.28,1440192066590,"12,299",67% bullish,of 6 ratings,N/A
ERS,$2.86,1440192066616,"1,336",Not yet rated,NULL,N/A
EMKR,$7.16,1440192066661,"129,455",75% bullish,of 4 ratings,$8.50
NYNY,$4.06,1440192066686,"74,163",50% bullish,of 2 ratings,N/A
ENTA,$40.22,1440192066836,"172,455",50% bullish,of 2 ratings,$42
ECPG,$39.21,1440192066902,"126,955",100% bullish,of 2 ratings,$52
WIRE,$32.7,1440192067035,"124,660",100% bearish,of 1 rating,$37
EIGI,$15.18,1440192067073,"788,018",67% bearish,of 3 ratings,$22.50
ECYT,$5.2,1440192067101,"252,908",83% bullish,of 6 ratings,$12
ENDP,$76.6008,1440192067187,"2,114,082",50% bullish,of 6 ratings,$104
ELGX,$13.15,1440192067216,"557,451",75% bullish,of 4 ratings,$17
WATT,$6.74,1440192067237,"108,831",50% bullish,of 2 ratings,$13
EFOI,$15.8,1440192067273,"328,386",50% bullish,of 2 ratings,$20.50
ERII,$2.89,1440192067368,"84,939",80% bullish,of 5 ratings,$2.50
ENOC,$8.08,1440192067467,"211,114",75% bullish,of 4 ratings,$18
EXXI,$1.44,1440192067499,"1,757,742",86% bullish,of 7 ratings,$3.50
ENG,$1.02,1440192067609,"5,407",100% bullish,of 3 ratings,N/A
ENPH,$4.42,1440192067659,"567,322",75% bullish,of 4 ratings,$11
ENFC,$18.34,1440192067748,"2,236",Not yet rated,NULL,N/A
ESGR,$151,1440192067790,"69,547",100% bearish,of 1 rating,$185
ENTG,$13.72,1440192067922,"439,650",100% bearish,of 1 rating,$18
ENTL,$21.44,1440192068156,"15,857",Not yet rated,NULL,$28
EFSC,$24.75,1440192068297,"69,838",Not yet rated,NULL,$27
EBTC,$20.07,1440192068365,"8,123",Not yet rated,NULL,N/A
ETRM,$0.2331,1440192068499,"441,727",69% bearish,of 35 ratings,$1.625
ENVI,$1.85,1440192068629,"15,528",67% bullish,of 3 ratings,N/A
EGT,$2.09,1440192068656,"1,500",100% bullish,of 1 rating,N/A
ENZN,$1.01,1440192068678,"759,755",100% bullish,of 9 ratings,N/A
ENZY,$8.98,1440192068819,"9,946",67% bullish,of 3 ratings,$9.50
EPIQ,$13.87,1440192068882,"92,324",100% bearish,of 1 rating,$18
EPZM,$15.93,1440192068908,"285,509",60% bullish,of 5 ratings,$34
EPRS,$4.76,1440192069041,"74,298",82% bullish,of 11 ratings,$15
EQFN,$8.3,1440192069137,200,Not yet rated,NULL,N/A
PLUS,$77.81,1440192069168,"952,339",50% bullish,of 2 ratings,$88
EAC,$3.67,1440192069237,"15,388",100% bearish,of 1 rating,$8
EQIX,$271.2774,1440192069262,"588,940",67% bullish,of 3 ratings,$312.50
ERIE,$84.5099,1440192069289,"26,146",Not yet rated,NULL,$73
ERIC,$9.83,1440192069318,"2,367,275",63% bullish,of 8 ratings,$12.20
ESCA,$18.35,1440192069505,"25,641",100% bearish,of 1 rating,$22
ESCR,$0.14,1440192069544,"63,314",50% bullish,of 2 ratings,N/A
ESCRP,$1.65,1440192069613,"5,017",100% bearish,of 1 rating,N/A
ESMC,$1.33,1440192069677,502,Not yet rated,NULL,N/A
ESPR,$54.47,1440192069780,"1,355,738",67% bearish,of 9 ratings,$123
ESSA,$12.45,1440192069843,"16,679",100% bearish,of 1 rating,N/A
ESSX,$0.5249,1440192069873,"6,504",50% bullish,of 2 ratings,N/A
EPIX,$6.1,1440192069975,"1,200",Not yet rated,NULL,N/A
ESND,$35.095,1440192070004,"147,368",100% bearish,of 2 ratings,$40
EEFT,$64.81,1440192070050,"236,603",100% bearish,of 1 rating,$67.50
ETSY,$13.46,1440192070078,"796,058",80% bullish,of 5 ratings,$16
CLWT,NULL,1440192070105,0,100% bearish,of 1 rating,N/A
ESEA,$6.15,1440192070254,"3,082",100% bullish,of 1 rating,$15
EVEP,$7.26,1440192070302,"294,425",50% bullish,of 2 ratings,$15
EVK,$3.74,1440192070403,982,75% bearish,of 4 ratings,N/A
EVLV,$2.14,1440192070537,"85,207",60% bullish,of 5 ratings,$6.50
EXEL,$5.25,1440192070670,"5,463,017",81% bullish,of 16 ratings,$6
EXAS,$20.31,1440192070925,"1,234,918",78% bullish,of 9 ratings,$31
EVOK,$4,1440192070985,"114,285",100% bearish,of 1 rating,$13.375
EVOL,$5.85,1440192071056,"13,690",75% bullish,of 4 ratings,$10
EXFO,$2.9,1440192071092,"3,400",67% bearish,of 3 ratings,$3.95
EXPE,$114.4963,1440192071140,"1,238,749",64% bullish,of 11 ratings,$130
EXAC,$18.17,1440192071168,"136,951",100% bearish,of 1 rating,$22.50
EXLS,$36.55,1440192071195,"207,530",100% bullish,of 1 rating,$41
EXA,$10.73,1440192071222,"22,120",100% bearish,of 1 rating,$13
EXPD,$48.2,1440192071367,"1,810,622",80% bullish,of 5 ratings,$51.50
EXPO,$42.83,1440192071399,"146,412",100% bearish,of 1 rating,$45.50
ESRX,$84.7998,1440192071499,"5,163,805",67% bearish,of 6 ratings,$101
EXTR,$2.85,1440192071535,"805,798",80% bullish,of 5 ratings,$3
EXLP,$18.2,1440192071714,"94,863",100% bearish,of 1 rating,$27
EYEG,$4.17,1440192071745,"19,980",Not yet rated,NULL,N/A
EZCH,$21.4963,1440192071808,"127,057",75% bullish,of 8 ratings,$19.50
EYEGW,$1.24,1440192071833,800,Not yet rated,NULL,N/A
FB,$85.99,1440192071858,"39,426,658",73% bullish,of 1065 ratings,$111
EZPW,$6.08,1440192071911,"351,949",50% bullish,of 4 ratings,$7.50
FCS,$13.14,1440192071990,"1,086,086",67% bearish,of 3 ratings,$17
FFIV,$122.51,1440192072043,"846,241",63% bullish,of 8 ratings,$132
FRP,$16.9,1440192072192,"50,706",100% bearish,of 1 rating,$18
DAVE,$14.36,1440192072218,"19,659",100% bearish,of 1 rating,$15.50
FALC,$1.65,1440192072256,"10,845",63% bearish,of 8 ratings,N/A
FWM,$2.25,1440192072294,"178,419",100% bearish,of 2 ratings,$3.20
FARM,$22.62,1440192072428,"21,053",100% bearish,of 1 rating,$35
FFKT,$26.79,1440192072597,"20,439",Not yet rated,NULL,$29
FMNB,$8.03,1440192072643,"3,462",Not yet rated,NULL,N/A
FATE,$6.24,1440192072675,"82,980",50% bullish,of 2 ratings,$11
FARO,$38.92,1440192072701,"118,530",50% bullish,of 2 ratings,$48
FBSS,NULL,1440192072726,0,Not yet rated,NULL,N/A
FBRC,$22.24,1440192072772,"44,108",100% bearish,of 1 rating,$29
FAST,$39.18,1440192072801,"3,000,301",80% bullish,of 5 ratings,$46
FDML,$8.96,1440192072909,"230,349",50% bullish,of 4 ratings,$14
FHCO,$1.43,1440192073233,"18,402",50% bullish,of 4 ratings,N/A
FNHC,$21.92,1440192073258,"80,132",100% bearish,of 1 rating,$35
FEIC,$77.57,1440192073296,"344,496",50% bullish,of 2 ratings,$95.50
FCSC,$5.86,1440192073430,"212,270",100% bearish,of 1 rating,$8.125
FENX,$9.84,1440192073482,"59,141",100% bullish,of 1 rating,$14.25
FDUS,$14.42,1440192073507,"64,363",100% bullish,of 1 rating,$18
FGEN,$22.96,1440192073577,"374,029",100% bearish,of 1 rating,$39
FRGI,$51.57,1440192073680,"149,676",50% bullish,of 2 ratings,$70
LION,$19.31,1440192073731,"108,630",100% bullish,of 1 rating,$20
FSC,$6.42,1440192073782,"839,385",75% bullish,of 4 ratings,$8
ONEQ,$185.63,1440192073818,"41,902",100% bullish,of 1 rating,N/A
FSFR,$8.92,1440192073874,"131,626",100% bearish,of 1 rating,$11.50
FSAM,$8.56,1440192073908,"20,457",100% bearish,of 1 rating,$11
FITB,$19.8,1440192073946,"7,100,521",54% bullish,of 13 ratings,$22
FSCFL,$24.7,1440192073973,"11,419",Not yet rated,NULL,N/A
FITBI,$27.68,1440192074297,"5,800",Not yet rated,NULL,N/A
FNJN,$1.66,1440192074441,"15,161",100% bearish,of 1 rating,$5
FNTCW,NULL,1440192074469,0,Not yet rated,NULL,N/A
FNGN,$33.616,1440192074490,"485,960",67% bullish,of 3 ratings,$47
FNSR,$15.33,1440192074532,"1,137,273",71% bullish,of 7 ratings,$24.50
FISI,$24.77,1440192074623,"41,074",100% bullish,of 2 ratings,$24.50
FNTCU,NULL,1440192074662,0,Not yet rated,NULL,N/A
FEYE,$36.8,1440192074687,"7,327,379",87% bullish,of 15 ratings,$55.50
FNTC,NULL,1440192074712,0,Not yet rated,NULL,N/A
FBNC,$16.81,1440192074849,"59,972",100% bullish,of 1 rating,$20
FRBA,$6.02,1440192074917,611,Not yet rated,NULL,$8
FNLC,$18.46,1440192074945,"17,421",100% bullish,of 1 rating,N/A
BUSE,$6.37,1440192074995,"197,401",Not yet rated,NULL,$6.875
FCVA,$4.75,1440192075123,"1,132",Not yet rated,NULL,N/A
FBIZ,$44.04,1440192075187,"28,467",100% bearish,of 2 ratings,$52
FCAP,$26.55,1440192075223,226,Not yet rated,NULL,N/A
FCFS,$38.15,1440192075374,"157,660",100% bearish,of 2 ratings,$48
FCBC,$17.88,1440192075401,"60,860",Not yet rated,NULL,$18
FCNCA,$241.45,1440192075422,"17,885",Not yet rated,NULL,N/A
FCLF,$9.08,1440192075584,110,Not yet rated,NULL,N/A
FBNK,$16.65,1440192075616,"60,146",100% bearish,of 1 rating,$17.50
FCFP,$6.9,1440192075721,"2,500",Not yet rated,NULL,N/A
FDEF,$38.3,1440192075752,"42,408",Not yet rated,NULL,$38
FFBCW,NULL,1440192075813,0,100% bearish,of 1 rating,N/A
FFBC,$18.76,1440192075840,"176,775",67% bearish,of 3 ratings,$20.25
FCCO,$12.11,1440192075861,202,Not yet rated,NULL,$13.25
FFNM,$6.32,1440192075897,"3,040",Not yet rated,NULL,N/A
FFIN,$31.1263,1440192075993,"286,801",50% bullish,of 2 ratings,$31.75
THFF,$33.27,1440192076130,"47,577",Not yet rated,NULL,$35
FFNW,$12.46,1440192076222,"21,487",Not yet rated,NULL,$14
INBK,$32.43,1440192076316,"13,595",50% bullish,of 2 ratings,$37
FIBK,$26.83,1440192076371,"83,623",Not yet rated,NULL,$32
FFWM,$21.44,1440192076396,"10,014",Not yet rated,NULL,$24
FRME,$25.47,1440192076471,"199,009",Not yet rated,NULL,$26.50
FNBC,$34.45,1440192076543,"116,074",Not yet rated,NULL,$41.50
FNWB,$12.08,1440192076574,"8,662",Not yet rated,NULL,N/A
FMBI,$17.84,1440192076596,"374,767",Not yet rated,NULL,$20
FNFG,$9.2289,1440192076739,"1,658,831",80% bullish,of 5 ratings,$9
FMBH,NULL,1440192076766,0,Not yet rated,NULL,N/A
FSLR,$45.2646,1440192076827,"2,176,665",74% bullish,of 39 ratings,$65
FSFG,$30.1754,1440192076854,729,Not yet rated,NULL,N/A
FSBK,$7.93,1440192076924,"1,541",100% bullish,of 1 rating,N/A
FSGI,$2.45,1440192076989,"4,889",Not yet rated,NULL,N/A
BICK,$19.6,1440192077127,"1,801",100% bullish,of 1 rating,N/A
FBZ,NULL,1440192077227,0,Not yet rated,NULL,N/A
FTCS,$36.65,1440192077436,"33,745",Not yet rated,NULL,N/A
FCAN,$24.47,1440192077475,964,Not yet rated,NULL,N/A
FCA,$20,1440192077495,"2,607",Not yet rated,NULL,N/A
FV,$23.2,1440192077625,"4,139,653",Not yet rated,NULL,N/A
FEMB,NULL,1440192077700,0,Not yet rated,NULL,N/A
IFV,$17.6,1440192077738,"2,040,199",100% bearish,of 1 rating,N/A
FTSM,$59.9,1440192077765,"20,701",100% bearish,of 1 rating,N/A
FEUZ,$30.69,1440192077790,"5,731",Not yet rated,NULL,N/A
TDIV,$24.46,1440192078043,"449,109",100% bearish,of 1 rating,N/A
MDIV,$19.22,1440192078082,"565,706",Not yet rated,NULL,N/A
FGM,$35.03,1440192078135,"69,317",Not yet rated,NULL,N/A
FTGC,$22.05,1440192078180,"122,767",Not yet rated,NULL,N/A
HYLS,$49.22,1440192078208,"102,494",100% bearish,of 1 rating,N/A
FTHI,$19.4,1440192078234,"10,468",Not yet rated,NULL,N/A
FHK,$32.72,1440192078366,"128,700",Not yet rated,NULL,N/A
YDIV,$16.62,1440192078474,"2,670",Not yet rated,NULL,N/A
FPXI,$27.51,1440192078603,"1,318",Not yet rated,NULL,N/A
SKYY,$28.68,1440192078634,"76,557",100% bullish,of 1 rating,N/A
FJP,$46.13,1440192078666,"49,025",Not yet rated,NULL,N/A
PLTM,$6.66,1440192078733,"3,862",100% bearish,of 1 rating,N/A
FTLB,$19.28,1440192078766,"2,451",100% bearish,of 1 rating,N/A
LMBS,$50.49,1440192078827,962,Not yet rated,NULL,N/A
CU,$12.76,1440192078858,"13,066",100% bearish,of 1 rating,N/A
FMB,$51.195,1440192079047,"1,778",Not yet rated,NULL,N/A
QABA,$38.13,1440192079099,"44,503",100% bearish,of 1 rating,N/A
FONE,$34.05,1440192079184,"1,800",Not yet rated,NULL,N/A
CIBR,$18.04,1440192079224,"162,032",Not yet rated,NULL,N/A
GRID,$33.62,1440192079363,834,100% bearish,of 1 rating,N/A
QCLN,$14.54,1440192079426,"17,473",Not yet rated,NULL,N/A
CARZ,$34.42,1440192079503,"11,011",100% bearish,of 1 rating,N/A
RDVY,$21.64,1440192079524,"318,494",Not yet rated,NULL,N/A
QQXT,$40.09,1440192079558,"60,503",Not yet rated,NULL,N/A
QTEC,$39.35,1440192079660,"147,804",Not yet rated,NULL,N/A
QQEW,$41.97,1440192079692,"313,108",Not yet rated,NULL,N/A
QINC,$20.71,1440192079817,"1,700",Not yet rated,NULL,N/A
FTSL,$48.8,1440192079956,"33,452",100% bearish,of 1 rating,N/A
FKO,$22.32,1440192079994,"3,700",Not yet rated,NULL,N/A
AIRR,$16.37,1440192080048,"9,058",100% bearish,of 1 rating,N/A
FSZ,$38.85,1440192080204,"76,690",Not yet rated,NULL,N/A
FTW,$29.425,1440192080250,"1,534",Not yet rated,NULL,N/A
FDIV,$47.59,1440192080290,"6,143",100% bearish,of 1 rating,N/A
FKU,$41.6,1440192080359,"86,339",Not yet rated,NULL,N/A
SVVC,$10.15,1440192080389,"36,001",100% bullish,of 1 rating,$26
FUNC,$8.33,1440192080443,"3,636",Not yet rated,NULL,N/A
TUSA,$25.08,1440192080471,"4,920",Not yet rated,NULL,N/A
FMER,$17.6579,1440192080529,"1,802,777",50% bullish,of 2 ratings,$20
FSV,$31.87,1440192080639,"12,538",Not yet rated,NULL,$33.60
FISV,$84.87,1440192080738,"1,522,717",100% bearish,of 3 ratings,$90
FPRX,$18.26,1440192080793,"303,751",50% bullish,of 2 ratings,$35
FIVE,$35.34,1440192080889,"409,909",75% bearish,of 4 ratings,$44
FIVN,$4.11,1440192080959,"185,266",100% bullish,of 1 rating,$8.50
FLML,$21.11,1440192081041,"134,027",50% bullish,of 2 ratings,$30
SKOR,$50.52,1440192081135,"1,000",Not yet rated,NULL,N/A
FLXS,$30.45,1440192081166,"36,609",100% bearish,of 2 ratings,N/A
MBSD,NULL,1440192081190,0,Not yet rated,NULL,N/A
FLKS,$13.13,1440192081281,"55,627",50% bullish,of 2 ratings,$27
FLXN,$24.39,1440192081344,"86,363",100% bearish,of 1 rating,$40
FLIR,$28.75,1440192081379,"720,531",100% bearish,of 1 rating,$38.50
FLEX,$10.5,1440192081400,"2,454,207",63% bullish,of 8 ratings,$12
FLDM,$12.54,1440192081481,"686,894",67% bearish,of 3 ratings,$21.50
FFIC,$20.38,1440192081535,"69,120",Not yet rated,NULL,$21
FOMX,$9.79,1440192081670,"135,576",50% bullish,of 2 ratings,$23.50
FOGO,$18.84,1440192081696,"114,696",50% bullish,of 2 ratings,$25.50
FONR,$9.54,1440192081863,"18,526",100% bullish,of 1 rating,N/A
FES,$0.92,1440192081927,"4,841",50% bullish,of 2 ratings,$1
FORTY,$32.4,1440192082004,"4,710",Not yet rated,NULL,N/A
FORR,$32.21,1440192082030,"52,356",Not yet rated,NULL,N/A
FORM,$6,1440192082077,"267,226",67% bullish,of 3 ratings,$10.50
FTNT,$42.9,1440192082138,"1,928,264",80% bullish,of 10 ratings,$52
FWRD,$46.8,1440192082166,"307,366",100% bearish,of 1 rating,$50
FBIO,$2.51,1440192082245,"188,268",83% bullish,of 6 ratings,N/A
FWP,$25.67,1440192082299,"46,088",100% bearish,of 1 rating,$45
FMI,$21.61,1440192082497,"391,770",100% bearish,of 2 ratings,$27.50
FORD,$1.04,1440192082569,"120,974",50% bullish,of 2 ratings,N/A
FOSL,$60.4327,1440192082606,"1,014,779",50% bullish,of 4 ratings,$80
FXCB,$17.3,1440192082631,"17,445",Not yet rated,NULL,$19
FOXF,$15.28,1440192082770,"65,653",100% bearish,of 1 rating,$19
FRAN,$10.24,1440192082867,"689,114",50% bullish,of 4 ratings,$15
FELE,$28.92,1440192082893,"341,251",50% bullish,of 4 ratings,$33
FRED,$14.505,1440192082918,"342,264",50% bullish,of 2 ratings,$16.50
FREE,$0.43,1440192083149,"823,292",92% bullish,of 12 ratings,N/A
FEIM,$11.17,1440192083203,"8,777",100% bearish,of 1 rating,N/A
RAIL,$20.87,1440192083918,"125,948",100% bearish,of 1 rating,$24.50
FTR,$5.1601,1440192083943,"19,475,735",78% bullish,of 27 ratings,$6.25
FRPT,$13,1440192083967,"495,123",67% bearish,of 3 ratings,$23.50
FTRPR,$102.05,1440192084266,"61,829",100% bearish,of 1 rating,N/A
FSBW,$23.34,1440192084528,"2,200",Not yet rated,NULL,N/A
FRPH,$30.33,1440192084601,"14,572",100% bearish,of 1 rating,N/A
FTD,$29.45,1440192084738,"149,230",100% bearish,of 1 rating,$40
FSYS,$6.38,1440192084778,"45,792",67% bullish,of 3 ratings,$10
FTEK,$2.16,1440192084799,"40,018",75% bullish,of 4 ratings,N/A
FCEL,$0.7366,1440192084839,"1,658,337",88% bullish,of 40 ratings,$2.65
FULL,$3.14,1440192084870,"56,049",67% bearish,of 3 ratings,$4.25
FULLL,$25.3,1440192084926,"2,099",Not yet rated,NULL,N/A
FULT,$12.4385,1440192084956,"1,361,369",100% bearish,of 1 rating,$13
FFHL,NULL,1440192084983,0,50% bullish,of 4 ratings,N/A
FLL,$1.58,1440192085213,"14,473",75% bullish,of 4 ratings,$2.825
FSNN,$2.61,1440192085240,"1,800",67% bullish,of 3 ratings,$6
GK,$70.3,1440192085311,"83,887",Not yet rated,NULL,$78
FXENP,$15.9,1440192085384,"2,740",100% bearish,of 1 rating,N/A
FXEN,$0.82,1440192085409,"170,889",75% bullish,of 4 ratings,$1.10
WILC,$5.06,1440192085645,"5,846",100% bullish,of 2 ratings,N/A
GAIA,$5.86,1440192085678,"23,978",50% bullish,of 2 ratings,$8.50
GLPG,$61.54,1440192085703,"27,887",100% bullish,of 1 rating,$75
GALT,$1.99,1440192085777,"104,198",80% bullish,of 5 ratings,N/A
GALTW,NULL,1440192085883,0,100% bullish,of 1 rating,N/A
GALTU,NULL,1440192085955,0,100% bearish,of 1 rating,N/A
GALE,$1.34,1440192085987,"1,297,229",89% bullish,of 47 ratings,$4
GLPI,$31.6262,1440192086017,"495,016",100% bearish,of 1 rating,$37.50
GRMN,$38.26,1440192086151,"1,600,913",50% bullish,of 6 ratings,$48
GPIC,$11.09,1440192086179,16,100% bearish,of 1 rating,N/A
GLMD,$8.52,1440192086248,"9,143",67% bullish,of 3 ratings,$20.50
GGAC,NULL,1440192086355,0,100% bearish,of 1 rating,N/A
GGACR,NULL,1440192086500,0,100% bullish,of 1 rating,N/A
GGACU,NULL,1440192086530,0,Not yet rated,NULL,N/A
GARS,$14.82,1440192086558,"25,735",Not yet rated,NULL,$16
GGACW,$0.12,1440192086587,330,Not yet rated,NULL,N/A
GNCMA,$16.75,1440192086684,"180,927",100% bearish,of 1 rating,$12
GFN,$3.59,1440192086715,"35,382",100% bearish,of 2 ratings,$8
GENC,$9.48,1440192086775,"1,326",100% bearish,of 1 rating,N/A
GFNCP,NULL,1440192086881,0,Not yet rated,NULL,N/A
GFNSL,$25.8,1440192086988,"1,200",Not yet rated,NULL,N/A
GENE,$2.36,1440192087121,"148,645",100% bullish,of 12 ratings,N/A
GNMK,$9.4,1440192087155,"146,170",67% bullish,of 6 ratings,$14
GNCA,$12.48,1440192087307,"168,679",100% bearish,of 1 rating,$20
GNTX,$15.0882,1440192087356,"1,731,017",Not yet rated,NULL,$20
GHDX,$25.37,1440192087382,"139,056",50% bullish,of 2 ratings,$30
THRM,$44.01,1440192087434,"309,602",75% bearish,of 4 ratings,$55.50
GNVC,$2.24,1440192087531,"34,482",90% bullish,of 10 ratings,$8.50
GABC,$29.73,1440192087593,"47,076",Not yet rated,NULL,$31.50
GTWN,NULL,1440192087618,0,Not yet rated,NULL,N/A
GERN,$3.08,1440192087680,"2,161,517",88% bullish,of 16 ratings,$5.25
GEOS,$15.3,1440192087819,"116,850",100% bearish,of 3 ratings,$25.50
GEVO,$2.29,1440192087847,"240,735",75% bullish,of 12 ratings,$5
ROCK,$17.57,1440192087870,"235,847",80% bullish,of 5 ratings,$24
GIGM,$0.6,1440192087913,"112,719",100% bullish,of 2 ratings,N/A
GIGA,$1.42,1440192088013,"46,287",100% bearish,of 1 rating,N/A
GIII,$64.77,1440192088076,"271,077",67% bullish,of 3 ratings,$75
GILD,$105.36,1440192088280,"15,381,133",91% bullish,of 86 ratings,$129
GLAD,$8.51,1440192088308,"155,251",50% bullish,of 2 ratings,$8.75
GILT,$4.47,1440192088335,"2,023",50% bullish,of 2 ratings,N/A
GLADO,$25.59,1440192088365,"3,000",Not yet rated,NULL,N/A
GBCI,$26.4218,1440192088391,"334,049",50% bullish,of 2 ratings,$31
GOOD,$15.44,1440192088471,"98,286",Not yet rated,NULL,$19
GOODN,$25.64,1440192088560,426,Not yet rated,NULL,N/A
GOODP,$25.14,1440192088616,"1,250",Not yet rated,NULL,N/A
GAINN,$25.2379,1440192088779,150,Not yet rated,NULL,N/A
GOODO,$25.1,1440192088806,865,Not yet rated,NULL,N/A
GAIN,$7.47,1440192088838,"246,309",100% bullish,of 2 ratings,$8.25
GAINO,$25.31,1440192088866,"1,726",Not yet rated,NULL,N/A
GAINP,$25.85,1440192088887,"3,950",Not yet rated,NULL,N/A
GLBZ,NULL,1440192089109,0,Not yet rated,NULL,N/A
GBT,$45.75,1440192089188,"252,464",100% bearish,of 1 rating,N/A
LAND,$9.5,1440192089267,"16,739",50% bullish,of 2 ratings,$13.75
GPACU,$10.1,1440192089323,"2,954",Not yet rated,NULL,N/A
ENT,$11.73,1440192089349,"196,363",100% bearish,of 1 rating,$18
GBLI,$26.25,1440192089397,"16,164",Not yet rated,NULL,N/A
GDEF,$10.5401,1440192089423,100,Not yet rated,NULL,N/A
GSOL,$8.26,1440192089487,"15,789",100% bearish,of 1 rating,N/A
ACTX,$13.25,1440192089618,600,100% bullish,of 1 rating,N/A
SRET,$13.6,1440192089788,"4,194",Not yet rated,NULL,N/A
SOCL,$17.18,1440192089890,"100,120",100% bullish,of 2 ratings,N/A
QQQC,$19.26,1440192089939,"4,950",100% bearish,of 1 rating,N/A
ALTY,$14.587,1440192089965,700,Not yet rated,NULL,N/A
GAI,$5.27,1440192089993,"3,415",50% bullish,of 2 ratings,N/A
GSM,$13.26,1440192090051,"403,098",50% bullish,of 2 ratings,$24.50
YLCO,$11.75,1440192090127,"1,235",Not yet rated,NULL,N/A
GBIM,$2.26,1440192090154,"43,964",50% bullish,of 2 ratings,N/A
GLBS,$1.06,1440192090354,"10,500",67% bullish,of 3 ratings,N/A
GLYC,$7.26,1440192090395,"7,663",50% bullish,of 2 ratings,$14
GLUU,$4.37,1440192090425,"2,317,587",92% bullish,of 26 ratings,$9
GLRI,$1.1,1440192090456,"80,101",100% bearish,of 1 rating,$6
GOGO,$15.48,1440192090522,"479,979",80% bullish,of 5 ratings,$25
GMLP,$19.13,1440192090555,"137,734",50% bullish,of 4 ratings,$32.50
GLNG,$35.4577,1440192090582,"792,567",83% bullish,of 6 ratings,$58
GLDC,$4.13,1440192090955,"4,680",50% bullish,of 2 ratings,N/A
GBDC,$16.5151,1440192090989,"145,009",Not yet rated,NULL,$17.75
GDEN,$8.88,1440192091011,"11,421",50% bullish,of 2 ratings,N/A
GOGL,$2.92,1440192091047,"540,722",75% bullish,of 4 ratings,$5
GPRO,$48.37,1440192091084,"5,804,532",78% bullish,of 58 ratings,$72
GTIM,$6.47,1440192091268,"80,995",Not yet rated,NULL,$11.50
GMAN,$4.4,1440192091328,"71,999",60% bullish,of 5 ratings,$8
GPIAW,NULL,1440192091505,0,Not yet rated,NULL,N/A
GOOGL,$645.33,1440192091530,"2,465,788",88% bullish,of 1079 ratings,$749
GPIAU,NULL,1440192091564,0,Not yet rated,NULL,N/A
GPIA,NULL,1440192091664,0,Not yet rated,NULL,N/A
GOOG,$614.6,1440192091692,"2,253,230",89% bullish,of 66 ratings,$825
LOPE,$37.1955,1440192091719,"420,323",100% bearish,of 2 ratings,$50
GRVY,$3.43,1440192091926,"1,202",50% bullish,of 2 ratings,N/A
GBSN,$1.41,1440192091954,"747,456",100% bearish,of 1 rating,$8.25
GBSNU,$16,1440192091979,"22,548",Not yet rated,NULL,N/A
GSBC,$40.6,1440192092111,"36,220",100% bullish,of 1 rating,$44
GLDD,$5.39,1440192092136,"288,709",100% bearish,of 4 ratings,$7.75
GNBC,$12.08,1440192092202,"33,737",100% bearish,of 1 rating,$17
GRBK,$13.35,1440192092228,"154,269",77% bullish,of 13 ratings,N/A
GPP,$14.93,1440192092359,"24,630",Not yet rated,NULL,$20.50
GPRE,$18.8277,1440192092431,"832,352",67% bullish,of 6 ratings,$28.50
GLRE,$24.86,1440192092463,"262,384",50% bullish,of 2 ratings,$41
GRFS,$30.3,1440192092490,"180,141",50% bullish,of 2 ratings,$35
GCBC,NULL,1440192092519,0,100% bullish,of 1 rating,N/A
GRPN,$4.0995,1440192092618,"7,069,109",61% bullish,of 71 ratings,$6.75
GRIF,$30.945,1440192092666,209,100% bearish,of 1 rating,N/A
OMAB,$39.57,1440192092765,"24,030",100% bullish,of 1 rating,$44
GGAL,$18.96,1440192092791,"423,209",80% bullish,of 5 ratings,$40
GSIG,$13.11,1440192092977,"71,415",100% bearish,of 2 ratings,N/A
GSVC,$8.56,1440192093127,"118,374",50% bullish,of 2 ratings,$14.50
GTXI,$0.83,1440192093170,"68,416",100% bullish,of 5 ratings,$.75
GBNK,$15.76,1440192093197,"52,076",100% bearish,of 1 rating,$18
GIFI,$11.97,1440192093226,"46,892",100% bearish,of 1 rating,$16
GFED,$14.94,1440192093254,10,Not yet rated,NULL,$17
GSIT,$4.97,1440192093330,"9,824",100% bearish,of 1 rating,N/A
GULTU,$0.2905,1440192093398,"102,116",100% bearish,of 1 rating,N/A
GUID,$7.29,1440192093460,"187,217",100% bearish,of 3 ratings,$10
GURE,$1.62,1440192093556,"151,052",88% bullish,of 8 ratings,N/A
GPOR,$33.8159,1440192093600,"937,085",75% bullish,of 4 ratings,$55
GWPH,$104.03,1440192093798,"200,237",78% bullish,of 9 ratings,$148.50
GWGH,$7.35,1440192093857,"1,284",100% bearish,of 1 rating,$15.05
HALO,$17.33,1440192094017,"1,204,493",67% bullish,of 3 ratings,$22.50
GYRO,$2.85,1440192094042,"76,416",100% bearish,of 1 rating,N/A
HNRG,$7.22,1440192094201,"124,047",100% bearish,of 1 rating,$10
HALL,$11.67,1440192094251,"36,672",Not yet rated,NULL,N/A
HEES,$16.51,1440192094333,"306,657",67% bearish,of 3 ratings,$31
HLG,$9.64,1440192094370,"5,100",100% bearish,of 1 rating,N/A
HBK,$13.8,1440192094391,8,50% bullish,of 2 ratings,N/A
HMPR,$1.89,1440192094413,"118,740",100% bullish,of 1 rating,N/A
HBHCL,$24.49,1440192094461,"18,426",Not yet rated,NULL,N/A
HBHC,$26.8668,1440192094491,"451,705",50% bullish,of 2 ratings,$30
HAFC,$24.565,1440192094635,"117,041",100% bullish,of 2 ratings,$28.50
HNH,$27.82,1440192094662,"21,502",100% bullish,of 1 rating,N/A
HNSN,$0.501,1440192094713,"78,898",88% bullish,of 8 ratings,$.40
HQCL,$8.63,1440192094844,"24,293",67% bullish,of 3 ratings,N/A
HDNG,$9.98,1440192095001,"11,225",50% bullish,of 4 ratings,N/A
HRMN,NULL,1440192095032,0,Not yet rated,NULL,N/A
HRMNW,NULL,1440192095131,0,Not yet rated,NULL,N/A
HART,$0.775,1440192095161,"213,330",100% bearish,of 1 rating,N/A
HRMNU,NULL,1440192095191,0,Not yet rated,NULL,N/A
HLIT,$5.58,1440192095266,"331,156",100% bearish,of 1 rating,$6.50
TINY,$2.45,1440192095295,"20,315",50% bullish,of 2 ratings,$5.26
HCAP,$12.17,1440192095371,"24,008",50% bullish,of 2 ratings,$15
HBIO,$4.39,1440192095398,"81,394",Not yet rated,NULL,$10
HA,$23.41,1440192095563,"931,844",67% bullish,of 9 ratings,$27
HAS,$75.171,1440192095641,"1,049,605",63% bullish,of 8 ratings,$84.50
HCAPL,$25.4,1440192095739,"1,773",Not yet rated,NULL,N/A
HWKN,$36.84,1440192095783,"29,157",Not yet rated,NULL,N/A
HCOM,$22.51,1440192095809,"37,331",100% bearish,of 1 rating,$28
HWBK,$13.8,1440192095829,674,100% bearish,of 1 rating,N/A
HAYN,$37.88,1440192095974,"48,863",100% bearish,of 1 rating,$59
HIIQ,$4.48,1440192096002,"28,731",50% bullish,of 2 ratings,$7
HCSG,$33.546,1440192096161,"309,474",50% bullish,of 4 ratings,$35
HSTM,$24.87,1440192096193,"220,098",50% bullish,of 2 ratings,$33.75
HTLD,$20.165,1440192096223,"492,188",Not yet rated,NULL,$22.50
HQY,$29.27,1440192096266,"394,569",67% bullish,of 3 ratings,$31
HWAY,$12.48,1440192096323,"386,123",100% bearish,of 1 rating,$15
HDS,$33.08,1440192096401,"1,295,702",100% bearish,of 2 ratings,$39.50
HTWR,$83.28,1440192096531,"239,502",50% bullish,of 2 ratings,$103
HTLF,$36.24,1440192096556,"48,371",100% bullish,of 1 rating,$39.50
HELE,$87.93,1440192096688,"151,548",67% bearish,of 3 ratings,$100
HTBX,$5.31,1440192096719,"21,712",50% bullish,of 2 ratings,$15.50
HSII,$20.17,1440192096821,"59,389",100% bullish,of 3 ratings,$25
HMNY,$2.2261,1440192096847,"2,878",100% bearish,of 1 rating,N/A
HCACU,$10.0043,1440192096895,"2,000",Not yet rated,NULL,N/A
HNNA,$24.57,1440192096985,"15,081",Not yet rated,NULL,N/A
HMTV,$12.84,1440192097045,"12,852",100% bearish,of 1 rating,$16
HSIC,$138.0834,1440192097115,"512,882",83% bullish,of 6 ratings,$146
HTBK,$11.04,1440192097142,"93,871",Not yet rated,NULL,$12
HERO,$0.06,1440192097173,"5,839,839",81% bullish,of 16 ratings,$.75
HFWA,$17.74,1440192097271,"62,742",100% bullish,of 1 rating,$20
HEOP,$7.68,1440192097310,"27,087",Not yet rated,NULL,$8.50
HCCI,$11.65,1440192097445,"27,277",100% bearish,of 1 rating,$16.50
MLHR,$28.1966,1440192097472,"238,584",50% bullish,of 2 ratings,$33.50
HSKA,$33.2,1440192097623,"28,561",100% bearish,of 1 rating,$38
HRTX,$35.05,1440192097652,"839,423",67% bullish,of 6 ratings,$41
HIBB,$37.37,1440192097674,"1,128,881",100% bearish,of 1 rating,$48.50
HFFC,$16.27,1440192097702,946,Not yet rated,NULL,N/A
HIHO,$4,1440192097853,"9,057",Not yet rated,NULL,N/A
HIMX,$6.29,1440192097882,"1,170,901",86% bullish,of 21 ratings,$8.50
HIFS,$118.11,1440192097922,"8,734",Not yet rated,NULL,N/A
HPJ,$2.25,1440192098019,"130,395",75% bullish,of 4 ratings,$12.43
HSGX,$5.92,1440192098066,"24,278",100% bearish,of 1 rating,$17
HMNF,$11.42,1440192098166,"2,480",Not yet rated,NULL,N/A
HOLI,$16.9527,1440192098191,"228,631",50% bullish,of 4 ratings,$27
HMSY,$8.8389,1440192098254,"1,363,874",67% bullish,of 3 ratings,$19.35
HOLX,$39.74,1440192098333,"2,134,552",67% bullish,of 3 ratings,$42
HBCP,$24.4,1440192098408,"41,618",Not yet rated,NULL,$29
HFBL,$21.69,1440192098464,"1,800",Not yet rated,NULL,N/A
HOMB,$39.23,1440192098537,"321,450",Not yet rated,NULL,$41
AWAY,$29.3662,1440192098596,"943,583",67% bullish,of 3 ratings,$36
HMIN,$29.096,1440192098627,"61,111",100% bearish,of 2 ratings,$35
HMST,$21.57,1440192098762,"119,006",100% bullish,of 2 ratings,$27
HTBI,$18.39,1440192098815,"70,970",67% bullish,of 3 ratings,$18.625
HKTV,$4.68,1440192098840,"7,455",100% bearish,of 1 rating,N/A
CETC,$0.77,1440192098897,"45,584",86% bullish,of 7 ratings,N/A
HFBC,$11.61,1440192098973,"2,835",Not yet rated,NULL,N/A
HOFT,$24.43,1440192099005,"62,910",100% bearish,of 1 rating,N/A
HZNP,$28.98,1440192099031,"2,448,463",85% bullish,of 20 ratings,$40
HBNC,$24.3,1440192099109,"38,425",100% bullish,of 1 rating,$27
ZINC,$7.25,1440192099335,"624,456",100% bearish,of 1 rating,$17
HRZN,$10.59,1440192099361,"54,947",100% bearish,of 1 rating,$14.25
HDP,$25.5,1440192099387,"235,894",67% bearish,of 3 ratings,$30.50
HMHC,$22.4,1440192099407,"923,176",Not yet rated,NULL,$27
HWCC,$7.22,1440192099642,"136,206",100% bearish,of 1 rating,$9
HBMD,$14.95,1440192099701,502,100% bearish,of 1 rating,N/A
HTGM,$5.59,1440192099771,"9,721",100% bearish,of 1 rating,$19.50
HSNI,$60.9227,1440192099802,"239,269",Not yet rated,NULL,$80
HCBK,$9.5789,1440192099829,"2,422,499",83% bullish,of 6 ratings,$8.61
HOVNP,NULL,1440192099868,0,100% bearish,of 1 rating,N/A
HUBG,$39.18,1440192099895,"205,184",100% bearish,of 1 rating,$43
HSON,$2.8,1440192099965,"20,391",100% bearish,of 1 rating,$5
HBAN,$10.9987,1440192100202,"6,979,040",76% bullish,of 17 ratings,$12.29
HDSN,$2.81,1440192100263,"30,286",100% bullish,of 1 rating,$6.25
HURC,$29.88,1440192100337,"26,946",100% bearish,of 1 rating,N/A
HBANP,$1337,1440192100358,12,100% bearish,of 1 rating,N/A
HTCH,$1.58,1440192100445,"60,402",100% bearish,of 1 rating,$3.50
HBP,$3.09,1440192100655,"1,457",100% bullish,of 1 rating,N/A
HURN,$73.02,1440192100688,"109,473",50% bullish,of 2 ratings,$80
HDRAU,$10.06,1440192100714,100,Not yet rated,NULL,N/A
HDRA,NULL,1440192100742,0,Not yet rated,NULL,N/A
HDRAW,NULL,1440192100782,0,Not yet rated,NULL,N/A
HYGS,$7.48,1440192100849,"42,666",50% bullish,of 2 ratings,$13
HDRAR,NULL,1440192100875,0,Not yet rated,NULL,N/A
IKGH,$1.81,1440192101028,"12,492",75% bullish,of 4 ratings,N/A
IACI,$71.15,1440192101059,"768,044",75% bullish,of 4 ratings,$90
IDSY,$3.85,1440192101099,"6,888",100% bearish,of 1 rating,$7
IBKC,$60.3428,1440192101303,"191,218",100% bullish,of 1 rating,$70
ICAD,$3.54,1440192101332,"22,041",50% bullish,of 2 ratings,$7.25
IEP,$67.43,1440192101438,"123,610",75% bullish,of 4 ratings,$99
ICON,$12.2485,1440192101577,"748,920",50% bullish,of 2 ratings,$18.50
ICUI,$115.51,1440192101607,"147,406",Not yet rated,NULL,$122
ICFI,$35.71,1440192101641,"104,061",50% bullish,of 2 ratings,$48.50
INVE,$4.66,1440192101672,"109,550",75% bullish,of 4 ratings,$4
ICLR,$77.7434,1440192101712,"297,930",100% bearish,of 3 ratings,$85
IPWR,$7.36,1440192101739,"3,392",100% bullish,of 1 rating,$15
IDRA,$2.52,1440192101768,"1,118,091",89% bullish,of 9 ratings,$6.50
IDXX,$74.1911,1440192101909,"439,447",100% bearish,of 1 rating,$77
IROQ,$16.68,1440192102051,502,100% bullish,of 1 rating,N/A
DSKY,$12.1367,1440192102081,"291,194",67% bullish,of 6 ratings,$11.50
IRG,$4.73,1440192102135,"29,774",100% bearish,of 1 rating,$4.50
RXDX,$12.57,1440192102182,"107,394",100% bullish,of 1 rating,$20
IIVI,$17.63,1440192102343,"240,082",100% bearish,of 1 rating,$22
KANG,$15,1440192102381,"344,010",50% bullish,of 2 ratings,$22.55
IKAN,$2.73,1440192102449,"14,561",83% bullish,of 6 ratings,$5
ILMN,$200,1440192102480,"1,014,582",80% bullish,of 5 ratings,$240
IMMR,$11.38,1440192102510,"215,531",80% bullish,of 5 ratings,$15.50
ISNS,$3.82,1440192102539,"67,780",50% bullish,of 2 ratings,N/A
IKNX,$11.46,1440192102576,722,100% bearish,of 1 rating,N/A
ICCC,$8.05,1440192102641,"7,929",100% bullish,of 1 rating,N/A
IMDZ,$15.49,1440192102787,"55,028",100% bearish,of 1 rating,$33
IMNP,$1.38,1440192102835,"103,462",50% bullish,of 2 ratings,$6
IMGN,$13.07,1440192102862,"1,107,990",75% bullish,of 4 ratings,$17.50
IMMU,$1.87,1440192103029,"975,603",86% bullish,of 7 ratings,$2
INCY,$104.2975,1440192103169,"711,350",50% bullish,of 6 ratings,$125.50
IPXL,$43.4148,1440192103199,"694,109",67% bullish,of 3 ratings,$46.50
INCR,$42.36,1440192103233,"1,097,736",50% bullish,of 2 ratings,$53
IMMY,$7.49,1440192103273,"6,448",100% bearish,of 1 rating,$11
IBCP,$14.21,1440192103336,"66,760",100% bullish,of 1 rating,$14.50
SAAS,$7.71,1440192103357,"487,524",50% bullish,of 2 ratings,$15
INDB,$46.44,1440192103393,"91,428",Not yet rated,NULL,$44
IDSA,$3.64,1440192103420,274,Not yet rated,NULL,N/A
INFN,$21.08,1440192103553,"2,781,964",71% bullish,of 7 ratings,$28
INFI,$9.44,1440192103683,"820,535",50% bullish,of 4 ratings,$18
IBTX,$42.68,1440192103749,"39,240",100% bullish,of 2 ratings,$47.25
IPCC,$79.97,1440192103780,"44,593",Not yet rated,NULL,$77.50
III,$4.14,1440192103878,"158,901",57% bullish,of 7 ratings,$6
IFON,$1.23,1440192103922,"45,196",75% bullish,of 4 ratings,N/A
IMKTA,$52.89,1440192103992,"113,692",100% bearish,of 1 rating,N/A
INOD,$2.48,1440192104095,"19,784",100% bearish,of 1 rating,N/A
IPHS,$47.91,1440192104137,"90,391",100% bearish,of 1 rating,$60
IOSP,$46.19,1440192104163,"4,359,888",100% bearish,of 1 rating,N/A
INWK,$7.33,1440192104196,"164,366",50% bullish,of 2 ratings,$10
INGN,$49.39,1440192104292,"168,397",100% bearish,of 1 rating,$50.50
INNL,NULL,1440192104350,0,100% bearish,of 1 rating,$16.50
ISSC,$2.92,1440192104391,"6,140",67% bearish,of 3 ratings,N/A
INOV,$20.95,1440192104516,"349,429",100% bearish,of 1 rating,$33
ITEK,$13.7368,1440192104575,"779,960",100% bearish,of 3 ratings,$20
INSM,$24.29,1440192104781,"376,220",71% bullish,of 7 ratings,$31.50
PODD,$28.7,1440192104844,"377,984",50% bullish,of 2 ratings,$35
IIIN,$18,1440192104870,"160,188",100% bearish,of 2 ratings,N/A
NSIT,$25.94,1440192104910,"161,989",50% bullish,of 2 ratings,N/A
INO,$7.035,1440192104942,"990,384",89% bullish,of 18 ratings,$20
INSY,$32.5,1440192105008,"744,412",75% bullish,of 4 ratings,$48
ISIG,$2.5899,1440192105037,"12,103",100% bearish,of 1 rating,N/A
IART,$60.71,1440192105063,"233,404",100% bearish,of 1 rating,$71.50
NTEC,$5.94,1440192105197,"22,000",Not yet rated,NULL,N/A
IESC,$7.27,1440192105305,"1,500",100% bearish,of 1 rating,N/A
IDTI,$17.29,1440192105333,"2,463,021",60% bullish,of 5 ratings,$25
INTC,$26.77,1440192105361,"36,443,478",82% bullish,of 238 ratings,$36
ISSI,$22.3,1440192105465,"296,636",67% bullish,of 3 ratings,$19.75
IQNT,$19.28,1440192105533,"257,467",86% bullish,of 7 ratings,$20
IPCI,$2.12,1440192105670,"35,773",67% bullish,of 6 ratings,$7.75
ININ,$37,1440192105706,"115,076",67% bearish,of 3 ratings,$57
IPAR,$27.27,1440192105733,"59,510",67% bullish,of 3 ratings,$38
ICPT,$190.6771,1440192105765,"265,072",70% bullish,of 10 ratings,$359.50
ICLD,$1.87,1440192105869,"413,066",75% bullish,of 4 ratings,N/A
IBKR,$38.84,1440192105894,"575,884",100% bullish,of 1 rating,N/A
ICLDW,$0.9601,1440192105978,"1,250",100% bearish,of 1 rating,N/A
IMI,$2.13,1440192106083,"9,131",67% bullish,of 3 ratings,$2.22
IDCC,$47.38,1440192106108,"294,240",80% bullish,of 5 ratings,$63
TILE,$24.33,1440192106384,"583,565",67% bearish,of 3 ratings,$27
INAP,$8.27,1440192106455,"157,177",75% bullish,of 4 ratings,$11
ISCA,$31.76,1440192106537,"75,500",100% bearish,of 1 rating,N/A
IBOC,$26.0269,1440192106579,"200,228",100% bearish,of 1 rating,N/A
IIJI,$8.9299,1440192106613,"1,000",50% bullish,of 2 ratings,$11.50
IGLD,$7.15,1440192106635,"2,377",50% bullish,of 2 ratings,N/A
XENT,$27.72,1440192106670,"196,800",50% bullish,of 2 ratings,$36.50
INPH,$0.3099,1440192106709,"9,140",50% bullish,of 2 ratings,N/A
PTNT,$3.05,1440192106815,"4,282",Not yet rated,NULL,N/A
ISIL,$10.2,1440192106887,"911,504",50% bullish,of 6 ratings,$15
IILG,$20.03,1440192106947,"307,013",100% bearish,of 1 rating,$30.50
INTL,$25.88,1440192107019,"119,017",67% bearish,of 3 ratings,N/A
INTX,$2.44,1440192107093,"40,947",67% bullish,of 3 ratings,N/A
IVAC,$4.89,1440192107198,"16,408",Not yet rated,NULL,$6.625
INTLL,$25.77,1440192107264,"1,100",Not yet rated,NULL,N/A
INTU,$89.6,1440192107402,"5,245,535",100% bullish,of 7 ratings,$110.50
IIN,$6.38,1440192107438,"6,399",100% bearish,of 1 rating,$12
ITCI,$28.5,1440192107476,"400,140",75% bearish,of 4 ratings,$40
ISRG,$506.7792,1440192107510,"238,284",67% bullish,of 3 ratings,$600
INVT,$0.2713,1440192107583,"28,221",67% bullish,of 3 ratings,N/A
ISTR,$15.85,1440192107609,"2,506",100% bearish,of 1 rating,$18.50
SNAK,$8.47,1440192107695,"286,014",50% bullish,of 2 ratings,$14
ISBC,$11.8686,1440192107826,"2,158,729",100% bullish,of 1 rating,$13.25
NVIV,$9.83,1440192107873,"458,296",50% bullish,of 4 ratings,$24.50
ITIC,$71.35,1440192107901,32,100% bearish,of 2 ratings,N/A
IVTY,$12.69,1440192107935,"13,088",Not yet rated,NULL,$18
IPAS,$1.01,1440192108077,"153,876",67% bullish,of 3 ratings,N/A
DTUL,NULL,1440192108102,0,Not yet rated,NULL,N/A
DFVL,NULL,1440192108236,0,Not yet rated,NULL,N/A
IPCM,$79.5,1440192108296,"605,193",50% bullish,of 2 ratings,$80.125
IPGP,$84.18,1440192108334,"196,618",100% bearish,of 2 ratings,$109.50
IRDM,$6.69,1440192108391,"599,667",60% bullish,of 5 ratings,$11.50
IRMD,$25.1,1440192108417,"13,498",67% bearish,of 3 ratings,$25
IRIX,$7.16,1440192108472,"14,066",100% bearish,of 1 rating,N/A
IRDMB,$266.65,1440192108568,"1,378",67% bearish,of 3 ratings,N/A
IRBT,$30.02,1440192108667,"240,364",67% bullish,of 6 ratings,$37
IRWD,$10.95,1440192108697,"1,059,107",100% bearish,of 1 rating,$13
COMT,$32.24,1440192108762,"20,256",100% bearish,of 1 rating,N/A
GNMA,$50.25,1440192108808,"2,022",Not yet rated,NULL,N/A
IRCP,$32,1440192108939,651,100% bullish,of 2 ratings,N/A
FCHI,$47.8,1440192108964,"4,334",Not yet rated,NULL,N/A
IFAS,$28.76,1440192108987,"9,892",Not yet rated,NULL,N/A
IFEU,$39.05,1440192109265,"52,081",Not yet rated,NULL,N/A
IFGL,$28.84,1440192109332,"124,298",Not yet rated,NULL,N/A
ACWX,$40.28,1440192109430,"332,696",100% bearish,of 1 rating,N/A
AAXJ,$52.27,1440192109459,"1,955,125",Not yet rated,NULL,N/A
AXJS,NULL,1440192109486,0,Not yet rated,NULL,N/A
ACWI,$55.59,1440192109511,"1,415,661",Not yet rated,NULL,N/A
IFNA,$56.26,1440192109564,2,Not yet rated,NULL,N/A
EEMA,$48.76,1440192109644,"380,775",Not yet rated,NULL,N/A
AAIT,$30.53,1440192109774,"1,424",100% bullish,of 1 rating,N/A
EEME,$38.47,1440192109852,"1,248",100% bearish,of 1 rating,N/A
EGRW,$47,1440192109880,"2,678",Not yet rated,NULL,N/A
EMDI,$46.16,1440192109960,300,Not yet rated,NULL,N/A
EMEY,$24.77,1440192110012,200,Not yet rated,NULL,N/A
EEML,$27.35,1440192110045,700,Not yet rated,NULL,N/A
EVAL,$36.84,1440192110066,"4,617",Not yet rated,NULL,N/A
EUFN,$21.91,1440192110222,"189,715",100% bearish,of 1 rating,N/A
IEUS,$45.52,1440192110363,"8,328",100% bearish,of 1 rating,N/A
IBB,$339.95,1440192110393,"2,473,220",63% bullish,of 8 ratings,N/A
UAE,$17.61,1440192110438,"11,472",Not yet rated,NULL,N/A
QAT,$20.45,1440192110494,"23,345",Not yet rated,NULL,N/A
SOXX,$78.63,1440192110519,"710,879",50% bullish,of 2 ratings,N/A
EMIF,$28.27,1440192110546,"15,998",Not yet rated,NULL,N/A
WOOD,$49.3,1440192110673,"53,527",50% bullish,of 2 ratings,N/A
ICLN,$9.42,1440192110699,"40,619",50% bullish,of 2 ratings,N/A
IGOV,$92.1372,1440192110783,"25,494",100% bearish,of 1 rating,N/A
ISHG,$80.2,1440192110845,"83,600",100% bearish,of 1 rating,N/A
INDY,$27.85,1440192110914,"903,318",50% bullish,of 2 ratings,N/A
ISIS,$46.6544,1440192110939,"1,345,771",53% bullish,of 15 ratings,$67
ISRL,$128.55,1440192111076,"1,003",100% bearish,of 1 rating,N/A
ISLE,$16.59,1440192111109,"295,431",50% bullish,of 4 ratings,$16
ITRI,$31.94,1440192111136,"253,746",Not yet rated,NULL,$37
ITRN,$24.7,1440192111290,"30,305",50% bullish,of 2 ratings,N/A
IXYS,$10.57,1440192111339,"247,242",50% bullish,of 4 ratings,N/A
ITUS,$4.16,1440192111388,"6,967",Not yet rated,NULL,N/A
JBHT,$76.18,1440192111533,"901,669",50% bullish,of 4 ratings,$89.50
JJSF,$113.14,1440192111563,"100,391",100% bearish,of 1 rating,N/A
MAYS,NULL,1440192111583,0,Not yet rated,NULL,N/A
XXIA,$15.37,1440192111621,"314,105",71% bullish,of 7 ratings,$14.625
JCOM,$69.56,1440192111716,"218,346",100% bullish,of 2 ratings,$77
JASO,$7,1440192111742,"1,435,775",82% bullish,of 17 ratings,$10
JKHY,$68.27,1440192111801,"285,534",50% bullish,of 2 ratings,$72
JACK,$81.4002,1440192111951,"546,532",83% bullish,of 6 ratings,$105
JAXB,$12.76,1440192111977,"1,300",100% bullish,of 1 rating,N/A
JXSB,$24.05,1440192112005,742,Not yet rated,NULL,N/A
JAGX,$2.69,1440192112111,"17,408",Not yet rated,NULL,N/A
JAKK,$9.07,1440192112188,"491,312",60% bearish,of 5 ratings,$11
ERW,NULL,1440192112261,0,Not yet rated,NULL,N/A
JRVR,$26.32,1440192112288,"51,011",Not yet rated,NULL,$32
JMBA,$13.18,1440192112324,"107,503",75% bullish,of 4 ratings,$18
JASN,$4.81,1440192112349,"34,092",50% bullish,of 2 ratings,$9.50
JASNW,$0.18,1440192112418,"12,833",50% bullish,of 2 ratings,N/A
JAZZ,$170.2996,1440192112577,"486,735",80% bullish,of 15 ratings,$206.50
JBLU,$21.6674,1440192112629,"7,443,662",94% bullish,of 16 ratings,$27
JD,$25.2,1440192112815,"9,396,940",75% bullish,of 16 ratings,$36
JCTCF,NULL,1440192112844,0,100% bullish,of 1 rating,N/A
JTPY,$3.02,1440192112871,"5,165",100% bearish,of 1 rating,N/A
JST,$4,1440192112901,"43,984",75% bullish,of 4 ratings,N/A
DATE,$6.47,1440192112946,"197,033",75% bullish,of 4 ratings,$9
JOEZ,$0.185,1440192113003,"70,020",92% bullish,of 12 ratings,N/A
JIVE,$4.1,1440192113028,"633,964",75% bullish,of 4 ratings,$5
WYIGU,$10.0227,1440192113171,100,Not yet rated,NULL,N/A
JOUT,$23.01,1440192113250,"19,287",100% bearish,of 1 rating,$34
JBSS,$48.96,1440192113306,"138,677",67% bearish,of 3 ratings,N/A
JNP,$9.63,1440192113356,"10,574",100% bullish,of 3 ratings,$15
KTWO,$21.88,1440192113408,"175,719",100% bearish,of 1 rating,$28.50
