Symbol,Price,Date,Volume,Rating,RatingVoteCount,OneYearEstimate
TFSCU,NULL,1439824502141,0,Not yet rated,NULL,N/A
FLWS,$9.61,1439824502168,"26,189",100% bullish,of 5 ratings,$15
FCCY,NULL,1439824502198,0,100% bullish,of 1 rating,$13
TFSCR,NULL,1439824502229,0,Not yet rated,NULL,N/A
TFSCW,NULL,1439824502254,0,100% bearish,of 1 rating,N/A
FCTY,NULL,1439824502300,0,100% bullish,of 1 rating,$8.50
PIH,$7.67,1439824502325,"1,000",100% bearish,of 1 rating,N/A
TFSC,NULL,1439824502460,0,100% bearish,of 1 rating,N/A
DSLV,$62,1439824502592,"1,704",100% bearish,of 1 rating,N/A
VNET,$21.1399,1439824502626,"210,362",60% bullish,of 5 ratings,$29.50
DGLD,$84.78,1439824502648,894,100% bullish,of 1 rating,N/A
TWOU,$35.79,1439824502688,"270,705",50% bullish,of 2 ratings,$39
SRCE,$31.25,1439824502714,"3,452",100% bullish,of 3 ratings,$33
USLV,$14.78,1439824502750,"58,564",86% bullish,of 7 ratings,N/A
UGLD,$8.929,1439824502781,"34,628",100% bearish,of 1 rating,N/A
JOBS,$28.48,1439824502847,"15,003",50% bullish,of 4 ratings,$36
EGHT,$8.64,1439824503255,"41,773",82% bullish,of 17 ratings,$11
AAON,$23,1439824503331,"18,192",100% bearish,of 1 rating,$24
SHLM,$35.44,1439824503357,"14,854",100% bearish,of 1 rating,$50
SIXD,$3.3,1439824503385,"27,804",Not yet rated,NULL,N/A
ABAX,$48.27,1439824503444,"23,035",100% bearish,of 1 rating,$60
AVHI,$14.12,1439824503518,"6,081",100% bearish,of 1 rating,$19
CAFD,$15.71,1439824503548,"35,348",Not yet rated,NULL,$25
ABGB,$4.94,1439824503569,"17,668",67% bullish,of 3 ratings,$5.50
ABEO,$5.29,1439824503749,"35,114",67% bullish,of 3 ratings,$15.50
ABY,$22.1,1439824503779,"124,350",100% bearish,of 2 ratings,$46
ABEOW,$2.1,1439824503881,"1,100",100% bullish,of 1 rating,N/A
ABMD,$105.58,1439824503981,"119,963",75% bullish,of 4 ratings,$86
ACTG,$8.57,1439824504053,"27,579",67% bullish,of 3 ratings,$18.50
ACAD,$38.29,1439824504128,"137,321",85% bullish,of 20 ratings,$48
ACHC,$81.05,1439824504153,"135,904",50% bullish,of 2 ratings,$92
AXAS,$1.855,1439824504178,"112,526",78% bullish,of 9 ratings,$3.50
VXDN,$16.87,1439824504539,"1,310",Not yet rated,NULL,N/A
ACRX,$4.48,1439824504571,"80,708",67% bearish,of 6 ratings,$5.50
ANCX,$19.07,1439824504730,"8,941",Not yet rated,NULL,$19
VXUP,$16.85,1439824504767,"6,375",Not yet rated,NULL,N/A
XLRN,$31.12,1439824505320,"26,647",50% bullish,of 2 ratings,$57
AKAO,$7.25,1439824505379,"52,293",75% bullish,of 4 ratings,$15
ACET,$25.235,1439824505450,"23,820",75% bullish,of 4 ratings,$30
ACST,$0.4131,1439824505476,"7,804",100% bullish,of 2 ratings,N/A
AXDX,$19.6,1439824505506,"44,960",100% bearish,of 1 rating,N/A
ACHN,$8.21,1439824505532,"1,119,739",90% bullish,of 21 ratings,$16
ACIW,$22.99,1439824505691,"20,893",50% bullish,of 2 ratings,$24
ARAY,$6.165,1439824505761,"121,367",100% bearish,of 1 rating,$10.50
ACOR,$32.2,1439824505895,"41,341",67% bearish,of 3 ratings,$38.50
ATVI,$28.93,1439824505932,"382,135",68% bullish,of 84 ratings,$31.50
ACNB,$20.22,1439824505953,100,Not yet rated,NULL,N/A
ACTS,$1.52,1439824506027,"23,735",100% bearish,of 1 rating,N/A
ACTA,$13.72,1439824506056,"22,225",67% bearish,of 3 ratings,$25
ACPW,$1.9,1439824506205,"4,340",100% bullish,of 4 ratings,$3.50
ACXM,$21.15,1439824506338,"63,117",67% bullish,of 3 ratings,N/A
ACUR,$0.6441,1439824506363,"32,110",100% bullish,of 5 ratings,$1
ADMP,$3.537,1439824506520,"7,101",50% bullish,of 2 ratings,$10
ADMS,$21.97,1439824506590,"8,782",100% bearish,of 2 ratings,$36
ADEP,$7.357,1439824506647,"6,094",50% bullish,of 2 ratings,$10.75
AEY,$2.3895,1439824506749,"5,841",100% bearish,of 2 ratings,N/A
ADAP,$15.09,1439824506774,"25,775",67% bullish,of 3 ratings,$22
ADUS,$28.56,1439824506823,"11,318",100% bearish,of 1 rating,$31
ADMA,NULL,1439824506910,0,Not yet rated,NULL,$19
ADRO,$21.3799,1439824506954,"32,833",80% bullish,of 5 ratings,$45.50
ADBE,$86.44,1439824506984,"282,532",65% bullish,of 17 ratings,$90
ADTN,$16.155,1439824507086,"38,032",67% bullish,of 3 ratings,$17.125
AEIS,$26.47,1439824507334,"81,177",50% bullish,of 2 ratings,$32.50
ADXS,$16.04,1439824507359,"179,616",64% bullish,of 14 ratings,$27
AMD,$1.88,1439824507396,"2,333,626",83% bullish,of 102 ratings,$2
ADXSW,$11.41,1439824507426,785,100% bullish,of 1 rating,N/A
YPRO,NULL,1439824507526,0,100% bearish,of 1 rating,N/A
MULT,NULL,1439824507552,0,100% bearish,of 1 rating,N/A
AEGN,$18.83,1439824507744,"13,809",100% bearish,of 1 rating,$21
AEHR,$2.21,1439824507904,212,50% bullish,of 2 ratings,N/A
AMTX,$3.28,1439824507941,"2,065",50% bullish,of 2 ratings,$26.11
AERI,$15.825,1439824507966,"35,660",75% bullish,of 4 ratings,$31.50
AVAV,$25.9,1439824507988,"33,601",50% bullish,of 4 ratings,$31
AEPI,$57.07,1439824508025,"10,212",100% bearish,of 1 rating,N/A
AEGR,$18.2,1439824508046,"80,775",50% bullish,of 6 ratings,$26
AEZS,$0.135,1439824508081,"2,203,385",90% bullish,of 21 ratings,$1.625
AFMD,$11.96,1439824508394,"59,616",50% bullish,of 4 ratings,$15
AEMD,$6.715,1439824508533,"5,011",Not yet rated,NULL,$27.50
AGEN,$7.5799,1439824508571,"182,425",85% bullish,of 13 ratings,$14
AGFSW,$2.42,1439824508718,"9,500",100% bearish,of 1 rating,N/A
AGYS,$9.4,1439824508747,"2,249",100% bearish,of 1 rating,N/A
AFFX,$9.5779,1439824508782,"137,538",80% bullish,of 5 ratings,$12
AGRX,$8.83,1439824508807,"2,867",100% bearish,of 1 rating,$18
AGIO,$93.26,1439824508848,"65,680",88% bullish,of 8 ratings,$114
AGFS,$11.01,1439824508942,"10,879",100% bearish,of 1 rating,N/A
AIRT,$22.1,1439824508978,807,100% bullish,of 1 rating,N/A
AIMT,$25.5701,1439824509003,"20,998",Not yet rated,NULL,N/A
ATSG,$9.78,1439824509207,"21,574",67% bullish,of 3 ratings,$13
AIXG,$6.02,1439824509232,"1,002",67% bearish,of 3 ratings,$6
AIRM,$39.881,1439824509264,"34,256",80% bearish,of 5 ratings,$53
AMCN,$4.9798,1439824509290,"106,642",83% bullish,of 6 ratings,N/A
AKAM,$72.94,1439824509363,"155,938",63% bullish,of 8 ratings,$77
AKBA,$7.14,1439824509579,"35,075",100% bearish,of 1 rating,$18
ALRM,$17.2,1439824509715,"8,375",100% bearish,of 1 rating,$22
ALSK,$2.11,1439824509762,"28,120",78% bullish,of 18 ratings,$2
AKER,$3.8299,1439824509791,954,Not yet rated,NULL,N/A
AMRI,$20.84,1439824509820,"12,010",75% bearish,of 4 ratings,$24
AKRX,$43.85,1439824509842,"67,576",78% bullish,of 9 ratings,$56
ALDR,$37.84,1439824509894,"126,610",67% bearish,of 3 ratings,$62
ADHD,$9.345,1439824509974,"97,500",50% bullish,of 4 ratings,$18
ALDX,$8.01,1439824510196,"4,200",100% bearish,of 1 rating,$14.50
ALXA,$1.16,1439824510302,"5,400",83% bullish,of 6 ratings,$2.125
ALXN,$189.325,1439824510327,"101,164",88% bullish,of 8 ratings,$223
ABDC,$12.98,1439824510367,"10,342",Not yet rated,NULL,$15
ALCO,$42.825,1439824510594,"1,103",50% bullish,of 2 ratings,N/A
ALGN,$60.665,1439824510625,"84,446",100% bearish,of 2 ratings,$73
ALIM,$3.95,1439824510646,"14,379",80% bullish,of 5 ratings,$10
ALKS,$66.945,1439824510698,"109,785",67% bullish,of 3 ratings,$75
ALGT,$236.4793,1439824510728,"23,016",100% bearish,of 1 rating,$235
AIQ,$15.34,1439824510829,"2,248",67% bullish,of 3 ratings,N/A
AFOP,$19.03,1439824511055,"12,516",75% bullish,of 8 ratings,$21
ARLP,$25.0568,1439824511091,"40,176",67% bearish,of 3 ratings,$32
AHPI,$1.45,1439824511139,700,50% bullish,of 2 ratings,N/A
ALLB,$23.9,1439824511192,"1,210",Not yet rated,NULL,N/A
AHGP,$35.86,1439824511222,"5,334",67% bullish,of 3 ratings,N/A
AMOT,$18.03,1439824511320,"8,781",100% bearish,of 1 rating,N/A
ALQA,$4.7,1439824511452,"17,815",75% bullish,of 4 ratings,$8.50
ALLT,$5.09,1439824511535,"20,065",75% bullish,of 4 ratings,$6.25
ALNY,$108.27,1439824511592,"74,819",67% bullish,of 3 ratings,$148.50
AFAM,$49.41,1439824511622,"10,919",50% bullish,of 2 ratings,$44
SMCP,NULL,1439824511666,0,Not yet rated,NULL,N/A
MDRX,$14.2,1439824511697,"504,937",60% bullish,of 5 ratings,$16
AOSL,$7.45,1439824511828,"4,044",67% bullish,of 3 ratings,$9
ALTR,$49.25,1439824511931,"244,193",80% bearish,of 5 ratings,$54
ATEC,$0.6999,1439824512062,"7,181",100% bullish,of 1 rating,$2
AMAG,$63.45,1439824512197,"118,895",100% bullish,of 2 ratings,$75
ASPS,$30.65,1439824512267,"23,585",67% bullish,of 3 ratings,$46.50
AMRN,$2.35,1439824512327,"204,407",85% bullish,of 39 ratings,$8
AMZN,$533.741,1439824512359,"475,482",81% bullish,of 261 ratings,$646
AIMC,$26.61,1439824512398,"22,631",100% bearish,of 1 rating,$28.50
AMBC,$17.02,1439824512425,"49,186",100% bearish,of 1 rating,$16.50
AYA,$22.91,1439824512460,"6,596",100% bearish,of 1 rating,$40
AMRK,$10.347,1439824512592,"1,312",50% bullish,of 2 ratings,$14
AMBCW,NULL,1439824512697,0,100% bearish,of 1 rating,N/A
AMCX,$75.465,1439824512759,"106,113",67% bullish,of 3 ratings,$85.50
DOX,$60.28,1439824512830,"49,772",100% bullish,of 2 ratings,$60
AMDA,$0.5008,1439824512905,"432,897",90% bullish,of 10 ratings,$1
EPAX,$2.65,1439824513010,"101,807",100% bearish,of 1 rating,N/A
AMBA,$109.11,1439824513057,"345,666",83% bullish,of 12 ratings,$102.50
UHAL,$385.2101,1439824513191,"6,560",100% bullish,of 2 ratings,$393.50
ASBI,$22.89,1439824513225,200,Not yet rated,NULL,N/A
AMOV,$18.4,1439824513359,100,100% bearish,of 1 rating,N/A
AAL,$43.84,1439824513388,"1,669,850",93% bullish,of 87 ratings,$57
ATAX,$5.3,1439824513419,"13,612",100% bullish,of 1 rating,$6.50
AMED,$45.8,1439824513446,"23,933",100% bearish,of 1 rating,$42
AGNCB,$24.23,1439824513525,800,Not yet rated,NULL,N/A
AGNC,$19.9,1439824513578,"958,048",75% bullish,of 28 ratings,$22
AGNCP,$25.216,1439824513675,200,Not yet rated,NULL,N/A
MTGE,$15.87,1439824513779,"113,657",75% bullish,of 4 ratings,$19.50
MTGEP,$24.2587,1439824513806,400,Not yet rated,NULL,N/A
ACSF,$12.8,1439824513935,"9,705",100% bearish,of 1 rating,$15
ACAS,$14.37,1439824514066,"264,065",60% bullish,of 5 ratings,$16.75
AETI,$4.06,1439824514213,435,67% bearish,of 3 ratings,N/A
AMIC,$10.1,1439824514273,236,Not yet rated,NULL,N/A
ANCI,$1.69,1439824514302,800,100% bearish,of 1 rating,N/A
AMNB,$23.45,1439824514344,900,Not yet rated,NULL,$25.50
ARII,$40.55,1439824514403,"63,231",67% bearish,of 3 ratings,$45
ANAT,$104.545,1439824514432,746,100% bullish,of 1 rating,N/A
APEI,$22.24,1439824514642,"15,716",100% bearish,of 1 rating,$29
ASEI,$39.64,1439824514672,"7,355",100% bearish,of 1 rating,$52.50
AMRB,$10.08,1439824514777,"1,420",Not yet rated,NULL,$11
AMSC,$4.12,1439824514803,"7,450",50% bullish,of 4 ratings,N/A
AMSWA,$9.33,1439824514880,932,100% bearish,of 2 ratings,$10.75
AMWD,$65.31,1439824514931,"17,928",50% bullish,of 2 ratings,$58
ABCB,$28.49,1439824515057,"34,358",Not yet rated,NULL,$30.50
CRMT,$45.68,1439824515087,700,100% bearish,of 1 rating,$49
AMSF,$50.6,1439824515154,"6,103",Not yet rated,NULL,$57.50
ASRV,$3.35,1439824515187,"4,909",100% bullish,of 2 ratings,N/A
ASRVP,NULL,1439824515214,0,Not yet rated,NULL,N/A
ATLO,$23.78,1439824515289,"1,912",Not yet rated,NULL,N/A
AMGN,$169.61,1439824515421,"394,748",89% bullish,of 19 ratings,$185
AMPH,$14.44,1439824515610,"49,105",50% bullish,of 2 ratings,$20
AMKR,$4.56,1439824515636,"168,759",100% bearish,of 2 ratings,$5
FOLD,$16.29,1439824515657,"186,776",56% bullish,of 9 ratings,$21
AMSGP,NULL,1439824515692,0,Not yet rated,NULL,N/A
AMSG,$85.7399,1439824515718,"58,070",100% bearish,of 1 rating,$85.50
ASYS,$5.87,1439824515791,"14,763",67% bullish,of 3 ratings,$12
AFSI,$62.89,1439824515977,"125,617",60% bullish,of 5 ratings,$72
ANAC,$135.98,1439824516040,"82,713",80% bullish,of 5 ratings,$180.50
ADI,$59.27,1439824516118,"336,770",67% bullish,of 3 ratings,$68
AMRS,$1.64,1439824516143,"10,795",70% bullish,of 10 ratings,N/A
ALOG,$80.33,1439824516172,"15,299",100% bearish,of 2 ratings,$100.50
ANCB,NULL,1439824516308,0,Not yet rated,NULL,$23
ANAD,$0.3348,1439824516335,"177,621",100% bullish,of 2 ratings,$.50
ABCW,$41.5,1439824516356,"2,586",67% bullish,of 3 ratings,N/A
ANGO,$15.03,1439824516563,"7,200",67% bullish,of 3 ratings,$19
AMCF,NULL,1439824516596,0,100% bullish,of 7 ratings,N/A
ANIP,$55.54,1439824516730,"45,811",89% bullish,of 19 ratings,$66
ANGI,$4.4,1439824516758,"91,989",64% bullish,of 11 ratings,$5.50
ANIK,$36.0635,1439824516783,"11,770",60% bullish,of 5 ratings,$51.25
ANSS,$96.2,1439824516917,"116,854",100% bearish,of 1 rating,$100
ANTH,$9.5501,1439824516952,"165,824",80% bullish,of 10 ratings,$13
ABAC,$0.9,1439824516981,"11,524",100% bearish,of 1 rating,N/A
ATNY,$2.41,1439824517002,"1,700",50% bullish,of 2 ratings,$3.75
ATRS,$1.895,1439824517052,"167,154",92% bullish,of 12 ratings,$4.50
APIC,$7.99,1439824517231,"25,951",100% bearish,of 1 rating,$19
APOG,$54.51,1439824517378,"42,085",100% bullish,of 1 rating,$62
APOL,$11.89,1439824517482,"141,250",87% bearish,of 68 ratings,$14
AINV,$6.49,1439824517515,"1,673,764",50% bullish,of 4 ratings,$8
APPF,$16.79,1439824517617,"1,499",50% bullish,of 2 ratings,$22
AAPL,$117.13,1439824517642,"9,098,822",86% bullish,of 2331 ratings,$150
AGTC,$15.8,1439824517701,"6,123",50% bullish,of 2 ratings,$33
APDN,$3.2601,1439824517802,"12,891",Not yet rated,NULL,$9
ARCI,$1.31,1439824517823,200,Not yet rated,NULL,N/A
AMAT,$16.83,1439824517852,"2,656,757",82% bullish,of 11 ratings,$23.50
AAOI,$22.2,1439824518016,"87,772",50% bullish,of 4 ratings,$26
AMCC,$5.905,1439824518098,"165,284",80% bullish,of 5 ratings,$8
AREX,$2.673,1439824518124,"52,558",100% bearish,of 1 rating,$3
APDNW,$1.33,1439824518171,"4,900",Not yet rated,NULL,N/A
APRI,$1.1879,1439824518305,"20,065",83% bullish,of 6 ratings,$4.86
APTO,$5.1,1439824518335,102,Not yet rated,NULL,$17
AQMS,$5.3015,1439824518469,"4,382",Not yet rated,NULL,N/A
AUMA,$9.75,1439824518521,"99,314",Not yet rated,NULL,N/A
AUMAW,NULL,1439824518602,0,Not yet rated,NULL,N/A
AUMAU,NULL,1439824518689,0,Not yet rated,NULL,N/A
AQXP,$21.38,1439824518752,"521,181",50% bullish,of 2 ratings,$2
ARDM,$7.4,1439824518778,530,100% bullish,of 1 rating,$26
PETX,$17.04,1439824518803,"41,168",100% bearish,of 2 ratings,$26
ABUS,$8.3408,1439824518855,"107,184",86% bullish,of 14 ratings,$23
ARCW,$3.5899,1439824518884,"2,776",100% bearish,of 2 ratings,$10.50
ABIO,$0.8999,1439824519079,"39,792",50% bullish,of 2 ratings,$3.75
RKDA,$4.54,1439824519214,"2,743",100% bearish,of 2 ratings,$10
ACGL,$73.58,1439824519239,"27,050",50% bullish,of 2 ratings,$72
ACAT,$30.18,1439824519275,"19,344",100% bearish,of 3 ratings,$33
ARCB,$32.82,1439824519409,"28,917",50% bullish,of 2 ratings,$39.50
ARNA,$3.39,1439824519477,"293,237",90% bullish,of 77 ratings,$5.50
ARCC,$16.015,1439824519575,"169,207",67% bearish,of 3 ratings,$17.875
ARDX,$18.84,1439824519605,"19,635",50% bullish,of 2 ratings,$22
ARGS,$4.29,1439824519710,"5,090",50% bullish,of 2 ratings,$19.50
AGII,$57.44,1439824519817,"45,872",Not yet rated,NULL,$58
AGIIL,$25.3,1439824519876,401,Not yet rated,NULL,N/A
ARIA,$7.405,1439824519911,"231,603",87% bullish,of 46 ratings,$9
ARKR,NULL,1439824519936,0,50% bullish,of 2 ratings,N/A
ARMH,$42.97,1439824520008,"908,249",54% bearish,of 13 ratings,$61
ARIS,$3.26,1439824520067,227,Not yet rated,NULL,$4.50
ARTX,$1.5699,1439824520237,"36,425",88% bullish,of 16 ratings,$4.50
ARWA,NULL,1439824520367,0,Not yet rated,NULL,N/A
ARWAU,NULL,1439824520498,0,100% bullish,of 1 rating,N/A
ARWAR,NULL,1439824520524,0,Not yet rated,NULL,N/A
ARWAW,NULL,1439824520553,0,Not yet rated,NULL,N/A
ARRY,$5.7801,1439824520655,"125,543",100% bullish,of 7 ratings,$10
ARRS,$27.73,1439824520684,"125,269",50% bullish,of 2 ratings,$38
ARQL,$1.7,1439824520752,"7,679",75% bullish,of 4 ratings,$5
DWAT,$10.21,1439824520782,"8,406",100% bearish,of 1 rating,N/A
ARWR,$5.6199,1439824520992,"304,769",75% bullish,of 4 ratings,$10.50
ARTNA,$22.33,1439824521025,"1,623",100% bearish,of 1 rating,$29
ARTW,$4.44,1439824521061,102,75% bearish,of 4 ratings,N/A
ASBB,$24.5,1439824521158,100,Not yet rated,NULL,N/A
AROW,$27.99,1439824521312,"2,118",Not yet rated,NULL,N/A
ASNA,$12.39,1439824521338,"177,355",50% bullish,of 2 ratings,$18
ASND,$16.48,1439824521516,"39,107",100% bullish,of 1 rating,$30
ASCMA,$29.53,1439824521542,"35,011",100% bearish,of 1 rating,$45
ASTI,$0.1603,1439824521572,"1,229,028",83% bullish,of 6 ratings,$3
APWC,$2.09,1439824521598,20,100% bearish,of 1 rating,N/A
ASMI,$38.94,1439824521675,300,50% bullish,of 2 ratings,N/A
AZPN,$39.18,1439824521747,"222,129",50% bullish,of 2 ratings,$42
ASML,$92.62,1439824521806,"197,601",67% bullish,of 3 ratings,$127
ASMB,$13.34,1439824521946,"6,112",67% bullish,of 3 ratings,N/A
ASTE,$38.01,1439824522012,"25,400",100% bearish,of 1 rating,$48
ASFI,$9.25,1439824522044,"5,400",100% bullish,of 1 rating,N/A
ATRO,$58.06,1439824522146,"45,418",100% bearish,of 2 ratings,$80
ASTC,$2.4,1439824522172,475,100% bullish,of 5 ratings,N/A
ALOT,NULL,1439824522251,0,100% bearish,of 1 rating,N/A
ASUR,$6,1439824522384,"1,690",Not yet rated,NULL,$8
ATAI,$3.16,1439824522417,"21,546",100% bearish,of 1 rating,N/A
ATHN,$139.92,1439824522519,"26,012",67% bearish,of 3 ratings,$153
AAPC,$10.19,1439824522598,44,Not yet rated,NULL,N/A
ATRA,$48.48,1439824522627,"40,751",50% bullish,of 2 ratings,$68
ATHX,$1.1999,1439824522657,"43,999",89% bullish,of 9 ratings,$5
AFCB,NULL,1439824522687,0,Not yet rated,NULL,N/A
AAME,NULL,1439824522765,0,Not yet rated,NULL,N/A
ACFC,$6.425,1439824522791,"78,861",Not yet rated,NULL,$6.50
ATNI,$73.68,1439824523015,"17,998",100% bearish,of 1 rating,$69.50
AAWW,$45.33,1439824523061,"38,053",50% bullish,of 2 ratings,$65
ATLC,$3.94,1439824523103,"1,900",67% bullish,of 3 ratings,N/A
AFH,$17.12,1439824523161,"1,237",Not yet rated,NULL,$21.50
ATOS,$0.9592,1439824523188,"16,595",100% bullish,of 7 ratings,$7
ATML,$7.865,1439824523242,"577,364",78% bullish,of 9 ratings,$9.50
ATRI,$398.02,1439824523390,618,Not yet rated,NULL,N/A
ATRM,$3,1439824523522,"1,032",50% bullish,of 2 ratings,N/A
ATTU,$14.595,1439824523551,"3,574",100% bearish,of 1 rating,$20.50
ATRC,$27.12,1439824523581,"22,370",100% bullish,of 1 rating,$30
AUBN,NULL,1439824523682,0,Not yet rated,NULL,N/A
AUDC,$3.2779,1439824523709,"20,151",80% bullish,of 5 ratings,$5
LIFE,$15.985,1439824523738,"30,748",86% bullish,of 7 ratings,$43
AUPH,$3.5399,1439824523935,"5,245",100% bearish,of 1 rating,$8
EARS,$5,1439824523978,"7,663",100% bearish,of 2 ratings,$12
ADAT,$0.1101,1439824524039,"3,899",100% bullish,of 2 ratings,N/A
ADSK,$54.94,1439824524205,"105,330",83% bullish,of 6 ratings,$69.50
ABTL,$19.8401,1439824524235,"13,549",100% bullish,of 4 ratings,$20.25
AVEO,$1.9817,1439824524341,"11,712,422",75% bullish,of 8 ratings,$3
AAVL,$11.09,1439824524428,"579,485",100% bearish,of 1 rating,$20
AVNW,$1.14,1439824524474,"10,702",50% bullish,of 2 ratings,$2.20
ADP,$83.49,1439824524501,"382,112",100% bearish,of 1 rating,$88
AVGO,$123.315,1439824524529,"352,403",88% bullish,of 8 ratings,$160
AVGR,$15.5,1439824524702,"4,190",100% bearish,of 1 rating,$20
AVNU,NULL,1439824524729,0,Not yet rated,NULL,$14
AVID,$9.23,1439824524750,"38,158",100% bearish,of 1 rating,$20
CAR,$45.44,1439824524783,"521,483",80% bullish,of 5 ratings,$60
AWRE,$3.2,1439824524917,200,67% bullish,of 3 ratings,N/A
ACLS,$3.205,1439824524946,"82,702",67% bullish,of 6 ratings,$4.75
AXGN,$3.8025,1439824525174,"6,635",Not yet rated,NULL,$5
AXPWW,$1.47,1439824525200,192,Not yet rated,NULL,N/A
AXPW,$1.35,1439824525225,"15,765",83% bullish,of 6 ratings,N/A
AXTI,$2.19,1439824525273,"4,610",50% bullish,of 2 ratings,$2.75
RILY,$10,1439824525356,50,Not yet rated,NULL,N/A
BCOM,$19.97,1439824525383,416,100% bearish,of 1 rating,N/A
BEAV,$50.74,1439824525554,"47,375",67% bearish,of 3 ratings,$59
BIDU,$166.43,1439824525593,"720,597",81% bullish,of 88 ratings,$215
BCPC,$60.68,1439824525622,"37,428",100% bearish,of 1 rating,$75
BLDP,$1.3101,1439824525723,"50,445",91% bullish,of 22 ratings,$2.50
BANF,$63.21,1439824525756,800,Not yet rated,NULL,$68
BWINA,NULL,1439824525783,0,Not yet rated,NULL,N/A
BOSC,$2.37,1439824525804,"6,576",50% bullish,of 2 ratings,N/A
BWINB,$23.45,1439824526081,"13,484",Not yet rated,NULL,N/A
BKSC,NULL,1439824526182,0,Not yet rated,NULL,N/A
BKMU,$7.3815,1439824526207,"4,432",Not yet rated,NULL,$8
BMRC,$48.54,1439824526240,305,Not yet rated,NULL,$52
BANFP,NULL,1439824526267,0,Not yet rated,NULL,N/A
BOCH,$5.78,1439824526346,"1,928",Not yet rated,NULL,$6.50
OZRK,$43.56,1439824526367,"51,438",67% bullish,of 3 ratings,$49.50
BOTJ,$11.14,1439824526450,"1,756",Not yet rated,NULL,N/A
BZUN,$7.68,1439824526642,"18,672",50% bullish,of 2 ratings,$13.85
BFIN,$12.33,1439824526739,700,Not yet rated,NULL,$13
BWFG,$18.02,1439824526770,592,100% bearish,of 1 rating,N/A
BHAC,NULL,1439824526870,0,Not yet rated,NULL,N/A
TAPR,$31.2,1439824526895,26,100% bearish,of 1 rating,N/A
BANR,$47.86,1439824526951,"2,656",100% bullish,of 3 ratings,$50
BHACU,NULL,1439824527050,0,Not yet rated,NULL,N/A
BHACW,NULL,1439824527133,0,Not yet rated,NULL,N/A
BHACR,NULL,1439824527208,0,Not yet rated,NULL,N/A
BYLK,$12.9499,1439824527423,"1,324",Not yet rated,NULL,$14
BYBK,$5.09,1439824527457,300,100% bearish,of 1 rating,N/A
BSET,$31.69,1439824527488,"30,404",100% bearish,of 1 rating,$35
BBSI,$37.18,1439824527509,"9,857",67% bearish,of 3 ratings,$62.50
BV,$5.38,1439824527553,"24,525",67% bullish,of 6 ratings,$9
BBCN,$15.5,1439824527583,"28,402",100% bearish,of 1 rating,$16
BCBP,$11.7499,1439824527661,"3,585",Not yet rated,NULL,N/A
BECN,$36.0699,1439824527885,"24,962",50% bullish,of 2 ratings,$40
BSF,$9.1,1439824527987,30,Not yet rated,NULL,N/A
BDCV,$4.97,1439824528046,3,100% bearish,of 1 rating,$10.19
BBBY,$63.28,1439824528117,"264,009",71% bullish,of 7 ratings,$75
BBGI,$4.85,1439824528145,157,100% bearish,of 1 rating,N/A
BLPH,$4.04,1439824528167,"5,980",100% bearish,of 1 rating,$12.50
BELFA,$16.71,1439824528203,6,100% bearish,of 1 rating,N/A
BELFB,$20.07,1439824528298,"2,541",100% bearish,of 1 rating,N/A
BEBE,$1.8899,1439824528328,"2,898",75% bullish,of 4 ratings,$3.075
BLCM,$18.55,1439824528539,"77,741",50% bullish,of 4 ratings,$40
BNTC,NULL,1439824528734,0,100% bullish,of 1 rating,N/A
BGMD,$0.8311,1439824528867,"116,711",100% bullish,of 10 ratings,N/A
BNCL,$12.89,1439824528892,"17,160",100% bullish,of 3 ratings,$12.50
BNFT,$39.71,1439824528944,"16,741",67% bullish,of 3 ratings,$46
BIND,$4.4901,1439824528970,"9,644",67% bullish,of 3 ratings,$13.50
BGCP,$9.485,1439824529028,"93,436",88% bullish,of 8 ratings,$14
ORPN,$5.55,1439824529165,"4,910",100% bullish,of 1 rating,$28.50
BCDA,NULL,1439824529193,0,Not yet rated,NULL,N/A
BGFV,$11.18,1439824529228,"38,628",57% bullish,of 7 ratings,$12
BASI,$1.65,1439824529326,750,Not yet rated,NULL,N/A
BIOD,$0.7003,1439824529353,"87,005",80% bullish,of 5 ratings,$4
BDSI,$6.555,1439824529427,"244,131",88% bullish,of 8 ratings,$17
BIOC,$1.8701,1439824529665,"93,558",83% bullish,of 6 ratings,$3.70
BIIB,$314.58,1439824529752,"180,948",88% bullish,of 16 ratings,$400
BIOL,$1.63,1439824529792,"10,508",Not yet rated,NULL,N/A
BLRX,$1.54,1439824529882,"127,971",100% bullish,of 12 ratings,$7
BCRX,$11.96,1439824529911,"94,206",63% bullish,of 8 ratings,$18
BLFS,$2.16,1439824529936,"2,003",100% bearish,of 1 rating,$4.75
BVXVW,NULL,1439824530048,0,100% bearish,of 1 rating,N/A
BMRN,$137.015,1439824530178,"54,632",80% bullish,of 5 ratings,$160
BVXV,$4.2001,1439824530207,"26,331",Not yet rated,NULL,N/A
BPTH,$1.169,1439824530239,"13,582",100% bullish,of 2 ratings,$5
BRLI,$35.44,1439824530280,"39,971",83% bullish,of 6 ratings,$32
BBC,$32.951,1439824530337,"3,096",Not yet rated,NULL,N/A
BSTC,$52.397,1439824530481,"17,082",100% bearish,of 1 rating,$76
BBP,$34.085,1439824530509,"8,400",Not yet rated,NULL,N/A
BIOS,$1.4785,1439824530534,"453,079",71% bullish,of 7 ratings,$4
BSPM,$0.66,1439824530901,374,50% bullish,of 2 ratings,N/A
BOTA,$2.28,1439824530936,"16,007",86% bullish,of 7 ratings,N/A
BEAT,$12.3492,1439824530966,"51,741",67% bearish,of 3 ratings,$15
BITI,$19.62,1439824531034,"17,881",100% bullish,of 1 rating,$28
TECH,$105.76,1439824531061,"32,389",100% bullish,of 1 rating,$117
BDMS,NULL,1439824531093,0,100% bearish,of 1 rating,N/A
BJRI,$46.51,1439824531119,"37,614",50% bullish,of 2 ratings,$55
BBOX,$16,1439824531202,"7,228",100% bearish,of 1 rating,N/A
BLKB,$63.27,1439824531382,"11,790",100% bearish,of 2 ratings,$66
BDE,$7.67,1439824531415,"24,561",50% bullish,of 2 ratings,$9
BBRY,$7.5801,1439824531443,"604,045",61% bullish,of 330 ratings,$9
BKCC,$9.473,1439824531575,"44,303",100% bullish,of 2 ratings,$10
HAWK,$43.88,1439824531604,"75,303",90% bullish,of 10 ratings,$49
ADRD,$23.4025,1439824531707,764,100% bearish,of 1 rating,N/A
ADRA,NULL,1439824531731,0,Not yet rated,NULL,N/A
ADRU,$23.04,1439824531872,"1,545",100% bearish,of 1 rating,N/A
ADRE,$31.3777,1439824531906,"4,692",Not yet rated,NULL,N/A
BCOR,$13.68,1439824531936,"12,365",57% bullish,of 7 ratings,$15
BLMN,$21.88,1439824532004,"145,320",83% bullish,of 6 ratings,$27.50
BUFF,$26.2,1439824532034,"128,480",83% bullish,of 12 ratings,N/A
BLBD,$13.04,1439824532106,"2,200",Not yet rated,NULL,N/A
BBLU,$0.8836,1439824532168,"10,582",100% bullish,of 2 ratings,$4.43
BHBK,$14.48,1439824532305,"7,182",100% bullish,of 1 rating,$14.50
NILE,$34.61,1439824532342,"28,758",50% bullish,of 2 ratings,$34
BLUE,$130.203,1439824532540,"177,620",86% bullish,of 7 ratings,$217.50
BKEP,$6.8425,1439824532585,"12,203",100% bearish,of 1 rating,$8.50
BKEPP,NULL,1439824532610,0,100% bearish,of 1 rating,N/A
BPMC,$26.26,1439824532640,"67,858",50% bullish,of 2 ratings,$47.50
BOFI,$129.885,1439824532746,"22,256",100% bullish,of 6 ratings,$137.50
BOBE,$46.25,1439824532792,"19,036",75% bullish,of 4 ratings,$57
BNCN,$21.97,1439824532818,"10,713",Not yet rated,NULL,$22
BONA,$12.34,1439824533070,"176,294",75% bullish,of 4 ratings,$8.50
BNSO,$1.4506,1439824533101,"28,494",100% bearish,of 1 rating,N/A
WIFI,$9.12,1439824533129,"75,124",50% bullish,of 2 ratings,$13.50
BOJA,$22.5425,1439824533155,"83,060",100% bullish,of 1 rating,$30
BOKF,$65.51,1439824533205,"19,921",100% bearish,of 1 rating,$71
BAMM,$3.22,1439824533410,"2,898",60% bullish,of 5 ratings,N/A
BPFH,$12.51,1439824533458,"10,083",100% bearish,of 1 rating,$14
BPFHP,NULL,1439824533484,0,100% bearish,of 1 rating,N/A
BPFHW,$6.4,1439824533545,"1,278",100% bearish,of 1 rating,N/A
EPAY,$26.14,1439824533651,"7,636",100% bearish,of 2 ratings,$30
BCLI,$2.85,1439824533721,"34,422",80% bullish,of 5 ratings,$12
BDBD,$9.1,1439824533748,"134,423",60% bullish,of 5 ratings,$10
BBEP,$2.59,1439824533901,"580,462",69% bullish,of 13 ratings,$5.625
BDGE,$27.97,1439824533950,"1,128",Not yet rated,NULL,$31.75
BBEPP,$14.426,1439824533985,"5,573",100% bearish,of 1 rating,N/A
BBRG,$13.04,1439824534083,"17,468",67% bullish,of 3 ratings,$14.50
BCOV,$5.5,1439824534146,"9,841",67% bullish,of 3 ratings,$10.20
BLIN,$1.45,1439824534251,500,50% bullish,of 2 ratings,$2.80
BSFT,$34.1,1439824534312,"14,571",57% bullish,of 7 ratings,$40.50
BRID,NULL,1439824534339,0,100% bearish,of 1 rating,N/A
BRCM,$50.91,1439824534360,"371,586",75% bullish,of 12 ratings,$56
BYFC,$1.48,1439824534528,200,50% bullish,of 2 ratings,N/A
BWEN,$3.59,1439824534554,"5,340",100% bullish,of 3 ratings,$8
BVSN,$5.91,1439824534587,526,60% bearish,of 5 ratings,N/A
BRCD,$10.085,1439824534685,"230,432",92% bullish,of 13 ratings,$12.50
BRKL,$10.88,1439824534716,"24,585",100% bearish,of 1 rating,$10.75
BRKS,$11.055,1439824534749,"21,510",67% bullish,of 3 ratings,$15.25
BRKR,$20.32,1439824534848,"31,148",100% bearish,of 2 ratings,$22
BMTC,$29.89,1439824534952,"11,630",Not yet rated,NULL,$34
BLMT,$21.16,1439824535018,100,Not yet rated,NULL,N/A
BWLD,$196.05,1439824535155,"20,330",82% bullish,of 11 ratings,$205
BSQR,$7.33,1439824535222,"107,190",67% bullish,of 3 ratings,N/A
CFFI,$36.4999,1439824535284,"3,700",100% bearish,of 1 rating,N/A
CHRW,$69.25,1439824535320,"137,774",Not yet rated,NULL,$72
BUR,$2.08,1439824535348,"1,300",100% bearish,of 1 rating,$8
BLDR,$14.25,1439824535378,"101,824",50% bullish,of 2 ratings,$22
CA,$29.41,1439824535399,"203,920",50% bullish,of 4 ratings,$33
CCMP,$45.785,1439824535637,"2,664",50% bullish,of 2 ratings,$59
CDNS,$21.675,1439824535663,"181,288",75% bullish,of 4 ratings,$22.50
CDZI,$7.33,1439824535684,"7,302",100% bearish,of 1 rating,N/A
CSTE,$49.03,1439824535819,"220,694",100% bearish,of 1 rating,$65
CZR,$7.58,1439824535848,"221,285",60% bearish,of 5 ratings,$10.50
CACQ,$7.23,1439824535917,"2,262",100% bearish,of 1 rating,$12.25
CLMS,$11.993,1439824536119,"10,501",Not yet rated,NULL,$10.50
CHI,$11.117,1439824536167,"73,975",100% bearish,of 1 rating,N/A
CLBS,$1.41,1439824536254,"95,045",79% bullish,of 14 ratings,$4
CCD,$20.6601,1439824536286,"27,951",Not yet rated,NULL,N/A
CHY,$11.8749,1439824536327,"70,669",Not yet rated,NULL,N/A
CFGE,$11.0699,1439824536352,"2,000",Not yet rated,NULL,N/A
PRSS,$4.64,1439824536381,"7,232",80% bullish,of 5 ratings,$4.50
CGO,$12.81,1439824536626,"12,117",100% bearish,of 1 rating,N/A
CSQ,$10.56,1439824536789,"74,149",Not yet rated,NULL,N/A
CAMP,$16.425,1439824536818,"33,259",86% bullish,of 7 ratings,$25
CHW,$8.09,1439824536848,"48,714",100% bearish,of 1 rating,N/A
CFNB,NULL,1439824536873,0,100% bearish,of 1 rating,N/A
CVGW,$52.94,1439824536923,"13,973",50% bullish,of 2 ratings,$58.50
CALD,$16.36,1439824537010,"57,509",100% bearish,of 1 rating,$20.50
CALM,$52.14,1439824537114,"78,332",80% bullish,of 5 ratings,$65
CALA,$5.54,1439824537202,"65,368",100% bullish,of 3 ratings,$19.50
CLMT,$26.23,1439824537231,"79,041",75% bullish,of 8 ratings,$31
CAMB,NULL,1439824537281,0,Not yet rated,NULL,N/A
ABCD,$4.59,1439824537370,"23,361",83% bullish,of 6 ratings,N/A
CAMBU,NULL,1439824537399,0,100% bearish,of 1 rating,N/A
CAC,$40.41,1439824537496,"2,200",Not yet rated,NULL,N/A
CAMBW,NULL,1439824537542,0,Not yet rated,NULL,N/A
CAMT,$2.89,1439824537676,"9,263",73% bullish,of 11 ratings,$4
CSIQ,$24.4298,1439824537701,"590,899",86% bullish,of 28 ratings,$45
CGIX,$11.14,1439824537853,"8,192",67% bullish,of 3 ratings,$14.375
CPHC,NULL,1439824537917,0,100% bearish,of 1 rating,N/A
CBNJ,$10.88,1439824537956,"15,550",100% bullish,of 1 rating,N/A
CCBG,NULL,1439824537986,0,Not yet rated,NULL,$17.25
CPLA,$50,1439824538053,"14,097",50% bullish,of 2 ratings,$65
CBF,$30.26,1439824538083,"1,172",Not yet rated,NULL,$32
CPLP,$7.3,1439824538125,"113,814",71% bullish,of 7 ratings,$11
CPTA,$15.11,1439824538262,"14,319",Not yet rated,NULL,$18.50
CSWC,$49.76,1439824538369,"5,384",Not yet rated,NULL,N/A
CAPN,$2.3801,1439824538473,"207,516",100% bullish,of 1 rating,$10.85
CAPNW,NULL,1439824538498,0,Not yet rated,NULL,N/A
CFFN,$12.22,1439824538526,"31,699",Not yet rated,NULL,$12.75
CPST,$0.4046,1439824538658,"212,521",95% bullish,of 22 ratings,$1
CAPR,$4.18,1439824538684,"2,184",Not yet rated,NULL,$12
CARA,$21.9,1439824538711,"88,933",50% bullish,of 4 ratings,$27.50
CRDC,$0.3801,1439824538931,"51,511",100% bullish,of 1 rating,$1.25
CBYL,$6.2301,1439824538990,"1,243",100% bearish,of 1 rating,$20
CRME,$9.75,1439824539018,"3,412",89% bullish,of 9 ratings,$11.25
CARB,$11.5701,1439824539039,"26,538",75% bullish,of 4 ratings,$12
CFNL,$23.63,1439824539170,"7,644",Not yet rated,NULL,$24
CATM,$35.1494,1439824539207,"16,680",100% bearish,of 1 rating,$44
CSII,$24.05,1439824539303,"33,282",100% bearish,of 2 ratings,$42.125
CDNA,$6.2301,1439824539328,160,100% bearish,of 1 rating,$9
CECO,$4,1439824539475,"101,940",67% bearish,of 3 ratings,$6
CKEC,$23.98,1439824539503,"22,656",50% bullish,of 2 ratings,$35.915
CLBH,NULL,1439824539582,0,Not yet rated,NULL,$16.50
CTRE,$11.35,1439824539721,"57,318",50% bullish,of 2 ratings,N/A
CARO,$15.56,1439824539742,"11,364",100% bearish,of 1 rating,$19
CRZO,$34.87,1439824539817,"74,921",67% bearish,of 3 ratings,$57
TAST,$12.92,1439824539845,"27,868",Not yet rated,NULL,$14.25
CART,$5.49,1439824539919,159,100% bearish,of 1 rating,N/A
CRTN,NULL,1439824540056,0,100% bearish,of 1 rating,N/A
CACB,$5.54,1439824540191,"5,460",Not yet rated,NULL,$5.50
CSCD,$14,1439824540262,"5,100",100% bullish,of 2 ratings,$17
CASI,$1.47,1439824540425,11,100% bullish,of 1 rating,$3.50
CASY,$107.96,1439824540454,"40,961",50% bullish,of 2 ratings,$99.50
CASM,$1.12,1439824540478,"8,962",100% bullish,of 1 rating,$3.50
CWST,$6.34,1439824540505,"11,325",50% bullish,of 2 ratings,$7
CASS,$51.5,1439824540542,"1,576",100% bearish,of 1 rating,N/A
CARV,$5.85,1439824540637,200,50% bullish,of 2 ratings,N/A
CATB,$12.12,1439824540666,"6,536",100% bearish,of 1 rating,$28
CPRX,$4.18,1439824540797,"87,586",71% bullish,of 7 ratings,$7
CATY,$32.13,1439824540841,"43,483",100% bearish,of 1 rating,$33.50
CATYW,NULL,1439824540866,0,100% bearish,of 1 rating,N/A
CVCO,$73.18,1439824540891,"1,619",100% bearish,of 1 rating,N/A
CAVM,$73.28,1439824541029,"105,217",67% bearish,of 3 ratings,$72
CNLMU,NULL,1439824541272,0,100% bullish,of 1 rating,N/A
CBFV,NULL,1439824541304,0,Not yet rated,NULL,N/A
CNLMR,NULL,1439824541329,0,Not yet rated,NULL,N/A
CNLMW,NULL,1439824541349,0,Not yet rated,NULL,N/A
CNLM,NULL,1439824541385,0,Not yet rated,NULL,N/A
CDK,$51.08,1439824541438,"49,648",67% bearish,of 3 ratings,$50
CBOE,$63.775,1439824541484,"53,427",Not yet rated,NULL,$60
CDW,$39.64,1439824541513,"234,840",75% bullish,of 4 ratings,$44
CELG,$130.74,1439824541751,"403,117",92% bullish,of 13 ratings,$155.50
CECE,$10.08,1439824541782,"23,509",50% bullish,of 2 ratings,$16
CPXX,$2.22,1439824541883,"30,835",100% bullish,of 2 ratings,$7
CLRB,NULL,1439824542012,0,100% bearish,of 1 rating,N/A
CLDX,$16.03,1439824542073,"333,777",89% bullish,of 9 ratings,$36
CELGZ,$2.07,1439824542099,"2,000",80% bullish,of 5 ratings,N/A
CLLS,$33.01,1439824542234,"8,231",75% bullish,of 4 ratings,$51.50
CLDN,$1.055,1439824542260,"69,148",71% bullish,of 7 ratings,$3
CLRBW,NULL,1439824542301,0,Not yet rated,NULL,N/A
CLTX,$0.6,1439824542341,"4,130",100% bullish,of 2 ratings,N/A
CEMP,$36.82,1439824542549,"177,504",71% bullish,of 7 ratings,$48.50
CLSN,$2.19,1439824542604,"44,841",80% bullish,of 10 ratings,$7.50
CYAD,$55.11,1439824542635,200,100% bullish,of 1 rating,$87.50
CBMG,$23,1439824542699,"18,410",50% bullish,of 2 ratings,N/A
CSFL,$14.135,1439824542731,"20,897",Not yet rated,NULL,$15
CETX,$2.56,1439824542765,"7,414",Not yet rated,NULL,$5.60
CETV,$2.26,1439824543009,"9,387",67% bullish,of 3 ratings,$2.80
CENT,$11.4,1439824543043,"3,778",Not yet rated,NULL,$10
CENTA,$12.22,1439824543143,"8,893",Not yet rated,NULL,N/A
CFBK,NULL,1439824543171,0,Not yet rated,NULL,N/A
CVCY,$11.11,1439824543202,811,Not yet rated,NULL,$12
CENX,$5.915,1439824543275,"375,859",67% bullish,of 6 ratings,$9
CNBKA,$41.56,1439824543308,692,100% bullish,of 1 rating,N/A
CNTY,$6.32,1439824543335,"4,270",80% bullish,of 5 ratings,$7.75
CRNT,$1.45,1439824543410,"199,417",50% bullish,of 2 ratings,$2
CERE,$1.53,1439824543550,"336,689",88% bullish,of 8 ratings,N/A
CPHD,$51.08,1439824543585,"143,118",50% bullish,of 2 ratings,$67
CERU,$3.3014,1439824543682,"40,452",75% bullish,of 4 ratings,$15
CERN,$64.73,1439824543707,"418,406",67% bullish,of 3 ratings,$79
CERS,$4.8,1439824543898,"111,025",75% bullish,of 4 ratings,$7
KOOL,$0.72,1439824543956,"12,215",100% bullish,of 5 ratings,$7
CEVA,$19.08,1439824543983,"15,620",100% bearish,of 1 rating,$25
HOTRW,NULL,1439824544173,0,Not yet rated,NULL,N/A
HOTR,$1.41,1439824544244,"389,726",100% bullish,of 2 ratings,$5
GTLS,$25.05,1439824544323,"64,664",50% bullish,of 4 ratings,$40
CYOU,$20.02,1439824544355,"102,706",50% bullish,of 6 ratings,$24
CHKP,$81.415,1439824544462,"80,051",50% bullish,of 4 ratings,$92
CHFN,$12.53,1439824544493,"2,899",Not yet rated,NULL,$14
CHTR,$182.415,1439824544599,"138,412",100% bearish,of 2 ratings,$196
CTHR,$1.201,1439824544629,"3,054",50% bullish,of 2 ratings,$2.50
CHEKW,$1.11,1439824544702,"1,000",Not yet rated,NULL,N/A
CHEK,NULL,1439824544729,0,Not yet rated,NULL,$7.75
CEMI,$4.73,1439824544857,100,50% bullish,of 2 ratings,$7.50
CCXI,$6.53,1439824544919,"6,784",67% bullish,of 3 ratings,$14
CHFC,$32.81,1439824544956,"8,311",100% bearish,of 1 rating,$36
CHMG,$26.5,1439824545087,150,Not yet rated,NULL,$30
CHKE,$27.84,1439824545115,"1,919",100% bearish,of 1 rating,$32.50
CBNK,$16.62,1439824545447,100,100% bearish,of 1 rating,N/A
CHEV,$14.35,1439824545479,300,Not yet rated,NULL,N/A
PLCE,$59.81,1439824545507,"46,066",100% bearish,of 1 rating,$71
CMRX,$50.99,1439824545533,"20,203",50% bullish,of 2 ratings,$57
CADC,NULL,1439824545587,0,78% bullish,of 9 ratings,N/A
CHMA,$28.4501,1439824545684,"230,284",Not yet rated,NULL,$40
CBAK,$2.34,1439824545783,"15,247",67% bullish,of 9 ratings,N/A
CALI,$1.0035,1439824545811,"13,000",67% bullish,of 3 ratings,N/A
CCCL,NULL,1439824545949,0,100% bullish,of 6 ratings,N/A
CBPO,$110.06,1439824545983,"45,400",75% bullish,of 8 ratings,$140.50
CAAS,$6.71,1439824546082,"25,411",93% bullish,of 14 ratings,$11.50
JRJC,$4.46,1439824546110,500,82% bullish,of 11 ratings,N/A
CCCR,$0.66,1439824546161,"7,554",67% bearish,of 3 ratings,N/A
CHOP,$1.31,1439824546262,749,50% bullish,of 2 ratings,N/A
CNIT,$1.89,1439824546422,"96,886",67% bullish,of 6 ratings,N/A
CHLN,$1.38,1439824546527,928,67% bullish,of 3 ratings,N/A
HTHT,$23.78,1439824546555,"85,958",50% bullish,of 2 ratings,$28
HGSH,$1.834,1439824546580,"5,883",67% bullish,of 3 ratings,N/A
CJJD,$2.255,1439824546611,"24,051",100% bullish,of 1 rating,N/A
CHNR,NULL,1439824546718,0,100% bearish,of 1 rating,N/A
CPGI,$6.98,1439824546745,24,Not yet rated,NULL,N/A
CREG,$0.8,1439824546766,"23,488",100% bullish,of 3 ratings,N/A
CNTF,$0.9498,1439824546959,"4,526",Not yet rated,NULL,N/A
CSUN,$1.5599,1439824547090,"1,000",80% bullish,of 5 ratings,N/A
CXDC,$6.208,1439824547115,"7,942",67% bullish,of 3 ratings,N/A
CNYD,$2.91,1439824547166,300,67% bullish,of 3 ratings,N/A
CCIH,$10.02,1439824547258,"6,574",67% bullish,of 6 ratings,$12.65
CNET,$0.797,1439824547383,"33,008",50% bullish,of 2 ratings,N/A
CHSCO,$28.5,1439824547486,"2,001",Not yet rated,NULL,N/A
CHSCM,$26.3599,1439824547574,"4,841",Not yet rated,NULL,N/A
CHSCL,$27.2,1439824547672,"18,579",Not yet rated,NULL,N/A
IMOS,$16.72,1439824547706,"23,358",60% bullish,of 5 ratings,$21.50
CHDN,$136.38,1439824547738,"39,438",Not yet rated,NULL,$165
CHSCN,$27.41,1439824547804,"4,282",Not yet rated,NULL,N/A
CHUY,$33.575,1439824547830,"18,768",50% bullish,of 2 ratings,$34
CHSCP,$30.8,1439824547859,"1,166",Not yet rated,NULL,N/A
CDTX,$14.41,1439824548024,901,Not yet rated,NULL,$22
CIFC,$7.3,1439824548126,3,Not yet rated,NULL,N/A
CMCT,NULL,1439824548181,0,100% bearish,of 1 rating,N/A
CMPR,$70.15,1439824548378,"36,405",50% bullish,of 2 ratings,$72.50
CINF,$56.49,1439824548403,"44,440",50% bullish,of 4 ratings,$50.50
CIDM,$0.6871,1439824548460,"51,050",50% bullish,of 2 ratings,$2.10
CTAS,$88.4,1439824548589,"46,552",100% bearish,of 1 rating,$91
CPHR,$7.03,1439824548686,"3,600",100% bearish,of 1 rating,$16
CTRN,$22.93,1439824548752,"10,196",100% bearish,of 1 rating,$29.50
CSCO,$28.94,1439824548783,"5,864,529",84% bullish,of 208 ratings,$32.50
CRUS,$29.61,1439824548812,"87,298",75% bullish,of 12 ratings,$44.50
CIZN,$19.44,1439824548841,200,Not yet rated,NULL,N/A
CZNC,$20.315,1439824548890,551,Not yet rated,NULL,N/A
CZFC,NULL,1439824548949,0,Not yet rated,NULL,N/A
CTXS,$77.53,1439824549197,"140,023",86% bullish,of 7 ratings,$80
CZWI,NULL,1439824549222,0,Not yet rated,NULL,N/A
CIVBP,NULL,1439824549492,0,Not yet rated,NULL,N/A
CIVB,$10.28,1439824549597,6,Not yet rated,NULL,$11
CLNE,$4.89,1439824549635,"342,935",80% bullish,of 15 ratings,$9
CHCO,$48.51,1439824549660,"9,952",Not yet rated,NULL,$46
CDTI,$1.6999,1439824549730,"78,765",75% bullish,of 4 ratings,$3.25
CLNT,$2.03,1439824549756,"23,000",75% bullish,of 8 ratings,N/A
CLFD,$18.058,1439824549950,"4,719",67% bullish,of 3 ratings,$18
CLIR,$4.97,1439824550017,"28,492",100% bullish,of 3 ratings,N/A
CBLI,$3.7605,1439824550045,"23,682",60% bullish,of 5 ratings,N/A
CLRO,$11.815,1439824550077,"1,408",50% bullish,of 2 ratings,$14.25
CMFN,$11.31,1439824550173,"12,217",100% bearish,of 1 rating,$15.50
CSBK,$14.03,1439824550202,"6,442",Not yet rated,NULL,N/A
CLVS,$78.23,1439824550277,"62,209",60% bullish,of 5 ratings,$101.50
CISG,$8.61,1439824550437,"11,733",100% bullish,of 5 ratings,$10
CCNE,$17.49,1439824550607,"2,315",50% bullish,of 2 ratings,$21.50
CNV,$4.7004,1439824550639,"1,715",50% bullish,of 2 ratings,$7.15
CME,$97.82,1439824550735,"136,726",67% bullish,of 3 ratings,$102
COBZ,$12.845,1439824550761,"20,056",100% bullish,of 1 rating,$14
CWAY,$11.47,1439824550822,300,Not yet rated,NULL,N/A
CDRB,$12.4,1439824550892,780,67% bullish,of 3 ratings,N/A
CDXS,$3.845,1439824550979,"37,017",64% bullish,of 11 ratings,$6
CVLY,NULL,1439824551009,0,Not yet rated,NULL,N/A
COKE,$163.88,1439824551108,"3,006",79% bullish,of 19 ratings,N/A
CGNT,$1.59,1439824551242,"3,759",100% bullish,of 2 ratings,$2
JVA,$4.77,1439824551276,175,83% bullish,of 6 ratings,$7
CCOI,$29.27,1439824551442,"49,908",50% bullish,of 4 ratings,$35
CTSH,$67.14,1439824551468,"403,469",90% bullish,of 10 ratings,$74.50
CGNX,$37.13,1439824551494,"55,775",50% bullish,of 2 ratings,$47
COHR,$59.31,1439824551515,"5,820",50% bullish,of 2 ratings,$72
CHRS,$33.76,1439824551734,"11,503",67% bearish,of 3 ratings,$37
CLCT,$19.93,1439824551767,"1,917",100% bearish,of 1 rating,N/A
COHU,$9.495,1439824551872,"8,769",100% bearish,of 1 rating,$14.25
COLL,$15.89,1439824551906,"10,650",100% bearish,of 1 rating,$26
CLRX,$0.5015,1439824552000,"9,837",50% bullish,of 2 ratings,$1.85
CBAN,NULL,1439824552027,0,Not yet rated,NULL,N/A
CIGI,$47.26,1439824552053,"2,628",100% bearish,of 1 rating,$52
CLCD,$7.5438,1439824552202,"5,400",100% bearish,of 1 rating,$20.50
CBMX,$1.321,1439824552368,"4,264",83% bullish,of 6 ratings,$3.15
COLM,$66.02,1439824552394,"21,002",100% bearish,of 1 rating,$71
CMCO,$21.865,1439824552416,"3,228",60% bullish,of 5 ratings,$28
COLB,$33.12,1439824552476,"21,150",Not yet rated,NULL,$36
CMCSK,$60.21,1439824552621,"497,559",Not yet rated,NULL,$84
CMCSA,$59.62,1439824552683,"1,519,161",66% bullish,of 35 ratings,$69.50
CBSHP,$25.4321,1439824552859,"2,804",100% bearish,of 1 rating,N/A
CBSH,$47.55,1439824552885,"38,332",50% bullish,of 2 ratings,$46
CSAL,$23.24,1439824552957,"112,767",75% bullish,of 4 ratings,$30
CUBN,$13.66,1439824553092,"5,900",Not yet rated,NULL,N/A
CVGI,$4.77,1439824553120,"80,199",50% bullish,of 2 ratings,$6
COMM,$31.645,1439824553196,"92,968",67% bearish,of 3 ratings,$35
JCS,$9.71,1439824553295,100,67% bullish,of 3 ratings,N/A
CYHHZ,$0.012,1439824553322,"70,400",100% bullish,of 1 rating,N/A
ESXB,$5.06,1439824553451,859,Not yet rated,NULL,N/A
CTBI,$35.08,1439824553481,"2,768",Not yet rated,NULL,$36
COB,$10.79,1439824553583,600,100% bullish,of 1 rating,$11.50
CWBC,NULL,1439824553726,0,Not yet rated,NULL,N/A
CVLT,$37.65,1439824553759,"59,886",75% bullish,of 4 ratings,$44.50
CIL,NULL,1439824553932,0,Not yet rated,NULL,N/A
CIZ,$35.08,1439824553958,"1,342",100% bearish,of 1 rating,N/A
CSA,NULL,1439824553978,0,Not yet rated,NULL,N/A
CID,NULL,1439824554036,0,Not yet rated,NULL,N/A
CSF,NULL,1439824554264,0,100% bearish,of 1 rating,N/A
CFA,$37.5399,1439824554315,250,100% bearish,of 1 rating,N/A
CDC,NULL,1439824554346,0,Not yet rated,NULL,N/A
CSB,NULL,1439824554445,0,Not yet rated,NULL,N/A
CFO,$37.5968,1439824554472,"1,813",100% bearish,of 1 rating,N/A
CGEN,$5.72,1439824554673,"18,645",50% bullish,of 2 ratings,$11
CDL,NULL,1439824554698,0,Not yet rated,NULL,N/A
CTG,$6.59,1439824554839,"15,323",100% bearish,of 1 rating,$8.50
CPSI,$46.84,1439824554899,"7,042",100% bearish,of 1 rating,$45.50
SCOR,$64.6,1439824555086,"66,150",100% bearish,of 1 rating,$66
CMTL,$28.26,1439824555113,"1,694",100% bearish,of 2 ratings,$37
CHCI,$0.5499,1439824555134,"25,400",50% bullish,of 2 ratings,N/A
CNAT,$4.15,1439824555193,"35,536",83% bullish,of 6 ratings,$13
CNCE,$17.165,1439824555264,"34,292",75% bullish,of 4 ratings,$22
CXRX,$77.8762,1439824555326,"2,755",Not yet rated,NULL,$90
CCUR,$5.14,1439824555395,"3,800",75% bullish,of 4 ratings,N/A
CNSI,$19.08,1439824555423,"15,031",100% bearish,of 2 ratings,$29
CDOR,$1.4,1439824555561,"3,482",100% bullish,of 1 rating,N/A
CDORO,$19.55,1439824555693,350,100% bearish,of 1 rating,N/A
CFMS,$22.218,1439824555719,"63,472",Not yet rated,NULL,$27
CDORP,NULL,1439824555740,0,100% bearish,of 1 rating,N/A
CNMD,$56.35,1439824555970,"4,822",Not yet rated,NULL,$59
CNFR,$10.525,1439824556105,"6,893",Not yet rated,NULL,N/A
CTWS,$35.2655,1439824556174,"3,344",100% bearish,of 1 rating,$44
CONN,$35.22,1439824556235,"22,530",67% bullish,of 3 ratings,$48.50
CNOB,$20.25,1439824556272,"2,145",100% bullish,of 1 rating,$23.50
CNSL,$20.63,1439824556299,"14,490",100% bearish,of 1 rating,$23
CNXR,$6.76,1439824556366,"8,910",100% bearish,of 1 rating,$12
CTCT,$24.5,1439824556391,"26,151",67% bullish,of 3 ratings,$37
CPSS,$5.67,1439824556462,"6,370",100% bullish,of 1 rating,$10
CFRX,$5.17,1439824556607,"41,056",Not yet rated,NULL,$14
CWCO,$12.0101,1439824556635,"9,527",67% bullish,of 3 ratings,$14.50
CFRXZ,$0.54,1439824556833,"9,100",Not yet rated,NULL,N/A
CFRXW,$1.96,1439824556917,"9,800",100% bearish,of 1 rating,N/A
CTRV,$4.58,1439824556991,"9,652",Not yet rated,NULL,$6.40
CPRT,$36.49,1439824557051,"24,640",67% bearish,of 3 ratings,$40
CTRL,$8.67,1439824557110,"24,682",50% bullish,of 2 ratings,$11
CRBP,$1.8899,1439824557209,"18,325",100% bullish,of 1 rating,$6.25
CORE,$64.4,1439824557238,"20,220",100% bearish,of 1 rating,$72
BVA,$3.9,1439824557259,101,50% bullish,of 2 ratings,N/A
CORT,$5.47,1439824557416,"54,062",67% bullish,of 3 ratings,$12
CORI,$11.603,1439824557444,"11,667",100% bearish,of 1 rating,$18
CSOD,$38.65,1439824557470,"102,008",50% bullish,of 2 ratings,$42
COSI,$1.2,1439824557676,"9,536",100% bullish,of 1 rating,N/A
CSGP,$195.25,1439824557702,"16,605",50% bullish,of 2 ratings,$235
COST,$145.975,1439824557834,"144,593",83% bullish,of 24 ratings,$154.50
CRVL,$33.045,1439824557863,901,100% bearish,of 1 rating,N/A
CPAH,$0.451,1439824557898,"2,485",50% bullish,of 2 ratings,N/A
CVTI,$25.36,1439824557997,"20,310",67% bearish,of 3 ratings,$39
ICBK,$18.43,1439824558024,80,Not yet rated,NULL,$21
COVS,$2.95,1439824558202,"32,125",67% bullish,of 3 ratings,N/A
COWN,$5.54,1439824558271,"222,727",75% bullish,of 4 ratings,$7
COWNL,NULL,1439824558296,0,Not yet rated,NULL,N/A
CPSH,NULL,1439824558376,0,Not yet rated,NULL,N/A
CRAI,$23.14,1439824558564,"2,773",Not yet rated,NULL,$36
CBRL,$151.62,1439824558589,"39,212",50% bullish,of 2 ratings,$155
BREW,$8.27,1439824558646,"10,767",67% bullish,of 6 ratings,$15
CRAY,$23,1439824558802,"25,465",83% bullish,of 6 ratings,$38.50
CACC,$205.75,1439824558884,"10,019",50% bullish,of 2 ratings,$158.50
SLVO,$10.5999,1439824559160,"1,565",100% bearish,of 1 rating,N/A
CRESY,$11.44,1439824559192,"4,282",100% bearish,of 1 rating,$19
CREE,$27.49,1439824559223,"203,343",65% bullish,of 17 ratings,$28.50
GLDI,$11.0105,1439824559244,"1,250",100% bearish,of 1 rating,N/A
CRTO,$46.57,1439824559295,"80,466",67% bullish,of 6 ratings,$64
CCRN,$14.15,1439824559321,"63,856",100% bearish,of 1 rating,$14.25
CRDS,$1.13,1439824559399,879,50% bullish,of 4 ratings,$4.50
CROX,$14.905,1439824559462,"160,978",63% bullish,of 8 ratings,$16.50
CRWS,$8.0801,1439824559691,"4,414",Not yet rated,NULL,$10
CRWN,$4.77,1439824559722,"9,440",75% bullish,of 4 ratings,N/A
CYRXW,NULL,1439824559889,0,Not yet rated,NULL,N/A
CTCM,$1.78,1439824559934,"63,983",80% bearish,of 5 ratings,$3.90
CCLP,$15.3079,1439824559987,"14,374",67% bearish,of 3 ratings,$21
CYRX,$3.06,1439824560013,"9,942",Not yet rated,NULL,$9
CSGS,$31.95,1439824560071,"12,481",Not yet rated,NULL,$40
CSPI,$6.11,1439824560097,"4,300",67% bullish,of 3 ratings,N/A
CTRP,$71.58,1439824560175,"156,179",75% bullish,of 8 ratings,$92
CTIC,$1.785,1439824560233,"143,054",84% bullish,of 76 ratings,$5.75
CUNB,$22.54,1439824560367,300,Not yet rated,NULL,$24.50
CTIB,NULL,1439824560392,0,100% bearish,of 1 rating,N/A
CPIX,$5.93,1439824560554,100,Not yet rated,NULL,N/A
CUI,$5.55,1439824560580,"6,586",50% bullish,of 2 ratings,$10
CMLS,$1.345,1439824560711,"58,035",50% bullish,of 4 ratings,$6
CRIS,$2.8901,1439824560736,"86,691",100% bullish,of 8 ratings,$6
CVBF,$17.5,1439824560770,"30,170",Not yet rated,NULL,$18
CUTR,$14.98,1439824560796,"5,478",67% bearish,of 3 ratings,$18
CYBR,$59.5,1439824561134,"490,254",86% bullish,of 7 ratings,$66
CYCC,$0.5904,1439824561194,"26,086",73% bullish,of 11 ratings,N/A
CYAN,$7.62,1439824561234,610,100% bearish,of 1 rating,N/A
CYCCP,NULL,1439824561300,0,100% bearish,of 1 rating,N/A
CYBE,$5.69,1439824561335,734,100% bearish,of 1 rating,N/A
CYBX,$59.1,1439824561360,"59,095",50% bullish,of 4 ratings,$70
CVV,$13.25,1439824561492,"103,763",100% bullish,of 5 ratings,N/A
CBAY,$2.63,1439824561527,"15,611",100% bullish,of 1 rating,$4
CYNA,$15.04,1439824561766,"3,658",100% bullish,of 1 rating,$33
CY,$10.19,1439824561869,"732,426",80% bullish,of 10 ratings,$15.50
CYNO,$34.21,1439824561938,"25,957",67% bearish,of 3 ratings,$45.50
CONE,$35.47,1439824562004,"250,381",67% bearish,of 3 ratings,$35
CYTX,$0.3937,1439824562032,"181,269",83% bullish,of 12 ratings,$5.50
CYRN,$1.6101,1439824562070,"94,251",67% bullish,of 3 ratings,$4
CYTK,$6.65,1439824562107,"70,051",71% bullish,of 14 ratings,$13.50
CTSO,$7.41,1439824562247,"66,391",Not yet rated,NULL,$15.625
DAEG,$0.378,1439824562375,"7,855",100% bearish,of 1 rating,N/A
CYTR,$2.4649,1439824562402,"183,415",67% bullish,of 6 ratings,$10
TVIX,$5.5121,1439824562433,"1,405,240",81% bullish,of 16 ratings,N/A
TVIZ,NULL,1439824562533,0,100% bearish,of 1 rating,N/A
XIV,$48.31,1439824562641,"2,590,039",75% bearish,of 4 ratings,N/A
ZIV,$50.19,1439824562702,"31,692",Not yet rated,NULL,N/A
DARA,$0.8801,1439824562834,"5,575",83% bullish,of 6 ratings,$1.50
DJCO,$210.4,1439824562861,"3,915",Not yet rated,NULL,N/A
DAKT,$12.09,1439824563015,"19,652",50% bullish,of 2 ratings,$14
DTLK,$6.01,1439824563040,"8,868",100% bearish,of 1 rating,$9
DAIO,$2.6,1439824563070,12,Not yet rated,NULL,N/A
DRAM,$1.494,1439824563205,100,78% bullish,of 9 ratings,N/A
DWCH,$5.2375,1439824563253,"12,176",75% bullish,of 4 ratings,$8.25
DTEA,$13.07,1439824563338,"21,357",100% bearish,of 2 ratings,$24
PLAY,$37.28,1439824563367,"9,856",100% bullish,of 5 ratings,$42
DWSN,$5.034,1439824563393,"1,906",67% bullish,of 3 ratings,$6
DBVT,$41.41,1439824563613,"14,427",100% bearish,of 1 rating,$53
DHRM,$1.73,1439824563743,75,Not yet rated,NULL,N/A
DFRG,$15.34,1439824563831,"11,385",100% bearish,of 1 rating,$20
TACOW,$4.5,1439824563873,"3,548",100% bullish,of 1 rating,N/A
TRAK,$62.24,1439824563899,"22,005",50% bullish,of 2 ratings,$62.50
TACO,$13.83,1439824564033,"76,683",100% bullish,of 3 ratings,$20
DCTH,$0.5,1439824564062,"42,232",78% bullish,of 9 ratings,N/A
DGAS,$20.32,1439824564083,50,67% bearish,of 3 ratings,N/A
DELTW,$0.17,1439824564286,"2,500",Not yet rated,NULL,N/A
DELT,$2.4999,1439824564424,535,Not yet rated,NULL,N/A
DENN,$12.5,1439824564455,"66,967",100% bullish,of 3 ratings,$15
DEPO,$31.48,1439824564482,"129,596",75% bullish,of 4 ratings,$32
DSCI,$6.735,1439824564561,"38,554",50% bullish,of 2 ratings,$16
DEST,$11.88,1439824564610,"5,247",50% bullish,of 2 ratings,N/A
XRAY,$56.92,1439824564694,"43,465",100% bullish,of 1 rating,$58
DERM,$25.02,1439824564742,"33,924",100% bearish,of 1 rating,$23
DSWL,NULL,1439824564823,0,100% bullish,of 1 rating,N/A
DXCM,$97.89,1439824564923,"217,662",57% bullish,of 7 ratings,$98
DXLG,$4.8,1439824565006,"1,183",100% bearish,of 1 rating,$8
DXM,$0.3226,1439824565057,"34,736",50% bullish,of 2 ratings,N/A
DHXM,NULL,1439824565082,0,Not yet rated,NULL,N/A
DMND,$31.995,1439824565230,"18,017",75% bullish,of 12 ratings,$32
DHIL,$191.008,1439824565306,385,Not yet rated,NULL,N/A
FANG,$72.5,1439824565331,"161,387",50% bullish,of 2 ratings,$86
DRNA,$11.02,1439824565522,"12,091",67% bearish,of 3 ratings,$25
DCIX,$1.87,1439824565551,"8,248",50% bullish,of 4 ratings,$3.50
DMRC,$37.57,1439824565655,"19,043",100% bearish,of 1 rating,$44
DGII,$10.06,1439824565683,"1,624",100% bearish,of 1 rating,$10
APPS,$2.395,1439824565723,"17,425",100% bearish,of 1 rating,$10.25
DRAD,$3.9999,1439824565753,"3,700",100% bullish,of 1 rating,$5.25
DGLY,$7.73,1439824565853,"57,183",50% bullish,of 6 ratings,$20
DCOM,$17.242,1439824566014,"13,306",100% bearish,of 2 ratings,$16.50
DPRX,$14.13,1439824566044,"9,200",100% bullish,of 2 ratings,$27.75
DIOD,$20.17,1439824566066,"13,561",75% bearish,of 4 ratings,$24
DISCA,$28.81,1439824566146,"244,435",67% bullish,of 3 ratings,$34
DISCB,NULL,1439824566198,0,100% bearish,of 1 rating,$35
DISCK,$27.41,1439824566279,"180,889",100% bearish,of 1 rating,$40
DSCO,$0.4799,1439824566359,"160,517",83% bullish,of 6 ratings,$2.75
BAGR,$2.86,1439824566522,"4,694",100% bearish,of 1 rating,$6
DVCR,$12.62,1439824566554,714,100% bullish,of 1 rating,N/A
DISH,$66.9,1439824566582,"138,547",69% bullish,of 13 ratings,$73
DLTR,$78.02,1439824566653,"137,886",82% bullish,of 11 ratings,$88
DLHC,$2.51,1439824566679,50,100% bearish,of 1 rating,N/A
DNBF,NULL,1439824566745,0,Not yet rated,NULL,$27.50
DGICA,$14.48,1439824566878,"1,523",100% bearish,of 1 rating,$17
DGICB,$21.37,1439824566930,4,100% bearish,of 1 rating,N/A
DMLP,$14.65,1439824567022,"9,467",100% bearish,of 1 rating,N/A
HILL,$5.444,1439824567070,"53,395",60% bearish,of 5 ratings,$8
DORM,$52.46,1439824567105,"28,109",100% bearish,of 1 rating,$56
DRWIW,NULL,1439824567202,0,Not yet rated,NULL,N/A
DRWI,$0.3,1439824567227,"32,500",60% bullish,of 5 ratings,$.45
DWA,$19.61,1439824567360,"60,894",63% bullish,of 8 ratings,$26
DSKX,$3.08,1439824567466,"551,956",100% bullish,of 1 rating,N/A
DRYS,$0.3767,1439824567526,"921,359",77% bullish,of 31 ratings,$.60
DSPG,$9.03,1439824567557,"4,549",100% bearish,of 1 rating,$13.50
CADT,NULL,1439824567593,0,Not yet rated,NULL,N/A
CADTR,$0.195,1439824567660,300,Not yet rated,NULL,N/A
DTSI,$27.38,1439824567884,"15,429",100% bearish,of 2 ratings,$39.50
DNKN,$52.5064,1439824567935,"55,018",67% bullish,of 15 ratings,$56.50
CADTU,NULL,1439824567982,0,Not yet rated,NULL,N/A
CADTW,NULL,1439824568013,0,Not yet rated,NULL,N/A
DXPE,$30.13,1439824568066,"15,134",50% bullish,of 2 ratings,N/A
DRRX,$2.17,1439824568114,"30,483",50% bullish,of 6 ratings,$3
DYAX,$22.79,1439824568200,"94,930",89% bullish,of 9 ratings,$30
BOOM,$10.125,1439824568281,"9,435",67% bullish,of 3 ratings,$12
DYSL,NULL,1439824568314,0,100% bullish,of 2 ratings,N/A
DYNT,$3.03,1439824568346,"1,950",75% bullish,of 4 ratings,N/A
DVAX,$30.22,1439824568415,"55,514",70% bullish,of 10 ratings,$40
EBMT,NULL,1439824568547,0,Not yet rated,NULL,$13.50
EGBN,$44.865,1439824568575,"15,929",Not yet rated,NULL,$48
ETFC,$28.365,1439824568605,"248,144",57% bullish,of 14 ratings,$33
EGRX,$71.608,1439824568706,"130,530",67% bullish,of 3 ratings,$97
EGLE,$7.785,1439824568731,"5,550",60% bullish,of 5 ratings,N/A
EROC,$1.52,1439824568867,"107,431",50% bullish,of 2 ratings,$3
ELNK,$9.24,1439824568965,"142,504",80% bullish,of 5 ratings,$9.50
EACQU,$10.05,1439824569105,900,Not yet rated,NULL,N/A
EWBC,$45.06,1439824569165,"235,299",100% bearish,of 1 rating,$50
EBAY,$28.1201,1439824569241,"1,991,490",81% bullish,of 117 ratings,$48
EML,$17.19,1439824569272,"1,402",Not yet rated,NULL,N/A
EVBS,NULL,1439824569298,0,Not yet rated,NULL,$7
ECHO,$25.12,1439824569368,"32,257",67% bearish,of 3 ratings,$36
ELON,$0.5594,1439824569469,"32,629",50% bullish,of 2 ratings,N/A
EBIX,$30.83,1439824569551,"14,461",69% bullish,of 13 ratings,$40
ECTE,$1.4899,1439824569601,"13,352",75% bullish,of 4 ratings,N/A
EEI,$11.17,1439824569648,284,67% bearish,of 3 ratings,N/A
ECACU,$10.02,1439824569734,"1,100",Not yet rated,NULL,N/A
SATS,$46.42,1439824569781,"9,291",50% bullish,of 2 ratings,$60
ESES,$3.32,1439824569998,"2,927",100% bearish,of 1 rating,$7
EDAP,$3.65,1439824570047,"12,703",60% bullish,of 5 ratings,$4.50
EDGW,$7.12,1439824570091,50,100% bearish,of 1 rating,N/A
EDUC,$4.7,1439824570181,"1,300",100% bearish,of 1 rating,N/A
EGLT,$12.53,1439824570206,"20,483",50% bullish,of 2 ratings,$21
EFUT,$4.65,1439824570236,"2,899",Not yet rated,NULL,N/A
EGAN,$3.5,1439824570372,"50,741",50% bullish,of 2 ratings,$6.25
EHTH,$14.83,1439824570408,"20,487",50% bullish,of 4 ratings,$16.50
LOCO,$14.65,1439824570634,"722,485",69% bullish,of 13 ratings,$23
EMITF,$1.287,1439824570691,"4,408",75% bullish,of 4 ratings,N/A
ELRC,$10.3499,1439824570791,"2,890",100% bearish,of 1 rating,N/A
ESIO,$4.61,1439824570869,"34,747",50% bullish,of 2 ratings,$10
ESLT,$81.3566,1439824570923,"3,117",100% bullish,of 2 ratings,N/A
EFII,$45.925,1439824570949,"18,948",80% bullish,of 5 ratings,$55
ERI,$9.375,1439824570974,"24,569",100% bearish,of 1 rating,$10
ELSE,$4.07,1439824571108,"4,543",60% bullish,of 5 ratings,N/A
ELEC,NULL,1439824571139,0,Not yet rated,NULL,N/A
ELECU,NULL,1439824571186,0,Not yet rated,NULL,N/A
EA,$73.12,1439824571249,"578,456",77% bullish,of 35 ratings,$80
RDEN,$10.2,1439824571437,"14,752",100% bearish,of 4 ratings,$15
EBIO,$4.06,1439824571464,"671,122",100% bearish,of 2 ratings,$8.35
ELECW,NULL,1439824571491,0,Not yet rated,NULL,N/A
CAPX,NULL,1439824571515,0,Not yet rated,NULL,N/A
ESBK,NULL,1439824571683,0,Not yet rated,NULL,N/A
ELTK,$1.13,1439824571741,"1,095",67% bearish,of 3 ratings,N/A
LONG,$17.18,1439824571847,"45,196",67% bullish,of 3 ratings,$15.75
EMMS,$1.22,1439824571925,"21,295",67% bullish,of 6 ratings,N/A
EMCI,$24.44,1439824571985,"2,229",Not yet rated,NULL,N/A
EMCF,NULL,1439824572017,0,100% bearish,of 1 rating,N/A
EMKR,$7.295,1439824572040,"148,341",75% bullish,of 4 ratings,$8.50
NYNY,$4.59,1439824572092,"8,501",50% bullish,of 2 ratings,N/A
EMMSP,NULL,1439824572123,0,100% bearish,of 1 rating,N/A
ERS,$3.014,1439824572225,"3,834",Not yet rated,NULL,N/A
ENTA,$40.8499,1439824572362,"24,606",50% bullish,of 2 ratings,$42
ECPG,$40.55,1439824572542,"36,301",100% bullish,of 2 ratings,$52
WIRE,$33.9,1439824572672,"10,386",100% bearish,of 1 rating,$41
ECYT,$5.41,1439824572702,"34,470",83% bullish,of 6 ratings,$12
EIGI,$16.51,1439824572729,"88,776",67% bearish,of 3 ratings,$20
WATT,$7.0899,1439824572750,"53,930",50% bullish,of 2 ratings,$13
ENDP,$85.63,1439824572782,"251,950",50% bullish,of 6 ratings,$104
ELGX,$13.03,1439824572835,"206,866",75% bullish,of 4 ratings,$17
EFOI,$15.02,1439824572944,"430,323",50% bullish,of 2 ratings,$17
ERII,$2.81,1439824572971,"2,100",80% bullish,of 5 ratings,$2.50
ENOC,$8.89,1439824573110,"44,815",75% bullish,of 4 ratings,$18
ENG,$1.0701,1439824573144,"3,600",100% bullish,of 3 ratings,N/A
ESGR,$161.46,1439824573170,"4,777",100% bearish,of 1 rating,$185
EXXI,$1.6856,1439824573195,"250,302",86% bullish,of 7 ratings,$3.50
ENPH,$5.44,1439824573250,"92,060",75% bullish,of 4 ratings,$11
ENTG,$14.74,1439824573503,"130,305",100% bearish,of 1 rating,$18
ENTL,$22.85,1439824573554,"1,813",Not yet rated,NULL,$28
ENFC,NULL,1439824573583,0,Not yet rated,NULL,N/A
EBTC,$20.3,1439824573685,106,Not yet rated,NULL,N/A
EGT,NULL,1439824573716,0,100% bullish,of 1 rating,N/A
EFSC,$24.65,1439824573741,"4,053",Not yet rated,NULL,$27
ETRM,$0.2781,1439824573815,"390,441",69% bearish,of 35 ratings,$1.625
ENZN,$1.09,1439824573949,"319,301",100% bullish,of 9 ratings,N/A
EPRS,$5.1092,1439824574138,"11,244",82% bullish,of 11 ratings,$15
PLUS,$73.95,1439824574360,"3,332",50% bullish,of 2 ratings,$88
ENVI,$1.8,1439824574463,"5,100",67% bullish,of 3 ratings,N/A
EQIX,$283.6,1439824574489,"38,406",67% bullish,of 3 ratings,$312.50
ENZY,$8.91,1439824574524,"9,721",67% bullish,of 3 ratings,$9.50
EPZM,$17.8301,1439824574545,"34,243",60% bullish,of 5 ratings,$34
EAC,$3.57,1439824574566,349,100% bearish,of 1 rating,$7.50
EPIQ,$14.145,1439824574599,"3,318",100% bearish,of 1 rating,$18
EQFN,NULL,1439824574624,0,Not yet rated,NULL,N/A
ESCR,$0.2388,1439824574984,"1,055",50% bullish,of 2 ratings,N/A
ESCRP,$1.6201,1439824575012,"2,185",100% bearish,of 1 rating,N/A
ERIC,$10.4,1439824575033,"442,532",63% bullish,of 8 ratings,$13.30
ESCA,$18.7,1439824575054,"2,466",100% bearish,of 1 rating,$22
ERIE,$86.1501,1439824575092,"2,897",Not yet rated,NULL,$73
ESMC,$1.31,1439824575194,606,Not yet rated,NULL,N/A
ESSA,$12.79,1439824575277,"2,699",100% bearish,of 1 rating,N/A
ESPR,$74.0401,1439824575385,"280,309",67% bearish,of 9 ratings,$130
ESSX,$0.4899,1439824575416,"11,760",50% bullish,of 2 ratings,N/A
ESND,$36.45,1439824575453,"9,282",100% bearish,of 1 rating,$40
EPIX,NULL,1439824575546,0,Not yet rated,NULL,N/A
ETSY,$17.2,1439824575572,"264,974",80% bullish,of 5 ratings,$16
CLWT,$2.52,1439824575600,10,100% bearish,of 1 rating,N/A
EEFT,$68.68,1439824575648,"16,682",100% bearish,of 1 rating,$67.50
ESEA,$6.46,1439824575782,79,100% bullish,of 1 rating,$15
EVEP,$9.12,1439824576022,"141,372",50% bullish,of 2 ratings,$15
EVK,$3.91,1439824576052,"2,084",75% bearish,of 4 ratings,N/A
EVLV,$2.225,1439824576079,"13,375",60% bullish,of 5 ratings,$6.50
EVOK,$4.6397,1439824576159,"3,466",100% bearish,of 1 rating,$13.75
EXA,$10.6,1439824576212,"3,140",100% bearish,of 1 rating,$13
EVOL,$6.3799,1439824576238,"2,636",75% bullish,of 4 ratings,$10
EXAS,$23.36,1439824576267,"100,533",78% bullish,of 9 ratings,$31
EXAC,$18.57,1439824576293,"7,140",100% bearish,of 1 rating,$22.50
EXEL,$5.87,1439824576460,"409,458",81% bullish,of 16 ratings,$6
EXFO,$2.9,1439824576503,"1,100",67% bearish,of 3 ratings,$3.95
EXLS,$37.145,1439824576566,"10,245",100% bullish,of 1 rating,$41
EXPD,$49.13,1439824576640,"98,823",80% bullish,of 5 ratings,$50.50
EXPE,$121.95,1439824576666,"99,813",64% bullish,of 11 ratings,$130
EXPO,$43.91,1439824576691,"9,497",100% bearish,of 1 rating,$45.50
EXLP,$20.655,1439824576938,"38,372",100% bearish,of 1 rating,$27
EXTR,$2.955,1439824576964,"109,803",80% bullish,of 5 ratings,$3
EYEG,$3.8601,1439824576994,"11,315",Not yet rated,NULL,N/A
ESRX,$89.15,1439824577021,"293,848",67% bearish,of 6 ratings,$101
EYEGW,NULL,1439824577095,0,Not yet rated,NULL,N/A
EZPW,$6.12,1439824577188,"42,027",50% bullish,of 4 ratings,$7.50
EZCH,$21.2001,1439824577225,"40,383",75% bullish,of 8 ratings,$19.50
FFIV,$133.8,1439824577355,"93,447",71% bullish,of 7 ratings,$132
FCS,$14.48,1439824577383,"79,889",67% bearish,of 3 ratings,$17
FB,$93.89,1439824577409,"4,639,611",73% bullish,of 1063 ratings,$111
FRP,$17.6,1439824577546,"10,573",100% bearish,of 1 rating,$18
FWM,$2.27,1439824577571,"28,990",100% bearish,of 2 ratings,$3.20
FARM,$23.49,1439824577741,"6,660",100% bearish,of 1 rating,$35
DAVE,$14.88,1439824577790,"8,124",100% bearish,of 1 rating,$15.50
FFKT,$27,1439824577882,"6,008",Not yet rated,NULL,$29
FAST,$40.51,1439824577911,"147,707",80% bullish,of 5 ratings,$46
FMNB,$7.94,1439824577943,"6,668",Not yet rated,NULL,N/A
FARO,$42.53,1439824577964,"15,167",50% bullish,of 2 ratings,$48
FALC,$1.68,1439824577995,"25,035",63% bearish,of 8 ratings,N/A
FATE,$7.41,1439824578181,"2,833",100% bearish,of 1 rating,$11
FBSS,NULL,1439824578209,0,Not yet rated,NULL,N/A
FBRC,$23.12,1439824578263,"2,109",100% bearish,of 1 rating,$29
FDML,$9.79,1439824578363,"21,643",50% bullish,of 4 ratings,$14
FNHC,$24.33,1439824578421,"15,354",100% bearish,of 1 rating,$35
FGEN,$25,1439824578664,"164,803",100% bearish,of 1 rating,$39
FEIC,$81.75,1439824578722,"42,202",50% bullish,of 2 ratings,$95.50
ONEQ,$199.17,1439824578751,"2,284",100% bullish,of 1 rating,N/A
FENX,$9.84,1439824578772,"12,650",100% bullish,of 1 rating,$14.25
FHCO,$1.5,1439824578806,"4,700",50% bullish,of 4 ratings,N/A
FCSC,$6.53,1439824578837,"27,908",100% bearish,of 1 rating,$8.125
LION,$20.4,1439824578938,"50,322",100% bullish,of 1 rating,$20
FDUS,$14.56,1439824579038,"11,173",100% bullish,of 1 rating,$18
FSAM,$8.67,1439824579178,"2,946",100% bearish,of 1 rating,$11
FRGI,$55.88,1439824579203,"44,115",50% bullish,of 2 ratings,$70
FSC,$6.5038,1439824579248,"127,413",75% bullish,of 4 ratings,$8
FSCFL,$24.98,1439824579382,400,Not yet rated,NULL,N/A
FSFR,$9.179,1439824579524,"31,654",100% bearish,of 1 rating,$11.50
FITB,$21.05,1439824579555,"617,315",54% bullish,of 13 ratings,$22
FNGN,$36.6,1439824579660,"49,539",67% bullish,of 3 ratings,$47
FITBI,$27.7601,1439824579688,"4,651",Not yet rated,NULL,N/A
FISI,$24.6,1439824579769,"2,436",100% bullish,of 2 ratings,$24.50
FNTC,NULL,1439824579827,0,Not yet rated,NULL,N/A
FNSR,$17.54,1439824579870,"192,472",83% bullish,of 6 ratings,$25
FNJN,$1.7699,1439824579897,"8,104",100% bearish,of 1 rating,$5
FNTCU,NULL,1439824579962,0,Not yet rated,NULL,N/A
FNTCW,NULL,1439824580041,0,Not yet rated,NULL,N/A
FEYE,$43.2317,1439824580101,"631,516",87% bullish,of 15 ratings,$55.50
FBNC,$17.22,1439824580355,"3,400",100% bullish,of 1 rating,$20
FNLC,$18.705,1439824580440,"7,200",100% bullish,of 1 rating,N/A
FRBA,$6.02,1439824580466,50,Not yet rated,NULL,$8
BUSE,$6.46,1439824580492,"11,090",Not yet rated,NULL,$6.875
FCVA,NULL,1439824580524,0,Not yet rated,NULL,N/A
FCAP,$26.12,1439824580550,"4,166",Not yet rated,NULL,N/A
FBIZ,$44.39,1439824580619,"1,525",100% bearish,of 2 ratings,$52
FCNCA,$254.5,1439824580721,"2,794",Not yet rated,NULL,N/A
FCCO,$12,1439824580895,101,Not yet rated,NULL,$13.25
FCLF,$9.2,1439824580926,200,Not yet rated,NULL,N/A
FCFS,$38.58,1439824580947,"13,866",100% bearish,of 2 ratings,$48
FCBC,$18.07,1439824581027,"2,502",Not yet rated,NULL,$17
FBNK,$16.31,1439824581085,905,100% bearish,of 1 rating,$17.50
FCFP,$7,1439824581110,"1,400",Not yet rated,NULL,N/A
FDEF,$37.05,1439824581334,"3,792",Not yet rated,NULL,$38
FFBCW,NULL,1439824581372,0,100% bearish,of 1 rating,N/A
FFNM,$6.42,1439824581434,400,Not yet rated,NULL,N/A
FFBC,$19.1,1439824581461,"20,522",67% bearish,of 3 ratings,$20.25
THFF,$33.69,1439824581502,860,Not yet rated,NULL,$35
FFNW,$12.52,1439824581527,"1,876",Not yet rated,NULL,$14
INBK,$35.875,1439824581818,"10,813",50% bullish,of 2 ratings,$37
FFWM,$21.5,1439824581877,592,Not yet rated,NULL,$24
FIBK,$28.12,1439824581904,"10,004",Not yet rated,NULL,$32
FFIN,$32.55,1439824581945,"4,341",50% bullish,of 2 ratings,$31.75
FMBH,$21.86,1439824582032,"3,157",Not yet rated,NULL,N/A
FRME,$26.09,1439824582062,"126,915",Not yet rated,NULL,$26.50
FMBI,$18.49,1439824582165,"22,536",Not yet rated,NULL,$20
FNBC,$36.61,1439824582247,"15,463",Not yet rated,NULL,$41
FNWB,$12.3,1439824582298,"1,800",Not yet rated,NULL,N/A
FNFG,$9.715,1439824582323,"287,080",80% bullish,of 5 ratings,$9
FSGI,$2.49,1439824582478,100,Not yet rated,NULL,N/A
BICK,NULL,1439824582560,0,100% bullish,of 1 rating,N/A
FSLR,$51.6276,1439824582591,"302,285",74% bullish,of 39 ratings,$65
FSFG,$31.49,1439824582612,"4,568",Not yet rated,NULL,N/A
FSBK,$7.8,1439824582740,"1,536",100% bullish,of 1 rating,N/A
FBZ,NULL,1439824582765,0,Not yet rated,NULL,N/A
FCAN,NULL,1439824582828,0,Not yet rated,NULL,N/A
FTCS,$38.6795,1439824582927,"4,141",Not yet rated,NULL,N/A
FEMB,NULL,1439824583029,0,Not yet rated,NULL,N/A
FV,$24.8036,1439824583054,"297,173",Not yet rated,NULL,N/A
IFV,$18.8699,1439824583100,"239,276",100% bearish,of 1 rating,N/A
FTSM,$59.9345,1439824583187,"5,799",100% bearish,of 1 rating,N/A
FCA,$22.87,1439824583230,"1,402",Not yet rated,NULL,N/A
FEUZ,$32.5,1439824583318,100,Not yet rated,NULL,N/A
MDIV,$19.838,1439824583361,"29,072",Not yet rated,NULL,N/A
TDIV,$26.05,1439824583390,"8,814",100% bearish,of 1 rating,N/A
FGM,$37.39,1439824583497,"2,106",Not yet rated,NULL,N/A
FTGC,$22.86,1439824583669,"158,054",Not yet rated,NULL,N/A
HYLS,$49.7616,1439824583694,"20,134",100% bearish,of 1 rating,N/A
FTHI,$20.57,1439824583739,"1,106",Not yet rated,NULL,N/A
FHK,$35.9398,1439824583870,"1,039",Not yet rated,NULL,N/A
YDIV,NULL,1439824583899,0,Not yet rated,NULL,N/A
FPXI,NULL,1439824583920,0,Not yet rated,NULL,N/A
SKYY,$30.6396,1439824583949,"12,759",100% bullish,of 1 rating,N/A
PLTM,$6.46,1439824584091,848,100% bearish,of 1 rating,N/A
CU,$13.3999,1439824584122,"1,112",100% bearish,of 1 rating,N/A
FTLB,NULL,1439824584218,0,100% bearish,of 1 rating,N/A
FJP,$50.46,1439824584249,"16,265",Not yet rated,NULL,N/A
LMBS,NULL,1439824584286,0,Not yet rated,NULL,N/A
QABA,$39.51,1439824584312,"10,221",100% bearish,of 1 rating,N/A
FMB,$51.2,1439824584444,204,Not yet rated,NULL,N/A
CIBR,$19.6536,1439824584475,"34,214",Not yet rated,NULL,N/A
FONE,$36.47,1439824584574,160,Not yet rated,NULL,N/A
QCLN,$16.034,1439824584708,"3,786",Not yet rated,NULL,N/A
GRID,NULL,1439824584740,0,100% bearish,of 1 rating,N/A
CARZ,$36.87,1439824584767,62,100% bearish,of 1 rating,N/A
RDVY,$22.46,1439824584793,"4,464",Not yet rated,NULL,N/A
QQEW,$44.21,1439824584845,"6,881",Not yet rated,NULL,N/A
QQXT,$42.6725,1439824584974,"2,326",Not yet rated,NULL,N/A
QTEC,$42.2973,1439824585008,"2,736",Not yet rated,NULL,N/A
AIRR,$17.01,1439824585111,"4,735",100% bearish,of 1 rating,N/A
QINC,$21.44,1439824585131,101,Not yet rated,NULL,N/A
FTSL,$48.988,1439824585214,"9,378",100% bearish,of 1 rating,N/A
FDIV,$47.6999,1439824585277,"1,440",100% bearish,of 1 rating,N/A
FKO,NULL,1439824585298,0,Not yet rated,NULL,N/A
FSZ,$40.695,1439824585378,374,Not yet rated,NULL,N/A
FTW,$31.1,1439824585469,251,Not yet rated,NULL,N/A
TUSA,NULL,1439824585550,0,Not yet rated,NULL,N/A
FKU,$43.872,1439824585578,"1,232",Not yet rated,NULL,N/A
SVVC,$10.67,1439824585678,"6,700",100% bullish,of 1 rating,$26
FISV,$89.73,1439824585786,"90,686",100% bearish,of 3 ratings,$90
FUNC,$8.3,1439824585812,500,Not yet rated,NULL,N/A
FMER,$18.7,1439824585840,"114,674",50% bullish,of 2 ratings,$20
FSV,$33.09,1439824585866,"1,228",Not yet rated,NULL,$33.60
FIVE,$37.92,1439824586015,"93,677",75% bearish,of 4 ratings,$44
FPRX,$19.16,1439824586116,"60,424",50% bullish,of 2 ratings,$35
FLML,$21.33,1439824586145,"97,667",50% bullish,of 2 ratings,$30
FIVN,$4.495,1439824586173,"46,809",100% bullish,of 1 rating,$8.50
FLKS,$14,1439824586314,"3,913",50% bullish,of 2 ratings,$27
FLXN,$23.94,1439824586352,"6,050",100% bearish,of 1 rating,$39.50
MBSD,NULL,1439824586401,0,Not yet rated,NULL,N/A
SKOR,$50.43,1439824586460,20,Not yet rated,NULL,N/A
FLEX,$11.115,1439824586542,"261,873",63% bullish,of 8 ratings,$12
FLIR,$30.52,1439824586594,"25,900",100% bearish,of 1 rating,$38.50
FLXS,$40.46,1439824586622,"3,540",100% bearish,of 2 ratings,N/A
FLDM,$12.85,1439824586674,"79,159",67% bearish,of 3 ratings,$21.50
FFIC,$20.97,1439824586770,"4,138",Not yet rated,NULL,$21
FOMX,$10.47,1439824586835,"27,159",50% bullish,of 2 ratings,$23.50
FONR,$9.5355,1439824587056,738,100% bullish,of 1 rating,N/A
FOGO,$19.12,1439824587084,"29,926",50% bullish,of 2 ratings,$25.50
FES,$1.07,1439824587105,120,50% bullish,of 2 ratings,$1
FORTY,$35,1439824587243,400,Not yet rated,NULL,N/A
FORR,$32.37,1439824587296,"8,342",Not yet rated,NULL,N/A
FTNT,$47.3,1439824587317,"160,902",80% bullish,of 10 ratings,$52
FBIO,$3.09,1439824587347,"29,501",83% bullish,of 6 ratings,N/A
FORM,$6.71,1439824587402,"21,745",67% bullish,of 3 ratings,$10.50
FWRD,$48.64,1439824587510,"17,978",100% bearish,of 1 rating,$50
FWP,$25.24,1439824587567,"7,794",100% bearish,of 1 rating,$45
FORD,$1.1401,1439824587598,"428,694",50% bullish,of 2 ratings,N/A
FXCB,$17.42,1439824587698,112,Not yet rated,NULL,$19
FMI,$20.42,1439824587728,"48,545",100% bearish,of 2 ratings,$27.50
FOSL,$61.65,1439824587749,"136,757",50% bullish,of 4 ratings,$70
FOXF,$15.76,1439824587901,"5,936",100% bearish,of 1 rating,$19
FREE,$0.53,1439824588074,"368,145",92% bullish,of 12 ratings,N/A
FRAN,$11.38,1439824588143,"123,387",50% bullish,of 4 ratings,$15
FELE,$30.06,1439824588172,"22,501",50% bullish,of 4 ratings,$33
RAIL,$21.95,1439824588200,"24,279",100% bearish,of 1 rating,$24.50
FTR,$5.555,1439824588228,"2,617,606",78% bullish,of 27 ratings,$6.25
FRED,$14.47,1439824588277,"7,604",50% bullish,of 2 ratings,$16.50
FEIM,$10.81,1439824588358,100,100% bearish,of 1 rating,N/A
FTRPR,$108.11,1439824588412,"22,800",100% bearish,of 1 rating,N/A
FRPT,$14.5,1439824588573,"33,893",67% bearish,of 3 ratings,$23.50
FTD,$30.07,1439824588612,"6,118",100% bearish,of 1 rating,$40
FRPH,$31.06,1439824588743,606,100% bearish,of 1 rating,N/A
FSBW,NULL,1439824588771,0,Not yet rated,NULL,N/A
FTEK,$2.25,1439824588792,"12,700",75% bullish,of 4 ratings,N/A
FSYS,$6.8,1439824588824,"8,475",67% bullish,of 3 ratings,$10
FCEL,$0.8156,1439824588845,"88,736",88% bullish,of 40 ratings,$2.65
FULL,$3.2099,1439824588981,"25,568",67% bearish,of 3 ratings,$4.25
FLL,$1.6,1439824589189,700,75% bullish,of 4 ratings,$2.825
FULLL,$25.5,1439824589218,300,Not yet rated,NULL,N/A
FFHL,$0.88,1439824589247,30,50% bullish,of 4 ratings,N/A
FULT,$13.095,1439824589276,"63,756",100% bearish,of 1 rating,$13
FSNN,$2.6101,1439824589297,588,67% bullish,of 3 ratings,$6
FXEN,$1.01,1439824589352,"104,057",75% bullish,of 4 ratings,$1.10
FXENP,$16.5,1439824589438,350,100% bearish,of 1 rating,N/A
GAIA,$6.12,1439824589716,"5,234",50% bullish,of 2 ratings,$8.50
WILC,$5.2149,1439824589741,"3,793",100% bullish,of 2 ratings,N/A
GLPG,$59.97,1439824589768,"3,805",100% bullish,of 1 rating,$75
GALT,$2.2501,1439824589794,"61,912",80% bullish,of 5 ratings,N/A
GALTU,NULL,1439824589924,0,100% bearish,of 1 rating,N/A
GK,$71.66,1439824590025,"3,683",Not yet rated,NULL,$78
GALTW,NULL,1439824590053,0,100% bullish,of 1 rating,N/A
GALE,$1.4201,1439824590099,"154,585",89% bullish,of 47 ratings,$4
GLMD,$8.6001,1439824590180,"6,050",67% bullish,of 3 ratings,$20.50
GPIC,$10.27,1439824590211,864,100% bearish,of 1 rating,N/A
GLPI,$33.2,1439824590271,"24,741",100% bearish,of 1 rating,$37.50
GRMN,$40.03,1439824590310,"85,123",50% bullish,of 6 ratings,$48
GGAC,$9.82,1439824590337,200,100% bearish,of 1 rating,N/A
GGACR,NULL,1439824590545,0,100% bullish,of 1 rating,N/A
GGACW,NULL,1439824590584,0,Not yet rated,NULL,N/A
GARS,$14.88,1439824590715,"3,926",Not yet rated,NULL,$16
GGACU,NULL,1439824590797,0,Not yet rated,NULL,N/A
GENC,$9.49,1439824590851,125,100% bearish,of 1 rating,N/A
GNCMA,$18.1,1439824590883,"12,742",100% bearish,of 1 rating,$12
GFNCP,$93.77,1439824590953,100,Not yet rated,NULL,N/A
GFNSL,NULL,1439824590979,0,Not yet rated,NULL,N/A
GENE,$2.68,1439824591034,"33,661",100% bullish,of 12 ratings,N/A
GFN,$4,1439824591176,"23,650",100% bearish,of 2 ratings,$8
GHDX,$25.69,1439824591210,"27,862",50% bullish,of 2 ratings,$30
GNMK,$9.5101,1439824591238,"15,324",67% bullish,of 6 ratings,$14
GNCA,$12.97,1439824591314,"15,331",100% bearish,of 1 rating,$20
GNTX,$15.86,1439824591422,"229,083",Not yet rated,NULL,$20
THRM,$48.68,1439824591455,"24,320",75% bearish,of 4 ratings,$55.50
GNVC,$2.43,1439824591524,"2,407",90% bullish,of 10 ratings,$8.50
GEOS,$15.58,1439824591657,"16,208",100% bearish,of 3 ratings,$25.50
GERN,$3.19,1439824591802,"424,985",88% bullish,of 16 ratings,$5.25
GABC,$29.45,1439824591836,"1,555",Not yet rated,NULL,$31.50
GEVO,$2.1824,1439824591867,"80,497",75% bullish,of 12 ratings,N/A
GTWN,NULL,1439824591935,0,Not yet rated,NULL,N/A
GIGM,$0.6572,1439824591962,"11,885",100% bullish,of 2 ratings,N/A
ROCK,$18.69,1439824591994,"80,224",80% bullish,of 5 ratings,$24
GIGA,$1.4301,1439824592040,"7,914",100% bearish,of 1 rating,N/A
GIII,$69.83,1439824592092,"18,895",67% bullish,of 3 ratings,$75
GBCI,$28.1,1439824592319,"11,216",50% bullish,of 2 ratings,$31
GILD,$116.59,1439824592366,"1,187,634",91% bullish,of 86 ratings,$129
GILT,$4.57,1439824592496,"3,320",50% bullish,of 2 ratings,N/A
GLAD,$8.33,1439824592523,"21,524",50% bullish,of 2 ratings,$8.75
GLADO,$25.41,1439824592544,"1,290",Not yet rated,NULL,N/A
GOOD,$15.85,1439824592576,"17,126",Not yet rated,NULL,$19
GOODN,NULL,1439824592605,0,Not yet rated,NULL,N/A
GOODO,$25.2267,1439824592712,450,Not yet rated,NULL,N/A
GAIN,$7.97,1439824592846,"49,081",100% bullish,of 2 ratings,$8.25
GAINP,$26.14,1439824592904,45,Not yet rated,NULL,N/A
GAINO,$25.4801,1439824592931,915,Not yet rated,NULL,N/A
GOODP,$25.1601,1439824592952,100,Not yet rated,NULL,N/A
GAINN,$25.218,1439824592995,"18,435",Not yet rated,NULL,N/A
GBT,$52.15,1439824593086,"149,581",Not yet rated,NULL,N/A
LAND,$9.69,1439824593113,"1,783",50% bullish,of 2 ratings,$13.75
GLBZ,NULL,1439824593141,0,Not yet rated,NULL,N/A
ENT,$12.4,1439824593326,"17,898",100% bearish,of 1 rating,$18
GDEF,$10.54,1439824593459,1,Not yet rated,NULL,N/A
GPACU,NULL,1439824593538,0,Not yet rated,NULL,N/A
GSOL,$8.5001,1439824593591,"4,593",100% bearish,of 1 rating,N/A
ACTX,NULL,1439824593624,0,100% bullish,of 1 rating,N/A
GBLI,$27.2,1439824593652,"1,804",Not yet rated,NULL,N/A
SOCL,$18.71,1439824593728,"12,883",100% bullish,of 2 ratings,N/A
ALTY,NULL,1439824593749,0,Not yet rated,NULL,N/A
QQQC,$21.04,1439824593829,"6,592",100% bearish,of 1 rating,N/A
GAI,$5.49,1439824594014,712,50% bullish,of 2 ratings,N/A
YLCO,$12.24,1439824594042,250,Not yet rated,NULL,N/A
SRET,$13.79,1439824594067,"2,925",Not yet rated,NULL,N/A
GSM,$14.07,1439824594096,"42,591",50% bullish,of 2 ratings,$24.50
GBIM,$2.44,1439824594179,"3,173",50% bullish,of 2 ratings,N/A
GLBS,$1.21,1439824594388,"3,218",67% bullish,of 3 ratings,N/A
GLUU,$4.725,1439824594421,"357,108",92% bullish,of 26 ratings,$9
GOGO,$16.4,1439824594465,"103,117",80% bullish,of 5 ratings,$25
GLRI,$1.2,1439824594492,"3,462",100% bearish,of 1 rating,$6
GLYC,$7.47,1439824594522,"8,176",50% bullish,of 2 ratings,$14
GMLP,$20.63,1439824594623,"17,255",50% bullish,of 4 ratings,$33
GLNG,$38.22,1439824594651,"236,270",83% bullish,of 6 ratings,$58
GOGL,$3.6601,1439824594833,"35,349",75% bullish,of 4 ratings,$5
GDEN,$9.11,1439824594932,400,50% bullish,of 2 ratings,N/A
GTIM,$7.24,1439824594979,"16,565",Not yet rated,NULL,$11.50
GLDC,NULL,1439824595005,0,50% bullish,of 2 ratings,N/A
GOOG,$656.56,1439824595039,"203,673",89% bullish,of 64 ratings,$795
GPRO,$59.1,1439824595065,"625,638",79% bullish,of 58 ratings,$72
GOOGL,$690.22,1439824595137,"222,741",88% bullish,of 1078 ratings,$747
GBDC,$16.6,1439824595165,"23,175",Not yet rated,NULL,$17.75
GMAN,$4.75,1439824595344,"29,872",60% bullish,of 5 ratings,$8
GPIA,NULL,1439824595390,0,Not yet rated,NULL,N/A
GPIAU,NULL,1439824595421,0,Not yet rated,NULL,N/A
GPIAW,NULL,1439824595474,0,Not yet rated,NULL,N/A
LOPE,$39.3299,1439824595499,"28,546",100% bearish,of 2 ratings,$50
GRVY,$3.41,1439824595525,100,50% bullish,of 2 ratings,N/A
GBSN,$2.396,1439824595751,"22,239",100% bearish,of 1 rating,$8.25
GLDD,$5.585,1439824595821,"10,932",100% bearish,of 4 ratings,$7.75
GSBC,$42.13,1439824595848,"4,918",100% bullish,of 1 rating,$44
GBSNU,NULL,1439824595884,0,Not yet rated,NULL,N/A
GPP,$15.02,1439824595905,500,Not yet rated,NULL,$20.50
GNBC,$13.48,1439824595933,914,100% bearish,of 1 rating,$17
GRBK,$13.94,1439824595979,"53,644",77% bullish,of 13 ratings,N/A
GPRE,$23.14,1439824596345,"74,469",67% bullish,of 6 ratings,$28.50
GRFS,$32.04,1439824596446,"57,853",50% bullish,of 2 ratings,$35
GCBC,NULL,1439824596471,0,100% bullish,of 1 rating,N/A
GRIF,NULL,1439824596499,0,100% bearish,of 1 rating,N/A
GLRE,$26.605,1439824596521,"9,310",100% bullish,of 1 rating,$41
GRPN,$4.32,1439824596556,"1,194,085",61% bullish,of 71 ratings,$6.75
GGAL,$20.83,1439824596657,"61,996",80% bullish,of 5 ratings,$40
OMAB,$43.32,1439824596687,"5,482",100% bullish,of 1 rating,$44
GSIG,$13.56,1439824596788,"1,182",100% bearish,of 2 ratings,N/A
GSVC,$9.51,1439824596917,"11,622",50% bullish,of 2 ratings,$14.50
GSIT,$5,1439824596946,717,100% bearish,of 1 rating,N/A
GBNK,$16.246,1439824596972,"1,540",100% bearish,of 1 rating,$18
GUID,$9.15,1439824597000,"20,879",100% bearish,of 3 ratings,$10
GTXI,$1,1439824597021,"8,971",100% bullish,of 5 ratings,$.75
GFED,NULL,1439824597154,0,Not yet rated,NULL,$17
GULTU,$0.378,1439824597358,"7,650",100% bearish,of 1 rating,N/A
GIFI,$12.04,1439824597388,"8,272",100% bearish,of 1 rating,$16
GURE,$1.87,1439824597409,"21,354",88% bullish,of 8 ratings,N/A
GPOR,$35.95,1439824597490,"451,067",75% bullish,of 4 ratings,$55.50
GWPH,$114.2999,1439824597538,"37,390",78% bullish,of 9 ratings,$148.50
GWGH,NULL,1439824597568,0,100% bearish,of 1 rating,$15.05
HEES,$17.24,1439824597696,"49,198",67% bearish,of 3 ratings,$31
GYRO,NULL,1439824597766,0,100% bearish,of 1 rating,N/A
HNRG,$7.65,1439824597796,"33,990",100% bearish,of 1 rating,$10
HLG,$9.44,1439824597820,153,100% bearish,of 1 rating,N/A
HALL,$11.57,1439824597850,"19,891",Not yet rated,NULL,N/A
HALO,$19.33,1439824597976,"321,957",67% bullish,of 3 ratings,$22.50
HBK,$13.5,1439824598004,400,50% bullish,of 2 ratings,N/A
HMPR,$1.99,1439824598078,"1,300",100% bullish,of 1 rating,N/A
HBHC,$28.96,1439824598220,"33,189",50% bullish,of 2 ratings,$30
HBHCL,$24.66,1439824598306,"7,069",Not yet rated,NULL,N/A
HAFC,$25.73,1439824598356,"7,091",100% bullish,of 2 ratings,$28.50
HNSN,$0.5162,1439824598448,"94,393",88% bullish,of 8 ratings,$.40
HNH,$28.59,1439824598483,257,100% bullish,of 1 rating,N/A
HQCL,$11.02,1439824598504,"1,810",67% bullish,of 3 ratings,N/A
HLIT,$5.83,1439824598581,"143,890",100% bearish,of 1 rating,$6.50
HRMN,NULL,1439824598636,0,Not yet rated,NULL,N/A
HDNG,$9.34,1439824598663,720,50% bullish,of 4 ratings,N/A
HRMNU,NULL,1439824598833,0,Not yet rated,NULL,N/A
HRMNW,NULL,1439824598863,0,Not yet rated,NULL,N/A
HART,$0.7268,1439824598931,"43,509",100% bearish,of 1 rating,N/A
HCAP,$12.38,1439824599110,"3,174",50% bullish,of 2 ratings,$15
HBIO,$4.59,1439824599136,"16,264",Not yet rated,NULL,$10
TINY,$2.6,1439824599165,"3,800",50% bullish,of 2 ratings,$5.26
HCAPL,NULL,1439824599272,0,Not yet rated,NULL,N/A
HAS,$80.72,1439824599297,"100,069",63% bullish,of 8 ratings,$84.50
HWKN,$38,1439824599432,"3,312",Not yet rated,NULL,N/A
HCOM,$23.32,1439824599482,"3,750",100% bearish,of 1 rating,$28
HA,$25.57,1439824599536,"192,213",67% bullish,of 9 ratings,$27
HWBK,NULL,1439824599565,0,100% bearish,of 1 rating,N/A
HDS,$34.6,1439824599641,"110,882",100% bearish,of 2 ratings,$39.50
HCSG,$34.8,1439824599723,"14,445",50% bullish,of 4 ratings,$35
HIIQ,$4.6,1439824599750,"8,965",50% bullish,of 2 ratings,$7
HAYN,$40.98,1439824599778,"9,416",100% bearish,of 1 rating,$59
HQY,$33.97,1439824599950,"57,511",67% bullish,of 3 ratings,$31
HWAY,$12.46,1439824600087,"33,966",100% bearish,of 1 rating,$15
HSTM,$26,1439824600108,"19,594",50% bullish,of 2 ratings,$33.75
HTWR,$90.22,1439824600146,"36,389",50% bullish,of 2 ratings,$103
HTLD,$21.26,1439824600188,"28,803",Not yet rated,NULL,$22.50
HSII,$20.215,1439824600243,"7,875",100% bullish,of 3 ratings,$25
HTBX,$5.54,1439824600274,"7,706",50% bullish,of 2 ratings,$15.50
HTLF,$37.17,1439824600322,"7,317",100% bullish,of 1 rating,$39.50
HELE,$90.535,1439824600513,"7,233",67% bearish,of 3 ratings,$100
HMTV,$13.61,1439824600573,541,100% bearish,of 1 rating,$16
HMNY,NULL,1439824600602,0,100% bearish,of 1 rating,N/A
HCACU,NULL,1439824600642,0,Not yet rated,NULL,N/A
HNNA,$23.21,1439824600702,200,Not yet rated,NULL,N/A
HERO,$0.078,1439824600789,"689,682",81% bullish,of 16 ratings,$.75
HSIC,$145.44,1439824600839,"81,382",83% bullish,of 6 ratings,$146
HTBK,$10.89,1439824600975,"5,978",Not yet rated,NULL,$12
HCCI,$12.76,1439824601074,"9,550",100% bearish,of 1 rating,$16.50
HFWA,$18.4,1439824601135,"1,066",100% bullish,of 1 rating,$20
HEOP,$8.03,1439824601163,"5,500",Not yet rated,NULL,$8.50
HRTX,$30.88,1439824601228,"66,893",67% bullish,of 6 ratings,$41
HSKA,$34.615,1439824601257,"6,432",100% bearish,of 1 rating,$38
MLHR,$28.95,1439824601290,"38,174",100% bullish,of 1 rating,$33.50
HFFC,$16.5,1439824601364,2,Not yet rated,NULL,N/A
HIBB,$41.3,1439824601498,"23,005",100% bearish,of 1 rating,$48.50
HPJ,$2.7663,1439824601529,"2,901",75% bullish,of 4 ratings,$12.43
HIMX,$6.875,1439824601627,"229,269",85% bullish,of 20 ratings,$8.50
HIFS,$119.5,1439824601715,204,Not yet rated,NULL,N/A
HIHO,$3.9301,1439824601774,"9,290",Not yet rated,NULL,N/A
HMNF,$11.5,1439824601803,20,Not yet rated,NULL,N/A
HSGX,$6.78,1439824601824,"5,100",100% bearish,of 1 rating,$17
HMSY,$9.69,1439824601900,"311,620",67% bullish,of 3 ratings,$19.35
HOLI,$18.8,1439824602006,"108,849",50% bullish,of 4 ratings,$27
HBCP,NULL,1439824602136,0,Not yet rated,NULL,$29
HOLX,$42.8,1439824602164,"503,572",67% bullish,of 3 ratings,$42
HMIN,$29.46,1439824602242,"12,914",100% bearish,of 2 ratings,$35
HOMB,$41.09,1439824602303,"48,517",Not yet rated,NULL,$41
AWAY,$30.88,1439824602332,"83,711",67% bullish,of 3 ratings,$36
HFBL,NULL,1439824602373,0,Not yet rated,NULL,N/A
HMST,$22.11,1439824602434,"5,949",100% bullish,of 2 ratings,$27
HTBI,$18.415,1439824602591,"6,502",67% bullish,of 3 ratings,$18.625
HKTV,$5.21,1439824602622,868,100% bearish,of 1 rating,N/A
HOFT,$25.1,1439824602723,"3,257",100% bearish,of 1 rating,N/A
HBNC,$24.6,1439824602750,"1,160",100% bullish,of 1 rating,$27
CETC,$1,1439824602780,"42,632",86% bullish,of 7 ratings,N/A
HFBC,$11.6299,1439824602803,102,Not yet rated,NULL,N/A
HZNP,$31.58,1439824602825,"422,291",85% bullish,of 20 ratings,$40
HRZN,$11.154,1439824602971,"7,929",100% bearish,of 1 rating,$14.25
HDP,$26.14,1439824603041,"51,804",67% bearish,of 3 ratings,$30.50
ZINC,$8.72,1439824603070,"55,801",100% bearish,of 1 rating,$17
HMHC,$23.54,1439824603177,"56,682",Not yet rated,NULL,$27
HWCC,$7.32,1439824603253,"20,342",100% bearish,of 1 rating,$9
HOVNP,$5.1501,1439824603319,"1,202",100% bearish,of 1 rating,N/A
HBMD,$14.88,1439824603422,100,100% bearish,of 1 rating,N/A
HSNI,$62.81,1439824603512,"86,609",Not yet rated,NULL,$80
HUBG,$41.83,1439824603576,"11,664",100% bearish,of 1 rating,$43
HTGM,$5.85,1439824603606,"4,796",100% bearish,of 1 rating,$19.50
HCBK,$10.3,1439824603628,"181,044",83% bullish,of 6 ratings,$8.61
HSON,$2.91,1439824603764,"17,156",100% bearish,of 1 rating,$5
HBAN,$11.74,1439824603804,"2,077,841",76% bullish,of 17 ratings,$12.50
HDSN,$3.17,1439824603865,"5,002",100% bullish,of 1 rating,$6.25
HURC,$30.95,1439824603932,"2,295",100% bearish,of 1 rating,N/A
HBANP,$1357,1439824603958,40,100% bearish,of 1 rating,N/A
HBP,$3.1499,1439824604092,"10,100",100% bullish,of 1 rating,N/A
HURN,$75.75,1439824604120,"16,622",50% bullish,of 2 ratings,$80
HTCH,$1.631,1439824604158,"9,976",100% bearish,of 1 rating,$3.50
HDRAU,NULL,1439824604372,0,Not yet rated,NULL,N/A
IACI,$74.685,1439824604538,"65,303",75% bullish,of 4 ratings,$90
HYGS,$7.72,1439824604572,"9,468",50% bullish,of 2 ratings,$13
HDRA,NULL,1439824604598,0,Not yet rated,NULL,N/A
HDRAR,NULL,1439824604619,0,Not yet rated,NULL,N/A
IDSY,NULL,1439824604650,0,100% bearish,of 1 rating,$7
IKGH,$1.67,1439824604675,"2,143",75% bullish,of 4 ratings,N/A
HDRAW,NULL,1439824604700,0,Not yet rated,NULL,N/A
IBKC,$63.47,1439824604866,"16,354",100% bullish,of 1 rating,$70
IEP,$72.8799,1439824605001,"56,585",75% bullish,of 4 ratings,$99
ICLR,$79.99,1439824605033,"791,792",100% bearish,of 3 ratings,$82
ICFI,$35.59,1439824605082,"7,208",50% bullish,of 2 ratings,$48.50
ICON,$13.61,1439824605135,"122,129",50% bullish,of 2 ratings,$18.50
ICAD,$3.49,1439824605164,"1,006",50% bullish,of 2 ratings,$7.25
ICUI,$121.79,1439824605190,"18,513",Not yet rated,NULL,$122
IPWR,$7.95,1439824605331,"1,145",100% bullish,of 1 rating,$15
IDRA,$2.63,1439824605505,"323,671",89% bullish,of 9 ratings,$6.50
INVE,$4.41,1439824605530,"47,751",75% bullish,of 4 ratings,$4
IDXX,$78.2,1439824605568,"48,044",100% bearish,of 1 rating,$77
IROQ,$16.6,1439824605748,842,100% bullish,of 1 rating,N/A
IRG,$4.51,1439824605774,400,100% bearish,of 1 rating,$4.50
IIVI,$17.62,1439824605804,"30,495",100% bearish,of 1 rating,$22
DSKY,$12.51,1439824605826,"48,227",67% bullish,of 6 ratings,$11.50
RXDX,$13.375,1439824605958,"33,999",100% bullish,of 1 rating,$20
IKNX,$11.3475,1439824605989,470,100% bearish,of 1 rating,N/A
KANG,$16.75,1439824606042,"34,799",50% bullish,of 2 ratings,$22.55
IKAN,$2.7201,1439824606093,"4,201",83% bullish,of 6 ratings,$5
ILMN,$209,1439824606145,"113,919",80% bullish,of 5 ratings,$240
ISNS,$4.25,1439824606170,800,50% bullish,of 2 ratings,N/A
IMMR,$12.58,1439824606304,"11,371",80% bullish,of 5 ratings,$15.50
ICCC,$9.08,1439824606351,"2,736",100% bullish,of 1 rating,N/A
IMDZ,$16.92,1439824606483,"13,821",100% bearish,of 1 rating,$33
IMMU,$1.82,1439824606572,"64,592",86% bullish,of 7 ratings,$2
IMNP,$1.605,1439824606610,"39,979",50% bullish,of 2 ratings,$6
IMGN,$14.13,1439824606635,"216,209",75% bullish,of 4 ratings,$17.50
IMMY,$7.69,1439824606673,"10,550",100% bearish,of 1 rating,$11
IPXL,$45.7,1439824606702,"139,697",67% bullish,of 3 ratings,$46.50
INCR,$44.42,1439824606734,"134,813",50% bullish,of 2 ratings,$53
SAAS,$8.085,1439824606841,"135,745",50% bullish,of 2 ratings,$15
INCY,$106.23,1439824607181,"162,472",50% bullish,of 6 ratings,$125.50
INDB,$48.64,1439824607285,"11,648",Not yet rated,NULL,$44
IBTX,$43.82,1439824607345,"2,507",100% bullish,of 2 ratings,$47.25
IBCP,$14.51,1439824607370,"8,027",100% bullish,of 1 rating,$14.50
INFN,$24.19,1439824607436,"499,204",71% bullish,of 7 ratings,$27.50
IDSA,$3.8004,1439824607461,"8,699",Not yet rated,NULL,N/A
IPCC,$78.885,1439824607540,"3,238",Not yet rated,NULL,$77
INFI,$9.54,1439824607618,"100,472",50% bullish,of 4 ratings,$18
III,$4.25,1439824607734,"8,837",57% bullish,of 7 ratings,$6
IFON,$1.38,1439824607792,"44,938",75% bullish,of 4 ratings,N/A
INNL,$12.06,1439824607834,"1,300",100% bearish,of 1 rating,$16.50
IMKTA,$55.05,1439824607865,"19,317",100% bearish,of 1 rating,N/A
INWK,$7.78,1439824607899,"16,174",50% bullish,of 2 ratings,$10
INOD,$2.597,1439824607965,500,100% bearish,of 1 rating,N/A
IPHS,$51.3,1439824607994,"26,896",100% bearish,of 1 rating,$60
ISSC,$3.003,1439824608318,"2,700",67% bearish,of 3 ratings,N/A
INGN,$50.72,1439824608347,"121,420",100% bearish,of 1 rating,$50.50
IOSP,$46.628,1439824608376,"15,732",100% bearish,of 1 rating,N/A
ITEK,$15.47,1439824608405,"690,695",67% bearish,of 3 ratings,$20
INOV,$21.03,1439824608431,"20,583",100% bearish,of 1 rating,$33
INO,$7.61,1439824608456,"233,164",89% bullish,of 18 ratings,$20
ISIG,$2.68,1439824608508,500,100% bearish,of 1 rating,N/A
INSM,$26.59,1439824608612,"54,364",71% bullish,of 7 ratings,$32
NSIT,$26.7,1439824608750,"17,455",50% bullish,of 2 ratings,N/A
IIIN,$17.88,1439824608786,504,100% bearish,of 2 ratings,N/A
NTEC,$6.0201,1439824608879,"4,064",Not yet rated,NULL,N/A
INSY,$34.8,1439824608904,"136,646",75% bullish,of 4 ratings,$48
IART,$62.431,1439824608931,"46,057",100% bearish,of 1 rating,$71.50
PODD,$30.5,1439824608953,"117,088",50% bullish,of 2 ratings,$35
IDTI,$19.26,1439824609083,"172,075",60% bullish,of 5 ratings,$25
IESC,$7.01,1439824609154,"4,066",100% bearish,of 1 rating,N/A
ISSI,$22.28,1439824609290,"21,221",67% bullish,of 3 ratings,$19.75
IPCI,$2.3,1439824609355,"31,000",67% bullish,of 6 ratings,$7.75
IPAR,$28.7,1439824609394,"19,532",67% bullish,of 3 ratings,$38
INTC,$29.09,1439824609423,"3,542,120",82% bullish,of 238 ratings,$36
IBKR,$41.975,1439824609526,"53,892",100% bullish,of 1 rating,N/A
IQNT,$17.38,1439824609580,"20,425",86% bullish,of 7 ratings,$20
ICLD,$2.0799,1439824609671,"968,541",75% bullish,of 4 ratings,N/A
ININ,$40.43,1439824609703,"3,001",67% bearish,of 3 ratings,$57
ICPT,$213.34,1439824609724,"34,515",70% bullish,of 10 ratings,$363
ICLDW,$1.06,1439824609814,1,100% bearish,of 1 rating,N/A
IDCC,$50.11,1439824609903,"47,143",75% bullish,of 4 ratings,$63
INAP,$8.86,1439824609967,"10,528",75% bullish,of 4 ratings,$11
TILE,$25.9,1439824610052,"150,183",67% bearish,of 3 ratings,$27
IBOC,$27.52,1439824610080,"13,393",100% bearish,of 1 rating,N/A
IMI,$2.09,1439824610105,696,67% bullish,of 3 ratings,$2.22
ISCA,$33.55,1439824610333,"8,614",100% bearish,of 1 rating,N/A
PTNT,$3.06,1439824610416,300,Not yet rated,NULL,N/A
IGLD,$7.7387,1439824610442,200,50% bullish,of 2 ratings,N/A
IIJI,NULL,1439824610483,0,50% bullish,of 2 ratings,$11.50
INPH,$0.346,1439824610515,"1,269",50% bullish,of 2 ratings,N/A
INTX,$2.505,1439824610649,"6,473",67% bullish,of 3 ratings,N/A
ISIL,$10.96,1439824610677,"56,800",50% bullish,of 6 ratings,$15
XENT,$28.5,1439824610698,"21,221",50% bullish,of 2 ratings,$36.50
IILG,$21.46,1439824610750,"8,692",100% bearish,of 1 rating,$30.50
IVAC,$5.1,1439824610825,"3,084",Not yet rated,NULL,$6.625
INTLL,$25.7,1439824610929,"1,300",Not yet rated,NULL,N/A
ITCI,$31.05,1439824610957,"150,441",75% bearish,of 4 ratings,$40
INTL,$28.76,1439824610983,"9,024",67% bearish,of 3 ratings,N/A
IIN,NULL,1439824611155,0,100% bearish,of 1 rating,$12
ISRG,$530.73,1439824611182,"20,812",67% bullish,of 3 ratings,$600
INTU,$105.63,1439824611337,"84,842",100% bullish,of 7 ratings,$107.50
SNAK,$8.76,1439824611362,"11,351",50% bullish,of 2 ratings,$14
ISTR,$15.75,1439824611429,108,100% bearish,of 1 rating,$18.50
INVT,$0.295,1439824611455,"38,996",67% bullish,of 3 ratings,N/A
NVIV,$11.975,1439824611590,"50,260",50% bullish,of 4 ratings,$24.50
ISBC,$12.31,1439824611618,"246,120",100% bullish,of 1 rating,$13.25
ITIC,$71.18,1439824611649,48,100% bearish,of 2 ratings,N/A
IPAS,$1.08,1439824611748,"10,966",67% bullish,of 3 ratings,N/A
IVTY,$11.3,1439824611784,"2,000",Not yet rated,NULL,$18
DTUL,NULL,1439824611852,0,Not yet rated,NULL,N/A
DFVL,NULL,1439824611910,0,Not yet rated,NULL,N/A
IPCM,$79.47,1439824612011,"21,892",50% bullish,of 2 ratings,$80.125
IPGP,$91.9569,1439824612105,"35,489",100% bearish,of 2 ratings,$109.50
IRIX,$6.93,1439824612239,"1,626",100% bearish,of 1 rating,N/A
IRMD,$26.28,1439824612370,"3,388",67% bearish,of 3 ratings,$25
IRWD,$11.66,1439824612397,"296,581",100% bearish,of 1 rating,$13
IRDMB,NULL,1439824612457,0,67% bearish,of 3 ratings,N/A
IRBT,$31.15,1439824612526,"37,305",67% bullish,of 6 ratings,$37
IRCP,NULL,1439824612553,0,100% bullish,of 2 ratings,N/A
IRDM,$7.04,1439824612574,"74,657",60% bullish,of 5 ratings,$11.50
FCHI,$50.01,1439824612706,100,Not yet rated,NULL,N/A
GNMA,$50.13,1439824612732,"1,910",Not yet rated,NULL,N/A
COMT,$33.7,1439824612753,556,100% bearish,of 1 rating,N/A
IFEU,$40.4499,1439824612903,"6,568",Not yet rated,NULL,N/A
IFNA,NULL,1439824612936,0,Not yet rated,NULL,N/A
IFAS,$29.05,1439824612964,200,Not yet rated,NULL,N/A
IFGL,$30.12,1439824613031,"65,382",Not yet rated,NULL,N/A
ACWI,$59.2499,1439824613196,"78,858",Not yet rated,NULL,N/A
ACWX,$43.1099,1439824613229,"43,151",100% bearish,of 1 rating,N/A
AAXJ,$56.32,1439824613329,"133,065",Not yet rated,NULL,N/A
AAIT,$30.622,1439824613361,200,100% bullish,of 1 rating,N/A
AXJS,NULL,1439824613382,0,Not yet rated,NULL,N/A
EEME,$39.81,1439824613462,834,100% bearish,of 1 rating,N/A
EMDI,NULL,1439824613510,0,Not yet rated,NULL,N/A
EEMA,$53.1311,1439824613536,"7,683",Not yet rated,NULL,N/A
EMEY,$25.71,1439824613681,214,Not yet rated,NULL,N/A
EGRW,$48.52,1439824613708,"3,017",Not yet rated,NULL,N/A
EEML,$28.58,1439824613739,156,Not yet rated,NULL,N/A
EVAL,$37.1,1439824613844,335,Not yet rated,NULL,N/A
EUFN,$23.1918,1439824614026,"56,370",100% bearish,of 1 rating,N/A
IBB,$368.26,1439824614079,"259,294",63% bullish,of 8 ratings,N/A
UAE,$19.3332,1439824614107,850,Not yet rated,NULL,N/A
IEUS,$47.68,1439824614128,100,100% bearish,of 1 rating,N/A
QAT,NULL,1439824614187,0,Not yet rated,NULL,N/A
EMIF,$30.34,1439824614260,870,Not yet rated,NULL,N/A
SOXX,$85.77,1439824614285,"78,638",50% bullish,of 2 ratings,N/A
ICLN,$10.28,1439824614564,"26,668",50% bullish,of 2 ratings,N/A
ISHG,$78.7699,1439824614592,484,100% bearish,of 1 rating,N/A
INDY,$29.7,1439824614613,"135,575",100% bullish,of 1 rating,N/A
WOOD,$51.21,1439824614634,"2,431",50% bullish,of 2 ratings,N/A
IGOV,$90.3599,1439824614671,909,100% bearish,of 1 rating,N/A
ISLE,$19.305,1439824614765,"35,206",50% bullish,of 4 ratings,$16
ISRL,NULL,1439824614799,0,100% bearish,of 1 rating,N/A
ISIS,$50.48,1439824614839,"167,258",53% bullish,of 15 ratings,$67
ITRN,$25.94,1439824615000,"5,483",50% bullish,of 2 ratings,N/A
ITRI,$33.43,1439824615038,"23,643",Not yet rated,NULL,$37
XXIA,$15.64,1439824615059,"84,619",71% bullish,of 7 ratings,$14.625
IXYS,$11.07,1439824615092,"17,040",50% bullish,of 4 ratings,N/A
ITUS,$3.9301,1439824615128,265,Not yet rated,NULL,N/A
JJSF,$118.13,1439824615156,"4,867",100% bearish,of 1 rating,N/A
MAYS,NULL,1439824615358,0,Not yet rated,NULL,N/A
JASO,$8.2,1439824615543,"219,198",82% bullish,of 17 ratings,$10
JCOM,$73.06,1439824615572,"44,124",100% bullish,of 2 ratings,$77
JBHT,$80.3912,1439824615600,"53,080",50% bullish,of 4 ratings,$89.50
JKHY,$71.26,1439824615626,"34,176",50% bullish,of 2 ratings,$72
JACK,$87.67,1439824615655,"33,845",83% bullish,of 6 ratings,$105
JXSB,NULL,1439824615684,0,Not yet rated,NULL,N/A
JAXB,NULL,1439824615761,0,100% bullish,of 1 rating,N/A
JAGX,$2.99,1439824615829,300,Not yet rated,NULL,N/A
JAKK,$9.82,1439824615970,"44,921",60% bearish,of 5 ratings,$10.50
JRVR,$27.04,1439824615998,"2,914",Not yet rated,NULL,$27
JMBA,$13.94,1439824616064,"35,585",75% bullish,of 4 ratings,$18
ERW,$51.83,1439824616097,20,Not yet rated,NULL,N/A
JASN,$5.2925,1439824616198,"12,200",50% bullish,of 2 ratings,$9.50
JASNW,$0.21,1439824616338,"1,000",50% bullish,of 2 ratings,N/A
JAZZ,$185.5452,1439824616369,"25,850",80% bullish,of 15 ratings,$206.50
JBLU,$24.345,1439824616470,"1,517,551",94% bullish,of 16 ratings,$27
JD,$27.5982,1439824616499,"1,306,626",75% bullish,of 16 ratings,$36
JCTCF,NULL,1439824616605,0,100% bullish,of 1 rating,N/A
JIVE,$4.11,1439824616738,"52,587",75% bullish,of 4 ratings,$5
JTPY,NULL,1439824616767,0,100% bearish,of 1 rating,N/A
JST,$4.4,1439824616799,"8,662",75% bullish,of 4 ratings,N/A
DATE,$6.57,1439824616826,"27,540",75% bullish,of 4 ratings,$9
JOEZ,$0.1974,1439824616873,"64,692",92% bullish,of 12 ratings,N/A
JBSS,$48.665,1439824616954,"5,563",67% bearish,of 3 ratings,N/A
WYIGU,NULL,1439824616980,0,Not yet rated,NULL,N/A
JOUT,$24.9,1439824617189,"1,053",100% bearish,of 1 rating,$34
JNP,$9.97,1439824617217,"9,590",100% bullish,of 3 ratings,$15
KTWO,$21.35,1439824617277,"7,079",100% bearish,of 1 rating,$28.50
JUNO,$40.85,1439824617304,"342,215",73% bullish,of 11 ratings,$70
KALU,$85.28,1439824617358,"20,783",67% bearish,of 3 ratings,$91
KBIO,$2,1439824617434,"4,587",50% bullish,of 4 ratings,N/A
KMDA,$3.91,1439824617460,900,50% bullish,of 2 ratings,$8
KCLI,$47.83,1439824617663,"3,182",Not yet rated,NULL,N/A
KNDI,$7.026,1439824617691,"74,399",86% bullish,of 22 ratings,N/A
KBSF,$4.15,1439824617717,"8,550",100% bullish,of 1 rating,N/A
KPTI,$13.1,1439824617739,"148,757",67% bearish,of 3 ratings,$41
KRNY,$11.735,1439824617771,"300,773",100% bearish,of 1 rating,$12
KCAP,$4.925,1439824617903,"23,583",75% bullish,of 4 ratings,$6.75
KELYA,$14.73,1439824617932,"13,732",67% bullish,of 6 ratings,$20
KELYB,NULL,1439824618038,0,50% bullish,of 2 ratings,N/A
KMPH,$22.648,1439824618078,"36,863",100% bearish,of 2 ratings,$22
KFFB,$8.3,1439824618143,135,100% bearish,of 1 rating,N/A
GMCR,$50.27,1439824618273,"305,891",71% bullish,of 42 ratings,$64
KERX,$6.25,1439824618299,"323,618",82% bullish,of 11 ratings,$12
KTCC,$10.3699,1439824618446,"3,572",100% bearish,of 1 rating,$15
KFRC,$28.36,1439824618473,"18,870",100% bullish,of 2 ratings,$29
KE,$11.85,1439824618525,"11,072",67% bearish,of 3 ratings,$16
KEQU,NULL,1439824618554,0,100% bullish,of 1 rating,N/A
KTEC,NULL,1439824618608,0,Not yet rated,NULL,N/A
KIN,$5.93,1439824618684,"2,955",50% bullish,of 2 ratings,$6.25
KGJI,$0.763,1439824618742,"52,360",89% bullish,of 9 ratings,N/A
KBAL,$11.715,1439824618873,"21,122",50% bullish,of 2 ratings,N/A
KINS,$8.4,1439824619032,"12,410",100% bullish,of 1 rating,N/A
KIRK,$26.67,1439824619160,"9,154",50% bullish,of 2 ratings,$32
KONE,$4.18,1439824619185,"1,476",Not yet rated,NULL,N/A
KLAC,$51.63,1439824619257,"205,564",100% bearish,of 1 rating,$61.50
KITE,$60.922,1439824619282,"962,884",88% bullish,of 8 ratings,$85
KLXI,$39.69,1439824619444,"59,543",100% bearish,of 1 rating,$49
