Symbol,Price,Date,Volume,Rating,RatingVoteCount,OneYearEstimate
TFSCR,NULL,1441383302960,0,Not yet rated,NULL,N/A
TFSC,NULL,1441383302994,0,100% bearish,of 1 rating,N/A
FCTY,NULL,1441383303023,0,100% bullish,of 1 rating,$8.50
FLWS,$8.68,1441383303095,"84,113",80% bullish,of 5 ratings,$15
FCCY,NULL,1441383303120,0,100% bullish,of 1 rating,$13
PIH,$7.52,1441383303145,"1,900",100% bearish,of 1 rating,N/A
TFSCU,NULL,1441383303171,0,Not yet rated,NULL,N/A
TFSCW,NULL,1441383303191,0,100% bearish,of 1 rating,N/A
SRCE,$29.8216,1441383303384,"8,492",100% bullish,of 3 ratings,$33
VNET,$18.005,1441383303493,"93,168",60% bullish,of 5 ratings,$35
TWOU,$34.96,1441383303521,"56,016",50% bullish,of 2 ratings,$39
DSLV,$69.43,1441383303554,"6,170",100% bearish,of 1 rating,N/A
USLV,$12.4599,1441383303586,"157,016",86% bullish,of 7 ratings,N/A
DGLD,$84.2926,1441383303607,"2,072",100% bullish,of 1 rating,N/A
UGLD,$8.9401,1441383303650,"88,780",100% bearish,of 1 rating,N/A
JOBS,$26.13,1441383303685,"29,047",50% bullish,of 4 ratings,$36
SIXD,$2.62,1441383303991,"9,860",Not yet rated,NULL,N/A
CAFD,$14.93,1441383304123,"140,366",Not yet rated,NULL,$24.50
ABY,$21.11,1441383304160,"561,605",100% bearish,of 2 ratings,$46
AVHI,$13.33,1441383304258,"162,327",100% bearish,of 1 rating,$19
ABAX,$47.03,1441383304350,"12,424",100% bearish,of 1 rating,$60
AAON,$19.64,1441383304386,"32,973",100% bearish,of 1 rating,$24
SHLM,$32.33,1441383304422,"16,910",100% bearish,of 1 rating,$47
ABMD,$93,1441383304512,"113,881",75% bullish,of 4 ratings,$100.50
EGHT,$7.72,1441383304543,"79,309",82% bullish,of 17 ratings,$11
ABEOW,NULL,1441383304645,0,100% bullish,of 1 rating,N/A
ABEO,$4.7,1441383304724,"6,892",50% bullish,of 4 ratings,$15.50
ACTG,$9.17,1441383304786,"32,710",67% bullish,of 3 ratings,$18.50
AXAS,$1.73,1441383304807,"225,937",78% bullish,of 9 ratings,$3.50
ACHC,$72.67,1441383304839,"65,086",50% bullish,of 2 ratings,$92
ABGB,$4.9876,1441383304867,"19,620",67% bullish,of 3 ratings,$5.50
ACAD,$39.77,1441383305001,"548,287",80% bullish,of 20 ratings,$48
ACST,$0.3,1441383305191,"2,700",100% bullish,of 2 ratings,N/A
AXDX,$18.75,1441383305215,"16,274",100% bearish,of 1 rating,N/A
XLRN,$28.515,1441383305266,"30,256",50% bullish,of 2 ratings,$57
ANCX,$19.58,1441383305292,"8,418",Not yet rated,NULL,$20
ARAY,$6.57,1441383305377,"81,718",100% bearish,of 1 rating,$10.50
VXDN,$1.787,1441383305429,"3,318",100% bearish,of 1 rating,N/A
VXUP,$1.61,1441383305455,"2,085",100% bearish,of 1 rating,N/A
ACHN,$7.71,1441383305587,"984,170",90% bullish,of 21 ratings,$16
ACRX,$4.3,1441383305619,"89,240",67% bearish,of 6 ratings,$7
AKAO,$6.9201,1441383305670,"13,599",75% bullish,of 4 ratings,$15
ACET,$22.13,1441383305719,"29,912",75% bullish,of 4 ratings,$30
ACIW,$21.21,1441383305924,"47,263",67% bearish,of 3 ratings,$24
ACOR,$31.53,1441383305950,"41,285",67% bearish,of 3 ratings,$38.50
ACNB,NULL,1441383305970,0,Not yet rated,NULL,N/A
ACTS,$1.58,1441383305998,"9,000",100% bearish,of 1 rating,N/A
ATVI,$28.435,1441383306172,"1,754,593",67% bullish,of 84 ratings,$31.50
ACPW,$1.9699,1441383306200,"14,407",100% bullish,of 4 ratings,$3.25
ACUR,$2.8799,1441383306269,"2,900",100% bullish,of 5 ratings,$5
ACTA,$13.86,1441383306356,"6,835",67% bearish,of 3 ratings,$25
ACXM,$20.61,1441383306427,"58,561",67% bullish,of 3 ratings,N/A
ADMP,$3.4899,1441383306452,"10,972",50% bullish,of 2 ratings,$10
ADMS,$18.98,1441383306483,"12,314",100% bearish,of 2 ratings,$36
ADUS,$28.9,1441383306581,"5,502",100% bearish,of 1 rating,$31
ADAP,$11.03,1441383306619,"12,267",67% bullish,of 3 ratings,$22
ADEP,$7.21,1441383306680,"12,332",50% bullish,of 2 ratings,$10.75
AEY,$2.3704,1441383306763,"3,605",100% bearish,of 2 ratings,N/A
ADMA,$8.51,1441383306789,"8,855",Not yet rated,NULL,$19
ADBE,$77.63,1441383307013,"398,908",65% bullish,of 17 ratings,$90
AMD,$1.83,1441383307073,"1,507,526",83% bullish,of 103 ratings,$2
ADRO,$19.18,1441383307110,"25,947",80% bullish,of 5 ratings,$45.50
ADTN,$15.66,1441383307169,"71,262",67% bullish,of 3 ratings,$17.125
ADXS,$13.57,1441383307239,"146,968",64% bullish,of 14 ratings,$27
ADXSW,$9.85,1441383307300,200,100% bullish,of 1 rating,N/A
AEIS,$23.91,1441383307329,"28,615",50% bullish,of 2 ratings,$32.50
MULT,NULL,1441383307358,0,100% bearish,of 1 rating,N/A
YPRO,$22.85,1441383307456,479,100% bearish,of 1 rating,N/A
AEGR,$17.59,1441383307494,"47,682",50% bullish,of 6 ratings,$26
AEGN,$17.73,1441383307627,"11,732",100% bearish,of 2 ratings,$21
AEHR,$2.27,1441383307685,216,50% bullish,of 2 ratings,N/A
AEPI,$57.11,1441383307756,"7,220",100% bearish,of 1 rating,N/A
AMTX,$2.91,1441383307783,"8,750",50% bullish,of 2 ratings,$26.11
AERI,$16.175,1441383307850,"67,864",75% bullish,of 4 ratings,$31.50
AVAV,$20.49,1441383307984,"64,899",50% bullish,of 4 ratings,$28
AEZS,$0.0776,1441383308010,"10,494,553",90% bullish,of 21 ratings,$1.50
AEMD,$7.67,1441383308082,"16,205",Not yet rated,NULL,$27.50
AFMD,$9.25,1441383308171,"19,015",50% bullish,of 4 ratings,$15
AGEN,$6.83,1441383308245,"88,951",85% bullish,of 13 ratings,$14
AFFX,$9.03,1441383308276,"169,081",80% bullish,of 5 ratings,$12.50
AGRX,$8.14,1441383308305,"1,880",100% bearish,of 1 rating,$17.50
AGIO,$84.21,1441383308411,"51,572",88% bullish,of 8 ratings,$114
AGYS,$9.56,1441383308478,"4,344",100% bearish,of 1 rating,N/A
AGFS,$9.6675,1441383308503,"20,867",100% bearish,of 1 rating,N/A
AGFSW,$1.8,1441383308692,"3,100",100% bearish,of 2 ratings,N/A
AIMT,$22.52,1441383308728,"48,942",Not yet rated,NULL,$35.50
AIRM,$36.045,1441383308787,"31,427",80% bearish,of 5 ratings,$53
AMCN,$4.555,1441383308879,"22,457",83% bullish,of 6 ratings,N/A
AIXG,$6.48,1441383308910,"11,082",67% bearish,of 3 ratings,$5.25
AIRT,NULL,1441383308931,0,100% bullish,of 1 rating,N/A
ATSG,$8.85,1441383308963,"30,164",67% bullish,of 3 ratings,$13
AKBA,$6.8299,1441383309011,"57,200",100% bearish,of 1 rating,$18
AKAM,$73.045,1441383309207,"353,008",63% bullish,of 8 ratings,$77.50
AKER,$2.63,1441383309245,"2,301",Not yet rated,NULL,N/A
ALRM,$16.09,1441383309273,"17,442",100% bearish,of 1 rating,$22
AKRX,$38.45,1441383309293,"86,753",78% bullish,of 9 ratings,$56
ALSK,$2.25,1441383309342,"28,225",78% bullish,of 18 ratings,$2
AMRI,$19.85,1441383309536,"26,422",75% bearish,of 4 ratings,$24
ADHD,$7.56,1441383309611,"45,468",50% bullish,of 4 ratings,$18
ABDC,$12.75,1441383309664,"2,038",Not yet rated,NULL,$15
ALDX,$7.08,1441383309690,337,100% bearish,of 1 rating,$14.50
ALDR,$40.21,1441383309743,"66,926",67% bearish,of 3 ratings,$62
ALXN,$175.03,1441383309771,"425,326",88% bullish,of 8 ratings,$223.50
ALCO,$42.041,1441383309792,"3,194",50% bullish,of 2 ratings,N/A
ALXA,$1.2501,1441383309813,"78,199",83% bullish,of 6 ratings,$2.125
ALGN,$54.31,1441383310004,"91,111",100% bearish,of 2 ratings,$73
ALIM,$2.87,1441383310143,"45,508",80% bullish,of 5 ratings,$10
ALGT,$202.47,1441383310207,"69,518",100% bearish,of 2 ratings,$235
ALKS,$64.39,1441383310232,"200,219",67% bullish,of 3 ratings,$75
AIQ,$14.51,1441383310277,"2,882",67% bullish,of 3 ratings,N/A
ALLB,$22.9,1441383310303,204,Not yet rated,NULL,N/A
ARLP,$24.95,1441383310471,"15,824",67% bearish,of 3 ratings,$32
AFOP,$18.955,1441383310508,"17,645",75% bullish,of 8 ratings,$21
AHGP,$35.77,1441383310639,"16,781",67% bullish,of 3 ratings,N/A
AMOT,$18.06,1441383310671,"68,816",100% bearish,of 1 rating,N/A
AHPI,NULL,1441383310692,0,50% bullish,of 2 ratings,N/A
ALLT,$5.07,1441383310777,"10,776",75% bullish,of 4 ratings,$6.25
MDRX,$13.13,1441383310885,"274,518",60% bullish,of 5 ratings,$16
ALQA,$4.5,1441383310913,"17,867",75% bullish,of 4 ratings,$8.50
ALNY,$98.225,1441383310940,"69,166",67% bullish,of 3 ratings,$151.50
AFAM,$44.73,1441383311010,"15,955",50% bullish,of 2 ratings,$44
AOSL,$8.04,1441383311155,"7,030",67% bullish,of 3 ratings,$9
SMCP,NULL,1441383311302,0,Not yet rated,NULL,N/A
ATEC,$0.58,1441383311345,"5,239",100% bullish,of 1 rating,$2
ALTR,$48.97,1441383311370,"479,485",80% bearish,of 5 ratings,$54
AIMC,$23.62,1441383311510,"29,449",100% bearish,of 2 ratings,$28.50
AMRK,NULL,1441383311577,0,50% bullish,of 2 ratings,$14
AYA,$20.62,1441383311609,"4,580",100% bearish,of 1 rating,$40
AMAG,$60.03,1441383311645,"129,493",100% bullish,of 2 ratings,$75
ASPS,$26.01,1441383311709,"26,861",67% bullish,of 3 ratings,$46.50
AMZN,$499.46,1441383311738,"462,205",81% bullish,of 268 ratings,$646
AMRN,$2.33,1441383311763,"415,838",85% bullish,of 40 ratings,$8
AMBC,$16.23,1441383311910,"36,120",100% bearish,of 1 rating,$16.50
AMBA,$73.87,1441383312043,"2,089,001",77% bullish,of 13 ratings,$102.50
AMBCW,NULL,1441383312090,0,100% bearish,of 1 rating,N/A
AMCX,$71.64,1441383312249,"127,259",67% bullish,of 3 ratings,$87.50
AMDA,$0.478,1441383312272,"120,386",90% bullish,of 10 ratings,$1
EPAX,$2.69,1441383312306,"27,944",100% bearish,of 1 rating,N/A
UHAL,$369.4,1441383312354,"8,630",100% bullish,of 2 ratings,$393.50
DOX,$56.28,1441383312403,"73,289",67% bearish,of 3 ratings,$60
AMED,$40.12,1441383312543,"51,817",100% bearish,of 1 rating,$42
ATAX,$5.3199,1441383312612,"18,899",100% bullish,of 1 rating,$6.50
AAL,$40.88,1441383312706,"2,354,054",93% bullish,of 88 ratings,$57
AMOV,NULL,1441383312740,0,100% bearish,of 1 rating,N/A
AGNC,$18.96,1441383312765,"476,011",71% bullish,of 28 ratings,$22
ASBI,$22.627,1441383312793,803,Not yet rated,NULL,N/A
AGNCB,$24.2307,1441383312929,951,Not yet rated,NULL,N/A
AGNCP,$25.3025,1441383313075,905,Not yet rated,NULL,N/A
ACSF,$12.31,1441383313208,"4,005",100% bearish,of 1 rating,$15
MTGE,$15,1441383313255,"102,876",75% bullish,of 4 ratings,$19.50
ACAS,$13.6752,1441383313282,"429,325",60% bullish,of 5 ratings,$16.75
ANCI,NULL,1441383313302,0,100% bearish,of 1 rating,N/A
AETI,$3.11,1441383313362,200,67% bearish,of 3 ratings,N/A
AMIC,NULL,1441383313434,0,100% bearish,of 1 rating,N/A
MTGEP,$24.25,1441383313490,1,Not yet rated,NULL,N/A
AMNB,$22.731,1441383313618,"3,449",Not yet rated,NULL,$25.50
ARII,$40.27,1441383313746,"32,394",67% bearish,of 3 ratings,$45
ANAT,$97.89,1441383313791,"14,859",100% bullish,of 1 rating,N/A
AMRB,NULL,1441383313842,0,Not yet rated,NULL,$11
ASEI,$38.91,1441383313872,"1,478",100% bearish,of 1 rating,$52.50
APEI,$21.695,1441383313921,"2,777",100% bearish,of 1 rating,$25.50
AMSWA,$8.89,1441383314005,"4,491",100% bearish,of 2 ratings,$10.75
AMSC,$4.93,1441383314030,"7,221",50% bullish,of 4 ratings,N/A
AMWD,$66.82,1441383314186,"20,978",50% bullish,of 2 ratings,$70
ABCB,$27.2,1441383314220,"15,098",Not yet rated,NULL,$31
AMSF,$46,1441383314285,"7,622",Not yet rated,NULL,$57.50
ASRV,$3.23,1441383314314,304,100% bullish,of 2 ratings,N/A
CRMT,$35.335,1441383314339,"4,119",100% bearish,of 1 rating,$38
ASRVP,NULL,1441383314415,0,Not yet rated,NULL,N/A
ATLO,$22.55,1441383314504,"1,036",Not yet rated,NULL,N/A
AMGN,$146.7244,1441383314547,"596,513",89% bullish,of 19 ratings,$185
FOLD,$14.99,1441383314691,"397,499",56% bullish,of 9 ratings,$21
AMKR,$5.34,1441383314789,"173,486",100% bearish,of 2 ratings,$5
AMSG,$78.42,1441383314816,"51,841",100% bearish,of 1 rating,$85.50
AMSGP,NULL,1441383314875,0,Not yet rated,NULL,N/A
ASYS,$5.4,1441383315007,"3,594",67% bullish,of 3 ratings,$12
AMPH,$13.3,1441383315093,"41,608",50% bullish,of 2 ratings,$20
AMRS,$1.73,1441383315140,"22,685",70% bullish,of 10 ratings,N/A
AFSI,$57.49,1441383315166,"49,929",60% bullish,of 5 ratings,$72
ANAC,$133.62,1441383315294,"76,114",80% bullish,of 5 ratings,$180.50
ALOG,$80.45,1441383315374,"16,237",100% bearish,of 2 ratings,$100.50
ANAD,$0.315,1441383315401,"66,811",100% bullish,of 2 ratings,$.50
ADI,$54.55,1441383315431,"212,989",75% bullish,of 4 ratings,$69
AMCF,NULL,1441383315536,0,NULL,NULL,NULL
ANCB,NULL,1441383315563,0,Not yet rated,NULL,$23
ABCW,$41.05,1441383315693,"2,822",67% bullish,of 3 ratings,N/A
ANGO,$14.4,1441383315785,"14,662",67% bullish,of 3 ratings,$19
ANGI,$5.045,1441383315884,"54,889",64% bullish,of 11 ratings,$5.50
ANSS,$90.05,1441383315928,"88,893",100% bearish,of 1 rating,$100
ANIK,$35.55,1441383316367,"16,096",60% bullish,of 5 ratings,$51.25
ATRS,$1.78,1441383316405,"120,610",92% bullish,of 12 ratings,$4.50
ANTH,$7.22,1441383316437,"170,947",80% bullish,of 10 ratings,$13
APIC,$6.73,1441383316464,"10,120",100% bearish,of 1 rating,$19
ANIP,$51.88,1441383316498,"25,813",89% bullish,of 19 ratings,$66
ABAC,$0.8,1441383316694,"1,218",100% bearish,of 1 rating,N/A
ATNY,$2.4,1441383316793,400,50% bullish,of 2 ratings,$3.75
APOL,$10.85,1441383316820,"157,528",87% bearish,of 68 ratings,$14
AAPL,$109.21,1441383316890,"11,922,607",86% bullish,of 2364 ratings,$150
AINV,$6.45,1441383316988,"183,061",50% bullish,of 4 ratings,$8
APOG,$51.9,1441383317013,"26,527",50% bullish,of 2 ratings,$67
APPF,$17.145,1441383317040,"12,872",50% bullish,of 2 ratings,$22
APDN,$3.3262,1441383317251,"6,752",Not yet rated,NULL,$9
ARCI,$1.19,1441383317324,"2,600",Not yet rated,NULL,N/A
AGTC,$16.07,1441383317382,"6,688",50% bullish,of 2 ratings,$33
APDNW,$1.4404,1441383317409,100,Not yet rated,NULL,N/A
AMAT,$15.53,1441383317638,"3,117,734",82% bullish,of 11 ratings,$23
AMCC,$5.73,1441383317663,"69,252",80% bullish,of 5 ratings,$8
AAOI,$20.43,1441383317732,"47,075",50% bullish,of 4 ratings,$26
AQMS,$4.9799,1441383317888,"1,183",Not yet rated,NULL,N/A
APRI,$1.638,1441383317919,"95,675",83% bullish,of 6 ratings,$4.86
AQXP,$15.86,1441383317981,"92,874",50% bullish,of 2 ratings,$2
AREX,$2.4,1441383318014,"191,230",50% bullish,of 2 ratings,$3
AUMA,$9.85,1441383318082,200,Not yet rated,NULL,N/A
AUMAU,NULL,1441383318109,0,Not yet rated,NULL,N/A
APTO,$5.11,1441383318157,202,Not yet rated,NULL,$17
ARDM,NULL,1441383318390,0,100% bullish,of 1 rating,$26
PETX,$17.6,1441383318526,"45,806",100% bearish,of 2 ratings,$26
ABUS,$7.05,1441383318552,"136,898",86% bullish,of 14 ratings,$21.50
AUMAW,NULL,1441383318637,0,Not yet rated,NULL,N/A
ABIO,$6.02,1441383318693,"20,305",50% bullish,of 2 ratings,$3.75
RKDA,$5.48,1441383318739,618,100% bearish,of 2 ratings,$10
ARCB,$28.62,1441383318798,"50,319",67% bearish,of 3 ratings,$39.50
ACGL,$68.29,1441383318933,"50,887",50% bullish,of 2 ratings,$72
ACAT,$25.47,1441383318964,"18,728",100% bearish,of 3 ratings,$33
ARCW,$3.25,1441383319059,"239,136",100% bearish,of 2 ratings,$10.50
AGII,$54.22,1441383319180,"13,744",Not yet rated,NULL,$59.50
ARNA,$2.735,1441383319210,"257,451",90% bullish,of 78 ratings,$5.50
ARCC,$15.34,1441383319314,"316,744",67% bearish,of 3 ratings,$17.75
ARDX,$19.16,1441383319369,"26,324",50% bullish,of 2 ratings,$24.50
AGIIL,$25.33,1441383319474,"1,157",Not yet rated,NULL,N/A
ARGS,$6.1878,1441383319537,"2,902",50% bullish,of 2 ratings,$19.50
ARKR,$25.07,1441383319604,"1,184",50% bullish,of 2 ratings,N/A
ARIS,$3.69,1441383319672,100,Not yet rated,NULL,$4.50
ARIA,$8.005,1441383319698,"2,475,150",87% bullish,of 46 ratings,$9
ARTX,$1.36,1441383319880,"19,000",88% bullish,of 16 ratings,$4.50
ARMH,$42.825,1441383319950,"363,219",54% bearish,of 13 ratings,$60
ARWAR,NULL,1441383320014,0,Not yet rated,NULL,N/A
ARWA,NULL,1441383320040,0,Not yet rated,NULL,N/A
ARWAU,$10.2,1441383320092,100,100% bullish,of 1 rating,N/A
ARQL,$1.69,1441383320117,"7,219",75% bullish,of 4 ratings,$5
ARWAW,NULL,1441383320172,0,Not yet rated,NULL,N/A
ARRY,$5.71,1441383320359,"210,773",100% bullish,of 7 ratings,$10
ARRS,$26.02,1441383320420,"118,699",50% bullish,of 2 ratings,$38
AROW,$27.24,1441383320499,902,Not yet rated,NULL,N/A
DWAT,$9.7,1441383320528,"2,500",100% bearish,of 1 rating,N/A
ARWR,$5.38,1441383320548,"323,420",75% bullish,of 4 ratings,$10.50
ARTNA,$21.76,1441383320695,"2,522",100% bearish,of 1 rating,$29
ARTW,NULL,1441383320766,0,75% bearish,of 4 ratings,N/A
ASBB,NULL,1441383320792,0,Not yet rated,NULL,N/A
ASND,$20.03,1441383320845,"14,183",50% bullish,of 2 ratings,$30
ASTI,$0.2106,1441383320982,"2,118,349",83% bullish,of 6 ratings,$3
APWC,$1.64,1441383321016,404,100% bearish,of 1 rating,N/A
ASCMA,$26.71,1441383321044,"7,199",100% bearish,of 1 rating,$45
ASNA,$12.025,1441383321073,"718,245",50% bullish,of 2 ratings,$18
ASML,$91.55,1441383321177,"149,515",50% bullish,of 4 ratings,$127
ASMI,NULL,1441383321199,0,NULL,NULL,NULL
ASMB,$13.02,1441383321400,"17,703",67% bullish,of 3 ratings,N/A
ASFI,$8.8,1441383321475,800,100% bullish,of 1 rating,N/A
AZPN,$38.65,1441383321504,"130,099",50% bullish,of 2 ratings,$42
ASTE,$38.03,1441383321530,"18,202",100% bearish,of 1 rating,$49
ALOT,NULL,1441383321685,0,100% bearish,of 1 rating,N/A
ASTC,$2.22,1441383321728,"4,807",100% bullish,of 5 ratings,N/A
ATAI,$2.35,1441383321778,"2,771",100% bearish,of 1 rating,N/A
ATRO,$49.68,1441383321817,"47,372",100% bearish,of 2 ratings,$80
ATRA,$42.8,1441383321871,"24,581",50% bullish,of 2 ratings,$68
ASUR,$5.36,1441383321948,"2,890",50% bullish,of 2 ratings,$8
ATHN,$132.7,1441383322027,"40,945",67% bearish,of 3 ratings,$153
ATHX,$1.13,1441383322112,"18,051",89% bullish,of 9 ratings,$5
AFCB,NULL,1441383322139,0,Not yet rated,NULL,N/A
AAPC,$10.1,1441383322328,7,Not yet rated,NULL,N/A
AAME,$3.5,1441383322357,400,Not yet rated,NULL,N/A
ACFC,$5.4778,1441383322412,"1,338",100% bearish,of 1 rating,$6.50
ATLC,$3.93,1441383322544,600,67% bullish,of 3 ratings,N/A
AAWW,$38.535,1441383322569,"80,368",50% bullish,of 2 ratings,$65
ATNI,$74.14,1441383322594,"12,344",100% bearish,of 1 rating,$69.50
AFH,$16.1,1441383322619,"89,976",Not yet rated,NULL,$21.50
ATML,$7.96,1441383322769,"1,406,326",78% bullish,of 9 ratings,$9.50
ATOS,$0.8797,1441383322842,"63,126",100% bullish,of 7 ratings,$7
ATRC,$23.55,1441383322903,"33,071",100% bullish,of 1 rating,$30
ATRI,$371.95,1441383323045,504,Not yet rated,NULL,N/A
ATTU,$12.96,1441383323072,"6,186",100% bearish,of 1 rating,$20.50
ATRM,NULL,1441383323096,0,50% bullish,of 2 ratings,N/A
LIFE,$14.3,1441383323675,"5,641",86% bullish,of 7 ratings,$43
AUDC,$3.27,1441383323777,"8,084",80% bullish,of 5 ratings,$5
EARS,$4.36,1441383323827,"1,800",100% bearish,of 2 ratings,$11
ADSK,$45.64,1441383323852,"460,319",67% bullish,of 6 ratings,$66
AUBN,$26.5,1441383323878,700,Not yet rated,NULL,N/A
ADAT,$0.3409,1441383323899,"502,215",100% bullish,of 2 ratings,N/A
ABTL,$18.78,1441383323928,"23,299",100% bullish,of 4 ratings,$20.25
AVGO,$122.75,1441383324152,"499,187",88% bullish,of 8 ratings,$165
AUPH,$3.3499,1441383324241,"6,799",100% bearish,of 1 rating,$8
AVEO,$1.39,1441383324283,"172,598",75% bullish,of 8 ratings,$3
AAVL,$10.14,1441383324326,"77,185",100% bearish,of 1 rating,$20
AVGR,$14.81,1441383324387,"8,406",100% bearish,of 1 rating,$20
AVID,$8.62,1441383324412,"77,112",100% bearish,of 1 rating,$20
ADP,$76.49,1441383324456,"403,994",100% bearish,of 1 rating,$88
AVNW,$1.19,1441383324544,"35,041",50% bullish,of 2 ratings,N/A
AVNU,$12.74,1441383324630,500,Not yet rated,NULL,$14
CAR,$42.52,1441383324859,"640,886",80% bullish,of 5 ratings,$60
AWRE,$3.23,1441383324885,"5,829",67% bullish,of 3 ratings,N/A
ACLS,$3.22,1441383324912,"50,687",67% bullish,of 6 ratings,$4.75
AXPW,$1.9699,1441383324937,"200,409",86% bullish,of 7 ratings,N/A
AXTI,$2.12,1441383325100,"2,098",50% bullish,of 2 ratings,$2.75
AXGN,$4.5729,1441383325135,"7,150",Not yet rated,NULL,$5
AXPWW,NULL,1441383325237,0,Not yet rated,NULL,N/A
BCOM,NULL,1441383325265,0,100% bearish,of 1 rating,N/A
RILY,NULL,1441383325291,0,Not yet rated,NULL,N/A
BEAV,$48.98,1441383325339,"118,206",67% bearish,of 3 ratings,$59
BOSC,$2.07,1441383325499,"1,900",50% bullish,of 2 ratings,N/A
BIDU,$145,1441383325604,"709,485",81% bullish,of 88 ratings,$210
BCPC,$56.81,1441383325629,"33,230",100% bearish,of 1 rating,$75
BWINA,NULL,1441383325656,0,Not yet rated,NULL,N/A
BLDP,$1.3045,1441383325854,"57,719",91% bullish,of 22 ratings,$2.50
BANF,$59.6,1441383325879,"3,501",Not yet rated,NULL,$68
BWINB,$22.27,1441383325906,"1,066",Not yet rated,NULL,N/A
BOCH,$5.72,1441383326122,95,Not yet rated,NULL,$6.50
BMRC,$48.69,1441383326160,"2,084",Not yet rated,NULL,$52
BKMU,$6.83,1441383326226,"6,529",Not yet rated,NULL,$8
BANFP,$26.8,1441383326254,266,Not yet rated,NULL,N/A
BKSC,NULL,1441383326282,0,Not yet rated,NULL,N/A
BOTJ,NULL,1441383326307,0,Not yet rated,NULL,N/A
OZRK,$40.27,1441383326411,"39,218",67% bullish,of 3 ratings,$49.50
BFIN,$12.02,1441383326481,"2,824",Not yet rated,NULL,$13
BZUN,$5.232,1441383326732,"79,789",50% bullish,of 2 ratings,$11.50
BWFG,$18.23,1441383326792,"1,638",100% bearish,of 1 rating,N/A
BANR,$43.725,1441383326822,"16,978",100% bullish,of 3 ratings,$50
BHAC,NULL,1441383326882,0,Not yet rated,NULL,N/A
BHACU,NULL,1441383326932,0,Not yet rated,NULL,N/A
TAPR,$32.56,1441383326962,600,100% bearish,of 1 rating,N/A
BHACR,$0.21,1441383326983,"2,098",Not yet rated,NULL,N/A
BHACW,NULL,1441383327070,0,Not yet rated,NULL,N/A
BBSI,$34.58,1441383327167,"6,826",67% bearish,of 3 ratings,$62.50
BSET,$28.85,1441383327270,"18,434",100% bearish,of 1 rating,$35
BYBK,NULL,1441383327319,0,100% bearish,of 1 rating,N/A
BBCN,$14.155,1441383327414,"28,563",100% bearish,of 1 rating,$16
BYLK,$12.84,1441383327468,300,Not yet rated,NULL,$14
BV,$5.06,1441383327572,"73,296",67% bullish,of 6 ratings,$8.75
BECN,$35.71,1441383327748,"41,028",50% bullish,of 2 ratings,$40
BCBP,$11.31,1441383327778,42,Not yet rated,NULL,N/A
BBGI,$3.95,1441383327853,"1,019",100% bearish,of 1 rating,N/A
BEBE,$1.1814,1441383327881,"292,378",75% bullish,of 4 ratings,$2.125
BDCV,$4.8489,1441383327954,"2,344",100% bearish,of 1 rating,$10.19
BSF,$8.08,1441383327979,"3,070",Not yet rated,NULL,N/A
BBBY,$62.05,1441383328121,"209,990",71% bullish,of 7 ratings,$75
BELFB,$18.47,1441383328183,"3,377",100% bearish,of 1 rating,N/A
BELFA,$15,1441383328217,12,100% bearish,of 1 rating,N/A
BLCM,$15.79,1441383328239,"31,798",50% bullish,of 4 ratings,$40
BLPH,$4.23,1441383328311,"5,013",100% bearish,of 1 rating,$12.50
BNFT,$35.79,1441383328399,"15,659",67% bullish,of 3 ratings,$46
BNCL,$12.39,1441383328424,"56,436",100% bullish,of 3 ratings,$12.50
BNTC,$7.1,1441383328614,"1,300",100% bullish,of 1 rating,N/A
BGMD,$0.6204,1441383328654,"32,218",100% bullish,of 10 ratings,N/A
ORPN,$5.49,1441383328795,"2,003",100% bullish,of 1 rating,$28.50
BGFV,$11.37,1441383328822,"26,175",57% bullish,of 7 ratings,$12
BGCP,$8.76,1441383328843,"205,819",88% bullish,of 8 ratings,$14
BIND,$4.8499,1441383328990,"7,043",75% bullish,of 4 ratings,$13.50
BASI,$1.6358,1441383329027,200,Not yet rated,NULL,N/A
BCRX,$11.41,1441383329055,"98,865",63% bullish,of 8 ratings,$18
BCDA,NULL,1441383329081,0,Not yet rated,NULL,N/A
BIOC,$1.98,1441383329102,"94,498",83% bullish,of 6 ratings,$3.85
BIIB,$299.83,1441383329277,"289,568",88% bullish,of 16 ratings,$400
BIOD,$0.715,1441383329331,"4,766",80% bullish,of 5 ratings,$4
BDSI,$6.305,1441383329356,"224,004",88% bullish,of 8 ratings,$17
BIOL,$1.55,1441383329528,"4,208",Not yet rated,NULL,N/A
BLFS,$2.29,1441383329557,"59,647",100% bearish,of 1 rating,$4.75
BLRX,$1.7201,1441383329578,"89,612",100% bullish,of 12 ratings,$5
BRLI,NULL,1441383329656,0,NULL,NULL,NULL
BVXV,$3.7501,1441383329731,"8,307",Not yet rated,NULL,N/A
BMRN,$125.79,1441383329760,"135,599",80% bullish,of 5 ratings,$160
BVXVW,NULL,1441383329782,0,100% bearish,of 1 rating,N/A
BPTH,$1.15,1441383329811,"13,454",100% bullish,of 2 ratings,$5
BIOS,$2.42,1441383329947,"146,230",71% bullish,of 7 ratings,$4
BBC,$31.05,1441383329971,"2,158",Not yet rated,NULL,N/A
BBP,$31.9234,1441383330028,"9,963",Not yet rated,NULL,N/A
BSPM,$0.7,1441383330131,"38,808",50% bullish,of 2 ratings,N/A
BSTC,$47.99,1441383330158,"9,291",100% bearish,of 1 rating,$76
BOTA,$2.14,1441383330359,"8,303",88% bullish,of 8 ratings,N/A
BITI,$16.66,1441383330469,"5,145",100% bullish,of 1 rating,$28
BJRI,$44.275,1441383330497,"39,550",50% bullish,of 2 ratings,$55
BEAT,$15.57,1441383330523,"136,779",67% bearish,of 3 ratings,$15
TECH,$92.37,1441383330544,"59,540",100% bullish,of 1 rating,$117
BDMS,NULL,1441383330575,0,100% bearish,of 1 rating,N/A
BBOX,$14.8,1441383330704,"8,400",100% bearish,of 1 rating,N/A
BDE,$7.5,1441383330733,"10,463",50% bullish,of 2 ratings,$9
BBRY,$7.565,1441383330871,"4,198,115",61% bullish,of 331 ratings,$9
BLKB,$57.08,1441383330899,"24,384",100% bearish,of 2 ratings,$66
HAWK,$39.18,1441383330968,"22,959",91% bullish,of 11 ratings,$49
BKCC,$9.38,1441383331135,"60,162",50% bullish,of 2 ratings,$10
ADRA,$26.1036,1441383331164,"1,398",100% bearish,of 1 rating,N/A
ADRD,$21.2022,1441383331238,"1,224",100% bearish,of 1 rating,N/A
ADRE,$28.65,1441383331265,"8,552",100% bearish,of 1 rating,N/A
ADRU,$21,1441383331397,762,100% bearish,of 1 rating,N/A
BCOR,$13.3,1441383331430,"33,092",57% bullish,of 7 ratings,$15
BLMN,$20.42,1441383331457,"70,621",83% bullish,of 6 ratings,$27.50
BLBD,$11.59,1441383331487,790,Not yet rated,NULL,N/A
BUFF,$23.69,1441383331617,"148,225",77% bullish,of 13 ratings,$31.50
BBLU,$0.91,1441383331675,"300,093",100% bullish,of 2 ratings,$4.43
NILE,$33.65,1441383331745,"7,124",50% bullish,of 2 ratings,$34
BHBK,$13.86,1441383331833,"27,169",100% bullish,of 1 rating,$14.50
BLUE,$128.42,1441383331889,"108,006",71% bullish,of 7 ratings,$217.50
BKEP,$6.495,1441383332030,"6,298",100% bearish,of 1 rating,$8.50
BKEPP,NULL,1441383332117,0,100% bearish,of 1 rating,N/A
BPMC,$28.3,1441383332151,"15,810",50% bullish,of 2 ratings,$47.50
BNCN,$20.94,1441383332251,"9,504",Not yet rated,NULL,$24
BOBE,$44.99,1441383332276,"92,657",75% bullish,of 4 ratings,$57
BOFI,$112.385,1441383332302,"128,945",100% bullish,of 6 ratings,$144
BOJA,$20.396,1441383332444,"45,312",100% bullish,of 1 rating,$30
WIFI,$7.52,1441383332576,"50,859",50% bullish,of 2 ratings,$13.50
BNSO,$1.2301,1441383332602,900,100% bearish,of 1 rating,N/A
BONA,$11.15,1441383332625,"21,166",75% bullish,of 4 ratings,$8.50
BAMM,$3.2,1441383332655,857,60% bullish,of 5 ratings,N/A
BOKF,$61.85,1441383332786,"20,214",100% bearish,of 1 rating,$69
BPFH,$11.74,1441383332945,"75,673",100% bearish,of 1 rating,$14
BCLI,$3.1399,1441383333079,"7,399",80% bullish,of 5 ratings,$12
EPAY,$26.42,1441383333107,"17,718",100% bearish,of 2 ratings,$30
BDBD,$8.2805,1441383333174,"80,038",60% bullish,of 5 ratings,$10
BPFHP,$24.4601,1441383333204,200,100% bearish,of 1 rating,N/A
BPFHW,NULL,1441383333225,0,100% bearish,of 1 rating,N/A
BBEPP,$14.6,1441383333307,"2,643",50% bullish,of 2 ratings,N/A
BBEP,$2.625,1441383333362,"231,342",69% bullish,of 13 ratings,$5.625
BBRG,$12.35,1441383333388,"4,371",67% bullish,of 3 ratings,$14.50
BDGE,$25.86,1441383333463,"3,267",Not yet rated,NULL,$31.75
BLIN,$1.611,1441383333595,"299,227",50% bullish,of 2 ratings,$2.20
BCOV,$5.181,1441383333731,"18,051",67% bullish,of 3 ratings,$10.20
BRID,$8.1,1441383333819,2,100% bearish,of 1 rating,N/A
BRCM,$51.03,1441383333845,"586,562",69% bullish,of 13 ratings,$56
BVSN,$5.86,1441383333975,800,60% bearish,of 5 ratings,N/A
BYFC,NULL,1441383334028,0,50% bullish,of 2 ratings,N/A
BSFT,$32,1441383334053,"27,939",57% bullish,of 7 ratings,$40.50
BRCD,$10.229,1441383334083,"347,404",92% bullish,of 13 ratings,$12
BRKL,$10.39,1441383334104,"60,679",100% bearish,of 1 rating,$12
BRKR,$17.87,1441383334274,"99,633",100% bearish,of 2 ratings,$22
BRKS,$10.42,1441383334306,"62,399",67% bullish,of 3 ratings,$15.25
BMTC,$29.09,1441383334334,"8,888",Not yet rated,NULL,$34
BWEN,$3.15,1441383334362,"20,384",75% bullish,of 4 ratings,$8
BSQR,$6.248,1441383334468,"8,587",67% bullish,of 3 ratings,N/A
BLMT,$21.03,1441383334495,328,Not yet rated,NULL,N/A
BWLD,$195.8,1441383334676,"55,065",82% bullish,of 11 ratings,$205
BUR,$1.7178,1441383334808,200,100% bearish,of 1 rating,$8
BLDR,$15.38,1441383334837,"266,246",67% bullish,of 3 ratings,$22
CFFI,NULL,1441383334869,0,100% bearish,of 1 rating,N/A
CHRW,$67.83,1441383334890,"222,356",Not yet rated,NULL,$72
CA,$27.05,1441383334974,"564,131",50% bullish,of 4 ratings,$33
CDNS,$20.41,1441383335031,"330,461",75% bullish,of 4 ratings,$22.50
CACQ,$7.11,1441383335120,"39,782",100% bearish,of 1 rating,$12.25
CDZI,$7.3095,1441383335175,"11,278",100% bearish,of 1 rating,N/A
CZR,$9.215,1441383335251,"111,745",60% bearish,of 5 ratings,$10.50
CCMP,$42.405,1441383335280,"6,007",50% bullish,of 2 ratings,$59
CSTE,$39.21,1441383335383,"20,770",50% bullish,of 2 ratings,$65
PRSS,$4.44,1441383335515,"2,852",80% bullish,of 5 ratings,$4.50
CLBS,$1.72,1441383335643,"40,204",79% bullish,of 14 ratings,$4
CHY,$11.0346,1441383335687,"53,368",Not yet rated,NULL,N/A
CLMS,$9.65,1441383335715,"51,572",Not yet rated,NULL,$10.50
CCD,$19.3701,1441383335740,"12,639",Not yet rated,NULL,N/A
CHI,$10.3414,1441383335824,"55,134",100% bearish,of 1 rating,N/A
CFGE,NULL,1441383335923,0,Not yet rated,NULL,N/A
CHW,$7.3651,1441383336054,"87,085",100% bearish,of 1 rating,N/A
CAMP,$15.835,1441383336128,"107,933",88% bullish,of 8 ratings,$25
CGO,$11.87,1441383336157,"4,256",100% bearish,of 1 rating,N/A
CVGW,$50.63,1441383336179,"132,529",50% bullish,of 2 ratings,$62
CFNB,NULL,1441383336222,0,100% bearish,of 1 rating,N/A
CSQ,$9.6945,1441383336248,"111,620",Not yet rated,NULL,N/A
CALD,$16.04,1441383336317,"72,713",100% bearish,of 1 rating,$21
CALA,$6.1063,1441383336349,"92,926",67% bullish,of 3 ratings,$19.50
CALM,$52.71,1441383336702,"46,167",80% bullish,of 5 ratings,$63.50
CAMB,NULL,1441383336804,0,Not yet rated,NULL,N/A
ABCD,$5.1,1441383336830,"17,479",83% bullish,of 6 ratings,N/A
CLMT,$25.52,1441383336859,"30,126",75% bullish,of 8 ratings,$31
CAMBU,NULL,1441383336889,0,100% bearish,of 1 rating,N/A
CAC,$39.705,1441383336967,"3,409",Not yet rated,NULL,N/A
CAMBW,NULL,1441383336995,0,Not yet rated,NULL,N/A
CSIQ,$18.44,1441383337020,"260,503",86% bullish,of 28 ratings,$42.50
CAMT,$2.6101,1441383337196,"13,949",73% bullish,of 11 ratings,$4
CBNJ,$11.1771,1441383337249,"3,253",100% bearish,of 1 rating,N/A
CBF,$29.95,1441383337391,"8,645",Not yet rated,NULL,$32
CGIX,$9.9499,1441383337429,"1,040",67% bullish,of 3 ratings,$14.375
CPLA,$48.75,1441383337497,"13,021",67% bearish,of 3 ratings,$65
CPHC,NULL,1441383337523,0,100% bearish,of 1 rating,N/A
CCBG,$14.91,1441383337592,"1,102",Not yet rated,NULL,$17.25
CPLP,$7.07,1441383337619,"51,668",71% bullish,of 7 ratings,$11
CPTA,$13.99,1441383337847,"4,427",100% bearish,of 1 rating,$18.25
CSWC,$43.32,1441383337882,"17,647",Not yet rated,NULL,N/A
CFFN,$11.76,1441383337952,"77,877",Not yet rated,NULL,$12.75
CAPN,$2.198,1441383337979,"26,250",100% bullish,of 1 rating,$10.85
CAPR,$4.3,1441383338008,141,Not yet rated,NULL,$12
CAPNW,NULL,1441383338108,0,Not yet rated,NULL,N/A
CARA,$18.9,1441383338135,"56,182",50% bullish,of 4 ratings,$25
CPST,$0.3878,1441383338163,"154,309",95% bullish,of 22 ratings,$1.25
CARB,$11.18,1441383338299,"9,440",75% bullish,of 4 ratings,$12
CFNL,$21.87,1441383338443,"11,308",Not yet rated,NULL,$24
CRDC,$0.3495,1441383338474,"90,750",100% bullish,of 1 rating,$1.25
CBYL,$5.025,1441383338495,"14,516",100% bearish,of 1 rating,$20
CSII,$22.95,1441383338626,"31,582",100% bearish,of 2 ratings,$42.125
CRME,$9.22,1441383338677,"2,107",89% bullish,of 9 ratings,$11.25
CATM,$33.75,1441383338703,"59,883",100% bearish,of 1 rating,$44
CDNA,$6.9283,1441383338728,"5,818",100% bearish,of 1 rating,$9
CTRE,$10.825,1441383338962,"58,285",50% bullish,of 2 ratings,$13.50
CLBH,$12.5001,1441383338987,611,Not yet rated,NULL,$16.50
CARO,$15.09,1441383339042,704,100% bearish,of 1 rating,$19
CKEC,$22.21,1441383339073,"34,468",50% bullish,of 2 ratings,$35.915
CECO,$3.6,1441383339178,"45,055",67% bearish,of 3 ratings,$6
CART,NULL,1441383339282,0,100% bearish,of 1 rating,N/A
TAST,$12.65,1441383339307,"67,010",Not yet rated,NULL,$14.25
CRZO,$35.165,1441383339485,"288,139",67% bearish,of 3 ratings,$54.50
CACB,$5.28,1441383339558,"5,590",Not yet rated,NULL,$5.50
CARV,$6.3,1441383339585,"6,200",50% bullish,of 2 ratings,N/A
CRTN,NULL,1441383339630,0,100% bearish,of 1 rating,N/A
CASM,$1.21,1441383339768,"6,064",100% bullish,of 1 rating,$3.50
CSCD,$15.4,1441383339845,"4,234",100% bullish,of 2 ratings,$17
CASY,$105.85,1441383339923,"45,326",50% bullish,of 2 ratings,$99.50
CASI,$1.3106,1441383339952,634,100% bullish,of 1 rating,$3.50
CWST,$6.32,1441383340006,"11,190",50% bullish,of 2 ratings,$7.25
CATB,$11.31,1441383340055,"6,115",100% bearish,of 1 rating,$28
CPRX,$3.72,1441383340112,"228,011",71% bullish,of 7 ratings,$7
CASS,$48.67,1441383340189,"3,981",100% bearish,of 1 rating,N/A
CATY,$28.91,1441383340244,"84,387",100% bearish,of 1 rating,$33.50
CATYW,NULL,1441383340435,0,100% bearish,of 1 rating,N/A
CAVM,$68.47,1441383340463,"127,125",67% bearish,of 3 ratings,$72
CVCO,$71.21,1441383340594,745,100% bearish,of 1 rating,N/A
CNLMR,NULL,1441383340618,0,Not yet rated,NULL,N/A
CNLMU,NULL,1441383340643,0,100% bullish,of 1 rating,N/A
CNLM,NULL,1441383340673,0,Not yet rated,NULL,N/A
CBFV,$21.4599,1441383340827,421,Not yet rated,NULL,$25
CNLMW,NULL,1441383340914,0,Not yet rated,NULL,N/A
CBOE,$63.791,1441383340987,"55,204",Not yet rated,NULL,$63
CDW,$38.715,1441383341046,"120,894",75% bullish,of 4 ratings,$44
CDK,$48.375,1441383341119,"29,904",67% bearish,of 3 ratings,$50
CPXX,$2.2879,1441383341193,"13,217",100% bullish,of 2 ratings,$7
CELG,$117.24,1441383341297,"735,893",100% bullish,of 13 ratings,$156
CECE,$9.68,1441383341349,"63,238",50% bullish,of 2 ratings,$16
CELGZ,$1.76,1441383341398,7,80% bullish,of 5 ratings,N/A
CLDN,$1.195,1441383341430,"22,993",63% bullish,of 8 ratings,$3
CLRB,$3,1441383341458,320,100% bearish,of 1 rating,N/A
CLDX,$14.02,1441383341530,"184,863",89% bullish,of 9 ratings,$36
CLRBW,NULL,1441383341682,0,Not yet rated,NULL,N/A
CLTX,$1.8261,1441383341852,"35,907",100% bullish,of 2 ratings,N/A
CLSN,$2.0101,1441383341881,"27,925",80% bullish,of 10 ratings,$7.50
CLLS,$32.12,1441383341902,"24,964",75% bullish,of 4 ratings,$51.50
CBMG,$23.38,1441383341923,"25,717",50% bullish,of 2 ratings,N/A
CYAD,$47.01,1441383342055,100,100% bullish,of 1 rating,$87.50
CEMP,$33.28,1441383342142,"103,443",71% bullish,of 7 ratings,$52
CETX,$2.4405,1441383342168,"12,100",Not yet rated,NULL,$5.60
CSFL,$13.61,1441383342301,"30,198",Not yet rated,NULL,$15
CETV,$2.055,1441383342329,"8,172",67% bullish,of 3 ratings,$2.80
CFBK,$1.34,1441383342358,896,Not yet rated,NULL,N/A
CENT,$14.1,1441383342493,"52,521",Not yet rated,NULL,$10
CENTA,$14.49,1441383342524,"36,822",Not yet rated,NULL,N/A
CENX,$5.28,1441383342548,"432,132",67% bullish,of 6 ratings,$9
CVCY,$11.54,1441383342630,198,Not yet rated,NULL,$12
CNTY,$5.8401,1441383342774,"2,789",80% bullish,of 5 ratings,$7.75
CNBKA,$39.12,1441383342838,198,50% bullish,of 2 ratings,N/A
CPHD,$49.27,1441383342901,"188,448",67% bearish,of 3 ratings,$66
CRNT,$1.38,1441383342939,"14,742",50% bullish,of 2 ratings,$2
CERE,$1.14,1441383342996,"131,200",88% bullish,of 8 ratings,N/A
CERN,$60.07,1441383343025,"155,667",67% bullish,of 3 ratings,$79
CERS,$5.08,1441383343085,"123,364",75% bullish,of 4 ratings,$7
CERU,$4.185,1441383343231,"9,381",75% bullish,of 4 ratings,$14
CYOU,$18.6,1441383343435,"20,308",50% bullish,of 6 ratings,$24
HOTR,$1.33,1441383343462,"23,498",100% bullish,of 2 ratings,$5
CEVA,$19.14,1441383343485,"5,224",100% bearish,of 1 rating,$25
KOOL,$0.6476,1441383343506,"14,960",100% bullish,of 5 ratings,$7
HOTRW,$0.15,1441383343538,"10,650",Not yet rated,NULL,N/A
CTHR,$1.2601,1441383343681,"1,500",50% bullish,of 2 ratings,$2.50
GTLS,$23.39,1441383343708,"35,076",50% bullish,of 4 ratings,$40
CHTR,$181.22,1441383343841,"103,928",67% bearish,of 3 ratings,$202
CHFN,$12.05,1441383343878,"5,108",Not yet rated,NULL,$14
CHEKW,NULL,1441383343940,0,Not yet rated,NULL,N/A
CHEK,NULL,1441383343967,0,Not yet rated,NULL,$7.75
CHKP,$78.32,1441383344034,"333,554",50% bullish,of 4 ratings,$92
CEMI,$4.22,1441383344192,"2,074",50% bullish,of 2 ratings,$7.50
CHFC,$30.34,1441383344220,"18,297",100% bearish,of 1 rating,$36
CCXI,$6.2,1441383344246,"7,402",67% bullish,of 3 ratings,$14
CHMG,$26.36,1441383344438,200,Not yet rated,NULL,$30
CHMA,$28.04,1441383344470,"38,636",Not yet rated,NULL,$40
CHEV,$14.3458,1441383344491,966,Not yet rated,NULL,N/A
CHKE,$25.46,1441383344525,"4,615",100% bearish,of 1 rating,$32.50
CBNK,$16.78,1441383344569,200,100% bearish,of 1 rating,N/A
PLCE,$58.15,1441383344659,"29,359",100% bearish,of 1 rating,$69
CADC,$3.34,1441383344741,400,78% bullish,of 9 ratings,N/A
CMRX,$49.65,1441383344824,"60,855",50% bullish,of 2 ratings,$57
CALI,NULL,1441383344909,0,67% bullish,of 3 ratings,N/A
CBAK,$2.03,1441383344960,"67,337",67% bullish,of 9 ratings,N/A
CAAS,$6.02,1441383345007,"1,779",93% bullish,of 14 ratings,$11.50
CBPO,$93.84,1441383345064,"25,710",75% bullish,of 8 ratings,$140.50
CCCL,NULL,1441383345256,0,100% bullish,of 6 ratings,N/A
CHOP,NULL,1441383345356,0,50% bullish,of 2 ratings,N/A
CCCR,NULL,1441383345418,0,67% bearish,of 3 ratings,N/A
CHLN,$1.77,1441383345443,100,67% bullish,of 3 ratings,N/A
JRJC,$3.4194,1441383345485,"12,720",82% bullish,of 11 ratings,N/A
CNIT,$1.141,1441383345585,"31,330",67% bullish,of 6 ratings,N/A
CJJD,$1.8,1441383345685,"1,000",100% bullish,of 1 rating,N/A
HGSH,$1.75,1441383345787,801,67% bullish,of 3 ratings,N/A
CSUN,$1.363,1441383346144,135,80% bullish,of 5 ratings,N/A
CPGI,$6.79,1441383346175,900,Not yet rated,NULL,N/A
CNTF,$0.8197,1441383346196,"12,286",Not yet rated,NULL,N/A
CHNR,NULL,1441383346238,0,100% bearish,of 1 rating,N/A
CCIH,$7.44,1441383346282,"54,903",67% bullish,of 6 ratings,$12.65
HTHT,$25.518,1441383346327,"22,352",50% bullish,of 2 ratings,$28.40
CREG,$0.6499,1441383346355,"8,050",100% bullish,of 3 ratings,N/A
CXDC,$6.05,1441383346597,"15,568",67% bearish,of 3 ratings,N/A
CNYD,NULL,1441383346624,0,67% bullish,of 3 ratings,N/A
CNET,$0.8201,1441383346650,"7,684",50% bullish,of 2 ratings,N/A
CHSCL,$27.27,1441383346675,"3,514",Not yet rated,NULL,N/A
IMOS,$19.505,1441383346823,"45,626",60% bullish,of 5 ratings,$21.50
CHSCM,$26.2605,1441383346850,"3,023",Not yet rated,NULL,N/A
CHSCN,$27.0799,1441383346932,655,Not yet rated,NULL,N/A
CHSCO,$28.409,1441383347074,368,Not yet rated,NULL,N/A
CHDN,$133.825,1441383347101,"16,811",Not yet rated,NULL,$165
CHSCP,NULL,1441383347129,0,Not yet rated,NULL,N/A
CDTX,$14.1,1441383347154,"7,885",Not yet rated,NULL,$22
CHUY,$31.43,1441383347179,"22,720",50% bullish,of 2 ratings,$34
CIFC,$6.91,1441383347346,911,100% bearish,of 1 rating,N/A
CMCT,NULL,1441383347479,0,100% bearish,of 1 rating,N/A
CINF,$51.97,1441383347542,"93,336",50% bullish,of 4 ratings,$50.50
CMPR,$70.195,1441383347571,"27,838",50% bullish,of 2 ratings,$72.50
CTAS,$84.04,1441383347626,"73,060",100% bearish,of 1 rating,$91
CIDM,$0.5801,1441383347654,"6,315",50% bullish,of 2 ratings,$2.10
CPHR,$5,1441383347682,900,100% bearish,of 1 rating,$17
CRUS,$29.81,1441383347730,"122,324",75% bullish,of 12 ratings,$44.50
CSCO,$25.555,1441383347940,"5,326,036",83% bullish,of 210 ratings,$32
CTRN,$26.04,1441383348071,"19,119",100% bearish,of 1 rating,$31.50
CZNC,$19.5983,1441383348139,"2,553",Not yet rated,NULL,N/A
CZWI,$9,1441383348194,316,Not yet rated,NULL,N/A
CZFC,NULL,1441383348268,0,Not yet rated,NULL,N/A
CIZN,NULL,1441383348295,0,Not yet rated,NULL,N/A
CHCO,$47.12,1441383348324,"8,458",Not yet rated,NULL,$46
CIVB,$10.0001,1441383348361,"1,550",Not yet rated,NULL,$11
CTXS,$67.89,1441383348510,"259,502",86% bullish,of 7 ratings,$80
CLNE,$5.2001,1441383348694,"174,754",80% bullish,of 15 ratings,$9
CIVBP,NULL,1441383348839,0,Not yet rated,NULL,N/A
CLRO,NULL,1441383348869,0,50% bullish,of 2 ratings,$14.25
CDTI,$1.5736,1441383348890,"16,750",75% bullish,of 4 ratings,$3.20
CLNT,$1.55,1441383348922,"4,600",75% bullish,of 8 ratings,N/A
CLFD,$17.03,1441383348947,"2,549",67% bullish,of 3 ratings,$18
CLIR,$4.99,1441383349026,"19,678",100% bullish,of 3 ratings,N/A
CLVS,$82.28,1441383349319,"65,162",60% bullish,of 5 ratings,$101.50
CSBK,$13.75,1441383349359,"10,182",Not yet rated,NULL,N/A
CBLI,$4.16,1441383349386,"9,619",60% bullish,of 5 ratings,N/A
CMFN,$11.14,1441383349407,"5,787",100% bearish,of 1 rating,$15.50
CME,$92.66,1441383349542,"384,010",67% bullish,of 3 ratings,$102
CCNE,$17,1441383349568,"3,009",50% bullish,of 2 ratings,$21.50
CNV,$4.42,1441383349639,"11,984",50% bullish,of 2 ratings,$7.15
COBZ,$12.73,1441383349793,"7,515",100% bullish,of 1 rating,$14
CISG,$7.72,1441383349895,"1,800",100% bullish,of 5 ratings,$10
CDXS,$3.51,1441383349927,"16,072",64% bullish,of 11 ratings,$6
CWAY,$11.28,1441383349953,200,Not yet rated,NULL,N/A
COKE,$162.071,1441383349978,"2,368",79% bullish,of 19 ratings,N/A
CDRB,$9.3,1441383350006,"14,439",67% bullish,of 3 ratings,N/A
CVLY,NULL,1441383350240,0,Not yet rated,NULL,N/A
JVA,$4.6838,1441383350272,"3,500",83% bullish,of 6 ratings,$7
CCOI,$27.27,1441383350374,"41,636",50% bullish,of 4 ratings,$35
CTSH,$62.06,1441383350431,"602,898",90% bullish,of 10 ratings,$75
CGNT,$1.55,1441383350460,600,100% bullish,of 2 ratings,$2
COHR,$55.16,1441383350481,"16,151",50% bullish,of 2 ratings,$72
CGNX,$34.711,1441383350612,"67,134",50% bullish,of 2 ratings,$47
CHRS,$25.69,1441383350771,"49,757",67% bearish,of 3 ratings,$37
CLCT,$17.89,1441383350799,"5,166",100% bearish,of 1 rating,N/A
CLRX,$0.6899,1441383350825,"7,404",50% bullish,of 2 ratings,N/A
COLL,$15.27,1441383350962,"7,492",100% bearish,of 1 rating,$26
COHU,$9.54,1441383350988,"9,631",100% bearish,of 1 rating,$14.25
CIGI,$42.28,1441383351036,"10,200",100% bearish,of 1 rating,$52
CLCD,$5.73,1441383351066,"26,804",100% bearish,of 1 rating,$20.50
CBAN,NULL,1441383351174,0,Not yet rated,NULL,N/A
COLB,$29.33,1441383351331,"17,310",Not yet rated,NULL,$36
CMCO,$18.71,1441383351430,"7,209",60% bullish,of 5 ratings,$28
COLM,$61.19,1441383351467,"13,642",100% bearish,of 1 rating,$71
CMCSK,$56.535,1441383351597,"869,165",Not yet rated,NULL,$84
CBMX,$1.122,1441383351624,"3,200",83% bullish,of 6 ratings,$3.15
CBSH,$43.29,1441383351646,"48,620",50% bullish,of 2 ratings,$46
CMCSA,$55.67,1441383351667,"2,121,615",66% bullish,of 35 ratings,$69.50
CBSHP,$25.44,1441383351837,"2,058",100% bearish,of 1 rating,N/A
CUBN,NULL,1441383351930,0,Not yet rated,NULL,N/A
COMM,$32.72,1441383351963,"112,583",67% bearish,of 3 ratings,$35
CVGI,$4.83,1441383351995,"14,843",50% bullish,of 2 ratings,$6
JCS,$8.843,1441383352064,"2,200",67% bullish,of 3 ratings,N/A
CSAL,$20.145,1441383352091,"99,165",75% bullish,of 4 ratings,$30
CYHHZ,$0.01,1441383352256,"7,982",100% bullish,of 1 rating,N/A
ESXB,NULL,1441383352291,0,Not yet rated,NULL,N/A
CVLT,$35.7,1441383352421,"152,590",75% bullish,of 4 ratings,$44.50
CWBC,NULL,1441383352482,0,Not yet rated,NULL,N/A
CTBI,$34.35,1441383352551,"4,004",Not yet rated,NULL,$36
COB,$10.26,1441383352580,"1,500",100% bullish,of 1 rating,$11.75
CIZ,$31.97,1441383352640,"6,752",100% bearish,of 1 rating,N/A
CID,$32.49,1441383352686,810,Not yet rated,NULL,N/A
CIL,NULL,1441383352711,0,Not yet rated,NULL,N/A
CSA,NULL,1441383352902,0,Not yet rated,NULL,N/A
CSF,$36.1499,1441383353058,948,100% bearish,of 1 rating,N/A
CDC,$33.76,1441383353084,"24,095",Not yet rated,NULL,N/A
CFO,$34.75,1441383353142,"20,636",100% bearish,of 1 rating,N/A
CFA,$34.8288,1441383353213,500,100% bearish,of 1 rating,N/A
CDL,$32.826,1441383353237,"1,157",Not yet rated,NULL,N/A
CSB,NULL,1441383353284,0,Not yet rated,NULL,N/A
CGEN,$5.02,1441383353309,"21,836",50% bullish,of 2 ratings,$11
CTG,$6.51,1441383353516,"3,071",100% bearish,of 1 rating,$8.50
CPSI,$45.5,1441383353655,"12,071",100% bearish,of 1 rating,$45.50
CNSI,$18.21,1441383353701,"14,151",100% bearish,of 2 ratings,$29
CHCI,$0.73,1441383353790,800,50% bullish,of 2 ratings,N/A
CMTL,$25.925,1441383353820,"3,526",100% bearish,of 2 ratings,$37
SCOR,$47.4101,1441383353841,"87,744",100% bearish,of 1 rating,$66
CNCE,$15.975,1441383353924,"20,620",75% bullish,of 4 ratings,$22
CNAT,$3.91,1441383353970,"21,200",83% bullish,of 6 ratings,$13
CXRX,$82.95,1441383354170,300,100% bearish,of 1 rating,$90
CDOR,$1.25,1441383354233,"3,600",100% bullish,of 1 rating,N/A
CCUR,$5.3,1441383354261,55,75% bullish,of 4 ratings,N/A
CDORO,NULL,1441383354299,0,100% bearish,of 1 rating,N/A
CDORP,$6.25,1441383354329,300,100% bearish,of 1 rating,N/A
CFMS,$13.9399,1441383354475,"103,821",100% bearish,of 1 rating,$26.50
CNFR,$10.06,1441383354561,12,Not yet rated,NULL,N/A
CNMD,$50.75,1441383354658,"27,335",Not yet rated,NULL,$59
CTWS,$34.16,1441383354689,"2,922",100% bearish,of 1 rating,$44
CNXR,$7.02,1441383354822,"18,552",100% bearish,of 1 rating,$12
CONN,$28.57,1441383354895,"119,249",67% bullish,of 3 ratings,$48.50
CWCO,$10.3,1441383354924,"20,628",67% bullish,of 3 ratings,$14.50
CNOB,$18.84,1441383354998,"7,479",100% bullish,of 1 rating,$23.50
CNSL,$19.48,1441383355055,"41,703",100% bearish,of 1 rating,$23
CTCT,$24.42,1441383355159,"45,233",67% bullish,of 3 ratings,$37
CPSS,$5.53,1441383355204,"2,577",100% bullish,of 1 rating,$10
CFRXW,NULL,1441383355290,0,100% bearish,of 1 rating,N/A
CFRXZ,NULL,1441383355318,0,Not yet rated,NULL,N/A
CFRX,$4.84,1441383355448,300,Not yet rated,NULL,$14
CTRV,$3.53,1441383355473,"2,850",Not yet rated,NULL,$6.40
CTRL,$8.33,1441383355681,"45,560",50% bullish,of 2 ratings,$11
CPRT,$34.81,1441383355767,"61,147",67% bearish,of 3 ratings,$40
CORE,$58.9801,1441383355831,"26,970",100% bearish,of 1 rating,$72
BVA,NULL,1441383355882,0,50% bullish,of 2 ratings,N/A
CORI,$10.49,1441383355910,"18,370",100% bearish,of 1 rating,$18
CORT,$4.92,1441383355931,"88,061",67% bullish,of 3 ratings,$12
CRBP,$1.85,1441383355996,"52,525",100% bullish,of 2 ratings,$6.25
CSOD,$36.63,1441383356098,"43,993",50% bullish,of 2 ratings,$42
CRVL,$30.5,1441383356125,"3,708",100% bearish,of 1 rating,N/A
CPAH,$0.4376,1441383356259,100,50% bullish,of 2 ratings,N/A
CSGP,$175,1441383356304,"12,904",50% bullish,of 2 ratings,$235
COSI,$1.07,1441383356329,"2,559",100% bullish,of 1 rating,N/A
COST,$138.8299,1441383356467,"404,200",79% bullish,of 24 ratings,$154.50
ICBK,NULL,1441383356600,0,Not yet rated,NULL,$21
CVTI,$22.79,1441383356629,"10,915",67% bearish,of 3 ratings,$39
COVS,$2.52,1441383356731,"10,200",67% bullish,of 3 ratings,N/A
CPSH,$2.41,1441383356805,702,Not yet rated,NULL,N/A
COWN,$5.03,1441383356862,"139,950",75% bullish,of 4 ratings,$7
COWNL,$26.62,1441383356889,113,Not yet rated,NULL,N/A
CRAI,$23.26,1441383356921,"2,800",100% bearish,of 1 rating,$36
CBRL,$146.1825,1441383357019,"32,714",50% bullish,of 2 ratings,$155
CRAY,$20.85,1441383357154,"27,260",83% bullish,of 6 ratings,$38.50
BREW,$7.62,1441383357186,"5,105",67% bullish,of 6 ratings,$15
CACC,$201.07,1441383357284,"23,271",50% bullish,of 2 ratings,$158.50
GLDI,$10.9604,1441383357309,100,100% bearish,of 1 rating,N/A
SLVO,$10.08,1441383357334,237,100% bearish,of 1 rating,N/A
CREE,$26.09,1441383357498,"139,936",65% bullish,of 17 ratings,$29.50
CRESY,$10.0601,1441383357524,"3,401",100% bearish,of 1 rating,$19
CRTO,$37.29,1441383357659,"137,033",67% bullish,of 6 ratings,$64
CROX,$13.975,1441383357685,"215,100",63% bullish,of 8 ratings,$16.50
CRWS,$8.0999,1441383357764,700,Not yet rated,NULL,$10
CRDS,$1.14,1441383357821,"66,852",50% bullish,of 4 ratings,$3.375
CCRN,$14.29,1441383357846,"125,964",100% bearish,of 1 rating,$14.25
CYRX,$2.947,1441383358055,"9,778",Not yet rated,NULL,$9
CRWN,$5.27,1441383358117,"57,554",75% bullish,of 4 ratings,N/A
CSGS,$29.79,1441383358157,"36,284",Not yet rated,NULL,$40
CYRXW,$0.745,1441383358181,"8,500",Not yet rated,NULL,N/A
CCLP,$13.4,1441383358254,"36,031",67% bearish,of 3 ratings,$20
CSPI,$5.63,1441383358387,"3,378",67% bullish,of 3 ratings,N/A
CTCM,$1.71,1441383358529,"25,100",80% bearish,of 5 ratings,$3.90
CTIB,NULL,1441383358574,0,100% bearish,of 1 rating,N/A
CTIC,$1.52,1441383358600,"146,100",84% bullish,of 76 ratings,$5.75
CUNB,$21.65,1441383358664,"1,164",Not yet rated,NULL,$24.50
CTRP,$64.6,1441383358734,"343,327",75% bullish,of 8 ratings,$92.50
CMLS,$1.31,1441383358866,"34,738",50% bullish,of 4 ratings,$6
CUI,$5.35,1441383359025,"6,109",50% bullish,of 2 ratings,$10
CPIX,$6.1,1441383359050,"2,910",Not yet rated,NULL,N/A
CRIS,$2.54,1441383359179,"31,410",100% bullish,of 8 ratings,$6
CUTR,$14.9324,1441383359238,"28,964",67% bearish,of 3 ratings,$18
CYBR,$46.14,1441383359281,"978,799",75% bullish,of 8 ratings,$68.50
CVBF,$15.88,1441383359307,"35,534",Not yet rated,NULL,$18
CYAN,$6.43,1441383359383,950,100% bearish,of 1 rating,N/A
CVV,$11.26,1441383359574,"1,312",100% bullish,of 5 ratings,N/A
CYBE,$6.98,1441383359636,"2,828",100% bearish,of 1 rating,N/A
CYCC,$0.558,1441383359663,"14,192",73% bullish,of 11 ratings,N/A
CYBX,$64.68,1441383359684,"30,790",50% bullish,of 4 ratings,$71.50
CYCCP,$5.51,1441383359717,"1,504",100% bearish,of 1 rating,N/A
CBAY,$2.69,1441383359747,"5,200",100% bullish,of 1 rating,$4
CYNA,$16,1441383359853,"1,933",50% bullish,of 2 ratings,$31.50
CYNO,$32.81,1441383360072,"52,442",67% bearish,of 3 ratings,$45.50
CYTK,$7.2,1441383360203,"33,700",71% bullish,of 14 ratings,$13.50
CY,$10.0101,1441383360236,"499,361",80% bullish,of 10 ratings,$15.50
CYRN,$1.7003,1441383360258,"9,320",67% bullish,of 3 ratings,$4
CONE,$31.775,1441383360288,"101,460",67% bearish,of 3 ratings,$35.50
CYTX,$0.3685,1441383360335,"452,150",83% bullish,of 12 ratings,$5.50
DAEG,$0.36,1441383360416,95,100% bearish,of 1 rating,N/A
CYTR,$2.45,1441383360446,"116,623",67% bullish,of 6 ratings,$10
CTSO,$7.1577,1441383360550,"17,795",Not yet rated,NULL,$15.625
TVIZ,$24.1,1441383360702,"1,500",100% bearish,of 1 rating,N/A
TVIX,$16.91,1441383360727,"5,639,593",81% bullish,of 16 ratings,N/A
XIV,$22.86,1441383360809,"8,123,426",75% bearish,of 4 ratings,N/A
DJCO,$196.76,1441383360869,64,Not yet rated,NULL,N/A
ZIV,$34.82,1441383360943,"16,650",Not yet rated,NULL,N/A
DAKT,$8.35,1441383361003,"54,466",50% bullish,of 2 ratings,$12
DARA,$0.8299,1441383361047,"15,800",83% bullish,of 6 ratings,$1.50
DAIO,NULL,1441383361135,0,Not yet rated,NULL,N/A
DWCH,$4.9697,1441383361268,"5,127",75% bullish,of 4 ratings,$8.25
DRAM,$1.2995,1441383361295,"3,500",78% bullish,of 9 ratings,N/A
DTLK,$5.59,1441383361324,"25,659",100% bearish,of 1 rating,$9
DTEA,$13.23,1441383361452,"7,390",100% bearish,of 2 ratings,$24
PLAY,$36.78,1441383361482,"109,394",100% bullish,of 5 ratings,$42
DBVT,$36.67,1441383361510,"31,740",100% bearish,of 1 rating,$53
DWSN,$4.29,1441383361589,"1,036",67% bullish,of 3 ratings,N/A
DHRM,NULL,1441383361757,0,Not yet rated,NULL,N/A
TRAK,$62.89,1441383361789,"282,001",50% bullish,of 2 ratings,$62.50
DFRG,$14.29,1441383361893,"37,733",100% bearish,of 1 rating,$20
TACO,$12.98,1441383361918,"6,862",75% bullish,of 4 ratings,$20
TACOW,$4.736,1441383361945,"2,900",100% bullish,of 1 rating,N/A
DELT,$2.05,1441383362108,860,Not yet rated,NULL,N/A
DCTH,$0.4833,1441383362142,"489,889",78% bullish,of 9 ratings,N/A
DGAS,$20.3,1441383362167,44,67% bearish,of 3 ratings,N/A
DELTW,NULL,1441383362298,0,Not yet rated,NULL,N/A
DENN,$11.43,1441383362323,"91,583",100% bullish,of 3 ratings,$15
DEPO,$26.58,1441383362466,"99,907",60% bullish,of 5 ratings,$29
XRAY,$51.125,1441383362600,"199,136",100% bullish,of 1 rating,$58
DERM,$25.48,1441383362736,"7,575",100% bearish,of 1 rating,$33.50
DEST,$10.1,1441383362774,"4,707",50% bullish,of 2 ratings,N/A
DSCI,$6.1485,1441383362799,"28,373",50% bullish,of 2 ratings,$16
DXLG,$6.5199,1441383362839,"68,623",100% bearish,of 1 rating,$8
DSWL,$1.61,1441383362939,"2,800",100% bullish,of 1 rating,N/A
DXM,$0.2847,1441383362967,"34,569",50% bullish,of 2 ratings,N/A
DHXM,$6.398,1441383362993,100,100% bearish,of 1 rating,N/A
DXCM,$87.7,1441383363042,"73,652",57% bullish,of 7 ratings,$98
DMND,$30.455,1441383363187,"11,833",75% bullish,of 12 ratings,$32
DHIL,$188.95,1441383363263,500,Not yet rated,NULL,N/A
FANG,$66.55,1441383363375,"189,900",50% bullish,of 2 ratings,$86
DCIX,$1.6,1441383363451,"4,541",50% bullish,of 4 ratings,$3.50
DRNA,$11,1441383363528,"47,447",67% bearish,of 3 ratings,$25
DGII,$10.3,1441383363608,"3,806",100% bearish,of 1 rating,$11
DGLY,$7.3251,1441383363958,"13,427",50% bullish,of 6 ratings,$20
DPRX,$14.06,1441383364035,"11,105",100% bullish,of 2 ratings,$27.75
DIOD,$22.75,1441383364070,"146,086",75% bearish,of 4 ratings,$24
DRAD,$3.76,1441383364096,"6,469",100% bullish,of 1 rating,$5.25
DISCB,NULL,1441383364171,0,100% bearish,of 1 rating,$35
DCOM,$16.55,1441383364198,"10,975",100% bearish,of 2 ratings,$16
DMRC,$37.69,1441383364228,"9,420",100% bearish,of 1 rating,$44
APPS,$2.109,1441383364328,"25,731",100% bearish,of 1 rating,$10.25
DISCA,$26.88,1441383364520,"299,464",67% bullish,of 3 ratings,$34
DISCK,$25.5,1441383364550,"227,451",100% bearish,of 1 rating,$32
DISH,$59,1441383364629,"368,796",69% bullish,of 13 ratings,$73
DSCO,$0.4503,1441383364760,"121,111",83% bullish,of 6 ratings,$2.75
BAGR,$2.6716,1441383364791,"8,408",100% bearish,of 1 rating,$6
DVCR,NULL,1441383364819,0,100% bullish,of 1 rating,N/A
DNBF,$26,1441383364896,600,Not yet rated,NULL,$27.50
DLHC,$2.4928,1441383364962,100,100% bearish,of 1 rating,N/A
DGICB,NULL,1441383365100,0,100% bearish,of 1 rating,N/A
DGICA,$13.92,1441383365204,"2,500",100% bearish,of 1 rating,$17
DLTR,$68.495,1441383365231,"2,049,078",82% bullish,of 11 ratings,$85
DMLP,$14.8699,1441383365264,"4,184",100% bearish,of 1 rating,N/A
HILL,$9.69,1441383365370,"181,523",60% bearish,of 5 ratings,$9.75
DORM,$50.02,1441383365395,"70,936",100% bearish,of 1 rating,$56
DRWI,$0.207,1441383365539,"93,823",60% bullish,of 5 ratings,$.45
DRYS,$0.4479,1441383365673,"531,455",77% bullish,of 31 ratings,$.60
DWA,$20.6,1441383365705,"108,177",63% bullish,of 8 ratings,$26
DSKX,$3.26,1441383365737,"19,078",100% bullish,of 1 rating,N/A
DRWIW,$0.0445,1441383365757,"7,100",Not yet rated,NULL,N/A
DSPG,$8.89,1441383365805,"7,066",100% bearish,of 1 rating,$13.50
CADT,$10,1441383365829,200,Not yet rated,NULL,N/A
CADTR,NULL,1441383365995,0,Not yet rated,NULL,N/A
CADTW,NULL,1441383366139,0,Not yet rated,NULL,N/A
CADTU,NULL,1441383366169,0,Not yet rated,NULL,N/A
DTSI,$27.4499,1441383366271,"14,768",100% bearish,of 2 ratings,$39.50
DNKN,$48.6601,1441383366296,"134,801",67% bullish,of 15 ratings,$56.50
DRRX,$2.055,1441383366344,"67,078",50% bullish,of 6 ratings,$3
DXPE,$29.73,1441383366439,"24,032",50% bullish,of 2 ratings,N/A
BOOM,$10.31,1441383366650,"47,639",67% bullish,of 3 ratings,$12
DYAX,$22.02,1441383366679,"112,850",89% bullish,of 9 ratings,$30
DYNT,NULL,1441383366706,0,75% bullish,of 4 ratings,N/A
DYSL,$1.5,1441383366750,69,100% bullish,of 2 ratings,N/A
ETFC,$25.415,1441383366782,"860,384",57% bullish,of 14 ratings,$32.50
DVAX,$27.99,1441383366858,"36,873",70% bullish,of 10 ratings,$40
EGBN,$40.91,1441383366887,"7,390",Not yet rated,NULL,$48
EBMT,$11.5,1441383366918,300,Not yet rated,NULL,$13.50
EGLE,$6.56,1441383367112,"6,347",60% bullish,of 5 ratings,N/A
EGRX,$78.27,1441383367243,"30,796",67% bullish,of 3 ratings,$97
EACQU,NULL,1441383367398,0,Not yet rated,NULL,N/A
EWBC,$38.78,1441383367434,"128,057",100% bearish,of 1 rating,$50
EROC,$1.4701,1441383367645,"76,286",50% bullish,of 2 ratings,$3
ELNK,$8.54,1441383367673,"125,065",60% bullish,of 5 ratings,$9.50
EVBS,$6.68,1441383367704,100,Not yet rated,NULL,$7
EML,$16.1,1441383367726,712,Not yet rated,NULL,N/A
EBIX,$27.76,1441383367810,"29,753",69% bullish,of 13 ratings,$40
ECTE,$1.5424,1441383367873,"2,510",75% bullish,of 4 ratings,N/A
ECHO,$22.77,1441383368006,"44,194",67% bearish,of 3 ratings,$34.50
EBAY,$26.52,1441383368057,"2,086,766",81% bullish,of 117 ratings,$34
ELON,$0.5925,1441383368094,"1,155",50% bullish,of 2 ratings,N/A
EEI,$11.8,1441383368143,"1,151",67% bearish,of 3 ratings,N/A
SATS,$43.45,1441383368190,"16,759",50% bullish,of 2 ratings,$60
ECACU,$10.1,1441383368275,5,Not yet rated,NULL,N/A
EDAP,$3.534,1441383368542,"2,658",60% bullish,of 5 ratings,$4.50
EDGW,$7.21,1441383368569,"1,412",100% bearish,of 1 rating,N/A
EDUC,$6.5001,1441383368591,"9,712",100% bearish,of 1 rating,N/A
ESES,NULL,1441383368611,0,100% bearish,of 1 rating,$7
EGAN,$3.6607,1441383368649,"1,300",50% bullish,of 2 ratings,$6.25
EFUT,$4.51,1441383368755,300,Not yet rated,NULL,N/A
EGLT,$13,1441383368785,"15,154",50% bullish,of 2 ratings,$21
EMITF,$1.227,1441383369037,"1,854",75% bullish,of 4 ratings,N/A
ESLT,$78.51,1441383369098,982,67% bullish,of 3 ratings,N/A
LOCO,$12.65,1441383369130,"148,334",69% bullish,of 13 ratings,$19.50
EHTH,$14.71,1441383369151,"15,310",50% bullish,of 4 ratings,$17
ERI,$9.21,1441383369180,"13,868",100% bearish,of 1 rating,$10
ELRC,$10.54,1441383369228,"1,870",100% bearish,of 1 rating,N/A
ESIO,$4.48,1441383369356,"51,929",50% bullish,of 2 ratings,$10
EA,$66.28,1441383369415,"799,365",78% bullish,of 36 ratings,$80
EFII,$43.02,1441383369551,"9,323",80% bullish,of 5 ratings,$55
ELECU,NULL,1441383369616,0,Not yet rated,NULL,N/A
ELSE,NULL,1441383369642,0,60% bullish,of 5 ratings,N/A
ELEC,NULL,1441383369662,0,Not yet rated,NULL,N/A
ELECW,NULL,1441383369695,0,Not yet rated,NULL,N/A
EBIO,$3.3464,1441383369825,"90,487",100% bearish,of 2 ratings,$8.35
RDEN,$11.16,1441383369967,"13,174",100% bearish,of 4 ratings,$15
CAPX,NULL,1441383370030,0,Not yet rated,NULL,N/A
LONG,$16.87,1441383370054,"11,616",67% bullish,of 3 ratings,$15.75
ESBK,NULL,1441383370096,0,Not yet rated,NULL,N/A
ELTK,$1.3199,1441383370296,"8,382",67% bearish,of 3 ratings,N/A
EMCF,NULL,1441383370387,0,100% bearish,of 1 rating,N/A
EMCI,$21.83,1441383370413,"5,374",Not yet rated,NULL,N/A
EMMSP,NULL,1441383370449,0,100% bearish,of 1 rating,N/A
EMMS,$1.29,1441383370543,"13,582",67% bullish,of 6 ratings,N/A
NYNY,$4.355,1441383370687,"9,866",50% bullish,of 2 ratings,N/A
ERS,$3,1441383370720,"3,046",Not yet rated,NULL,N/A
EMKR,$6.83,1441383370746,"21,781",75% bullish,of 4 ratings,$8.50
WIRE,$32.35,1441383370880,"31,683",100% bearish,of 1 rating,$37
ENTA,$38.69,1441383370933,"32,047",50% bullish,of 2 ratings,$42
ENDP,$73.45,1441383370965,"335,176",50% bullish,of 6 ratings,$101.50
ECPG,$37.49,1441383371062,"48,064",100% bullish,of 2 ratings,$52
ELGX,$12.81,1441383371274,"82,517",75% bullish,of 4 ratings,$17
EIGI,$14.86,1441383371446,"24,834",67% bearish,of 3 ratings,$22.50
ECYT,$5.05,1441383371471,"52,000",83% bullish,of 6 ratings,$12
EFOI,$24.84,1441383371515,"194,277",50% bullish,of 2 ratings,$24.50
WATT,$6.8401,1441383371544,"23,039",50% bullish,of 2 ratings,$13
EXXI,$1.7999,1441383371608,"310,690",86% bullish,of 7 ratings,$3.50
ERII,$2.55,1441383371642,"2,773",80% bullish,of 5 ratings,$2.50
ENG,$1.0399,1441383371707,343,100% bullish,of 3 ratings,N/A
ENOC,$8.76,1441383371790,"28,553",75% bullish,of 4 ratings,$18
ENFC,$17.4,1441383371968,100,Not yet rated,NULL,N/A
ENTG,$13.5055,1441383372032,"56,168",100% bearish,of 1 rating,$18
ESGR,$149.8,1441383372059,"13,485",100% bearish,of 1 rating,$185
ENPH,$4.56,1441383372088,"263,184",75% bullish,of 4 ratings,$10
ENTL,$21.34,1441383372113,"198,421",Not yet rated,NULL,$28
ETRM,$0.2801,1441383372138,"238,094",69% bearish,of 35 ratings,$1.625
EBTC,$20.9,1441383372366,311,Not yet rated,NULL,N/A
EFSC,$23.58,1441383372437,"5,602",Not yet rated,NULL,$27
EGT,NULL,1441383372571,0,100% bullish,of 1 rating,N/A
ENZN,$1.0001,1441383372596,"28,459",100% bullish,of 9 ratings,N/A
ENVI,$1.8999,1441383372622,"595,585",67% bullish,of 3 ratings,N/A
ENZY,$10.35,1441383372643,"9,398",67% bullish,of 3 ratings,$9.50
EPZM,$19.62,1441383372895,"102,642",60% bullish,of 5 ratings,$34
EPRS,$5.15,1441383372948,"9,220",82% bullish,of 11 ratings,$15
PLUS,$74.18,1441383373035,"33,102",50% bullish,of 2 ratings,$88
EAC,$3.48,1441383373094,"1,427",100% bearish,of 1 rating,$8
EQFN,NULL,1441383373120,0,100% bearish,of 1 rating,N/A
EPIQ,$12.44,1441383373255,"6,395",100% bearish,of 1 rating,$18
EQIX,$270.623,1441383373284,"149,533",75% bullish,of 4 ratings,$312.50
ERIC,$9.58,1441383373388,"446,123",67% bullish,of 9 ratings,$12.20
ERIE,$80.15,1441383373517,"1,676",Not yet rated,NULL,$73
ESCA,$17.81,1441383373651,"2,078",100% bearish,of 1 rating,$22
ESCRP,$1.24,1441383373700,"5,068",100% bearish,of 1 rating,N/A
ESSA,$12.8501,1441383373807,"1,180",100% bearish,of 1 rating,N/A
ESCR,$0.2358,1441383373834,"182,326",50% bullish,of 2 ratings,N/A
ESMC,$1.29,1441383373859,609,Not yet rated,NULL,N/A
ESPR,$44.98,1441383373885,"226,798",70% bearish,of 10 ratings,$115
EPIX,NULL,1441383374021,0,Not yet rated,NULL,N/A
ESSX,NULL,1441383374074,0,50% bullish,of 2 ratings,N/A
ETSY,$14.28,1441383374099,"85,188",80% bullish,of 5 ratings,$16
ESND,$33.74,1441383374178,"16,925",100% bearish,of 2 ratings,$40
CLWT,NULL,1441383374249,0,100% bearish,of 1 rating,N/A
EEFT,$65.18,1441383374274,"37,199",100% bearish,of 1 rating,$67.50
ESEA,$4.4,1441383374320,"1,299",100% bullish,of 1 rating,$15
EVK,$3.461,1441383374572,200,75% bearish,of 4 ratings,N/A
EVEP,$7.78,1441383374598,"181,827",50% bullish,of 2 ratings,$15
EVOL,$5.74,1441383374729,"3,600",75% bullish,of 4 ratings,$10
EXAS,$20.93,1441383374757,"139,761",78% bullish,of 9 ratings,$31
EVLV,$2.61,1441383374779,"24,464",60% bullish,of 5 ratings,$4.625
EVOK,$3.6824,1441383374811,"20,852",100% bearish,of 1 rating,$13.375
EXA,$10.67,1441383374837,"8,517",100% bearish,of 1 rating,$13
EXEL,$5.65,1441383374859,"920,565",81% bullish,of 16 ratings,$6
EXAC,$19.08,1441383374994,"8,270",100% bearish,of 1 rating,$22.50
EXPD,$48.045,1441383375211,"689,861",80% bullish,of 5 ratings,$52
EXLS,$35.87,1441383375238,"9,041",50% bullish,of 2 ratings,$41
EXFO,$2.83,1441383375259,180,67% bearish,of 3 ratings,$3.95
EXPO,$42.37,1441383375294,"6,826",100% bearish,of 1 rating,$45.50
ESRX,$82.815,1441383375315,"562,124",67% bearish,of 6 ratings,$101
EXPE,$111.255,1441383375390,"144,987",64% bullish,of 11 ratings,$130
EXLP,$18.13,1441383375583,"25,737",100% bearish,of 1 rating,$25
EYEGW,NULL,1441383375636,0,Not yet rated,NULL,N/A
EYEG,$3.812,1441383375667,"1,000",Not yet rated,NULL,N/A
EZCH,$22.8775,1441383375714,"35,141",75% bullish,of 8 ratings,$19
EZPW,$5.9,1441383375742,"29,405",50% bullish,of 4 ratings,$7
EXTR,$3.14,1441383375771,"83,027",80% bullish,of 5 ratings,$3
FB,$87.42,1441383375815,"7,841,601",73% bullish,of 1075 ratings,$111
FFIV,$119.74,1441383375995,"168,468",63% bullish,of 8 ratings,$132
FCS,$13.61,1441383376102,"211,458",67% bearish,of 3 ratings,$17
FRP,$15.49,1441383376146,"11,223",100% bearish,of 1 rating,$18
FWM,$2.25,1441383376286,"5,619",100% bearish,of 2 ratings,$3.20
FALC,$1.6999,1441383376363,"10,890",63% bearish,of 8 ratings,N/A
FFKT,$25.35,1441383376501,"7,961",Not yet rated,NULL,$29
DAVE,$14.658,1441383376530,"6,489",100% bearish,of 1 rating,$15.50
FMNB,$8.17,1441383376554,"3,000",Not yet rated,NULL,N/A
FARM,$23.02,1441383376587,"3,819",100% bearish,of 1 rating,$35
FAST,$37.47,1441383376686,"382,600",80% bullish,of 5 ratings,$43
FBSS,NULL,1441383376733,0,Not yet rated,NULL,N/A
FARO,$37,1441383376768,"19,005",50% bullish,of 2 ratings,$48
FATE,$6.06,1441383376794,"1,100",50% bullish,of 2 ratings,$11
FBRC,$21.89,1441383376964,"4,933",100% bearish,of 1 rating,$29
FDML,$8.12,1441383377029,"101,828",50% bullish,of 4 ratings,$14
FNHC,$21.67,1441383377121,"7,456",100% bearish,of 1 rating,$35
FHCO,$1.39,1441383377226,"2,885",50% bullish,of 4 ratings,N/A
FEIC,$74.81,1441383377287,"39,446",50% bullish,of 2 ratings,$95.50
FENX,$9.38,1441383377312,"20,754",100% bullish,of 1 rating,$14.25
ONEQ,$184.75,1441383377492,"11,177",100% bullish,of 1 rating,N/A
FGEN,$22.99,1441383377522,"44,551",100% bearish,of 1 rating,$39
FRGI,$51.62,1441383377549,"10,321",50% bullish,of 2 ratings,$70
FDUS,$14.608,1441383377628,"10,241",50% bullish,of 2 ratings,$18
LION,$19.175,1441383377678,"8,208",100% bullish,of 1 rating,$20
FCSC,$5.59,1441383377716,"22,780",100% bearish,of 1 rating,$8.125
FSAM,$7.56,1441383377758,"10,406",100% bearish,of 1 rating,$10.25
FSC,$6.535,1441383377787,"97,868",60% bullish,of 5 ratings,$8
FSFR,$8.8062,1441383378008,"10,686",100% bearish,of 1 rating,$11.50
FITB,$19.14,1441383378040,"754,165",54% bullish,of 13 ratings,$22
FSCFL,NULL,1441383378144,0,Not yet rated,NULL,N/A
FNGN,$30.4224,1441383378235,"58,420",67% bullish,of 3 ratings,$47
FITBI,$27.5,1441383378274,"3,084",Not yet rated,NULL,N/A
FISI,$24.175,1441383378305,"2,992",100% bullish,of 2 ratings,$24.50
FNSR,$15.15,1441383378404,"199,085",71% bullish,of 7 ratings,$24
FNTC,NULL,1441383378534,0,Not yet rated,NULL,N/A
FNJN,$1.7501,1441383378709,"1,200",100% bearish,of 1 rating,$5
FEYE,$37.04,1441383378744,"1,669,339",88% bullish,of 16 ratings,$55.50
FNTCU,NULL,1441383378765,0,Not yet rated,NULL,N/A
FNTCW,NULL,1441383378799,0,Not yet rated,NULL,N/A
FBNC,$16.85,1441383378844,"2,504",100% bullish,of 1 rating,$20
FNLC,$18.61,1441383378898,792,100% bullish,of 1 rating,N/A
BUSE,$6.19,1441383378926,"22,508",Not yet rated,NULL,$6.875
FRBA,NULL,1441383379102,0,Not yet rated,NULL,$8
FCNCA,$227.75,1441383379342,893,Not yet rated,NULL,N/A
FCAP,$26.5,1441383379387,100,Not yet rated,NULL,N/A
FCVA,NULL,1441383379441,0,Not yet rated,NULL,N/A
FBIZ,$22.5,1441383379466,"5,788",100% bearish,of 2 ratings,$26
FCLF,$9.2,1441383379530,200,Not yet rated,NULL,N/A
FCFS,$38.75,1441383379637,"13,051",100% bearish,of 3 ratings,$47
FCBC,$16.97,1441383379710,"2,594",Not yet rated,NULL,$18
FCCO,$12.35,1441383379737,200,Not yet rated,NULL,$13.25
FBNK,$15.87,1441383379928,"19,116",100% bearish,of 1 rating,$17.50
FFNM,NULL,1441383379963,0,Not yet rated,NULL,N/A
FCFP,$6.7,1441383380011,"1,216",Not yet rated,NULL,N/A
FFBC,$18.1,1441383380069,"38,598",67% bearish,of 3 ratings,$20.25
FDEF,$36.12,1441383380144,700,Not yet rated,NULL,$38
FFIN,$29.5,1441383380169,"16,690",50% bullish,of 2 ratings,$31.75
FFBCW,NULL,1441383380375,0,100% bearish,of 1 rating,N/A
THFF,$32.12,1441383380402,"7,932",Not yet rated,NULL,$35
FFNW,$12.16,1441383380481,"3,791",Not yet rated,NULL,$14
FFWM,$21.25,1441383380536,"5,200",Not yet rated,NULL,$24
FIBK,$26.27,1441383380565,"29,916",Not yet rated,NULL,$32
FRME,$25.94,1441383380670,"22,985",Not yet rated,NULL,$26.50
INBK,$29.235,1441383380737,"4,275",50% bullish,of 2 ratings,$37
FMBI,$17.24,1441383380799,"74,630",Not yet rated,NULL,$20
FNFG,$9.01,1441383380898,"311,055",80% bullish,of 5 ratings,$9
FMBH,$22.28,1441383380923,329,Not yet rated,NULL,N/A
FNBC,$34.02,1441383380948,"12,519",Not yet rated,NULL,$40
FNWB,$12.15,1441383380994,"5,360",Not yet rated,NULL,N/A
FSFG,NULL,1441383381151,0,Not yet rated,NULL,N/A
FSGI,$2.49,1441383381330,"7,466",Not yet rated,NULL,N/A
FSLR,$47.35,1441383381378,"264,733",72% bullish,of 39 ratings,$65
BICK,$18.7,1441383381429,"2,800",100% bullish,of 1 rating,N/A
FBZ,NULL,1441383381455,0,Not yet rated,NULL,N/A
FSBK,$7.79,1441383381482,"1,814",100% bullish,of 1 rating,N/A
FCAN,NULL,1441383381533,0,Not yet rated,NULL,N/A
FTCS,$35.6272,1441383381678,"3,137",100% bearish,of 1 rating,N/A
FCA,$18.76,1441383381705,15,Not yet rated,NULL,N/A
IFV,$17.225,1441383381731,"91,904",100% bearish,of 1 rating,N/A
FV,$22.91,1441383381810,"388,286",100% bearish,of 1 rating,N/A
FEMB,NULL,1441383381942,0,Not yet rated,NULL,N/A
FTSM,$59.9535,1441383381968,"18,718",100% bearish,of 1 rating,N/A
FEUZ,NULL,1441383382013,0,Not yet rated,NULL,N/A
MDIV,$18.8703,1441383382251,"49,870",Not yet rated,NULL,N/A
FGM,$34.7408,1441383382276,"2,005",Not yet rated,NULL,N/A
HYLS,$49.6248,1441383382349,"6,014",100% bearish,of 1 rating,N/A
TDIV,$24.381,1441383382402,"14,371",100% bearish,of 1 rating,N/A
FTGC,$22.37,1441383382432,"14,359",Not yet rated,NULL,N/A
FTHI,$19.15,1441383382453,602,Not yet rated,NULL,N/A
FPXI,$26.55,1441383382507,100,Not yet rated,NULL,N/A
FHK,$32.0325,1441383382534,793,Not yet rated,NULL,N/A
YDIV,$16.0973,1441383382699,"2,642",Not yet rated,NULL,N/A
SKYY,$28.2402,1441383382836,"16,764",100% bullish,of 1 rating,N/A
CU,$12.34,1441383382890,"5,364",100% bearish,of 1 rating,N/A
PLTM,$6.1264,1441383382942,600,100% bearish,of 1 rating,N/A
FJP,$44.6068,1441383382967,"36,669",Not yet rated,NULL,N/A
LMBS,NULL,1441383383197,0,Not yet rated,NULL,N/A
FTLB,$19.06,1441383383225,1,100% bearish,of 1 rating,N/A
QABA,$36.7348,1441383383257,"3,532",100% bearish,of 1 rating,N/A
CIBR,$17.39,1441383383283,"14,849",Not yet rated,NULL,N/A
FMB,$51.26,1441383383309,472,Not yet rated,NULL,N/A
FONE,$34.67,1441383383353,10,Not yet rated,NULL,N/A
QCLN,$15.0401,1441383383420,"37,838",Not yet rated,NULL,N/A
CARZ,$33.6826,1441383383552,"4,610",100% bearish,of 1 rating,N/A
QQEW,$41.045,1441383383633,"9,446",Not yet rated,NULL,N/A
GRID,$30.99,1441383383679,"1,600",100% bearish,of 1 rating,N/A
RDVY,$20.6001,1441383383724,100,Not yet rated,NULL,N/A
QQXT,$39.7199,1441383383777,"7,371",Not yet rated,NULL,N/A
QTEC,$39.374,1441383384081,"18,563",Not yet rated,NULL,N/A
FTSL,$48.88,1441383384150,"6,113",100% bearish,of 1 rating,N/A
FKO,NULL,1441383384177,0,Not yet rated,NULL,N/A
FDIV,$47.05,1441383384209,"1,137",100% bearish,of 1 rating,N/A
QINC,NULL,1441383384242,0,Not yet rated,NULL,N/A
FSZ,$37.9813,1441383384310,931,Not yet rated,NULL,N/A
AIRR,$16.31,1441383384334,"1,546",100% bearish,of 1 rating,N/A
FTW,NULL,1441383384387,0,Not yet rated,NULL,N/A
TUSA,$24.46,1441383384544,"16,624",Not yet rated,NULL,N/A
FKU,$40.6,1441383384631,"23,267",Not yet rated,NULL,N/A
FUNC,NULL,1441383384728,0,Not yet rated,NULL,N/A
SVVC,$9.13,1441383384758,"10,207",50% bullish,of 2 ratings,$26
FMER,$17.23,1441383384783,"151,370",50% bullish,of 2 ratings,$20
FSV,$32.06,1441383384855,"6,106",Not yet rated,NULL,$33.60
FISV,$84.43,1441383384956,"190,487",100% bearish,of 3 ratings,$90
FIVE,$34.17,1441383384985,"347,600",75% bearish,of 4 ratings,$43.50
FPRX,$19.15,1441383385090,"46,649",50% bullish,of 2 ratings,$35
FLXN,$25.66,1441383385148,"10,948",100% bearish,of 1 rating,$40
FLML,$22.37,1441383385177,"32,543",50% bullish,of 2 ratings,$30
FIVN,$3.72,1441383385201,"21,438",100% bullish,of 1 rating,$8.50
FLKS,$11.45,1441383385248,"12,752",50% bullish,of 2 ratings,$27
MBSD,$24.94,1441383385387,"1,399",Not yet rated,NULL,N/A
SKOR,$50.52,1441383385414,"1,500",Not yet rated,NULL,N/A
FLXS,$31.11,1441383385550,"2,246",100% bearish,of 2 ratings,N/A
FLEX,$10.375,1441383385624,"332,343",63% bullish,of 8 ratings,$12
FLIR,$27.9799,1441383385685,"187,887",100% bearish,of 2 ratings,$38.50
FLDM,$11.05,1441383385772,"34,130",67% bearish,of 3 ratings,$15
FFIC,$19.15,1441383385817,"10,284",Not yet rated,NULL,$20.50
FOGO,$19.21,1441383385916,"17,907",50% bullish,of 2 ratings,$25.50
FOMX,$9.65,1441383385949,"17,877",50% bullish,of 2 ratings,$23.50
FONR,$9.8,1441383385998,"9,492",100% bullish,of 1 rating,N/A
FORM,$6.55,1441383386054,"10,959",67% bullish,of 3 ratings,$10.50
FES,$0.93,1441383386191,610,50% bullish,of 2 ratings,$1
FORTY,NULL,1441383386249,0,100% bearish,of 1 rating,N/A
FORR,$30.79,1441383386274,"15,490",Not yet rated,NULL,N/A
FTNT,$42.04,1441383386348,"143,746",80% bullish,of 10 ratings,$52
FBIO,$2.57,1441383386410,"47,000",83% bullish,of 6 ratings,N/A
FWRD,$43.85,1441383386538,"20,005",100% bearish,of 1 rating,$50
FOSL,$59.8699,1441383386708,"65,998",60% bearish,of 5 ratings,$80
FWP,$25.64,1441383386779,"25,567",100% bearish,of 1 rating,$45
FORD,$1.5999,1441383386804,"898,285",67% bullish,of 3 ratings,N/A
FOXF,$15.29,1441383386829,"5,240",100% bearish,of 1 rating,$19
FMI,$23.26,1441383386854,"20,349",100% bearish,of 2 ratings,$27.50
FXCB,$17.09,1441383386882,"1,826",Not yet rated,NULL,$19
FRAN,$12.31,1441383387054,"172,948",50% bullish,of 4 ratings,$15
FELE,$27.52,1441383387091,"20,166",50% bullish,of 4 ratings,$33
FRED,$12.74,1441383387260,"22,816",50% bullish,of 2 ratings,$15.50
RAIL,$20.04,1441383387289,"21,305",100% bearish,of 1 rating,$24.50
FEIM,$11.13,1441383387316,"5,552",100% bearish,of 1 rating,N/A
FREE,$0.354,1441383387462,"312,756",92% bullish,of 12 ratings,N/A
FRPT,$12.385,1441383387510,"58,836",67% bearish,of 3 ratings,$23.50
FTR,$5.44,1441383387640,"3,525,598",78% bullish,of 27 ratings,$6.25
FCEL,$0.8792,1441383387777,"174,960",88% bullish,of 41 ratings,$2.65
FTRPR,$105.86,1441383387823,700,100% bearish,of 1 rating,N/A
FULL,$3.11,1441383387869,"7,399",67% bearish,of 3 ratings,$4.25
FSBW,$22.97,1441383387900,200,Not yet rated,NULL,N/A
FRPH,$31.2,1441383387955,411,100% bearish,of 1 rating,N/A
FSYS,$6.35,1441383387983,"128,020",67% bullish,of 3 ratings,$8.50
FTEK,$1.97,1441383388010,"2,164",75% bullish,of 4 ratings,N/A
FTD,$29.7,1441383388144,"8,512",100% bearish,of 1 rating,$40
FULLL,$25.25,1441383388278,"2,500",Not yet rated,NULL,N/A
FLL,$1.473,1441383388304,"4,558",75% bullish,of 4 ratings,$3.50
FULT,$11.7,1441383388437,"100,467",100% bearish,of 1 rating,$13
FSNN,NULL,1441383388543,0,67% bullish,of 3 ratings,$6
FFHL,NULL,1441383388589,0,50% bullish,of 4 ratings,N/A
FXENP,NULL,1441383388675,0,100% bearish,of 1 rating,N/A
FXEN,$0.97,1441383388706,"1,347",75% bullish,of 4 ratings,$1.10
GAIA,$6.02,1441383388734,"6,017",50% bullish,of 2 ratings,$8.50
WILC,$5,1441383388760,760,100% bullish,of 2 ratings,N/A
GK,$66.97,1441383388807,"6,926",Not yet rated,NULL,$78
GLPG,$57.53,1441383388954,"3,669",100% bullish,of 1 rating,$75
GALTU,NULL,1441383389083,0,100% bearish,of 1 rating,N/A
GLMD,$8.355,1441383389264,"6,270",67% bullish,of 3 ratings,$20.50
GALTW,NULL,1441383389292,0,100% bullish,of 1 rating,N/A
GALE,$1.5795,1441383389314,"292,760",89% bullish,of 47 ratings,$4
GALT,$2.06,1441383389368,"3,800",80% bullish,of 5 ratings,N/A
GRMN,$36.61,1441383389476,"181,625",50% bullish,of 6 ratings,$46.50
GGAC,NULL,1441383389606,0,100% bearish,of 1 rating,N/A
GPIC,$9.92,1441383389666,200,100% bearish,of 1 rating,N/A
GLPI,$30.56,1441383389699,"90,341",100% bearish,of 1 rating,$37.50
GGACR,$0.24,1441383389736,"23,800",100% bullish,of 1 rating,N/A
GGACU,$10.27,1441383389770,300,Not yet rated,NULL,N/A
GENC,$9,1441383389899,200,100% bearish,of 1 rating,N/A
GGACW,$0.1556,1441383389929,"1,200",Not yet rated,NULL,N/A
GARS,$14.6258,1441383389982,"13,356",Not yet rated,NULL,$16
GNCMA,$17.08,1441383390337,"55,271",100% bearish,of 1 rating,$12
GFN,$3.8448,1441383390364,"4,743",100% bearish,of 2 ratings,$8
GFNCP,NULL,1441383390389,0,Not yet rated,NULL,N/A
GENE,$2.35,1441383390428,"24,684",100% bullish,of 12 ratings,N/A
GFNSL,$25.55,1441383390453,512,Not yet rated,NULL,N/A
GHDX,$25.44,1441383390534,"12,762",50% bullish,of 2 ratings,$30
GNCA,$10.87,1441383390587,"44,437",100% bearish,of 1 rating,$20
GNMK,$9.515,1441383390614,"19,579",67% bullish,of 6 ratings,$14
GNTX,$15.94,1441383390856,"957,815",Not yet rated,NULL,$20
GTWN,$17.85,1441383390887,277,Not yet rated,NULL,N/A
GABC,$28.75,1441383390915,"1,972",Not yet rated,NULL,$31.50
GEOS,$16.17,1441383390936,"33,319",100% bearish,of 3 ratings,$21
GNVC,$2.47,1441383390957,"1,119",90% bullish,of 10 ratings,$8.50
THRM,$44.51,1441383391085,"54,269",75% bearish,of 4 ratings,$55.50
GERN,$3.35,1441383391113,"1,060,939",88% bullish,of 17 ratings,$5.25
ROCK,$16.31,1441383391362,"33,585",80% bullish,of 5 ratings,$24
GIGM,$0.5221,1441383391392,"11,595",100% bullish,of 2 ratings,N/A
GEVO,$2.2499,1441383391418,"123,073",75% bullish,of 12 ratings,$5
GIGA,$1.31,1441383391491,"135,938",100% bearish,of 1 rating,N/A
GILT,$4.17,1441383391589,"1,800",50% bullish,of 2 ratings,N/A
GBCI,$25.61,1441383391675,"25,052",50% bullish,of 2 ratings,$31
GIII,$69.765,1441383391718,"102,473",67% bullish,of 3 ratings,$79
GLADO,$25.59,1441383391782,"1,600",Not yet rated,NULL,N/A
GILD,$102.45,1441383391812,"2,399,090",91% bullish,of 89 ratings,$129
GOOD,$13.9953,1441383391841,"28,704",Not yet rated,NULL,$19
GLAD,$8.715,1441383391942,"23,264",50% bullish,of 2 ratings,$8.75
GOODN,$25.61,1441383392017,200,Not yet rated,NULL,N/A
GOODP,$25.1201,1441383392070,100,Not yet rated,NULL,N/A
GOODO,NULL,1441383392098,0,Not yet rated,NULL,N/A
GAINN,$25.24,1441383392360,"40,610",Not yet rated,NULL,N/A
GAIN,$7.44,1441383392448,"22,757",100% bullish,of 2 ratings,$8.25
LAND,$9.06,1441383392491,"5,762",50% bullish,of 2 ratings,$13.75
GAINP,$25.6,1441383392518,"3,039",Not yet rated,NULL,N/A
GLBZ,NULL,1441383392550,0,Not yet rated,NULL,N/A
GBT,$52.48,1441383392572,"14,097",100% bearish,of 1 rating,N/A
GAINO,NULL,1441383392601,0,Not yet rated,NULL,N/A
GDEF,NULL,1441383392650,0,Not yet rated,NULL,N/A
ENT,$11.06,1441383392946,"52,803",100% bearish,of 1 rating,$18
GPACU,NULL,1441383393000,0,Not yet rated,NULL,N/A
GBLI,$26.84,1441383393025,"4,233",Not yet rated,NULL,N/A
GSOL,$8.25,1441383393055,"1,416",100% bearish,of 1 rating,N/A
ACTX,NULL,1441383393080,0,100% bullish,of 1 rating,N/A
QQQC,$18.478,1441383393157,"1,305",100% bearish,of 1 rating,N/A
SOCL,$17.0998,1441383393221,"11,798",100% bullish,of 2 ratings,N/A
SRET,$12.7899,1441383393414,551,Not yet rated,NULL,N/A
ALTY,NULL,1441383393464,0,Not yet rated,NULL,N/A
YLCO,$11.62,1441383393493,300,Not yet rated,NULL,N/A
GSM,$13.865,1441383393527,"110,476",50% bullish,of 2 ratings,$22
GBIM,$2.84,1441383393590,"17,289",50% bullish,of 2 ratings,N/A
GAI,$6.15,1441383393627,"2,914",50% bullish,of 2 ratings,N/A
GLBS,NULL,1441383393672,0,67% bullish,of 3 ratings,N/A
GLRI,$1.0727,1441383393765,"18,950",100% bearish,of 1 rating,$4.25
GLUU,$4.37,1441383393870,"216,942",92% bullish,of 26 ratings,$9
GLNG,$38.655,1441383394076,"270,729",83% bullish,of 6 ratings,$55.50
GDEN,$9.05,1441383394107,100,50% bullish,of 2 ratings,N/A
GLYC,$7.03,1441383394140,"1,700",50% bullish,of 2 ratings,$14
GOGO,$15.66,1441383394215,"117,848",80% bullish,of 5 ratings,$25
GLDC,$4.0393,1441383394248,322,50% bullish,of 2 ratings,N/A
GMLP,$20.95,1441383394269,"37,591",50% bullish,of 4 ratings,$29
GOGL,$2.9546,1441383394314,"144,554",75% bullish,of 4 ratings,$5
GBDC,$17.0346,1441383394352,"38,873",Not yet rated,NULL,$17.75
GTIM,$6.6301,1441383394508,"2,431",Not yet rated,NULL,$11.50
GOOG,$599.5989,1441383394535,"380,298",86% bullish,of 74 ratings,$787.50
GOOGL,$629.74,1441383394567,"375,656",88% bullish,of 1083 ratings,$749
GPRO,$38.126,1441383394669,"4,415,258",78% bullish,of 59 ratings,$72
GMAN,$3.7103,1441383394734,"5,117",60% bullish,of 5 ratings,$8.50
GPIA,NULL,1441383394805,0,100% bearish,of 1 rating,N/A
GPIAW,NULL,1441383394966,0,Not yet rated,NULL,N/A
LOPE,$37.19,1441383395070,"37,949",100% bearish,of 2 ratings,$50
GRVY,NULL,1441383395096,0,50% bullish,of 2 ratings,N/A
GBSNU,NULL,1441383395119,0,NULL,NULL,NULL
GBSN,$0.1632,1441383395159,"4,283,265",50% bullish,of 2 ratings,$8.25
GLDD,$5.35,1441383395186,"25,392",100% bearish,of 4 ratings,$7.75
GPIAU,NULL,1441383395206,0,Not yet rated,NULL,N/A
GSBC,$40.07,1441383395252,"4,025",100% bullish,of 1 rating,$44
GNBC,$11.49,1441383395428,"1,768",100% bearish,of 1 rating,$16.50
GRBK,$11.62,1441383395530,"32,218",77% bullish,of 13 ratings,N/A
GPP,$14.31,1441383395632,"1,100",Not yet rated,NULL,$20.50
GCBC,$28.4,1441383395723,100,100% bullish,of 1 rating,N/A
GLRE,$24.16,1441383395796,"56,250",50% bullish,of 2 ratings,$34
GPRE,$19.71,1441383395833,"101,492",67% bullish,of 6 ratings,$28.50
GRFS,$30.75,1441383395927,"308,375",50% bullish,of 2 ratings,$35
GGAL,$19.22,1441383395956,"25,105",80% bullish,of 5 ratings,$40
GRIF,$30.99,1441383395977,"44,301",100% bearish,of 1 rating,N/A
GRPN,$4.275,1441383396028,"2,613,917",61% bullish,of 71 ratings,$6.75
OMAB,$41.3,1441383396105,"11,232",100% bullish,of 1 rating,$44
GSIT,$4.61,1441383396233,700,100% bearish,of 1 rating,N/A
GSIG,$12.89,1441383396259,"11,268",100% bearish,of 2 ratings,N/A
GSVC,$8.83,1441383396391,"8,377",50% bullish,of 2 ratings,$15.75
GBNK,$15.71,1441383396418,"5,274",100% bearish,of 1 rating,$18
GTXI,$0.8701,1441383396442,"26,424",100% bullish,of 5 ratings,$.75
GFED,NULL,1441383396580,0,Not yet rated,NULL,$17
GULTU,$0.337,1441383396682,"4,000",100% bearish,of 1 rating,N/A
GUID,$6.71,1441383396707,"6,445",100% bearish,of 3 ratings,$10
GIFI,$12.03,1441383396762,"19,671",100% bearish,of 1 rating,$16
GURE,$1.6993,1441383396913,"2,500",88% bullish,of 8 ratings,N/A
GWPH,$101.67,1441383396946,"42,388",78% bullish,of 9 ratings,$148.50
GWGH,$7.7,1441383397047,7,100% bearish,of 1 rating,$15.05
GPOR,$32.86,1441383397100,"325,480",75% bullish,of 4 ratings,$54
HEES,$18.7,1441383397126,"88,281",67% bearish,of 3 ratings,$31
GYRO,$30.51,1441383397181,970,100% bearish,of 1 rating,N/A
HLG,NULL,1441383397362,0,100% bearish,of 1 rating,N/A
HNRG,$7.17,1441383397387,"28,488",100% bearish,of 1 rating,$10
HALL,$11.31,1441383397471,"3,304",Not yet rated,NULL,N/A
HALO,$17.05,1441383397519,"196,309",67% bullish,of 3 ratings,$22.50
HBK,NULL,1441383397603,0,50% bullish,of 2 ratings,N/A
HBHC,$27.21,1441383397661,"142,739",50% bullish,of 2 ratings,$30
HMPR,$1.86,1441383397695,"5,652",100% bullish,of 1 rating,N/A
HNH,$26.1,1441383397787,"4,677",100% bullish,of 1 rating,N/A
HBHCL,$24.48,1441383397813,"3,313",Not yet rated,NULL,N/A
HAFC,$23.7,1441383397853,"13,835",100% bullish,of 2 ratings,$28.50
HQCL,$12.62,1441383397998,"4,994",67% bullish,of 3 ratings,$14
HNSN,$0.5375,1441383398030,"26,400",88% bullish,of 8 ratings,$.40
HDNG,$10.2799,1441383398059,"1,034",50% bullish,of 4 ratings,N/A
HLIT,$5.64,1441383398159,"50,422",100% bearish,of 1 rating,$6.50
HRMN,NULL,1441383398256,0,Not yet rated,NULL,N/A
HRMNU,NULL,1441383398284,0,Not yet rated,NULL,N/A
HRMNW,NULL,1441383398356,0,Not yet rated,NULL,N/A
TINY,$2.4727,1441383398446,"11,901",50% bullish,of 2 ratings,$5.26
HCAP,$11.8787,1441383398553,"3,305",50% bullish,of 2 ratings,$15
HBIO,$4.37,1441383398589,"10,025",100% bearish,of 1 rating,$10
HART,$1.26,1441383398617,"51,149",100% bearish,of 1 rating,N/A
HAS,$76.37,1441383398688,"253,067",63% bullish,of 8 ratings,$84.50
HCAPL,$25.11,1441383398714,"3,800",Not yet rated,NULL,N/A
HA,$23.7,1441383398848,"112,268",67% bullish,of 9 ratings,$27
HCOM,$21.31,1441383398952,"1,131",100% bearish,of 1 rating,$28
HWKN,$37.84,1441383399056,"5,103",Not yet rated,NULL,N/A
HWBK,NULL,1441383399086,0,100% bearish,of 1 rating,N/A
HAYN,$37.59,1441383399141,"4,616",100% bearish,of 1 rating,$59
HDS,$32.105,1441383399190,"428,994",100% bearish,of 2 ratings,$39.50
HIIQ,$4.7228,1441383399319,300,50% bullish,of 2 ratings,$7
HCSG,$32.63,1441383399356,"22,468",50% bullish,of 4 ratings,$35
HQY,$29.53,1441383399511,"34,372",67% bullish,of 3 ratings,$35
HWAY,$11.69,1441383399581,"96,050",100% bearish,of 1 rating,$15
HTLF,$35.34,1441383399611,"9,867",100% bullish,of 1 rating,$39.50
HTLD,$20.34,1441383399641,"54,660",Not yet rated,NULL,$22.50
HSTM,$24.26,1441383399669,"10,491",50% bullish,of 2 ratings,$33.75
HTWR,$64.18,1441383399714,"95,941",50% bullish,of 2 ratings,$102.50
HTBX,$3.7699,1441383399862,"41,973",50% bullish,of 2 ratings,$15.50
HSII,$20.045,1441383399967,"5,342",100% bullish,of 3 ratings,$25
HMNY,NULL,1441383400135,0,100% bearish,of 1 rating,N/A
HELE,$83.68,1441383400161,"27,036",67% bearish,of 3 ratings,$100
HERO,NULL,1441383400179,0,NULL,NULL,NULL
HMTV,$13.3749,1441383400212,713,100% bearish,of 1 rating,$16
HSIC,$133.58,1441383400314,"40,313",83% bullish,of 6 ratings,$146
HNNA,$24.6,1441383400454,"1,330",Not yet rated,NULL,N/A
HCACU,$9.98,1441383400480,"2,790",Not yet rated,NULL,N/A
HTBK,$10.37,1441383400557,"6,225",Not yet rated,NULL,$12
MLHR,$26.99,1441383400637,"40,299",50% bullish,of 2 ratings,$33.50
HEOP,$7.7801,1441383400690,"5,290",Not yet rated,NULL,$8.50
HFWA,$17.75,1441383400717,"127,528",100% bullish,of 1 rating,$20
HCCI,$11.63,1441383400769,"1,555",100% bearish,of 1 rating,$16.50
HRTX,$35.9,1441383400903,"239,689",57% bullish,of 7 ratings,$41
HSKA,$32.63,1441383400962,"13,778",100% bearish,of 1 rating,$38
HIBB,$38.8,1441383401148,"34,881",100% bearish,of 1 rating,$46.50
HPJ,$2.08,1441383401180,"17,729",75% bullish,of 4 ratings,$12.43
HFFC,$15.76,1441383401206,200,Not yet rated,NULL,N/A
HIMX,$7.225,1441383401231,"454,518",86% bullish,of 21 ratings,$8.25
HIFS,$110.3,1441383401279,984,Not yet rated,NULL,N/A
HIHO,$4.2954,1441383401308,"12,419",Not yet rated,NULL,N/A
HSGX,$5.96,1441383401418,400,100% bearish,of 1 rating,$17
HMSY,$9.965,1441383401458,"177,198",67% bullish,of 3 ratings,$19.35
HOLI,$16.675,1441383401588,"56,341",50% bullish,of 4 ratings,$27
HMNF,$11.3,1441383401670,300,Not yet rated,NULL,N/A
HOLX,$38.58,1441383401719,"488,932",50% bullish,of 4 ratings,$42
HOMB,$37.17,1441383401859,"20,497",Not yet rated,NULL,$42
HFBL,$22,1441383401958,"3,456",Not yet rated,NULL,N/A
HBCP,$24.8,1441383402033,"1,600",Not yet rated,NULL,$29
HMST,$22.12,1441383402088,"22,198",100% bullish,of 2 ratings,$27
HMIN,$25,1441383402121,"29,926",100% bearish,of 2 ratings,$35
AWAY,$28.04,1441383402164,"120,357",67% bullish,of 3 ratings,$36
HTBI,$18.01,1441383402297,"4,203",67% bullish,of 3 ratings,$18.625
HKTV,$4.2,1441383402326,"88,486",100% bearish,of 1 rating,N/A
CETC,$0.78,1441383402352,"13,000",86% bullish,of 7 ratings,N/A
HBNC,$23.51,1441383402570,"4,050",100% bullish,of 1 rating,$27
HZNP,$29.11,1441383402598,"514,223",85% bullish,of 20 ratings,$40
HFBC,$11.04,1441383402619,"8,570",Not yet rated,NULL,N/A
HOFT,$22.67,1441383402651,"9,680",100% bearish,of 1 rating,N/A
HRZN,$10.213,1441383402762,"9,491",50% bullish,of 2 ratings,$14.25
HDP,$23.47,1441383402832,"104,521",67% bearish,of 3 ratings,$30.50
ZINC,$7.16,1441383402859,"109,507",100% bearish,of 1 rating,$17
HMHC,$22.59,1441383402934,"68,578",Not yet rated,NULL,$27
HOVNP,$3.89,1441383403037,"19,370",100% bearish,of 1 rating,N/A
HWCC,$7.6,1441383403086,"16,065",100% bearish,of 1 rating,$9
HSNI,$59.16,1441383403137,"31,496",Not yet rated,NULL,$80
HTGM,$5.89,1441383403216,799,100% bearish,of 1 rating,$19.50
HBMD,$13.95,1441383403240,300,100% bearish,of 1 rating,N/A
HUBG,$38.18,1441383403402,"17,835",100% bearish,of 1 rating,$43
HCBK,$9.21,1441383403441,"284,837",83% bullish,of 6 ratings,$8.61
HSON,NULL,1441383403471,0,100% bearish,of 1 rating,$5
HBAN,$10.515,1441383403573,"984,711",76% bullish,of 17 ratings,$12.29
HDSN,$3.06,1441383403734,"4,500",100% bullish,of 1 rating,$6.25
HURC,$29.79,1441383403799,"3,927",100% bearish,of 1 rating,N/A
HBANP,$1353.3,1441383403825,20,100% bearish,of 1 rating,N/A
HURN,$72.645,1441383403846,"19,177",50% bullish,of 2 ratings,$80
HDRA,NULL,1441383404012,0,Not yet rated,NULL,N/A
HTCH,$1.502,1441383404044,"6,363",100% bearish,of 1 rating,$3.50
HBP,$3.1394,1441383404145,600,100% bullish,of 1 rating,N/A
HDRAR,NULL,1441383404174,0,Not yet rated,NULL,N/A
HYGS,$8.46,1441383404275,"4,000",50% bullish,of 2 ratings,$13
HDRAW,NULL,1441383404299,0,Not yet rated,NULL,N/A
HDRAU,NULL,1441383404328,0,Not yet rated,NULL,N/A
IDSY,$3.7723,1441383404460,"11,702",100% bearish,of 1 rating,$7
IACI,$69.11,1441383404531,"73,022",80% bullish,of 5 ratings,$90
IBKC,$59.2,1441383404635,"16,931",100% bullish,of 1 rating,$70
IKGH,$1.55,1441383404683,"9,400",75% bullish,of 4 ratings,N/A
ICAD,$3.8364,1441383404767,"2,733",50% bullish,of 2 ratings,$7.25
IEP,$67.93,1441383404797,"43,885",75% bullish,of 4 ratings,$99
ICFI,$33.3675,1441383404900,"4,904",50% bullish,of 2 ratings,$48.50
ICLR,$76,1441383404932,"59,148",100% bearish,of 3 ratings,$85
ICON,$13.26,1441383405027,"116,174",50% bullish,of 2 ratings,$18.50
IPWR,$7.25,1441383405126,"3,324",100% bullish,of 1 rating,$15
ICUI,$109.95,1441383405210,"19,206",Not yet rated,NULL,$122
INVE,$4.5499,1441383405270,"16,315",75% bullish,of 4 ratings,$4
IDRA,$2.8562,1441383405296,"154,756",89% bullish,of 9 ratings,$6.50
IDXX,$72.21,1441383405425,"59,110",100% bearish,of 1 rating,$76
DSKY,$10.33,1441383405453,"31,622",67% bullish,of 6 ratings,$11.50
IROQ,$16.99,1441383405521,100,100% bullish,of 1 rating,N/A
IRG,$5.19,1441383405583,"7,700",100% bearish,of 1 rating,$4.25
RXDX,$14.695,1441383405683,"75,321",100% bullish,of 1 rating,$20
IIVI,$16.63,1441383405713,"33,537",100% bearish,of 1 rating,$22
KANG,$14.82,1441383405815,"184,569",50% bullish,of 2 ratings,$23.10
IKNX,$12,1441383405881,350,100% bearish,of 1 rating,N/A
IKAN,$2.735,1441383405956,996,83% bullish,of 6 ratings,$5
ILMN,$193.205,1441383406110,"145,847",80% bullish,of 5 ratings,$245
ISNS,$4.2,1441383406218,"3,600",50% bullish,of 2 ratings,N/A
ICCC,$6.92,1441383406248,"4,552",100% bullish,of 1 rating,N/A
IMDZ,$15.31,1441383406275,"15,887",100% bearish,of 1 rating,$33
IMMR,$12.05,1441383406306,"29,743",80% bullish,of 5 ratings,$15.50
IMNP,$1.28,1441383406327,"22,437",50% bullish,of 2 ratings,$6
IMGN,$13.28,1441383406410,"218,728",75% bullish,of 4 ratings,$17.50
IMMU,$2.062,1441383406468,"117,104",86% bullish,of 7 ratings,$2
IPXL,$40.21,1441383406565,"67,892",67% bullish,of 3 ratings,$46.50
IMMY,$7.5,1441383406664,203,100% bearish,of 1 rating,$11
INCR,$42,1441383406719,"104,768",50% bullish,of 2 ratings,$53
SAAS,$7.13,1441383406921,"50,216",50% bullish,of 2 ratings,$15
INCY,$116.695,1441383406950,"280,252",50% bullish,of 6 ratings,$125.50
IBCP,$14.01,1441383406980,"16,754",100% bullish,of 1 rating,$14.50
INDB,$43.725,1441383407025,"7,782",Not yet rated,NULL,$44
IBTX,$39.76,1441383407108,"2,032",100% bullish,of 2 ratings,$47.25
IDSA,$3.49,1441383407133,"1,561",Not yet rated,NULL,N/A
INFN,$21.71,1441383407163,"281,365",71% bullish,of 7 ratings,$28
IPCC,$74.66,1441383407416,"1,825",Not yet rated,NULL,$77.50
IFON,$1.3,1441383407476,"8,650",75% bullish,of 4 ratings,N/A
III,$3.73,1441383407504,"3,200",57% bullish,of 7 ratings,$6
INFI,$8.63,1441383407525,"82,613",50% bullish,of 4 ratings,$16.50
IMKTA,$49.81,1441383407553,"12,735",100% bearish,of 1 rating,N/A
INWK,$6.83,1441383407582,"10,469",50% bullish,of 2 ratings,$10
INNL,NULL,1441383407799,0,100% bearish,of 1 rating,$16.50
ISSC,$2.8099,1441383407995,"2,993",67% bearish,of 3 ratings,N/A
IPHS,$46.22,1441383408021,"11,534",100% bearish,of 1 rating,$60
INGN,$51.24,1441383408067,"25,992",100% bearish,of 1 rating,$50.50
IOSP,$49.05,1441383408100,"33,574",100% bearish,of 1 rating,N/A
INOD,$2.4,1441383408120,290,100% bearish,of 1 rating,N/A
ITEK,$12.75,1441383408141,"91,359",100% bearish,of 3 ratings,$20
INOV,$20.91,1441383408198,"75,438",100% bearish,of 1 rating,$33
NSIT,$24.52,1441383408450,"28,019",50% bullish,of 2 ratings,N/A
INO,$7.04,1441383408475,"224,858",89% bullish,of 18 ratings,$20
ISIG,$2.64,1441383408608,"4,871",100% bearish,of 1 rating,N/A
PODD,$28.04,1441383408638,"43,912",67% bearish,of 3 ratings,$35
IIIN,$16.87,1441383408666,"7,216",100% bearish,of 2 ratings,N/A
INSM,$23.88,1441383408691,"65,328",71% bullish,of 7 ratings,$31.50
INSY,$34.5,1441383408738,"138,539",75% bullish,of 4 ratings,$48
IART,$61.99,1441383408921,"68,799",100% bearish,of 2 ratings,$71.50
NTEC,$5.56,1441383408953,"1,700",100% bearish,of 1 rating,N/A
IDTI,$19.14,1441383408988,"282,237",60% bullish,of 5 ratings,$25
ISSI,$21.75,1441383409051,"23,572",67% bullish,of 3 ratings,$19.75
INTC,$28.64,1441383409079,"6,769,631",82% bullish,of 238 ratings,$36
IESC,$7.11,1441383409111,100,100% bearish,of 1 rating,N/A
IQNT,$18.51,1441383409212,"47,823",86% bullish,of 7 ratings,$20
IPCI,$2.194,1441383409301,"3,100",67% bullish,of 6 ratings,$8
IPAR,$24.44,1441383409339,"13,586",67% bullish,of 3 ratings,$38
IBKR,$37.215,1441383409532,"134,091",100% bullish,of 1 rating,N/A
ININ,$35.43,1441383409563,"7,982",67% bearish,of 3 ratings,$57
ICLD,$2.0089,1441383409661,"762,011",75% bullish,of 4 ratings,N/A
ICPT,$185,1441383409692,"24,231",70% bullish,of 10 ratings,$359.50
ICLDW,$1.05,1441383409748,425,100% bearish,of 1 rating,N/A
TILE,$24.2199,1441383409795,"52,928",100% bearish,of 3 ratings,$27
IDCC,$48.7475,1441383409879,"38,878",80% bullish,of 5 ratings,$63
INAP,$9.23,1441383410020,"56,035",75% bullish,of 4 ratings,$11
IBOC,$24.55,1441383410166,"15,028",100% bearish,of 1 rating,N/A
ISCA,$32.36,1441383410196,"12,009",100% bearish,of 1 rating,N/A
IMI,$1.93,1441383410225,"4,627",67% bullish,of 3 ratings,$2.22
IGLD,$7.3,1441383410299,100,50% bullish,of 2 ratings,N/A
IIJI,NULL,1441383410328,0,50% bullish,of 2 ratings,$12.50
PTNT,$2.91,1441383410431,300,Not yet rated,NULL,N/A
XENT,$25.22,1441383410593,"22,692",50% bullish,of 2 ratings,$36.50
INPH,$0.3096,1441383410632,"3,100",50% bullish,of 2 ratings,N/A
INTX,$1.99,1441383410661,"2,800",67% bullish,of 3 ratings,N/A
ISIL,$10.44,1441383410687,"288,339",50% bullish,of 6 ratings,$15
IILG,$19.59,1441383410766,"22,501",100% bearish,of 1 rating,$29
IVAC,$4.65,1441383410819,"2,800",100% bearish,of 1 rating,$6.625
INTLL,$26.1,1441383410950,230,Not yet rated,NULL,N/A
ITCI,$26.94,1441383411080,"124,066",75% bearish,of 4 ratings,$40
INTL,$25.71,1441383411106,"17,586",67% bearish,of 3 ratings,N/A
ISRG,$507.5,1441383411237,"28,728",67% bullish,of 3 ratings,$600
INTU,$85.49,1441383411281,"323,746",86% bullish,of 7 ratings,$107.50
IIN,NULL,1441383411306,0,100% bearish,of 1 rating,$12
SNAK,$8.3614,1441383411474,"19,871",50% bullish,of 2 ratings,$14
ISBC,$11.63,1441383411509,"631,121",100% bullish,of 1 rating,$13.25
INVT,$0.3167,1441383411535,"64,170",67% bullish,of 3 ratings,N/A
ISTR,$15.73,1441383411607,204,100% bearish,of 1 rating,$18.50
ITIC,$70.01,1441383411637,202,100% bearish,of 2 ratings,N/A
IVTY,$13.71,1441383411744,"8,751",Not yet rated,NULL,$18
NVIV,$9.45,1441383411783,"24,928",50% bullish,of 4 ratings,$24.50
IPAS,$1.06,1441383411811,"16,547",67% bullish,of 3 ratings,N/A
DFVL,$66.28,1441383411945,600,Not yet rated,NULL,N/A
DTUL,$64.7,1441383412039,802,Not yet rated,NULL,N/A
IPGP,$81.78,1441383412230,"57,394",67% bearish,of 3 ratings,$109.50
IPCM,$79.152,1441383412262,"51,832",50% bullish,of 2 ratings,$80.125
IRMD,$23.66,1441383412296,"2,818",67% bearish,of 3 ratings,$25
IRIX,$6.81,1441383412323,"1,774",100% bearish,of 1 rating,N/A
IRDM,$6.92,1441383412367,"126,170",60% bullish,of 5 ratings,$11.50
IRDMB,$269.01,1441383412396,100,67% bearish,of 3 ratings,N/A
IRWD,$11.02,1441383412423,"292,415",100% bearish,of 1 rating,$13
IRBT,$29.84,1441383412602,"43,305",67% bullish,of 6 ratings,$37
GNMA,$50.22,1441383412771,10,Not yet rated,NULL,N/A
FCHI,NULL,1441383412799,0,NULL,NULL,NULL
COMT,$33.07,1441383412820,"2,203",100% bearish,of 1 rating,N/A
IRCP,NULL,1441383412849,0,100% bullish,of 2 ratings,N/A
IFAS,NULL,1441383412900,0,NULL,NULL,NULL
IFEU,$37.19,1441383413079,"23,114",Not yet rated,NULL,N/A
AXJS,NULL,1441383413148,0,NULL,NULL,NULL
ACWX,$39.165,1441383413186,"356,318",100% bearish,of 1 rating,N/A
IFNA,NULL,1441383413206,0,NULL,NULL,NULL
ACWI,$54.09,1441383413234,"254,843",Not yet rated,NULL,N/A
IFGL,$27.37,1441383413265,"23,449",Not yet rated,NULL,N/A
AAXJ,$51.04,1441383413297,"238,245",Not yet rated,NULL,N/A
AAIT,NULL,1441383413315,0,NULL,NULL,NULL
EEMA,$48.1499,1441383413460,"43,489",Not yet rated,NULL,N/A
EMDI,NULL,1441383413594,0,NULL,NULL,NULL
EEME,NULL,1441383413617,0,NULL,NULL,NULL
EMEY,NULL,1441383413750,0,NULL,NULL,NULL
EGRW,NULL,1441383413773,0,NULL,NULL,NULL
EEML,$26.5684,1441383413931,460,Not yet rated,NULL,N/A
EVAL,NULL,1441383413965,0,NULL,NULL,NULL
EUFN,$20.9155,1441383413990,"49,726",100% bearish,of 1 rating,N/A
IEUS,$44.46,1441383414027,622,100% bearish,of 1 rating,N/A
QAT,NULL,1441383414129,0,Not yet rated,NULL,N/A
UAE,$17.61,1441383414155,300,Not yet rated,NULL,N/A
SOXX,$82.07,1441383414197,"103,976",50% bullish,of 2 ratings,N/A
IBB,$338.31,1441383414342,"432,836",63% bullish,of 8 ratings,N/A
EMIF,$27.631,1441383414367,"1,806",Not yet rated,NULL,N/A
ICLN,$9.13,1441383414396,"5,542",50% bullish,of 2 ratings,N/A
WOOD,$47.09,1441383414506,688,50% bullish,of 2 ratings,N/A
INDY,$26.045,1441383414610,"71,030",50% bullish,of 2 ratings,N/A
ISHG,$79.3413,1441383414712,"19,020",100% bearish,of 1 rating,N/A
ISIS,$51.816,1441383414738,"221,227",53% bullish,of 15 ratings,$67
ISLE,$18.93,1441383414901,"88,707",50% bullish,of 4 ratings,$17
ITRI,$29,1441383414927,"33,788",100% bearish,of 1 rating,$37
ISRL,$122.2,1441383414956,72,100% bearish,of 1 rating,N/A
IGOV,$91.08,1441383414983,"24,058",100% bearish,of 1 rating,N/A
ITRN,$23.01,1441383415061,"1,195",50% bullish,of 2 ratings,N/A
ITUS,$3.9889,1441383415147,"1,200",Not yet rated,NULL,N/A
XXIA,$15.1,1441383415191,"73,752",71% bullish,of 7 ratings,$14.625
IXYS,$11.39,1441383415217,"14,115",50% bullish,of 4 ratings,N/A
JJSF,$115.16,1441383415279,"10,535",100% bearish,of 1 rating,N/A
MAYS,NULL,1441383415471,0,Not yet rated,NULL,N/A
JCOM,$67.02,1441383415501,"19,742",100% bullish,of 2 ratings,$77
JBHT,$74.85,1441383415536,"449,135",50% bullish,of 4 ratings,$89.50
JKHY,$66.78,1441383415636,"28,850",67% bearish,of 3 ratings,$72
JASO,$8,1441383415693,"70,094",82% bullish,of 17 ratings,$10
JACK,$78.02,1441383415798,"57,665",71% bullish,of 7 ratings,$105
JXSB,$24.23,1441383415826,100,Not yet rated,NULL,N/A
JAXB,NULL,1441383415877,0,100% bullish,of 1 rating,N/A
JAGX,$3.25,1441383415965,520,Not yet rated,NULL,$10.50
JAKK,$9.75,1441383416064,"125,431",60% bearish,of 5 ratings,$11
JMBA,$14.25,1441383416091,"25,523",75% bullish,of 4 ratings,$18
JRVR,$27.75,1441383416142,"14,516",Not yet rated,NULL,$32
JASN,$4.8229,1441383416300,754,50% bullish,of 2 ratings,$9.50
JASNW,NULL,1441383416327,0,50% bullish,of 2 ratings,N/A
ERW,NULL,1441383416504,0,Not yet rated,NULL,N/A
JAZZ,$162.28,1441383416573,"95,472",80% bullish,of 15 ratings,$206.50
JBLU,$23.725,1441383416605,"1,710,457",94% bullish,of 18 ratings,$27
JD,$23.725,1441383416644,"1,708,801",75% bullish,of 16 ratings,$36
JTPY,$3,1441383416706,367,100% bearish,of 1 rating,N/A
JCTCF,NULL,1441383416897,0,100% bullish,of 1 rating,N/A
DATE,$6.06,1441383416925,"26,447",75% bullish,of 4 ratings,$9
JST,$3.59,1441383416952,"5,637",75% bullish,of 4 ratings,N/A
WYIGU,NULL,1441383416979,0,100% bearish,of 1 rating,N/A
JOEZ,$0.1729,1441383417107,"69,272",92% bullish,of 12 ratings,N/A
JIVE,$4.6,1441383417135,"55,806",75% bullish,of 4 ratings,$5
JBSS,$50.9,1441383417241,"12,042",67% bearish,of 3 ratings,N/A
JOUT,$23.7,1441383417306,346,100% bearish,of 1 rating,$34
JNP,$13.5699,1441383417373,"51,215",100% bullish,of 3 ratings,$15
JUNO,$34.94,1441383417472,"171,575",73% bullish,of 11 ratings,$67
KTWO,$20.69,1441383417505,"12,012",100% bearish,of 1 rating,$28.50
KALU,$81.84,1441383417637,"26,146",67% bearish,of 3 ratings,$91
KNDI,$6.2199,1441383417668,"67,831",86% bullish,of 22 ratings,N/A
KBIO,$4.305,1441383417727,"5,911,283",50% bullish,of 4 ratings,N/A
KMDA,NULL,1441383417771,0,50% bullish,of 2 ratings,$8
KCLI,$46.372,1441383417808,"7,527",Not yet rated,NULL,N/A
KCAP,$4.68,1441383417982,"18,134",75% bullish,of 4 ratings,$6
KPTI,$14.08,1441383418011,"66,482",67% bearish,of 3 ratings,$39
KBSF,NULL,1441383418061,0,100% bullish,of 1 rating,N/A
KRNY,$11.27,1441383418085,"62,415",100% bearish,of 1 rating,$12.50
KELYA,$14.25,1441383418226,"7,825",67% bullish,of 6 ratings,$20
KELYB,NULL,1441383418293,0,50% bullish,of 2 ratings,N/A
KMPH,$20.58,1441383418397,"3,640",100% bearish,of 2 ratings,$22
KFFB,NULL,1441383418452,0,100% bearish,of 1 rating,N/A
KERX,$4.79,1441383418480,"1,960,119",82% bullish,of 11 ratings,$12
GMCR,$58.07,1441383418501,"416,944",71% bullish,of 42 ratings,$64
KTEC,NULL,1441383418531,0,Not yet rated,NULL,N/A
KEQU,NULL,1441383418662,0,100% bullish,of 1 rating,N/A
KFRC,$26.99,1441383418729,"28,118",100% bullish,of 2 ratings,$29
KE,$11.28,1441383418874,"3,313",67% bearish,of 3 ratings,$16
KTCC,$10.1,1441383418920,"1,168",100% bearish,of 1 rating,$16
KGJI,$0.6647,1441383418949,"4,200",89% bullish,of 9 ratings,N/A
KBAL,$10.51,1441383419009,"15,106",50% bullish,of 2 ratings,N/A
KIN,$6.0401,1441383419050,"2,829",50% bullish,of 2 ratings,$6.25
KINS,$8.7801,1441383419228,"5,355",100% bullish,of 1 rating,N/A
KONE,$4.19,1441383419275,"6,000",Not yet rated,NULL,N/A
KITE,$54.68,1441383419359,"231,823",89% bullish,of 9 ratings,$83
KLXI,$37.9,1441383419411,"54,609",100% bearish,of 1 rating,$48.50
KIRK,$22.56,1441383419437,"12,631",50% bullish,of 2 ratings,$32
