Symbol,Price,Date,Volume,Rating,RatingVoteCount,OneYearEstimate
FLWS,$9.64,1440083702969,"48,107",100% bullish,of 5 ratings,$15
TFSC,NULL,1440083703002,0,100% bearish,of 1 rating,N/A
TFSCR,NULL,1440083703023,0,Not yet rated,NULL,N/A
FCCY,NULL,1440083703046,0,100% bullish,of 1 rating,$13
TFSCW,NULL,1440083703076,0,100% bearish,of 1 rating,N/A
TFSCU,NULL,1440083703102,0,Not yet rated,NULL,N/A
FCTY,NULL,1440083703135,0,100% bullish,of 1 rating,$8.50
PIH,$7.5024,1440083703241,"1,940",100% bearish,of 1 rating,N/A
TWOU,$34.7,1440083703402,"82,908",50% bullish,of 2 ratings,$39
SRCE,$30.15,1440083703440,"2,529",100% bullish,of 3 ratings,$33
DGLD,$78.1966,1440083703471,"6,389",100% bullish,of 1 rating,N/A
VNET,$20.075,1440083703492,"88,775",60% bullish,of 5 ratings,$29.50
UGLD,$9.6999,1440083703513,"122,724",100% bearish,of 1 rating,N/A
DSLV,$58.852,1440083703557,"7,717",100% bearish,of 1 rating,N/A
JOBS,$26.44,1440083703760,"45,366",50% bullish,of 4 ratings,$36
USLV,$15.2601,1440083703817,"127,275",86% bullish,of 7 ratings,N/A
SIXD,$1.98,1440083704022,"43,437",Not yet rated,NULL,N/A
AAON,$22.42,1440083704075,"10,117",100% bearish,of 1 rating,$24
EGHT,$8.3068,1440083704098,"66,386",82% bullish,of 17 ratings,$11
CAFD,$15.45,1440083704125,"45,321",Not yet rated,NULL,$25
SHLM,$35.37,1440083704150,"14,844",100% bearish,of 1 rating,$50
AVHI,$13.87,1440083704172,"9,932",100% bearish,of 1 rating,$19
ABAX,$47.5,1440083704309,"35,688",100% bearish,of 1 rating,$60
ABMD,$103.13,1440083704355,"58,147",75% bullish,of 4 ratings,$100.50
ABEO,$4.94,1440083704383,"50,778",67% bullish,of 3 ratings,$15.50
ABY,$21,1440083704418,"28,104",100% bearish,of 2 ratings,$46
ABEOW,NULL,1440083704514,0,100% bullish,of 1 rating,N/A
ABGB,$4.04,1440083704542,"46,447",67% bullish,of 3 ratings,$5.50
AXAS,$1.64,1440083704570,"104,280",78% bullish,of 9 ratings,$3.50
ACTG,$8.69,1440083704717,"44,153",67% bullish,of 3 ratings,$18.50
ACAD,$37.3419,1440083704885,"250,795",80% bullish,of 20 ratings,$48
XLRN,$30.41,1440083704945,"16,241",50% bullish,of 2 ratings,$57
ACHC,$77.6,1440083704971,"138,042",50% bullish,of 2 ratings,$92
AXDX,$18.65,1440083704999,"45,273",100% bearish,of 1 rating,N/A
ACST,$0.3601,1440083705026,"7,400",100% bullish,of 2 ratings,N/A
VXDN,$13.87,1440083705158,"1,015",Not yet rated,NULL,N/A
ANCX,$19.105,1440083705194,"8,206",Not yet rated,NULL,$19
ARAY,$5.92,1440083705296,"143,472",100% bearish,of 1 rating,$10.50
VXUP,$17.7,1440083705355,"15,008",Not yet rated,NULL,N/A
ACRX,$4.35,1440083705389,"85,205",67% bearish,of 6 ratings,$5.50
ACET,$25,1440083705487,"26,626",75% bullish,of 4 ratings,$30
AKAO,$7,1440083705518,"39,877",75% bullish,of 4 ratings,$15
ACHN,$8.2,1440083705619,"215,759",90% bullish,of 21 ratings,$16
ACNB,$20.1088,1440083705693,300,Not yet rated,NULL,N/A
ACOR,$30,1440083705749,"51,241",67% bearish,of 3 ratings,$38.50
ACIW,$22.5,1440083705776,"47,520",50% bullish,of 2 ratings,$24
ATVI,$28.12,1440083705849,"1,074,767",68% bullish,of 84 ratings,$31.50
ACTA,$13.5,1440083705905,"22,869",67% bearish,of 3 ratings,$25
ACTS,$1.35,1440083705930,"21,785",100% bearish,of 1 rating,N/A
ACPW,$1.87,1440083705984,"3,179",100% bullish,of 4 ratings,$3.50
ACUR,$0.618,1440083706121,500,100% bullish,of 5 ratings,$1
ACXM,$20.53,1440083706146,"50,173",67% bullish,of 3 ratings,N/A
ADMS,$20.22,1440083706284,"19,026",100% bearish,of 2 ratings,$36
ADAP,$14.86,1440083706306,"10,602",67% bullish,of 3 ratings,$22
AEY,NULL,1440083706347,0,100% bearish,of 2 ratings,N/A
ADMP,$3.5209,1440083706373,"2,829",50% bullish,of 2 ratings,$10
ADUS,$29.55,1440083706406,"16,633",100% bearish,of 1 rating,$31
ADMA,$9.6,1440083706506,100,Not yet rated,NULL,$19
ADEP,$7.17,1440083706539,"10,384",50% bullish,of 2 ratings,$10.75
ADBE,$83.965,1440083706643,"267,494",65% bullish,of 17 ratings,$90
ADTN,$15.49,1440083706672,"83,137",67% bullish,of 3 ratings,$17.125
ADRO,$20.41,1440083706747,"32,127",80% bullish,of 5 ratings,$45.50
AMD,$1.75,1440083706819,"2,011,611",83% bullish,of 102 ratings,$2
ADXS,$14.31,1440083706990,"229,497",64% bullish,of 14 ratings,$27
AEIS,$25.235,1440083707039,"26,511",50% bullish,of 2 ratings,$32.50
ADXSW,$9.82,1440083707071,"2,030",100% bullish,of 1 rating,N/A
MULT,NULL,1440083707099,0,100% bearish,of 1 rating,N/A
AEGN,$18.605,1440083707172,"27,536",100% bearish,of 1 rating,$21
YPRO,$23.24,1440083707205,200,100% bearish,of 1 rating,N/A
AEHR,$2.1364,1440083707313,"1,069",50% bullish,of 2 ratings,N/A
AMTX,$3.38,1440083707341,"3,915",50% bullish,of 2 ratings,$26.11
AEGR,$18.115,1440083707362,"49,933",50% bullish,of 6 ratings,$26
AERI,$15.99,1440083707495,"95,256",75% bullish,of 4 ratings,$31.50
AVAV,$24.8424,1440083707541,"28,504",50% bullish,of 4 ratings,$31
AEPI,$56.64,1440083707571,"1,836",100% bearish,of 1 rating,N/A
AEZS,$0.1051,1440083707758,"2,736,768",90% bullish,of 21 ratings,$1.50
AEMD,$7.01,1440083707863,"1,100",Not yet rated,NULL,$27.50
AFMD,$10.37,1440083707921,"87,841",50% bullish,of 4 ratings,$15
AGRX,$8.3638,1440083707956,"8,228",100% bearish,of 1 rating,$17.50
AGEN,$7.4,1440083708055,"108,219",85% bullish,of 13 ratings,$14
AGFS,$9.605,1440083708080,"28,597",100% bearish,of 1 rating,N/A
AGIO,$90.65,1440083708106,"86,230",88% bullish,of 8 ratings,$114
AFFX,$9.51,1440083708137,"40,635",80% bullish,of 5 ratings,$12
AGFSW,$1.77,1440083708235,"5,245",100% bearish,of 2 ratings,N/A
AGYS,$9.54,1440083708294,"2,254",100% bearish,of 1 rating,N/A
AIMT,$22.8489,1440083708656,"69,520",Not yet rated,NULL,N/A
ATSG,$9.4,1440083708699,"17,747",67% bullish,of 3 ratings,$13
AIRT,$22.7,1440083708787,251,100% bullish,of 1 rating,N/A
AIRM,$38.36,1440083708915,"30,731",80% bearish,of 5 ratings,$53
AMCN,$4.98,1440083709003,"121,097",83% bullish,of 6 ratings,N/A
AKER,$2.83,1440083709062,"1,427",Not yet rated,NULL,N/A
AKRX,$42.4901,1440083709109,"104,677",78% bullish,of 9 ratings,$56
ALRM,$17.19,1440083709242,"101,700",100% bearish,of 1 rating,$22
AKAM,$70.9176,1440083709267,"371,790",63% bullish,of 8 ratings,$77
AIXG,$6.2,1440083709299,"3,828",67% bearish,of 3 ratings,$6
ADHD,$8.93,1440083709399,"29,502",50% bullish,of 4 ratings,$18
AKBA,$6.6,1440083709462,"63,818",100% bearish,of 1 rating,$18
ALDR,$37.78,1440083709493,"75,517",67% bearish,of 3 ratings,$62
ALSK,$2.135,1440083709526,"25,116",78% bullish,of 18 ratings,$2
ABDC,$12.95,1440083709592,"3,211",Not yet rated,NULL,$15
AMRI,$20.1,1440083709722,"23,092",75% bearish,of 4 ratings,$24
ALDX,$7.7999,1440083709795,"5,600",100% bearish,of 1 rating,$14.50
ALXN,$183.84,1440083709820,"165,853",88% bullish,of 8 ratings,$223
ALIM,$3.4891,1440083710041,"18,792",80% bullish,of 5 ratings,$10
ALCO,$41.79,1440083710102,"1,112",50% bullish,of 2 ratings,N/A
ALXA,$1.14,1440083710141,"5,720",83% bullish,of 6 ratings,$2.125
ALGN,$59.03,1440083710169,"86,162",100% bearish,of 2 ratings,$73
ALKS,$64.82,1440083710197,"124,504",67% bullish,of 3 ratings,$75
ALLB,$23.59,1440083710229,200,Not yet rated,NULL,N/A
AFOP,$17.8151,1440083710254,"44,388",75% bullish,of 8 ratings,$21
ALGT,$222.205,1440083710327,"21,955",100% bearish,of 1 rating,$235
AIQ,$14.87,1440083710491,625,67% bullish,of 3 ratings,N/A
AHGP,$37.105,1440083710527,"18,322",67% bullish,of 3 ratings,N/A
ARLP,$24.6268,1440083710623,"38,471",67% bearish,of 3 ratings,$32
AHPI,$1.44,1440083710649,700,50% bullish,of 2 ratings,N/A
ALLT,$5.0201,1440083710778,"16,347",75% bullish,of 4 ratings,$6.25
MDRX,$13.99,1440083710881,"299,879",60% bullish,of 5 ratings,$16
AMOT,$16.61,1440083710906,"16,286",100% bearish,of 1 rating,N/A
ALQA,$4.5,1440083710933,"11,202",75% bullish,of 4 ratings,$8.50
SMCP,NULL,1440083711062,0,Not yet rated,NULL,N/A
AFAM,$47.858,1440083711090,"9,168",50% bullish,of 2 ratings,$44
AOSL,$7.26,1440083711119,"10,597",67% bullish,of 3 ratings,$9
ALNY,$107.684,1440083711158,"178,693",67% bullish,of 3 ratings,$148.50
ATEC,$0.59,1440083711293,"6,350",100% bullish,of 1 rating,$2
ALTR,$49.12,1440083711331,"405,496",80% bearish,of 5 ratings,$54
ASPS,$29.4836,1440083711475,"16,147",67% bullish,of 3 ratings,$46.50
AIMC,$25.87,1440083711537,"1,759",100% bearish,of 1 rating,$28.50
AMRN,$2.09,1440083711606,"336,455",85% bullish,of 39 ratings,$8
AMAG,$62.44,1440083711637,"43,754",100% bullish,of 2 ratings,$77.50
AYA,$22.18,1440083711748,"12,172",100% bearish,of 1 rating,$40
AMZN,$521.48,1440083711778,"897,389",81% bullish,of 263 ratings,$646
AMRK,NULL,1440083711875,0,50% bullish,of 2 ratings,$14
AMBA,$100.48,1440083711907,"619,987",83% bullish,of 12 ratings,$102.50
AMBC,$15.86,1440083711938,"39,998",100% bearish,of 1 rating,$16.50
EPAX,$2.67,1440083712039,"2,513",100% bearish,of 1 rating,N/A
AMBCW,NULL,1440083712114,0,100% bearish,of 1 rating,N/A
AMCX,$70.37,1440083712176,"231,082",67% bullish,of 3 ratings,$85.50
AMDA,$0.4945,1440083712201,"538,477",90% bullish,of 10 ratings,$1
DOX,$59.455,1440083712246,"47,095",100% bullish,of 2 ratings,$60
UHAL,$372.235,1440083712392,"4,641",100% bullish,of 2 ratings,$393.50
AMED,$41.71,1440083712460,"87,135",100% bearish,of 1 rating,$42
ASBI,$22.65,1440083712572,600,Not yet rated,NULL,N/A
AAL,$42.88,1440083712605,"1,532,374",93% bullish,of 87 ratings,$57
AMOV,$18.44,1440083712632,"2,245",100% bearish,of 1 rating,N/A
AGNCB,$24.15,1440083712662,"1,400",Not yet rated,NULL,N/A
ATAX,$5.27,1440083712691,"21,804",100% bullish,of 1 rating,$6.50
AGNC,$20.01,1440083712717,"1,269,560",71% bullish,of 28 ratings,$22
AGNCP,$25.432,1440083712892,"1,472",Not yet rated,NULL,N/A
MTGE,$15.97,1440083712964,"38,210",75% bullish,of 4 ratings,$19.50
MTGEP,NULL,1440083713026,0,Not yet rated,NULL,N/A
ACSF,$12.74,1440083713052,"1,976",100% bearish,of 1 rating,$15
ACAS,$14.135,1440083713130,"440,032",60% bullish,of 5 ratings,$16.75
AETI,NULL,1440083713262,0,67% bearish,of 3 ratings,N/A
ANCI,NULL,1440083713318,0,100% bearish,of 1 rating,N/A
AMNB,$23.17,1440083713392,"1,144",Not yet rated,NULL,$25.50
AMIC,NULL,1440083713418,0,Not yet rated,NULL,N/A
APEI,$21.68,1440083713462,"6,930",100% bearish,of 1 rating,$25.50
ARII,$39.44,1440083713487,"38,386",67% bearish,of 3 ratings,$45
ANAT,$102.45,1440083713632,"2,455",100% bullish,of 1 rating,N/A
AMRB,$10.002,1440083713686,583,Not yet rated,NULL,$11
ASEI,$39.37,1440083713735,"20,018",100% bearish,of 1 rating,$52.50
AMSC,$3.77,1440083713793,"7,842",50% bullish,of 4 ratings,N/A
AMSWA,$9.38,1440083713880,"1,833",100% bearish,of 2 ratings,$10.75
AMWD,$63.415,1440083714017,"35,956",50% bullish,of 2 ratings,$58
ABCB,$27.8,1440083714060,"10,546",Not yet rated,NULL,$31
CRMT,$42.86,1440083714151,"5,340",100% bearish,of 1 rating,$49
AMGN,$164.63,1440083714191,"537,231",89% bullish,of 19 ratings,$185
ASRVP,NULL,1440083714220,0,Not yet rated,NULL,N/A
AMSF,$50.48,1440083714253,"12,247",Not yet rated,NULL,$57.50
ASRV,$3.3,1440083714280,160,100% bullish,of 2 ratings,N/A
ATLO,$23.6228,1440083714354,"2,259",Not yet rated,NULL,N/A
FOLD,$15.6805,1440083714535,"193,270",56% bullish,of 9 ratings,$21
AMKR,$4.295,1440083714566,"197,750",100% bearish,of 2 ratings,$5
AMPH,$14.49,1440083714667,"45,127",50% bullish,of 2 ratings,$20
AMSG,$83.1,1440083714718,"47,329",100% bearish,of 1 rating,$85.50
AMSGP,NULL,1440083714798,0,Not yet rated,NULL,N/A
ANAD,$0.38,1440083714873,"87,479",100% bullish,of 2 ratings,$.50
AMRS,$1.65,1440083714930,"28,905",70% bullish,of 10 ratings,N/A
AFSI,$64.12,1440083714972,"100,868",60% bullish,of 5 ratings,$72
ASYS,$5.65,1440083715000,"17,170",67% bullish,of 3 ratings,$12
ANAC,$131.39,1440083715026,"115,531",80% bullish,of 5 ratings,$180.50
ALOG,$83.23,1440083715165,"14,648",100% bearish,of 2 ratings,$100.50
AMCF,$0.2599,1440083715324,"1,284",100% bullish,of 7 ratings,N/A
ABCW,$40.01,1440083715355,"3,657",67% bullish,of 3 ratings,N/A
ADI,$55.91,1440083715414,"1,171,031",67% bullish,of 3 ratings,$69
ANCB,NULL,1440083715518,0,Not yet rated,NULL,$23
ANGI,$4.28,1440083715545,"86,598",64% bullish,of 11 ratings,$5.50
ANGO,$14.81,1440083715675,"7,801",67% bullish,of 3 ratings,$19
ANIP,$53.4,1440083715747,"33,907",89% bullish,of 19 ratings,$66
ANIK,$35.4699,1440083715777,"23,224",60% bullish,of 5 ratings,$51.25
ANTH,$8.37,1440083715879,"234,270",80% bullish,of 10 ratings,$13
ATRS,$1.84,1440083715917,"104,647",92% bullish,of 12 ratings,$4.50
ANSS,$94.34,1440083715942,"99,189",100% bearish,of 1 rating,$100
ABAC,$0.79,1440083716007,"6,310",100% bearish,of 1 rating,N/A
ATNY,NULL,1440083716032,0,50% bullish,of 2 ratings,$3.75
APIC,$7.13,1440083716112,"56,785",100% bearish,of 1 rating,$19
APOG,$52.36,1440083716173,"32,667",100% bullish,of 1 rating,$62
APOL,$11.105,1440083716419,"268,002",87% bearish,of 68 ratings,$14
AINV,$6.5399,1440083716486,"425,080",50% bullish,of 4 ratings,$8
APDN,$3.27,1440083716515,"13,819",Not yet rated,NULL,$9
APPF,$17.29,1440083716551,"6,053",50% bullish,of 2 ratings,$22
APDNW,NULL,1440083716581,0,Not yet rated,NULL,N/A
AAPL,$112.58,1440083716612,"14,568,365",86% bullish,of 2335 ratings,$150
ARCI,$1.25,1440083716682,200,Not yet rated,NULL,N/A
AMAT,$16.3,1440083716713,"1,873,742",82% bullish,of 11 ratings,$23
AGTC,$15.7775,1440083716853,"54,989",50% bullish,of 2 ratings,$33
AMCC,$5.41,1440083716905,"77,313",80% bullish,of 5 ratings,$8
APRI,$1.257,1440083717092,"72,317",83% bullish,of 6 ratings,$4.86
APTO,$4.97,1440083717127,"4,250",Not yet rated,NULL,$17
AREX,$2.38,1440083717226,"103,783",100% bearish,of 1 rating,$3
AAOI,$20.955,1440083717251,"73,818",50% bullish,of 4 ratings,$26
AQMS,$5.35,1440083717277,"2,485",Not yet rated,NULL,N/A
AUMA,NULL,1440083717412,0,Not yet rated,NULL,N/A
AQXP,$16.38,1440083717439,"158,687",50% bullish,of 2 ratings,$2
AUMAU,NULL,1440083717466,0,Not yet rated,NULL,N/A
AUMAW,NULL,1440083717602,0,Not yet rated,NULL,N/A
PETX,$17.02,1440083717644,"49,965",100% bearish,of 2 ratings,$26
ARDM,$7.21,1440083717733,"1,700",100% bullish,of 1 rating,$26
ABUS,$7.43,1440083717814,"84,264",86% bullish,of 14 ratings,$23
ARCW,$3.59,1440083717840,995,100% bearish,of 2 ratings,$10.50
ABIO,$0.9199,1440083717862,"34,748",50% bullish,of 2 ratings,$3.75
RKDA,$5.9,1440083717894,"2,903",100% bearish,of 2 ratings,$10
ARCB,$30.92,1440083718069,"36,872",50% bullish,of 2 ratings,$39.50
ARNA,$2.9488,1440083718264,"488,391",90% bullish,of 77 ratings,$5.50
ACGL,$72.55,1440083718296,"41,585",50% bullish,of 2 ratings,$72
ARDX,$18.055,1440083718328,"13,111",50% bullish,of 2 ratings,$24.50
ACAT,$28,1440083718356,"25,302",100% bearish,of 3 ratings,$33
ARCC,$15.85,1440083718394,"125,251",67% bearish,of 3 ratings,$17.875
AGIIL,$25.35,1440083718424,417,Not yet rated,NULL,N/A
AGII,$58.51,1440083718450,"24,402",Not yet rated,NULL,$59.50
ARIS,$3.31,1440083718639,"2,325",Not yet rated,NULL,$4.50
ARGS,$5.739,1440083718723,"41,644",50% bullish,of 2 ratings,$19.50
ARKR,NULL,1440083718782,0,50% bullish,of 2 ratings,N/A
ARIA,$7.02,1440083718804,"509,563",87% bullish,of 46 ratings,$9
ARTX,$1.52,1440083718876,"20,646",88% bullish,of 16 ratings,$4.50
ARMH,$42.2001,1440083718901,"490,128",54% bearish,of 13 ratings,$61
ARWA,NULL,1440083718966,0,Not yet rated,NULL,N/A
ARWAR,NULL,1440083719034,0,Not yet rated,NULL,N/A
ARWAU,NULL,1440083719101,0,100% bullish,of 1 rating,N/A
ARQL,$1.6699,1440083719191,"11,802",75% bullish,of 4 ratings,$5
ARWAW,NULL,1440083719258,0,Not yet rated,NULL,N/A
ARRY,$5.4799,1440083719358,"214,614",100% bullish,of 7 ratings,$10
ARRS,$27.305,1440083719386,"159,990",50% bullish,of 2 ratings,$38
AROW,$27.303,1440083719611,"1,895",Not yet rated,NULL,N/A
ARTNA,$22.64,1440083719649,"6,289",100% bearish,of 1 rating,$29
ARWR,$5.54,1440083719677,"187,896",75% bullish,of 4 ratings,$10.50
DWAT,NULL,1440083719698,0,100% bearish,of 1 rating,N/A
ARTW,NULL,1440083719739,0,75% bearish,of 4 ratings,N/A
ASBB,$23.72,1440083719769,305,Not yet rated,NULL,N/A
ASNA,$11.71,1440083719828,"459,465",50% bullish,of 2 ratings,$18
ASND,$17.6,1440083719959,"4,355",100% bullish,of 1 rating,$30
ASCMA,$27.9789,1440083720139,"12,270",100% bearish,of 1 rating,$45
APWC,$2,1440083720164,600,100% bearish,of 1 rating,N/A
ASTI,$0.1247,1440083720191,"466,725",83% bullish,of 6 ratings,$3
ASMI,$36.57,1440083720221,300,50% bullish,of 2 ratings,N/A
AZPN,$38.91,1440083720322,"101,243",50% bullish,of 2 ratings,$42
ASML,$88.85,1440083720427,"303,225",67% bullish,of 3 ratings,$127
ASMB,$13.5,1440083720464,"20,796",67% bullish,of 3 ratings,N/A
ASFI,$9.02,1440083720559,610,100% bullish,of 1 rating,N/A
ATRO,$53.95,1440083720591,"23,016",100% bearish,of 2 ratings,$80
ASTC,$2.31,1440083720622,"3,020",100% bullish,of 5 ratings,N/A
ALOT,$12.3001,1440083720643,300,100% bearish,of 1 rating,N/A
ASTE,$36.94,1440083720676,"4,698",100% bearish,of 1 rating,$48
ATAI,$2.94,1440083720847,"9,883",100% bearish,of 1 rating,N/A
ASUR,$5.925,1440083720979,"2,158",100% bearish,of 1 rating,$8
ATRA,$45.86,1440083721062,"21,872",50% bullish,of 2 ratings,$68
ATHN,$136.905,1440083721112,"19,131",67% bearish,of 3 ratings,$153
ATHX,$1.17,1440083721189,"53,935",89% bullish,of 9 ratings,$5
AFCB,NULL,1440083721215,0,Not yet rated,NULL,N/A
AAME,$3.44,1440083721240,104,Not yet rated,NULL,N/A
ACFC,$6.29,1440083721296,"20,814",Not yet rated,NULL,$6.50
ATNI,$73.43,1440083721395,"8,622",100% bearish,of 1 rating,$69.50
AAPC,$10.2,1440083721425,170,Not yet rated,NULL,N/A
AAWW,$42.74,1440083721488,"142,389",50% bullish,of 2 ratings,$65
ATOS,$0.92,1440083721588,"79,492",100% bullish,of 7 ratings,$7
ATLC,$3.98,1440083721616,492,67% bullish,of 3 ratings,N/A
AFH,$16.99,1440083721649,"2,786",Not yet rated,NULL,$21.50
ATML,$7.48,1440083721688,"915,909",78% bullish,of 9 ratings,$9.50
ATRC,$26.67,1440083721819,"20,517",100% bullish,of 1 rating,$30
ATRI,$394.45,1440083721954,501,Not yet rated,NULL,N/A
ATRM,$2.9,1440083722058,140,50% bullish,of 2 ratings,N/A
AUPH,$3.35,1440083722342,"2,600",100% bearish,of 1 rating,$8
ATTU,$14.695,1440083722370,"3,910",100% bearish,of 1 rating,$20.50
EARS,$5,1440083722398,"27,045",100% bearish,of 2 ratings,$11.50
AUBN,$27.21,1440083722419,100,Not yet rated,NULL,N/A
LIFE,$14.66,1440083722462,"7,894",86% bullish,of 7 ratings,$43
ADAT,$0.1311,1440083722483,"45,169",100% bullish,of 2 ratings,N/A
AUDC,$3.23,1440083722505,"28,177",80% bullish,of 5 ratings,$5
ABTL,$18.96,1440083722553,"18,503",100% bullish,of 4 ratings,$20.25
ADSK,$53.475,1440083722779,"208,935",83% bullish,of 6 ratings,$69.50
ADP,$83.26,1440083722812,"389,771",100% bearish,of 1 rating,$88
AVGO,$118.65,1440083722909,"595,798",88% bullish,of 8 ratings,$160
AAVL,$10.59,1440083722934,"57,546",100% bearish,of 1 rating,$20
AVNU,NULL,1440083723009,0,Not yet rated,NULL,$14
AVEO,$1.42,1440083723105,"346,522",75% bullish,of 8 ratings,$3
AVID,$7.97,1440083723161,"33,062",100% bearish,of 1 rating,$20
AVNW,$1.12,1440083723189,"6,916",50% bullish,of 2 ratings,$2.20
CAR,$45.13,1440083723222,"345,991",80% bullish,of 5 ratings,$60
AVGR,$15.3,1440083723255,"13,669",100% bearish,of 1 rating,$20
AXPW,$1.1201,1440083723324,"21,720",83% bullish,of 6 ratings,N/A
ACLS,$3.33,1440083723389,"167,541",67% bullish,of 6 ratings,$4.75
AWRE,$3.185,1440083723414,"5,194",67% bullish,of 3 ratings,N/A
AXGN,$3.8211,1440083723473,"5,350",Not yet rated,NULL,$5
AXPWW,NULL,1440083723553,0,Not yet rated,NULL,N/A
AXTI,$2.15,1440083723790,"3,030",50% bullish,of 2 ratings,$2.75
BCOM,NULL,1440083723821,0,100% bearish,of 1 rating,N/A
BCPC,$59.322,1440083723872,"15,287",100% bearish,of 1 rating,$75
BOSC,$2.4199,1440083723900,"1,800",50% bullish,of 2 ratings,N/A
BEAV,$49.98,1440083723928,"84,739",67% bearish,of 3 ratings,$59
RILY,$10,1440083723962,5,Not yet rated,NULL,N/A
BIDU,$158.55,1440083724065,"1,278,578",81% bullish,of 88 ratings,$215
BWINA,NULL,1440083724111,0,Not yet rated,NULL,N/A
BLDP,$1.305,1440083724206,"103,948",91% bullish,of 22 ratings,$2.50
BANF,$62.28,1440083724237,306,Not yet rated,NULL,$68
BWINB,$23.04,1440083724366,48,Not yet rated,NULL,N/A
BANFP,NULL,1440083724436,0,Not yet rated,NULL,N/A
BOCH,$5.75,1440083724462,"7,890",Not yet rated,NULL,$6.50
BKMU,$7.21,1440083724487,"14,027",Not yet rated,NULL,$8
BMRC,$48.59,1440083724639,"3,068",Not yet rated,NULL,$52
BKSC,NULL,1440083724664,0,Not yet rated,NULL,N/A
BOTJ,NULL,1440083724723,0,Not yet rated,NULL,N/A
OZRK,$41.955,1440083724859,"32,517",67% bullish,of 3 ratings,$49.50
BWFG,$18.25,1440083724889,"1,627",100% bearish,of 1 rating,N/A
BFIN,$11.95,1440083724978,"2,106",Not yet rated,NULL,$13
BANR,$45.475,1440083725006,"6,010",100% bullish,of 3 ratings,$50
BHAC,NULL,1440083725034,0,Not yet rated,NULL,N/A
BZUN,$6.21,1440083725059,"256,223",50% bullish,of 2 ratings,$13.85
TAPR,$29.856,1440083725212,200,100% bearish,of 1 rating,N/A
BHACU,$10.19,1440083725275,200,Not yet rated,NULL,N/A
BHACR,NULL,1440083725303,0,Not yet rated,NULL,N/A
BHACW,NULL,1440083725431,0,Not yet rated,NULL,N/A
BBSI,$33.89,1440083725458,"19,711",67% bearish,of 3 ratings,$62.50
BYLK,$12.96,1440083725590,"1,904",Not yet rated,NULL,$14
BYBK,NULL,1440083725618,0,100% bearish,of 1 rating,N/A
BBCN,$15.2,1440083725688,"23,073",100% bearish,of 1 rating,$16
BSET,$30.48,1440083725720,"29,584",100% bearish,of 1 rating,$35
BV,$5.175,1440083725796,"45,952",67% bullish,of 6 ratings,$9
BCBP,$11.7,1440083725830,"3,754",Not yet rated,NULL,N/A
BDCV,$4.991,1440083725859,980,100% bearish,of 1 rating,$10.19
BECN,$36.58,1440083725931,"59,218",50% bullish,of 2 ratings,$40
BSF,$8.94,1440083725996,"2,542",Not yet rated,NULL,N/A
BBGI,$4.8499,1440083726093,100,100% bearish,of 1 rating,N/A
BEBE,$1.82,1440083726125,"14,095",75% bullish,of 4 ratings,$3.075
BBBY,$63.235,1440083726261,"371,892",71% bullish,of 7 ratings,$75
BELFB,$19.75,1440083726315,"3,119",100% bearish,of 1 rating,N/A
BLPH,$5.38,1440083726362,"25,274",100% bearish,of 1 rating,$12.50
BELFA,NULL,1440083726388,0,100% bearish,of 1 rating,N/A
BNCL,$12.81,1440083726519,"80,688",100% bullish,of 3 ratings,$12.50
BNTC,$8.39,1440083726547,"57,393",100% bullish,of 1 rating,N/A
BNFT,$37.96,1440083726619,"16,118",67% bullish,of 3 ratings,$46
BLCM,$18.15,1440083726653,"17,113",50% bullish,of 4 ratings,$40
BGCP,$9.33,1440083726750,"173,483",88% bullish,of 8 ratings,$14
BGFV,$11.22,1440083726775,"16,158",57% bullish,of 7 ratings,$12
BGMD,$0.7769,1440083726801,"117,806",100% bullish,of 10 ratings,N/A
BIND,$4.622,1440083726839,"12,502",67% bullish,of 3 ratings,$13.50
ORPN,$5.43,1440083726941,"4,350",100% bullish,of 1 rating,$28.50
BASI,$1.34,1440083727183,"5,908",Not yet rated,NULL,N/A
BCDA,NULL,1440083727444,0,Not yet rated,NULL,N/A
BIIB,$313.7998,1440083727493,"272,050",88% bullish,of 16 ratings,$400
BCRX,$11.855,1440083727527,"69,537",63% bullish,of 8 ratings,$18
BDSI,$6.43,1440083727556,"152,809",88% bullish,of 8 ratings,$17
BIOD,$0.6897,1440083727627,"38,514",80% bullish,of 5 ratings,$4
BIOC,$2.0372,1440083727656,"404,880",83% bullish,of 6 ratings,$3.85
BMRN,$133.651,1440083727755,"208,426",80% bullish,of 5 ratings,$160
BLRX,$1.47,1440083727782,"87,150",100% bullish,of 12 ratings,$5
BLFS,$2.08,1440083727842,"8,700",100% bearish,of 1 rating,$4.75
BIOL,$1.5,1440083727976,"23,866",Not yet rated,NULL,N/A
BVXVW,$0.704,1440083728017,"2,000",100% bearish,of 1 rating,N/A
BRLI,NULL,1440083728047,0,83% bullish,of 6 ratings,N/A
BPTH,$1.17,1440083728073,"2,144",100% bullish,of 2 ratings,$5
BVXV,$4,1440083728153,"4,200",Not yet rated,NULL,N/A
BBC,$31.5,1440083728292,"4,652",Not yet rated,NULL,N/A
BBP,$33.331,1440083728518,"3,766",Not yet rated,NULL,N/A
BSPM,$0.6684,1440083728564,"2,100",50% bullish,of 2 ratings,N/A
BSTC,$50.445,1440083728599,"14,272",100% bearish,of 1 rating,$76
TECH,$104.335,1440083728621,"11,225",100% bullish,of 1 rating,$117
BOTA,$2.368,1440083728695,"44,866",88% bullish,of 8 ratings,N/A
BIOS,$1.635,1440083728724,"325,703",71% bullish,of 7 ratings,$4
BITI,$18.83,1440083728751,"15,775",100% bullish,of 1 rating,$28
BDMS,NULL,1440083728910,0,100% bearish,of 1 rating,N/A
BEAT,$13.2,1440083728938,"172,328",67% bearish,of 3 ratings,$15
BJRI,$46.75,1440083729105,"26,021",50% bullish,of 2 ratings,$55
BLKB,$60.19,1440083729134,"27,645",100% bearish,of 2 ratings,$66
BDE,$7.49,1440083729155,"17,544",50% bullish,of 2 ratings,$9
BBOX,$15.411,1440083729210,"7,363",100% bearish,of 1 rating,N/A
BBRY,$7.28,1440083729292,"1,129,760",61% bullish,of 330 ratings,$9
HAWK,$44.34,1440083729422,"104,267",90% bullish,of 10 ratings,$49
BKCC,$9.29,1440083729454,"40,119",100% bullish,of 2 ratings,$10
ADRD,$22.8701,1440083729506,"1,373",100% bearish,of 1 rating,N/A
ADRE,$30.39,1440083729557,"2,300",Not yet rated,NULL,N/A
ADRA,$27.77,1440083729584,908,Not yet rated,NULL,N/A
ADRU,NULL,1440083729612,0,100% bearish,of 1 rating,N/A
BCOR,$13.56,1440083729756,"29,624",57% bullish,of 7 ratings,$15
BLMN,$21.29,1440083729793,"124,164",83% bullish,of 6 ratings,$27.50
BLBD,$11.95,1440083729929,"1,800",Not yet rated,NULL,N/A
BBLU,$0.88,1440083730063,"11,122",100% bullish,of 2 ratings,$4.43
BUFF,$26.28,1440083730113,"49,271",83% bullish,of 12 ratings,$31.50
NILE,$34.905,1440083730141,"9,513",50% bullish,of 2 ratings,$34
BLUE,$124.95,1440083730167,"225,580",71% bullish,of 7 ratings,$217.50
BKEPP,$7.75,1440083730299,"9,900",100% bearish,of 1 rating,N/A
BPMC,$27.01,1440083730329,"18,863",50% bullish,of 2 ratings,$47.50
BHBK,$14.23,1440083730385,"11,829",100% bullish,of 1 rating,$14.50
BKEP,$6.87,1440083730429,"7,831",100% bearish,of 1 rating,$8.50
BOBE,$45.36,1440083730518,"17,474",75% bullish,of 4 ratings,$57
BNCN,$21.35,1440083730544,"5,271",Not yet rated,NULL,$23
BOFI,$130.78,1440083730602,"30,514",100% bullish,of 6 ratings,$144
WIFI,$8.282,1440083730737,"117,713",50% bullish,of 2 ratings,$13.50
BOJA,$21.22,1440083730763,"74,231",100% bullish,of 1 rating,$30
BONA,$11.92,1440083730921,"88,880",75% bullish,of 4 ratings,$8.50
BPFH,$12.3,1440083731026,"120,285",100% bearish,of 1 rating,$14
BAMM,$3.2,1440083731055,898,60% bullish,of 5 ratings,N/A
BOKF,$63.25,1440083731085,"19,824",100% bearish,of 1 rating,$71
BPFHW,NULL,1440083731112,0,100% bearish,of 1 rating,N/A
BNSO,$1.4199,1440083731134,"1,002",100% bearish,of 1 rating,N/A
BPFHP,NULL,1440083731274,0,100% bearish,of 1 rating,N/A
EPAY,$26.24,1440083731342,"15,509",100% bearish,of 2 ratings,$30
BCLI,$3.1195,1440083731406,"27,083",80% bullish,of 5 ratings,$12
BBEP,$2.445,1440083731553,"632,244",69% bullish,of 13 ratings,$5.625
BBRG,$13.08,1440083731579,"10,347",67% bullish,of 3 ratings,$14.50
BDBD,$8.64,1440083731625,"106,267",60% bullish,of 5 ratings,$10
BRID,NULL,1440083731829,0,100% bearish,of 1 rating,N/A
BLIN,$1.34,1440083731895,"14,977",50% bullish,of 2 ratings,$2.20
BBEPP,$13.57,1440083731929,"8,908",100% bearish,of 1 rating,N/A
BCOV,$5.36,1440083731950,"40,994",67% bullish,of 3 ratings,$10.20
BRCM,$50.3,1440083731973,"873,202",75% bullish,of 12 ratings,$56
BDGE,$27.62,1440083732011,"2,871",Not yet rated,NULL,$31.75
BSFT,$32.26,1440083732043,"11,672",57% bullish,of 7 ratings,$40.50
BVSN,$5.98,1440083732116,8,60% bearish,of 5 ratings,N/A
BYFC,$1.49,1440083732271,"13,810",50% bullish,of 2 ratings,N/A
BWEN,$3.45,1440083732298,"7,311",100% bullish,of 3 ratings,$8
BRKL,$10.86,1440083732353,"29,556",100% bearish,of 1 rating,$10.75
BRCD,$9.92,1440083732427,"1,753,702",92% bullish,of 13 ratings,$12.50
BRKS,$10.45,1440083732587,"32,077",67% bullish,of 3 ratings,$15.25
BRKR,$19.715,1440083732667,"250,823",100% bearish,of 2 ratings,$22
BLMT,$20.91,1440083732733,"2,742",Not yet rated,NULL,N/A
BLDR,$15.22,1440083732766,"299,615",50% bullish,of 2 ratings,$22
BWLD,$195,1440083732795,"67,488",82% bullish,of 11 ratings,$205
BMTC,$29.42,1440083732816,"4,748",Not yet rated,NULL,$34
BSQR,$6.56,1440083732864,"38,441",67% bullish,of 3 ratings,N/A
BUR,NULL,1440083732994,0,100% bearish,of 1 rating,$8
CFFI,NULL,1440083733061,0,100% bearish,of 1 rating,N/A
CHRW,$69.445,1440083733086,"289,954",Not yet rated,NULL,$72
CA,$28.7,1440083733218,"289,214",50% bullish,of 4 ratings,$33
CCMP,$44.51,1440083733244,"18,126",50% bullish,of 2 ratings,$59
CDZI,$7.45,1440083733432,"5,850",100% bearish,of 1 rating,N/A
CACQ,$7.1125,1440083733462,"6,891",100% bearish,of 1 rating,$12.25
CDNS,$20.96,1440083733484,"260,035",75% bullish,of 4 ratings,$22.50
CZR,$6.84,1440083733524,"203,030",60% bearish,of 5 ratings,$10.50
CSTE,$42.52,1440083733617,"304,184",100% bearish,of 1 rating,$65
PRSS,$4.57,1440083733651,729,80% bullish,of 5 ratings,$4.50
CLBS,$1.33,1440083733681,"31,464",79% bullish,of 14 ratings,$4
CLMS,$11.84,1440083733758,"5,366",Not yet rated,NULL,$10.50
CHI,$10.9954,1440083733830,"32,835",100% bearish,of 1 rating,N/A
CHY,$11.7154,1440083733855,"70,064",Not yet rated,NULL,N/A
CCD,$20.85,1440083734045,"18,976",Not yet rated,NULL,N/A
CFGE,NULL,1440083734070,0,Not yet rated,NULL,N/A
CHW,$7.88,1440083734203,"74,883",100% bearish,of 1 rating,N/A
CAMP,$16.07,1440083734254,"63,686",88% bullish,of 8 ratings,$25
CVGW,$54.3,1440083734305,"40,873",50% bullish,of 2 ratings,$58.50
CSQ,$10.3299,1440083734337,"98,398",Not yet rated,NULL,N/A
CFNB,NULL,1440083734358,0,100% bearish,of 1 rating,N/A
CALA,$5.22,1440083734441,"91,846",100% bullish,of 3 ratings,$19.50
CGO,$12.49,1440083734493,"8,966",100% bearish,of 1 rating,N/A
CALD,$15.85,1440083734653,"38,646",100% bearish,of 1 rating,$20.50
CALM,$50,1440083734679,"89,426",80% bullish,of 5 ratings,$65
CLMT,$26.163,1440083734720,"34,198",75% bullish,of 8 ratings,$31
ABCD,$4.83,1440083734752,"37,855",83% bullish,of 6 ratings,N/A
CAMBU,NULL,1440083734849,0,100% bearish,of 1 rating,N/A
CAMB,$9.95,1440083734989,400,Not yet rated,NULL,N/A
CAC,$39.99,1440083735043,777,Not yet rated,NULL,N/A
CAMBW,NULL,1440083735072,0,Not yet rated,NULL,N/A
CAMT,$2.9,1440083735118,"11,370",73% bullish,of 11 ratings,$4
CGIX,$10.0851,1440083735176,"11,890",67% bullish,of 3 ratings,$14.375
CSIQ,$19.16,1440083735215,"1,240,244",86% bullish,of 28 ratings,$45
CBNJ,NULL,1440083735280,0,100% bullish,of 1 rating,N/A
CPHC,NULL,1440083735352,0,100% bearish,of 1 rating,N/A
CPLA,$48.75,1440083735558,"7,893",50% bullish,of 2 ratings,$65
CCBG,$15,1440083735587,"2,465",Not yet rated,NULL,$17.25
CBF,$30.02,1440083735618,"24,966",Not yet rated,NULL,$32
CPLP,$6.98,1440083735716,"182,520",71% bullish,of 7 ratings,$11
CSWC,$47.73,1440083735746,"3,999",Not yet rated,NULL,N/A
CPTA,$14.68,1440083735848,"17,043",Not yet rated,NULL,$18.50
CFFN,$12.03,1440083735910,"75,879",Not yet rated,NULL,$12.75
CAPN,$2.2903,1440083735942,"112,089",100% bullish,of 1 rating,$10.85
CAPNW,$0.5,1440083735967,"2,600",Not yet rated,NULL,N/A
CAPR,$4.0001,1440083736124,"7,880",Not yet rated,NULL,$12
CARB,$11.26,1440083736175,"26,767",75% bullish,of 4 ratings,$12
CPST,$0.3921,1440083736201,"192,686",95% bullish,of 22 ratings,$1
CARA,$21.715,1440083736227,"37,475",50% bullish,of 4 ratings,$25
CBYL,$7.01,1440083736480,"7,508",100% bearish,of 1 rating,$20
CRME,$9.36,1440083736540,"13,482",89% bullish,of 9 ratings,$11.25
CRDC,$0.39,1440083736574,"7,600",100% bullish,of 1 rating,$1.25
CFNL,$22.77,1440083736597,"26,273",Not yet rated,NULL,$24
CSII,$24.06,1440083736626,"33,856",100% bearish,of 2 ratings,$42.125
CATM,$35.16,1440083736661,"55,847",100% bearish,of 1 rating,$44
CECO,$3.665,1440083736688,"42,471",67% bearish,of 3 ratings,$6
CDNA,$6.41,1440083736710,"1,600",100% bearish,of 1 rating,$9
CTRE,$12,1440083736972,"111,402",50% bullish,of 2 ratings,N/A
CKEC,$22.35,1440083736999,"18,858",50% bullish,of 2 ratings,$35.915
CARO,$15.34,1440083737030,"7,122",100% bearish,of 1 rating,$19
CLBH,NULL,1440083737133,0,Not yet rated,NULL,$16.50
CRZO,$33.27,1440083737162,"95,464",67% bearish,of 3 ratings,$57
CART,$5.45,1440083737214,"2,256",100% bearish,of 1 rating,N/A
TAST,$12.4992,1440083737267,"44,777",Not yet rated,NULL,$14.25
CARV,$6.04,1440083737485,317,50% bullish,of 2 ratings,N/A
CRTN,$2.71,1440083737522,100,100% bearish,of 1 rating,N/A
CACB,$5.52,1440083737549,"5,916",Not yet rated,NULL,$5.50
CASM,$1.12,1440083737588,"35,900",100% bullish,of 1 rating,$3.50
CWST,$6.41,1440083737627,"17,601",50% bullish,of 2 ratings,$7
CSCD,$14.28,1440083737679,"24,895",100% bullish,of 2 ratings,$17
CASY,$107.32,1440083737706,"30,591",50% bullish,of 2 ratings,$99.50
CASI,$1.49,1440083737772,"7,980",100% bullish,of 1 rating,$3.50
CASS,$49.29,1440083738018,"1,908",100% bearish,of 1 rating,N/A
CATB,$11.98,1440083738088,"2,908",100% bearish,of 1 rating,$28
CBFV,$20.45,1440083738185,"2,573",Not yet rated,NULL,N/A
CAVM,$69.44,1440083738212,"78,952",67% bearish,of 3 ratings,$72
CPRX,$3.701,1440083738241,"234,203",71% bullish,of 7 ratings,$7
CVCO,$73.4,1440083738262,"4,136",100% bearish,of 1 rating,N/A
CATY,$30.95,1440083738318,"70,302",100% bearish,of 1 rating,$33.50
CNLMR,NULL,1440083738392,0,Not yet rated,NULL,N/A
CATYW,NULL,1440083738485,0,100% bearish,of 1 rating,N/A
CNLM,$9.98,1440083738613,200,Not yet rated,NULL,N/A
CNLMU,NULL,1440083738645,0,100% bullish,of 1 rating,N/A
CBOE,$63.54,1440083738678,"38,897",Not yet rated,NULL,$60
CNLMW,NULL,1440083738700,0,Not yet rated,NULL,N/A
CDK,$48.66,1440083738750,"83,640",67% bearish,of 3 ratings,$50
CDW,$39.11,1440083738778,"113,732",75% bullish,of 4 ratings,$44
CECE,$9.895,1440083739005,"56,209",50% bullish,of 2 ratings,$16
CPXX,$2.1715,1440083739032,"7,820",100% bullish,of 2 ratings,$7
CELGZ,$1.81,1440083739064,"9,200",80% bullish,of 5 ratings,N/A
CELG,$126.92,1440083739101,"898,038",92% bullish,of 13 ratings,$155.50
CLDN,$1.0633,1440083739164,"73,463",71% bullish,of 7 ratings,$3
CLDX,$14.5,1440083739230,"324,088",89% bullish,of 9 ratings,$36
CLRB,NULL,1440083739260,0,100% bearish,of 1 rating,N/A
CLRBW,NULL,1440083739365,0,Not yet rated,NULL,N/A
CBMG,$23,1440083739498,"5,208",50% bullish,of 2 ratings,N/A
CLLS,$31.41,1440083739534,"32,343",75% bullish,of 4 ratings,$51.50
CYAD,$53.31,1440083739555,918,100% bullish,of 1 rating,$87.50
CLSN,$2.0842,1440083739590,"14,049",80% bullish,of 10 ratings,$7.50
CLTX,$3.0899,1440083739611,"4,016,193",100% bullish,of 2 ratings,N/A
CEMP,$36.72,1440083739641,"199,445",71% bullish,of 7 ratings,$52
CETX,$2.54,1440083739827,"7,352",Not yet rated,NULL,$5.60
CETV,$2.075,1440083739904,"22,368",67% bullish,of 3 ratings,$2.80
CSFL,$14.03,1440083739935,"38,878",Not yet rated,NULL,$15
CFBK,$1.372,1440083740035,100,Not yet rated,NULL,N/A
CENT,$12.34,1440083740062,"11,987",Not yet rated,NULL,$10
CENTA,$13.07,1440083740092,"12,744",Not yet rated,NULL,N/A
CENX,$5.27,1440083740193,"487,940",67% bullish,of 6 ratings,$9
CNBKA,$41.1,1440083740328,34,100% bullish,of 1 rating,N/A
CVCY,NULL,1440083740363,0,Not yet rated,NULL,$12
CNTY,$6.1806,1440083740387,"1,899",80% bullish,of 5 ratings,$7.75
CRNT,$1.43,1440083740465,"14,130",50% bullish,of 2 ratings,$2
CPHD,$48.45,1440083740495,"70,054",50% bullish,of 2 ratings,$66.50
CERU,$3.3305,1440083740539,"8,925",75% bullish,of 4 ratings,$15
CERE,$1.199,1440083740632,"162,846",88% bullish,of 8 ratings,N/A
CERN,$63.83,1440083740660,"226,196",67% bullish,of 3 ratings,$79
CERS,$4.95,1440083740687,"89,657",75% bullish,of 4 ratings,$7
KOOL,$0.72,1440083741009,670,100% bullish,of 5 ratings,$7
CYOU,$19.89,1440083741057,"102,264",50% bullish,of 6 ratings,$24
CEVA,$18.68,1440083741117,"5,234",100% bearish,of 1 rating,$25
HOTR,$1.29,1440083741156,"126,804",100% bullish,of 2 ratings,$5
GTLS,$23.135,1440083741249,"42,566",50% bullish,of 4 ratings,$40
HOTRW,$0.1399,1440083741276,"4,399",Not yet rated,NULL,N/A
CHKP,$80.13,1440083741306,"204,975",50% bullish,of 4 ratings,$92
CTHR,$1.24,1440083741327,"11,962",50% bullish,of 2 ratings,$2.50
CHTR,$184,1440083741490,"226,021",100% bearish,of 2 ratings,$196
CHFN,$12.42,1440083741546,"1,722",Not yet rated,NULL,$14
CHEKW,NULL,1440083741710,0,Not yet rated,NULL,N/A
CHEK,$3.08,1440083741739,38,Not yet rated,NULL,$7.75
CEMI,$4.4,1440083741770,"5,718",50% bullish,of 2 ratings,$7.50
CHMG,$26.5,1440083741796,900,Not yet rated,NULL,$30
CHFC,$32.12,1440083741822,"16,266",100% bearish,of 1 rating,$36
CCXI,$7,1440083741873,"11,052",67% bullish,of 3 ratings,$14
CHKE,$26.36,1440083742034,"2,151",100% bearish,of 1 rating,$32.50
CHEV,$14.67,1440083742076,400,Not yet rated,NULL,N/A
CBNK,$16.52,1440083742138,100,100% bearish,of 1 rating,N/A
CHMA,$26.135,1440083742170,"8,263",Not yet rated,NULL,$40
CMRX,$49.66,1440083742269,"26,368",50% bullish,of 2 ratings,$57
PLCE,$60.27,1440083742305,"94,333",100% bearish,of 1 rating,$71
CADC,NULL,1440083742399,0,78% bullish,of 9 ratings,N/A
CALI,$0.89,1440083742425,"4,492",67% bullish,of 3 ratings,N/A
CBAK,$2.153,1440083742584,"31,826",67% bullish,of 9 ratings,N/A
CAAS,$6.62,1440083742633,"4,999",93% bullish,of 14 ratings,$11.50
CBPO,$106.5301,1440083742735,"37,218",75% bullish,of 8 ratings,$140.50
CCCL,$0.9,1440083742763,"1,872",100% bullish,of 6 ratings,N/A
CHOP,$1.249,1440083742798,"4,300",50% bullish,of 2 ratings,N/A
JRJC,$4.29,1440083742822,"7,601",82% bullish,of 11 ratings,N/A
CCCR,$0.8,1440083742843,"2,500",67% bearish,of 3 ratings,N/A
HGSH,NULL,1440083742896,0,67% bullish,of 3 ratings,N/A
CHLN,$2.01,1440083743041,"13,775",67% bullish,of 3 ratings,N/A
CNIT,$1.65,1440083743066,"41,072",67% bullish,of 6 ratings,N/A
HTHT,$25.9401,1440083743231,"7,517",50% bullish,of 2 ratings,$28
CHNR,NULL,1440083743257,0,100% bearish,of 1 rating,N/A
CJJD,$2,1440083743279,"7,233",100% bullish,of 1 rating,N/A
CREG,$0.78,1440083743308,"7,841",100% bullish,of 3 ratings,N/A
CSUN,$1.41,1440083743455,"10,155",80% bullish,of 5 ratings,N/A
CPGI,$6.7065,1440083743482,140,Not yet rated,NULL,N/A
CNTF,$0.9199,1440083743512,"18,650",Not yet rated,NULL,N/A
CXDC,$6.26,1440083743619,"9,902",67% bullish,of 3 ratings,N/A
CNET,$0.825,1440083743711,"13,299",50% bullish,of 2 ratings,N/A
CCIH,$8.8,1440083743741,"31,643",67% bullish,of 6 ratings,$12.65
CNYD,NULL,1440083743774,0,67% bullish,of 3 ratings,N/A
CHSCL,$26.99,1440083743874,"1,883",Not yet rated,NULL,N/A
IMOS,$15.42,1440083743905,"30,282",60% bullish,of 5 ratings,$21.50
CHSCM,$26.25,1440083744007,"3,951",Not yet rated,NULL,N/A
CHSCN,NULL,1440083744076,0,Not yet rated,NULL,N/A
CHSCP,$30.31,1440083744181,"2,434",Not yet rated,NULL,N/A
CHSCO,NULL,1440083744209,0,Not yet rated,NULL,N/A
CHDN,$134.91,1440083744339,"24,569",Not yet rated,NULL,$165
CHUY,$31.71,1440083744431,"40,117",50% bullish,of 2 ratings,$34
CMCT,NULL,1440083744470,0,100% bearish,of 1 rating,N/A
CMPR,$69.86,1440083744527,"55,429",50% bullish,of 2 ratings,$72.50
CIFC,$7.09,1440083744557,360,Not yet rated,NULL,N/A
CDTX,$14.12,1440083744607,"6,968",Not yet rated,NULL,$22
CINF,$56.09,1440083744661,"51,726",50% bullish,of 4 ratings,$50.50
CPHR,$6.5,1440083744850,"3,461",100% bearish,of 1 rating,$16
CIDM,$0.6601,1440083744884,"13,899",50% bullish,of 2 ratings,$2.10
CTAS,$87.12,1440083744926,"55,243",100% bearish,of 1 rating,$91
CSCO,$27.23,1440083744979,"5,936,171",84% bullish,of 208 ratings,$32
CRUS,$29.2,1440083745005,"272,659",75% bullish,of 12 ratings,$44.50
CZNC,$20.0001,1440083745216,"5,852",Not yet rated,NULL,N/A
CZFC,$12.75,1440083745246,700,Not yet rated,NULL,N/A
CTRN,$27.86,1440083745268,"64,529",100% bearish,of 1 rating,$30.50
CHCO,$47.48,1440083745408,"7,085",Not yet rated,NULL,$46
CIZN,NULL,1440083745439,0,Not yet rated,NULL,N/A
CZWI,NULL,1440083745460,0,Not yet rated,NULL,N/A
CTXS,$76.49,1440083745490,"154,788",86% bullish,of 7 ratings,$80
CIVB,$10.2838,1440083745521,"1,900",Not yet rated,NULL,$11
CIVBP,NULL,1440083745621,0,Not yet rated,NULL,N/A
CDTI,$1.62,1440083745650,"21,961",75% bullish,of 4 ratings,$3.20
CLNE,$4.17,1440083745819,"223,257",80% bullish,of 15 ratings,$9
CLFD,$17.26,1440083745924,"30,767",67% bullish,of 3 ratings,$18
CLRO,$11.8178,1440083745975,"1,227",50% bullish,of 2 ratings,$14.25
CLNT,$1.9875,1440083746001,"3,854",75% bullish,of 8 ratings,N/A
CLIR,$5.1594,1440083746032,"10,377",100% bullish,of 3 ratings,N/A
CBLI,$3.85,1440083746134,"6,121",60% bullish,of 5 ratings,N/A
CLVS,$74.355,1440083746196,"54,441",60% bullish,of 5 ratings,$101.50
CSBK,$13.82,1440083746264,"11,332",Not yet rated,NULL,N/A
CMFN,$11.66,1440083746293,"5,544",100% bearish,of 1 rating,$15.50
CME,$96.86,1440083746394,"205,525",67% bullish,of 3 ratings,$102
CISG,$8.6,1440083746530,"40,585",100% bullish,of 5 ratings,$10
CWAY,$11.49,1440083746556,"1,800",Not yet rated,NULL,N/A
CCNE,$17.26,1440083746605,664,50% bullish,of 2 ratings,$21.50
CNV,$4.62,1440083746638,"22,937",50% bullish,of 2 ratings,$7.15
COKE,$157.71,1440083746707,"13,143",79% bullish,of 19 ratings,N/A
COBZ,$12.97,1440083746732,"32,170",100% bullish,of 1 rating,$14
CDRB,$12.02,1440083746941,"1,496",67% bullish,of 3 ratings,N/A
CVLY,NULL,1440083747077,0,Not yet rated,NULL,N/A
CDXS,$3.965,1440083747105,"10,855",64% bullish,of 11 ratings,$6
CCOI,$28.6,1440083747131,"34,958",50% bullish,of 4 ratings,$35
JVA,$4.7158,1440083747165,"1,404",83% bullish,of 6 ratings,$7
CGNX,$36.55,1440083747191,"96,253",50% bullish,of 2 ratings,$47
CGNT,$1.6499,1440083747213,"5,252",100% bullish,of 2 ratings,$2
CTSH,$65.8,1440083747296,"726,588",90% bullish,of 10 ratings,$74.50
CLCT,$19.16,1440083747519,"2,581",100% bearish,of 1 rating,N/A
COHU,$9.69,1440083747547,"12,505",100% bearish,of 1 rating,$14.25
CLRX,$0.51,1440083747573,"11,395",50% bullish,of 2 ratings,N/A
CHRS,$29.59,1440083747616,"27,253",67% bearish,of 3 ratings,$37
COHR,$57.365,1440083747642,"18,066",50% bullish,of 2 ratings,$72
CIGI,$45.94,1440083747775,"1,000",100% bearish,of 1 rating,$52
COLL,$14.1699,1440083747801,"8,154",100% bearish,of 1 rating,$26
CBAN,$8.77,1440083747935,200,Not yet rated,NULL,N/A
CLCD,$7.669,1440083747962,"5,960",100% bearish,of 1 rating,$20.50
COLB,$32.255,1440083748027,"53,005",Not yet rated,NULL,$36
CMCO,$20,1440083748092,"132,093",60% bullish,of 5 ratings,$28
COLM,$64.37,1440083748126,"26,498",100% bearish,of 1 rating,$71
CMCSA,$58.5,1440083748196,"2,835,248",66% bullish,of 35 ratings,$69.50
CBMX,$1.1799,1440083748224,"3,080",83% bullish,of 6 ratings,$3.15
CMCSK,$58.98,1440083748385,"874,045",Not yet rated,NULL,$84
CBSH,$46.15,1440083748512,"48,083",50% bullish,of 2 ratings,$46
CBSHP,$25.24,1440083748559,"2,592",100% bearish,of 1 rating,N/A
CUBN,NULL,1440083748588,0,Not yet rated,NULL,N/A
CVGI,$4.63,1440083748615,"16,877",50% bullish,of 2 ratings,$6
COMM,$30.885,1440083748693,"141,728",67% bearish,of 3 ratings,$35
JCS,$9.325,1440083748770,"2,000",67% bullish,of 3 ratings,N/A
CSAL,$22.42,1440083748829,"84,230",75% bullish,of 4 ratings,$30
ESXB,$5.09,1440083748896,"23,702",Not yet rated,NULL,N/A
CTBI,$34.555,1440083748962,"2,303",Not yet rated,NULL,$36
CWBC,$6.752,1440083748996,200,Not yet rated,NULL,N/A
COB,$10.52,1440083749045,900,100% bullish,of 1 rating,$11.75
CVLT,$36.93,1440083749129,"34,076",75% bullish,of 4 ratings,$44.50
CYHHZ,$0.012,1440083749189,450,100% bullish,of 1 rating,N/A
CIZ,$34.3,1440083749322,"2,060",100% bearish,of 1 rating,N/A
CIL,$34.46,1440083749351,100,Not yet rated,NULL,N/A
CID,NULL,1440083749454,0,Not yet rated,NULL,N/A
CDC,$36.137,1440083749495,442,Not yet rated,NULL,N/A
CSA,NULL,1440083749624,0,Not yet rated,NULL,N/A
CFA,$37.15,1440083749652,200,100% bearish,of 1 rating,N/A
CSF,$38.02,1440083749707,175,100% bearish,of 1 rating,N/A
CFO,$37.0271,1440083749779,"1,280",100% bearish,of 1 rating,N/A
CDL,NULL,1440083749871,0,Not yet rated,NULL,N/A
CSB,NULL,1440083749969,0,Not yet rated,NULL,N/A
CGEN,$5.39,1440083750001,"33,788",50% bullish,of 2 ratings,$11
CPSI,$45.565,1440083750027,"4,957",100% bearish,of 1 rating,$45.50
CTG,$6.62,1440083750096,"6,318",100% bearish,of 1 rating,$8.50
SCOR,$61.71,1440083750196,"99,402",100% bearish,of 1 rating,$66
CMTL,$26.7,1440083750326,"5,943",100% bearish,of 2 ratings,$37
CHCI,$0.5722,1440083750371,"4,300",50% bullish,of 2 ratings,N/A
CNAT,$4.27,1440083750405,"12,646",83% bullish,of 6 ratings,$13
CNSI,$19.16,1440083750426,"6,148",100% bearish,of 2 ratings,$29
CNCE,$15.66,1440083750500,"62,802",75% bullish,of 4 ratings,$22
CXRX,$76.413,1440083750558,"1,021",Not yet rated,NULL,$90
CCUR,$5.19,1440083750734,"2,549",75% bullish,of 4 ratings,N/A
CDORP,NULL,1440083750836,0,100% bearish,of 1 rating,N/A
CDOR,$1.46,1440083750869,"3,012",100% bullish,of 1 rating,N/A
CNFR,$10.35,1440083750901,"11,060",Not yet rated,NULL,N/A
CFMS,$22.11,1440083750967,"33,816",Not yet rated,NULL,$27
CNMD,$56.18,1440083750998,"5,118",Not yet rated,NULL,$59
CDORO,NULL,1440083751026,0,100% bearish,of 1 rating,N/A
CTWS,$34.8001,1440083751167,"1,951",100% bearish,of 1 rating,$44
CNOB,$19.91,1440083751271,"1,700",100% bullish,of 1 rating,$23.50
CNXR,$6.39,1440083751301,"5,861",100% bearish,of 1 rating,$12
CONN,$32.02,1440083751328,"52,388",67% bullish,of 3 ratings,$48.50
CTCT,$24.1875,1440083751459,"43,017",67% bullish,of 3 ratings,$37
CNSL,$20.03,1440083751511,"22,966",100% bearish,of 1 rating,$23
CWCO,$11.42,1440083751537,"19,173",67% bullish,of 3 ratings,$14.50
CFRX,$5.07,1440083751685,"12,625",Not yet rated,NULL,$14
CFRXW,NULL,1440083751759,0,100% bearish,of 1 rating,N/A
CPSS,$5.64,1440083751786,"6,120",100% bullish,of 1 rating,$10
CTRV,$4.17,1440083751924,"15,464",Not yet rated,NULL,$6.40
CFRXZ,$0.51,1440083751950,400,Not yet rated,NULL,N/A
CTRL,$7.98,1440083752032,"35,787",50% bullish,of 2 ratings,$11
CRBP,$2.1201,1440083752088,"917,731",100% bullish,of 2 ratings,$6.25
BVA,NULL,1440083752191,0,50% bullish,of 2 ratings,N/A
CPRT,$35.73,1440083752219,"47,885",67% bearish,of 3 ratings,$40
CORT,$4.94,1440083752248,"69,724",67% bullish,of 3 ratings,$12
CORI,$11.05,1440083752382,"7,821",100% bearish,of 1 rating,$18
CSOD,$37.88,1440083752411,"90,872",50% bullish,of 2 ratings,$42
CORE,$62.895,1440083752433,"10,289",100% bearish,of 1 rating,$72
COSI,$1.16,1440083752706,"52,179",100% bullish,of 1 rating,N/A
CRVL,$32.43,1440083752743,"2,183",100% bearish,of 1 rating,N/A
CSGP,$190.31,1440083752764,"10,531",50% bullish,of 2 ratings,$235
CPAH,NULL,1440083752850,0,50% bullish,of 2 ratings,N/A
COST,$143.72,1440083752898,"273,224",83% bullish,of 24 ratings,$154.50
ICBK,NULL,1440083752926,0,Not yet rated,NULL,$21
COVS,$2.73,1440083753055,"6,838",67% bullish,of 3 ratings,N/A
CVTI,$24.35,1440083753127,"16,665",67% bearish,of 3 ratings,$39
COWN,$5.335,1440083753233,"134,235",75% bullish,of 4 ratings,$7
COWNL,$27.02,1440083753395,300,Not yet rated,NULL,N/A
CPSH,$2.4,1440083753428,"2,700",Not yet rated,NULL,N/A
CRAI,$22.59,1440083753492,"4,962",Not yet rated,NULL,$36
CBRL,$148.4,1440083753688,"44,434",50% bullish,of 2 ratings,$155
CRAY,$21.55,1440083753716,"43,113",83% bullish,of 6 ratings,$38.50
BREW,$7.85,1440083753863,"17,501",67% bullish,of 6 ratings,$15
GLDI,$11.0888,1440083753895,"1,628",100% bearish,of 1 rating,N/A
CACC,$189.17,1440083753916,"16,521",50% bullish,of 2 ratings,$158.50
SLVO,$10.501,1440083753946,"4,017",100% bearish,of 1 rating,N/A
CRESY,$11,1440083753972,"69,780",100% bearish,of 1 rating,$19
CREE,$26.5,1440083754003,"198,341",65% bullish,of 17 ratings,$28.50
CRTO,$47.05,1440083754176,"95,042",67% bullish,of 6 ratings,$64
CRDS,$1.0601,1440083754278,"7,600",50% bullish,of 4 ratings,$4.50
CCRN,$14.87,1440083754303,"83,065",100% bearish,of 1 rating,$14.25
CROX,$14.66,1440083754329,"132,177",63% bullish,of 8 ratings,$16.50
CRWS,$8.08,1440083754463,665,Not yet rated,NULL,$10
CRWN,$4.69,1440083754518,"40,897",75% bullish,of 4 ratings,N/A
CYRX,$3.09,1440083754566,"8,738",Not yet rated,NULL,$9
CSGS,$31.66,1440083754710,"22,968",Not yet rated,NULL,$40
CYRXW,$1.03,1440083754740,"6,400",Not yet rated,NULL,N/A
CCLP,$15.0019,1440083754762,"12,880",67% bearish,of 3 ratings,$21
CSPI,$6.25,1440083754890,155,67% bullish,of 3 ratings,N/A
CTCM,$1.7399,1440083754975,"88,871",80% bearish,of 5 ratings,$3.90
CTIC,$1.66,1440083755062,"678,248",84% bullish,of 76 ratings,$5.75
CTRP,$65,1440083755106,"793,350",75% bullish,of 8 ratings,$92
CTIB,$3.54,1440083755138,"2,475",100% bearish,of 1 rating,N/A
CUNB,$22.18,1440083755159,"2,608",Not yet rated,NULL,$24.50
CUI,$5.35,1440083755181,"24,452",50% bullish,of 2 ratings,$10
CPIX,$5.9,1440083755436,"1,800",Not yet rated,NULL,N/A
CMLS,$1.22,1440083755481,"146,623",50% bullish,of 4 ratings,$6
CRIS,$2.6411,1440083755509,"50,904",100% bullish,of 8 ratings,$6
CVBF,$16.845,1440083755571,"56,201",Not yet rated,NULL,$18
CVV,$11.8501,1440083755601,"10,600",100% bullish,of 5 ratings,N/A
CYAN,$7.64,1440083755623,202,100% bearish,of 1 rating,N/A
CUTR,$14.65,1440083755644,"3,393",67% bearish,of 3 ratings,$18
CYBR,$58.155,1440083755777,"534,268",86% bullish,of 7 ratings,$66
CYBX,$64.54,1440083755987,"286,883",50% bullish,of 4 ratings,$70
CYCCP,NULL,1440083756021,0,100% bearish,of 1 rating,N/A
CYBE,$5.9499,1440083756043,"5,678",100% bearish,of 1 rating,N/A
CYNA,$16.12,1440083756116,"9,003",100% bullish,of 1 rating,$31.50
CYCC,$0.6031,1440083756147,"24,254",73% bullish,of 11 ratings,N/A
CY,$9.67,1440083756246,"1,522,837",80% bullish,of 10 ratings,$15.50
CBAY,$2.76,1440083756342,"25,016",100% bullish,of 1 rating,$4
CYNO,$33.46,1440083756380,"34,882",67% bearish,of 3 ratings,$45.50
CONE,$33.77,1440083756520,"92,562",67% bearish,of 3 ratings,$35
CYTK,$6.54,1440083756551,"59,095",71% bullish,of 14 ratings,$13.50
CYRN,$1.735,1440083756573,"41,191",67% bullish,of 3 ratings,$4
CTSO,$7.274,1440083756650,"33,945",Not yet rated,NULL,$15.625
CYTX,$0.4,1440083756738,"260,132",83% bullish,of 12 ratings,$5.50
CYTR,$2.31,1440083756822,"92,004",67% bullish,of 6 ratings,$10
DAEG,$0.3301,1440083756866,100,100% bearish,of 1 rating,N/A
TVIX,$6.47,1440083756895,"4,779,091",81% bullish,of 16 ratings,N/A
TVIZ,$13.6,1440083756928,200,100% bearish,of 1 rating,N/A
ZIV,$48.41,1440083756954,"36,836",Not yet rated,NULL,N/A
XIV,$44.56,1440083757030,"5,051,047",75% bearish,of 4 ratings,N/A
DJCO,$205.8,1440083757137,200,Not yet rated,NULL,N/A
DAKT,$11.719,1440083757292,"37,214",50% bullish,of 2 ratings,$14
DTLK,$5.41,1440083757363,"33,483",100% bearish,of 1 rating,$9
DAIO,$2.6,1440083757388,"5,890",Not yet rated,NULL,N/A
DARA,$0.89,1440083757420,"19,322",83% bullish,of 6 ratings,$1.50
DRAM,NULL,1440083757565,0,78% bullish,of 9 ratings,N/A
DTEA,$12.075,1440083757638,"13,001",100% bearish,of 2 ratings,$24
PLAY,$35.02,1440083757664,"75,631",100% bullish,of 5 ratings,$42
DWSN,$4.42,1440083757692,"5,380",67% bullish,of 3 ratings,$6
DWCH,$5.46,1440083757724,"9,961",75% bullish,of 4 ratings,$8.25
DBVT,$41.39,1440083757871,"15,383",100% bearish,of 1 rating,$53
TRAK,$63,1440083757975,"395,333",50% bullish,of 2 ratings,$62.50
DHRM,$1.84,1440083758026,100,Not yet rated,NULL,N/A
TACO,$13.49,1440083758107,"46,542",100% bullish,of 3 ratings,$20
DFRG,$15.01,1440083758133,"17,103",100% bearish,of 1 rating,$20
TACOW,$4.26,1440083758264,"1,183",100% bullish,of 1 rating,N/A
DCTH,$0.4898,1440083758415,"31,224",78% bullish,of 9 ratings,N/A
DELT,$2.79,1440083758472,"3,343",Not yet rated,NULL,N/A
DGAS,$20.25,1440083758511,"7,258",67% bearish,of 3 ratings,N/A
XRAY,$55.795,1440083758562,"46,261",100% bullish,of 1 rating,$58
DELTW,NULL,1440083758598,0,Not yet rated,NULL,N/A
DEPO,$30.78,1440083758626,"164,462",80% bullish,of 5 ratings,$29
DENN,$12.225,1440083758648,"64,920",100% bullish,of 3 ratings,$15
DSCI,$6.4,1440083758690,"11,946",50% bullish,of 2 ratings,$16
DERM,$24.135,1440083758857,"20,858",100% bearish,of 1 rating,$33.50
DEST,$11.65,1440083758886,"6,246",50% bullish,of 2 ratings,N/A
DXLG,$4.75,1440083758992,"7,992",100% bearish,of 1 rating,$8
DSWL,NULL,1440083759092,0,100% bullish,of 1 rating,N/A
DXM,$0.32,1440083759223,"11,063",50% bullish,of 2 ratings,N/A
DXCM,$91.75,1440083759324,"153,274",57% bullish,of 7 ratings,$98
DHIL,$191.58,1440083759358,116,Not yet rated,NULL,N/A
DHXM,NULL,1440083759386,0,Not yet rated,NULL,N/A
DMND,$31.09,1440083759412,"86,542",75% bullish,of 12 ratings,$32
DCIX,$1.7701,1440083759448,"13,393",50% bullish,of 4 ratings,$3.50
FANG,$70.915,1440083759474,"156,471",50% bullish,of 2 ratings,$86
DRNA,$10.22,1440083759543,"22,760",67% bearish,of 3 ratings,$25
DGII,$10.2,1440083759691,"7,237",100% bearish,of 1 rating,$10
DRAD,$3.989,1440083759717,"1,670",100% bullish,of 1 rating,$5.25
DMRC,$36.035,1440083759847,"17,210",100% bearish,of 1 rating,$44
DGLY,$7.2634,1440083759872,"29,932",50% bullish,of 6 ratings,$20
APPS,$2.37,1440083760034,"3,124",100% bearish,of 1 rating,$10.25
DCOM,$17.06,1440083760135,"19,576",100% bearish,of 2 ratings,$16.50
DIOD,$19.51,1440083760178,"11,842",75% bearish,of 4 ratings,$24
DSCO,$0.445,1440083760210,"49,427",83% bullish,of 6 ratings,$2.75
DPRX,$12.69,1440083760242,"65,598",100% bullish,of 2 ratings,$27.75
DISCA,$28.32,1440083760270,"716,138",67% bullish,of 3 ratings,$34
DISCK,$27.151,1440083760344,"1,075,052",100% bearish,of 1 rating,$32
DISH,$63.855,1440083760417,"273,379",69% bullish,of 13 ratings,$73
DISCB,$30.53,1440083760445,50,100% bearish,of 1 rating,$35
BAGR,$3,1440083760574,904,100% bearish,of 1 rating,$6
DLHC,$2.65,1440083760675,904,100% bearish,of 1 rating,N/A
DVCR,$11.25,1440083760705,"6,349",100% bullish,of 1 rating,N/A
DNBF,$26.6201,1440083760804,538,Not yet rated,NULL,$27.50
DGICA,$14.475,1440083760901,"2,690",100% bearish,of 1 rating,$17
DLTR,$80.69,1440083760928,"372,735",82% bullish,of 11 ratings,$88
DGICB,NULL,1440083760979,0,100% bearish,of 1 rating,N/A
HILL,$9.675,1440083761062,"2,279,169",60% bearish,of 5 ratings,$9
DMLP,$14.0199,1440083761131,"10,323",100% bearish,of 1 rating,N/A
DORM,$50.39,1440083761163,"11,402",100% bearish,of 1 rating,$56
DWA,$18.24,1440083761226,"97,610",63% bullish,of 8 ratings,$26
DRWI,$0.2676,1440083761252,"124,333",60% bullish,of 5 ratings,$.45
DRWIW,$0.068,1440083761309,200,Not yet rated,NULL,N/A
DRYS,$0.348,1440083761454,"719,288",77% bullish,of 31 ratings,$.60
DSKX,$3.324,1440083761522,"78,440",100% bullish,of 1 rating,N/A
DSPG,$8.71,1440083761627,"14,995",100% bearish,of 1 rating,$13.50
CADTU,NULL,1440083761729,0,Not yet rated,NULL,N/A
CADTR,NULL,1440083761755,0,Not yet rated,NULL,N/A
CADT,NULL,1440083761784,0,Not yet rated,NULL,N/A
DTSI,$27.18,1440083761887,"11,727",100% bearish,of 2 ratings,$39.50
DNKN,$50.61,1440083761931,"433,192",67% bullish,of 15 ratings,$56.50
CADTW,NULL,1440083762018,0,Not yet rated,NULL,N/A
DRRX,$2,1440083762066,"33,108",50% bullish,of 6 ratings,$3
DXPE,$28.52,1440083762161,"28,287",50% bullish,of 2 ratings,N/A
DYAX,$22.6,1440083762192,"39,321",89% bullish,of 9 ratings,$30
DYSL,$1.7601,1440083762218,"307,376",100% bullish,of 2 ratings,N/A
BOOM,$10.28,1440083762258,"14,432",67% bullish,of 3 ratings,$12
DYNT,$2.99,1440083762390,39,75% bullish,of 4 ratings,N/A
DVAX,$28.55,1440083762530,"53,549",70% bullish,of 10 ratings,$40
EBMT,$11.45,1440083762619,600,Not yet rated,NULL,$13.50
ETFC,$26.83,1440083762649,"551,155",57% bullish,of 14 ratings,$33
EGBN,$43.7199,1440083762747,"16,604",Not yet rated,NULL,$48
EGLE,$6.54,1440083762776,"4,400",60% bullish,of 5 ratings,N/A
EGRX,$67.39,1440083762847,"86,976",67% bullish,of 3 ratings,$97
ELNK,$8.77,1440083762874,"101,086",60% bullish,of 5 ratings,$9.50
EROC,$1.1801,1440083762920,"124,717",50% bullish,of 2 ratings,$3
EWBC,$43.013,1440083763003,"392,185",100% bearish,of 1 rating,$50
EACQU,$10.2,1440083763053,944,Not yet rated,NULL,N/A
EML,$16.96,1440083763187,"8,200",Not yet rated,NULL,N/A
EBAY,$26.89,1440083763214,"1,980,704",81% bullish,of 117 ratings,$48
EVBS,$6.4501,1440083763243,100,Not yet rated,NULL,$7
EBIX,$29.56,1440083763349,"40,788",69% bullish,of 13 ratings,$40
ELON,$0.575,1440083763482,"3,519",50% bullish,of 2 ratings,N/A
EEI,$11.29,1440083763668,800,67% bearish,of 3 ratings,N/A
ECACU,$10.05,1440083763703,"13,200",Not yet rated,NULL,N/A
SATS,$45.58,1440083763724,"29,582",50% bullish,of 2 ratings,$60
ECHO,$25.92,1440083763809,"34,386",67% bearish,of 3 ratings,$35.50
ECTE,$1.48,1440083763837,200,75% bullish,of 4 ratings,N/A
ESES,$3.3967,1440083763868,249,100% bearish,of 1 rating,$7
EDGW,$7.15,1440083763919,"11,300",100% bearish,of 1 rating,N/A
EDAP,$3.4999,1440083763973,"15,017",60% bullish,of 5 ratings,$4.50
EFUT,NULL,1440083764170,0,Not yet rated,NULL,N/A
EGAN,$3.5999,1440083764199,"103,500",50% bullish,of 2 ratings,$6.25
EDUC,$4.67,1440083764225,"5,866",100% bearish,of 1 rating,N/A
EGLT,$11.53,1440083764371,"22,443",50% bullish,of 2 ratings,$21
LOCO,$12.5511,1440083764424,"849,553",69% bullish,of 13 ratings,$20
EMITF,$1.308,1440083764569,"3,154",75% bullish,of 4 ratings,N/A
ESLT,$81,1440083764595,"2,556",100% bullish,of 2 ratings,N/A
EHTH,$14.61,1440083764623,"28,562",50% bullish,of 4 ratings,$16.50
ELRC,$10.25,1440083764673,"4,560",100% bearish,of 1 rating,N/A
ERI,$9.58,1440083764779,"10,791",100% bearish,of 1 rating,$10
ESIO,$4.57,1440083764823,"35,629",50% bullish,of 2 ratings,$10
EA,$68.58,1440083764850,"1,100,391",77% bullish,of 35 ratings,$80
EFII,$44.47,1440083764985,"16,608",80% bullish,of 5 ratings,$55
ELEC,NULL,1440083765028,0,Not yet rated,NULL,N/A
ELECU,NULL,1440083765057,0,Not yet rated,NULL,N/A
ELSE,$4.07,1440083765137,486,60% bullish,of 5 ratings,N/A
ELECW,NULL,1440083765271,0,Not yet rated,NULL,N/A
EBIO,$3.2353,1440083765299,"329,027",100% bearish,of 2 ratings,$8.35
RDEN,$10.6,1440083765332,"27,987",100% bearish,of 4 ratings,$15
CAPX,NULL,1440083765436,0,Not yet rated,NULL,N/A
ESBK,NULL,1440083765581,0,Not yet rated,NULL,N/A
LONG,$17.04,1440083765636,"16,049",67% bullish,of 3 ratings,$15.75
ELTK,$1.0999,1440083765668,"17,748",67% bearish,of 3 ratings,N/A
EMCF,NULL,1440083765714,0,100% bearish,of 1 rating,N/A
EMCI,$23.6,1440083765769,900,Not yet rated,NULL,N/A
EMKR,$7.13,1440083765816,"14,701",75% bullish,of 4 ratings,$8.50
EMMS,$1.32,1440083765861,"6,250",67% bullish,of 6 ratings,N/A
EMMSP,NULL,1440083765899,0,100% bearish,of 1 rating,N/A
NYNY,$3.96,1440083766041,"26,266",50% bullish,of 2 ratings,N/A
ERS,$3.39,1440083766176,"1,385",Not yet rated,NULL,N/A
ENTA,$40.68,1440083766201,"17,144",50% bullish,of 2 ratings,$42
ECPG,$39.07,1440083766387,"42,314",100% bullish,of 2 ratings,$52
ENDP,$82.9,1440083766416,"189,826",50% bullish,of 6 ratings,$104
WIRE,$32.785,1440083766480,"7,132",100% bearish,of 1 rating,$37
ECYT,$5.0694,1440083766517,"59,555",83% bullish,of 6 ratings,$12
ELGX,$13.06,1440083766566,"55,592",75% bullish,of 4 ratings,$17
WATT,$7.01,1440083766593,"25,566",50% bullish,of 2 ratings,$13
EIGI,$15.66,1440083766665,"152,860",67% bearish,of 3 ratings,$20
EFOI,$17.49,1440083766695,"181,518",50% bullish,of 2 ratings,$20.50
ERII,$2.845,1440083766770,"14,765",80% bullish,of 5 ratings,$2.50
ENOC,$8.1,1440083766915,"48,890",75% bullish,of 4 ratings,$18
ENG,$1.08,1440083766961,"12,300",100% bullish,of 3 ratings,N/A
EXXI,$1.65,1440083767058,"314,590",86% bullish,of 7 ratings,$3.50
ESGR,$151.199,1440083767084,"4,186",100% bearish,of 1 rating,$185
ENPH,$4.63,1440083767111,"131,115",75% bullish,of 4 ratings,$11
ENFC,$18.03,1440083767240,"1,342",Not yet rated,NULL,N/A
ENTG,$14.05,1440083767269,"31,657",100% bearish,of 1 rating,$18
ENTL,$22.3,1440083767380,"3,700",Not yet rated,NULL,$28
ETRM,$0.2456,1440083767452,"120,570",69% bearish,of 35 ratings,$1.625
EFSC,$24.82,1440083767484,"8,430",Not yet rated,NULL,$27
EGT,$2.16,1440083767506,"1,125",100% bullish,of 1 rating,N/A
EBTC,$20.62,1440083767534,640,Not yet rated,NULL,N/A
ENVI,$1.77,1440083767668,"4,814",67% bullish,of 3 ratings,N/A
ENZN,$1.07,1440083767702,"152,009",100% bullish,of 9 ratings,N/A
ENZY,$9.05,1440083767752,"3,676",67% bullish,of 3 ratings,$9.50
EPIQ,$14.05,1440083767800,"29,434",100% bearish,of 1 rating,$18
EPRS,$4.901,1440083767994,"43,796",82% bullish,of 11 ratings,$15
EPZM,$16.8,1440083768132,"32,592",60% bullish,of 5 ratings,$34
EQIX,$281.39,1440083768221,"43,159",67% bullish,of 3 ratings,$312.50
ERIC,$9.96,1440083768248,"323,421",63% bullish,of 8 ratings,$13.30
EAC,$3.69,1440083768298,"4,796",100% bearish,of 1 rating,$8
PLUS,$79.47,1440083768324,"64,749",50% bullish,of 2 ratings,$88
ERIE,$86.87,1440083768376,"2,701",Not yet rated,NULL,$73
ESCR,$0.1899,1440083768402,"8,600",50% bullish,of 2 ratings,N/A
ESCA,$18.1,1440083768474,"3,104",100% bearish,of 1 rating,$22
ESMC,$1.3,1440083768649,1,Not yet rated,NULL,N/A
ESCRP,NULL,1440083768678,0,100% bearish,of 1 rating,N/A
EQFN,$8.3,1440083768716,"1,200",Not yet rated,NULL,N/A
ESSA,$12.8501,1440083768812,"1,854",100% bearish,of 1 rating,N/A
ESPR,$55.2623,1440083768843,"461,190",67% bearish,of 9 ratings,$123
EPIX,NULL,1440083768873,0,Not yet rated,NULL,N/A
ESND,$35.82,1440083768975,"10,998",50% bullish,of 2 ratings,$40
ESSX,$0.53,1440083769171,"18,500",50% bullish,of 2 ratings,N/A
EEFT,$68.045,1440083769232,"35,492",100% bearish,of 1 rating,$67.50
ESEA,$6.1201,1440083769258,"1,422",100% bullish,of 1 rating,$15
EVK,$3.86,1440083769300,"1,012",75% bearish,of 4 ratings,N/A
ETSY,$14.7799,1440083769328,"255,519",80% bullish,of 5 ratings,$16
CLWT,NULL,1440083769349,0,100% bearish,of 1 rating,N/A
EVEP,$8.38,1440083769403,"108,159",50% bullish,of 2 ratings,$15
EVLV,$2.25,1440083769582,"23,030",60% bullish,of 5 ratings,$6.50
EXAS,$22.23,1440083769731,"118,126",78% bullish,of 9 ratings,$31
EVOL,$6.25,1440083769758,"3,387",75% bullish,of 4 ratings,$10
EXA,$10.7,1440083769802,"2,822",100% bearish,of 1 rating,$13
EVOK,$4.1601,1440083769827,"114,662",100% bearish,of 1 rating,$13.75
EXAC,$18.7899,1440083769890,"7,573",100% bearish,of 1 rating,$22.50
EXEL,$5.53,1440083769917,"673,303",81% bullish,of 16 ratings,$6
EXLS,$36.81,1440083770047,"24,064",100% bullish,of 1 rating,$41
EXFO,$2.8999,1440083770127,600,67% bearish,of 3 ratings,$3.95
EXPD,$49.81,1440083770305,"405,746",80% bullish,of 5 ratings,$50.50
EXPE,$120,1440083770337,"145,405",64% bullish,of 11 ratings,$130
ESRX,$88.895,1440083770359,"697,152",67% bearish,of 6 ratings,$101
EXLP,$19.93,1440083770393,"13,993",100% bearish,of 1 rating,$27
EXPO,$43.28,1440083770415,"3,740",100% bearish,of 1 rating,$45.50
EXTR,$2.98,1440083770447,"375,993",80% bullish,of 5 ratings,$3
EYEG,$4.16,1440083770747,"5,536",Not yet rated,NULL,N/A
EYEGW,NULL,1440083770819,0,Not yet rated,NULL,N/A
FB,$92.4,1440083770850,"9,222,826",73% bullish,of 1065 ratings,$111
FFIV,$129.26,1440083770890,"150,064",71% bullish,of 7 ratings,$132
EZCH,$21.247,1440083770918,"26,019",75% bullish,of 8 ratings,$19.50
EZPW,$6.11,1440083770945,"27,094",50% bullish,of 4 ratings,$7.50
FRP,$17.01,1440083771178,"6,150",100% bearish,of 1 rating,$18
FCS,$13.515,1440083771239,"184,780",67% bearish,of 3 ratings,$17
DAVE,$14.06,1440083771331,"8,102",100% bearish,of 1 rating,$15.50
FARM,$22.39,1440083771362,"4,314",100% bearish,of 1 rating,$35
FALC,$1.62,1440083771390,"6,982",63% bearish,of 8 ratings,N/A
FMNB,$8.005,1440083771422,"1,146",Not yet rated,NULL,N/A
FFKT,$26.71,1440083771461,978,Not yet rated,NULL,$29
FWM,$2.245,1440083771557,"35,679",100% bearish,of 2 ratings,$3.20
FARO,$39.52,1440083771605,"19,657",50% bullish,of 2 ratings,$48
FAST,$39.865,1440083771800,"280,718",80% bullish,of 5 ratings,$46
FBSS,NULL,1440083771978,0,Not yet rated,NULL,N/A
FATE,$6.37,1440083772006,"34,517",50% bullish,of 2 ratings,$11
FEIC,$80.48,1440083772040,"78,632",50% bullish,of 2 ratings,$95.50
FNHC,$23.06,1440083772072,"12,790",100% bearish,of 1 rating,$35
FHCO,$1.4,1440083772136,"12,600",50% bullish,of 4 ratings,N/A
FBRC,$22.53,1440083772163,"1,216",100% bearish,of 1 rating,$29
FDML,$9.28,1440083772193,"44,440",50% bullish,of 4 ratings,$14
FCSC,$5.83,1440083772364,"41,188",100% bearish,of 1 rating,$8.125
FENX,$9.74,1440083772394,"8,455",100% bullish,of 1 rating,$14.25
FGEN,$24.92,1440083772530,"37,054",100% bearish,of 1 rating,$39
ONEQ,$194.57,1440083772583,"7,623",100% bullish,of 1 rating,N/A
LION,$19.42,1440083772688,"15,774",100% bullish,of 1 rating,$20
FDUS,$14.958,1440083772714,"10,263",100% bullish,of 1 rating,$18
FRGI,$53.48,1440083772747,"25,053",50% bullish,of 2 ratings,$70
FSC,$6.54,1440083772891,"208,392",75% bullish,of 4 ratings,$8
FSAM,$8.82,1440083772935,732,100% bearish,of 1 rating,$11
FSFR,$9.1078,1440083773021,"17,772",100% bearish,of 1 rating,$11.50
FSCFL,$24.8999,1440083773073,"2,675",Not yet rated,NULL,N/A
FITB,$20.55,1440083773102,"1,255,340",54% bullish,of 13 ratings,$22
FITBI,$27.73,1440083773181,"1,092",Not yet rated,NULL,N/A
FNGN,$34.68,1440083773265,"75,340",67% bullish,of 3 ratings,$47
FISI,$24.64,1440083773395,"23,010",100% bullish,of 2 ratings,$24.50
FNSR,$16.35,1440083773478,"373,668",71% bullish,of 7 ratings,$24.50
FNTC,$9.82,1440083773528,100,Not yet rated,NULL,N/A
FNJN,$1.695,1440083773557,"4,950",100% bearish,of 1 rating,$5
FNTCU,NULL,1440083773687,0,Not yet rated,NULL,N/A
FNTCW,NULL,1440083773715,0,Not yet rated,NULL,N/A
FEYE,$41.7258,1440083773737,"932,711",87% bullish,of 15 ratings,$55.50
FBNC,$16.89,1440083773873,"12,792",100% bullish,of 1 rating,$20
FRBA,NULL,1440083773898,0,Not yet rated,NULL,$8
FNLC,$18.6,1440083773956,"1,810",100% bullish,of 1 rating,N/A
BUSE,$6.34,1440083774107,"21,607",Not yet rated,NULL,$6.875
FCAP,$27,1440083774163,100,Not yet rated,NULL,N/A
FBIZ,$43.9,1440083774211,"2,400",100% bearish,of 2 ratings,$52
FCVA,$4.7475,1440083774263,"1,100",Not yet rated,NULL,N/A
FCFS,$38.76,1440083774367,"12,234",100% bearish,of 2 ratings,$48
FCNCA,$243.46,1440083774426,224,Not yet rated,NULL,N/A
FCLF,NULL,1440083774592,0,Not yet rated,NULL,N/A
FCBC,$17.71,1440083774642,"1,192",Not yet rated,NULL,$18
FCCO,$11.9,1440083774670,836,Not yet rated,NULL,$13.25
FCFP,NULL,1440083774704,0,Not yet rated,NULL,N/A
FBNK,$16.43,1440083774731,780,100% bearish,of 1 rating,$17.50
FDEF,$38.05,1440083774753,"6,222",Not yet rated,NULL,$38
FFNM,$6.42,1440083774801,100,Not yet rated,NULL,N/A
FFBC,$19.06,1440083775096,"18,304",67% bearish,of 3 ratings,$20.25
FFIN,$31.35,1440083775123,"19,791",50% bullish,of 2 ratings,$31.75
FFBCW,NULL,1440083775153,0,100% bearish,of 1 rating,N/A
THFF,$33.375,1440083775198,"2,316",Not yet rated,NULL,$35
FFNW,$12.53,1440083775254,"5,322",Not yet rated,NULL,$14
FFWM,$21,1440083775422,"2,516",Not yet rated,NULL,$24
FRME,$25.63,1440083775499,"36,330",Not yet rated,NULL,$26.50
FIBK,$27.245,1440083775566,"11,907",Not yet rated,NULL,$32
INBK,$32.735,1440083775640,"3,291",50% bullish,of 2 ratings,$37
FNBC,$34.73,1440083775670,"16,273",Not yet rated,NULL,$41.50
FMBI,$18.11,1440083775697,"63,583",Not yet rated,NULL,$20
FMBH,NULL,1440083775731,0,Not yet rated,NULL,N/A
FNFG,$9.365,1440083775802,"511,405",80% bullish,of 5 ratings,$9
FSFG,$31.12,1440083775891,100,Not yet rated,NULL,N/A
FNWB,$12.0824,1440083776083,"4,670",Not yet rated,NULL,N/A
FSLR,$48.61,1440083776224,"361,676",74% bullish,of 39 ratings,$65
FSGI,$2.5004,1440083776249,"1,207",Not yet rated,NULL,N/A
FSBK,NULL,1440083776278,0,100% bullish,of 1 rating,N/A
BICK,$20.17,1440083776307,100,100% bullish,of 1 rating,N/A
FBZ,NULL,1440083776405,0,Not yet rated,NULL,N/A
FCAN,$24.94,1440083776481,400,Not yet rated,NULL,N/A
FCA,$21.007,1440083776512,"3,600",Not yet rated,NULL,N/A
FTCS,$38.0584,1440083776540,"3,110",Not yet rated,NULL,N/A
IFV,$18.21,1440083776710,"651,126",100% bearish,of 1 rating,N/A
FTSM,$59.9244,1440083776739,"2,426",100% bearish,of 1 rating,N/A
FV,$24.235,1440083776768,"322,106",Not yet rated,NULL,N/A
FEMB,NULL,1440083776793,0,Not yet rated,NULL,N/A
FEUZ,NULL,1440083776873,0,Not yet rated,NULL,N/A
MDIV,$19.72,1440083777079,"52,243",Not yet rated,NULL,N/A
TDIV,$25.285,1440083777161,"75,242",100% bearish,of 1 rating,N/A
FTGC,$22.563,1440083777189,"30,916",Not yet rated,NULL,N/A
HYLS,$49.7295,1440083777221,"5,785",100% bearish,of 1 rating,N/A
FGM,$36.15,1440083777266,"8,080",Not yet rated,NULL,N/A
FTHI,$20.23,1440083777322,"5,147",Not yet rated,NULL,N/A
FHK,$33.84,1440083777408,"41,069",Not yet rated,NULL,N/A
FPXI,$27.9395,1440083777464,425,Not yet rated,NULL,N/A
YDIV,$16.88,1440083777500,"1,400",Not yet rated,NULL,N/A
SKYY,$29.9092,1440083777642,"11,498",100% bullish,of 1 rating,N/A
CU,$12.85,1440083777673,"3,274",100% bearish,of 1 rating,N/A
PLTM,$6.6864,1440083777774,"2,482",100% bearish,of 1 rating,N/A
FJP,$48.283,1440083777834,"39,990",Not yet rated,NULL,N/A
FTLB,NULL,1440083777906,0,100% bearish,of 1 rating,N/A
LMBS,NULL,1440083777937,0,Not yet rated,NULL,N/A
FMB,NULL,1440083777971,0,Not yet rated,NULL,N/A
QABA,$38.5599,1440083778069,"5,550",100% bearish,of 1 rating,N/A
CIBR,$18.8895,1440083778098,"25,354",Not yet rated,NULL,N/A
FONE,$35.6197,1440083778137,300,Not yet rated,NULL,N/A
QCLN,$15.4575,1440083778289,"10,791",Not yet rated,NULL,N/A
GRID,NULL,1440083778397,0,100% bearish,of 1 rating,N/A
CARZ,$35.9099,1440083778448,850,100% bearish,of 1 rating,N/A
RDVY,$22.0599,1440083778561,"1,646",Not yet rated,NULL,N/A
QQXT,$42.0499,1440083778591,602,Not yet rated,NULL,N/A
QTEC,$41.0399,1440083778663,"15,489",Not yet rated,NULL,N/A
QQEW,$43.12,1440083778689,"25,551",Not yet rated,NULL,N/A
AIRR,$16.61,1440083778755,"2,947",100% bearish,of 1 rating,N/A
QINC,NULL,1440083778860,0,Not yet rated,NULL,N/A
FTSL,$48.98,1440083778917,"11,326",100% bearish,of 1 rating,N/A
FDIV,NULL,1440083778966,0,100% bearish,of 1 rating,N/A
FKO,NULL,1440083778998,0,Not yet rated,NULL,N/A
FTW,NULL,1440083779106,0,Not yet rated,NULL,N/A
FSZ,$39.95,1440083779133,"7,377",Not yet rated,NULL,N/A
TUSA,NULL,1440083779205,0,Not yet rated,NULL,N/A
FKU,$43.04,1440083779231,"7,954",Not yet rated,NULL,N/A
FUNC,$8.33,1440083779412,200,Not yet rated,NULL,N/A
SVVC,$10.66,1440083779441,"7,436",100% bullish,of 1 rating,$26
FMER,$18.11,1440083779468,"123,758",50% bullish,of 2 ratings,$20
FISV,$89.21,1440083779599,"157,741",100% bearish,of 3 ratings,$90
FSV,$32.14,1440083779625,100,Not yet rated,NULL,$33.60
FIVN,$4.24,1440083779681,"94,050",100% bullish,of 1 rating,$8.50
FPRX,$18.66,1440083779735,"55,933",50% bullish,of 2 ratings,$35
FIVE,$36.66,1440083779757,"48,928",75% bearish,of 4 ratings,$44
FLKS,$14.54,1440083779903,"11,477",50% bullish,of 2 ratings,$27
FLML,$21.465,1440083780005,"49,014",50% bullish,of 2 ratings,$30
FLXN,$24.165,1440083780048,"16,954",100% bearish,of 1 rating,$40
SKOR,$50.5,1440083780092,200,Not yet rated,NULL,N/A
FLEX,$10.85,1440083780179,"595,591",63% bullish,of 8 ratings,$12
FLXS,$33.3,1440083780200,"19,236",100% bearish,of 2 ratings,N/A
MBSD,NULL,1440083780285,0,Not yet rated,NULL,N/A
FLIR,$29.9,1440083780334,"151,989",100% bearish,of 1 rating,$38.50
FLDM,$12.77,1440083780414,"58,927",67% bearish,of 3 ratings,$21.50
FOMX,$10.04,1440083780479,"93,841",50% bullish,of 2 ratings,$23.50
FFIC,$20.525,1440083780513,"3,967",Not yet rated,NULL,$21
FOGO,$18.62,1440083780541,"46,364",50% bullish,of 2 ratings,$25.50
FONR,$9.6001,1440083780695,"7,981",100% bullish,of 1 rating,N/A
FORM,$6.23,1440083780794,"29,557",67% bullish,of 3 ratings,$10.50
FORTY,NULL,1440083780823,0,Not yet rated,NULL,N/A
FES,$0.9484,1440083780848,300,50% bullish,of 2 ratings,$1
FORR,$32.345,1440083780898,"7,872",Not yet rated,NULL,N/A
FBIO,$2.85,1440083781002,"45,608",83% bullish,of 6 ratings,N/A
FWRD,$48.16,1440083781030,"56,720",100% bearish,of 1 rating,$50
FTNT,$45.65,1440083781099,"339,310",80% bullish,of 10 ratings,$52
FORD,$1.0001,1440083781279,"57,156",50% bullish,of 2 ratings,N/A
FMI,$20.14,1440083781313,"31,304",100% bearish,of 2 ratings,$27.50
FOSL,$61.47,1440083781339,"220,970",50% bullish,of 4 ratings,$70
FWP,$26.045,1440083781411,"2,830",100% bearish,of 1 rating,$45
FXCB,$17.27,1440083781471,318,Not yet rated,NULL,$19
FOXF,$15.43,1440083781499,"5,085",100% bearish,of 1 rating,$19
FRAN,$10.3,1440083781554,"146,110",50% bullish,of 4 ratings,$15
FRED,$14.75,1440083781692,"17,872",50% bullish,of 2 ratings,$16.50
FELE,$29.48,1440083781722,"70,384",50% bullish,of 4 ratings,$33
RAIL,$21.2,1440083781854,"21,695",100% bearish,of 1 rating,$24.50
FREE,$0.55,1440083781885,"1,666,704",92% bullish,of 12 ratings,N/A
FEIM,$10.99,1440083781986,"2,200",100% bearish,of 1 rating,N/A
FTR,$5.26,1440083782029,"5,498,778",78% bullish,of 27 ratings,$6.25
FRPT,$13.13,1440083782055,"62,816",67% bearish,of 3 ratings,$23.50
FTRPR,$103.5,1440083782086,"101,348",100% bearish,of 1 rating,N/A
FRPH,$30.87,1440083782187,200,100% bearish,of 1 rating,N/A
FSYS,$6.5,1440083782329,"17,746",67% bullish,of 3 ratings,$10
FTD,$30.03,1440083782363,"8,917",100% bearish,of 1 rating,$40
FSBW,$23.44,1440083782460,1,Not yet rated,NULL,N/A
FTEK,$2.2,1440083782495,"15,183",75% bullish,of 4 ratings,N/A
FCEL,$0.7899,1440083782527,"267,052",88% bullish,of 40 ratings,$2.65
FULLL,$25.46,1440083782548,500,Not yet rated,NULL,N/A
FULL,$3.184,1440083782684,"1,735",67% bearish,of 3 ratings,$4.25
FLL,$1.54,1440083782836,"4,395",75% bullish,of 4 ratings,$2.825
FULT,$12.71,1440083782904,"109,617",100% bearish,of 1 rating,$13
FFHL,NULL,1440083782931,0,50% bullish,of 4 ratings,N/A
FXEN,$0.98,1440083783007,"31,050",75% bullish,of 4 ratings,$1.10
FSNN,$2.552,1440083783073,"1,600",67% bullish,of 3 ratings,$6
FXENP,NULL,1440083783107,0,100% bearish,of 1 rating,N/A
GK,$71.3,1440083783129,"2,452",Not yet rated,NULL,$78
WILC,$5.11,1440083783208,495,100% bullish,of 2 ratings,N/A
GALT,$2.05,1440083783416,"11,491",80% bullish,of 5 ratings,N/A
GLPG,$64.75,1440083783442,"2,786",100% bullish,of 1 rating,$75
GLMD,$8.6301,1440083783576,600,67% bullish,of 3 ratings,$20.50
GALTW,NULL,1440083783630,0,100% bullish,of 1 rating,N/A
GALTU,NULL,1440083783706,0,100% bearish,of 1 rating,N/A
GALE,$1.38,1440083783731,"253,259",89% bullish,of 47 ratings,$4
GAIA,$5.86,1440083783808,"8,180",50% bullish,of 2 ratings,$8.50
GLPI,$32.92,1440083783878,"53,550",100% bearish,of 1 rating,$37.50
GPIC,$10.89,1440083783910,200,100% bearish,of 1 rating,N/A
GRMN,$39.54,1440083784007,"117,604",50% bullish,of 6 ratings,$48
GGAC,NULL,1440083784109,0,100% bearish,of 1 rating,N/A
GGACR,NULL,1440083784139,0,100% bullish,of 1 rating,N/A
GGACU,NULL,1440083784185,0,Not yet rated,NULL,N/A
GGACW,$0.12,1440083784242,500,Not yet rated,NULL,N/A
GARS,$14.783,1440083784295,"4,814",Not yet rated,NULL,$16
GNCMA,$17.2,1440083784499,"23,112",100% bearish,of 1 rating,$12
GFN,$3.75,1440083784553,"3,447",100% bearish,of 2 ratings,$8
GFNCP,NULL,1440083784582,0,Not yet rated,NULL,N/A
GFNSL,$25.76,1440083784611,"1,300",Not yet rated,NULL,N/A
GENC,$9.43,1440083784749,200,100% bearish,of 1 rating,N/A
GENE,$2.58,1440083784782,"94,082",100% bullish,of 12 ratings,N/A
GNCA,$12.565,1440083784808,"19,537",100% bearish,of 1 rating,$20
GNMK,$9.17,1440083784882,"25,683",67% bullish,of 6 ratings,$14
GHDX,$25.831,1440083784955,"16,180",50% bullish,of 2 ratings,$30
GNTX,$15.69,1440083785030,"387,843",Not yet rated,NULL,$20
THRM,$45.84,1440083785131,"44,482",75% bearish,of 4 ratings,$55.50
GNVC,$2.49,1440083785157,"1,210",90% bullish,of 10 ratings,$8.50
GEOS,$15.43,1440083785297,"48,427",100% bearish,of 3 ratings,$25.50
GTWN,$18.57,1440083785328,1,Not yet rated,NULL,N/A
GABC,$29.91,1440083785350,"2,086",Not yet rated,NULL,$31.50
GERN,$3.13,1440083785429,"214,242",88% bullish,of 16 ratings,$5.25
GEVO,$2.45,1440083785530,"124,735",75% bullish,of 12 ratings,$5
ROCK,$18.29,1440083785560,"8,740",80% bullish,of 5 ratings,$24
GIGA,$1.4,1440083785660,"3,781",100% bearish,of 1 rating,N/A
GIGM,$0.631,1440083785768,"3,000",100% bullish,of 2 ratings,N/A
GIII,$67.63,1440083785797,"19,476",67% bullish,of 3 ratings,$75
GILD,$115.13,1440083785823,"1,397,252",91% bullish,of 86 ratings,$129
GILT,$4.52,1440083785851,"5,606",50% bullish,of 2 ratings,N/A
GBCI,$26.71,1440083785981,"41,890",50% bullish,of 2 ratings,$31
GLAD,$8.242,1440083786082,"21,733",50% bullish,of 2 ratings,$8.75
GOOD,$15.73,1440083786223,"6,472",Not yet rated,NULL,$19
GLADO,NULL,1440083786249,0,Not yet rated,NULL,N/A
GOODN,$25.6499,1440083786281,400,Not yet rated,NULL,N/A
GOODO,NULL,1440083786384,0,Not yet rated,NULL,N/A
GOODP,NULL,1440083786418,0,Not yet rated,NULL,N/A
GAINN,$25.2095,1440083786517,"3,975",Not yet rated,NULL,N/A
GAIN,$7.805,1440083786652,"21,885",100% bullish,of 2 ratings,$8.25
GAINP,$25.8501,1440083786681,"1,022",Not yet rated,NULL,N/A
GAINO,$25.7499,1440083786703,200,Not yet rated,NULL,N/A
LAND,$9.59,1440083786733,"5,000",50% bullish,of 2 ratings,$13.75
GLBZ,NULL,1440083786861,0,Not yet rated,NULL,N/A
GBT,$44.7715,1440083786966,"29,412",100% bearish,of 1 rating,N/A
GDEF,NULL,1440083787041,0,Not yet rated,NULL,N/A
GBLI,$26.52,1440083787103,"4,000",Not yet rated,NULL,N/A
ENT,$11.835,1440083787135,"82,711",100% bearish,of 1 rating,$18
GPACU,NULL,1440083787163,0,Not yet rated,NULL,N/A
GSOL,$8.36,1440083787214,"4,346",100% bearish,of 1 rating,N/A
QQQC,$20.108,1440083787243,"6,273",100% bearish,of 1 rating,N/A
ACTX,$13.78,1440083787374,751,100% bullish,of 1 rating,N/A
ALTY,NULL,1440083787526,0,Not yet rated,NULL,N/A
SRET,$13.85,1440083787615,1,Not yet rated,NULL,N/A
SOCL,$17.923,1440083787648,"26,309",100% bullish,of 2 ratings,N/A
YLCO,$12.1099,1440083787674,100,Not yet rated,NULL,N/A
GAI,$5.43,1440083787747,"1,562",50% bullish,of 2 ratings,N/A
GBIM,$2.2201,1440083787775,"2,982",50% bullish,of 2 ratings,N/A
GSM,$13.63,1440083787806,"44,391",50% bullish,of 2 ratings,$24.50
GLBS,NULL,1440083788007,0,67% bullish,of 3 ratings,N/A
GLUU,$4.5399,1440083788060,"1,086,783",92% bullish,of 26 ratings,$9
GLRI,$1.15,1440083788086,"2,309",100% bearish,of 1 rating,$6
GLYC,$7.25,1440083788138,712,50% bullish,of 2 ratings,$14
GOGO,$16.01,1440083788238,"160,239",80% bullish,of 5 ratings,$25
GLNG,$37.25,1440083788266,"165,002",83% bullish,of 6 ratings,$58
GMLP,$19.42,1440083788309,"57,290",50% bullish,of 4 ratings,$32.50
GLDC,NULL,1440083788409,0,50% bullish,of 2 ratings,N/A
GDEN,$8.65,1440083788436,"4,695",50% bullish,of 2 ratings,N/A
GOGL,$3.24,1440083788596,"69,260",75% bullish,of 4 ratings,$5
GBDC,$16.541,1440083788659,"13,367",Not yet rated,NULL,$17.75
GTIM,$6.4201,1440083788685,"35,195",Not yet rated,NULL,$11.50
GOOGL,$682.96,1440083788733,"365,862",88% bullish,of 1079 ratings,$749
GOOG,$650.18,1440083788830,"307,533",89% bullish,of 65 ratings,$825
GPRO,$51.425,1440083788859,"2,285,858",78% bullish,of 58 ratings,$72
GMAN,$4.51,1440083788884,"15,540",60% bullish,of 5 ratings,$8
GPIAU,NULL,1440083789100,0,Not yet rated,NULL,N/A
GPIA,NULL,1440083789133,0,Not yet rated,NULL,N/A
GPIAW,NULL,1440083789172,0,Not yet rated,NULL,N/A
GRVY,NULL,1440083789268,0,50% bullish,of 2 ratings,N/A
LOPE,$36.669,1440083789297,"43,683",100% bearish,of 2 ratings,$50
GBSNU,$17.05,1440083789342,"2,350",Not yet rated,NULL,N/A
GBSN,$2.13,1440083789429,"31,981",100% bearish,of 1 rating,$8.25
GLDD,$5.5,1440083789498,"22,478",100% bearish,of 4 ratings,$7.75
GSBC,$40.86,1440083789559,"6,396",100% bullish,of 1 rating,$44
GPP,$14.59,1440083789714,"6,200",Not yet rated,NULL,$20.50
GPRE,$20.51,1440083789742,"115,797",67% bullish,of 6 ratings,$28.50
GRBK,$14.0011,1440083789772,"29,112",77% bullish,of 13 ratings,N/A
GNBC,$12.54,1440083789802,"1,675",100% bearish,of 1 rating,$17
GLRE,$26.0988,1440083789900,"43,758",100% bullish,of 1 rating,$41
GCBC,NULL,1440083789928,0,100% bullish,of 1 rating,N/A
GRIF,NULL,1440083789954,0,100% bearish,of 1 rating,N/A
GRFS,$31.47,1440083790086,"18,052",50% bullish,of 2 ratings,$35
OMAB,$40.54,1440083790242,"5,092",100% bullish,of 1 rating,$44
GRPN,$4.06,1440083790314,"1,731,147",61% bullish,of 71 ratings,$6.75
GSIG,$13.355,1440083790386,"2,944",100% bearish,of 2 ratings,N/A
GGAL,$19.1,1440083790419,"73,942",80% bullish,of 5 ratings,$40
GTXI,$0.92,1440083790455,"32,885",100% bullish,of 5 ratings,$.75
GSIT,$4.85,1440083790518,"6,203",100% bearish,of 1 rating,N/A
GSVC,$9.3399,1440083790545,"15,782",50% bullish,of 2 ratings,$14.50
GBNK,$15.92,1440083790571,"8,918",100% bearish,of 1 rating,$18
GIFI,$12.63,1440083790782,"17,480",100% bearish,of 1 rating,$16
GFED,NULL,1440083790813,0,Not yet rated,NULL,$17
GUID,$8.14,1440083790844,"29,148",100% bearish,of 3 ratings,$10
GULTU,$0.3095,1440083790870,"959,077",100% bearish,of 1 rating,N/A
GWPH,$105.8547,1440083790948,"75,075",78% bullish,of 9 ratings,$148.50
GPOR,$33.75,1440083791022,"164,611",75% bullish,of 4 ratings,$55
GURE,$1.7301,1440083791047,"17,115",88% bullish,of 8 ratings,N/A
GWGH,NULL,1440083791203,0,100% bearish,of 1 rating,$15.05
GYRO,$2.99,1440083791229,"1,176",100% bearish,of 1 rating,N/A
HEES,$16.85,1440083791364,"84,397",67% bearish,of 3 ratings,$31
HLG,NULL,1440083791419,0,100% bearish,of 1 rating,N/A
HNRG,$7.17,1440083791445,"58,351",100% bearish,of 1 rating,$10
HALL,$11.6899,1440083791496,"2,354",Not yet rated,NULL,N/A
HBK,$13.72,1440083791576,550,50% bullish,of 2 ratings,N/A
HMPR,$1.95,1440083791623,"174,754",100% bullish,of 1 rating,N/A
HALO,$18.1475,1440083791649,"234,655",67% bullish,of 3 ratings,$22.50
HBHC,$27.41,1440083791729,"34,098",50% bullish,of 2 ratings,$30
HBHCL,$24.5899,1440083791866,"9,116",Not yet rated,NULL,N/A
HNH,$28.66,1440083791893,"6,897",100% bullish,of 1 rating,N/A
HAFC,$24.88,1440083791974,"13,916",100% bullish,of 2 ratings,$28.50
HNSN,$0.505,1440083792107,"11,092",88% bullish,of 8 ratings,$.40
HQCL,$9.935,1440083792136,"2,688",67% bullish,of 3 ratings,N/A
HDNG,$10.428,1440083792244,272,50% bullish,of 4 ratings,N/A
HLIT,$5.7,1440083792271,"41,281",100% bearish,of 1 rating,$6.50
HRMNU,NULL,1440083792348,0,Not yet rated,NULL,N/A
HRMNW,NULL,1440083792413,0,Not yet rated,NULL,N/A
HART,$0.57,1440083792449,"19,860",100% bearish,of 1 rating,N/A
TINY,$2.4401,1440083792476,"3,402",50% bullish,of 2 ratings,$5.26
HRMN,NULL,1440083792506,0,Not yet rated,NULL,N/A
HCAP,$12.145,1440083792636,"1,120",50% bullish,of 2 ratings,$15
HBIO,$4.43,1440083792663,"4,544",Not yet rated,NULL,$10
HCAPL,$25.5,1440083792689,814,Not yet rated,NULL,N/A
HAS,$78.35,1440083792847,"152,732",63% bullish,of 8 ratings,$84.50
HA,$25.27,1440083792875,"118,934",67% bullish,of 9 ratings,$27
HCOM,$22.67,1440083792901,154,100% bearish,of 1 rating,$28
HWKN,$36.56,1440083793031,"2,118",Not yet rated,NULL,N/A
HDS,$33.8,1440083793098,"179,581",100% bearish,of 2 ratings,$39.50
HAYN,$38.46,1440083793123,"6,350",100% bearish,of 1 rating,$59
HWBK,$13.49,1440083793154,328,100% bearish,of 1 rating,N/A
HIIQ,$4.49,1440083793184,"3,450",50% bullish,of 2 ratings,$7
HCSG,$34.1,1440083793286,"19,116",50% bullish,of 4 ratings,$35
HQY,$32.06,1440083793361,"25,338",67% bullish,of 3 ratings,$31
HWAY,$12.535,1440083793433,"50,447",100% bearish,of 1 rating,$15
HSTM,$24.99,1440083793494,"11,198",50% bullish,of 2 ratings,$33.75
HTLD,$20.805,1440083793526,"73,582",Not yet rated,NULL,$22.50
HTLF,$36.66,1440083793581,"6,827",100% bullish,of 1 rating,$39.50
HTWR,$85.92,1440083793631,"24,790",50% bullish,of 2 ratings,$103
HTBX,$5.3,1440083793687,"10,070",50% bullish,of 2 ratings,$15.50
HELE,$90.2,1440083793815,"44,588",67% bearish,of 3 ratings,$100
HSII,$20.29,1440083793904,"13,502",100% bullish,of 3 ratings,$25
HMNY,$2.29,1440083793931,"1,100",100% bearish,of 1 rating,N/A
HMTV,$12.92,1440083793953,606,100% bearish,of 1 rating,$16
HCACU,$10.02,1440083794093,200,Not yet rated,NULL,N/A
HNNA,$23.02,1440083794127,"4,148",Not yet rated,NULL,N/A
HSIC,$144.157,1440083794154,"46,850",83% bullish,of 6 ratings,$146
HERO,$0.068,1440083794227,"416,359",81% bullish,of 16 ratings,$.75
HTBK,$10.83,1440083794365,"8,105",Not yet rated,NULL,$12
HFWA,$18.12,1440083794392,"3,359",100% bullish,of 1 rating,$20
HEOP,$7.8,1440083794463,217,Not yet rated,NULL,$8.50
MLHR,$28.92,1440083794618,"25,057",50% bullish,of 2 ratings,$33.50
HCCI,$12,1440083794690,254,100% bearish,of 1 rating,$16.50
HFFC,$16.2,1440083794715,"1,302",Not yet rated,NULL,N/A
HRTX,$33.46,1440083794744,"151,812",67% bullish,of 6 ratings,$41
HSKA,$33.38,1440083794774,"6,090",100% bearish,of 1 rating,$38
HIBB,$39.925,1440083794881,"56,444",100% bearish,of 1 rating,$48.50
HPJ,$2.67,1440083794913,"6,550",75% bullish,of 4 ratings,$12.43
HIMX,$6.75,1440083794941,"595,392",86% bullish,of 21 ratings,$8.50
HIHO,$4.2899,1440083794986,788,Not yet rated,NULL,N/A
HSGX,$6.34,1440083795176,800,100% bearish,of 1 rating,$17
HMNF,NULL,1440083795234,0,Not yet rated,NULL,N/A
HOLI,$17.38,1440083795308,"82,727",50% bullish,of 4 ratings,$27
HIFS,$118.35,1440083795333,461,Not yet rated,NULL,N/A
HBCP,$24.24,1440083795390,"1,200",Not yet rated,NULL,$29
HOLX,$41.3,1440083795416,"224,509",67% bullish,of 3 ratings,$42
HMSY,$9.29,1440083795475,"154,267",67% bullish,of 3 ratings,$19.35
HOMB,$39.84,1440083795618,"22,289",Not yet rated,NULL,$41
AWAY,$30.81,1440083795646,"167,204",67% bullish,of 3 ratings,$36
HFBL,$21.8,1440083795685,"6,661",Not yet rated,NULL,N/A
HMIN,$29.37,1440083795818,"43,903",100% bearish,of 2 ratings,$35
HTBI,$18.34,1440083795854,"11,341",67% bullish,of 3 ratings,$18.625
HMST,$21.38,1440083795953,"26,225",100% bullish,of 2 ratings,$27
HKTV,$4.93,1440083795987,"14,800",100% bearish,of 1 rating,N/A
HOFT,$24.64,1440083796086,"7,460",100% bearish,of 1 rating,N/A
CETC,$0.83,1440083796114,"33,801",86% bullish,of 7 ratings,N/A
HBNC,$24.76,1440083796256,"9,117",100% bullish,of 1 rating,$27
HZNP,$30.4,1440083796301,"280,085",85% bullish,of 20 ratings,$40
HFBC,$11.5,1440083796326,"3,400",Not yet rated,NULL,N/A
HRZN,$10.83,1440083796396,"20,957",100% bearish,of 1 rating,$14.25
ZINC,$7.58,1440083796423,"104,833",100% bearish,of 1 rating,$17
HDP,$25.29,1440083796498,"77,690",67% bearish,of 3 ratings,$30.50
HMHC,$22.2599,1440083796553,"111,579",Not yet rated,NULL,$27
HWCC,$7.28,1440083796648,"13,163",100% bearish,of 1 rating,$9
HOVNP,NULL,1440083796733,0,100% bearish,of 1 rating,N/A
HSNI,$62.2,1440083796780,"47,645",Not yet rated,NULL,$80
HBMD,NULL,1440083796807,0,100% bearish,of 1 rating,N/A
HCBK,$9.95,1440083796953,"378,325",83% bullish,of 6 ratings,$8.61
HTGM,$6.0799,1440083796982,"7,784",100% bearish,of 1 rating,$19.50
HUBG,$40.25,1440083797046,"28,915",100% bearish,of 1 rating,$43
HSON,$2.9575,1440083797118,"2,561",100% bearish,of 1 rating,$5
HDSN,$2.9999,1440083797215,"33,966",100% bullish,of 1 rating,$6.25
HURC,$30.2,1440083797248,"4,907",100% bearish,of 1 rating,N/A
HBAN,$11.4132,1440083797277,"1,449,973",76% bullish,of 17 ratings,$12.50
HURN,$74.59,1440083797412,"12,639",50% bullish,of 2 ratings,$80
HBANP,$1358,1440083797440,79,100% bearish,of 1 rating,N/A
HTCH,$1.635,1440083797510,"21,980",100% bearish,of 1 rating,$3.50
HDRA,$9.69,1440083797575,100,Not yet rated,NULL,N/A
HBP,NULL,1440083797603,0,100% bullish,of 1 rating,N/A
HDRAR,$0.3701,1440083797629,"1,700",Not yet rated,NULL,N/A
HDRAU,$10.1,1440083797766,"5,825",Not yet rated,NULL,N/A
HYGS,$7.45,1440083797811,"12,382",50% bullish,of 2 ratings,$13
HDRAW,NULL,1440083797837,0,Not yet rated,NULL,N/A
IACI,$71.92,1440083797998,"221,508",75% bullish,of 4 ratings,$90
IDSY,$3.9,1440083798029,"6,817",100% bearish,of 1 rating,$7
IKGH,$1.71,1440083798051,"2,700",75% bullish,of 4 ratings,N/A
IBKC,$61.65,1440083798127,"22,558",100% bullish,of 1 rating,$70
ICAD,$3.51,1440083798197,"5,650",50% bullish,of 2 ratings,$7.25
ICFI,$35.64,1440083798412,"25,024",50% bullish,of 2 ratings,$48.50
IEP,$70.097,1440083798442,"28,356",75% bullish,of 4 ratings,$99
ICON,$12.81,1440083798464,"70,335",50% bullish,of 2 ratings,$18.50
ICLR,$80.14,1440083798485,"72,931",100% bearish,of 3 ratings,$85
IPWR,$7.22,1440083798622,"4,640",100% bullish,of 1 rating,$15
INVE,$4.7701,1440083798652,"13,686",75% bullish,of 4 ratings,$4
IDRA,$2.59,1440083798678,"304,303",89% bullish,of 9 ratings,$6.50
ICUI,$120.74,1440083798703,"7,113",Not yet rated,NULL,$122
IDXX,$76.39,1440083798862,"96,271",100% bearish,of 1 rating,$77
DSKY,$11.86,1440083798891,"85,405",67% bullish,of 6 ratings,$11.50
IROQ,NULL,1440083798917,0,100% bullish,of 1 rating,N/A
IRG,$4.57,1440083799091,"3,160",100% bearish,of 1 rating,$4.50
RXDX,$12.66,1440083799117,"36,554",100% bullish,of 1 rating,$20
IIVI,$17.64,1440083799139,"32,046",100% bearish,of 1 rating,$22
KANG,$15.52,1440083799176,"108,098",50% bullish,of 2 ratings,$22.55
ILMN,$202.56,1440083799277,"150,104",80% bullish,of 5 ratings,$240
IKNX,NULL,1440083799307,0,100% bearish,of 1 rating,N/A
IKAN,$2.72,1440083799441,"20,102",83% bullish,of 6 ratings,$5
IMMR,$11.67,1440083799469,"76,287",80% bullish,of 5 ratings,$15.50
ISNS,$4.1,1440083799490,"7,451",50% bullish,of 2 ratings,N/A
ICCC,$8.3001,1440083799527,"3,916",100% bullish,of 1 rating,N/A
IMDZ,$16.36,1440083799641,"13,350",100% bearish,of 1 rating,$33
IMNP,$1.46,1440083799670,"22,171",50% bullish,of 2 ratings,$6
IMGN,$12.75,1440083799744,"154,981",75% bullish,of 4 ratings,$17.50
IMMU,$1.775,1440083799843,"146,379",86% bullish,of 7 ratings,$2
IPXL,$44.992,1440083799871,"143,826",67% bullish,of 3 ratings,$46.50
IMMY,$7.4,1440083799897,"7,088",100% bearish,of 1 rating,$11
INCR,$43.705,1440083800033,"72,051",50% bullish,of 2 ratings,$53
INCY,$110.92,1440083800146,"157,760",50% bullish,of 6 ratings,$125.50
IBCP,$14.43,1440083800216,"7,184",100% bullish,of 1 rating,$14.50
SAAS,$7.73,1440083800248,"70,984",50% bullish,of 2 ratings,$15
INDB,$47.4,1440083800269,"3,993",Not yet rated,NULL,$44
IBTX,$43.16,1440083800300,"6,384",100% bullish,of 2 ratings,$47.25
INFI,$9.15,1440083800431,"135,913",50% bullish,of 4 ratings,$18
INFN,$22.72,1440083800459,"782,177",71% bullish,of 7 ratings,$28
IDSA,NULL,1440083800480,0,Not yet rated,NULL,N/A
IPCC,$81.455,1440083800659,"7,204",Not yet rated,NULL,$77.50
III,$4.28,1440083800800,"15,520",57% bullish,of 7 ratings,$6
IFON,$1.21,1440083800833,"97,999",75% bullish,of 4 ratings,N/A
INNL,$12.63,1440083800944,588,100% bearish,of 1 rating,$16.50
IMKTA,$53.98,1440083800973,"12,065",100% bearish,of 1 rating,N/A
IOSP,$46.35,1440083800999,"20,599",100% bearish,of 1 rating,N/A
INWK,$7.44,1440083801029,"14,600",50% bullish,of 2 ratings,$10
INOD,$2.5011,1440083801056,"12,593",100% bearish,of 1 rating,N/A
IPHS,$48.855,1440083801188,"9,607",100% bearish,of 1 rating,$60
ITEK,$14.9,1440083801327,"122,124",100% bearish,of 3 ratings,$20
INGN,$50.24,1440083801360,"34,380",100% bearish,of 1 rating,$50.50
INOV,$21.11,1440083801390,"75,496",100% bearish,of 1 rating,$33
ISSC,$2.95,1440083801419,"7,800",67% bearish,of 3 ratings,N/A
INO,$7.3001,1440083801462,"337,966",89% bullish,of 18 ratings,$20
ISIG,$2.58,1440083801606,"4,400",100% bearish,of 1 rating,N/A
NSIT,$26.48,1440083801634,"22,228",50% bullish,of 2 ratings,N/A
IIIN,$18.01,1440083801773,"25,121",100% bearish,of 2 ratings,N/A
INSM,$26.56,1440083801856,"30,521",71% bullish,of 7 ratings,$31.50
INSY,$33.4,1440083801887,"101,985",75% bullish,of 4 ratings,$48
NTEC,$5.97,1440083801913,852,Not yet rated,NULL,N/A
PODD,$29.62,1440083801939,"104,549",50% bullish,of 2 ratings,$35
IART,$61.096,1440083802106,"50,754",100% bearish,of 1 rating,$71.50
IESC,$7.33,1440083802173,400,100% bearish,of 1 rating,N/A
IDTI,$17.925,1440083802202,"601,053",60% bullish,of 5 ratings,$25
ISSI,$22.34,1440083802347,"62,342",67% bullish,of 3 ratings,$19.75
IQNT,$18.68,1440083802379,"44,866",86% bullish,of 7 ratings,$20
IPAR,$28.2216,1440083802406,"4,983",67% bullish,of 3 ratings,$38
INTC,$27.96,1440083802432,"5,662,474",82% bullish,of 238 ratings,$36
IPCI,$2.14,1440083802482,"14,100",67% bullish,of 6 ratings,$7.75
ICPT,$201.71,1440083802654,"58,822",70% bullish,of 10 ratings,$359.50
IBKR,$40.88,1440083802698,"98,882",100% bullish,of 1 rating,N/A
ININ,$39.865,1440083802784,"20,609",67% bearish,of 3 ratings,$57
ICLD,$1.84,1440083802829,"58,582",75% bullish,of 4 ratings,N/A
IDCC,$48.805,1440083802857,"40,965",80% bullish,of 5 ratings,$63
IMI,$2,1440083802883,"1,600",67% bullish,of 3 ratings,$2.22
ICLDW,NULL,1440083802911,0,100% bearish,of 1 rating,N/A
TILE,$25.345,1440083803047,"81,440",67% bearish,of 3 ratings,$27
INAP,$8.68,1440083803179,"35,036",75% bullish,of 4 ratings,$11
IBOC,$26.495,1440083803207,"25,376",100% bearish,of 1 rating,N/A
ISCA,$32.45,1440083803255,"7,267",100% bearish,of 1 rating,N/A
IIJI,NULL,1440083803281,0,50% bullish,of 2 ratings,$11.50
IGLD,$7.25,1440083803303,712,50% bullish,of 2 ratings,N/A
PTNT,$3,1440083803468,810,Not yet rated,NULL,N/A
INPH,$0.325,1440083803563,254,50% bullish,of 2 ratings,N/A
XENT,$28,1440083803695,"27,724",50% bullish,of 2 ratings,$36.50
INTX,$2.4,1440083803745,"2,218",67% bullish,of 3 ratings,N/A
IILG,$21.01,1440083803776,"13,075",100% bearish,of 1 rating,$30.50
IVAC,$4.9,1440083803875,"4,400",Not yet rated,NULL,$6.625
INTLL,NULL,1440083803902,0,Not yet rated,NULL,N/A
INTL,$27.29,1440083803929,"13,433",67% bearish,of 3 ratings,N/A
ISIL,$10.43,1440083803974,"102,897",50% bullish,of 6 ratings,$15
ITCI,$29.66,1440083804174,"102,135",75% bearish,of 4 ratings,$40
INTU,$104.03,1440083804205,"177,012",100% bullish,of 7 ratings,$110.50
IIN,$6.42,1440083804228,510,100% bearish,of 1 rating,$12
ISRG,$521.12,1440083804249,"27,048",67% bullish,of 3 ratings,$600
INVT,$0.29,1440083804385,"10,377",67% bullish,of 3 ratings,N/A
SNAK,$8.68,1440083804415,"8,462",50% bullish,of 2 ratings,$14
ISTR,$15.69,1440083804520,4,100% bearish,of 1 rating,$18.50
ITIC,NULL,1440083804708,0,100% bearish,of 2 ratings,N/A
IPAS,$1.0799,1440083804739,"5,000",67% bullish,of 3 ratings,N/A
NVIV,$11.16,1440083804764,"105,449",50% bullish,of 4 ratings,$24.50
IVTY,$11.915,1440083804812,"5,701",Not yet rated,NULL,$18
ISBC,$12.045,1440083804837,"407,083",100% bullish,of 1 rating,$13.25
DTUL,NULL,1440083804896,0,Not yet rated,NULL,N/A
IPGP,$88.8199,1440083805038,"49,888",100% bearish,of 2 ratings,$109.50
DFVL,NULL,1440083805066,0,Not yet rated,NULL,N/A
IPCM,$79.175,1440083805203,"76,034",50% bullish,of 2 ratings,$80.125
IRMD,$25.73,1440083805231,"13,653",67% bearish,of 3 ratings,$25
IRDM,$6.68,1440083805261,"59,850",60% bullish,of 5 ratings,$11.50
IRIX,$7.17,1440083805312,"12,800",100% bearish,of 1 rating,N/A
IRDMB,$264.29,1440083805362,20,67% bearish,of 3 ratings,N/A
IRWD,$11.26,1440083805446,"334,125",100% bearish,of 1 rating,$13
IRCP,$33,1440083805601,357,100% bullish,of 2 ratings,N/A
COMT,$32.996,1440083805682,"2,200",100% bearish,of 1 rating,N/A
FCHI,$47.9,1440083805779,470,Not yet rated,NULL,N/A
GNMA,$50.2999,1440083805808,972,Not yet rated,NULL,N/A
IRBT,$30.0817,1440083805837,"25,660",67% bullish,of 6 ratings,$37
IFAS,$28.84,1440083805867,300,Not yet rated,NULL,N/A
IFEU,$40.2,1440083806001,"2,935",Not yet rated,NULL,N/A
IFGL,$29.62,1440083806055,"5,448",Not yet rated,NULL,N/A
ACWX,$41.7908,1440083806216,"270,185",100% bearish,of 1 rating,N/A
AAXJ,$53.94,1440083806245,"434,383",Not yet rated,NULL,N/A
IFNA,$55.47,1440083806307,"2,500",Not yet rated,NULL,N/A
ACWI,$57.66,1440083806333,"180,639",Not yet rated,NULL,N/A
AAIT,$30.2135,1440083806408,306,100% bullish,of 1 rating,N/A
EEMA,$51.211,1440083806536,"3,984",Not yet rated,NULL,N/A
AXJS,NULL,1440083806564,0,Not yet rated,NULL,N/A
EMDI,$45.33,1440083806595,500,Not yet rated,NULL,N/A
EEME,NULL,1440083806729,0,100% bearish,of 1 rating,N/A
EGRW,$46.25,1440083806787,"1,537",Not yet rated,NULL,N/A
EMEY,$24.3966,1440083806869,500,Not yet rated,NULL,N/A
EVAL,$36.15,1440083806894,"3,628",Not yet rated,NULL,N/A
EEML,$28.25,1440083806944,600,Not yet rated,NULL,N/A
EUFN,$22.6,1440083807062,"41,555",100% bearish,of 1 rating,N/A
QAT,NULL,1440083807166,0,Not yet rated,NULL,N/A
IEUS,$46.9599,1440083807198,"1,522",100% bearish,of 1 rating,N/A
IBB,$359.99,1440083807245,"269,502",63% bullish,of 8 ratings,N/A
UAE,$18.0203,1440083807270,250,Not yet rated,NULL,N/A
SOXX,$82.23,1440083807298,"232,454",50% bullish,of 2 ratings,N/A
EMIF,$29.17,1440083807444,"1,370",Not yet rated,NULL,N/A
WOOD,$50.35,1440083807573,"1,219",50% bullish,of 2 ratings,N/A
ICLN,$9.736,1440083807609,"10,747",50% bullish,of 2 ratings,N/A
ISHG,$79.39,1440083807677,"1,498",100% bearish,of 1 rating,N/A
INDY,$29.05,1440083807704,"137,564",100% bullish,of 1 rating,N/A
IGOV,$91.275,1440083807730,"5,000",100% bearish,of 1 rating,N/A
ISIS,$49.7818,1440083807757,"218,734",53% bullish,of 15 ratings,$67
ISLE,$17.845,1440083807942,"59,806",50% bullish,of 4 ratings,$16
ITRI,$32.49,1440083808069,"55,566",Not yet rated,NULL,$37
ITRN,$24.81,1440083808100,"1,763",50% bullish,of 2 ratings,N/A
ISRL,$136.99,1440083808206,121,100% bearish,of 1 rating,N/A
IXYS,$10.59,1440083808241,"35,057",50% bullish,of 4 ratings,N/A
ITUS,$4.3501,1440083808275,"2,400",Not yet rated,NULL,N/A
XXIA,$15.63,1440083808299,"64,189",71% bullish,of 7 ratings,$14.625
MAYS,NULL,1440083808348,0,Not yet rated,NULL,N/A
JJSF,$117.65,1440083808375,"5,928",100% bearish,of 1 rating,N/A
JBHT,$79.165,1440083808626,"153,872",50% bullish,of 4 ratings,$89.50
JCOM,$72.05,1440083808685,"14,820",100% bullish,of 2 ratings,$77
JASO,$7.89,1440083808758,"287,653",82% bullish,of 17 ratings,$10
JACK,$85.0025,1440083808831,"74,962",83% bullish,of 6 ratings,$105
JAXB,$13.22,1440083808902,15,100% bullish,of 1 rating,N/A
JXSB,NULL,1440083808962,0,Not yet rated,NULL,N/A
JKHY,$70.8346,1440083809031,"42,325",50% bullish,of 2 ratings,$72
JAGX,$2.95,1440083809120,300,Not yet rated,NULL,N/A
JAKK,$9.74,1440083809174,"271,264",60% bearish,of 5 ratings,$10.50
JMBA,$13.54,1440083809247,"14,401",75% bullish,of 4 ratings,$18
ERW,NULL,1440083809274,0,Not yet rated,NULL,N/A
JASN,$4.895,1440083809296,"9,814",50% bullish,of 2 ratings,$9.50
JRVR,$26.76,1440083809348,"3,700",Not yet rated,NULL,$32
JASNW,$0.25,1440083809426,"5,000",50% bullish,of 2 ratings,N/A
JAZZ,$184.11,1440083809614,"59,985",80% bullish,of 15 ratings,$206.50
JD,$25.515,1440083809655,"2,216,720",75% bullish,of 16 ratings,$36
JBLU,$23.365,1440083809748,"1,260,031",94% bullish,of 16 ratings,$27
JTPY,$3,1440083809798,500,100% bearish,of 1 rating,N/A
JCTCF,NULL,1440083809874,0,100% bullish,of 1 rating,N/A
JIVE,$4.065,1440083809899,"129,287",75% bullish,of 4 ratings,$5
DATE,$6.46,1440083809970,"64,944",75% bullish,of 4 ratings,$9
JST,$4.18,1440083810000,"21,548",75% bullish,of 4 ratings,N/A
WYIGU,NULL,1440083810021,0,Not yet rated,NULL,N/A
JBSS,$48.23,1440083810177,"4,108",67% bearish,of 3 ratings,N/A
JOEZ,$0.1818,1440083810240,"99,365",92% bullish,of 12 ratings,N/A
JUNO,$39.77,1440083810333,"328,491",73% bullish,of 11 ratings,$71.50
JNP,$9.75,1440083810383,"7,435",100% bullish,of 3 ratings,$15
KALU,$84.06,1440083810439,"20,949",67% bearish,of 3 ratings,$91
JOUT,$24.87,1440083810466,"1,900",100% bearish,of 1 rating,$34
KTWO,$21.6123,1440083810492,"43,494",100% bearish,of 1 rating,$28.50
KBIO,$1.95,1440083810629,"28,386",50% bullish,of 4 ratings,N/A
KMDA,$3.65,1440083810654,"6,485",50% bullish,of 2 ratings,$8
KNDI,$7.4099,1440083810810,"112,893",86% bullish,of 22 ratings,N/A
KCLI,$47.6,1440083810840,"2,318",Not yet rated,NULL,N/A
KPTI,$13.1296,1440083810872,"61,511",67% bearish,of 3 ratings,$39
KBSF,$3.9115,1440083810976,750,100% bullish,of 1 rating,N/A
KCAP,$4.7788,1440083811002,"26,706",75% bullish,of 4 ratings,$6
KRNY,$11.57,1440083811138,"130,056",100% bearish,of 1 rating,$12
KELYA,$14.85,1440083811208,"16,923",67% bullish,of 6 ratings,$20
KMPH,$21.351,1440083811269,"10,654",100% bearish,of 2 ratings,$22
KFFB,NULL,1440083811300,0,100% bearish,of 1 rating,N/A
KERX,$5.7001,1440083811321,"286,201",82% bullish,of 11 ratings,$12
KELYB,NULL,1440083811350,0,50% bullish,of 2 ratings,N/A
KEQU,$16.8501,1440083811510,800,100% bullish,of 1 rating,N/A
GMCR,$50.45,1440083811538,"525,081",71% bullish,of 42 ratings,$64
KTCC,$10.55,1440083811616,"6,050",100% bearish,of 1 rating,$16
KE,$11.37,1440083811701,"9,765",67% bearish,of 3 ratings,$16
KFRC,$28.255,1440083811747,"23,874",100% bullish,of 2 ratings,$29
KTEC,$12,1440083811793,424,Not yet rated,NULL,N/A
KIN,$5.9045,1440083811884,"4,648",50% bullish,of 2 ratings,$6.25
KBAL,$11.2,1440083811911,"13,252",50% bullish,of 2 ratings,N/A
KGJI,$0.73,1440083812045,"260,900",89% bullish,of 9 ratings,N/A
KINS,$8.56,1440083812075,"2,400",100% bullish,of 1 rating,N/A
