Symbol,Price,Date,Volume,Rating,RatingVoteCount,OneYearEstimate
TFSCU,$10.14,1440451202187,"1,100",Not yet rated,NULL,N/A
TFSCW,NULL,1440451202240,0,100% bearish,of 1 rating,N/A
FLWS,$9.3,1440451202288,"217,941",100% bullish,of 5 ratings,$15
FCTY,$7.6,1440451202321,700,100% bullish,of 1 rating,$8.50
TFSC,NULL,1440451202343,0,100% bearish,of 1 rating,N/A
FCCY,$11.5,1440451202378,"1,100",100% bullish,of 1 rating,$13
TFSCR,NULL,1440451202419,0,Not yet rated,NULL,N/A
PIH,$6.99,1440451202485,"10,700",100% bearish,of 1 rating,N/A
SRCE,$28.76,1440451202563,"24,097",100% bullish,of 3 ratings,$33
DSLV,$67.0501,1440451202741,"37,753",100% bearish,of 1 rating,N/A
VNET,$17.77,1440451202779,"1,383,489",60% bullish,of 5 ratings,$29.50
TWOU,$33,1440451202805,"245,449",50% bullish,of 2 ratings,$39
DGLD,$77.4427,1440451202830,"20,148",100% bearish,of 1 rating,N/A
UGLD,$9.77,1440451202876,"399,165",100% bearish,of 1 rating,N/A
USLV,$13.15,1440451202978,"491,363",86% bullish,of 7 ratings,N/A
JOBS,$25.17,1440451203201,"316,416",50% bullish,of 4 ratings,$36
SIXD,$1.26,1440451203248,"108,131",Not yet rated,NULL,N/A
CAFD,$14.55,1440451203375,"303,633",Not yet rated,NULL,$25
EGHT,$7.925,1440451203414,"481,439",82% bullish,of 17 ratings,$11
SHLM,$32.8,1440451203447,"80,094",100% bearish,of 1 rating,$50
ABAX,$45.84,1440451203472,"103,888",100% bearish,of 1 rating,$60
AVHI,$13.52,1440451203547,"17,604",100% bearish,of 1 rating,$19
AAON,$20.5,1440451203762,"88,652",100% bearish,of 1 rating,$24
ABY,$19.2,1440451203796,"583,408",100% bearish,of 2 ratings,$46
ABEO,$4.32,1440451203859,"171,759",67% bullish,of 3 ratings,$15.50
ABGB,$4.4,1440451203917,"65,045",67% bullish,of 3 ratings,$5.50
AXAS,$1.5,1440451203951,"915,640",78% bullish,of 9 ratings,$3.50
ABMD,$94.85,1440451203989,"769,123",75% bullish,of 4 ratings,$100.50
ABEOW,$1.28,1440451204017,"2,320",100% bullish,of 1 rating,N/A
ACST,$0.3412,1440451204376,"18,515",100% bullish,of 2 ratings,N/A
AXDX,$17.95,1440451204434,"150,415",100% bearish,of 1 rating,N/A
ANCX,$18.41,1440451204482,"24,734",Not yet rated,NULL,$19
ACAD,$33.58,1440451204564,"828,907",80% bullish,of 20 ratings,$48
XLRN,$27.12,1440451204595,"173,127",50% bullish,of 2 ratings,$57
ACTG,$8.74,1440451204616,"261,442",67% bullish,of 3 ratings,$18.50
ARAY,$6.305,1440451204658,"1,182,567",100% bearish,of 1 rating,$10.50
ACHC,$69.755,1440451204756,"974,253",50% bullish,of 2 ratings,$92
VXDN,$2.1,1440451205000,"635,510",100% bearish,of 1 rating,N/A
ACRX,$3.82,1440451205083,"235,985",67% bearish,of 6 ratings,$5.50
ACET,$22.935,1440451205131,"99,929",75% bullish,of 4 ratings,$30
VXUP,$2.01,1440451205162,"749,764",100% bearish,of 1 rating,N/A
AKAO,$5.94,1440451205267,"168,043",75% bullish,of 4 ratings,$15
ACIW,$20.95,1440451205324,"434,838",50% bullish,of 2 ratings,$24
ACHN,$7.245,1440451205397,"2,682,647",90% bullish,of 21 ratings,$16
ACOR,$28.95,1440451205569,"320,627",67% bearish,of 3 ratings,$38.50
ACPW,$1.8,1440451205596,"72,094",100% bullish,of 4 ratings,$3.50
ACNB,$20,1440451205618,"18,344",Not yet rated,NULL,N/A
ACTS,$1.53,1440451205663,"73,099",100% bearish,of 1 rating,N/A
ACTA,$13.35,1440451205756,"120,196",67% bearish,of 3 ratings,$25
ATVI,$26.175,1440451205785,"4,800,529",68% bullish,of 84 ratings,$31.50
ACUR,$0.6,1440451205811,"51,331",100% bullish,of 5 ratings,$1
ACXM,$19.52,1440451206055,"420,927",67% bullish,of 3 ratings,N/A
ADMS,$18.88,1440451206188,"80,228",100% bearish,of 2 ratings,$36
ADMA,$9.19,1440451206344,"17,534",Not yet rated,NULL,$19
ADUS,$28.47,1440451206374,"30,983",100% bearish,of 1 rating,$31
AEY,$2.265,1440451206396,"7,500",100% bearish,of 2 ratings,N/A
ADEP,$6.62,1440451206431,"46,689",50% bullish,of 2 ratings,$10.75
ADMP,$3.3294,1440451206453,"36,971",50% bullish,of 2 ratings,$10
ADAP,$11.04,1440451206474,"133,191",67% bullish,of 3 ratings,$22
ADRO,$18.96,1440451206732,"334,852",80% bullish,of 5 ratings,$45.50
ADTN,$15.12,1440451206770,"264,659",67% bullish,of 3 ratings,$17.125
ADBE,$74.31,1440451206820,"3,326,607",65% bullish,of 17 ratings,$90
ADXS,$13.15,1440451206865,"769,551",64% bullish,of 14 ratings,$27
AEIS,$23.48,1440451206894,"228,136",50% bullish,of 2 ratings,$32.50
ADXSW,$8.74,1440451206950,"8,578",100% bullish,of 1 rating,N/A
AMD,$1.76,1440451207039,"9,401,914",83% bullish,of 103 ratings,$2
MULT,NULL,1440451207169,0,100% bearish,of 1 rating,N/A
YPRO,$23.21,1440451207266,"1,358",100% bearish,of 1 rating,N/A
AEGR,$17.02,1440451207426,"276,475",50% bullish,of 6 ratings,$26
AEGN,$17.76,1440451207454,"143,577",100% bearish,of 2 ratings,$21
AEHR,$2.06,1440451207484,"20,300",50% bullish,of 2 ratings,N/A
AMTX,$2.61,1440451207588,"19,538",50% bullish,of 2 ratings,$26.11
AEPI,$53.96,1440451207636,"16,630",100% bearish,of 1 rating,N/A
AVAV,$23.2,1440451207723,"148,935",50% bullish,of 4 ratings,$31
AEZS,$0.088,1440451207788,"9,749,522",90% bullish,of 21 ratings,$1.50
AFMD,$9.75,1440451207887,"170,067",50% bullish,of 4 ratings,$15
AEMD,$6.92,1440451207933,"45,543",Not yet rated,NULL,$27.50
AFFX,$8.8,1440451207977,"615,423",80% bullish,of 5 ratings,$12
AGEN,$6.57,1440451208111,"994,106",85% bullish,of 13 ratings,$14
AERI,$15.55,1440451208153,"423,158",75% bullish,of 4 ratings,$31.50
AGRX,$8.1,1440451208285,"38,088",100% bearish,of 1 rating,$17.50
AGIO,$81.49,1440451208314,"581,039",88% bullish,of 8 ratings,$114
AGYS,$9.26,1440451208362,"21,930",100% bearish,of 1 rating,N/A
AIRM,$35.15,1440451208495,"190,565",80% bearish,of 5 ratings,$53
AGFS,$9.89,1440451208575,"153,233",100% bearish,of 1 rating,N/A
AGFSW,$1.85,1440451208625,"30,528",100% bearish,of 2 ratings,N/A
AIMT,$20.105,1440451208783,"118,251",Not yet rated,NULL,N/A
AIRT,$21.8,1440451208812,"1,613",100% bullish,of 1 rating,N/A
ATSG,$8.695,1440451208849,"165,167",67% bullish,of 3 ratings,$13
AIXG,$5.65,1440451208947,"17,424",67% bearish,of 3 ratings,$5.25
AMCN,$4.35,1440451208973,"1,046,309",83% bullish,of 6 ratings,N/A
AKAM,$66.72,1440451209015,"2,064,096",63% bullish,of 8 ratings,$77
AKBA,$6.27,1440451209041,"203,234",100% bearish,of 1 rating,$18
AKRX,$39.41,1440451209308,"1,014,729",78% bullish,of 9 ratings,$56
AKER,$2.76,1440451209339,"23,498",Not yet rated,NULL,N/A
AMRI,$18.95,1440451209450,"346,566",75% bearish,of 4 ratings,$24
ALSK,$2.05,1440451209477,"146,454",78% bullish,of 18 ratings,$2
ALRM,$15.88,1440451209503,"176,644",100% bearish,of 1 rating,$22
ADHD,$7.88,1440451209825,"179,343",50% bullish,of 4 ratings,$18
ALDX,$7,1440451210038,"17,247",100% bearish,of 1 rating,$14.50
ABDC,$11.78,1440451210122,"111,824",Not yet rated,NULL,$15
ALXN,$166.88,1440451210285,"1,649,125",88% bullish,of 8 ratings,$223
ALCO,$40.71,1440451210349,"12,826",50% bullish,of 2 ratings,N/A
ALXA,$1.0897,1440451210483,"16,116",83% bullish,of 6 ratings,$2.125
ALKS,$56.72,1440451210509,"613,324",67% bullish,of 3 ratings,$75
ALIM,$3,1440451210537,"103,553",80% bullish,of 5 ratings,$10
ALGN,$54.66,1440451210560,"369,801",100% bearish,of 2 ratings,$73
ALDR,$36.03,1440451210690,"488,843",67% bearish,of 3 ratings,$62
ALGT,$209.39,1440451210720,"79,744",100% bearish,of 2 ratings,$235
ALLB,$22.4299,1440451210822,"2,595",Not yet rated,NULL,N/A
AIQ,$13.84,1440451210951,"9,297",67% bullish,of 3 ratings,N/A
AHGP,$35.18,1440451210977,"65,465",67% bullish,of 3 ratings,N/A
ARLP,$23.6,1440451211040,"356,998",67% bearish,of 3 ratings,$32
AFOP,$16.13,1440451211066,"216,519",75% bullish,of 8 ratings,$21
ALQA,$4.25,1440451211432,"37,849",75% bullish,of 4 ratings,$8.50
ALLT,$5.02,1440451211466,"80,651",75% bullish,of 4 ratings,$6.25
AHPI,$1.4526,1440451211495,"1,189",50% bullish,of 2 ratings,N/A
AMOT,$17.79,1440451211522,"73,523",100% bearish,of 1 rating,N/A
AFAM,$43.72,1440451211575,"63,891",50% bullish,of 2 ratings,$44
ALNY,$92.73,1440451211658,"515,583",67% bullish,of 3 ratings,$148.50
MDRX,$13.12,1440451211749,"1,838,360",60% bullish,of 5 ratings,$16
AOSL,$7.29,1440451211899,"54,673",67% bullish,of 3 ratings,$9
SMCP,$21.8,1440451211924,400,Not yet rated,NULL,N/A
ATEC,$0.5797,1440451211983,"163,314",100% bullish,of 1 rating,$2
ALTR,$46.83,1440451212126,"2,954,345",80% bearish,of 5 ratings,$54
ASPS,$25.96,1440451212175,"319,177",67% bullish,of 3 ratings,$46.50
AMAG,$57.69,1440451212326,"504,815",100% bullish,of 2 ratings,$77.50
AIMC,$24.63,1440451212356,"60,210",100% bearish,of 2 ratings,$28.50
AMRN,$1.97,1440451212403,"1,107,439",85% bullish,of 39 ratings,$8
AMRK,$10.53,1440451212460,"4,029",50% bullish,of 2 ratings,$14
AYA,$21.13,1440451212561,"99,914",100% bearish,of 1 rating,$40
AMZN,$464.2,1440451212587,"4,723,845",81% bullish,of 263 ratings,$646
AMBC,$15.25,1440451212810,"260,872",100% bearish,of 1 rating,$16.50
AMBCW,NULL,1440451212948,0,100% bearish,of 1 rating,N/A
EPAX,$2.66,1440451212977,"35,750",100% bearish,of 1 rating,N/A
AMCX,$65.67,1440451213046,"506,573",67% bullish,of 3 ratings,$87.50
AMBA,$87.51,1440451213076,"3,563,046",83% bullish,of 12 ratings,$102.50
DOX,$55.49,1440451213148,"464,238",50% bullish,of 2 ratings,$60
AMDA,$0.4141,1440451213174,"1,405,594",90% bullish,of 10 ratings,$1
UHAL,$357.67,1440451213338,"23,754",100% bullish,of 2 ratings,$393.50
AMED,$36.92,1440451213401,"364,527",100% bearish,of 1 rating,$42
AMOV,$17.19,1440451213535,"8,319",100% bearish,of 1 rating,N/A
ASBI,$22.2,1440451213561,950,Not yet rated,NULL,N/A
AGNC,$19.24,1440451213594,"3,638,351",71% bullish,of 28 ratings,$22
ATAX,$5.18,1440451213623,"236,521",100% bullish,of 1 rating,$6.50
AGNCB,$23.94,1440451213700,"13,449",Not yet rated,NULL,N/A
AAL,$37.635,1440451213758,"11,721,001",93% bullish,of 88 ratings,$57
MTGEP,$24.04,1440451214058,"8,890",Not yet rated,NULL,N/A
ACSF,$11.86,1440451214119,"20,835",100% bearish,of 1 rating,$15
AGNCP,$25.111,1440451214157,"13,823",Not yet rated,NULL,N/A
MTGE,$15.29,1440451214289,"417,183",75% bullish,of 4 ratings,$19.50
ANCI,$1.5179,1440451214318,"3,230",100% bearish,of 1 rating,N/A
ACAS,$13.1,1440451214419,"1,594,652",60% bullish,of 5 ratings,$16.75
AETI,$4.06,1440451214460,"2,639",67% bearish,of 3 ratings,N/A
AMIC,$9.9739,1440451214488,594,Not yet rated,NULL,N/A
ANAT,$96.93,1440451214621,"33,700",100% bullish,of 1 rating,N/A
AMRB,$9.95,1440451214764,"7,930",Not yet rated,NULL,$11
AMNB,$22.23,1440451214791,"13,885",Not yet rated,NULL,$25.50
APEI,$21.06,1440451214833,"52,147",100% bearish,of 1 rating,$25.50
ARII,$37.235,1440451214863,"251,249",67% bearish,of 3 ratings,$45
ASEI,$38.15,1440451214962,"32,808",100% bearish,of 1 rating,$52.50
AMSWA,$8.59,1440451214989,"55,052",100% bearish,of 2 ratings,$10.75
AMSC,$3.47,1440451215043,"80,494",50% bullish,of 4 ratings,N/A
CRMT,$37.97,1440451215260,"51,675",100% bearish,of 1 rating,$39
AMWD,$65.64,1440451215286,"168,993",50% bullish,of 2 ratings,$53
ABCB,$26.7,1440451215327,"137,758",Not yet rated,NULL,$31
AMSF,$47.18,1440451215426,"52,775",Not yet rated,NULL,$57.50
ASRV,$3.22,1440451215499,800,100% bullish,of 2 ratings,N/A
ATLO,$22.82,1440451215560,"7,754",Not yet rated,NULL,N/A
ASRVP,$27.5,1440451215631,400,Not yet rated,NULL,N/A
AMGN,$148,1440451215656,"4,353,828",89% bullish,of 19 ratings,$185
FOLD,$13.42,1440451215850,"1,457,102",56% bullish,of 9 ratings,$21
AMKR,$4.76,1440451215895,"2,603,450",100% bearish,of 2 ratings,$5
AMPH,$13.01,1440451215957,"120,585",50% bullish,of 2 ratings,$20
AMSG,$78.3,1440451216030,"378,614",100% bearish,of 1 rating,$85.50
AMSGP,$150.2,1440451216093,600,Not yet rated,NULL,N/A
ASYS,$4.97,1440451216226,"50,436",67% bullish,of 3 ratings,$12
AFSI,$57.23,1440451216257,"636,851",60% bullish,of 5 ratings,$72
ANAC,$122.88,1440451216300,"472,873",80% bullish,of 5 ratings,$180.50
AMRS,$1.56,1440451216362,"148,220",70% bullish,of 10 ratings,N/A
ADI,$51.835,1440451216400,"3,127,506",67% bullish,of 3 ratings,$69
ANAD,$0.3091,1440451216531,"191,764",100% bullish,of 2 ratings,$.50
ALOG,$78.22,1440451216571,"52,840",100% bearish,of 2 ratings,$100.50
ABCW,$39.03,1440451216699,"9,209",67% bullish,of 3 ratings,N/A
AMCF,$0.22,1440451216832,"37,705",100% bullish,of 7 ratings,N/A
ANGI,$4.74,1440451216857,"1,080,185",64% bullish,of 11 ratings,$5.50
ANCB,$22.15,1440451216884,"1,548",Not yet rated,NULL,$23
ANIP,$48.07,1440451217111,"176,999",89% bullish,of 19 ratings,$66
ANSS,$85.83,1440451217184,"517,289",100% bearish,of 1 rating,$100
ANIK,$32.9,1440451217212,"129,201",60% bullish,of 5 ratings,$51.25
ANGO,$14.355,1440451217238,"60,475",67% bullish,of 3 ratings,$19
ABAC,$0.6501,1440451217288,"29,863",100% bearish,of 1 rating,N/A
ANTH,$7.015,1440451217420,"1,142,574",80% bullish,of 10 ratings,$13
ATNY,$2.3404,1440451217449,"3,801",50% bullish,of 2 ratings,$3.75
ATRS,$1.68,1440451217470,"827,093",92% bullish,of 12 ratings,$4.50
APIC,$6.04,1440451217600,"127,996",100% bearish,of 1 rating,$19
APOL,$10.67,1440451217748,"1,022,298",87% bearish,of 68 ratings,$14
AINV,$6.295,1440451217786,"2,341,097",50% bullish,of 4 ratings,$8
APOG,$50,1440451217852,"159,567",100% bullish,of 1 rating,$67
AAPL,$103.28,1440451217921,"93,350,035",86% bullish,of 2343 ratings,$150
APPF,$15.6,1440451217958,"64,437",50% bullish,of 2 ratings,$22
APDN,$3.04,1440451218055,"54,332",Not yet rated,NULL,$9
ARCI,$1.3,1440451218081,362,Not yet rated,NULL,N/A
AGTC,$15.13,1440451218250,"49,027",50% bullish,of 2 ratings,$33
APDNW,$1.1442,1440451218276,"6,573",Not yet rated,NULL,N/A
AAOI,$19.05,1440451218420,"409,604",50% bullish,of 4 ratings,$26
AMCC,$5.245,1440451218461,"847,474",80% bullish,of 5 ratings,$8
AMAT,$15.105,1440451218559,"17,869,478",82% bullish,of 11 ratings,$23
APRI,$1.209,1440451218589,"117,299",83% bullish,of 6 ratings,$4.86
AREX,$1.92,1440451218694,"1,045,031",100% bearish,of 1 rating,$3
AQMS,$4.62,1440451218759,"17,427",Not yet rated,NULL,N/A
APTO,$4.6806,1440451218788,"6,588",Not yet rated,NULL,$17
AQXP,$17.675,1440451218836,"440,055",50% bullish,of 2 ratings,$2
AUMA,$9.81,1440451218864,500,Not yet rated,NULL,N/A
PETX,$17,1440451219173,"283,128",100% bearish,of 2 ratings,$26
AUMAU,$9.97,1440451219210,600,Not yet rated,NULL,N/A
AUMAW,NULL,1440451219238,0,Not yet rated,NULL,N/A
ARDM,$6.94,1440451219304,250,100% bullish,of 1 rating,$26
ABUS,$7,1440451219335,"305,590",86% bullish,of 14 ratings,$23
ARCW,$3.24,1440451219433,"16,689",100% bearish,of 2 ratings,$10.50
ABIO,$0.85,1440451219461,"308,670",50% bullish,of 2 ratings,$3.75
RKDA,$5.46,1440451219639,"25,085",100% bearish,of 2 ratings,$10
ARNA,$2.71,1440451219767,"1,944,897",90% bullish,of 77 ratings,$5.50
ARCB,$28.35,1440451219801,"248,005",67% bearish,of 3 ratings,$39.50
ARDX,$16.715,1440451219832,"70,366",50% bullish,of 2 ratings,$24.50
ACAT,$25.19,1440451219861,"165,301",100% bearish,of 3 ratings,$33
ACGL,$67.37,1440451219897,"363,440",50% bullish,of 2 ratings,$72
ARCC,$14.885,1440451219935,"3,131,875",67% bearish,of 3 ratings,$17.875
AGII,$55.28,1440451220071,"131,363",Not yet rated,NULL,$59.50
ARIA,$6.44,1440451220335,"2,406,879",87% bullish,of 46 ratings,$9
ARIS,$3.19,1440451220362,"52,055",Not yet rated,NULL,$4.50
AGIIL,$25,1440451220395,"9,307",Not yet rated,NULL,N/A
ARGS,$6.09,1440451220497,"87,879",50% bullish,of 2 ratings,$19.50
ARTX,$1.43,1440451220549,"176,553",88% bullish,of 16 ratings,$4.50
ARKR,$24.56,1440451220578,"2,800",50% bullish,of 2 ratings,N/A
ARWA,NULL,1440451220606,0,Not yet rated,NULL,N/A
ARMH,$40.05,1440451220651,"2,202,696",54% bearish,of 13 ratings,$61
ARWAR,NULL,1440451220791,0,Not yet rated,NULL,N/A
ARQL,$1.63,1440451220948,"193,554",75% bullish,of 4 ratings,$5
ARWAU,$10.2,1440451221088,400,100% bullish,of 1 rating,N/A
ARRS,$25.35,1440451221118,"849,443",50% bullish,of 2 ratings,$38
ARRY,$5.24,1440451221140,"1,566,509",100% bullish,of 7 ratings,$10
ARWAW,$0.1051,1440451221161,"1,436",Not yet rated,NULL,N/A
DWAT,$9.7899,1440451221291,"4,713",100% bearish,of 1 rating,N/A
AROW,$26.98,1440451221335,"26,858",Not yet rated,NULL,N/A
ARTNA,$22.29,1440451221383,"19,497",100% bearish,of 1 rating,$29
ARWR,$5.01,1440451221420,"1,423,245",75% bullish,of 4 ratings,$10.50
ASND,$17.99,1440451221550,"80,739",100% bullish,of 1 rating,$30
ASNA,$10.91,1440451221580,"2,711,689",50% bullish,of 2 ratings,$18
ASBB,$23.75,1440451221715,900,Not yet rated,NULL,N/A
ASCMA,$26.76,1440451221760,"77,355",100% bearish,of 1 rating,$45
ASTI,$0.1025,1440451221790,"1,726,820",83% bullish,of 6 ratings,$3
ARTW,$4.29,1440451221894,"4,325",75% bearish,of 4 ratings,N/A
APWC,$1.8001,1440451222025,"1,602",100% bearish,of 1 rating,N/A
ASMI,NULL,1440451222158,0,NULL,NULL,NULL
ASML,$85.56,1440451222192,"1,609,309",50% bullish,of 4 ratings,$127
ALOT,$13.45,1440451222265,322,100% bearish,of 1 rating,N/A
AZPN,$37.08,1440451222294,"956,946",50% bullish,of 2 ratings,$42
ASMB,$12.7,1440451222393,"51,738",67% bullish,of 3 ratings,N/A
ASTE,$35.22,1440451222498,"54,783",100% bearish,of 1 rating,$48
ASFI,$8.91,1440451222526,"12,035",100% bullish,of 1 rating,N/A
ATRO,$51.155,1440451222553,"105,599",100% bearish,of 2 ratings,$80
ASUR,$5.452,1440451222685,"4,670",100% bearish,of 2 ratings,$8
ASTC,$1.95,1440451222714,"63,072",100% bullish,of 5 ratings,N/A
ATAI,$2.4,1440451222819,"20,200",100% bearish,of 1 rating,N/A
ATHX,$1.1201,1440451223196,"228,167",89% bullish,of 9 ratings,$5
ATRA,$38.03,1440451223383,"174,910",50% bullish,of 2 ratings,$68
ATHN,$127.45,1440451223430,"290,794",67% bearish,of 3 ratings,$153
AFCB,$28.75,1440451223458,300,Not yet rated,NULL,N/A
AAME,$3.4884,1440451223493,"1,069",Not yet rated,NULL,N/A
ACFC,$6.01,1440451223519,"57,803",Not yet rated,NULL,$6.50
AAPC,$10.1,1440451223545,"1,713",Not yet rated,NULL,N/A
ATNI,$71.53,1440451223589,"56,615",100% bearish,of 1 rating,$69.50
ATLC,$3.75,1440451223730,"19,620",67% bullish,of 3 ratings,N/A
ATML,$6.59,1440451223968,"3,891,574",78% bullish,of 9 ratings,$9.50
AAWW,$39.75,1440451223994,"365,294",50% bullish,of 2 ratings,$65
AFH,$16.36,1440451224127,"28,949",Not yet rated,NULL,$21.50
ATRM,$2.87,1440451224196,605,50% bullish,of 2 ratings,N/A
ATRI,$374.99,1440451224330,"1,736",Not yet rated,NULL,N/A
ATRC,$24.49,1440451224363,"208,658",100% bullish,of 1 rating,$30
ATOS,$0.786,1440451224385,"224,496",100% bullish,of 7 ratings,$7
ATTU,$12.855,1440451224421,"119,777",100% bearish,of 1 rating,$20.50
LIFE,$13.88,1440451224468,"46,206",86% bullish,of 7 ratings,$43
AUBN,$26.3,1440451224522,"2,646",Not yet rated,NULL,N/A
AUPH,$3.02,1440451224683,"41,651",100% bearish,of 1 rating,$8
EARS,$4.29,1440451224813,"65,433",100% bearish,of 2 ratings,$11.50
ABTL,$16.63,1440451224842,"238,759",100% bullish,of 4 ratings,$20.25
ADAT,$0.122,1440451224866,"12,609",100% bullish,of 2 ratings,N/A
AUDC,$3.0497,1440451224902,"73,221",80% bullish,of 5 ratings,$5
ADSK,$49.4,1440451225004,"2,572,981",67% bullish,of 6 ratings,$69.50
ADP,$76.3,1440451225239,"3,372,356",100% bearish,of 1 rating,$88
AVEO,$1.265,1440451225282,"1,219,142",75% bullish,of 8 ratings,$3
AAVL,$10.14,1440451225317,"435,625",100% bearish,of 1 rating,$20
AVNW,$1.16,1440451225345,"90,534",50% bullish,of 2 ratings,$2.20
AVGO,$109.25,1440451225372,"3,464,312",88% bullish,of 8 ratings,$160
AVNU,$12.5,1440451225415,"10,630",Not yet rated,NULL,$14
CAR,$40.7,1440451225507,"2,120,735",80% bullish,of 5 ratings,$60
AVID,$7.615,1440451225537,"501,482",100% bearish,of 1 rating,$20
AVGR,$13.98,1440451225687,"31,721",100% bearish,of 1 rating,$20
AWRE,$3.13,1440451225856,"17,304",67% bullish,of 3 ratings,N/A
AXPW,$1.1099,1440451225908,"47,742",83% bullish,of 6 ratings,N/A
AXPWW,NULL,1440451226092,0,Not yet rated,NULL,N/A
BCOM,$17.29,1440451226119,"1,000",100% bearish,of 1 rating,N/A
ACLS,$3.07,1440451226149,"557,311",67% bullish,of 6 ratings,$4.75
AXGN,$3.9,1440451226175,"28,372",Not yet rated,NULL,$5
AXTI,$2.12,1440451226204,"70,930",50% bullish,of 2 ratings,$2.75
RILY,$9.66,1440451226462,405,Not yet rated,NULL,N/A
BOSC,$2.296,1440451226624,"8,066",50% bullish,of 2 ratings,N/A
BIDU,$140.99,1440451226652,"6,218,297",81% bullish,of 88 ratings,$210
BCPC,$56.81,1440451226682,"110,781",100% bearish,of 1 rating,$75
BEAV,$46.2,1440451226784,"1,259,389",67% bearish,of 3 ratings,$59
BWINA,NULL,1440451226837,0,Not yet rated,NULL,N/A
BLDP,$1.165,1440451226915,"631,922",91% bullish,of 22 ratings,$2.50
BWINB,$23,1440451226941,"61,861",Not yet rated,NULL,N/A
BANF,$58.96,1440451227005,"15,581",Not yet rated,NULL,$68
BANFP,$27.38,1440451227106,603,Not yet rated,NULL,N/A
BKMU,$6.79,1440451227137,"106,954",Not yet rated,NULL,$8
BOCH,$5.68,1440451227241,"18,771",Not yet rated,NULL,$6.50
BMRC,$47.78,1440451227309,"6,637",Not yet rated,NULL,$52
BKSC,$14.99,1440451227439,"6,153",Not yet rated,NULL,N/A
BOTJ,$10.9501,1440451227526,"2,263",Not yet rated,NULL,N/A
OZRK,$39.365,1440451227630,"575,571",67% bullish,of 3 ratings,$49.50
BFIN,$11.76,1440451227659,"28,281",Not yet rated,NULL,$13
BWFG,$17.9,1440451227688,972,100% bearish,of 1 rating,N/A
BZUN,$4.68,1440451227740,"623,551",50% bullish,of 2 ratings,$12.60
BANR,$43.7,1440451227844,"67,777",100% bullish,of 3 ratings,$50
BHACR,NULL,1440451227922,0,Not yet rated,NULL,N/A
BHAC,NULL,1440451227975,0,Not yet rated,NULL,N/A
TAPR,$29.0007,1440451228031,"3,934",100% bearish,of 1 rating,N/A
BHACU,NULL,1440451228074,0,Not yet rated,NULL,N/A
BBSI,$33.21,1440451228172,"81,301",67% bearish,of 3 ratings,$62.50
BHACW,NULL,1440451228205,0,Not yet rated,NULL,N/A
BSET,$27.43,1440451228314,"48,506",100% bearish,of 1 rating,$35
BYLK,$12.52,1440451228447,"12,820",Not yet rated,NULL,$14
BYBK,$4.88,1440451228475,"1,000",100% bearish,of 1 rating,N/A
BV,$4.98,1440451228505,"264,539",67% bullish,of 6 ratings,$9
BBCN,$14.04,1440451228605,"259,479",100% bearish,of 1 rating,$16
BCBP,$11.46,1440451228664,"10,999",Not yet rated,NULL,N/A
BDCV,$4.7401,1440451228756,"9,844",100% bearish,of 1 rating,$10.19
BECN,$34.09,1440451228820,"303,459",50% bullish,of 2 ratings,$40
BBGI,$4.24,1440451228896,"1,190",100% bearish,of 1 rating,N/A
BSF,$8.27,1440451228975,"17,521",Not yet rated,NULL,N/A
BEBE,$1.76,1440451229038,"122,239",75% bullish,of 4 ratings,$3.075
BBBY,$59.98,1440451229168,"2,243,038",71% bullish,of 7 ratings,$75
BELFA,$14.19,1440451229235,"1,210",100% bearish,of 1 rating,N/A
BLPH,$4.91,1440451229478,"15,852",100% bearish,of 1 rating,$12.50
BNCL,$12.29,1440451229609,"391,294",100% bullish,of 3 ratings,$12.50
BELFB,$17.8,1440451229642,"23,136",100% bearish,of 1 rating,N/A
BLCM,$16.505,1440451229663,"240,829",50% bullish,of 4 ratings,$40
BGMD,$0.77,1440451229696,"186,593",100% bullish,of 10 ratings,N/A
BNFT,$34.12,1440451229727,"74,603",67% bullish,of 3 ratings,$46
BNTC,$7.87,1440451229799,"6,910",100% bullish,of 1 rating,N/A
BGFV,$10.43,1440451229825,"120,948",57% bullish,of 7 ratings,$12
BGCP,$8.35,1440451229983,"1,439,057",88% bullish,of 8 ratings,$14
ORPN,$5.03,1440451230128,"31,707",100% bullish,of 1 rating,$28.50
BIND,$4.25,1440451230186,"93,141",75% bullish,of 4 ratings,$13.50
BASI,$1.45,1440451230283,"5,770",Not yet rated,NULL,N/A
BIOC,$2.28,1440451230314,"312,115",83% bullish,of 6 ratings,$3.85
BIOD,$0.68,1440451230418,"112,422",80% bullish,of 5 ratings,$4
BCRX,$11.4,1440451230446,"662,334",63% bullish,of 8 ratings,$18
BCDA,NULL,1440451230472,0,Not yet rated,NULL,N/A
BIOL,$1.36,1440451230660,"77,897",Not yet rated,NULL,N/A
BDSI,$6.24,1440451230714,"721,611",88% bullish,of 8 ratings,$17
BIIB,$277.597,1440451230790,"2,930,827",88% bullish,of 16 ratings,$400
BMRN,$119.735,1440451230849,"1,027,522",80% bullish,of 5 ratings,$160
BLRX,$1.225,1440451230878,"405,309",100% bullish,of 12 ratings,$5
BVXV,$3.41,1440451230907,"42,494",Not yet rated,NULL,N/A
BLFS,$2.13,1440451230938,"55,868",100% bearish,of 1 rating,$4.75
BVXVW,$0.72,1440451231047,"24,842",100% bearish,of 1 rating,N/A
BPTH,$1.1,1440451231152,"170,541",100% bullish,of 2 ratings,$5
BRLI,NULL,1440451231245,0,NULL,NULL,NULL
BIOS,$1.95,1440451231281,"1,105,530",71% bullish,of 7 ratings,$4
BBC,$29.02,1440451231356,"38,203",Not yet rated,NULL,N/A
BBP,$30.35,1440451231498,"94,255",Not yet rated,NULL,N/A
BSTC,$46.9,1440451231524,"45,015",100% bearish,of 1 rating,$76
BSPM,$0.6324,1440451231572,"56,381",50% bullish,of 2 ratings,N/A
BOTA,$2.1,1440451231599,"65,440",88% bullish,of 8 ratings,N/A
BEAT,$14.02,1440451231736,"487,852",67% bearish,of 3 ratings,$15
TECH,$94.745,1440451231762,"145,037",100% bullish,of 1 rating,$117
BITI,$16.24,1440451231796,"21,820",100% bullish,of 1 rating,$28
BDMS,$12.693,1440451231822,100,100% bearish,of 1 rating,N/A
BBOX,$14.875,1440451231956,"53,718",100% bearish,of 1 rating,N/A
BJRI,$44.01,1440451232061,"263,174",50% bullish,of 2 ratings,$55
BDE,$7.13,1440451232191,"510,804",50% bullish,of 2 ratings,$9
BBRY,$6.97,1440451232332,"7,508,293",61% bullish,of 330 ratings,$9
BLKB,$57.66,1440451232375,"152,831",100% bearish,of 2 ratings,$66
HAWK,$40.1,1440451232476,"740,731",91% bullish,of 11 ratings,$49
BKCC,$8.8,1440451232509,"847,452",100% bullish,of 2 ratings,$10
ADRA,$25.7988,1440451232535,"6,085",100% bearish,of 1 rating,N/A
ADRD,$21.1608,1440451232608,"24,781",100% bearish,of 1 rating,N/A
ADRE,$28.35,1440451232696,"68,975",100% bearish,of 1 rating,N/A
BLMN,$19.34,1440451232746,"1,023,277",83% bullish,of 6 ratings,$27.50
BLBD,$11.4,1440451232849,"11,642",Not yet rated,NULL,N/A
ADRU,$21.65,1440451232885,"12,288",100% bearish,of 1 rating,N/A
BCOR,$13.155,1440451232952,"306,498",57% bullish,of 7 ratings,$15
BUFF,$26.07,1440451232981,"411,981",83% bullish,of 12 ratings,$31.50
BBLU,$0.7601,1440451233140,"131,007",100% bullish,of 2 ratings,$4.43
BHBK,$13.91,1440451233236,"69,362",100% bullish,of 1 rating,$14.50
BLUE,$120.06,1440451233387,"612,685",71% bullish,of 7 ratings,$217.50
NILE,$32.14,1440451233412,"102,723",50% bullish,of 2 ratings,$34
BKEPP,$7.6,1440451233438,"4,450",100% bearish,of 1 rating,N/A
BKEP,$6.1,1440451233464,"92,004",100% bearish,of 1 rating,$8.50
BPMC,$26.21,1440451233597,"183,786",50% bullish,of 2 ratings,$47.50
BOFI,$120.05,1440451233639,"329,724",100% bullish,of 6 ratings,$144
BOBE,$43.09,1440451233664,"148,420",75% bullish,of 4 ratings,$57
BOJA,$20.37,1440451233854,"322,740",100% bullish,of 1 rating,$30
WIFI,$7.37,1440451233884,"331,667",50% bullish,of 2 ratings,$13.50
BNCN,$20.35,1440451233911,"43,296",Not yet rated,NULL,$23
BOKF,$59,1440451233932,"200,246",100% bearish,of 1 rating,$70.50
BONA,$11.01,1440451233964,"851,937",75% bullish,of 4 ratings,$8.50
BNSO,$1.25,1440451234144,"10,326",100% bearish,of 1 rating,N/A
BAMM,$3.18,1440451234287,"45,902",60% bullish,of 5 ratings,N/A
BPFH,$11.505,1440451234322,"419,441",100% bearish,of 1 rating,$14
BPFHP,$25,1440451234343,100,100% bearish,of 1 rating,N/A
BPFHW,NULL,1440451234372,0,100% bearish,of 1 rating,N/A
EPAY,$24.88,1440451234427,"70,275",100% bearish,of 2 ratings,$30
BDBD,$8.25,1440451234526,"1,025,342",60% bullish,of 5 ratings,$10
BCLI,$2.69,1440451234655,"211,989",80% bullish,of 5 ratings,$12
BBRG,$12.35,1440451234681,"83,994",67% bullish,of 3 ratings,$14.50
BBEP,$2.2,1440451234739,"1,546,498",69% bullish,of 13 ratings,$5.625
BDGE,$26.75,1440451234976,"18,812",Not yet rated,NULL,$31.75
BBEPP,$12.23,1440451235006,"67,570",100% bearish,of 1 rating,N/A
BLIN,$1.25,1440451235108,"8,057",50% bullish,of 2 ratings,$2.20
BRID,NULL,1440451235311,0,100% bearish,of 1 rating,N/A
BRCM,$47.55,1440451235339,"4,055,316",75% bullish,of 12 ratings,$56
BCOV,$5.06,1440451235361,"162,077",67% bullish,of 3 ratings,$10.20
BSFT,$29.97,1440451235382,"110,518",57% bullish,of 7 ratings,$40.50
BVSN,$5.65,1440451235510,"4,912",60% bearish,of 5 ratings,N/A
BYFC,$1.47,1440451235540,"1,100",50% bullish,of 2 ratings,N/A
BWEN,$3.175,1440451235562,"30,100",100% bullish,of 3 ratings,$8
BRKL,$10.33,1440451235599,"258,430",100% bearish,of 1 rating,$10.75
BRKR,$18.34,1440451235762,"415,862",100% bearish,of 2 ratings,$22
BRCD,$10.05,1440451235789,"4,564,519",92% bullish,of 13 ratings,$12
BRKS,$10.03,1440451235811,"112,904",67% bullish,of 3 ratings,$15.25
BMTC,$28.58,1440451235994,"45,052",Not yet rated,NULL,$34
BSQR,$5.78,1440451236080,"73,221",67% bullish,of 3 ratings,N/A
BWLD,$187.01,1440451236210,"267,467",82% bullish,of 11 ratings,$205
BLMT,$20.43,1440451236239,"6,453",Not yet rated,NULL,N/A
BUR,$1.86,1440451236276,"30,156",100% bearish,of 1 rating,$8
CFFI,$34.625,1440451236305,"2,088",100% bearish,of 1 rating,N/A
CA,$26.47,1440451236359,"3,915,231",50% bullish,of 4 ratings,$33
BLDR,$14.04,1440451236386,"1,100,252",50% bullish,of 2 ratings,$22
CHRW,$65.35,1440451236407,"1,827,960",Not yet rated,NULL,$72
CCMP,$42.28,1440451236739,"61,306",50% bullish,of 2 ratings,$59
CDZI,$7.44,1440451236769,"23,845",100% bearish,of 1 rating,N/A
CACQ,$6.9,1440451236790,"58,912",100% bearish,of 1 rating,$12.25
CDNS,$19.03,1440451236811,"1,615,465",75% bullish,of 4 ratings,$22.50
CSTE,$42.52,1440451236833,"466,365",100% bearish,of 1 rating,$65
CZR,$9,1440451236871,"1,993,051",60% bearish,of 5 ratings,$10.50
CLBS,$1.27,1440451237195,"232,637",79% bullish,of 14 ratings,$4
CCD,$18.56,1440451237404,"117,940",Not yet rated,NULL,N/A
CHY,$10.9,1440451237437,"635,268",Not yet rated,NULL,N/A
PRSS,$4.37,1440451237467,"27,486",80% bullish,of 5 ratings,$4.50
CHI,$10.1985,1440451237488,"540,784",100% bearish,of 1 rating,N/A
CFGE,$10.2,1440451237509,"1,826",Not yet rated,NULL,N/A
CLMS,$10.68,1440451237541,"93,437",Not yet rated,NULL,$10.50
CGO,$11.33,1440451237748,"49,883",100% bearish,of 1 rating,N/A
CHW,$7.09,1440451237827,"417,176",100% bearish,of 1 rating,N/A
CSQ,$9.39,1440451237856,"869,017",Not yet rated,NULL,N/A
CVGW,$55.09,1440451237883,"111,347",50% bullish,of 2 ratings,$58.50
CFNB,$13.45,1440451237909,141,100% bearish,of 1 rating,N/A
CALA,$4.665,1440451237956,"432,672",100% bullish,of 3 ratings,$19.50
CALD,$15,1440451238039,"247,269",100% bearish,of 1 rating,$20.50
CAMP,$15.26,1440451238070,"302,671",88% bullish,of 8 ratings,$25
CLMT,$24,1440451238459,"690,798",75% bullish,of 8 ratings,$31
ABCD,$4.67,1440451238492,"101,580",83% bullish,of 6 ratings,N/A
CALM,$47.5,1440451238563,"501,893",80% bullish,of 5 ratings,$65
CAMBW,$0.1499,1440451238595,"4,360",Not yet rated,NULL,N/A
CAMB,$10.0499,1440451238616,400,Not yet rated,NULL,N/A
CAMBU,NULL,1440451238645,0,100% bearish,of 1 rating,N/A
CAMT,$2.68,1440451238695,"108,721",73% bullish,of 11 ratings,$4
CAC,$39.9,1440451238779,"9,927",Not yet rated,NULL,N/A
CSIQ,$16.28,1440451238905,"2,838,213",86% bullish,of 28 ratings,$45
CPHC,$10.23,1440451238936,"4,511",100% bearish,of 1 rating,N/A
CGIX,$8.98,1440451239008,"38,903",67% bullish,of 3 ratings,$14.375
CBNJ,$10.7,1440451239049,"65,263",100% bullish,of 1 rating,N/A
CCBG,$14.52,1440451239142,"20,016",Not yet rated,NULL,$17.25
CPLA,$47.43,1440451239170,"57,153",67% bearish,of 3 ratings,$65
CBF,$28.29,1440451239191,"55,301",Not yet rated,NULL,$32
CPLP,$6.79,1440451239220,"645,272",71% bullish,of 7 ratings,$11
CSWC,$44.38,1440451239608,"42,354",Not yet rated,NULL,N/A
CARB,$11.02,1440451239650,"96,376",75% bullish,of 4 ratings,$12
CPTA,$13.33,1440451239672,"161,919",100% bearish,of 1 rating,$18.50
CAPNW,$0.65,1440451239702,900,Not yet rated,NULL,N/A
CFFN,$11.77,1440451239723,"741,101",Not yet rated,NULL,$12.75
CAPN,$1.82,1440451239763,"164,148",100% bullish,of 1 rating,$10.85
CAPR,$3.9742,1440451239785,"22,787",Not yet rated,NULL,$12
CARA,$18.96,1440451239806,"336,377",50% bullish,of 4 ratings,$25
CRDC,$0.38,1440451240135,"118,467",100% bullish,of 1 rating,$1.25
CBYL,$5.54,1440451240165,"51,807",100% bearish,of 1 rating,$20
CFNL,$21.53,1440451240204,"78,835",Not yet rated,NULL,$24
CPST,$0.37,1440451240234,"750,973",95% bullish,of 22 ratings,$1.25
CRME,$8.99,1440451240338,"30,716",89% bullish,of 9 ratings,$11.25
CSII,$23.46,1440451240411,"158,961",100% bearish,of 2 ratings,$42.125
CDNA,$6.2,1440451240471,"9,987",100% bearish,of 1 rating,$9
CATM,$33.76,1440451240615,"331,453",100% bearish,of 1 rating,$44
CLBH,$12.605,1440451240662,"1,056",Not yet rated,NULL,$16.50
CTRE,$11.65,1440451240807,"327,713",50% bullish,of 2 ratings,N/A
CECO,$3.53,1440451240837,"260,012",67% bearish,of 3 ratings,$6
CARO,$15,1440451240939,"6,865",100% bearish,of 1 rating,$19
CKEC,$21.98,1440451240986,"206,924",50% bullish,of 2 ratings,$35.915
TAST,$11.34,1440451241132,"178,438",Not yet rated,NULL,$14.25
CRZO,$28.335,1440451241166,"991,558",67% bearish,of 3 ratings,$57
CART,$5.3999,1440451241192,"4,660",100% bearish,of 1 rating,N/A
CARV,$5.8,1440451241264,"1,400",50% bullish,of 2 ratings,N/A
CRTN,$2.47,1440451241291,"3,050",100% bearish,of 1 rating,N/A
CASM,$1.1,1440451241371,"25,445",100% bullish,of 1 rating,$3.50
CACB,$5.25,1440451241424,"59,297",Not yet rated,NULL,$5.50
CSCD,$14.9,1440451241453,"57,236",100% bullish,of 2 ratings,$17
CWST,$6,1440451241554,"298,006",50% bullish,of 2 ratings,$7.25
CASY,$102.67,1440451241626,"256,961",50% bullish,of 2 ratings,$99.50
CASI,$1.4751,1440451241698,"17,479",100% bullish,of 1 rating,$3.50
CASS,$45.41,1440451241795,"18,198",100% bearish,of 1 rating,N/A
CATB,$10.89,1440451241899,"23,744",100% bearish,of 1 rating,$28
CPRX,$3.24,1440451241932,"734,213",71% bullish,of 7 ratings,$7
CATYW,$8.92,1440451242040,700,100% bearish,of 1 rating,N/A
CATY,$28.23,1440451242067,"618,422",100% bearish,of 1 rating,$33.50
CAVM,$62.91,1440451242130,"483,530",67% bearish,of 3 ratings,$72
CBFV,$20.28,1440451242158,"2,500",Not yet rated,NULL,N/A
CVCO,$71.52,1440451242197,"34,472",100% bearish,of 1 rating,N/A
CNLM,NULL,1440451242230,0,Not yet rated,NULL,N/A
CNLMR,NULL,1440451242327,0,Not yet rated,NULL,N/A
CNLMU,$10.37,1440451242464,200,100% bullish,of 1 rating,N/A
CNLMW,NULL,1440451242490,0,Not yet rated,NULL,N/A
CBOE,$60.39,1440451242632,"586,332",Not yet rated,NULL,$60
CDK,$46.61,1440451242657,"1,273,322",67% bearish,of 3 ratings,$50
CELG,$113.39,1440451242818,"6,319,541",92% bullish,of 13 ratings,$155.50
CECE,$9.23,1440451242861,"111,422",50% bullish,of 2 ratings,$16
CELGZ,$1.51,1440451242911,"22,257",80% bullish,of 5 ratings,N/A
CDW,$37.44,1440451242949,"942,975",75% bullish,of 4 ratings,$44
CLDN,$1.02,1440451242981,"191,429",71% bullish,of 7 ratings,$3
CPXX,$2.035,1440451243007,"307,196",100% bullish,of 2 ratings,$7
CLDX,$12.91,1440451243086,"1,430,625",89% bullish,of 9 ratings,$36
CLRB,$3.15,1440451243164,"7,340",100% bearish,of 1 rating,N/A
CLRBW,NULL,1440451243243,0,Not yet rated,NULL,N/A
CLLS,$27.84,1440451243296,"89,864",75% bullish,of 4 ratings,$51.50
CBMG,$21.64,1440451243379,"92,897",50% bullish,of 2 ratings,N/A
CLSN,$1.8717,1440451243471,"127,999",80% bullish,of 10 ratings,$7.50
CLTX,$2.75,1440451243682,"1,022,436",100% bullish,of 2 ratings,N/A
CSFL,$13.64,1440451243712,"175,309",Not yet rated,NULL,$15
CETX,$2.2299,1440451243744,"9,132",Not yet rated,NULL,$5.60
CEMP,$33.37,1440451243765,"580,860",71% bullish,of 7 ratings,$52
CYAD,$47.5597,1440451243800,"1,950",100% bullish,of 1 rating,$87.50
CENTA,$12.32,1440451243854,"175,617",Not yet rated,NULL,N/A
CFBK,$1.37,1440451243896,"5,501",Not yet rated,NULL,N/A
CETV,$1.9,1440451243928,"139,834",67% bullish,of 3 ratings,$2.80
CENT,$11.46,1440451244064,"192,431",Not yet rated,NULL,$10
CVCY,$11.05,1440451244166,375,Not yet rated,NULL,$12
CENX,$4.6,1440451244213,"1,507,776",67% bullish,of 6 ratings,$9
CRNT,$1.28,1440451244819,"356,178",50% bullish,of 2 ratings,$2
CPHD,$47.19,1440451244851,"650,610",50% bullish,of 2 ratings,$66.50
CNBKA,$38.61,1440451244948,"5,128",50% bullish,of 2 ratings,N/A
KOOL,$0.64,1440451245000,"91,976",100% bullish,of 5 ratings,$7
CNTY,$5.77,1440451245029,"26,014",80% bullish,of 5 ratings,$7.75
CERN,$60.7,1440451245058,"2,975,520",67% bullish,of 3 ratings,$79
CERE,$1.04,1440451245085,"296,958",88% bullish,of 8 ratings,N/A
CERS,$4.45,1440451245139,"558,537",75% bullish,of 4 ratings,$7
CERU,$3.3601,1440451245278,"68,469",75% bullish,of 4 ratings,$15
CEVA,$17.61,1440451245410,"76,271",100% bearish,of 1 rating,$25
HOTR,$1.38,1440451245436,"139,857",100% bullish,of 2 ratings,$5
HOTRW,NULL,1440451245461,0,Not yet rated,NULL,N/A
CYOU,$19.34,1440451245498,"265,834",50% bullish,of 6 ratings,$24
CTHR,$1.3,1440451245631,"56,268",50% bullish,of 2 ratings,$2.50
CHFN,$12.33,1440451245956,"17,810",Not yet rated,NULL,$14
CHKP,$74.82,1440451246091,"1,344,587",50% bullish,of 4 ratings,$92
GTLS,$21.84,1440451246123,"283,897",50% bullish,of 4 ratings,$40
CHTR,$172.04,1440451246156,"1,368,371",100% bearish,of 2 ratings,$196
CHFC,$30.42,1440451246229,"43,847",100% bearish,of 1 rating,$36
CHEK,$3.01,1440451246263,"3,108",Not yet rated,NULL,$7.75
CHEKW,$1.0687,1440451246291,500,Not yet rated,NULL,N/A
CEMI,$3.89,1440451246312,"25,374",50% bullish,of 2 ratings,$7.50
CCXI,$6.47,1440451246444,"90,335",67% bullish,of 3 ratings,$14
CHMG,$26.59,1440451246619,560,Not yet rated,NULL,$30
CHKE,$25.195,1440451246688,"28,157",100% bearish,of 1 rating,$32.50
CHEV,$14.3501,1440451246757,"7,487",Not yet rated,NULL,N/A
CBNK,$16.5,1440451246825,"1,434",100% bearish,of 1 rating,N/A
CHMA,$24,1440451246851,"125,345",Not yet rated,NULL,$40
PLCE,$57.2,1440451246915,"439,425",100% bearish,of 1 rating,$71
CMRX,$45.34,1440451246989,"251,052",50% bullish,of 2 ratings,$57
CAAS,$5.78,1440451247136,"50,555",93% bullish,of 14 ratings,$11.50
CALI,$0.82,1440451247170,"10,726",67% bullish,of 3 ratings,N/A
CBAK,$1.59,1440451247198,"64,815",67% bullish,of 9 ratings,N/A
CADC,$3.11,1440451247219,"6,345",78% bullish,of 9 ratings,N/A
CBPO,$89.03,1440451247267,"414,508",75% bullish,of 8 ratings,$140.50
CCCR,$0.8,1440451247352,"1,500",67% bearish,of 3 ratings,N/A
CCCL,$0.7614,1440451247380,"10,154",100% bullish,of 6 ratings,N/A
JRJC,$2.98,1440451247407,"419,177",82% bullish,of 11 ratings,N/A
CHOP,$1.15,1440451247695,"43,526",50% bullish,of 2 ratings,N/A
CNIT,$1.29,1440451247865,"219,175",67% bullish,of 6 ratings,N/A
CSUN,$1.2942,1440451247891,"43,794",80% bullish,of 5 ratings,N/A
CHLN,$1.7001,1440451247922,"8,033",67% bullish,of 3 ratings,N/A
HGSH,$1.7,1440451247950,"16,528",67% bullish,of 3 ratings,N/A
CJJD,$1.83,1440451247982,"59,156",100% bullish,of 1 rating,N/A
HTHT,$23.77,1440451248022,"94,493",50% bullish,of 2 ratings,$28.40
CHNR,$1.665,1440451248050,"7,883",100% bearish,of 1 rating,N/A
CPGI,$6.9,1440451248512,"3,572",Not yet rated,NULL,N/A
CREG,$0.65,1440451248642,"44,639",100% bullish,of 3 ratings,N/A
CNYD,$3,1440451248775,"11,368",67% bullish,of 3 ratings,N/A
CNTF,$0.825,1440451248801,"216,557",Not yet rated,NULL,N/A
CXDC,$6,1440451248832,"146,421",67% bullish,of 3 ratings,N/A
CCIH,$5.88,1440451248857,"466,109",67% bullish,of 6 ratings,$12.65
CNET,$0.788,1440451248936,"82,457",50% bullish,of 2 ratings,N/A
IMOS,$16.05,1440451249183,"190,258",60% bullish,of 5 ratings,$21.50
CHSCN,$26.18,1440451249214,"14,084",Not yet rated,NULL,N/A
CHSCL,$26.73,1440451249318,"49,350",Not yet rated,NULL,N/A
CHSCO,$27.88,1440451249388,"15,814",Not yet rated,NULL,N/A
CHSCM,$25.44,1440451249423,"66,932",Not yet rated,NULL,N/A
CHDN,$130.08,1440451249444,"47,265",Not yet rated,NULL,$165
CHSCP,$30.01,1440451249476,"9,033",Not yet rated,NULL,N/A
CHUY,$30.49,1440451249518,"216,351",50% bullish,of 2 ratings,$34
CDTX,$13.93,1440451249712,"19,543",Not yet rated,NULL,$22
CMCT,$15.35,1440451249866,"2,116",100% bearish,of 1 rating,N/A
CMPR,$66.69,1440451249994,"511,902",50% bullish,of 2 ratings,$72.50
CIFC,$6.62,1440451250021,"6,022",100% bearish,of 1 rating,N/A
CTAS,$81.61,1440451250042,"468,563",100% bearish,of 1 rating,$91
CRUS,$27.315,1440451250080,"1,171,951",75% bullish,of 12 ratings,$44.50
CINF,$51.4,1440451250101,"773,535",50% bullish,of 4 ratings,$50.50
CPHR,$5.75,1440451250122,"18,045",100% bearish,of 1 rating,$17
CIDM,$0.595,1440451250174,"106,877",50% bullish,of 2 ratings,$2.10
CSCO,$25.19,1440451250259,"32,396,053",84% bullish,of 208 ratings,$32
CZWI,$9,1440451250455,"11,000",Not yet rated,NULL,N/A
CTRN,$26.62,1440451250480,"124,348",100% bearish,of 1 rating,$31.50
CZNC,$19.55,1440451250506,"10,037",Not yet rated,NULL,N/A
CZFC,NULL,1440451250533,0,Not yet rated,NULL,N/A
CIZN,$19.01,1440451250558,"1,873",Not yet rated,NULL,N/A
CTXS,$67.04,1440451250934,"2,121,284",86% bullish,of 7 ratings,$80
CIVB,$10.066,1440451251484,700,Not yet rated,NULL,$11
CDTI,$1.49,1440451251509,"146,035",75% bullish,of 4 ratings,$3.20
CLNE,$4.01,1440451251561,"1,225,662",80% bullish,of 15 ratings,$9
CIVBP,$32.84,1440451251641,"1,300",Not yet rated,NULL,N/A
CLNT,$1.51,1440451251759,"5,425",75% bullish,of 8 ratings,N/A
CHCO,$45.7,1440451251787,"37,734",Not yet rated,NULL,$46
CLRO,$11.52,1440451251813,"13,502",50% bullish,of 2 ratings,$14.25
CLFD,$16.67,1440451251838,"53,902",67% bullish,of 3 ratings,$18
CBLI,$3.53,1440451251982,"63,533",60% bullish,of 5 ratings,N/A
CLIR,$4.56,1440451252009,"89,227",100% bullish,of 3 ratings,N/A
CSBK,$13.45,1440451252255,"78,358",Not yet rated,NULL,N/A
CME,$88.75,1440451252281,"2,013,825",67% bullish,of 3 ratings,$102
CMFN,$11.77,1440451252316,"36,021",100% bearish,of 1 rating,$15.50
CLVS,$67.34,1440451252345,"443,732",60% bullish,of 5 ratings,$101.50
CNV,$4.35,1440451252412,"62,662",50% bullish,of 2 ratings,$7.15
CCNE,$16.56,1440451252443,"18,505",50% bullish,of 2 ratings,$21.50
CISG,$7,1440451252468,"187,923",100% bullish,of 5 ratings,$10
CWAY,$11.21,1440451252602,"3,154",Not yet rated,NULL,N/A
COKE,$155.47,1440451252737,"59,580",79% bullish,of 19 ratings,N/A
COBZ,$12.61,1440451252766,"83,881",100% bullish,of 1 rating,$14
CDRB,$10.3,1440451252897,"26,278",67% bullish,of 3 ratings,N/A
CVLY,$20.56,1440451252981,"11,348",Not yet rated,NULL,N/A
CDXS,$3.67,1440451253028,"59,789",64% bullish,of 11 ratings,$6
CCOI,$27.61,1440451253082,"433,456",50% bullish,of 4 ratings,$35
JVA,$4.49,1440451253156,"37,659",83% bullish,of 6 ratings,$7
CGNX,$34.545,1440451253311,"776,961",50% bullish,of 2 ratings,$47
CTSH,$59.88,1440451253337,"3,625,006",90% bullish,of 10 ratings,$75
CGNT,$1.53,1440451253396,"212,392",100% bullish,of 2 ratings,$2
COHU,$9.44,1440451253467,"130,621",100% bearish,of 1 rating,$14.25
CHRS,$27.99,1440451253495,"105,435",67% bearish,of 3 ratings,$37
COHR,$55.83,1440451253536,"93,743",50% bullish,of 2 ratings,$72
CLRX,$0.58,1440451253719,"311,003",50% bullish,of 2 ratings,N/A
COLL,$14.43,1440451253747,"68,630",100% bearish,of 1 rating,$26
CLCT,$17.87,1440451253775,"49,519",100% bearish,of 1 rating,N/A
CBAN,$8.76,1440451253910,"4,173",Not yet rated,NULL,N/A
CIGI,$41.77,1440451253936,"11,742",100% bearish,of 1 rating,$52
CLCD,$6.85,1440451254069,"48,296",100% bearish,of 1 rating,$20.50
COLM,$58.37,1440451254128,"145,915",100% bearish,of 1 rating,$71
COLB,$29.33,1440451254222,"260,460",Not yet rated,NULL,$36
CBMX,$1.11,1440451254255,"74,755",83% bullish,of 6 ratings,$3.15
CMCO,$18.55,1440451254356,"64,696",60% bullish,of 5 ratings,$28
CBSH,$43.545,1440451254404,"497,827",50% bullish,of 2 ratings,$46
CMCSK,$55.32,1440451254501,"3,692,460",Not yet rated,NULL,$84
CMCSA,$54.4,1440451254635,"12,434,133",66% bullish,of 35 ratings,$69.50
CUBN,$13.55,1440451254683,"12,687",Not yet rated,NULL,N/A
CBSHP,$25.04,1440451254709,"10,681",100% bearish,of 1 rating,N/A
CVGI,$4.54,1440451255076,"43,307",50% bullish,of 2 ratings,$6
COMM,$27.66,1440451255205,"1,350,830",67% bearish,of 3 ratings,$35
JCS,$8.51,1440451255290,"15,954",67% bullish,of 3 ratings,N/A
CTBI,$34.155,1440451255316,"58,841",Not yet rated,NULL,$36
ESXB,$5.05,1440451255340,"11,150",Not yet rated,NULL,N/A
CSAL,$19.76,1440451255365,"655,741",75% bullish,of 4 ratings,$30
CYHHZ,$0.01,1440451255393,"230,689",100% bullish,of 1 rating,N/A
CVLT,$35.11,1440451255615,"485,104",75% bullish,of 4 ratings,$44.50
CWBC,NULL,1440451255750,0,Not yet rated,NULL,N/A
CIL,$33.0699,1440451255818,100,Not yet rated,NULL,N/A
COB,$10.24,1440451255851,"7,714",100% bullish,of 1 rating,$11.75
CID,$33.1399,1440451255990,150,Not yet rated,NULL,N/A
CIZ,$32.193,1440451256021,"5,946",100% bearish,of 1 rating,N/A
CSF,$35.5601,1440451256047,"4,475",100% bearish,of 1 rating,N/A
CSA,$31.94,1440451256072,"1,900",Not yet rated,NULL,N/A
CDC,$33.98,1440451256129,"16,602",Not yet rated,NULL,N/A
CFO,$34.52,1440451256456,"39,770",100% bearish,of 1 rating,N/A
CFA,$34.23,1440451256483,"4,881",100% bearish,of 1 rating,N/A
CSB,NULL,1440451256513,0,Not yet rated,NULL,N/A
CDL,$32.55,1440451256539,300,Not yet rated,NULL,N/A
CPSI,$44.74,1440451256619,"86,493",100% bearish,of 1 rating,$45.50
CTG,$6.6,1440451256674,"34,036",100% bearish,of 1 rating,$8.50
CGEN,$4.76,1440451256703,"282,316",50% bullish,of 2 ratings,$11
SCOR,$53.105,1440451256729,"290,175",100% bearish,of 1 rating,$66
CHCI,$0.5899,1440451256899,"14,965",50% bullish,of 2 ratings,N/A
CMTL,$26.08,1440451256968,"44,643",100% bearish,of 2 ratings,$37
CNSI,$18.15,1440451257069,"93,347",100% bearish,of 2 ratings,$29
CNCE,$14.9,1440451257098,"130,439",75% bullish,of 4 ratings,$22
CNAT,$3.55,1440451257198,"236,223",83% bullish,of 6 ratings,$13
CXRX,$69.33,1440451257263,"5,930",100% bearish,of 1 rating,$90
CDOR,$1.28,1440451257334,"19,623",100% bullish,of 1 rating,N/A
CCUR,$5.12,1440451257365,"33,780",75% bullish,of 4 ratings,N/A
CDORO,$16.2,1440451257431,"1,624",100% bearish,of 1 rating,N/A
CFMS,$19.605,1440451257501,"244,481",Not yet rated,NULL,$27
CNFR,$10.24,1440451257527,"21,834",Not yet rated,NULL,N/A
CDORP,$6.6,1440451257558,"1,443",100% bearish,of 1 rating,N/A
CNMD,$51.95,1440451257761,"303,059",Not yet rated,NULL,$59
CTWS,$34.51,1440451257887,"17,608",100% bearish,of 1 rating,$44
CNOB,$18.84,1440451257992,"59,122",100% bullish,of 1 rating,$23.50
CNXR,$6.62,1440451258017,"62,616",100% bearish,of 1 rating,$12
CONN,$29.76,1440451258048,"487,286",67% bullish,of 3 ratings,$48.50
CNSL,$19.25,1440451258148,"247,252",100% bearish,of 1 rating,$23
CWCO,$10.14,1440451258411,"93,853",67% bullish,of 3 ratings,$14.50
CFRXW,$1.7,1440451258731,"3,109",100% bearish,of 1 rating,N/A
CTRV,$3.86,1440451258763,"24,667",Not yet rated,NULL,$6.40
CPSS,$5.58,1440451258785,"54,265",100% bullish,of 1 rating,$10
CTCT,$23.84,1440451258824,"315,427",67% bullish,of 3 ratings,$37
CFRX,$5.03,1440451258847,"36,853",Not yet rated,NULL,$14
CTRL,$7.82,1440451258877,"117,973",50% bullish,of 2 ratings,$11
CFRXZ,$0.53,1440451258910,"10,025",Not yet rated,NULL,N/A
CPRT,$33.49,1440451258977,"204,724",67% bearish,of 3 ratings,$40
CRBP,$1.93,1440451259178,"515,970",100% bullish,of 2 ratings,$6.25
CORT,$4.45,1440451259324,"276,240",67% bullish,of 3 ratings,$12
CORE,$59.76,1440451259456,"110,911",100% bearish,of 1 rating,$72
CORI,$9.71,1440451259486,"57,673",100% bearish,of 1 rating,$18
BVA,$3.5101,1440451259508,"1,100",50% bullish,of 2 ratings,N/A
CRVL,$31.29,1440451259591,"32,224",100% bearish,of 1 rating,N/A
COSI,$1.0808,1440451259646,"94,539",100% bullish,of 1 rating,N/A
CSOD,$35,1440451259672,"549,878",50% bullish,of 2 ratings,$42
CSGP,$170.16,1440451259723,"226,790",50% bullish,of 2 ratings,$235
COST,$132.89,1440451259840,"2,651,530",79% bullish,of 24 ratings,$154.50
CPAH,$0.4899,1440451259941,"9,000",50% bullish,of 2 ratings,N/A
ICBK,$18,1440451260017,"1,100",Not yet rated,NULL,$21
COVS,$2.59,1440451260104,"182,837",67% bullish,of 3 ratings,N/A
COWN,$5.1,1440451260130,"894,025",75% bullish,of 4 ratings,$7
CVTI,$21.545,1440451260151,"109,377",67% bearish,of 3 ratings,$39
COWNL,$27.15,1440451260355,"4,148",Not yet rated,NULL,N/A
CRAI,$21.59,1440451260698,"25,499",100% bearish,of 1 rating,$36
CBRL,$139.18,1440451260775,"230,745",50% bullish,of 2 ratings,$155
CPSH,$2.15,1440451260828,"1,070",Not yet rated,NULL,N/A
GLDI,$11.06,1440451260861,"32,236",100% bearish,of 1 rating,N/A
CRAY,$19.7,1440451260905,"250,507",83% bullish,of 6 ratings,$38.50
BREW,$7.2,1440451260931,"53,214",67% bullish,of 6 ratings,$15
CACC,$189.22,1440451260990,"121,353",50% bullish,of 2 ratings,$158.50
SLVO,$10.1005,1440451261135,"30,577",100% bearish,of 1 rating,N/A
CREE,$26.33,1440451261164,"1,677,226",65% bullish,of 17 ratings,$29.50
CRESY,$9.5,1440451261343,"62,895",100% bearish,of 1 rating,$19
CROX,$13.36,1440451261365,"1,454,172",63% bullish,of 8 ratings,$16.50
CRTO,$41.94,1440451261447,"511,852",67% bullish,of 6 ratings,$64
CRDS,$1.01,1440451261500,"25,731",50% bullish,of 4 ratings,$4.50
CCRN,$13.31,1440451261527,"222,868",100% bearish,of 1 rating,$14.25
CYRX,$2.75,1440451261662,"24,850",Not yet rated,NULL,$9
CSGS,$30.5,1440451261792,"157,650",Not yet rated,NULL,$40
CYRXW,$0.81,1440451261825,"11,500",Not yet rated,NULL,N/A
CCLP,$13.29,1440451261886,"140,199",67% bearish,of 3 ratings,$21
CRWS,$7.9478,1440451261924,"7,283",Not yet rated,NULL,$10
CRWN,$4.51,1440451261952,"101,569",75% bullish,of 4 ratings,N/A
CSPI,$5.86,1440451262014,"11,150",67% bullish,of 3 ratings,N/A
CTCM,$1.72,1440451262039,"203,815",80% bearish,of 5 ratings,$3.90
CTIC,$1.6,1440451262094,"948,360",84% bullish,of 76 ratings,$5.75
CTRP,$60.13,1440451262359,"2,179,146",75% bullish,of 8 ratings,$92
CTIB,$3.557,1440451262424,"4,775",100% bearish,of 1 rating,N/A
CUNB,$21.08,1440451262607,"12,179",Not yet rated,NULL,$24.50
CMLS,$1.26,1440451262635,"621,715",50% bullish,of 4 ratings,$6
CPIX,$5.81,1440451262657,"6,433",Not yet rated,NULL,N/A
CUI,$4.87,1440451262696,"43,496",50% bullish,of 2 ratings,$10
CVBF,$15.715,1440451262791,"310,187",Not yet rated,NULL,$18
CRIS,$2.33,1440451262819,"436,873",100% bullish,of 8 ratings,$6
CUTR,$13.5,1440451262860,"289,084",67% bearish,of 3 ratings,$18
CVV,$11,1440451263137,"26,491",100% bullish,of 5 ratings,N/A
CYBX,$64.29,1440451263163,"314,023",50% bullish,of 4 ratings,$71.50
CYAN,$6.9265,1440451263185,"3,553",100% bearish,of 1 rating,N/A
CYBR,$48.5,1440451263214,"2,261,799",86% bullish,of 7 ratings,$66
CYBE,$5.865,1440451263358,"16,045",100% bearish,of 1 rating,N/A
CYCCP,NULL,1440451263386,0,100% bearish,of 1 rating,N/A
CYCC,$0.53,1440451263466,"59,039",73% bullish,of 11 ratings,N/A
CYNA,$15.89,1440451263919,"49,964",100% bullish,of 1 rating,$31.50
CYNO,$30.8,1440451264150,"159,348",67% bearish,of 3 ratings,$45.50
CONE,$31.25,1440451264178,"281,402",67% bearish,of 3 ratings,$35
CYRN,$1.57,1440451264520,"140,162",67% bullish,of 3 ratings,$4
CBAY,$2.55,1440451264565,"57,149",100% bullish,of 1 rating,$4
CY,$9.21,1440451265013,"6,328,903",80% bullish,of 10 ratings,$15.50
CYTK,$6.36,1440451265067,"212,680",71% bullish,of 14 ratings,$13.50
CYTR,$2.04,1440451265147,"767,445",67% bullish,of 6 ratings,$10
DAEG,$0.27,1440451265177,"6,148",100% bearish,of 1 rating,N/A
CTSO,$6.47,1440451265226,"161,828",Not yet rated,NULL,$15.625
TVIZ,$17.18,1440451265251,"24,680",100% bearish,of 1 rating,N/A
CYTX,$0.3462,1440451265281,"1,158,918",83% bullish,of 12 ratings,$5.50
TVIX,$12.51,1440451265309,"27,536,635",81% bullish,of 16 ratings,N/A
ZIV,$42.71,1440451265782,"252,310",Not yet rated,NULL,N/A
XIV,$29.5,1440451265809,"36,195,944",75% bearish,of 4 ratings,N/A
DJCO,$191,1440451265855,"1,167",Not yet rated,NULL,N/A
DAIO,$2.66,1440451265881,"20,651",Not yet rated,NULL,N/A
DARA,$0.8515,1440451265961,"90,761",83% bullish,of 6 ratings,$1.50
DAKT,$11.085,1440451266028,"165,161",50% bullish,of 2 ratings,$14
DWCH,$4.84,1440451266060,"76,813",75% bullish,of 4 ratings,$8.25
DTLK,$5.42,1440451266211,"60,168",100% bearish,of 1 rating,$9
PLAY,$32.67,1440451266282,"114,193",100% bullish,of 5 ratings,$42
DRAM,$1.2699,1440451266800,"8,281",78% bullish,of 9 ratings,N/A
DWSN,$4.21,1440451266931,"49,646",67% bullish,of 3 ratings,$6
DTEA,$13.11,1440451267100,"142,045",100% bearish,of 2 ratings,$24
DHRM,$1.571,1440451267556,"14,593",Not yet rated,NULL,N/A
DBVT,$36.5,1440451267747,"98,720",100% bearish,of 1 rating,$53
TRAK,$62.76,1440451267829,"457,913",50% bullish,of 2 ratings,$62.50
DFRG,$14.3,1440451268227,"195,292",100% bearish,of 1 rating,$20
TACO,$12.45,1440451271553,"203,623",75% bullish,of 4 ratings,$20
TACOW,$4,1440451272210,"44,913",100% bullish,of 1 rating,N/A
DCTH,$0.4351,1440451272608,"133,185",78% bullish,of 9 ratings,N/A
DGAS,$20.16,1440451272645,"6,036",67% bearish,of 3 ratings,N/A
DELT,$2.6,1440451272786,"1,385",Not yet rated,NULL,N/A
XRAY,$51.51,1440451273291,"571,594",100% bullish,of 1 rating,$58
DELTW,$0.1708,1440451273771,600,Not yet rated,NULL,N/A
DENN,$11.13,1440451273799,"639,703",100% bullish,of 3 ratings,$15
DEPO,$27.5,1440451273934,"1,200,825",60% bullish,of 5 ratings,$29
DSCI,$6,1440451274322,"101,672",50% bullish,of 2 ratings,$16
DXCM,$85.56,1440451274912,"1,043,223",57% bullish,of 7 ratings,$98
DERM,$23.115,1440451274938,"137,466",100% bearish,of 1 rating,$33.50
DEST,$11.3,1440451274963,"31,659",50% bullish,of 2 ratings,N/A
DXLG,$4.34,1440451274991,"82,169",100% bearish,of 1 rating,$8
DSWL,$1.79,1440451275017,"21,640",100% bullish,of 1 rating,N/A
DXM,$0.2952,1440451275039,"156,684",50% bullish,of 2 ratings,N/A
DHXM,NULL,1440451275232,0,Not yet rated,NULL,N/A
DMND,$29.07,1440451275367,"171,585",75% bullish,of 12 ratings,$32
DRNA,$10.64,1440451275392,"101,987",67% bearish,of 3 ratings,$25
DHIL,$187.98,1440451275538,"2,910",Not yet rated,NULL,N/A
DGII,$9.5,1440451275564,"49,685",100% bearish,of 1 rating,$10
DCIX,$1.63,1440451275644,"60,241",50% bullish,of 4 ratings,$3.50
FANG,$61.755,1440451275699,"1,074,369",50% bullish,of 2 ratings,$86
DMRC,$35.09,1440451275837,"103,168",100% bearish,of 1 rating,$44
DRAD,$3.6,1440451276114,"57,704",100% bullish,of 1 rating,$5.25
DGLY,$6.04,1440451276700,"287,523",50% bullish,of 6 ratings,$20
DCOM,$16.16,1440451276938,"78,332",100% bearish,of 2 ratings,$16.50
DISCB,$26.08,1440451276965,298,100% bearish,of 1 rating,$35
DISCA,$26.07,1440451276986,"2,765,995",67% bullish,of 3 ratings,$34
DPRX,$12.23,1440451277018,"17,555",100% bullish,of 2 ratings,$27.75
DIOD,$18.91,1440451277040,"191,875",75% bearish,of 4 ratings,$24
DISCK,$24.88,1440451277061,"3,611,163",100% bearish,of 1 rating,$32
APPS,$2.25,1440451277096,"140,851",100% bearish,of 1 rating,$10.25
DISH,$58.27,1440451277375,"1,696,097",69% bullish,of 13 ratings,$73
DSCO,$0.371,1440451277465,"217,088",83% bullish,of 6 ratings,$2.75
BAGR,$2.75,1440451277570,"37,362",100% bearish,of 1 rating,$6
DNBF,$26.45,1440451277636,"13,530",Not yet rated,NULL,$27.50
DLHC,$2.3599,1440451277666,"11,831",100% bearish,of 1 rating,N/A
DLTR,$73.725,1440451277698,"1,969,606",82% bullish,of 11 ratings,$88
DGICA,$14.17,1440451277769,"13,825",100% bearish,of 1 rating,$17
DVCR,$10.16,1440451277793,"18,425",100% bullish,of 1 rating,N/A
DMLP,$13.1,1440451278392,"78,892",100% bearish,of 1 rating,N/A
DORM,$48.62,1440451278584,"252,915",100% bearish,of 1 rating,$56
HILL,$9.65,1440451278615,"3,326,259",60% bearish,of 5 ratings,$9.75
DGICB,NULL,1440451278645,0,100% bearish,of 1 rating,N/A
DRWI,$0.2431,1440451278750,"131,125",60% bullish,of 5 ratings,$.45
DWA,$19.11,1440451278775,"852,928",63% bullish,of 8 ratings,$26
DRWIW,NULL,1440451278822,0,Not yet rated,NULL,N/A
DSKX,$3.03,1440451280250,"163,496",100% bullish,of 1 rating,N/A
DRYS,$0.3329,1440451280324,"4,141,073",77% bullish,of 31 ratings,$.60
DSPG,$8.21,1440451280408,"53,699",100% bearish,of 1 rating,$13.50
CADTR,$0.2,1440451280452,"24,465",Not yet rated,NULL,N/A
CADT,$10.02,1440451280624,300,Not yet rated,NULL,N/A
CADTU,NULL,1440451280936,0,Not yet rated,NULL,N/A
CADTW,NULL,1440451280992,0,Not yet rated,NULL,N/A
DTSI,$25.07,1440451281596,"77,296",100% bearish,of 2 ratings,$39.50
DNKN,$49.59,1440451282026,"2,339,277",67% bullish,of 15 ratings,$56.50
DXPE,$27.85,1440451282056,"124,138",50% bullish,of 2 ratings,N/A
BOOM,$9.68,1440451282159,"54,171",67% bullish,of 3 ratings,$12
DYSL,$1.43,1440451282202,"35,494",100% bullish,of 2 ratings,N/A
DRRX,$1.93,1440451282285,"283,994",50% bullish,of 6 ratings,$3
DYAX,$21.22,1440451282386,"714,911",89% bullish,of 9 ratings,$30
DYNT,$2.85,1440451282412,"11,228",75% bullish,of 4 ratings,N/A
DVAX,$25.48,1440451282544,"279,099",70% bullish,of 10 ratings,$40
EBMT,$11.4011,1440451282686,"41,237",Not yet rated,NULL,$13.50
EGBN,$40.97,1440451282819,"96,433",Not yet rated,NULL,$48
ETFC,$24.15,1440451282845,"2,904,424",57% bullish,of 14 ratings,$33
EGLE,$5.87,1440451282976,"23,845",60% bullish,of 5 ratings,N/A
EGRX,$65,1440451283106,"293,483",67% bullish,of 3 ratings,$97
EROC,$1.12,1440451283131,"438,708",50% bullish,of 2 ratings,$3
ELNK,$7.87,1440451283201,"575,656",60% bullish,of 5 ratings,$9.50
EACQU,$10.1999,1440451284288,956,Not yet rated,NULL,N/A
EML,$16.45,1440451284354,"30,635",Not yet rated,NULL,N/A
EWBC,$38.45,1440451284379,"1,839,648",100% bearish,of 1 rating,$50
EBAY,$24.95,1440451284565,"11,157,911",81% bullish,of 117 ratings,$48
ELON,$0.535,1440451284621,"62,072",50% bullish,of 2 ratings,N/A
ECHO,$23.74,1440451284932,"445,245",67% bearish,of 3 ratings,$35.50
EVBS,$6.42,1440451285232,"6,562",Not yet rated,NULL,$7
EBIX,$26.01,1440451285381,"724,626",69% bullish,of 13 ratings,$40
ECTE,$1.39,1440451285457,"20,994",75% bullish,of 4 ratings,N/A
SATS,$42,1440451285482,"146,889",50% bullish,of 2 ratings,$60
EEI,$10.78,1440451285542,"2,041",67% bearish,of 3 ratings,N/A
ECACU,$10.048,1440451285821,"22,600",Not yet rated,NULL,N/A
ESES,$3.06,1440451285866,"4,949",100% bearish,of 1 rating,$7
EDUC,$4.7575,1440451287242,"2,270",100% bearish,of 1 rating,N/A
EDGW,$6.63,1440451287344,"104,984",100% bearish,of 1 rating,N/A
EDAP,$3.04,1440451287392,"64,134",60% bullish,of 5 ratings,$4.50
LOCO,$11.39,1440451287618,"1,191,605",69% bullish,of 13 ratings,$20
EGAN,$3.28,1440451287644,"15,692",50% bullish,of 2 ratings,$6.25
EGLT,$10.33,1440451287665,"52,168",50% bullish,of 2 ratings,$21
EFUT,$4.07,1440451287697,"5,346",Not yet rated,NULL,N/A
EHTH,$13.22,1440451287718,"110,842",50% bullish,of 4 ratings,$16.50
EMITF,$1.18,1440451288476,"42,844",75% bullish,of 4 ratings,N/A
EA,$63.68,1440451288502,"3,561,241",77% bullish,of 35 ratings,$80
ESLT,$74,1440451288539,"23,937",67% bullish,of 3 ratings,N/A
ELSE,$3.63,1440451288567,400,60% bullish,of 5 ratings,N/A
ESIO,$4.36,1440451288593,"74,133",50% bullish,of 2 ratings,$10
ERI,$9.1,1440451288614,"57,562",100% bearish,of 1 rating,$10
EFII,$42.485,1440451288700,"318,070",80% bullish,of 5 ratings,$55
ELRC,$10.255,1440451288950,"47,308",100% bearish,of 1 rating,N/A
ELEC,NULL,1440451289232,0,Not yet rated,NULL,N/A
RDEN,$10.06,1440451289261,"95,745",100% bearish,of 4 ratings,$15
ELECW,NULL,1440451289282,0,Not yet rated,NULL,N/A
ELECU,$10,1440451289304,"10,499",Not yet rated,NULL,N/A
EBIO,$3.36,1440451289341,"268,276",100% bearish,of 2 ratings,$8.35
LONG,$16.85,1440451289363,"61,690",67% bullish,of 3 ratings,$15.75
CAPX,$22.0099,1440451289437,"2,600",Not yet rated,NULL,N/A
EMCI,$22.24,1440451289514,"17,490",Not yet rated,NULL,N/A
ELTK,$1.0699,1440451290273,"9,291",67% bearish,of 3 ratings,N/A
EMKR,$6.88,1440451290303,"118,718",75% bullish,of 4 ratings,$8.50
ESBK,NULL,1440451290324,0,Not yet rated,NULL,N/A
EMCF,NULL,1440451290354,0,100% bearish,of 1 rating,N/A
EMMS,$1.18,1440451290404,"195,148",67% bullish,of 6 ratings,N/A
EMMSP,NULL,1440451290535,0,100% bearish,of 1 rating,N/A
NYNY,$4.1,1440451290562,"81,517",50% bullish,of 2 ratings,N/A
ERS,$2.8197,1440451290692,"4,002",Not yet rated,NULL,N/A
ENDP,$73.46,1440451290886,"2,153,223",50% bullish,of 6 ratings,$104
ECPG,$38.69,1440451290962,"140,421",100% bullish,of 2 ratings,$52
WIRE,$31.7,1440451290992,"135,694",100% bearish,of 1 rating,$37
ECYT,$5.03,1440451291018,"232,523",83% bullish,of 6 ratings,$12
ENTA,$38.92,1440451291048,"253,147",50% bullish,of 2 ratings,$42
ELGX,$12.385,1440451291085,"584,476",75% bullish,of 4 ratings,$17
WATT,$6.13,1440451291111,"223,424",50% bullish,of 2 ratings,$13
EIGI,$14.86,1440451291151,"691,549",67% bearish,of 3 ratings,$22.50
EFOI,$15.89,1440451291653,"356,104",50% bullish,of 2 ratings,$20.50
EXXI,$1.285,1440451291702,"2,098,098",86% bullish,of 7 ratings,$3.50
ERII,$2.91,1440451291746,"88,189",80% bullish,of 5 ratings,$2.50
ESGR,$148.07,1440451291771,"39,157",100% bearish,of 1 rating,$185
ENPH,$4.87,1440451291834,"1,065,300",75% bullish,of 4 ratings,$11
ENG,$0.99,1440451291939,"38,350",100% bullish,of 3 ratings,N/A
ENFC,$18.19,1440451291964,"5,525",Not yet rated,NULL,N/A
EGT,$2.04,1440451292144,405,100% bullish,of 1 rating,N/A
ENTG,$13.245,1440451292191,"560,734",100% bearish,of 1 rating,$18
ETRM,$0.2331,1440451292217,"924,376",69% bearish,of 35 ratings,$1.625
EFSC,$23.61,1440451292275,"41,656",Not yet rated,NULL,$27
EBTC,$20.4,1440451292478,"6,342",Not yet rated,NULL,N/A
ENVI,$1.74,1440451292504,"32,854",67% bullish,of 3 ratings,N/A
ENTL,$20.91,1440451292576,"16,464",Not yet rated,NULL,$28
ENOC,$8.36,1440451292727,"298,596",75% bullish,of 4 ratings,$18
ENZN,$0.9202,1440451292863,"1,031,662",100% bullish,of 9 ratings,N/A
ENZY,$9.19,1440451292890,"15,642",67% bullish,of 3 ratings,$9.50
EPRS,$4.76,1440451292917,"72,645",82% bullish,of 11 ratings,$15
EPIQ,$13.24,1440451292942,"86,512",100% bearish,of 1 rating,$18
EPZM,$17.5,1440451292973,"553,149",60% bullish,of 5 ratings,$34
EQFN,$8.2,1440451293020,100,100% bearish,of 1 rating,N/A
PLUS,$74.55,1440451293152,"72,513",50% bullish,of 2 ratings,$88
EQIX,$255.72,1440451293178,"572,247",75% bullish,of 4 ratings,$312.50
ESCA,$17.6,1440451293559,"19,770",100% bearish,of 1 rating,$22
ERIC,$9.49,1440451293587,"2,858,553",63% bullish,of 8 ratings,$12.20
EAC,$3.45,1440451293614,"31,037",100% bearish,of 1 rating,$8
ERIE,$81.28,1440451293635,"21,965",Not yet rated,NULL,$73
ESCR,$0.16,1440451293799,"18,314",50% bullish,of 2 ratings,N/A
ESCRP,$1.54,1440451293968,"4,079",100% bearish,of 1 rating,N/A
ESMC,NULL,1440451293995,0,Not yet rated,NULL,N/A
ESND,$34.01,1440451294026,"114,391",100% bearish,of 2 ratings,$40
ESSX,$0.4899,1440451294047,"20,891",50% bullish,of 2 ratings,N/A
ESPR,$52.21,1440451294083,"864,550",70% bearish,of 10 ratings,$123
ESSA,$12.6,1440451294104,"17,164",100% bearish,of 1 rating,N/A
EPIX,$5.94,1440451294125,600,Not yet rated,NULL,N/A
ETSY,$12.9,1440451294275,"610,216",80% bullish,of 5 ratings,$16
EEFT,$62.06,1440451294410,"215,841",100% bearish,of 1 rating,$67.50
CLWT,$2.35,1440451294435,"15,577",100% bearish,of 1 rating,N/A
ESEA,$5.501,1440451294461,"3,342",100% bullish,of 1 rating,$15
EVEP,$7.1,1440451294759,"414,664",50% bullish,of 2 ratings,$15
EVOK,$3.6715,1440451294785,"88,820",100% bearish,of 1 rating,$13.375
EVK,$3.9,1440451295051,"9,600",75% bearish,of 4 ratings,N/A
EXAS,$19.57,1440451295146,"1,205,310",78% bullish,of 9 ratings,$31
EVLV,$2.04,1440451295184,"150,539",60% bullish,of 5 ratings,$6.50
EVOL,$5.79,1440451295211,"10,732",75% bullish,of 4 ratings,$10
EXA,$10.63,1440451295245,"23,624",100% bearish,of 1 rating,$13
EXAC,$17.92,1440451295382,"25,125",100% bearish,of 1 rating,$22.50
EXEL,$5.09,1440451295574,"4,647,233",81% bullish,of 16 ratings,$6
EXPE,$108.3,1440451295660,"1,872,351",64% bullish,of 11 ratings,$130
EXPD,$46.78,1440451295715,"1,448,336",80% bullish,of 5 ratings,$51.50
EXLS,$35.7,1440451295741,"158,236",50% bullish,of 2 ratings,$41
EXFO,$2.46,1440451295766,"60,020",67% bearish,of 3 ratings,$3.95
EXTR,$2.79,1440451296378,"552,116",80% bullish,of 5 ratings,$3
EXLP,$17.78,1440451296408,"285,417",100% bearish,of 1 rating,$27
EZPW,$6.18,1440451296451,"274,724",50% bullish,of 4 ratings,$7.50
EXPO,$41.34,1440451296480,"51,582",100% bearish,of 1 rating,$45.50
EZCH,$20.74,1440451296505,"197,724",75% bullish,of 8 ratings,$19.50
EYEG,$3.93,1440451296540,"15,253",Not yet rated,NULL,N/A
EYEGW,NULL,1440451296570,0,Not yet rated,NULL,N/A
ESRX,$81.94,1440451296612,"5,145,898",67% bearish,of 6 ratings,$101
FB,$82.49,1440451296823,"50,593,234",73% bullish,of 1066 ratings,$111
FFIV,$117.46,1440451296848,"927,172",63% bullish,of 8 ratings,$132
FMNB,$7.96,1440451297569,"10,366",Not yet rated,NULL,N/A
FCS,$12.77,1440451297644,"758,319",67% bearish,of 3 ratings,$17
FALC,$1.56,1440451297679,"33,085",63% bearish,of 8 ratings,N/A
FARM,$21.92,1440451297701,"27,915",100% bearish,of 1 rating,$35
FRP,$16.24,1440451297734,"61,583",100% bearish,of 1 rating,$18
DAVE,$14.06,1440451297756,"34,822",100% bearish,of 1 rating,$15.50
FFKT,$25.76,1440451297781,"8,157",Not yet rated,NULL,$29
FWM,$2.23,1440451297810,"227,742",100% bearish,of 2 ratings,$3.20
FAST,$37.445,1440451298362,"3,647,602",80% bullish,of 5 ratings,$46
FARO,$37.49,1440451298546,"123,949",50% bullish,of 2 ratings,$48
FBSS,$15.3467,1440451298585,300,Not yet rated,NULL,N/A
FATE,$5.88,1440451298650,"100,565",50% bullish,of 2 ratings,$11
FBRC,$21.6,1440451298719,"22,926",100% bearish,of 1 rating,$29
FDML,$8.66,1440451298746,"204,942",50% bullish,of 4 ratings,$14
FEIC,$73.81,1440451299927,"251,373",50% bullish,of 2 ratings,$95.50
FNHC,$21.12,1440451300016,"51,270",100% bearish,of 1 rating,$35
FENX,$9.57,1440451300042,"44,216",100% bullish,of 1 rating,$14.25
FCSC,$5.2,1440451300076,"207,950",100% bearish,of 1 rating,$8.125
FHCO,$1.42,1440451300104,"203,587",50% bullish,of 4 ratings,N/A
FGEN,$21.81,1440451300126,"403,456",100% bearish,of 1 rating,$39
ONEQ,$180,1440451300174,"153,746",100% bullish,of 1 rating,N/A
LION,$18.41,1440451300306,"99,538",100% bullish,of 1 rating,$20
FRGI,$50.66,1440451300665,"168,283",50% bullish,of 2 ratings,$70
FDUS,$13.7,1440451300692,"152,390",50% bullish,of 2 ratings,$18
FSAM,$8.37,1440451300717,"25,883",100% bearish,of 1 rating,$11
FITBI,$26.9599,1440451301301,"26,620",Not yet rated,NULL,N/A
FITB,$18.685,1440451301359,"6,772,847",54% bullish,of 13 ratings,$22
FSFR,$8.55,1440451301552,"222,414",100% bearish,of 1 rating,$11.50
FSC,$6.18,1440451301684,"1,053,859",75% bullish,of 4 ratings,$8
FNGN,$31.26,1440451301711,"428,167",67% bullish,of 3 ratings,$47
FSCFL,$24.5,1440451302055,"1,554",Not yet rated,NULL,N/A
FNSR,$14.75,1440451302269,"982,811",71% bullish,of 7 ratings,$24.50
FISI,$24.27,1440451302343,"36,274",100% bullish,of 2 ratings,$24.50
FNTCU,NULL,1440451303004,0,Not yet rated,NULL,N/A
FNTC,NULL,1440451304143,0,Not yet rated,NULL,N/A
FNJN,$1.55,1440451304190,"46,153",100% bearish,of 1 rating,$5
FNTCW,$0.32,1440451304387,"17,600",Not yet rated,NULL,N/A
FEYE,$36,1440451304516,"5,678,567",87% bullish,of 15 ratings,$55.50
FBNC,$16.6,1440451304588,"30,859",100% bullish,of 1 rating,$20
FNLC,$18.2,1440451304647,"19,627",100% bullish,of 1 rating,N/A
FCAP,$26.5,1440451304719,601,Not yet rated,NULL,N/A
BUSE,$6.185,1440451304779,"70,645",Not yet rated,NULL,$6.875
FRBA,$5.97,1440451304851,"3,378",Not yet rated,NULL,$8
FBIZ,$43.51,1440451304936,"12,808",100% bearish,of 2 ratings,$52
FCVA,$4.61,1440451304982,"5,105",Not yet rated,NULL,N/A
FCNCA,$229.9,1440451305069,"6,579",Not yet rated,NULL,N/A
FCLF,$9.41,1440451305609,525,Not yet rated,NULL,N/A
FCFS,$38.04,1440451305649,"192,401",100% bearish,of 3 ratings,$48
FCBC,$17.06,1440451305740,"20,244",Not yet rated,NULL,$18
FFBC,$17.98,1440451305907,"223,558",67% bearish,of 3 ratings,$20.25
FDEF,$36.54,1440451305979,"27,417",Not yet rated,NULL,$38
FCFP,$6.85,1440451306242,"6,514",Not yet rated,NULL,N/A
FCCO,$11.88,1440451306276,"2,348",Not yet rated,NULL,$13.25
FBNK,$16.23,1440451306297,"23,192",100% bearish,of 1 rating,$17.50
FFNM,$6.24,1440451306327,"3,400",Not yet rated,NULL,N/A
FFBCW,NULL,1440451306374,0,100% bearish,of 1 rating,N/A
FFIN,$29.655,1440451306534,"172,959",50% bullish,of 2 ratings,$31.75
FFNW,$12.12,1440451306595,"38,675",Not yet rated,NULL,$14
THFF,$32.5,1440451306729,"18,689",Not yet rated,NULL,$35
FIBK,$25.81,1440451306962,"127,059",Not yet rated,NULL,$32
FFWM,$21,1440451307006,"44,058",Not yet rated,NULL,$24
INBK,$29.43,1440451307143,"37,604",50% bullish,of 2 ratings,$37
FRME,$24.85,1440451307195,"136,105",Not yet rated,NULL,$26.50
FMBH,$22,1440451307225,646,Not yet rated,NULL,N/A
FNFG,$8.76,1440451307299,"2,067,195",80% bullish,of 5 ratings,$9
FMBI,$17.06,1440451307324,"521,394",Not yet rated,NULL,$20
FNWB,$11.88,1440451307531,"22,661",Not yet rated,NULL,N/A
FNBC,$33.17,1440451307600,"51,773",Not yet rated,NULL,$41.50
FSFG,$30,1440451307628,"4,050",Not yet rated,NULL,N/A
FSGI,$2.46,1440451307819,"8,850",Not yet rated,NULL,N/A
FSBK,$7.57,1440451307847,"1,145",100% bullish,of 1 rating,N/A
FSLR,$43.63,1440451307878,"2,231,430",74% bullish,of 39 ratings,$65
BICK,$17.84,1440451307905,250,100% bullish,of 1 rating,N/A
FBZ,$9.75,1440451307925,200,Not yet rated,NULL,N/A
IFV,$17.0101,1440451308664,"1,894,693",100% bearish,of 1 rating,N/A
FCAN,$22.9,1440451308692,"6,013",Not yet rated,NULL,N/A
FCA,$18,1440451308740,"1,402",Not yet rated,NULL,N/A
FEMB,$41.51,1440451308771,"1,213",Not yet rated,NULL,N/A
FTCS,$35.338,1440451308792,"242,391",100% bearish,of 1 rating,N/A
FEUZ,$30.26,1440451308920,"2,764",Not yet rated,NULL,N/A
FV,$22.2,1440451308975,"8,523,876",100% bearish,of 1 rating,N/A
FTSM,$59.9145,1440451309081,"42,853",100% bearish,of 1 rating,N/A
MDIV,$18.9,1440451309230,"852,660",Not yet rated,NULL,N/A
FGM,$34.63,1440451309290,"57,114",Not yet rated,NULL,N/A
TDIV,$23.65,1440451309374,"414,031",100% bearish,of 1 rating,N/A
FTGC,$21.6701,1440451309731,"99,611",Not yet rated,NULL,N/A
HYLS,$48.9267,1440451309757,"57,145",100% bearish,of 1 rating,N/A
FHK,$31.31,1440451309782,"50,376",Not yet rated,NULL,N/A
FTHI,$18.93,1440451309817,48,Not yet rated,NULL,N/A
YDIV,$16.04,1440451309915,"6,879",Not yet rated,NULL,N/A
FPXI,$26.07,1440451309985,40,Not yet rated,NULL,N/A
CU,$11.79,1440451310016,"17,598",100% bearish,of 1 rating,N/A
SKYY,$27.6899,1440451310146,"161,958",100% bullish,of 1 rating,N/A
FJP,$44.52,1440451310274,"46,149",Not yet rated,NULL,N/A
FTLB,$18.9828,1440451310299,"4,210",100% bearish,of 1 rating,N/A
LMBS,$50.48,1440451310324,"1,000",Not yet rated,NULL,N/A
PLTM,$6.2466,1440451310374,"43,932",100% bearish,of 1 rating,N/A
FMB,$51.185,1440451310557,946,Not yet rated,NULL,N/A
QABA,$36.58,1440451310659,"57,894",100% bearish,of 1 rating,N/A
CIBR,$17.34,1440451310693,"232,597",Not yet rated,NULL,N/A
GRID,$28.87,1440451310722,"2,115",100% bearish,of 1 rating,N/A
QCLN,$14.31,1440451310742,"74,666",Not yet rated,NULL,N/A
FONE,$32.63,1440451310775,"2,050",Not yet rated,NULL,N/A
CARZ,$33.19,1440451310801,"10,288",100% bearish,of 1 rating,N/A
RDVY,$20.4901,1440451311114,"19,855",Not yet rated,NULL,N/A
QQEW,$39.7099,1440451311247,"305,756",Not yet rated,NULL,N/A
QTEC,$38.02,1440451311272,"201,721",Not yet rated,NULL,N/A
QQXT,$38.84,1440451311298,"139,545",Not yet rated,NULL,N/A
AIRR,$15.8,1440451311324,"9,659",100% bearish,of 1 rating,N/A
FKO,$19.5,1440451311467,100,Not yet rated,NULL,N/A
QINC,$19.8606,1440451311492,"3,335",Not yet rated,NULL,N/A
FTSL,$48.4694,1440451311517,"53,722",100% bearish,of 1 rating,N/A
FDIV,$47.17,1440451311556,"2,865",100% bearish,of 1 rating,N/A
FSZ,$38.24,1440451311800,"51,997",Not yet rated,NULL,N/A
TUSA,$24.05,1440451311829,"2,100",Not yet rated,NULL,N/A
FTW,$28.25,1440451311850,"12,497",Not yet rated,NULL,N/A
FKU,$40.07,1440451312169,"107,996",Not yet rated,NULL,N/A
FMER,$17.26,1440451312267,"1,666,306",50% bullish,of 2 ratings,$20
SVVC,$9.2,1440451312412,"30,780",50% bullish,of 2 ratings,$26
FUNC,$8.1501,1440451312440,"1,858",Not yet rated,NULL,N/A
FIVE,$34.63,1440451312855,"529,025",75% bearish,of 4 ratings,$44
FISV,$81.68,1440451313121,"1,581,650",100% bearish,of 3 ratings,$90
FLKS,$13.28,1440451313338,"38,257",50% bullish,of 2 ratings,$27
FIVN,$4.15,1440451313372,"186,616",100% bullish,of 1 rating,$8.50
FSV,$30.53,1440451313466,"14,533",Not yet rated,NULL,$33.60
FPRX,$19.12,1440451313493,"266,871",50% bullish,of 2 ratings,$35
FLML,$20.07,1440451313528,"231,680",50% bullish,of 2 ratings,$30
FLXN,$23,1440451313549,"54,646",100% bearish,of 1 rating,$40
SKOR,$50.399,1440451313626,500,Not yet rated,NULL,N/A
FLEX,$10.07,1440451313942,"2,031,543",63% bullish,of 8 ratings,$12
FLXS,$29.52,1440451314367,"33,733",100% bearish,of 2 ratings,N/A
MBSD,$25.37,1440451315016,400,Not yet rated,NULL,N/A
FLDM,$12.25,1440451315042,"273,481",67% bearish,of 3 ratings,$21.50
FLIR,$27.48,1440451315172,"1,002,381",100% bearish,of 1 rating,$38.50
FOGO,$17.89,1440451315353,"147,050",50% bullish,of 2 ratings,$25.50
FFIC,$19.48,1440451315379,"60,540",Not yet rated,NULL,$21
FOMX,$9.62,1440451315508,"146,734",50% bullish,of 2 ratings,$23.50
FONR,$9.15,1440451315554,"17,076",100% bullish,of 1 rating,N/A
FORTY,$29.01,1440451315673,"3,592",100% bearish,of 1 rating,N/A
FORM,$5.925,1440451315699,"346,571",67% bullish,of 3 ratings,$10.50
FES,$0.86,1440451315783,"38,423",50% bullish,of 2 ratings,$1
FTNT,$40.94,1440451315989,"1,856,353",80% bullish,of 10 ratings,$52
FORR,$31.69,1440451316165,"41,391",Not yet rated,NULL,N/A
FBIO,$2.27,1440451316206,"272,504",83% bullish,of 6 ratings,N/A
FWRD,$45.21,1440451316261,"141,217",100% bearish,of 1 rating,$50
FMI,$20.66,1440451316490,"183,126",100% bearish,of 2 ratings,$27.50
FWP,$24.93,1440451316584,"50,393",100% bearish,of 1 rating,$45
FORD,$1.02,1440451316670,"111,305",50% bullish,of 2 ratings,N/A
FOSL,$59.265,1440451316695,"1,170,323",50% bullish,of 4 ratings,$80
FELE,$28.1,1440451316982,"280,466",50% bullish,of 4 ratings,$33
FXCB,$17,1440451317010,"19,354",Not yet rated,NULL,$19
FOXF,$15.25,1440451317064,"54,454",100% bearish,of 1 rating,$19
FRAN,$10.14,1440451317090,"370,571",50% bullish,of 4 ratings,$15
FREE,$0.36,1440451317143,"629,931",92% bullish,of 12 ratings,N/A
FRED,$13.17,1440451317343,"171,745",50% bullish,of 2 ratings,$16.50
FEIM,$10.78,1440451317370,"2,375",100% bearish,of 1 rating,N/A
RAIL,$19.4,1440451317395,"109,386",100% bearish,of 1 rating,$24.50
FRPT,$12.93,1440451317600,"333,801",67% bearish,of 3 ratings,$23.50
FTR,$4.93,1440451317665,"13,718,410",78% bullish,of 27 ratings,$6.25
FRPH,$29.51,1440451317802,"2,247",100% bearish,of 1 rating,N/A
FSBW,$22.51,1440451317836,500,Not yet rated,NULL,N/A
FSYS,$6.25,1440451317861,"65,964",67% bullish,of 3 ratings,$10
FTRPR,$99.17,1440451317892,"13,012",100% bearish,of 1 rating,N/A
FTEK,$2.04,1440451317935,"56,333",75% bullish,of 4 ratings,N/A
FCEL,$0.7,1440451317963,"1,475,929",88% bullish,of 40 ratings,$2.65
FTD,$28.75,1440451318142,"73,733",100% bearish,of 1 rating,$40
FLL,$1.45,1440451318373,"33,480",75% bullish,of 4 ratings,$2.825
FULLL,$25.04,1440451318422,"4,485",Not yet rated,NULL,N/A
FULL,$3.05,1440451318470,"106,285",67% bearish,of 3 ratings,$4.25
FFHL,$0.88,1440451318712,"2,720",50% bullish,of 4 ratings,N/A
FULT,$11.86,1440451318748,"1,018,637",100% bearish,of 1 rating,$13
FXENP,$16.4,1440451318770,"3,800",100% bearish,of 1 rating,N/A
FXEN,$0.8199,1440451318791,"158,547",75% bullish,of 4 ratings,$1.10
FSNN,$2.42,1440451318829,"1,700",67% bullish,of 3 ratings,$6
GK,$68.58,1440451318858,"93,079",Not yet rated,NULL,$78
GAIA,$5.85,1440451318922,"34,175",50% bullish,of 2 ratings,$8.50
WILC,$5,1440451318959,"15,112",100% bullish,of 2 ratings,N/A
GLPG,$59.81,1440451319263,"43,115",100% bullish,of 1 rating,$75
GALTU,NULL,1440451319289,0,100% bearish,of 1 rating,N/A
GALT,$1.85,1440451319318,"168,924",80% bullish,of 5 ratings,N/A
GALTW,NULL,1440451319419,0,100% bullish,of 1 rating,N/A
GALE,$1.5,1440451319466,"2,571,499",89% bullish,of 47 ratings,$4
GLPI,$30.68,1440451319671,"634,701",100% bearish,of 1 rating,$37.50
GLMD,$7.6899,1440451319703,"30,527",67% bullish,of 3 ratings,$20.50
GRMN,$37.03,1440451319729,"2,082,913",50% bullish,of 6 ratings,$48
GGAC,NULL,1440451319755,0,100% bearish,of 1 rating,N/A
GPIC,$9.93,1440451319812,"1,850",100% bearish,of 1 rating,N/A
GGACW,$0.0514,1440451319890,800,Not yet rated,NULL,N/A
GGACU,NULL,1440451319915,0,Not yet rated,NULL,N/A
GARS,$14.29,1440451320122,"86,481",Not yet rated,NULL,$16
GENC,$9.3484,1440451320148,"5,609",100% bearish,of 1 rating,N/A
GNCMA,$16.14,1440451320174,"205,285",100% bearish,of 1 rating,$12
GFN,$3.29,1440451320537,"27,437",100% bearish,of 2 ratings,$8
GFNCP,$85.05,1440451320704,448,Not yet rated,NULL,N/A
GENE,$2.1201,1440451320749,"154,531",100% bullish,of 12 ratings,N/A
GNMK,$9.16,1440451320895,"187,599",67% bullish,of 6 ratings,$14
GFNSL,$25.3,1440451320946,"1,900",Not yet rated,NULL,N/A
GHDX,$24.2,1440451320971,"193,600",50% bullish,of 2 ratings,$30
GNVC,$2.06,1440451321110,"39,780",90% bullish,of 10 ratings,$8.50
GNCA,$11.93,1440451321144,"88,918",100% bearish,of 1 rating,$20
GNTX,$14.905,1440451321278,"2,658,452",Not yet rated,NULL,$20
GGACR,NULL,1440451321661,0,100% bullish,of 1 rating,N/A
THRM,$42.15,1440451321743,"305,718",75% bearish,of 4 ratings,$55.50
GABC,$28.76,1440451321793,"28,987",Not yet rated,NULL,$31.50
GEOS,$14.51,1440451321842,"149,531",100% bearish,of 3 ratings,$25.50
GTWN,NULL,1440451321926,0,Not yet rated,NULL,N/A
GERN,$3,1440451322060,"1,937,294",88% bullish,of 16 ratings,$5.25
GEVO,$2.36,1440451322119,"1,436,363",75% bullish,of 12 ratings,$5
ROCK,$16.52,1440451322278,"160,078",80% bullish,of 5 ratings,$24
GIGM,$0.55,1440451322310,"162,129",100% bullish,of 2 ratings,N/A
GIGA,$1.35,1440451322333,"203,690",100% bearish,of 1 rating,N/A
GIII,$62.61,1440451322363,"249,782",67% bullish,of 3 ratings,$75
GILT,$4.24,1440451322410,"24,498",50% bullish,of 2 ratings,N/A
GILD,$100.715,1440451322550,"14,283,205",91% bullish,of 87 ratings,$129
GBCI,$24.88,1440451322580,"209,259",50% bullish,of 2 ratings,$31
GLAD,$7.85,1440451322616,"273,971",50% bullish,of 2 ratings,$8.75
GLADO,$25.25,1440451322683,"3,417",Not yet rated,NULL,N/A
GOOD,$14.5,1440451322754,"193,620",Not yet rated,NULL,$19
GOODN,$25.3372,1440451322884,"2,100",Not yet rated,NULL,N/A
GOODO,$25.11,1440451322982,300,Not yet rated,NULL,N/A
GOODP,$25.073,1440451323121,"1,600",Not yet rated,NULL,N/A
GAINN,$24.96,1440451323152,"38,300",Not yet rated,NULL,N/A
GAIN,$7.27,1440451323174,"404,809",100% bullish,of 2 ratings,$8.25
GAINO,$25.2,1440451323255,"2,730",Not yet rated,NULL,N/A
LAND,$9.0425,1440451323337,"43,994",50% bullish,of 2 ratings,$13.75
GAINP,$25.71,1440451323364,"13,728",Not yet rated,NULL,N/A
GLBZ,$12.12,1440451323443,315,Not yet rated,NULL,N/A
GDEF,NULL,1440451323578,0,Not yet rated,NULL,N/A
GBT,$39.5001,1440451323708,"150,836",100% bearish,of 1 rating,N/A
ENT,$11.08,1440451323778,"319,087",100% bearish,of 1 rating,$18
GBLI,$25.97,1440451323844,"12,926",Not yet rated,NULL,N/A
GPACU,$10,1440451323871,400,Not yet rated,NULL,N/A
GSOL,$8.25,1440451323896,"37,518",100% bearish,of 1 rating,N/A
ACTX,$13,1440451324064,"3,025",100% bullish,of 1 rating,N/A
QQQC,$17.91,1440451324133,"21,412",100% bearish,of 1 rating,N/A
SOCL,$16.35,1440451324201,"138,115",100% bullish,of 2 ratings,N/A
SRET,$13.44,1440451324261,"3,966",Not yet rated,NULL,N/A
YLCO,$11.52,1440451324304,"2,345",Not yet rated,NULL,N/A
ALTY,$14.13,1440451324364,"6,000",Not yet rated,NULL,N/A
GSM,$12.41,1440451324392,"346,456",50% bullish,of 2 ratings,$23
GAI,$5.67,1440451324433,"12,663",50% bullish,of 2 ratings,N/A
GLBS,$1.0825,1440451324605,100,67% bullish,of 3 ratings,N/A
GBIM,$2.19,1440451324699,"48,961",50% bullish,of 2 ratings,N/A
GLUU,$4.08,1440451324965,"2,541,613",92% bullish,of 26 ratings,$9
GLYC,$6.8,1440451324995,"19,725",50% bullish,of 2 ratings,$14
GLRI,$1.05,1440451325072,"89,740",100% bearish,of 1 rating,$6
GMLP,$18,1440451325104,"246,621",50% bullish,of 4 ratings,$32.50
GLDC,$4.07,1440451325130,800,50% bullish,of 2 ratings,N/A
GOGO,$15.42,1440451325157,"983,668",80% bullish,of 5 ratings,$25
GLNG,$33.27,1440451325180,"968,492",83% bullish,of 6 ratings,$58
GOGL,$2.56,1440451325212,"362,860",75% bullish,of 4 ratings,$5
GTIM,$6.26,1440451325526,"34,936",Not yet rated,NULL,$11.50
GDEN,$8.84,1440451325556,"7,100",50% bullish,of 2 ratings,N/A
GOOG,$590,1440451325579,"2,488,944",89% bullish,of 70 ratings,$825
GBDC,$16.49,1440451325608,"221,156",Not yet rated,NULL,$17.75
GPRO,$47.92,1440451325633,"8,200,043",78% bullish,of 58 ratings,$72
GOOGL,$618.3,1440451325659,"2,894,107",88% bullish,of 1080 ratings,$749
GMAN,$4.2,1440451325913,"37,243",60% bullish,of 5 ratings,$8
GPIAU,$9.92,1440451326044,"48,401",Not yet rated,NULL,N/A
GPIA,$9.75,1440451326079,20,Not yet rated,NULL,N/A
GPIAW,NULL,1440451326100,0,Not yet rated,NULL,N/A
LOPE,$36.54,1440451326176,"272,094",100% bearish,of 2 ratings,$50
GBSN,$1.02,1440451326233,"592,730",100% bearish,of 1 rating,$8.25
GRVY,$3.29,1440451326262,"2,845",50% bullish,of 2 ratings,N/A
GBSNU,$16.49,1440451326283,"27,283",Not yet rated,NULL,N/A
GLDD,$5.205,1440451326518,"255,117",100% bearish,of 4 ratings,$7.75
GSBC,$39.09,1440451326618,"23,168",100% bullish,of 1 rating,$44
GRBK,$12.255,1440451326798,"225,658",77% bullish,of 13 ratings,N/A
GPP,$14.48,1440451326830,"100,504",Not yet rated,NULL,$20.50
GLRE,$24.22,1440451326855,"172,005",50% bullish,of 2 ratings,$41
GNBC,$11.12,1440451326880,"44,984",100% bearish,of 1 rating,$17
GPRE,$18.19,1440451327017,"673,886",67% bullish,of 6 ratings,$28.50
GCBC,$27.51,1440451327119,190,100% bullish,of 1 rating,N/A
GRFS,$29.93,1440451327145,"227,711",50% bullish,of 2 ratings,$35
OMAB,$37.84,1440451327279,"73,935",100% bullish,of 1 rating,$44
GRPN,$3.98,1440451327475,"7,321,227",61% bullish,of 71 ratings,$6.75
GGAL,$17.37,1440451327513,"359,685",80% bullish,of 5 ratings,$40
GSIT,$4.8864,1440451327566,"1,163",100% bearish,of 1 rating,N/A
GSVC,$8.29,1440451327602,"212,970",50% bullish,of 2 ratings,$14.50
GRIF,$30.04,1440451327629,747,100% bearish,of 1 rating,N/A
GSIG,$12.32,1440451327654,"66,117",100% bearish,of 2 ratings,N/A
GBNK,$15.41,1440451328038,"25,483",100% bearish,of 1 rating,$18
GTXI,$0.7198,1440451328067,"124,899",100% bullish,of 5 ratings,$.75
GFED,$14.6,1440451328098,"1,271",Not yet rated,NULL,$17
GUID,$6.84,1440451328142,"133,706",100% bearish,of 3 ratings,$10
GULTU,$0.275,1440451328204,"182,567",100% bearish,of 1 rating,N/A
GIFI,$11.9,1440451328269,"61,590",100% bearish,of 1 rating,$16
GURE,$1.52,1440451328301,"96,865",88% bullish,of 8 ratings,N/A
GPOR,$32.76,1440451328456,"1,561,985",75% bullish,of 4 ratings,$55
GWPH,$101.6,1440451328589,"275,740",78% bullish,of 9 ratings,$148.50
GWGH,NULL,1440451328645,0,100% bearish,of 1 rating,$15.05
HEES,$16,1440451328964,"291,051",67% bearish,of 3 ratings,$31
HLG,$9,1440451328999,"1,534",100% bearish,of 1 rating,N/A
HALL,$11.13,1440451329025,"19,041",Not yet rated,NULL,N/A
HNRG,$6.98,1440451329066,"100,577",100% bearish,of 1 rating,$10
HALO,$16.78,1440451329094,"1,091,594",67% bullish,of 3 ratings,$22.50
GYRO,$2.84,1440451329125,500,100% bearish,of 1 rating,N/A
HBK,$13.8,1440451329225,200,50% bullish,of 2 ratings,N/A
HMPR,$1.8,1440451329259,"130,756",100% bullish,of 1 rating,N/A
HNH,$25.95,1440451329703,"11,190",100% bullish,of 1 rating,N/A
HBHC,$25.41,1440451329832,"611,391",50% bullish,of 2 ratings,$30
HNSN,$0.4712,1440451330202,"132,694",88% bullish,of 8 ratings,$.40
HQCL,$8.215,1440451330232,"23,419",67% bullish,of 3 ratings,$14
HAFC,$23.32,1440451330258,"229,656",100% bullish,of 2 ratings,$28.50
HBHCL,$24.09,1440451330305,"54,907",Not yet rated,NULL,N/A
HLIT,$5.49,1440451330330,"316,738",100% bearish,of 1 rating,$6.50
HDNG,$9.81,1440451330496,"33,052",50% bullish,of 4 ratings,N/A
HRMNW,NULL,1440451330523,0,Not yet rated,NULL,N/A
HRMN,NULL,1440451330654,0,Not yet rated,NULL,N/A
HRMNU,$10.19,1440451330733,300,Not yet rated,NULL,N/A
HART,$0.7793,1440451330879,"147,551",100% bearish,of 1 rating,N/A
TINY,$2.42,1440451330909,"40,429",50% bullish,of 2 ratings,$5.26
HBIO,$4.35,1440451331015,"101,955",Not yet rated,NULL,$10
HCAP,$12.25,1440451331069,"32,957",50% bullish,of 2 ratings,$15
HCAPL,$25.1,1440451331119,"8,127",Not yet rated,NULL,N/A
HAS,$71.17,1440451331203,"1,304,575",63% bullish,of 8 ratings,$84.50
HA,$21.95,1440451331491,"1,034,063",67% bullish,of 9 ratings,$27
HWKN,$36.57,1440451331744,"14,611",Not yet rated,NULL,N/A
HCOM,$22.1,1440451331803,"25,717",100% bearish,of 1 rating,$28
HWBK,$13.117,1440451331894,660,100% bearish,of 1 rating,N/A
HAYN,$36.01,1440451331924,"58,730",100% bearish,of 1 rating,$59
HDS,$31.26,1440451331959,"1,540,224",100% bearish,of 2 ratings,$39.50
HCSG,$32.67,1440451332030,"309,666",50% bullish,of 4 ratings,$35
HIIQ,$4.25,1440451332160,"30,474",50% bullish,of 2 ratings,$7
HQY,$28.35,1440451332258,"243,836",67% bullish,of 3 ratings,$31
HSTM,$24.3,1440451332441,"67,720",50% bullish,of 2 ratings,$33.75
HWAY,$11.985,1440451332642,"287,864",100% bearish,of 1 rating,$15
HTWR,$79.685,1440451332930,"96,869",50% bullish,of 2 ratings,$103
HTLF,$34.8,1440451332956,"37,123",100% bullish,of 1 rating,$39.50
HTLD,$20.06,1440451333328,"514,433",Not yet rated,NULL,$22.50
HSII,$20,1440451333522,"53,615",100% bullish,of 3 ratings,$25
HTBX,$5.1599,1440451333554,"15,914",50% bullish,of 2 ratings,$15.50
HMTV,$12.75,1440451333599,"14,633",100% bearish,of 1 rating,$16
HELE,$83.58,1440451333654,"214,834",67% bearish,of 3 ratings,$100
HMNY,$2.54,1440451333684,"2,730",100% bearish,of 1 rating,N/A
HCACU,$10.008,1440451333845,"1,500",Not yet rated,NULL,N/A
HNNA,$24.53,1440451333933,"15,097",Not yet rated,NULL,N/A
HERO,NULL,1440451333984,0,NULL,NULL,NULL
HSIC,$133.36,1440451334069,"468,743",83% bullish,of 6 ratings,$146
HTBK,$10.62,1440451334350,"35,005",Not yet rated,NULL,$12
HEOP,$7.5,1440451334580,"18,485",Not yet rated,NULL,$8.50
HFWA,$17.26,1440451334648,"55,574",100% bullish,of 1 rating,$20
HRTX,$34,1440451334680,"967,821",67% bullish,of 6 ratings,$41
HCCI,$11.04,1440451334779,"22,813",100% bearish,of 1 rating,$16.50
HSKA,$31.67,1440451334831,"34,764",100% bearish,of 1 rating,$38
MLHR,$27.29,1440451334861,"191,969",50% bullish,of 2 ratings,$33.50
HFFC,$15.86,1440451334965,657,Not yet rated,NULL,N/A
HIBB,$37.69,1440451334993,"596,530",100% bearish,of 1 rating,$48.50
HPJ,$2.16,1440451335331,"65,265",75% bullish,of 4 ratings,$12.43
HIHO,$3.96,1440451335369,"32,837",Not yet rated,NULL,N/A
HIMX,$6.09,1440451335400,"1,340,436",86% bullish,of 21 ratings,$8.50
HIFS,$113.6,1440451335426,"2,413",Not yet rated,NULL,N/A
HSGX,$5.5101,1440451335509,"13,300",100% bearish,of 1 rating,$17
HMNF,$11.14,1440451335645,"2,493",Not yet rated,NULL,N/A
HOLI,$16.76,1440451335673,"450,208",50% bullish,of 4 ratings,$27
HMSY,$9.97,1440451335713,"3,412,635",67% bullish,of 3 ratings,$19.35
HOMB,$36.95,1440451335903,"204,546",Not yet rated,NULL,$41
HOLX,$38,1440451335931,"4,279,588",67% bullish,of 3 ratings,$42
AWAY,$27.28,1440451335963,"1,068,027",67% bullish,of 3 ratings,$36
HFBL,$21.61,1440451335990,200,Not yet rated,NULL,N/A
HBCP,$24,1440451336016,400,Not yet rated,NULL,$29
HMIN,$26.22,1440451336061,"319,521",100% bearish,of 2 ratings,$35
HMST,$21.5,1440451336245,"95,487",100% bullish,of 2 ratings,$27
HTBI,$17.85,1440451336282,"49,144",67% bullish,of 3 ratings,$18.625
HKTV,$4.43,1440451336411,"30,854",100% bearish,of 1 rating,N/A
HZNP,$27.243,1440451336591,"2,267,279",85% bullish,of 20 ratings,$40
HFBC,$11.3,1440451336618,"8,025",Not yet rated,NULL,N/A
HOFT,$22.95,1440451336652,"49,221",100% bearish,of 1 rating,N/A
CETC,$0.758,1440451336678,"106,479",86% bullish,of 7 ratings,N/A
HBNC,$23.09,1440451336747,"23,864",100% bullish,of 1 rating,$27
HRZN,$10.33,1440451336779,"78,390",100% bearish,of 1 rating,$14.25
ZINC,$6.81,1440451336882,"804,398",100% bearish,of 1 rating,$17
HDP,$24.06,1440451336947,"423,706",67% bearish,of 3 ratings,$30.50
HMHC,$21.95,1440451336978,"583,561",Not yet rated,NULL,$27
HWCC,$7.26,1440451337008,"121,587",100% bearish,of 1 rating,$9
HOVNP,$4.726,1440451337082,"2,518",100% bearish,of 1 rating,N/A
HBMD,$13.45,1440451337244,"1,767",100% bearish,of 1 rating,N/A
HSNI,$57.81,1440451337337,"222,091",Not yet rated,NULL,$80
HUBG,$37.84,1440451337418,"154,801",100% bearish,of 1 rating,$43
HTGM,$5.25,1440451337466,"17,960",100% bearish,of 1 rating,$19.50
HCBK,$9.035,1440451337491,"2,392,266",83% bullish,of 6 ratings,$8.61
HDSN,$2.92,1440451337552,"107,354",100% bullish,of 1 rating,$6.25
HSON,$2.56,1440451337582,"8,389",100% bearish,of 1 rating,$5
HBAN,$10.43,1440451337681,"7,779,632",76% bullish,of 17 ratings,$12.29
HBANP,$1340,1440451337776,156,100% bearish,of 1 rating,N/A
HURC,$29.01,1440451337805,"8,494",100% bearish,of 1 rating,N/A
HURN,$72.25,1440451337835,"148,018",50% bullish,of 2 ratings,$80
HDRA,NULL,1440451337939,0,Not yet rated,NULL,N/A
HTCH,$1.51,1440451338000,"49,944",100% bearish,of 1 rating,$3.50
HBP,$3.04,1440451338029,"5,708",100% bullish,of 1 rating,N/A
HDRAR,NULL,1440451338128,0,Not yet rated,NULL,N/A
HYGS,$7.43,1440451338286,"45,374",50% bullish,of 2 ratings,$13
HDRAW,$0.25,1440451338311,11,Not yet rated,NULL,N/A
IDSY,$3.68,1440451338544,"19,754",100% bearish,of 1 rating,$7
ICAD,$3.41,1440451338585,"71,181",50% bullish,of 2 ratings,$7.25
IKGH,$1.53,1440451338615,"19,214",75% bullish,of 4 ratings,N/A
IBKC,$57.26,1440451338649,"176,395",100% bullish,of 1 rating,$70
HDRAU,$10.2,1440451338670,200,Not yet rated,NULL,N/A
IACI,$67.27,1440451338691,"669,168",75% bullish,of 4 ratings,$90
IEP,$66.18,1440451338750,"151,917",75% bullish,of 4 ratings,$99
ICLR,$74.29,1440451338932,"394,789",100% bearish,of 3 ratings,$85
ICFI,$33.61,1440451338958,"64,895",50% bullish,of 2 ratings,$48.50
ICON,$12.1,1440451339003,"972,122",50% bullish,of 2 ratings,$18.50
ICUI,$109.34,1440451339134,"110,704",Not yet rated,NULL,$122
INVE,$4.51,1440451339159,"53,791",75% bullish,of 4 ratings,$4
IPWR,$7.01,1440451339218,"18,267",100% bullish,of 1 rating,$15
IDRA,$2.525,1440451339366,"971,056",89% bullish,of 9 ratings,$6.50
DSKY,$11.55,1440451339406,"517,120",67% bullish,of 6 ratings,$11.50
IRG,$4.75,1440451339434,"42,727",100% bearish,of 1 rating,$4.50
IDXX,$70.99,1440451339466,"628,164",100% bearish,of 1 rating,$77
RXDX,$12.51,1440451339571,"228,055",100% bullish,of 1 rating,$20
IIVI,$16.68,1440451339601,"182,851",100% bearish,of 1 rating,$22
IROQ,$16.5,1440451339627,"6,392",100% bullish,of 1 rating,N/A
KANG,$14,1440451339674,"608,490",50% bullish,of 2 ratings,$22.55
IKAN,$2.7,1440451339858,"20,200",83% bullish,of 6 ratings,$5
IKNX,$11.7468,1440451339962,900,100% bearish,of 1 rating,N/A
ILMN,$192.17,1440451340069,"1,086,879",80% bullish,of 5 ratings,$240
IMDZ,$14.64,1440451340287,"62,624",100% bearish,of 1 rating,$33
ICCC,$7.67,1440451340318,"4,795",100% bullish,of 1 rating,N/A
IMMU,$1.77,1440451340346,"519,766",86% bullish,of 7 ratings,$2
IMMR,$11.23,1440451340368,"124,176",80% bullish,of 5 ratings,$15.50
IMGN,$12.79,1440451340417,"1,280,678",75% bullish,of 4 ratings,$17.50
ISNS,$3.68,1440451340498,"58,422",50% bullish,of 2 ratings,N/A
IPXL,$41.66,1440451340525,"670,270",67% bullish,of 3 ratings,$46.50
IMNP,$1.1635,1440451340560,"232,963",50% bullish,of 2 ratings,$6
IMMY,$7.2,1440451340656,"15,702",100% bearish,of 1 rating,$11
INCR,$39.96,1440451340721,"343,373",50% bullish,of 2 ratings,$53
SAAS,$7.29,1440451340752,"365,936",50% bullish,of 2 ratings,$15
INCY,$97.29,1440451340852,"1,009,196",50% bullish,of 6 ratings,$125.50
INDB,$43.97,1440451340983,"63,640",Not yet rated,NULL,$44
IBCP,$13.67,1440451341170,"84,262",100% bullish,of 1 rating,$14.50
IDSA,$3.5,1440451341199,"5,410",Not yet rated,NULL,N/A
IBTX,$39.87,1440451341221,"30,038",100% bullish,of 2 ratings,$47.25
III,$4,1440451341257,"46,676",57% bullish,of 7 ratings,$6
INFN,$19.7,1440451341282,"1,939,211",71% bullish,of 7 ratings,$28
IPCC,$79.01,1440451341356,"37,007",Not yet rated,NULL,$77.50
INFI,$8.55,1440451341383,"668,646",50% bullish,of 4 ratings,$18
INWK,$7.4,1440451341643,"128,278",50% bullish,of 2 ratings,$10
IFON,$1.16,1440451341715,"55,934",75% bullish,of 4 ratings,N/A
IMKTA,$49.69,1440451341741,"107,217",100% bearish,of 1 rating,N/A
INOD,$2.47,1440451341770,"5,700",100% bearish,of 1 rating,N/A
INNL,$12.22,1440451341796,955,100% bearish,of 1 rating,$16.50
IPHS,$45.39,1440451341956,"84,772",100% bearish,of 1 rating,$60
IOSP,$46.35,1440451341981,"285,519",100% bearish,of 1 rating,N/A
ISSC,$2.8,1440451342145,"5,739",67% bearish,of 3 ratings,N/A
ITEK,$12.41,1440451342198,"589,186",100% bearish,of 3 ratings,$20
INOV,$20.6,1440451342223,"187,128",100% bearish,of 1 rating,$33
INO,$6.53,1440451342273,"1,236,038",89% bullish,of 18 ratings,$20
NSIT,$24.98,1440451342374,"87,289",50% bullish,of 2 ratings,N/A
ISIG,$2.6,1440451342409,"24,857",100% bearish,of 1 rating,N/A
INGN,$46.87,1440451342439,"188,499",100% bearish,of 1 rating,$50.50
INSM,$22.65,1440451342546,"630,341",71% bullish,of 7 ratings,$31.50
IIIN,$16.75,1440451342652,"42,851",100% bearish,of 2 ratings,N/A
PODD,$28.005,1440451342918,"302,946",67% bearish,of 3 ratings,$35
NTEC,$5.67,1440451342951,"19,300",100% bearish,of 1 rating,N/A
IDTI,$17.26,1440451342981,"2,210,162",60% bullish,of 5 ratings,$25
INSY,$31.14,1440451343003,"515,891",75% bullish,of 4 ratings,$48
IART,$59,1440451343092,"178,918",100% bearish,of 1 rating,$71.50
IESC,$7.25,1440451343130,"3,765",100% bearish,of 1 rating,N/A
ISSI,$22.01,1440451343196,"507,535",67% bullish,of 3 ratings,$19.75
IQNT,$18.19,1440451343302,"256,671",86% bullish,of 7 ratings,$20
INTC,$26.35,1440451343335,"40,599,534",82% bullish,of 238 ratings,$36
IPCI,$2.05,1440451343366,"91,625",67% bullish,of 6 ratings,$7.75
IPAR,$25.18,1440451343435,"69,697",67% bullish,of 3 ratings,$38
ICPT,$180.02,1440451343498,"265,299",70% bullish,of 10 ratings,$359.50
ININ,$35.77,1440451343564,"61,712",67% bearish,of 3 ratings,$57
IBKR,$36.9,1440451343589,"896,217",100% bullish,of 1 rating,N/A
ICLD,$1.75,1440451343794,"254,240",75% bullish,of 4 ratings,N/A
ICLDW,NULL,1440451343819,0,100% bearish,of 1 rating,N/A
TILE,$24.165,1440451343949,"415,418",67% bearish,of 3 ratings,$27
IMI,$2.01,1440451343975,"17,104",67% bullish,of 3 ratings,$2.22
INAP,$7.62,1440451344029,"164,688",75% bullish,of 4 ratings,$11
IDCC,$46.34,1440451344055,"327,794",80% bullish,of 5 ratings,$63
IBOC,$24.64,1440451344076,"148,334",100% bearish,of 1 rating,N/A
IGLD,$6.7999,1440451344286,"5,025",50% bullish,of 2 ratings,N/A
ISCA,$30.49,1440451344319,"56,066",100% bearish,of 1 rating,N/A
IIJI,$9.2799,1440451344418,500,50% bullish,of 2 ratings,$11.50
PTNT,$3,1440451344447,"1,965",Not yet rated,NULL,N/A
XENT,$25.31,1440451344476,"200,846",50% bullish,of 2 ratings,$36.50
INPH,$0.3,1440451344550,"32,615",50% bullish,of 2 ratings,N/A
INTX,$2.27,1440451344643,"23,712",67% bullish,of 3 ratings,N/A
ISIL,$10.07,1440451344781,"954,471",50% bullish,of 6 ratings,$15
IILG,$19.12,1440451344884,"115,332",100% bearish,of 1 rating,$29
IVAC,$4.78,1440451344917,"14,288",100% bearish,of 1 rating,$6.625
INTL,$25.99,1440451345015,"96,166",67% bearish,of 3 ratings,N/A
INTLL,$26.13,1440451345040,"12,446",Not yet rated,NULL,N/A
IIN,$6.22,1440451345072,"3,804",100% bearish,of 1 rating,$12
ITCI,$25.84,1440451345093,"351,545",75% bearish,of 4 ratings,$40
INVT,$0.2601,1440451345292,"180,466",67% bullish,of 3 ratings,N/A
ISRG,$491.2,1440451345322,"206,705",67% bullish,of 3 ratings,$600
INTU,$84.27,1440451345350,"3,288,918",86% bullish,of 7 ratings,$107.50
ISTR,$15.7,1440451345483,"2,303",100% bearish,of 1 rating,$18.50
ISBC,$11.43,1440451345509,"2,678,641",100% bullish,of 1 rating,$13.25
ITIC,$71,1440451345639,200,100% bearish,of 2 ratings,N/A
NVIV,$9.315,1440451345667,"512,717",50% bullish,of 4 ratings,$24.50
SNAK,$8.32,1440451345711,"113,190",50% bullish,of 2 ratings,$14
IVTY,$11.83,1440451345928,"14,563",Not yet rated,NULL,$18
DFVL,$67.82,1440451345956,101,Not yet rated,NULL,N/A
DTUL,$66.22,1440451345984,200,Not yet rated,NULL,N/A
IPAS,$1.01,1440451346060,"87,771",67% bullish,of 3 ratings,N/A
IPCM,$79.22,1440451346123,"220,802",50% bullish,of 2 ratings,$80.125
IRMD,$24.64,1440451346191,"11,058",67% bearish,of 3 ratings,$25
IPGP,$81.97,1440451346216,"297,921",100% bearish,of 2 ratings,$109.50
IRIX,$6.91,1440451346244,"5,739",100% bearish,of 1 rating,N/A
IRDM,$6.75,1440451346385,"846,895",60% bullish,of 5 ratings,$11.50
IRDMB,$267.4354,1440451346722,304,67% bearish,of 3 ratings,N/A
IRBT,$28.29,1440451346816,"327,528",67% bullish,of 6 ratings,$37
IRWD,$10.735,1440451346856,"1,045,706",100% bearish,of 1 rating,$13
IRCP,$24.75,1440451346987,"13,435",100% bullish,of 2 ratings,N/A
COMT,$30.96,1440451347091,"38,431",100% bearish,of 1 rating,N/A
GNMA,$50.44,1440451347148,"11,218",Not yet rated,NULL,N/A
IFAS,NULL,1440451347219,0,NULL,NULL,NULL
FCHI,NULL,1440451347242,0,NULL,NULL,NULL
IFNA,NULL,1440451347272,0,NULL,NULL,NULL
IFEU,$37,1440451347317,"30,558",Not yet rated,NULL,N/A
IFGL,$27.7,1440451347454,"111,994",Not yet rated,NULL,N/A
ACWX,$38.97,1440451347481,"1,280,125",100% bearish,of 1 rating,N/A
ACWI,$53.55,1440451347612,"2,582,530",Not yet rated,NULL,N/A
AAIT,NULL,1440451347779,0,NULL,NULL,NULL
AXJS,NULL,1440451347805,0,NULL,NULL,NULL
AAXJ,$49.595,1440451347850,"2,113,529",Not yet rated,NULL,N/A
EEME,NULL,1440451347905,0,NULL,NULL,NULL
EEMA,$46.54,1440451347935,"45,141",Not yet rated,NULL,N/A
EMDI,NULL,1440451348039,0,NULL,NULL,NULL
EMEY,NULL,1440451348062,0,NULL,NULL,NULL
EGRW,NULL,1440451348084,0,NULL,NULL,NULL
EVAL,NULL,1440451348326,0,NULL,NULL,NULL
EUFN,$21.15,1440451348355,"366,795",100% bearish,of 1 rating,N/A
EEML,$27.13,1440451348387,836,Not yet rated,NULL,N/A
IEUS,$45.34,1440451348489,"10,597",100% bearish,of 1 rating,N/A
QAT,$19.96,1440451348554,35,Not yet rated,NULL,N/A
IBB,$324.14,1440451348625,"2,480,509",63% bullish,of 8 ratings,N/A
UAE,$16.37,1440451348652,"19,328",Not yet rated,NULL,N/A
SOXX,$76.93,1440451348784,"783,334",50% bullish,of 2 ratings,N/A
WOOD,$46.88,1440451348994,"79,195",50% bullish,of 2 ratings,N/A
EMIF,$26.99,1440451349022,"8,675",Not yet rated,NULL,N/A
INDY,$26.12,1440451349049,"833,865",50% bullish,of 2 ratings,N/A
ICLN,$9,1440451349186,"108,190",50% bullish,of 2 ratings,N/A
ISIS,$44.13,1440451349283,"1,680,095",53% bullish,of 15 ratings,$67
ISHG,$81.472,1440451349311,"18,368",100% bearish,of 1 rating,N/A
IGOV,$93.46,1440451349340,"61,217",100% bearish,of 1 rating,N/A
ISLE,$16.2,1440451349444,"358,892",50% bullish,of 4 ratings,$16
ISRL,$119,1440451349587,228,100% bearish,of 1 rating,N/A
ITRN,$23.73,1440451349717,"18,757",50% bullish,of 2 ratings,N/A
ITRI,$30.41,1440451349851,"315,156",Not yet rated,NULL,$37
ITUS,$3.97,1440451349906,"2,109",Not yet rated,NULL,N/A
JJSF,$111.31,1440451349930,"64,347",100% bearish,of 1 rating,N/A
IXYS,$10.11,1440451349954,"219,484",50% bullish,of 4 ratings,N/A
XXIA,$14.66,1440451350005,"281,199",71% bullish,of 7 ratings,$14.625
JASO,$6.76,1440451350499,"1,240,874",82% bullish,of 17 ratings,$10
JKHY,$66.01,1440451350716,"331,047",50% bullish,of 2 ratings,$72
JBHT,$74.81,1440451350745,"969,836",50% bullish,of 4 ratings,$89.50
MAYS,$56,1440451350777,810,Not yet rated,NULL,N/A
JCOM,$66.16,1440451350802,"234,959",100% bullish,of 2 ratings,$77
JXSB,$23.75,1440451350875,"3,392",Not yet rated,NULL,N/A
JAXB,NULL,1440451350904,0,100% bullish,of 1 rating,N/A
JACK,$78.72,1440451350979,"746,713",83% bullish,of 6 ratings,$105
JMBA,$12.93,1440451351183,"138,005",75% bullish,of 4 ratings,$18
ERW,$48.996,1440451351314,410,Not yet rated,NULL,N/A
JAKK,$9.24,1440451351340,"589,136",60% bearish,of 5 ratings,$11
JRVR,$26.16,1440451351365,"47,389",Not yet rated,NULL,$32
JD,$23.99,1440451351537,"10,864,403",75% bullish,of 16 ratings,$36
JAGX,$2.5989,1440451351598,"1,106",Not yet rated,NULL,N/A
JASNW,NULL,1440451351727,0,50% bullish,of 2 ratings,N/A
JAZZ,$161.955,1440451351807,"403,342",80% bullish,of 15 ratings,$206.50
JASN,$4.71,1440451351840,"23,840",50% bullish,of 2 ratings,$9.50
JCTCF,$9.514,1440451351870,100,100% bullish,of 1 rating,N/A
JBLU,$21.225,1440451351946,"8,180,066",94% bullish,of 18 ratings,$27
JTPY,$3.02,1440451351971,"2,421",100% bearish,of 1 rating,N/A
DATE,$5.5,1440451351999,"211,835",75% bullish,of 4 ratings,$9
JIVE,$4.105,1440451352192,"745,395",75% bullish,of 4 ratings,$5
JST,$3.74,1440451352260,"30,778",75% bullish,of 4 ratings,N/A
WYIGU,$10.05,1440451352293,"4,459",Not yet rated,NULL,N/A
JOEZ,$0.1747,1440451352359,"253,706",92% bullish,of 12 ratings,N/A
