Symbol,Price,Date,Volume,Rating,RatingVoteCount,OneYearEstimate
PIH,$7.1009,1440519302312,307,100% bearish,of 1 rating,N/A
FCCY,$11.5,1440519302370,600,100% bullish,of 1 rating,$13
TFSCR,NULL,1440519302401,0,Not yet rated,NULL,N/A
FCTY,$7.7006,1440519302424,"3,250",100% bullish,of 1 rating,$8.50
TFSCU,$10.14,1440519302461,907,Not yet rated,NULL,N/A
TFSCW,$0.2,1440519302499,"3,500",100% bearish,of 1 rating,N/A
TFSC,NULL,1440519302553,0,100% bearish,of 1 rating,N/A
FLWS,$9.34,1440519302578,"72,985",100% bullish,of 5 ratings,$15
SRCE,$28.85,1440519302652,"4,428",100% bullish,of 3 ratings,$33
VNET,$18.54,1440519302729,"226,796",60% bullish,of 5 ratings,$29.50
DGLD,$80.84,1440519302760,"21,669",100% bullish,of 1 rating,N/A
TWOU,$34.21,1440519302830,"86,106",50% bullish,of 2 ratings,$39
DSLV,$68.7,1440519302899,"10,707",100% bearish,of 1 rating,N/A
UGLD,$9.3,1440519302964,"180,655",100% bearish,of 1 rating,N/A
USLV,$12.803,1440519303032,"215,485",86% bullish,of 7 ratings,N/A
JOBS,$27.55,1440519303057,"64,704",50% bullish,of 4 ratings,$36
CAFD,$14.715,1440519303402,"1,066,629",Not yet rated,NULL,$25
SIXD,$3.6575,1440519303441,"357,523",Not yet rated,NULL,N/A
ABY,$20.15,1440519303532,"501,017",100% bearish,of 2 ratings,$46
EGHT,$7.79,1440519303585,"260,382",82% bullish,of 17 ratings,$11
ABAX,$47.08,1440519303607,"47,833",100% bearish,of 1 rating,$60
AVHI,$13.96,1440519303640,"17,792",100% bearish,of 1 rating,$19
SHLM,$32.875,1440519303662,"37,028",100% bearish,of 1 rating,$50
AAON,$20.47,1440519303684,"16,817",100% bearish,of 1 rating,$24
ABGB,$5.23,1440519303825,"115,738",67% bullish,of 3 ratings,$5.50
ABMD,$97.2985,1440519303857,"249,804",75% bullish,of 4 ratings,$100.50
AXAS,$1.545,1440519303993,"395,756",78% bullish,of 9 ratings,$3.50
ABEO,$4.59,1440519304025,"49,495",50% bullish,of 4 ratings,$15.50
ABEOW,$1.68,1440519304051,"12,103",100% bullish,of 1 rating,N/A
ACTG,$8.76,1440519304129,"86,911",67% bullish,of 3 ratings,$18.50
ACHC,$71.87,1440519304267,"285,212",50% bullish,of 2 ratings,$92
ACAD,$35.35,1440519304296,"340,457",80% bullish,of 20 ratings,$48
AXDX,$18.91,1440519304437,"62,387",100% bearish,of 1 rating,N/A
XLRN,$27.87,1440519304464,"53,809",50% bullish,of 2 ratings,$57
ACST,$0.3634,1440519304519,"29,249",100% bullish,of 2 ratings,N/A
ANCX,$19.63,1440519304557,"19,129",Not yet rated,NULL,$19
VXDN,$2.06,1440519304648,"194,299",100% bearish,of 1 rating,N/A
VXUP,$1.52,1440519304679,"251,958",100% bearish,of 1 rating,N/A
ARAY,$6.65,1440519304700,"342,051",100% bearish,of 1 rating,$10.50
ACRX,$4.15,1440519304730,"127,894",67% bearish,of 6 ratings,$5.50
ACET,$22.94,1440519304916,"29,265",75% bullish,of 4 ratings,$30
AKAO,$6.33,1440519305046,"23,577",75% bullish,of 4 ratings,$15
ACHN,$7.49,1440519305080,"656,925",90% bullish,of 21 ratings,$16
ACTS,$1.6,1440519305123,"61,968",100% bearish,of 1 rating,N/A
ACIW,$21.08,1440519305151,"135,662",50% bullish,of 2 ratings,$24
ACNB,$20.2973,1440519305172,520,Not yet rated,NULL,N/A
ACPW,$1.8199,1440519305316,"31,838",100% bullish,of 4 ratings,$3.50
ACOR,$32.2,1440519305347,"1,458,312",67% bearish,of 3 ratings,$38.50
ATVI,$27.055,1440519305418,"1,561,308",68% bullish,of 84 ratings,$31.50
ADMS,$19.42,1440519305446,"14,765",100% bearish,of 2 ratings,$36
ACUR,$0.5394,1440519305481,"95,629",100% bullish,of 5 ratings,$1
ACTA,$13.43,1440519305520,"34,640",67% bearish,of 3 ratings,$25
ADMP,$3.588,1440519305576,"26,475",50% bullish,of 2 ratings,$10
ACXM,$20.17,1440519305624,"154,611",67% bullish,of 3 ratings,N/A
ADAP,$11.5,1440519305766,"54,933",67% bullish,of 3 ratings,$22
ADUS,$29.12,1440519305936,"23,416",100% bearish,of 1 rating,$31
ADEP,$6.65,1440519306116,"8,844",50% bullish,of 2 ratings,$10.75
ADBE,$77.16,1440519306174,"1,688,058",65% bullish,of 17 ratings,$90
ADMA,$9.42,1440519306201,"6,776",Not yet rated,NULL,$19
ADRO,$19.3,1440519306222,"146,641",80% bullish,of 5 ratings,$45.50
AEIS,$24.325,1440519306259,"48,765",50% bullish,of 2 ratings,$32.50
AEY,$2.36,1440519306355,"16,511",100% bearish,of 2 ratings,N/A
ADTN,$15.19,1440519306383,"78,248",67% bullish,of 3 ratings,$17.125
ADXSW,$9.2,1440519306411,"2,100",100% bullish,of 1 rating,N/A
AMD,$1.77,1440519306543,"3,708,598",83% bullish,of 103 ratings,$2
MULT,NULL,1440519306570,0,100% bearish,of 1 rating,N/A
ADXS,$13.5601,1440519306603,"372,594",64% bullish,of 14 ratings,$27
YPRO,$22.93,1440519306633,"3,718",100% bearish,of 1 rating,N/A
AEGR,$17.385,1440519306732,"88,113",50% bullish,of 6 ratings,$26
AEGN,$17.93,1440519306908,"47,492",100% bearish,of 2 ratings,$21
AMTX,$2.62,1440519307040,"12,202",50% bullish,of 2 ratings,$26.11
AEPI,$53.8,1440519307070,"2,464",100% bearish,of 1 rating,N/A
AEHR,NULL,1440519307103,0,50% bullish,of 2 ratings,N/A
AERI,$16.0599,1440519307124,"104,290",75% bullish,of 4 ratings,$31.50
AEZS,$0.0912,1440519307170,"4,666,978",90% bullish,of 21 ratings,$1.50
AVAV,$23.72,1440519307204,"34,907",50% bullish,of 4 ratings,$31
AEMD,$7.0446,1440519307308,"4,390",Not yet rated,NULL,$27.50
AFMD,$9.96,1440519307336,"67,018",50% bullish,of 4 ratings,$15
AFFX,$9.01,1440519307411,"85,066",80% bullish,of 5 ratings,$12
AGYS,$9.44,1440519307486,"8,960",100% bearish,of 1 rating,N/A
AGEN,$6.79,1440519307512,"332,519",85% bullish,of 13 ratings,$14
AGRX,$8.19,1440519307546,"3,450",100% bearish,of 1 rating,$17.50
AGIO,$85.47,1440519307712,"105,611",88% bullish,of 8 ratings,$114
AGFS,$10.11,1440519307771,"93,733",100% bearish,of 1 rating,N/A
AGFSW,$1.83,1440519307903,"2,243",100% bearish,of 2 ratings,N/A
AIRT,$21.92,1440519307933,100,100% bullish,of 1 rating,N/A
AIRM,$36.03,1440519307955,"57,137",80% bearish,of 5 ratings,$53
AIMT,$21.045,1440519308033,"41,354",Not yet rated,NULL,N/A
ATSG,$8.64,1440519308085,"53,132",67% bullish,of 3 ratings,$13
AMCN,$4.5,1440519308110,"353,496",83% bullish,of 6 ratings,N/A
AIXG,$5.74,1440519308352,"10,342",67% bearish,of 3 ratings,$5.25
AKBA,$6.415,1440519308374,"91,847",100% bearish,of 1 rating,$18
AKER,$2.55,1440519308408,"1,700",Not yet rated,NULL,N/A
AKRX,$40.5343,1440519308435,"214,977",78% bullish,of 9 ratings,$56
AKAM,$68.54,1440519308460,"903,549",63% bullish,of 8 ratings,$77
ALRM,$16.76,1440519308504,"101,453",100% bearish,of 1 rating,$22
ALSK,$2,1440519308610,"32,645",78% bullish,of 18 ratings,$2
ALDR,$38.16,1440519308794,"175,178",67% bearish,of 3 ratings,$62
ADHD,$8.34,1440519308826,"81,294",50% bullish,of 4 ratings,$18
AMRI,$19.36,1440519308853,"128,136",75% bearish,of 4 ratings,$24
ABDC,$11.79,1440519308885,"23,395",Not yet rated,NULL,$15
ALDX,$7,1440519308927,"13,258",100% bearish,of 1 rating,$14.50
ALXA,$1.07,1440519308985,"7,481",83% bullish,of 6 ratings,$2.125
ALCO,$40.97,1440519309071,"2,008",50% bullish,of 2 ratings,N/A
ALXN,$172.72,1440519309112,"501,839",88% bullish,of 8 ratings,$223
ALGN,$55.805,1440519309161,"214,069",100% bearish,of 2 ratings,$73
ALGT,$217.52,1440519309320,"38,405",100% bearish,of 2 ratings,$235
ALIM,$3.23,1440519309360,"30,915",80% bullish,of 5 ratings,$10
ALKS,$60.33,1440519309387,"210,284",67% bullish,of 3 ratings,$75
ALLB,$22.87,1440519309536,400,Not yet rated,NULL,N/A
AFOP,$18.45,1440519309618,"121,238",75% bullish,of 8 ratings,$21
AIQ,$13.61,1440519309665,"2,570",67% bullish,of 3 ratings,N/A
AHGP,$35.58,1440519309852,"19,504",67% bullish,of 3 ratings,N/A
ARLP,$24.13,1440519309906,"48,883",67% bearish,of 3 ratings,$32
ALLT,$5.05,1440519309936,"51,114",75% bullish,of 4 ratings,$6.25
ALQA,$4.2001,1440519309962,"27,106",75% bullish,of 4 ratings,$8.50
MDRX,$13.41,1440519310193,"515,225",60% bullish,of 5 ratings,$16
AHPI,$1.5,1440519310247,115,50% bullish,of 2 ratings,N/A
AMOT,$18.02,1440519310268,"43,042",100% bearish,of 1 rating,N/A
ALNY,$98.42,1440519310305,"178,474",67% bullish,of 3 ratings,$148.50
AOSL,$7.2,1440519310396,"15,655",67% bullish,of 3 ratings,$9
AFAM,$44.4033,1440519310424,"5,929",50% bullish,of 2 ratings,$44
SMCP,$22.69,1440519310494,"1,609",Not yet rated,NULL,N/A
ATEC,$0.58,1440519310567,"58,700",100% bullish,of 1 rating,$2
ALTR,$47.45,1440519310704,"913,976",80% bearish,of 5 ratings,$54
AMAG,$59.91,1440519310729,"117,841",100% bullish,of 2 ratings,$77.50
AIMC,$24.47,1440519310758,"27,547",100% bearish,of 2 ratings,$28.50
ASPS,$26.62,1440519310783,"47,032",67% bullish,of 3 ratings,$46.50
AMRN,$1.98,1440519310915,"411,003",85% bullish,of 39 ratings,$8
AMRK,$10.65,1440519310957,804,50% bullish,of 2 ratings,$14
AYA,$20.61,1440519310982,"27,520",100% bearish,of 1 rating,$40
AMZN,$484.92,1440519311184,"1,325,028",81% bullish,of 263 ratings,$646
AMBC,$15.4,1440519311214,"62,128",100% bearish,of 1 rating,$16.50
AMBA,$91.6164,1440519311235,"1,105,180",83% bullish,of 12 ratings,$102.50
AMBCW,$7.1275,1440519311267,"1,376",100% bearish,of 1 rating,N/A
EPAX,$2.67,1440519311366,"6,925",100% bearish,of 1 rating,N/A
DOX,$56.67,1440519311545,"167,951",50% bullish,of 2 ratings,$60
AMCX,$70.1,1440519311606,"373,758",67% bullish,of 3 ratings,$87.50
ASBI,$22.26,1440519311681,100,Not yet rated,NULL,N/A
AMED,$38.5,1440519311741,"95,194",100% bearish,of 1 rating,$42
AMDA,$0.4453,1440519311826,"740,552",90% bullish,of 10 ratings,$1
AMOV,$17.68,1440519311874,"9,675",100% bearish,of 1 rating,N/A
UHAL,$362.585,1440519311899,"6,455",100% bullish,of 2 ratings,$393.50
AAL,$39.35,1440519312079,"3,527,958",93% bullish,of 88 ratings,$57
AGNC,$19.38,1440519312108,"1,080,168",71% bullish,of 28 ratings,$22
ATAX,$5.14,1440519312135,"183,640",100% bullish,of 1 rating,$6.50
AGNCB,$24.185,1440519312211,"2,240",Not yet rated,NULL,N/A
MTGEP,$24.3,1440519312591,"5,300",Not yet rated,NULL,N/A
AGNCP,$25.192,1440519312677,"9,024",Not yet rated,NULL,N/A
MTGE,$15.35,1440519312707,"108,838",75% bullish,of 4 ratings,$19.50
ACAS,$13.43,1440519312734,"223,482",60% bullish,of 5 ratings,$16.75
ACSF,$12.09,1440519312759,"30,732",100% bearish,of 1 rating,$15
ANCI,$1.43,1440519312811,400,100% bearish,of 1 rating,N/A
AMNB,$22.6,1440519313015,"3,272",Not yet rated,NULL,$25.50
AETI,NULL,1440519313075,0,67% bearish,of 3 ratings,N/A
AMIC,NULL,1440519313169,0,Not yet rated,NULL,N/A
ANAT,$97.32,1440519313233,"29,281",100% bullish,of 1 rating,N/A
AMRB,$9.993,1440519313264,"1,200",Not yet rated,NULL,$11
APEI,$21.1,1440519313291,"18,354",100% bearish,of 1 rating,$25.50
ARII,$37.65,1440519313312,"96,347",67% bearish,of 3 ratings,$45
ASEI,$37.1,1440519313345,"18,949",100% bearish,of 1 rating,$52.50
AMSWA,$8.65,1440519313477,"10,709",100% bearish,of 2 ratings,$10.75
AMSC,$3.93,1440519313566,"119,191",50% bullish,of 4 ratings,N/A
AMWD,$64.645,1440519313877,"83,088",50% bullish,of 2 ratings,$70
ABCB,$26.66,1440519313932,"29,160",Not yet rated,NULL,$31
AMPH,$13.15,1440519313978,"68,679",50% bullish,of 2 ratings,$20
ATLO,$22.5,1440519314008,"2,893",Not yet rated,NULL,N/A
ASRVP,$28.17,1440519314068,394,Not yet rated,NULL,N/A
AMKR,$4.715,1440519314106,"1,123,469",100% bearish,of 2 ratings,$5
AMSF,$47.42,1440519314139,"12,211",Not yet rated,NULL,$57.50
CRMT,$37.08,1440519314167,"23,997",100% bearish,of 1 rating,$39
AMGN,$152.26,1440519314347,"1,622,711",89% bullish,of 19 ratings,$185
ASRV,$3.29,1440519314407,301,100% bullish,of 2 ratings,N/A
AMSG,$79.875,1440519314549,"130,385",100% bearish,of 1 rating,$85.50
AMSGP,NULL,1440519314623,0,Not yet rated,NULL,N/A
ASYS,$5.08,1440519314651,"9,181",67% bullish,of 3 ratings,$12
FOLD,$14.025,1440519314676,"648,896",56% bullish,of 9 ratings,$21
AFSI,$59.05,1440519314912,"99,800",60% bullish,of 5 ratings,$72
AMRS,$1.58,1440519314941,"24,740",70% bullish,of 10 ratings,N/A
ANAC,$129.7,1440519314963,"257,208",80% bullish,of 5 ratings,$180.50
ANAD,$0.3098,1440519315001,"73,173",100% bullish,of 2 ratings,$.50
ADI,$53.0401,1440519315096,"829,773",67% bullish,of 3 ratings,$69
ALOG,$78.3,1440519315117,"11,756",100% bearish,of 2 ratings,$100.50
ANCB,NULL,1440519315259,0,Not yet rated,NULL,$23
ANGI,$4.93,1440519315500,"232,559",64% bullish,of 11 ratings,$5.50
ABCW,$39.23,1440519315529,"3,103",67% bullish,of 3 ratings,N/A
AMCF,$0.2501,1440519315562,"5,900",100% bullish,of 7 ratings,N/A
ANGO,$14.57,1440519315637,"11,536",67% bullish,of 3 ratings,$19
ANIP,$49.93,1440519315667,"21,684",89% bullish,of 19 ratings,$66
ANSS,$88.19,1440519315696,"193,889",100% bearish,of 1 rating,$100
ATRS,$1.77,1440519315721,"177,686",92% bullish,of 12 ratings,$4.50
ANIK,$33.69,1440519315769,"16,010",60% bullish,of 5 ratings,$51.25
ANTH,$7.38,1440519316054,"240,326",80% bullish,of 10 ratings,$13
ABAC,$0.7099,1440519316079,"23,093",100% bearish,of 1 rating,N/A
ATNY,$2.31,1440519316124,"2,328",50% bullish,of 2 ratings,$3.75
APOG,$50.9,1440519316256,"100,479",100% bullish,of 1 rating,$67
AINV,$6.375,1440519316425,"351,727",50% bullish,of 4 ratings,$8
APIC,$6.29,1440519316465,"136,245",100% bearish,of 1 rating,$19
APOL,$10.91,1440519316496,"305,040",87% bearish,of 68 ratings,$14
AAPL,$109,1440519316518,"32,262,884",86% bullish,of 2344 ratings,$150
ARCI,$1.11,1440519316602,"1,000",Not yet rated,NULL,N/A
APDNW,$1.33,1440519316732,"7,198",Not yet rated,NULL,N/A
APDN,$3.155,1440519316758,"15,402",Not yet rated,NULL,$9
APPF,$16.35,1440519316780,"6,300",50% bullish,of 2 ratings,$22
AAOI,$19.71,1440519316977,"83,104",50% bullish,of 4 ratings,$26
AMCC,$5.43,1440519317020,"219,048",80% bullish,of 5 ratings,$8
AGTC,$15.5,1440519317045,"61,391",50% bullish,of 2 ratings,$33
AMAT,$15.44,1440519317215,"6,217,794",82% bullish,of 11 ratings,$23
APRI,$1.2599,1440519317273,"103,240",83% bullish,of 6 ratings,$4.86
AREX,$1.84,1440519317367,"351,201",100% bearish,of 1 rating,$3
APTO,$4.63,1440519317402,920,Not yet rated,NULL,$17
AUMAW,NULL,1440519317533,0,Not yet rated,NULL,N/A
AQMS,$4.7,1440519317559,"15,231",Not yet rated,NULL,N/A
AQXP,$19.1,1440519317636,"1,179,374",50% bullish,of 2 ratings,$2
AUMAU,NULL,1440519317767,0,Not yet rated,NULL,N/A
AUMA,NULL,1440519317792,0,Not yet rated,NULL,N/A
ARDM,$6.93,1440519317923,427,100% bullish,of 1 rating,$26
PETX,$17.36,1440519318055,"125,860",100% bearish,of 2 ratings,$26
ABIO,$0.8646,1440519318338,"48,086",50% bullish,of 2 ratings,$3.75
RKDA,$5.85,1440519318391,"17,294",100% bearish,of 2 ratings,$10
ABUS,$6.99,1440519318413,"152,699",86% bullish,of 14 ratings,$23
ARCW,$3.17,1440519318443,"8,796",100% bearish,of 2 ratings,$10.50
ACAT,$25.78,1440519318572,"39,119",100% bearish,of 3 ratings,$33
ARDX,$17.7401,1440519318607,"24,245",50% bullish,of 2 ratings,$24.50
ARCB,$28.09,1440519318846,"87,446",67% bearish,of 3 ratings,$39.50
ARNA,$2.6901,1440519318907,"763,514",90% bullish,of 77 ratings,$5.50
AGIIL,$25.15,1440519319287,"5,366",Not yet rated,NULL,N/A
ACGL,$68.33,1440519319318,"84,949",50% bullish,of 2 ratings,$72
AGII,$55.53,1440519319387,"35,232",Not yet rated,NULL,$59.50
ARGS,$6.1501,1440519319418,"28,214",50% bullish,of 2 ratings,$19.50
ARIS,$3.21,1440519319449,"19,930",Not yet rated,NULL,$4.50
ARCC,$15.06,1440519319470,"1,104,543",67% bearish,of 3 ratings,$17.875
ARIA,$6.515,1440519319517,"1,058,534",87% bullish,of 46 ratings,$9
ARKR,$24.5,1440519319603,"1,397",50% bullish,of 2 ratings,N/A
ARMH,$41.96,1440519319834,"879,236",54% bearish,of 13 ratings,$61
ARTX,$1.44,1440519319862,"75,006",88% bullish,of 16 ratings,$4.50
ARWAW,NULL,1440519320066,0,Not yet rated,NULL,N/A
ARWA,NULL,1440519320155,0,Not yet rated,NULL,N/A
ARWAR,$0.27,1440519320200,800,Not yet rated,NULL,N/A
DWAT,$9.74,1440519320334,"4,254",100% bearish,of 1 rating,N/A
ARWAU,NULL,1440519320483,0,100% bullish,of 1 rating,N/A
ARQL,$1.6301,1440519320511,"57,118",75% bullish,of 4 ratings,$5
ARRS,$25.61,1440519320538,"392,362",50% bullish,of 2 ratings,$38
ARRY,$5.48,1440519320559,"514,526",100% bullish,of 7 ratings,$10
ARWR,$5.34,1440519320589,"324,618",75% bullish,of 4 ratings,$10.50
AROW,$27.18,1440519320781,"3,386",Not yet rated,NULL,N/A
ARTW,NULL,1440519320886,0,75% bearish,of 4 ratings,N/A
ASBB,NULL,1440519320915,0,Not yet rated,NULL,N/A
ASND,$19.32,1440519320975,"31,467",100% bullish,of 1 rating,$30
ARTNA,$22.3299,1440519321014,"7,766",100% bearish,of 1 rating,$29
ASCMA,$26.45,1440519321042,"26,452",100% bearish,of 1 rating,$45
ASNA,$11.14,1440519321104,"820,381",50% bullish,of 2 ratings,$18
ASTI,$0.1061,1440519321287,"1,010,121",83% bullish,of 6 ratings,$3
ASMI,NULL,1440519321357,0,NULL,NULL,NULL
ASML,$89.38,1440519321416,"406,790",50% bullish,of 4 ratings,$127
AZPN,$37.015,1440519321442,"184,151",50% bullish,of 2 ratings,$42
APWC,$1.9,1440519321475,100,100% bearish,of 1 rating,N/A
ASFI,$8.91,1440519321577,"3,410",100% bullish,of 1 rating,N/A
ASMB,$13.04,1440519321634,"13,029",67% bullish,of 3 ratings,N/A
ASTE,$35.69,1440519321774,"15,219",100% bearish,of 1 rating,$48
ATRO,$51.7,1440519321939,"52,272",100% bearish,of 2 ratings,$80
ALOT,NULL,1440519321974,0,100% bearish,of 1 rating,N/A
ASTC,$2.12,1440519322015,"24,710",100% bullish,of 5 ratings,N/A
ATAI,$2.5301,1440519322174,"5,951",100% bearish,of 1 rating,N/A
ASUR,$5.48,1440519322205,"2,089",50% bullish,of 2 ratings,$8
ATHN,$130.53,1440519322248,"63,291",67% bearish,of 3 ratings,$153
ATRA,$39.77,1440519322351,"49,936",50% bullish,of 2 ratings,$68
ATHX,$1.1132,1440519322391,"115,268",89% bullish,of 9 ratings,$5
AFCB,$27.6,1440519322419,700,Not yet rated,NULL,N/A
AAME,$3.53,1440519322554,100,Not yet rated,NULL,N/A
AAPC,$10.2,1440519322580,583,Not yet rated,NULL,N/A
ACFC,$5.8972,1440519322717,"22,351",Not yet rated,NULL,$6.50
ATNI,$69.79,1440519322848,"27,036",100% bearish,of 1 rating,$69.50
ATLC,$3.74,1440519322911,"8,231",67% bullish,of 3 ratings,N/A
AAWW,$40.45,1440519322937,"86,706",50% bullish,of 2 ratings,$65
AFH,$16.42,1440519323001,"8,404",Not yet rated,NULL,$21.50
ATML,$7.5501,1440519323071,"4,503,101",78% bullish,of 9 ratings,$9.50
ATOS,$0.8099,1440519323100,"87,712",100% bullish,of 7 ratings,$7
ATRC,$24.91,1440519323152,"46,922",100% bullish,of 1 rating,$30
ATRI,$380,1440519323203,583,Not yet rated,NULL,N/A
ATRM,NULL,1440519323251,0,50% bullish,of 2 ratings,N/A
ATTU,$13.4,1440519323383,"20,020",100% bearish,of 1 rating,$20.50
AUBN,$26.43,1440519323461,100,Not yet rated,NULL,N/A
AUDC,$3.1,1440519323636,"17,958",80% bullish,of 5 ratings,$5
LIFE,$13.64,1440519323693,"8,688",86% bullish,of 7 ratings,$43
EARS,$4.35,1440519323719,"4,043",100% bearish,of 2 ratings,$11.50
AUPH,$2.92,1440519323851,"19,158",100% bearish,of 1 rating,$8
ADSK,$50.21,1440519323997,"795,147",67% bullish,of 6 ratings,$69.50
ADAT,$0.3751,1440519324025,"2,043,958",100% bullish,of 2 ratings,N/A
ADP,$76.581,1440519324067,"693,811",100% bearish,of 1 rating,$88
ABTL,$17.145,1440519324097,"92,458",100% bullish,of 4 ratings,$20.25
AVGO,$112.8297,1440519324199,"1,107,413",88% bullish,of 8 ratings,$165
AVEO,$1.341,1440519324239,"190,900",75% bullish,of 8 ratings,$3
AAVL,$10.28,1440519324268,"107,792",100% bearish,of 1 rating,$20
AVNU,$12.16,1440519324417,581,Not yet rated,NULL,$14
AVNW,$1.12,1440519324548,"67,863",50% bullish,of 2 ratings,$2.20
AVID,$8,1440519324602,"158,181",100% bearish,of 1 rating,$20
CAR,$41.5675,1440519324691,"600,810",80% bullish,of 5 ratings,$60
AVGR,$14.39,1440519324716,"12,200",100% bearish,of 1 rating,$20
AWRE,$3.1,1440519324885,"35,803",67% bullish,of 3 ratings,N/A
AXPW,$1.1,1440519324915,"13,206",83% bullish,of 6 ratings,N/A
ACLS,$3.1299,1440519324941,"170,767",67% bullish,of 6 ratings,$4.75
AXPWW,NULL,1440519325015,0,Not yet rated,NULL,N/A
AXGN,$3.8758,1440519325071,"7,904",Not yet rated,NULL,$5
RILY,$9.97,1440519325147,200,Not yet rated,NULL,N/A
AXTI,$2.15,1440519325173,"36,003",50% bullish,of 2 ratings,$2.75
BCOM,NULL,1440519325247,0,100% bearish,of 1 rating,N/A
BOSC,$2.3299,1440519325359,"1,502",50% bullish,of 2 ratings,N/A
BEAV,$47.95,1440519325388,"449,743",67% bearish,of 3 ratings,$59
BIDU,$148.06,1440519325461,"1,823,277",81% bullish,of 88 ratings,$210
BWINA,NULL,1440519325675,0,Not yet rated,NULL,N/A
BCPC,$56.09,1440519325765,"73,267",100% bearish,of 1 rating,$75
BWINB,$22.75,1440519325804,"6,030",Not yet rated,NULL,N/A
BOCH,$5.73,1440519325959,"8,537",Not yet rated,NULL,$6.50
BANFP,NULL,1440519326001,0,Not yet rated,NULL,N/A
BANF,$59.01,1440519326030,"2,835",Not yet rated,NULL,$68
BLDP,$1.2088,1440519326056,"180,685",91% bullish,of 22 ratings,$2.50
BKMU,$6.9,1440519326081,"12,153",Not yet rated,NULL,$8
BOTJ,$11.11,1440519326291,500,Not yet rated,NULL,N/A
BMRC,$48.88,1440519326369,"1,700",Not yet rated,NULL,$52
BKSC,$15.2,1440519326395,"4,588",Not yet rated,NULL,N/A
OZRK,$40.59,1440519326473,"207,341",67% bullish,of 3 ratings,$49.50
BFIN,$11.98,1440519326524,"14,080",Not yet rated,NULL,$13
BWFG,$17.98,1440519326601,500,100% bearish,of 1 rating,N/A
BANR,$43.22,1440519326668,"15,897",100% bullish,of 3 ratings,$50
TAPR,$31.2,1440519326935,"1,200",100% bearish,of 1 rating,N/A
BZUN,$4.84,1440519326974,"362,400",50% bullish,of 2 ratings,$12.60
BHAC,NULL,1440519327247,0,Not yet rated,NULL,N/A
BHACR,NULL,1440519327301,0,Not yet rated,NULL,N/A
BHACU,NULL,1440519327328,0,Not yet rated,NULL,N/A
BBSI,$34.32,1440519327355,"11,399",67% bearish,of 3 ratings,$62.50
BHACW,NULL,1440519327409,0,Not yet rated,NULL,N/A
BYLK,$12.69,1440519327799,400,Not yet rated,NULL,$14
BSET,$28.91,1440519327836,"9,751",100% bearish,of 1 rating,$35
BYBK,$4.79,1440519327863,100,100% bearish,of 1 rating,N/A
BBCN,$14.16,1440519327934,"65,790",100% bearish,of 1 rating,$16
BV,$5.055,1440519327960,"127,015",67% bullish,of 6 ratings,$9
BCBP,$11.68,1440519328007,"1,488",Not yet rated,NULL,N/A
BDCV,$4.75,1440519328034,"1,781",100% bearish,of 1 rating,$10.19
BECN,$34.75,1440519328166,"159,222",50% bullish,of 2 ratings,$40
BSF,$8.24,1440519328236,"9,101",Not yet rated,NULL,N/A
BBGI,$4.25,1440519328460,600,100% bearish,of 1 rating,N/A
BEBE,$1.75,1440519328490,"69,008",75% bullish,of 4 ratings,$3.075
BBBY,$61.09,1440519328589,"893,127",71% bullish,of 7 ratings,$75
BELFA,$15.3,1440519328616,708,100% bearish,of 1 rating,N/A
BLCM,$17.14,1440519328789,"118,940",50% bullish,of 4 ratings,$40
BELFB,$18.085,1440519328819,"4,100",100% bearish,of 1 rating,N/A
BNCL,$12.21,1440519328841,"110,879",100% bullish,of 3 ratings,$12.50
BLPH,$5.04,1440519328870,"23,051",100% bearish,of 1 rating,$12.50
BNFT,$35.42,1440519329017,"34,873",67% bullish,of 3 ratings,$46
BNTC,$8.0101,1440519329045,"16,300",100% bullish,of 1 rating,N/A
BGMD,$0.7901,1440519329107,"85,925",100% bullish,of 10 ratings,N/A
BGCP,$8.72,1440519329135,"365,680",88% bullish,of 8 ratings,$14
BGFV,$10.57,1440519329265,"17,532",57% bullish,of 7 ratings,$12
BIND,$4.38,1440519329294,"11,643",75% bullish,of 4 ratings,$13.50
ORPN,$5.52,1440519329523,"5,663",100% bullish,of 1 rating,$28.50
BCRX,$11.18,1440519329573,"248,477",63% bullish,of 8 ratings,$18
BASI,$1.47,1440519329600,792,Not yet rated,NULL,N/A
BCDA,NULL,1440519329658,0,Not yet rated,NULL,N/A
BIOC,$1.9932,1440519329731,"176,840",83% bullish,of 6 ratings,$3.85
BIOD,$0.6819,1440519329784,"40,771",80% bullish,of 5 ratings,$4
BDSI,$6.39,1440519329814,"327,185",88% bullish,of 8 ratings,$17
BIIB,$295.44,1440519329917,"935,963",88% bullish,of 16 ratings,$400
BIOL,$1.3792,1440519330099,"8,515",Not yet rated,NULL,N/A
BLFS,$2.07,1440519330129,"31,094",100% bearish,of 1 rating,$4.75
BLRX,$1.28,1440519330188,"119,083",100% bullish,of 12 ratings,$5
BMRN,$125.21,1440519330230,"328,188",80% bullish,of 5 ratings,$160
BVXV,$3.5799,1440519330325,"1,050",Not yet rated,NULL,N/A
BRLI,NULL,1440519330425,0,NULL,NULL,NULL
BIOS,$2.165,1440519330495,"621,458",71% bullish,of 7 ratings,$4
BVXVW,NULL,1440519330520,0,100% bearish,of 1 rating,N/A
BPTH,$1.05,1440519330602,"24,935",100% bullish,of 2 ratings,$5
BBP,$31.38,1440519330704,"24,115",Not yet rated,NULL,N/A
BBC,$29.99,1440519330730,"12,702",Not yet rated,NULL,N/A
BSTC,$47.879,1440519330756,"8,279",100% bearish,of 1 rating,$76
BSPM,$0.6501,1440519330778,"13,945",50% bullish,of 2 ratings,N/A
BOTA,$2.14,1440519330908,"30,766",88% bullish,of 8 ratings,N/A
TECH,$95.25,1440519331040,"42,712",100% bullish,of 1 rating,$117
BEAT,$14.425,1440519331267,"294,384",67% bearish,of 3 ratings,$15
BITI,$17.24,1440519332613,"23,533",100% bullish,of 1 rating,$28
BDMS,$13.13,1440519332663,200,100% bearish,of 1 rating,N/A
BJRI,$44.22,1440519333080,"99,183",50% bullish,of 2 ratings,$55
BBOX,$14.74,1440519333403,"13,210",100% bearish,of 1 rating,N/A
BDE,$7.22,1440519333437,"30,340",50% bullish,of 2 ratings,$9
BLKB,$58.01,1440519333568,"58,711",100% bearish,of 2 ratings,$66
HAWK,$40.21,1440519333628,"138,006",91% bullish,of 11 ratings,$49
BKCC,$9.0175,1440519333726,"157,079",100% bullish,of 2 ratings,$10
BBRY,$6.88,1440519333942,"1,704,955",61% bullish,of 330 ratings,$9
ADRA,$26.505,1440519334258,"1,101",100% bearish,of 1 rating,N/A
ADRD,$22.04,1440519334313,"4,032",100% bearish,of 1 rating,N/A
ADRE,$29.33,1440519334356,"8,526",100% bearish,of 1 rating,N/A
ADRU,$21.6301,1440519334446,"1,676",100% bearish,of 1 rating,N/A
BCOR,$13.4,1440519334472,"41,445",57% bullish,of 7 ratings,$15
BLBD,$11.65,1440519334626,"3,376",Not yet rated,NULL,N/A
BLMN,$19.46,1440519334820,"544,084",83% bullish,of 6 ratings,$27.50
BBLU,$0.7526,1440519334884,"28,969",100% bullish,of 2 ratings,$4.43
BUFF,$26.44,1440519334975,"90,520",83% bullish,of 12 ratings,$31.50
BHBK,$13.89,1440519335503,"13,666",100% bullish,of 1 rating,$14.50
NILE,$33.04,1440519335541,"29,034",50% bullish,of 2 ratings,$34
BLUE,$126.45,1440519335755,"192,967",71% bullish,of 7 ratings,$217.50
BKEP,$6.1724,1440519335803,"57,133",100% bearish,of 1 rating,$8.50
BKEPP,$7.55,1440519336498,"1,470",100% bearish,of 1 rating,N/A
BPMC,$27.21,1440519337231,"22,859",50% bullish,of 2 ratings,$47.50
BOBE,$43.03,1440519337602,"49,908",75% bullish,of 4 ratings,$57
BOFI,$122.79,1440519338563,"67,938",100% bullish,of 6 ratings,$144
WIFI,$7.7199,1440519338738,"112,287",50% bullish,of 2 ratings,$13.50
BNCN,$20.4,1440519339033,"37,352",Not yet rated,NULL,$23
BOJA,$20.86,1440519339234,"70,589",100% bullish,of 1 rating,$30
BOKF,$59.34,1440519339267,"111,398",100% bearish,of 1 rating,$70.50
BONA,$11.7499,1440519339490,"190,293",75% bullish,of 4 ratings,$8.50
BNSO,$1.37,1440519339957,400,100% bearish,of 1 rating,N/A
BPFH,$11.501,1440519340315,"77,231",100% bearish,of 1 rating,$14
BAMM,$3.16,1440519340345,"3,245",60% bullish,of 5 ratings,N/A
BPFHW,NULL,1440519340447,0,100% bearish,of 1 rating,N/A
EPAY,$25,1440519340518,"31,615",100% bearish,of 2 ratings,$30
BDBD,$8.145,1440519340543,"276,084",60% bullish,of 5 ratings,$10
BPFHP,$25.64,1440519340575,608,100% bearish,of 1 rating,N/A
BBRG,$12.04,1440519341924,"49,657",67% bullish,of 3 ratings,$14.50
BCLI,$2.9,1440519341972,"34,021",80% bullish,of 5 ratings,$12
BLIN,$1.4099,1440519342126,500,50% bullish,of 2 ratings,$2.20
BBEPP,$12.55,1440519342156,"36,635",100% bearish,of 1 rating,N/A
BCOV,$5.1801,1440519342221,"27,402",67% bullish,of 3 ratings,$10.20
BDGE,$26.67,1440519342263,"2,472",Not yet rated,NULL,$31.75
BRID,NULL,1440519342288,0,100% bearish,of 1 rating,N/A
BBEP,$2.4248,1440519342366,"822,797",69% bullish,of 13 ratings,$5.625
BRCM,$48.76,1440519345980,"1,175,755",75% bullish,of 12 ratings,$56
BSFT,$30.41,1440519346006,"59,429",57% bullish,of 7 ratings,$40.50
BVSN,$5.9699,1440519347243,905,60% bearish,of 5 ratings,N/A
BYFC,$1.32,1440519347287,"2,926",50% bullish,of 2 ratings,N/A
BRCD,$10.37,1440519347336,"1,531,928",92% bullish,of 13 ratings,$11.50
BRKS,$10.11,1440519347363,"24,428",67% bullish,of 3 ratings,$15.25
BRKL,$10.44,1440519347384,"60,024",100% bearish,of 1 rating,$10.75
BWEN,$3.2,1440519347516,"24,084",100% bullish,of 3 ratings,$8
BMTC,$28.63,1440519347544,"8,993",Not yet rated,NULL,$34
BSQR,$5.855,1440519347693,"30,565",67% bullish,of 3 ratings,N/A
BLMT,$20.88,1440519347836,"7,501",Not yet rated,NULL,N/A
BWLD,$191.18,1440519347868,"98,711",82% bullish,of 11 ratings,$205
BLDR,$14.3057,1440519347901,"234,001",50% bullish,of 2 ratings,$22
BRKR,$18.705,1440519347971,"95,958",100% bearish,of 2 ratings,$22
BUR,$1.81,1440519348000,406,100% bearish,of 1 rating,$8
CHRW,$66.16,1440519348130,"471,092",Not yet rated,NULL,$72
CFFI,$34.01,1440519348173,"2,385",100% bearish,of 1 rating,N/A
CA,$26.61,1440519348392,"782,606",50% bullish,of 4 ratings,$33
CDNS,$19.38,1440519348601,"516,303",75% bullish,of 4 ratings,$22.50
CCMP,$42.75,1440519348680,"22,105",50% bullish,of 2 ratings,$59
CACQ,$7.18,1440519348717,"17,301",100% bearish,of 1 rating,$12.25
CSTE,$43.5,1440519348747,"186,519",100% bearish,of 1 rating,$65
PRSS,$4.25,1440519348812,"10,592",80% bullish,of 5 ratings,$4.50
CZR,$9.46,1440519348841,"487,154",60% bearish,of 5 ratings,$10.50
CDZI,$7.52,1440519348871,"11,878",100% bearish,of 1 rating,N/A
CLBS,$1.32,1440519348941,"37,791",79% bullish,of 14 ratings,$4
CLMS,$10.54,1440519349242,"31,738",Not yet rated,NULL,$10.50
CHI,$10.35,1440519349298,"135,580",100% bearish,of 1 rating,N/A
CHY,$11.13,1440519349450,"108,553",Not yet rated,NULL,N/A
CFGE,$10.345,1440519349487,253,Not yet rated,NULL,N/A
CGO,$11.65,1440519349513,"40,106",100% bearish,of 1 rating,N/A
CHW,$7.37,1440519349534,"125,175",100% bearish,of 1 rating,N/A
CCD,$19.03,1440519349563,"46,270",Not yet rated,NULL,N/A
CSQ,$9.64,1440519349791,"199,392",Not yet rated,NULL,N/A
CVGW,$55.12,1440519349891,"39,581",50% bullish,of 2 ratings,$58.50
CAMP,$15.85,1440519350067,"78,563",88% bullish,of 8 ratings,$25
CFNB,NULL,1440519350323,0,100% bearish,of 1 rating,N/A
CALD,$15.15,1440519350372,"82,527",100% bearish,of 1 rating,$20.50
CALA,$4.8,1440519350622,"117,678",100% bullish,of 3 ratings,$19.50
CALM,$47.97,1440519350643,"252,623",80% bullish,of 5 ratings,$65
CLMT,$25.15,1440519350676,"159,679",75% bullish,of 8 ratings,$31
CAMB,$10.05,1440519350722,400,Not yet rated,NULL,N/A
ABCD,$4.98,1440519350778,"22,588",83% bullish,of 6 ratings,N/A
CAC,$40.16,1440519350923,"1,920",Not yet rated,NULL,N/A
CAMBW,NULL,1440519350976,0,Not yet rated,NULL,N/A
CAMBU,NULL,1440519351058,0,100% bearish,of 1 rating,N/A
CSIQ,$18.3701,1440519351169,"1,587,570",86% bullish,of 28 ratings,$45
CAMT,$2.68,1440519351203,"19,090",73% bullish,of 11 ratings,$4
CGIX,$9.0034,1440519351242,"6,728",67% bullish,of 3 ratings,$14.375
CPHC,$10.5,1440519351301,200,100% bearish,of 1 rating,N/A
CPLA,$47.09,1440519351462,"21,479",67% bearish,of 3 ratings,$65
CBNJ,$10.67,1440519351535,"4,092",100% bullish,of 1 rating,N/A
CFFN,$11.82,1440519352482,"223,792",Not yet rated,NULL,$12.75
CSWC,$44.81,1440519352508,"2,594",Not yet rated,NULL,N/A
CCBG,$14.6443,1440519352545,200,Not yet rated,NULL,$17.25
CPTA,$13.86,1440519352575,"41,870",100% bearish,of 1 rating,$18.50
CPLP,$6.825,1440519352601,"155,532",71% bullish,of 7 ratings,$11
CAPNW,NULL,1440519352637,0,Not yet rated,NULL,N/A
CBF,$28.77,1440519352662,"31,935",Not yet rated,NULL,$32
CAPN,$1.79,1440519352690,"71,002",100% bullish,of 1 rating,$10.85
CAPR,$4.1,1440519353299,"4,800",Not yet rated,NULL,$12
CARA,$19.6701,1440519353346,"149,349",50% bullish,of 4 ratings,$25
CPST,$0.363,1440519353484,"297,500",95% bullish,of 22 ratings,$1.25
CARB,$11.21,1440519353512,"58,574",75% bullish,of 4 ratings,$12
CBYL,$5.1808,1440519353957,"10,260",100% bearish,of 1 rating,$20
CRDC,$0.37,1440519354261,"93,033",100% bullish,of 1 rating,$1.25
CATM,$33.75,1440519354404,"43,757",100% bearish,of 1 rating,$44
CDNA,$6.35,1440519354434,"3,100",100% bearish,of 1 rating,$9
CRME,$8.9,1440519354456,"12,335",89% bullish,of 9 ratings,$11.25
CSII,$23.64,1440519354478,"55,613",100% bearish,of 2 ratings,$42.125
CFNL,$21.68,1440519354608,"15,677",Not yet rated,NULL,$24
CECO,$3.46,1440519354637,"147,647",67% bearish,of 3 ratings,$6
CTRE,$11.55,1440519354737,"248,996",50% bullish,of 2 ratings,N/A
CLBH,$12.54,1440519354910,350,Not yet rated,NULL,$16.50
CARO,$15.01,1440519354950,"3,311",100% bearish,of 1 rating,$19
CART,$5.3,1440519354993,830,100% bearish,of 1 rating,N/A
CKEC,$22.34,1440519355018,"73,851",50% bullish,of 2 ratings,$35.915
CRZO,$28.62,1440519355093,"407,031",67% bearish,of 3 ratings,$57
TAST,$12.21,1440519355184,"133,020",Not yet rated,NULL,$14.25
CASM,$1.1,1440519355467,"4,482",100% bullish,of 1 rating,$3.50
CRTN,$2.52,1440519355494,"3,102",100% bearish,of 1 rating,N/A
CARV,$6.7,1440519355526,"23,583",50% bullish,of 2 ratings,N/A
CSCD,$14.91,1440519355555,"28,972",100% bullish,of 2 ratings,$17
CACB,$5.2732,1440519355625,"14,530",Not yet rated,NULL,$5.50
CWST,$5.99,1440519355652,"31,659",50% bullish,of 2 ratings,$7.25
CASY,$103.95,1440519355787,"66,648",50% bullish,of 2 ratings,$99.50
CASI,$1.4468,1440519355818,"6,907",100% bullish,of 1 rating,$3.50
CASS,$46.39,1440519355880,"14,804",100% bearish,of 1 rating,N/A
CPRX,$3.41,1440519356035,"301,250",71% bullish,of 7 ratings,$7
CATB,$11.07,1440519356113,"2,182",100% bearish,of 1 rating,$28
CVCO,$72.23,1440519356139,"11,621",100% bearish,of 1 rating,N/A
CATY,$28.71,1440519356160,"250,617",100% bearish,of 1 rating,$33.50
CATYW,$8.27,1440519356191,500,100% bearish,of 1 rating,N/A
CAVM,$64.36,1440519356410,"147,842",67% bearish,of 3 ratings,$72
CBFV,NULL,1440519356450,0,Not yet rated,NULL,N/A
CNLMU,$10.37,1440519356603,298,100% bullish,of 1 rating,N/A
CNLMR,NULL,1440519356630,0,Not yet rated,NULL,N/A
CNLMW,NULL,1440519356663,0,Not yet rated,NULL,N/A
CNLM,NULL,1440519356689,0,Not yet rated,NULL,N/A
CBOE,$61.16,1440519356711,"86,887",Not yet rated,NULL,$60
CDK,$47.11,1440519356766,"106,578",67% bearish,of 3 ratings,$50
CELG,$119.22,1440519357041,"2,273,330",92% bullish,of 13 ratings,$155.50
CECE,$9.12,1440519357132,"25,923",50% bullish,of 2 ratings,$16
CPXX,$2.0401,1440519357183,"81,635",100% bullish,of 2 ratings,$7
CELGZ,$1.65,1440519357214,"10,199",80% bullish,of 5 ratings,N/A
CLDX,$14.64,1440519357264,"1,317,816",89% bullish,of 9 ratings,$36
CLDN,$1.03,1440519357317,"61,405",71% bullish,of 7 ratings,$3
CDW,$38.5,1440519357546,"248,058",75% bullish,of 4 ratings,$44
CLRBW,NULL,1440519357696,0,Not yet rated,NULL,N/A
CLSN,$1.9043,1440519357727,"52,437",80% bullish,of 10 ratings,$7.50
CLRB,$3.11,1440519357749,"1,800",100% bearish,of 1 rating,N/A
CBMG,$22.16,1440519357776,"25,332",50% bullish,of 2 ratings,N/A
CLLS,$29.25,1440519357797,"30,865",75% bullish,of 4 ratings,$51.50
CLTX,$2.97,1440519357883,"316,523",100% bullish,of 2 ratings,N/A
CYAD,$51.44,1440519358099,"1,341",100% bullish,of 1 rating,$87.50
CEMP,$34.4899,1440519358186,"180,371",71% bullish,of 7 ratings,$52
CETV,$2.03,1440519358291,"14,268",67% bullish,of 3 ratings,$2.80
CETX,$2.39,1440519358331,"7,323",Not yet rated,NULL,$5.60
CSFL,$13.7201,1440519358460,"28,388",Not yet rated,NULL,$15
CFBK,NULL,1440519358485,0,Not yet rated,NULL,N/A
CVCY,$11.25,1440519358685,6,Not yet rated,NULL,$12
CENT,$11.81,1440519358755,"16,650",Not yet rated,NULL,$10
CENX,$4.875,1440519358782,"556,596",67% bullish,of 6 ratings,$9
CENTA,$12.735,1440519358841,"60,439",Not yet rated,NULL,N/A
CNTY,$6.1,1440519358974,"8,806",80% bullish,of 5 ratings,$7.75
CRNT,$1.33,1440519359023,"177,172",50% bullish,of 2 ratings,$2
CNBKA,NULL,1440519359049,0,50% bullish,of 2 ratings,N/A
CPHD,$47.285,1440519359180,"181,831",50% bullish,of 2 ratings,$66.50
CERE,$1.05,1440519359551,"132,833",88% bullish,of 8 ratings,N/A
CERN,$62.06,1440519359768,"498,972",67% bullish,of 3 ratings,$79
CERU,$3.34,1440519359804,"31,940",75% bullish,of 4 ratings,$15
CERS,$4.76,1440519359933,"273,476",75% bullish,of 4 ratings,$7
KOOL,$0.65,1440519359976,"1,830",100% bullish,of 5 ratings,$7
CEVA,$17.65,1440519360002,"27,844",100% bearish,of 1 rating,$25
CYOU,$20.2,1440519360030,"40,696",50% bullish,of 6 ratings,$24
HOTR,$1.53,1440519360073,"177,276",100% bullish,of 2 ratings,$5
HOTRW,NULL,1440519360204,0,Not yet rated,NULL,N/A
CTHR,$1.3,1440519360367,600,50% bullish,of 2 ratings,$2.50
GTLS,$22.18,1440519360514,"63,374",50% bullish,of 4 ratings,$40
CHTR,$175.51,1440519360581,"326,970",100% bearish,of 2 ratings,$196
CHEK,$2.65,1440519360644,"4,570",Not yet rated,NULL,$7.75
CHFN,$12.235,1440519360672,"6,911",Not yet rated,NULL,$14
CHKP,$77.65,1440519360693,"487,787",50% bullish,of 4 ratings,$92
CHEKW,NULL,1440519360724,0,Not yet rated,NULL,N/A
CEMI,$3.88,1440519361278,"4,450",50% bullish,of 2 ratings,$7.50
CCXI,$6.6,1440519361527,"20,047",67% bullish,of 3 ratings,$14
CHMG,$26.275,1440519361561,"2,700",Not yet rated,NULL,$30
CHFC,$30.68,1440519361663,"29,178",100% bearish,of 1 rating,$36
CHKE,$25.57,1440519361697,"6,167",100% bearish,of 1 rating,$32.50
CHEV,$14.47,1440519361719,800,Not yet rated,NULL,N/A
CBNK,$16.49,1440519361749,500,100% bearish,of 1 rating,N/A
CHMA,$23.805,1440519361796,"52,146",Not yet rated,NULL,$40
PLCE,$60.2,1440519361937,"296,453",100% bearish,of 1 rating,$71
CMRX,$46.33,1440519362187,"91,973",50% bullish,of 2 ratings,$57
CADC,$3.1562,1440519362287,200,78% bullish,of 9 ratings,N/A
CALI,$0.959,1440519362313,"5,550",67% bullish,of 3 ratings,N/A
CAAS,$5.8,1440519362346,"20,273",93% bullish,of 14 ratings,$11.50
CBAK,$1.71,1440519362443,"42,071",67% bullish,of 9 ratings,N/A
CBPO,$99.06,1440519362471,"100,869",75% bullish,of 8 ratings,$140.50
CCCL,$0.784,1440519362496,"5,675",100% bullish,of 6 ratings,N/A
JRJC,$3.14,1440519362659,"105,103",82% bullish,of 11 ratings,N/A
CCCR,$0.8301,1440519362708,"7,200",67% bearish,of 3 ratings,N/A
CHOP,$1.22,1440519363151,"2,000",50% bullish,of 2 ratings,N/A
CHLN,$2.17,1440519363198,"23,790",67% bullish,of 3 ratings,N/A
HGSH,$1.6749,1440519363279,"8,747",67% bullish,of 3 ratings,N/A
CJJD,$1.8198,1440519363304,"72,871",100% bullish,of 1 rating,N/A
CNIT,$1.435,1440519363350,"55,355",67% bullish,of 6 ratings,N/A
HTHT,$24.29,1440519363376,"27,743",50% bullish,of 2 ratings,$28.40
CREG,$0.66,1440519363451,"22,953",100% bullish,of 3 ratings,N/A
CHNR,$1.69,1440519363510,"3,804",100% bearish,of 1 rating,N/A
CPGI,$6.79,1440519363683,100,Not yet rated,NULL,N/A
CSUN,$1.4523,1440519363760,"10,415",80% bullish,of 5 ratings,N/A
CXDC,$5.998,1440519363811,"12,761",67% bullish,of 3 ratings,N/A
CNYD,$2.957,1440519363841,"5,200",67% bullish,of 3 ratings,N/A
CCIH,$6.515,1440519363862,"132,760",67% bullish,of 6 ratings,$12.65
CNTF,$0.83,1440519363902,"37,284",Not yet rated,NULL,N/A
CNET,$0.8229,1440519363992,"15,353",50% bullish,of 2 ratings,N/A
IMOS,$16.63,1440519364023,"101,537",60% bullish,of 5 ratings,$21.50
CHSCM,$25.6168,1440519364341,"11,775",Not yet rated,NULL,N/A
CHSCN,$26.512,1440519364412,"5,491",Not yet rated,NULL,N/A
CHSCL,$26.75,1440519364438,"5,466",Not yet rated,NULL,N/A
CHSCO,$28.05,1440519364493,"4,700",Not yet rated,NULL,N/A
CHSCP,$30.5619,1440519364582,"2,586",Not yet rated,NULL,N/A
CHDN,$133.175,1440519364663,"11,638",Not yet rated,NULL,$165
CIFC,$6.86,1440519364692,100,100% bearish,of 1 rating,N/A
CDTX,$14.21,1440519364720,"3,404",Not yet rated,NULL,$22
CHUY,$31.115,1440519364847,"76,096",50% bullish,of 2 ratings,$34
CMCT,$15.05,1440519364948,605,100% bearish,of 1 rating,N/A
CINF,$52.39,1440519364978,"255,474",50% bullish,of 4 ratings,$50.50
CIDM,$0.6016,1440519365047,"30,900",50% bullish,of 2 ratings,$2.10
CMPR,$68.52,1440519365074,"103,618",50% bullish,of 2 ratings,$72.50
CTAS,$83.33,1440519365203,"125,182",100% bearish,of 1 rating,$91
CPHR,$5.81,1440519365385,"2,050",100% bearish,of 1 rating,$17
CRUS,$27.89,1440519365438,"363,879",75% bullish,of 12 ratings,$44.50
CTRN,$27.47,1440519365517,"43,775",100% bearish,of 1 rating,$31.50
CSCO,$25.625,1440519365574,"7,820,790",84% bullish,of 208 ratings,$32
CZWI,$8.89,1440519365608,301,Not yet rated,NULL,N/A
CZNC,$19.65,1440519365633,"11,557",Not yet rated,NULL,N/A
CTXS,$69,1440519365986,"601,626",86% bullish,of 7 ratings,$80
CIZN,$19.54,1440519366013,"1,060",Not yet rated,NULL,N/A
CZFC,NULL,1440519366039,0,Not yet rated,NULL,N/A
CIVB,$10.0499,1440519366171,"1,695",Not yet rated,NULL,$11
CDTI,$1.555,1440519366200,"56,368",75% bullish,of 4 ratings,$3.20
CIVBP,NULL,1440519366221,0,Not yet rated,NULL,N/A
CHCO,$46.46,1440519366250,"16,580",Not yet rated,NULL,$46
CLNT,$1.4,1440519366648,"39,512",75% bullish,of 8 ratings,N/A
CLFD,$17.34,1440519366674,"12,845",67% bullish,of 3 ratings,$18
CLIR,$4.8057,1440519366712,"6,300",100% bullish,of 3 ratings,N/A
CBLI,$3.65,1440519366763,"14,471",60% bullish,of 5 ratings,N/A
CLNE,$4.32,1440519366793,"417,942",80% bullish,of 15 ratings,$9
CSBK,$13.65,1440519366824,"40,062",Not yet rated,NULL,N/A
CLRO,$11.48,1440519366897,"2,351",50% bullish,of 2 ratings,$14.25
CLVS,$69.72,1440519366923,"292,735",60% bullish,of 5 ratings,$101.50
CMFN,$11.7,1440519367177,"3,930",100% bearish,of 1 rating,$15.50
CME,$91.415,1440519367231,"512,952",67% bullish,of 3 ratings,$102
CCNE,$16.46,1440519367366,"2,300",50% bullish,of 2 ratings,$21.50
CISG,$7.4801,1440519367394,"103,741",100% bullish,of 5 ratings,$10
CNV,$4.44,1440519367448,"4,042",50% bullish,of 2 ratings,$7.15
CWAY,$11.21,1440519367482,700,Not yet rated,NULL,N/A
COBZ,$12.67,1440519367579,"42,498",100% bullish,of 1 rating,$14
COKE,$158.3583,1440519367605,"5,313",79% bullish,of 19 ratings,N/A
CDRB,$11.03,1440519367855,"5,728",67% bullish,of 3 ratings,N/A
CDXS,$3.59,1440519367904,"19,892",64% bullish,of 11 ratings,$6
CVLY,$20.36,1440519367929,"3,102",Not yet rated,NULL,N/A
CCOI,$27.8,1440519367959,"86,445",50% bullish,of 4 ratings,$35
JVA,$4.46,1440519367998,"9,907",83% bullish,of 6 ratings,$7
CGNX,$34.59,1440519368168,"534,269",50% bullish,of 2 ratings,$47
CGNT,$1.6058,1440519368196,"30,910",100% bullish,of 2 ratings,$2
CTSH,$61.81,1440519368395,"1,335,369",90% bullish,of 10 ratings,$75
CHRS,$27.98,1440519368667,"47,505",67% bearish,of 3 ratings,$37
COHR,$55.71,1440519368693,"32,882",50% bullish,of 2 ratings,$72
CLCT,$18.5175,1440519368764,"6,727",100% bearish,of 1 rating,N/A
CBAN,$8.89,1440519368829,"1,000",Not yet rated,NULL,N/A
COHU,$9.48,1440519368857,"20,597",100% bearish,of 1 rating,$14.25
COLL,$14.58,1440519368936,"14,235",100% bearish,of 1 rating,$26
CIGI,$42.57,1440519368989,"3,714",100% bearish,of 1 rating,$52
CLRX,$0.5465,1440519369014,"27,323",50% bullish,of 2 ratings,N/A
CLCD,$6.84,1440519369234,"43,034",100% bearish,of 1 rating,$20.50
COLB,$29.45,1440519369260,"51,550",Not yet rated,NULL,$36
CMCO,$18.33,1440519369404,"11,677",60% bullish,of 5 ratings,$28
COLM,$59.96,1440519369430,"31,635",100% bearish,of 1 rating,$71
CMCSA,$55.39,1440519369470,"3,494,188",66% bullish,of 35 ratings,$69.50
CBMX,$1.18,1440519369501,"28,650",83% bullish,of 6 ratings,$3.15
CMCSK,$55.9101,1440519369706,"1,000,748",Not yet rated,NULL,$84
CBSHP,$25.3,1440519369812,485,100% bearish,of 1 rating,N/A
CBSH,$43.88,1440519369841,"157,169",50% bullish,of 2 ratings,$46
COMM,$28.71,1440519369871,"186,734",67% bearish,of 3 ratings,$35
CVGI,$4.52,1440519369977,"34,482",50% bullish,of 2 ratings,$6
CUBN,NULL,1440519370005,0,Not yet rated,NULL,N/A
CSAL,$20.16,1440519370074,"159,816",75% bullish,of 4 ratings,$30
ESXB,$5.06,1440519370137,"69,300",Not yet rated,NULL,N/A
CYHHZ,$0.0104,1440519370279,"72,033",100% bullish,of 1 rating,N/A
JCS,$8.5,1440519370340,"4,848",67% bullish,of 3 ratings,N/A
CTBI,$34.17,1440519370483,"11,897",Not yet rated,NULL,$36
CVLT,$35.64,1440519370530,"126,371",75% bullish,of 4 ratings,$44.50
CWBC,NULL,1440519370631,0,Not yet rated,NULL,N/A
COB,$10.42,1440519370661,"2,732",100% bullish,of 1 rating,$11.75
CIL,$33.3,1440519370737,200,Not yet rated,NULL,N/A
CIZ,$33.05,1440519370763,"3,061",100% bearish,of 1 rating,N/A
CID,NULL,1440519370795,0,Not yet rated,NULL,N/A
CSA,$32.64,1440519370891,400,Not yet rated,NULL,N/A
CDC,$34.15,1440519370929,"10,475",Not yet rated,NULL,N/A
CFO,$34.92,1440519371128,"27,710",100% bearish,of 1 rating,N/A
CFA,$34.8031,1440519371156,365,100% bearish,of 1 rating,N/A
CSF,$35.86,1440519371183,"2,548",100% bearish,of 1 rating,N/A
CDL,NULL,1440519371311,0,Not yet rated,NULL,N/A
CSB,$32.96,1440519371369,200,Not yet rated,NULL,N/A
CGEN,$4.9818,1440519371443,"88,013",50% bullish,of 2 ratings,$11
CTG,$6.51,1440519371772,"7,157",100% bearish,of 1 rating,$8.50
CNSI,$18.78,1440519371814,"40,230",100% bearish,of 2 ratings,$29
CPSI,$45.207,1440519371845,"31,895",100% bearish,of 1 rating,$45.50
CHCI,$0.6101,1440519371870,"2,280",50% bullish,of 2 ratings,N/A
SCOR,$55.23,1440519371904,"77,524",100% bearish,of 1 rating,$66
CMTL,$26.31,1440519371943,"8,569",100% bearish,of 2 ratings,$37
CNAT,$3.66,1440519371972,"26,645",83% bullish,of 6 ratings,$13
CNCE,$15.47,1440519372115,"66,138",75% bullish,of 4 ratings,$22
CXRX,$70.7774,1440519372361,200,100% bearish,of 1 rating,$90
CDORO,$16.6,1440519372642,150,100% bearish,of 1 rating,N/A
CDORP,$6.3,1440519372672,"2,008",100% bearish,of 1 rating,N/A
CFMS,$20.025,1440519372704,"75,386",Not yet rated,NULL,$27
CNMD,$52.92,1440519372730,"35,658",Not yet rated,NULL,$59
CCUR,$5.0396,1440519372752,"7,828",75% bullish,of 4 ratings,N/A
CDOR,$1.33,1440519372784,400,100% bullish,of 1 rating,N/A
CNFR,$10.355,1440519372810,"4,100",Not yet rated,NULL,N/A
CTWS,$34.12,1440519372943,"6,265",100% bearish,of 1 rating,$44
CNOB,$19.17,1440519373147,"25,437",100% bullish,of 1 rating,$23.50
CNXR,$6.66,1440519373180,"15,824",100% bearish,of 1 rating,$12
CNSL,$18.9592,1440519373212,"83,731",100% bearish,of 1 rating,$23
CONN,$30.89,1440519373234,"77,467",67% bullish,of 3 ratings,$48.50
CWCO,$10.327,1440519373290,"20,498",67% bullish,of 3 ratings,$14.50
CTCT,$23.95,1440519373317,"131,545",67% bullish,of 3 ratings,$37
CPSS,$5.66,1440519373679,"22,460",100% bullish,of 1 rating,$10
CFRX,$5.07,1440519373713,"4,439",Not yet rated,NULL,$14
CFRXZ,$0.46,1440519373788,550,Not yet rated,NULL,N/A
CFRXW,$2,1440519373819,"4,591",100% bearish,of 1 rating,N/A
CPRT,$34.05,1440519373851,"97,675",67% bearish,of 3 ratings,$40
CTRL,$7.92,1440519373872,"31,096",50% bullish,of 2 ratings,$11
CRBP,$1.9185,1440519373904,"199,690",100% bullish,of 2 ratings,$6.25
CTRV,$3.87,1440519373927,"6,426",Not yet rated,NULL,$6.40
CORE,$60.92,1440519374431,"23,573",100% bearish,of 1 rating,$72
BVA,$3.51,1440519374457,100,50% bullish,of 2 ratings,N/A
CORT,$4.63,1440519374516,"116,587",67% bullish,of 3 ratings,$12
CSOD,$35.14,1440519374653,"187,831",50% bullish,of 2 ratings,$42
CORI,$10.16,1440519374679,"26,032",100% bearish,of 1 rating,$18
CSGP,$176.61,1440519374704,"33,349",50% bullish,of 2 ratings,$235
CRVL,$31.35,1440519374734,"24,787",100% bearish,of 1 rating,N/A
COST,$137.61,1440519374836,"1,336,463",79% bullish,of 24 ratings,$154.50
CPAH,NULL,1440519375008,0,50% bullish,of 2 ratings,N/A
CVTI,$22,1440519375222,"46,526",67% bearish,of 3 ratings,$39
COWN,$5.085,1440519375256,"255,731",75% bullish,of 4 ratings,$7
COVS,$2.61,1440519375277,"24,749",67% bullish,of 3 ratings,N/A
ICBK,$18,1440519375304,200,Not yet rated,NULL,$21
COSI,$1.06,1440519375332,"95,605",100% bullish,of 1 rating,N/A
COWNL,$27.0999,1440519375375,"1,930",Not yet rated,NULL,N/A
CPSH,$2.0501,1440519375464,"5,800",Not yet rated,NULL,N/A
CRAI,$21.69,1440519375942,"6,924",100% bearish,of 1 rating,$36
SLVO,$10.0452,1440519376002,"4,452",100% bearish,of 1 rating,N/A
CBRL,$139.04,1440519376027,"188,364",50% bullish,of 2 ratings,$155
GLDI,$11.02,1440519376097,"7,089",100% bearish,of 1 rating,N/A
CACC,$192.13,1440519376132,"35,634",50% bullish,of 2 ratings,$158.50
CRAY,$20.17,1440519376158,"84,199",83% bullish,of 6 ratings,$38.50
CREE,$26.63,1440519376230,"500,421",65% bullish,of 17 ratings,$29.50
BREW,$7.2,1440519376259,"43,865",67% bullish,of 6 ratings,$15
CRTO,$43.57,1440519376403,"153,727",67% bullish,of 6 ratings,$64
CRESY,$9.62,1440519376561,"23,176",100% bearish,of 1 rating,$19
CCRN,$13.58,1440519376594,"89,094",100% bearish,of 1 rating,$14.25
CRDS,$1.04,1440519376621,"5,797",50% bullish,of 4 ratings,$4.50
CROX,$13.784,1440519376699,"160,399",63% bullish,of 8 ratings,$16.50
CRWN,$4.5,1440519376766,"23,634",75% bullish,of 4 ratings,N/A
CRWS,$7.91,1440519376901,"13,619",Not yet rated,NULL,$10
CYRXW,$0.9001,1440519377095,500,Not yet rated,NULL,N/A
CYRX,$2.9221,1440519377140,"14,642",Not yet rated,NULL,$9
CCLP,$13.51,1440519377166,"64,106",67% bearish,of 3 ratings,$20
CSGS,$30.49,1440519377195,"41,442",Not yet rated,NULL,$40
CSPI,$5.87,1440519377233,317,67% bullish,of 3 ratings,N/A
CTCM,$1.71,1440519377298,"84,568",80% bearish,of 5 ratings,$3.90
CTIB,$3.55,1440519377372,400,100% bearish,of 1 rating,N/A
CTIC,$1.65,1440519377442,"386,848",84% bullish,of 76 ratings,$5.75
CUNB,$21.28,1440519377574,"5,171",Not yet rated,NULL,$24.50
CTRP,$65.73,1440519377608,"935,908",75% bullish,of 8 ratings,$92
CPIX,$5.84,1440519377740,"1,900",Not yet rated,NULL,N/A
CMLS,$1.3,1440519377775,"138,067",50% bullish,of 4 ratings,$6
CUI,$5.1,1440519377805,"41,200",50% bullish,of 2 ratings,$10
CRIS,$2.475,1440519377913,"109,898",100% bullish,of 8 ratings,$6
CUTR,$13.993,1440519378014,"18,035",67% bearish,of 3 ratings,$18
CVBF,$15.71,1440519378066,"95,722",Not yet rated,NULL,$18
CVV,$10.8,1440519378103,"5,093",100% bullish,of 5 ratings,N/A
CYCC,$0.5501,1440519378612,"22,311",73% bullish,of 11 ratings,N/A
CYBR,$50.03,1440519378642,"707,100",86% bullish,of 7 ratings,$66
CYBX,$65.05,1440519378673,"72,374",50% bullish,of 4 ratings,$71.50
CYAN,$6.92,1440519378694,200,100% bearish,of 1 rating,N/A
CYBE,$5.9,1440519378725,"2,756",100% bearish,of 1 rating,N/A
CYCCP,NULL,1440519378774,0,100% bearish,of 1 rating,N/A
CYNA,$16.24,1440519378965,"9,072",100% bullish,of 1 rating,$31.50
CBAY,$2.67,1440519379033,"30,944",100% bullish,of 1 rating,$4
CYNO,$31.5215,1440519379140,"51,355",67% bearish,of 3 ratings,$45.50
CYRN,$1.64,1440519379170,"35,646",67% bullish,of 3 ratings,$4
CY,$9.31,1440519379196,"1,544,746",80% bullish,of 10 ratings,$15.50
CYTK,$6.64,1440519379385,"61,934",71% bullish,of 14 ratings,$13.50
CONE,$31.82,1440519379411,"164,489",67% bearish,of 3 ratings,$35
CYTR,$2.0986,1440519379555,"392,409",67% bullish,of 6 ratings,$10
CYTX,$0.359,1440519379591,"416,360",83% bullish,of 12 ratings,$5.50
CTSO,$6.63,1440519379623,"13,981",Not yet rated,NULL,$15.625
TVIX,$10.33,1440519379690,"8,635,463",81% bullish,of 16 ratings,N/A
DAEG,$0.313,1440519379719,"3,641",100% bearish,of 1 rating,N/A
TVIZ,$16.81,1440519379744,"6,340",100% bearish,of 1 rating,N/A
ZIV,$42.75,1440519379948,"46,160",Not yet rated,NULL,N/A
XIV,$30.1901,1440519379975,"13,520,531",75% bearish,of 4 ratings,N/A
DAKT,$9.41,1440519380107,"342,891",50% bullish,of 2 ratings,$14
DJCO,NULL,1440519380166,0,Not yet rated,NULL,N/A
DARA,$0.8562,1440519380258,"36,627",83% bullish,of 6 ratings,$1.50
DTLK,$5.44,1440519380337,"13,631",100% bearish,of 1 rating,$9
DAIO,$2.57,1440519380366,"7,124",Not yet rated,NULL,N/A
DRAM,$1.2392,1440519380466,"30,949",78% bullish,of 9 ratings,N/A
DWCH,$4.811,1440519380569,"5,532",75% bullish,of 4 ratings,$8.25
DTEA,$12.98,1440519380609,"46,326",100% bearish,of 2 ratings,$24
PLAY,$32.88,1440519380674,"80,294",100% bullish,of 5 ratings,$42
DWSN,$4.3,1440519380769,"4,850",67% bullish,of 3 ratings,$6
TRAK,$62.83,1440519380848,"245,137",50% bullish,of 2 ratings,$62.50
DBVT,$37.87,1440519380877,"31,565",100% bearish,of 1 rating,$53
DFRG,$14.16,1440519380946,"68,766",100% bearish,of 1 rating,$20
DHRM,$1.6065,1440519381022,"5,689",Not yet rated,NULL,N/A
TACO,$12.88,1440519381202,"120,042",75% bullish,of 4 ratings,$20
TACOW,$3.9,1440519381274,"1,825",100% bullish,of 1 rating,N/A
DELT,$2.59,1440519381404,750,Not yet rated,NULL,N/A
DCTH,$0.4368,1440519381435,"39,406",78% bullish,of 9 ratings,N/A
DELTW,NULL,1440519381456,0,Not yet rated,NULL,N/A
DGAS,$20.25,1440519381530,"22,286",67% bearish,of 3 ratings,N/A
DEPO,$28.39,1440519381633,"326,025",60% bullish,of 5 ratings,$29
DENN,$11.38,1440519381693,"85,165",100% bullish,of 3 ratings,$15
DSCI,$5.98,1440519381795,"8,154",50% bullish,of 2 ratings,$16
DERM,$24.28,1440519381859,"39,079",100% bearish,of 1 rating,$33.50
XRAY,$52.52,1440519381890,"133,661",100% bullish,of 1 rating,$58
DEST,$11.32,1440519381949,"9,651",50% bullish,of 2 ratings,N/A
DXLG,$4.49,1440519381986,"34,114",100% bearish,of 1 rating,$8
DXM,$0.3098,1440519382200,"76,538",50% bullish,of 2 ratings,N/A
DSWL,$1.75,1440519382247,"1,000",100% bullish,of 1 rating,N/A
DHXM,NULL,1440519382412,0,Not yet rated,NULL,N/A
DXCM,$91.425,1440519382444,"350,248",57% bullish,of 7 ratings,$98
DHIL,$192.85,1440519382590,400,Not yet rated,NULL,N/A
DMND,$28.96,1440519382663,"40,861",75% bullish,of 12 ratings,$32
DCIX,$1.68,1440519382723,"19,991",50% bullish,of 4 ratings,$3.50
FANG,$62.59,1440519382879,"306,904",50% bullish,of 2 ratings,$86.50
DGII,$9.61,1440519382939,"9,350",100% bearish,of 1 rating,$10
DRAD,$3.65,1440519383069,"7,367",100% bullish,of 1 rating,$5.25
DRNA,$10.555,1440519383096,"23,479",67% bearish,of 3 ratings,$25
APPS,$2.3,1440519383124,"14,751",100% bearish,of 1 rating,$10.25
DMRC,$35,1440519383151,"26,267",100% bearish,of 1 rating,$44
DGLY,$6.8999,1440519383172,"79,434",50% bullish,of 6 ratings,$20
DCOM,$16.46,1440519383410,"24,836",100% bearish,of 2 ratings,$16.50
DIOD,$19.38,1440519383552,"65,069",75% bearish,of 4 ratings,$24
DPRX,$12.64,1440519383579,"10,004",100% bullish,of 2 ratings,$27.75
DISCA,$26.025,1440519383630,"1,708,270",67% bullish,of 3 ratings,$34
DISCK,$24.76,1440519383656,"741,775",100% bearish,of 1 rating,$32
DISCB,$26,1440519383712,200,100% bearish,of 1 rating,$35
DSCO,$0.3998,1440519383922,"133,576",83% bullish,of 6 ratings,$2.75
DVCR,$10.41,1440519383987,"4,900",100% bullish,of 1 rating,N/A
BAGR,$2.7599,1440519384092,"21,919",100% bearish,of 1 rating,$6
DISH,$60.19,1440519384127,"278,194",69% bullish,of 13 ratings,$73
DNBF,$26.55,1440519384157,605,Not yet rated,NULL,$27.50
DLHC,$2.36,1440519384222,"2,000",100% bearish,of 1 rating,N/A
DLTR,$75.49,1440519384249,"541,759",82% bullish,of 11 ratings,$88
DGICA,$14.11,1440519384289,"1,824",100% bearish,of 1 rating,$17
DMLP,$13.46,1440519384442,"12,789",100% bearish,of 1 rating,N/A
DORM,$50.035,1440519384670,"79,723",100% bearish,of 1 rating,$56
DGICB,NULL,1440519384726,0,100% bearish,of 1 rating,N/A
DWA,$19.71,1440519384755,"352,123",63% bullish,of 8 ratings,$26
HILL,$9.665,1440519384777,"574,795",60% bearish,of 5 ratings,$9.75
DRWI,$0.24,1440519384798,"99,303",60% bullish,of 5 ratings,$.45
DRYS,$0.349,1440519384956,"2,321,592",77% bullish,of 31 ratings,$.60
DSPG,$8.22,1440519385029,"35,776",100% bearish,of 1 rating,$13.50
DRWIW,$0.0474,1440519385057,117,Not yet rated,NULL,N/A
CADT,NULL,1440519385161,0,Not yet rated,NULL,N/A
CADTW,NULL,1440519385189,0,Not yet rated,NULL,N/A
CADTU,NULL,1440519385213,0,Not yet rated,NULL,N/A
CADTR,NULL,1440519385245,0,Not yet rated,NULL,N/A
DSKX,$2.8501,1440519385266,"141,696",100% bullish,of 1 rating,N/A
DNKN,$50.75,1440519385494,"368,399",67% bullish,of 15 ratings,$56.50
DTSI,$26.34,1440519385627,"55,935",100% bearish,of 2 ratings,$39.50
DXPE,$28.055,1440519385699,"47,267",50% bullish,of 2 ratings,N/A
DYAX,$21.93,1440519385765,"179,352",89% bullish,of 9 ratings,$30
DRRX,$1.97,1440519385799,"48,752",50% bullish,of 6 ratings,$3
DYSL,$1.46,1440519385868,"19,400",100% bullish,of 2 ratings,N/A
BOOM,$9.5,1440519385893,"23,167",67% bullish,of 3 ratings,$12
DVAX,$26.1,1440519385918,"148,319",70% bullish,of 10 ratings,$40
DYNT,$2.89,1440519386057,"4,209",75% bullish,of 4 ratings,N/A
EBMT,$11.41,1440519386154,"9,214",Not yet rated,NULL,$13.50
ETFC,$25.21,1440519386187,"866,873",57% bullish,of 14 ratings,$33
EGBN,$41.95,1440519386298,"65,389",Not yet rated,NULL,$48
EROC,$1.21,1440519386396,"159,784",50% bullish,of 2 ratings,$3
EGRX,$70.96,1440519386427,"134,216",67% bullish,of 3 ratings,$97
EGLE,$6.14,1440519386470,"5,111",60% bullish,of 5 ratings,N/A
ELNK,$8.175,1440519386526,"208,831",60% bullish,of 5 ratings,$9.50
EWBC,$38.65,1440519386863,"599,500",100% bearish,of 1 rating,$50
EBIX,$26.33,1440519386897,"116,265",69% bullish,of 13 ratings,$40
EACQU,$10.2,1440519386928,400,Not yet rated,NULL,N/A
ELON,$0.5399,1440519386993,"16,346",50% bullish,of 2 ratings,N/A
ECHO,$23.715,1440519387027,"131,983",67% bearish,of 3 ratings,$35.50
EML,$16.24,1440519387054,"5,936",Not yet rated,NULL,N/A
EVBS,$6.4501,1440519387088,"5,603",Not yet rated,NULL,$7
EBAY,$25.65,1440519387131,"4,013,208",81% bullish,of 117 ratings,$48
ECTE,$1.424,1440519387396,"14,854",75% bullish,of 4 ratings,N/A
SATS,$42.52,1440519387498,"53,515",50% bullish,of 2 ratings,$60
EEI,$10.7901,1440519387523,"1,100",67% bearish,of 3 ratings,N/A
ECACU,NULL,1440519387549,0,Not yet rated,NULL,N/A
EDAP,$3.32,1440519387685,"40,085",60% bullish,of 5 ratings,$4.50
ESES,$3.24,1440519387727,"1,980",100% bearish,of 1 rating,$7
EDGW,$6.8,1440519387830,"2,304",100% bearish,of 1 rating,N/A
EDUC,$4.9399,1440519387933,"7,041",100% bearish,of 1 rating,N/A
EGAN,$3.29,1440519387993,"26,100",50% bullish,of 2 ratings,$6.25
EGLT,$10.91,1440519388019,"31,389",50% bullish,of 2 ratings,$21
EFUT,NULL,1440519388148,0,Not yet rated,NULL,N/A
LOCO,$12.7001,1440519388199,"642,578",69% bullish,of 13 ratings,$20
EMITF,$1.24,1440519388229,"4,518",75% bullish,of 4 ratings,N/A
EHTH,$13.54,1440519388328,"26,324",50% bullish,of 4 ratings,$16.50
ESLT,$77.4736,1440519388408,"6,343",67% bullish,of 3 ratings,N/A
ERI,$9.23,1440519388505,"20,357",100% bearish,of 1 rating,$10
ELRC,$10.33,1440519388604,"7,639",100% bearish,of 1 rating,N/A
EA,$65.72,1440519388672,"1,486,733",77% bullish,of 35 ratings,$80
ELEC,NULL,1440519388744,0,Not yet rated,NULL,N/A
ESIO,$4.4,1440519388774,"30,606",50% bullish,of 2 ratings,$10
EFII,$43.89,1440519388802,"76,889",80% bullish,of 5 ratings,$55
ELSE,$3.8801,1440519388844,200,60% bullish,of 5 ratings,N/A
ELECU,NULL,1440519388977,0,Not yet rated,NULL,N/A
RDEN,$10.1767,1440519389132,"19,190",100% bearish,of 4 ratings,$15
ELECW,NULL,1440519389185,0,Not yet rated,NULL,N/A
CAPX,$22.15,1440519389263,200,Not yet rated,NULL,N/A
EBIO,$3.3515,1440519389322,"57,564",100% bearish,of 2 ratings,$8.35
ESBK,$19.515,1440519389350,600,Not yet rated,NULL,N/A
LONG,$16.365,1440519389371,"53,184",67% bullish,of 3 ratings,$15.75
ELTK,$1.09,1440519389503,200,67% bearish,of 3 ratings,N/A
EMCF,NULL,1440519389642,0,100% bearish,of 1 rating,N/A
EMCI,$22.565,1440519389676,"2,091",Not yet rated,NULL,N/A
EMKR,$6.97,1440519389702,"35,199",75% bullish,of 4 ratings,$8.50
EMMS,$1.12,1440519389778,"23,994",67% bullish,of 6 ratings,N/A
EMMSP,NULL,1440519389804,0,100% bearish,of 1 rating,N/A
NYNY,$4.06,1440519389843,"11,960",50% bullish,of 2 ratings,N/A
ERS,$2.8299,1440519390030,"2,803",Not yet rated,NULL,N/A
ENTA,$40.31,1440519390223,"48,656",50% bullish,of 2 ratings,$42
WIRE,$30.95,1440519390487,"42,466",100% bearish,of 1 rating,$37
ENDP,$76.64,1440519390517,"738,382",50% bullish,of 6 ratings,$104
ELGX,$12.47,1440519390539,"206,075",75% bullish,of 4 ratings,$17
ECPG,$39.3,1440519390569,"39,858",100% bullish,of 2 ratings,$52
ECYT,$4.95,1440519390703,"91,957",83% bullish,of 6 ratings,$12
EIGI,$15.27,1440519390731,"90,523",67% bearish,of 3 ratings,$22.50
WATT,$6.2,1440519390920,"82,731",50% bullish,of 2 ratings,$13
ERII,$2.91,1440519390964,"23,913",80% bullish,of 5 ratings,$2.50
EXXI,$1.37,1440519390995,"590,915",86% bullish,of 7 ratings,$3.50
ENOC,$8.37,1440519391028,"104,973",75% bullish,of 4 ratings,$18
EFOI,$16.52,1440519391057,"359,237",50% bullish,of 2 ratings,$20.50
ENG,$0.97,1440519391096,"46,039",100% bullish,of 3 ratings,N/A
ENPH,$4.5699,1440519391151,"300,283",75% bullish,of 4 ratings,$11
ESGR,$147.462,1440519391362,"11,303",100% bearish,of 1 rating,$185
ETRM,$0.27,1440519391567,"1,144,314",69% bearish,of 35 ratings,$1.625
ENTG,$13.47,1440519391615,"129,152",100% bearish,of 1 rating,$18
ENFC,$18.06,1440519391641,"3,500",Not yet rated,NULL,N/A
ENTL,$21.19,1440519391662,"7,763",Not yet rated,NULL,$28
EBTC,$20.91,1440519391697,600,Not yet rated,NULL,N/A
EGT,$2.05,1440519391798,"3,124",100% bullish,of 1 rating,N/A
EFSC,$23.91,1440519391826,"17,462",Not yet rated,NULL,$27
ENZN,$0.9401,1440519391851,"330,236",100% bullish,of 9 ratings,N/A
ENVI,$1.745,1440519392068,363,67% bullish,of 3 ratings,N/A
EPRS,$4.985,1440519392097,"18,530",82% bullish,of 11 ratings,$15
ENZY,$9.17,1440519392154,"5,945",67% bullish,of 3 ratings,$9.50
EPIQ,$13.12,1440519392179,"19,759",100% bearish,of 1 rating,$18
EPZM,$17.99,1440519392205,"125,553",60% bullish,of 5 ratings,$34
PLUS,$74.71,1440519392348,"38,627",50% bullish,of 2 ratings,$88
EQFN,NULL,1440519392536,0,100% bearish,of 1 rating,N/A
EQIX,$262.1,1440519392571,"181,073",75% bullish,of 4 ratings,$312.50
EAC,$3.2985,1440519392593,"7,469",100% bearish,of 1 rating,$8
ERIE,$81.5,1440519392624,"16,483",Not yet rated,NULL,$73
ESCA,$17.04,1440519392651,"3,984",100% bearish,of 1 rating,$22
ERIC,$9.665,1440519392683,"913,496",63% bullish,of 8 ratings,$12.20
ESCR,$0.18,1440519392791,"35,457",50% bullish,of 2 ratings,N/A
ESPR,$52.91,1440519392942,"235,051",70% bearish,of 10 ratings,$123
ESCRP,NULL,1440519392969,0,100% bearish,of 1 rating,N/A
ESMC,NULL,1440519393102,0,Not yet rated,NULL,N/A
EPIX,NULL,1440519393246,0,Not yet rated,NULL,N/A
ESSA,$12.6,1440519393276,"2,350",100% bearish,of 1 rating,N/A
ESSX,$0.44,1440519393318,"35,681",50% bullish,of 2 ratings,N/A
ESND,$33.93,1440519393379,"27,123",100% bearish,of 2 ratings,$40
ETSY,$13.46,1440519393463,"229,843",80% bullish,of 5 ratings,$16
CLWT,$2.5,1440519393618,306,100% bearish,of 1 rating,N/A
EVEP,$7.153,1440519393656,"152,165",50% bullish,of 2 ratings,$15
EEFT,$64.12,1440519393678,"65,273",100% bearish,of 1 rating,$67.50
ESEA,$5.59,1440519393748,100,100% bullish,of 1 rating,$15
EVK,NULL,1440519393773,0,75% bearish,of 4 ratings,N/A
EVOK,$3.79,1440519393931,"25,415",100% bearish,of 1 rating,$13.375
EVLV,$2.1,1440519393960,"74,326",60% bullish,of 5 ratings,$6.50
EVOL,$5.99,1440519394113,"7,037",75% bullish,of 4 ratings,$10
EXAS,$20.6901,1440519394171,"457,354",78% bullish,of 9 ratings,$31
EXA,$10.73,1440519394218,"3,300",100% bearish,of 1 rating,$13
EXEL,$5.28,1440519394372,"1,984,049",81% bullish,of 16 ratings,$6
EXAC,$17.99,1440519394397,"22,004",100% bearish,of 1 rating,$22.50
EXLS,$35.73,1440519394425,"50,651",50% bullish,of 2 ratings,$41
EXFO,$2.6,1440519394462,"14,052",67% bearish,of 3 ratings,$3.95
ESRX,$83.925,1440519394569,"1,252,882",67% bearish,of 6 ratings,$101
EXPE,$112.26,1440519394604,"329,720",64% bullish,of 11 ratings,$130
EXPD,$48.22,1440519394635,"507,591",80% bullish,of 5 ratings,$51.50
EXPO,$41.41,1440519394770,"13,655",100% bearish,of 1 rating,$45.50
EYEG,$3.84,1440519394849,"21,700",Not yet rated,NULL,N/A
EXTR,$2.815,1440519394997,"185,041",80% bullish,of 5 ratings,$3
EXLP,$18.18,1440519395030,"89,364",100% bearish,of 1 rating,$25
EYEGW,NULL,1440519395131,0,Not yet rated,NULL,N/A
EZCH,$21.3,1440519395161,"22,723",75% bullish,of 8 ratings,$19.50
EZPW,$5.91,1440519395261,"127,823",50% bullish,of 4 ratings,$7.50
FFIV,$120.73,1440519395286,"203,670",63% bullish,of 8 ratings,$132
FCS,$13.13,1440519395317,"206,164",67% bearish,of 3 ratings,$17
FB,$87.2301,1440519395468,"16,695,442",73% bullish,of 1066 ratings,$111
FRP,$15.79,1440519395494,"19,651",100% bearish,of 1 rating,$18
FALC,$1.55,1440519395537,"22,150",63% bearish,of 8 ratings,N/A
FWM,$2.31,1440519395566,"51,849",100% bearish,of 2 ratings,$3.20
FARM,$21.72,1440519395636,"16,135",100% bearish,of 1 rating,$35
FFKT,$25.61,1440519395768,"3,429",Not yet rated,NULL,$29
DAVE,$14.24,1440519395795,"4,907",100% bearish,of 1 rating,$15.50
FMNB,$8.04,1440519395984,"4,800",Not yet rated,NULL,N/A
FARO,$37.94,1440519396078,"39,302",50% bullish,of 2 ratings,$48
FAST,$37.425,1440519396111,"1,361,290",80% bullish,of 5 ratings,$45.50
FATE,$6.16,1440519396136,"20,197",50% bullish,of 2 ratings,$11
FBSS,$15.92,1440519396314,"1,615",Not yet rated,NULL,N/A
FDML,$8.59,1440519396340,"91,263",50% bullish,of 4 ratings,$14
FBRC,$21.8,1440519396415,"7,609",100% bearish,of 1 rating,$29
FCSC,$5.69,1440519396551,"122,243",100% bearish,of 1 rating,$8.125
FHCO,$1.38,1440519396578,"32,514",50% bullish,of 4 ratings,N/A
FNHC,$21.7,1440519396612,"14,877",100% bearish,of 1 rating,$35
FEIC,$74.5,1440519396633,"69,563",50% bullish,of 2 ratings,$95.50
FENX,$9.68,1440519396714,"30,875",100% bullish,of 1 rating,$14.25
ONEQ,$184.012,1440519396858,"31,676",100% bullish,of 1 rating,N/A
FGEN,$22.76,1440519396914,"90,286",100% bearish,of 1 rating,$39
FDUS,$13.664,1440519397045,"21,204",50% bullish,of 2 ratings,$18
LION,$18.575,1440519397097,"40,710",100% bullish,of 1 rating,$20
FSAM,$8.51,1440519397140,"4,616",100% bearish,of 1 rating,$11
FRGI,$51.82,1440519397274,"45,953",50% bullish,of 2 ratings,$70
FSC,$6.225,1440519397316,"516,998",75% bullish,of 4 ratings,$8
FSFR,$8.817,1440519397345,"72,423",100% bearish,of 1 rating,$11.50
FSCFL,$24.5,1440519397376,771,Not yet rated,NULL,N/A
FITB,$19.015,1440519397422,"2,035,321",54% bullish,of 13 ratings,$22
FITBI,$26.951,1440519397479,"5,430",Not yet rated,NULL,N/A
FNSR,$15.19,1440519397736,"225,168",71% bullish,of 7 ratings,$24.50
FISI,$24.5176,1440519397765,"14,736",100% bullish,of 2 ratings,$24.50
FNGN,$32.09,1440519397801,"95,869",67% bullish,of 3 ratings,$47
FNTC,NULL,1440519397901,0,Not yet rated,NULL,N/A
FNTCU,$10.42,1440519397926,186,Not yet rated,NULL,N/A
FNJN,$1.58,1440519397948,"12,833",100% bearish,of 1 rating,$5
FEYE,$38.3995,1440519398116,"1,628,854",87% bullish,of 15 ratings,$55.50
FNTCW,NULL,1440519398202,0,Not yet rated,NULL,N/A
FBNC,$16.6,1440519398231,"5,228",100% bullish,of 1 rating,$20
FNLC,$18.37,1440519398270,"6,338",100% bullish,of 1 rating,N/A
BUSE,$6.3,1440519398362,"251,992",Not yet rated,NULL,$6.875
FCVA,NULL,1440519398415,0,Not yet rated,NULL,N/A
FRBA,$6.016,1440519398438,"1,102",Not yet rated,NULL,$8
FBIZ,$43.75,1440519398463,"1,845",100% bearish,of 2 ratings,$52
FCAP,$26.8,1440519398649,450,Not yet rated,NULL,N/A
FCFS,$38.255,1440519398754,"51,118",100% bearish,of 3 ratings,$48
FCLF,$9.08,1440519398893,100,Not yet rated,NULL,N/A
FCCO,$11.73,1440519398919,100,Not yet rated,NULL,$13.25
FCNCA,$231.41,1440519398946,825,Not yet rated,NULL,N/A
FCFP,$6.82,1440519398973,"2,300",Not yet rated,NULL,N/A
FCBC,$17.2,1440519398998,"1,454",Not yet rated,NULL,$18
FFNM,$6.3699,1440519399251,500,Not yet rated,NULL,N/A
FBNK,$16.6,1440519399287,"3,325",100% bearish,of 1 rating,$17.50
FDEF,$37.14,1440519399308,"7,965",Not yet rated,NULL,$38
FFBC,$18.04,1440519399380,"36,340",67% bearish,of 3 ratings,$20.25
FFBCW,$6.3,1440519399410,100,100% bearish,of 1 rating,N/A
FFIN,$29.93,1440519399442,"77,052",50% bullish,of 2 ratings,$31.75
FFNW,$11.95,1440519399513,"15,450",Not yet rated,NULL,$14
THFF,$32.93,1440519399541,"2,357",Not yet rated,NULL,$35
FFWM,$20.91,1440519399787,800,Not yet rated,NULL,$24
FRME,$25.03,1440519399975,"20,706",Not yet rated,NULL,$26.50
FIBK,$26.265,1440519400051,"37,746",Not yet rated,NULL,$32
INBK,$30.43,1440519400078,"8,360",50% bullish,of 2 ratings,$37
FMBH,NULL,1440519400099,0,Not yet rated,NULL,N/A
FMBI,$17.18,1440519400132,"111,452",Not yet rated,NULL,$20
FNBC,$33.81,1440519400232,"20,375",Not yet rated,NULL,$41.50
FNFG,$8.875,1440519400260,"925,976",80% bullish,of 5 ratings,$9
FNWB,$11.815,1440519400288,"2,295",Not yet rated,NULL,N/A
FSLR,$46.855,1440519400446,"775,160",74% bullish,of 39 ratings,$65
FSFG,$30.41,1440519400475,"1,800",Not yet rated,NULL,N/A
FSGI,$2.46,1440519400535,"2,686",Not yet rated,NULL,N/A
BICK,$19.7199,1440519400573,320,100% bullish,of 1 rating,N/A
FSBK,$7.75,1440519400663,"2,544",100% bullish,of 1 rating,N/A
FCAN,$23.54,1440519400763,"21,111",Not yet rated,NULL,N/A
FBZ,$10.06,1440519400866,240,Not yet rated,NULL,N/A
FTCS,$35.9101,1440519400996,"22,785",100% bearish,of 1 rating,N/A
FCA,$19.35,1440519401098,"1,125",Not yet rated,NULL,N/A
IFV,$17.675,1440519401123,"624,588",100% bearish,of 1 rating,N/A
FTSM,$59.9094,1440519401151,"5,043",100% bearish,of 1 rating,N/A
FV,$22.915,1440519401281,"1,405,503",100% bearish,of 1 rating,N/A
FEUZ,$31.1356,1440519401309,108,Not yet rated,NULL,N/A
FEMB,NULL,1440519401339,0,Not yet rated,NULL,N/A
MDIV,$18.896,1440519401412,"78,766",Not yet rated,NULL,N/A
TDIV,$24.1001,1440519401506,"31,381",100% bearish,of 1 rating,N/A
FGM,$35.59,1440519401586,"11,707",Not yet rated,NULL,N/A
FTGC,$21.7792,1440519401615,"170,860",Not yet rated,NULL,N/A
FTHI,$19.299,1440519401719,"1,366",Not yet rated,NULL,N/A
HYLS,$48.8301,1440519401745,"14,544",100% bearish,of 1 rating,N/A
FHK,$32.82,1440519401934,"34,200",Not yet rated,NULL,N/A
YDIV,$16.46,1440519401986,"6,193",Not yet rated,NULL,N/A
FPXI,$26.89,1440519402011,"1,000",Not yet rated,NULL,N/A
PLTM,$6.3399,1440519402072,"4,324",100% bearish,of 1 rating,N/A
CU,$12.41,1440519402164,"5,990",100% bearish,of 1 rating,N/A
SKYY,$28.3299,1440519402192,"31,834",100% bullish,of 1 rating,N/A
FJP,$45.8,1440519402213,"6,230",Not yet rated,NULL,N/A
FTLB,$19.05,1440519402246,300,100% bearish,of 1 rating,N/A
FMB,$51.05,1440519402428,"3,451",Not yet rated,NULL,N/A
QABA,$36.6086,1440519402457,"17,728",100% bearish,of 1 rating,N/A
LMBS,$50.03,1440519402559,"2,718",Not yet rated,NULL,N/A
CIBR,$17.9391,1440519402607,"54,422",Not yet rated,NULL,N/A
FONE,NULL,1440519402704,0,Not yet rated,NULL,N/A
CARZ,$34.27,1440519402954,"2,440",100% bearish,of 1 rating,N/A
QTEC,$38.9868,1440519402998,"28,648",Not yet rated,NULL,N/A
GRID,NULL,1440519403030,0,100% bearish,of 1 rating,N/A
RDVY,$20.73,1440519403056,"1,947",Not yet rated,NULL,N/A
QQXT,$39.5701,1440519403091,"7,824",Not yet rated,NULL,N/A
QQEW,$40.79,1440519403119,"119,653",Not yet rated,NULL,N/A
AIRR,$15.81,1440519403260,"4,563",100% bearish,of 1 rating,N/A
QCLN,$14.56,1440519403321,"19,190",Not yet rated,NULL,N/A
QINC,NULL,1440519403466,0,Not yet rated,NULL,N/A
FKO,$22.35,1440519403531,530,Not yet rated,NULL,N/A
FTSL,$48.7599,1440519403568,"75,488",100% bearish,of 1 rating,N/A
FDIV,$47.25,1440519403759,"3,060",100% bearish,of 1 rating,N/A
TUSA,NULL,1440519403903,0,Not yet rated,NULL,N/A
FSZ,$39.125,1440519403930,"30,681",Not yet rated,NULL,N/A
FKU,$41.505,1440519403951,"15,215",Not yet rated,NULL,N/A
FMER,$17.4225,1440519403989,"570,802",50% bullish,of 2 ratings,$20
FTW,$29.95,1440519404010,"1,800",Not yet rated,NULL,N/A
FUNC,$8.18,1440519404088,700,Not yet rated,NULL,N/A
FSV,$31.34,1440519404152,"8,256",Not yet rated,NULL,$33.60
SVVC,$9.405,1440519404179,"8,455",50% bullish,of 2 ratings,$26
FISV,$82.98,1440519404339,"399,589",100% bearish,of 3 ratings,$90
FPRX,$18.95,1440519404420,"118,990",50% bullish,of 2 ratings,$35
FIVE,$36.16,1440519404446,"149,063",75% bearish,of 4 ratings,$44
FIVN,$4.255,1440519404617,"50,297",100% bullish,of 1 rating,$8.50
FLKS,$13.61,1440519404692,"15,996",50% bullish,of 2 ratings,$27
FLML,$21.3201,1440519404723,"46,827",50% bullish,of 2 ratings,$30
FLXN,$23.58,1440519404744,"20,940",100% bearish,of 1 rating,$40
SKOR,NULL,1440519404827,0,Not yet rated,NULL,N/A
FLXS,$31.4979,1440519404959,"11,818",100% bearish,of 2 ratings,N/A
MBSD,NULL,1440519404988,0,Not yet rated,NULL,N/A
FLIR,$27.87,1440519405118,"246,160",100% bearish,of 1 rating,$38.50
FLDM,$12.08,1440519405150,"95,857",67% bearish,of 3 ratings,$21.50
FFIC,$19.7,1440519405290,"17,809",Not yet rated,NULL,$21
FOMX,$9.82,1440519405328,"35,451",50% bullish,of 2 ratings,$23.50
FLEX,$10.28,1440519405390,"1,055,437",63% bullish,of 8 ratings,$12
FOGO,$17.91,1440519405534,"86,676",50% bullish,of 2 ratings,$25.50
FES,$0.92,1440519405617,"2,405",50% bullish,of 2 ratings,$1
FONR,$9.2,1440519405715,"5,126",100% bullish,of 1 rating,N/A
FORM,$6.12,1440519405770,"105,550",67% bullish,of 3 ratings,$10.50
FORTY,$31.46,1440519405799,150,100% bearish,of 1 rating,N/A
FORR,$31.97,1440519405850,"6,467",Not yet rated,NULL,N/A
FTNT,$42.56,1440519405902,"426,094",80% bullish,of 10 ratings,$52
FWRD,$45.17,1440519405992,"62,360",100% bearish,of 1 rating,$50
FBIO,$2.5,1440519406032,"113,661",83% bullish,of 6 ratings,N/A
FORD,$1.34,1440519406060,"1,910,133",50% bullish,of 2 ratings,N/A
FWP,$25.67,1440519406232,"8,134",100% bearish,of 1 rating,$45
FOSL,$59.31,1440519406290,"362,618",50% bullish,of 4 ratings,$80
FMI,$20.46,1440519406446,"63,345",100% bearish,of 2 ratings,$27.50
FXCB,$16.96,1440519406485,"3,113",Not yet rated,NULL,$19
FRAN,$10.45,1440519406513,"161,843",50% bullish,of 4 ratings,$15
FOXF,$15.4,1440519406535,"36,481",100% bearish,of 1 rating,$19
FRED,$13.28,1440519406700,"29,797",50% bullish,of 2 ratings,$16.50
FELE,$28.215,1440519406727,"35,989",50% bullish,of 4 ratings,$33
RAIL,$19.43,1440519406955,"44,688",100% bearish,of 1 rating,$24.50
FEIM,$10.81,1440519406983,"1,007",100% bearish,of 1 rating,N/A
FREE,$0.3699,1440519407010,"310,241",92% bullish,of 12 ratings,N/A
FTR,$5.06,1440519407062,"5,508,010",78% bullish,of 27 ratings,$6.25
FRPT,$13.3,1440519407140,"175,508",67% bearish,of 3 ratings,$23.50
FTRPR,$100.89,1440519407205,"112,504",100% bearish,of 1 rating,N/A
FRPH,$30.2,1440519407236,"1,535",100% bearish,of 1 rating,N/A
FSBW,$22.78,1440519407400,130,Not yet rated,NULL,N/A
FTD,$29.49,1440519407426,"22,215",100% bearish,of 1 rating,$40
FCEL,$0.7296,1440519407568,"705,661",88% bullish,of 40 ratings,$2.65
FSYS,$6.12,1440519407596,"10,802",67% bullish,of 3 ratings,$10
FTEK,$2.07,1440519407621,"27,651",75% bullish,of 4 ratings,N/A
FULL,$3.09,1440519407657,"9,651",67% bearish,of 3 ratings,$4.25
FULLL,$25,1440519407803,"4,300",Not yet rated,NULL,N/A
FLL,$1.46,1440519407830,"1,429",75% bullish,of 4 ratings,$3.50
FULT,$11.965,1440519407973,"313,250",100% bearish,of 1 rating,$13
FSNN,$2.4501,1440519408015,"3,400",67% bullish,of 3 ratings,$6
FXEN,$0.83,1440519408110,"35,370",75% bullish,of 4 ratings,$1.10
FXENP,$16.2,1440519408143,800,100% bearish,of 1 rating,N/A
FFHL,NULL,1440519408170,0,50% bullish,of 4 ratings,N/A
GK,$67.68,1440519408305,"23,367",Not yet rated,NULL,$78
WILC,NULL,1440519408330,0,100% bullish,of 2 ratings,N/A
GAIA,$6.01,1440519408496,"5,794",50% bullish,of 2 ratings,$8.50
GLPG,$63.48,1440519408559,"11,548",100% bullish,of 1 rating,$75
GALT,$1.87,1440519408644,"47,868",80% bullish,of 5 ratings,N/A
GALTU,NULL,1440519408672,0,100% bearish,of 1 rating,N/A
GALTW,NULL,1440519408699,0,100% bullish,of 1 rating,N/A
GLMD,$8.08,1440519408739,"11,240",67% bullish,of 3 ratings,$20.50
GALE,$1.6,1440519408764,"588,193",89% bullish,of 47 ratings,$4
GLPI,$31.15,1440519408932,"131,300",100% bearish,of 1 rating,$37.50
GRMN,$38.19,1440519409061,"422,265",50% bullish,of 6 ratings,$48
GPIC,$9.81,1440519409089,"1,700",100% bearish,of 1 rating,N/A
GGACR,NULL,1440519409158,0,100% bullish,of 1 rating,N/A
GGAC,NULL,1440519409185,0,100% bearish,of 1 rating,N/A
GGACU,NULL,1440519409315,0,Not yet rated,NULL,N/A
GGACW,$0.0899,1440519409343,"1,000",Not yet rated,NULL,N/A
GENC,$9.3189,1440519409475,"1,700",100% bearish,of 1 rating,N/A
GARS,$14.17,1440519409552,"10,684",Not yet rated,NULL,$16
GNCMA,$16.29,1440519409604,"64,214",100% bearish,of 1 rating,$12
GFN,$3.23,1440519409629,"34,317",100% bearish,of 2 ratings,$8
GFNCP,$89.01,1440519409658,204,Not yet rated,NULL,N/A
GFNSL,$25.6,1440519409787,400,Not yet rated,NULL,N/A
GENE,$2.17,1440519409823,"53,742",100% bullish,of 12 ratings,N/A
GNMK,$9.32,1440519409882,"65,810",67% bullish,of 6 ratings,$14
GNCA,$12.5,1440519410011,"38,687",100% bearish,of 1 rating,$20
GHDX,$24.32,1440519410091,"36,305",50% bullish,of 2 ratings,$30
THRM,$43.35,1440519410192,"62,350",75% bearish,of 4 ratings,$55.50
GNTX,$15.17,1440519410220,"662,332",Not yet rated,NULL,$20
GNVC,$2.27,1440519410249,"28,584",90% bullish,of 10 ratings,$8.50
GTWN,$18.95,1440519410352,225,Not yet rated,NULL,N/A
GEOS,$14.59,1440519410437,"50,084",100% bearish,of 3 ratings,$21
GABC,$29.11,1440519410468,"10,173",Not yet rated,NULL,$31.50
GERN,$3.1,1440519410574,"636,972",88% bullish,of 16 ratings,$5.25
GEVO,$2.4594,1440519410627,"528,067",75% bullish,of 12 ratings,$5
ROCK,$16.55,1440519410706,"37,199",80% bullish,of 5 ratings,$24
GIGM,$0.5689,1440519410755,"42,100",100% bullish,of 2 ratings,N/A
GIGA,$1.53,1440519410780,"187,054",100% bearish,of 1 rating,N/A
GIII,$65.43,1440519411012,"70,568",67% bullish,of 3 ratings,$75
GILT,$4.2801,1440519411061,"10,824",50% bullish,of 2 ratings,N/A
GILD,$107.3699,1440519411089,"5,061,704",91% bullish,of 87 ratings,$129
GBCI,$25.0401,1440519411114,"78,744",50% bullish,of 2 ratings,$31
GOOD,$14.2601,1440519411273,"66,192",Not yet rated,NULL,$19
GLADO,$25.59,1440519411300,551,Not yet rated,NULL,N/A
GLAD,$8.1599,1440519411321,"56,202",50% bullish,of 2 ratings,$8.75
GOODN,$25.3001,1440519411463,900,Not yet rated,NULL,N/A
GOODP,$25.1161,1440519411496,200,Not yet rated,NULL,N/A
GOODO,$25.1,1440519411630,300,Not yet rated,NULL,N/A
GAIN,$7.435,1440519411657,"115,655",100% bullish,of 2 ratings,$8.25
GAINN,$25.36,1440519411785,"56,297",Not yet rated,NULL,N/A
GAINO,$25.22,1440519411814,578,Not yet rated,NULL,N/A
GAINP,$25.831,1440519411870,"3,064",Not yet rated,NULL,N/A
LAND,$9.24,1440519412000,"16,000",50% bullish,of 2 ratings,$13.75
GBT,$44.37,1440519412029,"52,969",100% bearish,of 1 rating,N/A
GDEF,NULL,1440519412126,0,Not yet rated,NULL,N/A
GLBZ,NULL,1440519412169,0,Not yet rated,NULL,N/A
GBLI,$26.5,1440519412196,"3,720",Not yet rated,NULL,N/A
ENT,$11.05,1440519412223,"94,449",100% bearish,of 1 rating,$18
GPACU,NULL,1440519412350,0,Not yet rated,NULL,N/A
GSOL,$8.31,1440519412381,"13,375",100% bearish,of 1 rating,N/A
ACTX,$12.75,1440519412511,2,100% bullish,of 1 rating,N/A
QQQC,$19.0566,1440519412599,"3,215",100% bearish,of 1 rating,N/A
SOCL,$17.15,1440519412693,"44,154",100% bullish,of 2 ratings,N/A
SRET,$13.2499,1440519412729,"1,483",Not yet rated,NULL,N/A
ALTY,NULL,1440519412756,0,Not yet rated,NULL,N/A
GAI,$5.8,1440519412901,"3,245",50% bullish,of 2 ratings,N/A
YLCO,$11.4316,1440519412929,510,Not yet rated,NULL,N/A
GSM,$12.5,1440519412995,"71,584",50% bullish,of 2 ratings,$23
GLBS,$1.08,1440519413071,54,67% bullish,of 3 ratings,N/A
GBIM,$2.187,1440519413131,"1,784",50% bullish,of 2 ratings,N/A
GLRI,$1.05,1440519413215,"5,734",100% bearish,of 1 rating,$4.25
GLYC,$7.03,1440519413242,"14,444",50% bullish,of 2 ratings,$14
GLUU,$4.23,1440519413292,"538,044",92% bullish,of 26 ratings,$9
GOGO,$15.37,1440519413426,"573,904",80% bullish,of 5 ratings,$25
GLNG,$34.56,1440519413491,"217,556",83% bullish,of 6 ratings,$58
GMLP,$17.8,1440519413554,"141,037",50% bullish,of 4 ratings,$32.50
GLDC,NULL,1440519413647,0,50% bullish,of 2 ratings,N/A
GOGL,$2.69,1440519413675,"103,959",75% bullish,of 4 ratings,$5
GDEN,$8.9501,1440519413704,718,50% bullish,of 2 ratings,N/A
GBDC,$16.5508,1440519413725,"57,536",Not yet rated,NULL,$17.75
GOOG,$614.375,1440519413973,"723,721",89% bullish,of 70 ratings,$825
GOOGL,$642.35,1440519414033,"757,043",88% bullish,of 1080 ratings,$749
GPRO,$50.02,1440519414063,"2,571,105",78% bullish,of 58 ratings,$72
GTIM,$6.8,1440519414104,"32,755",Not yet rated,NULL,$11.50
GPIA,NULL,1440519414172,0,Not yet rated,NULL,N/A
GPIAU,$9.98,1440519414239,"1,200",Not yet rated,NULL,N/A
GMAN,$4.32,1440519414265,"23,462",60% bullish,of 5 ratings,$8.50
GBSNU,NULL,1440519414398,0,NULL,NULL,NULL
LOPE,$36.54,1440519414459,"55,409",100% bearish,of 2 ratings,$50
GRVY,$3.2899,1440519414490,"1,100",50% bullish,of 2 ratings,N/A
GPIAW,NULL,1440519414593,0,Not yet rated,NULL,N/A
GLDD,$5.2,1440519414646,"53,281",100% bearish,of 4 ratings,$7.75
GBSN,$0.7213,1440519414672,"2,018,842",100% bearish,of 1 rating,$8.25
GSBC,$38.95,1440519414750,"9,565",100% bullish,of 1 rating,$44
GNBC,$11.27,1440519414975,"24,179",100% bearish,of 1 rating,$17
GRBK,$12.3,1440519415053,"88,928",77% bullish,of 13 ratings,N/A
GPRE,$18.46,1440519415083,"189,113",67% bullish,of 6 ratings,$28.50
GPP,$13.905,1440519415132,"12,700",Not yet rated,NULL,$20.50
GLRE,$24.43,1440519415163,"55,028",50% bullish,of 2 ratings,$41
GRFS,$30.93,1440519415191,"64,430",50% bullish,of 2 ratings,$35
GCBC,NULL,1440519415218,0,100% bullish,of 1 rating,N/A
GRIF,NULL,1440519415244,0,100% bearish,of 1 rating,N/A
GRPN,$4.141,1440519415471,"1,742,799",61% bullish,of 71 ratings,$6.75
OMAB,$39.52,1440519415618,"13,259",100% bullish,of 1 rating,$44
GGAL,$18.4599,1440519415674,"92,291",80% bullish,of 5 ratings,$40
GSIG,$12.6,1440519415722,"21,005",100% bearish,of 2 ratings,N/A
GSVC,$8.635,1440519415892,"18,795",50% bullish,of 2 ratings,$14.50
GTXI,$0.784,1440519415927,"46,409",100% bullish,of 5 ratings,$.75
GBNK,$15.21,1440519415948,"11,839",100% bearish,of 1 rating,$18
GSIT,$4.77,1440519415982,"45,006",100% bearish,of 1 rating,N/A
GFED,$14.61,1440519416019,700,Not yet rated,NULL,$17
GUID,$7.14,1440519416048,"38,308",100% bearish,of 3 ratings,$10
GULTU,$0.287,1440519416077,"17,002",100% bearish,of 1 rating,N/A
GIFI,$11.54,1440519416242,"21,650",100% bearish,of 1 rating,$16
GWGH,$7.28,1440519416418,100,100% bearish,of 1 rating,$15.05
GURE,$1.6299,1440519416446,"60,223",88% bullish,of 8 ratings,N/A
GPOR,$33.69,1440519416467,"419,440",75% bullish,of 4 ratings,$55
GWPH,$102.7699,1440519416497,"50,565",78% bullish,of 9 ratings,$148.50
GYRO,$2.8,1440519416628,"15,850",100% bearish,of 1 rating,N/A
HLG,NULL,1440519416695,0,100% bearish,of 1 rating,N/A
HEES,$16.45,1440519416768,"89,421",67% bearish,of 3 ratings,$31
HALO,$17.35,1440519416835,"495,985",67% bullish,of 3 ratings,$22.50
HNRG,$7.22,1440519416868,"28,998",100% bearish,of 1 rating,$10
HBK,$13.51,1440519416970,300,50% bullish,of 2 ratings,N/A
HALL,$11.4,1440519417039,"9,967",Not yet rated,NULL,N/A
HMPR,$1.88,1440519417125,"10,162",100% bullish,of 1 rating,N/A
HBHC,$25.7801,1440519417158,"233,672",50% bullish,of 2 ratings,$30
HNH,$25.9,1440519417196,951,100% bullish,of 1 rating,N/A
HBHCL,$24.1099,1440519417258,"11,330",Not yet rated,NULL,N/A
HAFC,$23.83,1440519417402,"51,722",100% bullish,of 2 ratings,$28.50
HLIT,$5.56,1440519417538,"159,954",100% bearish,of 1 rating,$6.50
HQCL,$10.19,1440519417566,"22,225",67% bullish,of 3 ratings,$14
HDNG,$9.6401,1440519417587,"3,369",50% bullish,of 4 ratings,N/A
HNSN,$0.5059,1440519417623,"14,363",88% bullish,of 8 ratings,$.40
HRMNU,NULL,1440519417717,0,Not yet rated,NULL,N/A
TINY,$2.5286,1440519417821,"35,540",50% bullish,of 2 ratings,$5.26
HRMN,NULL,1440519417846,0,Not yet rated,NULL,N/A
HART,$0.8792,1440519417874,"56,702",100% bearish,of 1 rating,N/A
HRMNW,NULL,1440519418062,0,Not yet rated,NULL,N/A
HBIO,$4.41,1440519418198,"19,286",Not yet rated,NULL,$10
HCAP,$12.2899,1440519418224,703,50% bullish,of 2 ratings,$15
HA,$22.7899,1440519418302,"209,029",67% bullish,of 9 ratings,$27
HCOM,$22.11,1440519418361,"2,400",100% bearish,of 1 rating,$28
HCAPL,$25.4456,1440519418386,"1,600",Not yet rated,NULL,N/A
HAS,$73.1,1440519418443,"846,448",63% bullish,of 8 ratings,$84.50
HWKN,$36.38,1440519418532,"3,203",Not yet rated,NULL,N/A
HDS,$32.04,1440519418663,"740,589",100% bearish,of 2 ratings,$39.50
HWBK,$13.12,1440519418693,300,100% bearish,of 1 rating,N/A
HAYN,$36.13,1440519418716,"9,334",100% bearish,of 1 rating,$59
HIIQ,$4.47,1440519418879,"25,336",50% bullish,of 2 ratings,$7
HQY,$28.67,1440519418930,"36,262",67% bullish,of 3 ratings,$31
HCSG,$32.9,1440519418963,"56,488",50% bullish,of 4 ratings,$35
HWAY,$11.78,1440519419069,"88,916",100% bearish,of 1 rating,$15
HSTM,$24.48,1440519419171,"29,723",50% bullish,of 2 ratings,$33.75
HTLD,$20.17,1440519419353,"116,927",Not yet rated,NULL,$22.50
HTWR,$81.65,1440519419381,"111,202",50% bullish,of 2 ratings,$103
HTLF,$35.21,1440519419406,"2,753",100% bullish,of 1 rating,$39.50
HELE,$85.07,1440519419624,"59,688",67% bearish,of 3 ratings,$100
HMNY,$2.21,1440519419710,553,100% bearish,of 1 rating,N/A
HSII,$20,1440519419739,"37,865",100% bullish,of 3 ratings,$25
HMTV,$13.27,1440519419773,"24,862",100% bearish,of 1 rating,$16
HTBX,$5.1601,1440519419801,"3,700",50% bullish,of 2 ratings,$15.50
HNNA,$24.5,1440519419868,"4,966",Not yet rated,NULL,N/A
HCACU,$9.95,1440519419901,6,Not yet rated,NULL,N/A
HERO,NULL,1440519419968,0,NULL,NULL,NULL
HSIC,$135.988,1440519419996,"123,542",83% bullish,of 6 ratings,$146
HTBK,$10.63,1440519420176,"7,000",Not yet rated,NULL,$12
HFWA,$17.42,1440519420307,"36,801",100% bullish,of 1 rating,$20
HEOP,$7.5,1440519420333,"7,573",Not yet rated,NULL,$8.50
HRTX,$34.47,1440519420478,"174,089",67% bullish,of 6 ratings,$41
HCCI,$10.935,1440519420517,"1,282",100% bearish,of 1 rating,$16.50
MLHR,$27.17,1440519420570,"109,038",50% bullish,of 2 ratings,$33.50
HSKA,$32.01,1440519420592,"21,928",100% bearish,of 1 rating,$38
HFFC,$15.9001,1440519420653,"3,089",Not yet rated,NULL,N/A
HIBB,$38,1440519420824,"92,891",100% bearish,of 1 rating,$48.50
HPJ,$2.2,1440519420852,"13,055",75% bullish,of 4 ratings,$12.43
HIHO,$3.75,1440519420881,"3,964",Not yet rated,NULL,N/A
HIMX,$6.36,1440519420990,"323,428",86% bullish,of 21 ratings,$8.50
HSGX,$5.65,1440519421037,"1,400",100% bearish,of 1 rating,$17
HMNF,NULL,1440519421062,0,Not yet rated,NULL,N/A
HIFS,$115.605,1440519421087,980,Not yet rated,NULL,N/A
HOLI,$17.53,1440519421345,"154,058",50% bullish,of 4 ratings,$27
HMSY,$10.08,1440519421400,"1,248,935",67% bullish,of 3 ratings,$19.35
HOLX,$39.08,1440519421478,"724,443",67% bullish,of 3 ratings,$42
HBCP,$24.83,1440519421545,200,Not yet rated,NULL,$29
AWAY,$28.48,1440519421571,"278,709",67% bullish,of 3 ratings,$36
HMIN,$27.49,1440519421603,"96,176",100% bearish,of 2 ratings,$35
HOMB,$37.26,1440519421630,"44,804",Not yet rated,NULL,$41
HFBL,$22,1440519421655,400,Not yet rated,NULL,N/A
HMST,$21.45,1440519421801,"59,092",100% bullish,of 2 ratings,$27
HTBI,$17.91,1440519421979,"12,619",67% bullish,of 3 ratings,$18.625
CETC,$0.7486,1440519422024,"11,105",86% bullish,of 7 ratings,N/A
HKTV,$4.375,1440519422109,"70,820",100% bearish,of 1 rating,N/A
HFBC,$11.25,1440519422164,"2,813",Not yet rated,NULL,N/A
HOFT,$23.51,1440519422214,"38,318",100% bearish,of 1 rating,N/A
HBNC,$23.125,1440519422297,"6,441",100% bullish,of 1 rating,$27
HDP,$24.21,1440519422359,"91,380",67% bearish,of 3 ratings,$30.50
HZNP,$29.091,1440519422392,"957,195",85% bullish,of 20 ratings,$40
ZINC,$6.875,1440519422424,"172,894",100% bearish,of 1 rating,$17
HMHC,$22.8125,1440519422489,"218,362",Not yet rated,NULL,$27
HRZN,$10.07,1440519422518,"144,646",100% bearish,of 1 rating,$14.25
HWCC,$7.3,1440519422698,"15,578",100% bearish,of 1 rating,$9
HOVNP,NULL,1440519422789,0,100% bearish,of 1 rating,N/A
HSNI,$60.08,1440519422814,"116,319",Not yet rated,NULL,$80
HTGM,$5.89,1440519422960,"3,100",100% bearish,of 1 rating,$19.50
HBMD,$13.55,1440519422988,100,100% bearish,of 1 rating,N/A
HUBG,$37.64,1440519423089,"28,329",100% bearish,of 1 rating,$43
HCBK,$9.25,1440519423121,"841,845",83% bullish,of 6 ratings,$8.61
HSON,$2.6,1440519423181,"11,605",100% bearish,of 1 rating,$5
HDSN,$3.0199,1440519423216,"7,083",100% bullish,of 1 rating,$6.25
HBAN,$10.57,1440519423269,"3,097,591",76% bullish,of 17 ratings,$12.29
HURC,$28.63,1440519423306,"4,114",100% bearish,of 1 rating,N/A
HBANP,$1358,1440519423346,86,100% bearish,of 1 rating,N/A
HURN,$73.005,1440519423401,"71,994",50% bullish,of 2 ratings,$80
HTCH,$1.46,1440519423510,"81,171",100% bearish,of 1 rating,$3.50
HDRA,$9.65,1440519423715,"3,600",Not yet rated,NULL,N/A
HBP,$3.2379,1440519423773,"14,400",100% bullish,of 1 rating,N/A
HDRAR,NULL,1440519423934,0,Not yet rated,NULL,N/A
HYGS,$7.54,1440519423962,"14,058",50% bullish,of 2 ratings,$13
IDSY,$3.9,1440519423988,"3,946",100% bearish,of 1 rating,$7
HDRAW,NULL,1440519424020,0,Not yet rated,NULL,N/A
IACI,$69.501,1440519424153,"275,721",75% bullish,of 4 ratings,$90
HDRAU,NULL,1440519424216,0,Not yet rated,NULL,N/A
IKGH,$1.63,1440519424242,"19,800",75% bullish,of 4 ratings,N/A
ICAD,$3.41,1440519424318,"10,712",50% bullish,of 2 ratings,$7.25
IBKC,$58.595,1440519424462,"62,711",100% bullish,of 1 rating,$70
IEP,$69.185,1440519424491,"82,842",75% bullish,of 4 ratings,$99
ICFI,$34.0425,1440519424649,"12,269",50% bullish,of 2 ratings,$48.50
ICON,$12.85,1440519424677,"297,050",50% bullish,of 2 ratings,$18.50
ICLR,$78.37,1440519424736,"156,529",100% bearish,of 3 ratings,$85
ICUI,$111.625,1440519424842,"27,831",Not yet rated,NULL,$122
IPWR,$7.0301,1440519425069,"8,643",100% bullish,of 1 rating,$15
INVE,$4.38,1440519425096,"32,527",75% bullish,of 4 ratings,$4
IDXX,$71.78,1440519425118,"158,301",100% bearish,of 1 rating,$77
IRG,$4.55,1440519425156,"4,804",100% bearish,of 1 rating,$4.50
IROQ,$16.72,1440519425251,"2,370",100% bullish,of 1 rating,N/A
IDRA,$2.65,1440519425282,"438,194",89% bullish,of 9 ratings,$6.50
DSKY,$10.97,1440519425315,"244,712",67% bullish,of 6 ratings,$11.50
KANG,$14.64,1440519425512,"232,435",50% bullish,of 2 ratings,$22.55
IIVI,$17.08,1440519425539,"30,427",100% bearish,of 1 rating,$22
RXDX,$12.88,1440519425560,"63,190",100% bullish,of 1 rating,$20
IKAN,$2.7201,1440519425779,"46,778",83% bullish,of 6 ratings,$5
IKNX,NULL,1440519425857,0,100% bearish,of 1 rating,N/A
ILMN,$198.1,1440519425923,"325,493",80% bullish,of 5 ratings,$240
IMMR,$11.62,1440519425955,"69,228",80% bullish,of 5 ratings,$15.50
ISNS,$3.94,1440519425988,"26,620",50% bullish,of 2 ratings,N/A
IMNP,$1.2614,1440519426090,"57,455",50% bullish,of 2 ratings,$6
ICCC,$7.69,1440519426140,"3,570",100% bullish,of 1 rating,N/A
IMDZ,$14.62,1440519426167,"20,125",100% bearish,of 1 rating,$33
IMMU,$1.9099,1440519426222,"202,141",86% bullish,of 7 ratings,$2
IMGN,$13.35,1440519426296,"341,326",75% bullish,of 4 ratings,$17.50
IPXL,$41.97,1440519426427,"144,479",67% bullish,of 3 ratings,$46.50
IMMY,$7.25,1440519426559,"2,128",100% bearish,of 1 rating,$11
SAAS,$7.12,1440519426758,"169,086",50% bullish,of 2 ratings,$15
INCY,$102.98,1440519426813,"324,436",50% bullish,of 6 ratings,$125.50
INDB,$44.08,1440519426839,"36,506",Not yet rated,NULL,$44
INCR,$42.005,1440519426865,"285,929",50% bullish,of 2 ratings,$53
IBCP,$13.89,1440519426894,"26,437",100% bullish,of 1 rating,$14.50
IBTX,$39.42,1440519426996,"46,968",100% bullish,of 2 ratings,$47.25
IDSA,$3.475,1440519427075,"1,000",Not yet rated,NULL,N/A
INFN,$21.03,1440519427104,"605,740",71% bullish,of 7 ratings,$28
IPCC,$79.29,1440519427313,"7,477",Not yet rated,NULL,$77.50
III,$4.03,1440519427364,"56,743",57% bullish,of 7 ratings,$6
INFI,$8.67,1440519427400,"144,696",50% bullish,of 4 ratings,$18
IFON,$1.22,1440519427495,"8,390",75% bullish,of 4 ratings,N/A
IMKTA,$50.43,1440519427572,"40,721",100% bearish,of 1 rating,N/A
INWK,$7.02,1440519427629,"33,737",50% bullish,of 2 ratings,$10
INNL,NULL,1440519427703,0,100% bearish,of 1 rating,$16.50
INOD,$2.38,1440519427729,"9,550",100% bearish,of 1 rating,N/A
IOSP,$46.79,1440519427910,"61,419",100% bearish,of 1 rating,N/A
IPHS,$46.03,1440519427944,"38,854",100% bearish,of 1 rating,$60
INGN,$47.07,1440519427974,"66,807",100% bearish,of 1 rating,$50.50
ISSC,$2.9,1440519428047,"2,200",67% bearish,of 3 ratings,N/A
ITEK,$12.3001,1440519428073,"308,667",100% bearish,of 3 ratings,$20
NSIT,$25.01,1440519428233,"34,733",50% bullish,of 2 ratings,N/A
INO,$6.8,1440519428286,"431,997",89% bullish,of 18 ratings,$20
INOV,$21.03,1440519428307,"179,812",100% bearish,of 1 rating,$33
INSM,$23.79,1440519428479,"160,488",71% bullish,of 7 ratings,$31.50
ISIG,$2.59,1440519428539,"1,152",100% bearish,of 1 rating,N/A
PODD,$28.57,1440519428646,"88,017",67% bearish,of 3 ratings,$35
IART,$59.87,1440519428676,"78,763",100% bearish,of 1 rating,$71.50
INSY,$33.38,1440519428701,"315,503",75% bullish,of 4 ratings,$48
IIIN,$16.83,1440519428727,"8,909",100% bearish,of 2 ratings,N/A
NTEC,$5.9,1440519428752,"2,203",100% bearish,of 1 rating,N/A
IDTI,$17.5,1440519428916,"489,013",60% bullish,of 5 ratings,$25
IESC,$7.14,1440519428937,"1,800",100% bearish,of 1 rating,N/A
ISSI,$22.16,1440519428969,"28,852",67% bullish,of 3 ratings,$19.75
INTC,$26.801,1440519429140,"11,705,458",82% bullish,of 238 ratings,$36
IQNT,$18.17,1440519429169,"80,883",86% bullish,of 7 ratings,$20
IPCI,$2.15,1440519429270,"15,495",67% bullish,of 6 ratings,$8
IBKR,$37.845,1440519429460,"356,475",100% bullish,of 1 rating,N/A
ININ,$36.17,1440519429513,"19,786",67% bearish,of 3 ratings,$57
ICPT,$186.6,1440519429551,"84,593",70% bullish,of 10 ratings,$359.50
IPAR,$25.31,1440519429589,"17,891",67% bullish,of 3 ratings,$38
ICLDW,NULL,1440519429648,0,100% bearish,of 1 rating,N/A
TILE,$23.925,1440519429738,"204,011",67% bearish,of 3 ratings,$27
IDCC,$48.17,1440519429779,"155,578",80% bullish,of 5 ratings,$63
ICLD,$1.785,1440519429933,"65,841",75% bullish,of 4 ratings,N/A
INAP,$7.835,1440519429992,"55,518",75% bullish,of 4 ratings,$11
IMI,$1.98,1440519430037,"5,196",67% bullish,of 3 ratings,$2.22
ISCA,$31.155,1440519430124,"21,956",100% bearish,of 1 rating,N/A
IBOC,$24.67,1440519430150,"40,885",100% bearish,of 1 rating,N/A
IGLD,$6.53,1440519430175,"6,665",50% bullish,of 2 ratings,N/A
IIJI,$9.55,1440519430400,100,50% bullish,of 2 ratings,$11.50
INPH,$0.3,1440519430542,"8,357",50% bullish,of 2 ratings,N/A
INTX,$2.15,1440519430572,962,67% bullish,of 3 ratings,N/A
XENT,$25.91,1440519430605,"89,983",50% bullish,of 2 ratings,$36.50
PTNT,NULL,1440519430627,0,Not yet rated,NULL,N/A
ISIL,$10.19,1440519430701,"156,723",50% bullish,of 6 ratings,$15
IILG,$19.4075,1440519430759,"25,862",100% bearish,of 1 rating,$29
IVAC,$4.7001,1440519430784,"7,200",100% bearish,of 1 rating,$6.625
INTLL,$25.5,1440519430974,"1,100",Not yet rated,NULL,N/A
INTL,$26.28,1440519431004,"43,404",67% bearish,of 3 ratings,N/A
ITCI,$26.45,1440519431181,"244,273",75% bearish,of 4 ratings,$40
SNAK,$8.25,1440519431312,"56,017",50% bullish,of 2 ratings,$14
IIN,$6.0001,1440519431339,524,100% bearish,of 1 rating,$12
INVT,$0.2651,1440519431360,"21,150",67% bullish,of 3 ratings,N/A
INTU,$84.76,1440519431390,"800,993",86% bullish,of 7 ratings,$107.50
ISRG,$506.04,1440519431412,"83,836",67% bullish,of 3 ratings,$600
ISBC,$11.52,1440519431612,"734,854",100% bullish,of 1 rating,$13.25
ISTR,$15.75,1440519431660,402,100% bearish,of 1 rating,$18.50
ITIC,$71.5,1440519431794,100,100% bearish,of 2 ratings,N/A
NVIV,$10.245,1440519431864,"149,045",50% bullish,of 4 ratings,$24.50
DFVL,NULL,1440519431934,0,Not yet rated,NULL,N/A
IVTY,$12.34,1440519431960,"2,329",Not yet rated,NULL,$18
IPAS,$1.04,1440519431981,"5,900",67% bullish,of 3 ratings,N/A
DTUL,NULL,1440519432012,0,Not yet rated,NULL,N/A
IPCM,$79.12,1440519432261,"377,165",50% bullish,of 2 ratings,$80.125
IPGP,$83.82,1440519432287,"89,232",100% bearish,of 2 ratings,$109.50
IRMD,$25,1440519432465,"11,468",67% bearish,of 3 ratings,$25
IRIX,$6.81,1440519432512,"2,500",100% bearish,of 1 rating,N/A
IRBT,$28.72,1440519432572,"76,459",67% bullish,of 6 ratings,$37
IRWD,$10.94,1440519432643,"294,230",100% bearish,of 1 rating,$13
IRDM,$6.78,1440519432668,"265,148",60% bullish,of 5 ratings,$11.50
IRDMB,$274.21,1440519432698,"1,134",67% bearish,of 3 ratings,N/A
IRCP,$26,1440519432829,300,100% bullish,of 2 ratings,N/A
FCHI,NULL,1440519432852,0,NULL,NULL,NULL
GNMA,$50.05,1440519432982,"1,723",Not yet rated,NULL,N/A
COMT,$31.5,1440519433012,"10,932",100% bearish,of 1 rating,N/A
IFAS,NULL,1440519433109,0,NULL,NULL,NULL
IFNA,NULL,1440519433175,0,NULL,NULL,NULL
IFEU,$38.41,1440519433201,"9,374",Not yet rated,NULL,N/A
IFGL,$28.515,1440519433272,"26,105",Not yet rated,NULL,N/A
AAXJ,$52.54,1440519433487,"725,422",Not yet rated,NULL,N/A
AAIT,NULL,1440519433513,0,NULL,NULL,NULL
ACWI,$54.98,1440519433561,"2,082,864",Not yet rated,NULL,N/A
ACWX,$40.2891,1440519433587,"374,177",100% bearish,of 1 rating,N/A
AXJS,NULL,1440519433642,0,NULL,NULL,NULL
EEMA,$49.61,1440519433667,"8,764",Not yet rated,NULL,N/A
EMDI,NULL,1440519433722,0,NULL,NULL,NULL
EEME,NULL,1440519433746,0,NULL,NULL,NULL
EMEY,NULL,1440519433834,0,NULL,NULL,NULL
EGRW,NULL,1440519433942,0,NULL,NULL,NULL
EVAL,NULL,1440519434001,0,NULL,NULL,NULL
EEML,$26.92,1440519434131,"2,205",Not yet rated,NULL,N/A
EUFN,$21.855,1440519434163,"43,848",100% bearish,of 1 rating,N/A
IEUS,$45.8399,1440519434298,"1,405",100% bearish,of 1 rating,N/A
QAT,NULL,1440519434324,0,Not yet rated,NULL,N/A
UAE,$17.23,1440519434455,"17,281",Not yet rated,NULL,N/A
IBB,$337.48,1440519434488,"683,659",63% bullish,of 8 ratings,N/A
EMIF,$28.04,1440519434509,"1,841",Not yet rated,NULL,N/A
WOOD,$47.65,1440519434590,"120,842",50% bullish,of 2 ratings,N/A
ICLN,$9.39,1440519434652,"15,696",50% bullish,of 2 ratings,N/A
SOXX,$79.09,1440519434825,"170,215",50% bullish,of 2 ratings,N/A
INDY,$27.395,1440519434853,"158,034",50% bullish,of 2 ratings,N/A
ISHG,$80.66,1440519434911,"5,430",100% bearish,of 1 rating,N/A
IGOV,$91.8132,1440519434936,"20,789",100% bearish,of 1 rating,N/A
ISIS,$47.11,1440519435069,"504,698",53% bullish,of 15 ratings,$67
ISRL,$125,1440519435219,200,100% bearish,of 1 rating,N/A
ISLE,$16.61,1440519435284,"142,644",50% bullish,of 4 ratings,$16
ITRN,$23.8421,1440519435348,"1,289",50% bullish,of 2 ratings,N/A
XXIA,$14.9801,1440519435385,"91,800",71% bullish,of 7 ratings,$14.625
JJSF,$111.14,1440519435529,"14,860",100% bearish,of 1 rating,N/A
ITRI,$30.7,1440519435561,"51,752",Not yet rated,NULL,$37
IXYS,$10.4,1440519435586,"48,883",50% bullish,of 4 ratings,N/A
MAYS,NULL,1440519435612,0,Not yet rated,NULL,N/A
ITUS,$4,1440519435749,101,Not yet rated,NULL,N/A
JBHT,$74.905,1440519435897,"293,415",50% bullish,of 4 ratings,$89.50
JCOM,$67.543,1440519435945,"77,923",100% bullish,of 2 ratings,$77
JKHY,$67.205,1440519436078,"79,876",50% bullish,of 2 ratings,$72
JXSB,$24.19,1440519436111,436,Not yet rated,NULL,N/A
JACK,$80,1440519436208,"196,052",83% bullish,of 6 ratings,$105
JAXB,$13.33,1440519436235,100,100% bullish,of 1 rating,N/A
JAKK,$9.39,1440519436448,"101,342",60% bearish,of 5 ratings,$11
JMBA,$13.1,1440519436505,"26,840",75% bullish,of 4 ratings,$18
JAGX,$2.78,1440519436531,856,Not yet rated,NULL,N/A
JRVR,$26.25,1440519436557,"6,508",Not yet rated,NULL,$32
JASO,$7.475,1440519436579,"528,740",82% bullish,of 17 ratings,$10
ERW,NULL,1440519436794,0,Not yet rated,NULL,N/A
JASN,$4.78,1440519436851,"9,500",50% bullish,of 2 ratings,$9.50
JAZZ,$165.49,1440519437022,"118,481",80% bullish,of 15 ratings,$206.50
JASNW,NULL,1440519437334,0,50% bullish,of 2 ratings,N/A
JD,$25.825,1440519437632,"3,672,212",75% bullish,of 16 ratings,$36
JBLU,$22.2901,1440519437730,"2,973,557",94% bullish,of 18 ratings,$27
JTPY,$2.96,1440519437863,456,100% bearish,of 1 rating,N/A
JCTCF,NULL,1440519438391,0,100% bullish,of 1 rating,N/A
DATE,$5.65,1440519438692,"236,298",75% bullish,of 4 ratings,$9
WYIGU,$10,1440519438752,"2,500",Not yet rated,NULL,N/A
JIVE,$4.2,1440519438778,"116,767",75% bullish,of 4 ratings,$5
JOEZ,$0.1748,1440519438823,"154,890",92% bullish,of 12 ratings,N/A
JST,$3.8597,1440519438919,"7,486",75% bullish,of 4 ratings,N/A
JBSS,$50.75,1440519439364,"11,704",67% bearish,of 3 ratings,N/A
JOUT,$22.795,1440519439508,"9,989",100% bearish,of 1 rating,$34
JUNO,$36.64,1440519439794,"463,256",73% bullish,of 11 ratings,$71.50
JNP,$9.69,1440519439868,"6,570",100% bullish,of 3 ratings,$15
KTWO,$21.26,1440519440023,"56,586",100% bearish,of 1 rating,$28.50
KBIO,$1.8301,1440519440333,"4,091",50% bullish,of 4 ratings,N/A
KMDA,$3.36,1440519440588,"4,500",50% bullish,of 2 ratings,$8
KALU,$79.42,1440519440671,"41,497",67% bearish,of 3 ratings,$91
KNDI,$6.2799,1440519440730,"215,382",86% bullish,of 22 ratings,N/A
KCLI,$46.49,1440519440930,"6,297",Not yet rated,NULL,N/A
KPTI,$13.38,1440519440995,"150,271",67% bearish,of 3 ratings,$39
KBSF,NULL,1440519441275,0,100% bullish,of 1 rating,N/A
KCAP,$4.5296,1440519441296,"84,152",75% bullish,of 4 ratings,$6
KELYB,NULL,1440519441378,0,50% bullish,of 2 ratings,N/A
KELYA,$13.93,1440519441475,"39,104",67% bullish,of 6 ratings,$20
KMPH,$19.4559,1440519441619,"17,694",100% bearish,of 2 ratings,$22
KFFB,$8.6,1440519441666,"1,100",100% bearish,of 1 rating,N/A
