Symbol,Price,Date,Volume,Rating,RatingVoteCount,OneYearEstimate
FCTY,$7.88,1440511802164,"2,000",100% bullish,of 1 rating,$8.50
FCCY,$11.4001,1440511802202,200,100% bullish,of 1 rating,$13
TFSCW,$0.2,1440511802230,"3,500",100% bearish,of 1 rating,N/A
PIH,$7.05,1440511802252,107,100% bearish,of 1 rating,N/A
FLWS,$9.155,1440511802273,"19,799",100% bullish,of 5 ratings,$15
TFSCU,NULL,1440511802305,0,Not yet rated,NULL,N/A
UGLD,$9.3789,1440511802659,"123,766",100% bearish,of 1 rating,N/A
SRCE,$28.99,1440511802708,"1,600",100% bullish,of 3 ratings,$33
VNET,$18.21,1440511802735,"138,890",60% bullish,of 5 ratings,$29.50
TWOU,$33.9,1440511802757,"22,274",50% bullish,of 2 ratings,$39
DGLD,$80.2,1440511802790,"17,069",100% bearish,of 1 rating,N/A
DSLV,$70.4799,1440511802811,"3,407",100% bearish,of 1 rating,N/A
USLV,$12.6788,1440511803223,"115,811",86% bullish,of 7 ratings,N/A
JOBS,$27,1440511803248,"24,587",50% bullish,of 4 ratings,$36
CAFD,$15.38,1440511803428,"61,446",Not yet rated,NULL,$25
EGHT,$7.9299,1440511803453,"106,980",82% bullish,of 17 ratings,$11
SHLM,$32.81,1440511803620,"8,312",100% bearish,of 1 rating,$50
SIXD,$1.4,1440511803677,"8,000",Not yet rated,NULL,N/A
AAON,$20.59,1440511803748,"5,067",100% bearish,of 1 rating,$24
AVHI,$13.908,1440511803780,"6,245",100% bearish,of 1 rating,$19
ABAX,$46.85,1440511803836,"17,660",100% bearish,of 1 rating,$60
ABY,$20.615,1440511803917,"222,696",100% bearish,of 2 ratings,$46
ABEO,$4.3902,1440511804004,"21,213",67% bullish,of 3 ratings,$15.50
ABEOW,$1.83,1440511804218,"6,540",100% bullish,of 1 rating,N/A
ABGB,$5.3862,1440511804303,"73,591",67% bullish,of 3 ratings,$5.50
ABMD,$95.675,1440511804360,"94,612",75% bullish,of 4 ratings,$100.50
AXAS,$1.54,1440511804494,"243,623",78% bullish,of 9 ratings,$3.50
ACST,$0.3351,1440511804699,"25,538",100% bullish,of 2 ratings,N/A
ACTG,$8.825,1440511804772,"23,466",67% bullish,of 3 ratings,$18.50
ACAD,$34.64,1440511804833,"138,817",80% bullish,of 20 ratings,$48
XLRN,$28,1440511804905,"18,033",50% bullish,of 2 ratings,$57
AXDX,$18.47,1440511804932,"26,367",100% bearish,of 1 rating,N/A
ACHC,$72.558,1440511804957,"81,952",50% bullish,of 2 ratings,$92
ANCX,$19.28,1440511805214,"8,714",Not yet rated,NULL,$19
VXDN,$2.1499,1440511805401,"120,360",100% bearish,of 1 rating,N/A
VXUP,$1.5999,1440511805426,"153,512",100% bearish,of 1 rating,N/A
ARAY,$6.42,1440511805462,"124,954",100% bearish,of 1 rating,$10.50
AKAO,$6.22,1440511805708,"11,933",75% bullish,of 4 ratings,$15
ACET,$22.63,1440511805740,"10,884",75% bullish,of 4 ratings,$30
ACRX,$3.9086,1440511805776,"28,802",67% bearish,of 6 ratings,$5.50
ACIW,$21.06,1440511805875,"45,656",50% bullish,of 2 ratings,$24
ACHN,$7.335,1440511805906,"297,675",90% bullish,of 21 ratings,$16
ACNB,$20.35,1440511806005,220,Not yet rated,NULL,N/A
ACOR,$33.45,1440511806260,"810,470",67% bearish,of 3 ratings,$38.50
ACPW,$1.817,1440511806285,"22,275",100% bullish,of 4 ratings,$3.50
ACTS,$1.5701,1440511806346,"32,362",100% bearish,of 1 rating,N/A
ATVI,$26.67,1440511806440,"737,748",68% bullish,of 84 ratings,$31.50
ACTA,$13.51,1440511806764,"10,423",67% bearish,of 3 ratings,$25
ADMS,$19.23,1440511806853,"5,557",100% bearish,of 2 ratings,$36
ACUR,$0.5201,1440511806956,"36,025",100% bullish,of 5 ratings,$1
ACXM,$19.92,1440511806988,"76,126",67% bullish,of 3 ratings,N/A
ADUS,$29.12,1440511807088,"3,838",100% bearish,of 1 rating,$31
ADEP,$6.7501,1440511807120,"6,644",50% bullish,of 2 ratings,$10.75
AEY,$2.3548,1440511807146,"3,511",100% bearish,of 2 ratings,N/A
ADAP,$11.63,1440511807218,"43,653",67% bullish,of 3 ratings,$22
ADMP,$3.31,1440511807245,"11,236",50% bullish,of 2 ratings,$10
ADMA,$9.2199,1440511807378,"2,058",Not yet rated,NULL,$19
ADBE,$78.06,1440511807404,"625,964",65% bullish,of 17 ratings,$90
TFSCR,NULL,1440511807486,0,Not yet rated,NULL,N/A
ADTN,$15.198,1440511807543,"31,104",67% bullish,of 3 ratings,$17.125
ADRO,$19.0401,1440511807591,"14,573",80% bullish,of 5 ratings,$45.50
TFSC,NULL,1440511807800,0,100% bearish,of 1 rating,N/A
AEIS,$23.848,1440511807856,"22,690",50% bullish,of 2 ratings,$32.50
AMD,$1.78,1440511807881,"1,321,267",83% bullish,of 103 ratings,$2
ADXSW,$8.99,1440511807937,"1,800",100% bullish,of 1 rating,N/A
AEGR,$17.335,1440511808072,"36,834",50% bullish,of 6 ratings,$26
ADXS,$13.4896,1440511808100,"157,476",64% bullish,of 14 ratings,$27
YPRO,$21.84,1440511808126,"3,118",100% bearish,of 1 rating,N/A
MULT,NULL,1440511808146,0,100% bearish,of 1 rating,N/A
AEGN,$17.82,1440511808325,"12,336",100% bearish,of 2 ratings,$21
AMTX,$2.6,1440511808357,"5,810",50% bullish,of 2 ratings,$26.11
AEHR,NULL,1440511808409,0,50% bullish,of 2 ratings,N/A
AEPI,$55,1440511808456,364,100% bearish,of 1 rating,N/A
AERI,$15.63,1440511808517,"44,681",75% bullish,of 4 ratings,$31.50
AVAV,$23.3615,1440511808624,"16,682",50% bullish,of 4 ratings,$31
AEZS,$0.0866,1440511808649,"1,810,910",90% bullish,of 21 ratings,$1.50
AEMD,$6.9501,1440511808838,"1,439",Not yet rated,NULL,$27.50
AFMD,$9.74,1440511808869,"20,734",50% bullish,of 4 ratings,$15
AGEN,$6.695,1440511808896,"147,852",85% bullish,of 13 ratings,$14
AGRX,$8.12,1440511808923,"1,100",100% bearish,of 1 rating,$17.50
AFFX,$9,1440511808973,"32,894",80% bullish,of 5 ratings,$12
AGIO,$82.93,1440511809106,"28,976",88% bullish,of 8 ratings,$114
AGFS,$10.16,1440511809133,"6,301",100% bearish,of 1 rating,N/A
AGYS,$9.5,1440511809160,"5,160",100% bearish,of 1 rating,N/A
AGFSW,$1.87,1440511809315,600,100% bearish,of 2 ratings,N/A
AIMT,$20.58,1440511809392,"23,540",Not yet rated,NULL,N/A
AIRM,$35.968,1440511809466,"14,921",80% bearish,of 5 ratings,$53
AIRT,$21.92,1440511809487,100,100% bullish,of 1 rating,N/A
AMCN,$4.51,1440511809566,"179,779",83% bullish,of 6 ratings,N/A
AIXG,$5.87,1440511809632,"1,218",67% bearish,of 3 ratings,$5.25
ATSG,$8.56,1440511809661,"19,070",67% bullish,of 3 ratings,$13
AKAM,$67.97,1440511809765,"275,063",63% bullish,of 8 ratings,$77
AKRX,$39.84,1440511809962,"57,085",78% bullish,of 9 ratings,$56
AKER,NULL,1440511809989,0,Not yet rated,NULL,N/A
ALSK,$2.01,1440511810016,"3,054",78% bullish,of 18 ratings,$2
ALRM,$16.06,1440511810069,"16,901",100% bearish,of 1 rating,$22
AKBA,$6.41,1440511810197,"51,915",100% bearish,of 1 rating,$18
ABDC,$11.9701,1440511810226,"8,218",Not yet rated,NULL,$15
AMRI,$19.38,1440511810267,"76,691",75% bearish,of 4 ratings,$24
ADHD,$7.96,1440511810361,"14,366",50% bullish,of 4 ratings,$18
ALDR,$37.1,1440511810494,"68,622",67% bearish,of 3 ratings,$62
ALDX,$7.07,1440511810568,"1,318",100% bearish,of 1 rating,$14.50
ALXN,$172.35,1440511810626,"247,203",88% bullish,of 8 ratings,$223
ALXA,$1.0976,1440511810653,"3,700",83% bullish,of 6 ratings,$2.125
ALGN,$55.71,1440511810919,"49,402",100% bearish,of 2 ratings,$73
ALKS,$59.38,1440511811049,"94,655",67% bullish,of 3 ratings,$75
ALLB,$22.87,1440511811090,400,Not yet rated,NULL,N/A
ALGT,$216.288,1440511811181,"11,927",100% bearish,of 2 ratings,$235
ALIM,$3.028,1440511811286,"6,239",80% bullish,of 5 ratings,$10
ALCO,$41.3,1440511811346,208,50% bullish,of 2 ratings,N/A
AFOP,$18.085,1440511811386,"73,970",75% bullish,of 8 ratings,$21
AHGP,$35.8,1440511811516,"12,039",67% bullish,of 3 ratings,N/A
ARLP,$24.1785,1440511811575,"16,451",67% bearish,of 3 ratings,$32
ALQA,$4.3578,1440511811708,"13,792",75% bullish,of 4 ratings,$8.50
AIQ,$13.7,1440511811737,"1,300",67% bullish,of 3 ratings,N/A
AHPI,$1.5,1440511811765,115,50% bullish,of 2 ratings,N/A
ALLT,$4.96,1440511811842,"23,789",75% bullish,of 4 ratings,$6.25
AMOT,$17.36,1440511811908,"7,092",100% bearish,of 1 rating,N/A
MDRX,$13.28,1440511811945,"189,249",60% bullish,of 5 ratings,$16
AFAM,$44.16,1440511812126,"1,262",50% bullish,of 2 ratings,$44
AOSL,$7.32,1440511812259,"6,637",67% bullish,of 3 ratings,$9
ATEC,$0.59,1440511812307,"26,860",100% bullish,of 1 rating,$2
SMCP,$22.69,1440511812332,"1,609",Not yet rated,NULL,N/A
ALNY,$98.1301,1440511812626,"95,959",67% bullish,of 3 ratings,$148.50
AMRN,$2.008,1440511812826,"196,785",85% bullish,of 39 ratings,$8
AMAG,$58.83,1440511812935,"37,853",100% bullish,of 2 ratings,$77.50
AMRK,$10.65,1440511813042,804,50% bullish,of 2 ratings,$14
AIMC,$24.62,1440511813171,"3,268",100% bearish,of 2 ratings,$28.50
ASPS,$26.742,1440511813195,"12,962",67% bullish,of 3 ratings,$46.50
ALTR,$47.45,1440511813391,"472,454",80% bearish,of 5 ratings,$54
AMZN,$479.87,1440511813422,"809,962",81% bullish,of 263 ratings,$646
AYA,$20.94,1440511813524,"12,200",100% bearish,of 1 rating,$40
AMBA,$90.2499,1440511813658,"543,967",83% bullish,of 12 ratings,$102.50
AMBCW,NULL,1440511813683,0,100% bearish,of 1 rating,N/A
EPAX,$2.7,1440511813715,729,100% bearish,of 1 rating,N/A
DOX,$56.48,1440511813865,"35,984",50% bullish,of 2 ratings,$60
AMCX,$68.715,1440511814036,"208,078",67% bullish,of 3 ratings,$87.50
AMED,$38.0056,1440511814399,"66,736",100% bearish,of 1 rating,$42
AMBC,$15.25,1440511814508,"22,073",100% bearish,of 1 rating,$16.50
AMDA,$0.4399,1440511814545,"420,700",90% bullish,of 10 ratings,$1
UHAL,$362.345,1440511814637,"2,460",100% bullish,of 2 ratings,$393.50
ATAX,$5.1469,1440511814767,"130,571",100% bullish,of 1 rating,$6.50
ASBI,$22.26,1440511814830,100,Not yet rated,NULL,N/A
AMOV,$17.7,1440511814999,"6,804",100% bearish,of 1 rating,N/A
AAL,$39.142,1440511815079,"1,600,301",93% bullish,of 88 ratings,$57
AGNCB,$24.09,1440511815211,600,Not yet rated,NULL,N/A
AGNCP,$25.2494,1440511815280,"6,208",Not yet rated,NULL,N/A
AGNC,$19.44,1440511815354,"529,916",71% bullish,of 28 ratings,$22
MTGEP,$24.44,1440511815486,600,Not yet rated,NULL,N/A
ACSF,$12.07,1440511815571,"7,972",100% bearish,of 1 rating,$15
ACAS,$13.31,1440511815642,"96,012",60% bullish,of 5 ratings,$16.75
AMNB,$22.66,1440511815942,712,Not yet rated,NULL,$25.50
ANAT,$96.945,1440511816072,"5,756",100% bullish,of 1 rating,N/A
APEI,$21.2204,1440511816404,"5,528",100% bearish,of 1 rating,$25.50
ARII,$36.966,1440511816627,"39,455",67% bearish,of 3 ratings,$45
AMSWA,$8.69,1440511816807,"3,060",100% bearish,of 2 ratings,$10.75
MTGE,$15.33,1440511816906,"34,499",75% bullish,of 4 ratings,$19.50
AETI,NULL,1440511817004,0,67% bearish,of 3 ratings,N/A
AMIC,NULL,1440511817112,0,Not yet rated,NULL,N/A
AMSC,$3.75,1440511817346,"29,383",50% bullish,of 4 ratings,N/A
ANCI,$1.63,1440511817394,100,100% bearish,of 1 rating,N/A
AMWD,$66.87,1440511817527,"19,440",50% bullish,of 2 ratings,$70
CRMT,$37.09,1440511817552,"6,681",100% bearish,of 1 rating,$39
AMRB,$10.005,1440511817585,900,Not yet rated,NULL,$11
ABCB,$26.73,1440511817692,"6,536",Not yet rated,NULL,$31
AMSF,$47.29,1440511817722,"4,807",Not yet rated,NULL,$57.50
ASEI,$37.9,1440511817798,"3,055",100% bearish,of 1 rating,$52.50
ASRV,$3.25,1440511817933,1,100% bullish,of 2 ratings,N/A
ASRVP,$28.17,1440511818087,394,Not yet rated,NULL,N/A
AMGN,$152.77,1440511818168,"915,169",89% bullish,of 19 ratings,$185
FOLD,$13.335,1440511818197,"278,627",56% bullish,of 9 ratings,$21
AMKR,$4.62,1440511818258,"411,914",100% bearish,of 2 ratings,$5
ATLO,$22.44,1440511818284,"1,709",Not yet rated,NULL,N/A
AMPH,$13.08,1440511818310,"20,012",50% bullish,of 2 ratings,$20
AMSGP,NULL,1440511818451,0,Not yet rated,NULL,N/A
AMSG,$79.7302,1440511818477,"57,622",100% bearish,of 1 rating,$85.50
AFSI,$58.51,1440511818611,"41,936",60% bullish,of 5 ratings,$72
ANAD,$0.3149,1440511818693,"25,245",100% bullish,of 2 ratings,$.50
ADI,$53.1,1440511818798,"390,276",67% bullish,of 3 ratings,$69
ANAC,$128.1,1440511818943,"132,557",80% bullish,of 5 ratings,$180.50
ASYS,$5.1,1440511818970,"2,991",67% bullish,of 3 ratings,$12
AMRS,$1.545,1440511819100,"17,440",70% bullish,of 10 ratings,N/A
ALOG,$78.46,1440511819235,"2,835",100% bearish,of 2 ratings,$100.50
ANCB,NULL,1440511819339,0,Not yet rated,NULL,$23
AMCF,$0.25,1440511819403,500,100% bullish,of 7 ratings,N/A
ABCW,$39.3,1440511819483,900,67% bullish,of 3 ratings,N/A
ANGO,$14.44,1440511819509,"2,503",67% bullish,of 3 ratings,$19
ANGI,$4.69,1440511819538,"53,829",64% bullish,of 11 ratings,$5.50
ANIP,$48.9,1440511819564,"9,319",89% bullish,of 19 ratings,$66
ANSS,$88.09,1440511819642,"50,671",100% bearish,of 1 rating,$100
ANTH,$7.18,1440511819885,"152,304",80% bullish,of 10 ratings,$13
ABAC,$0.692,1440511819938,"14,093",100% bearish,of 1 rating,N/A
ATNY,$2.33,1440511819962,"1,728",50% bullish,of 2 ratings,$3.75
ANIK,$33.5,1440511820166,"8,286",60% bullish,of 5 ratings,$51.25
AAPL,$108.22,1440511820323,"19,410,864",86% bullish,of 2344 ratings,$150
ARCI,$1.28,1440511820384,800,Not yet rated,NULL,N/A
APPF,$16.1,1440511820408,"1,500",50% bullish,of 2 ratings,$22
APDN,$3.13,1440511820748,"9,496",Not yet rated,NULL,$9
APDNW,NULL,1440511820919,0,Not yet rated,NULL,N/A
AGTC,$15.22,1440511820971,"4,272",50% bullish,of 2 ratings,$33
APIC,$6.17,1440511821258,"16,740",100% bearish,of 1 rating,$19
ATRS,$1.725,1440511821462,"54,325",92% bullish,of 12 ratings,$4.50
AMAT,$15.38,1440511821511,"3,071,825",82% bullish,of 11 ratings,$23
AAOI,$19.35,1440511821812,"27,461",50% bullish,of 4 ratings,$26
AMCC,$5.36,1440511821880,"78,786",80% bullish,of 5 ratings,$8
AREX,$1.95,1440511822184,"132,380",100% bearish,of 1 rating,$3
APTO,$4.65,1440511822211,620,Not yet rated,NULL,$17
AQMS,$4.7314,1440511822387,"5,096",Not yet rated,NULL,N/A
APOG,$51.19,1440511822603,"30,001",100% bullish,of 1 rating,$67
AUMA,NULL,1440511822651,0,Not yet rated,NULL,N/A
AQXP,$19.6699,1440511822732,"847,858",50% bullish,of 2 ratings,$2
AINV,$6.37,1440511822837,"178,867",50% bullish,of 4 ratings,$8
AUMAU,NULL,1440511822939,0,Not yet rated,NULL,N/A
AUMAW,NULL,1440511823147,0,Not yet rated,NULL,N/A
APOL,$10.9,1440511823216,"76,951",87% bearish,of 68 ratings,$14
ABUS,$7.134,1440511823300,"46,628",86% bullish,of 14 ratings,$23
ARCW,$3.27,1440511823540,"5,396",100% bearish,of 2 ratings,$10.50
RKDA,$5.08,1440511823672,"2,833",100% bearish,of 2 ratings,$10
ABIO,$0.85,1440511823700,"8,232",50% bullish,of 2 ratings,$3.75
ARCB,$28.29,1440511823730,"18,223",67% bearish,of 3 ratings,$39.50
ACGL,$68.19,1440511823838,"32,693",50% bullish,of 2 ratings,$72
APRI,$1.3,1440511824007,"41,049",83% bullish,of 6 ratings,$4.86
ARDX,$17.42,1440511824142,"13,161",50% bullish,of 2 ratings,$24.50
ARNA,$2.7137,1440511824229,"315,933",90% bullish,of 77 ratings,$5.50
PETX,$16.99,1440511824321,"45,227",100% bearish,of 2 ratings,$26
AGII,$55.43,1440511824414,"10,767",Not yet rated,NULL,$59.50
ARDM,$6.93,1440511824440,427,100% bullish,of 1 rating,$26
ACAT,$25.3,1440511824498,"12,483",100% bearish,of 3 ratings,$33
ARIA,$6.485,1440511824776,"668,686",87% bullish,of 46 ratings,$9
ARCC,$15.155,1440511825124,"584,950",67% bearish,of 3 ratings,$17.875
ARTX,$1.47,1440511825149,"12,000",88% bullish,of 16 ratings,$4.50
ARIS,$3.15,1440511825279,"14,490",Not yet rated,NULL,$4.50
AGIIL,$25,1440511825350,"2,566",Not yet rated,NULL,N/A
ARMH,$42.16,1440511825375,"484,948",54% bearish,of 13 ratings,$61
ARWA,NULL,1440511825405,0,Not yet rated,NULL,N/A
ARKR,$24,1440511825431,"1,000",50% bullish,of 2 ratings,N/A
ARWAU,NULL,1440511825619,0,100% bullish,of 1 rating,N/A
ARWAR,$0.27,1440511825646,200,Not yet rated,NULL,N/A
ARGS,$6.11,1440511825669,"5,114",50% bullish,of 2 ratings,$19.50
ARWAW,NULL,1440511825723,0,Not yet rated,NULL,N/A
ARRY,$5.3875,1440511825895,"222,938",100% bullish,of 7 ratings,$10
ARQL,$1.639,1440511825928,"45,610",75% bullish,of 4 ratings,$5
DWAT,$9.66,1440511826035,"4,132",100% bearish,of 1 rating,N/A
ARRS,$25.69,1440511826064,"78,192",50% bullish,of 2 ratings,$38
AROW,$27.2,1440511826161,"1,767",Not yet rated,NULL,N/A
ARWR,$5.215,1440511826266,"159,315",75% bullish,of 4 ratings,$10.50
ASBB,NULL,1440511826338,0,Not yet rated,NULL,N/A
ARTNA,$22.725,1440511826468,"4,006",100% bearish,of 1 rating,$29
ASNA,$11.005,1440511826494,"390,670",50% bullish,of 2 ratings,$18
ARTW,NULL,1440511826515,0,75% bearish,of 4 ratings,N/A
ASND,$18.724,1440511826656,"13,947",100% bullish,of 1 rating,$30
ASTI,$0.105,1440511826696,"753,006",83% bullish,of 6 ratings,$3
ASCMA,$26.16,1440511826724,"7,277",100% bearish,of 1 rating,$45
ASMI,NULL,1440511826945,0,NULL,NULL,NULL
ASML,$90.15,1440511827090,"223,885",50% bullish,of 4 ratings,$127
APWC,$1.9,1440511827164,100,100% bearish,of 1 rating,N/A
AZPN,$37.475,1440511827319,"46,004",50% bullish,of 2 ratings,$42
ASMB,$12.73,1440511827353,"2,382",67% bullish,of 3 ratings,N/A
ASFI,$8.9262,1440511827452,"2,110",100% bullish,of 1 rating,N/A
ASTE,$35.28,1440511827482,"5,622",100% bearish,of 1 rating,$48
ALOT,NULL,1440511827509,0,100% bearish,of 1 rating,N/A
ATRO,$51.42,1440511827590,"15,115",100% bearish,of 2 ratings,$80
ASTC,$2.05,1440511827641,"10,360",100% bullish,of 5 ratings,N/A
ASUR,$5.57,1440511827788,100,50% bullish,of 2 ratings,$8
ATRA,$38.82,1440511827823,"17,546",50% bullish,of 2 ratings,$68
ATAI,$2.4592,1440511827845,"1,200",100% bearish,of 1 rating,N/A
ATHX,$1.14,1440511827919,"30,373",89% bullish,of 9 ratings,$5
ATHN,$130.4,1440511827945,"17,277",67% bearish,of 3 ratings,$153
AFCB,$27.18,1440511828234,600,Not yet rated,NULL,N/A
ATNI,$71.94,1440511828308,"7,962",100% bearish,of 1 rating,$69.50
AAPC,$10.4,1440511828344,83,Not yet rated,NULL,N/A
AAME,NULL,1440511828365,0,Not yet rated,NULL,N/A
ACFC,$5.88,1440511828394,"17,369",Not yet rated,NULL,$6.50
ATLC,$3.73,1440511828441,"7,432",67% bullish,of 3 ratings,N/A
AFH,$16.6328,1440511828470,"5,147",Not yet rated,NULL,$21.50
ATML,$7.45,1440511828571,"1,808,281",78% bullish,of 9 ratings,$9.50
AAWW,$40.23,1440511828713,"22,221",50% bullish,of 2 ratings,$65
ATOS,$0.8008,1440511828747,"48,299",100% bullish,of 7 ratings,$7
ATRI,$380,1440511828822,583,Not yet rated,NULL,N/A
ATRC,$24.75,1440511828879,"8,597",100% bullish,of 1 rating,$30
ATTU,$13.3,1440511828904,"12,102",100% bearish,of 1 rating,$20.50
ATRM,NULL,1440511829035,0,50% bullish,of 2 ratings,N/A
AUBN,$26.43,1440511829105,100,Not yet rated,NULL,N/A
LIFE,$13.585,1440511829201,"5,488",86% bullish,of 7 ratings,$43
AUDC,$3.1099,1440511829300,"11,008",80% bullish,of 5 ratings,$5
EARS,$4.26,1440511829339,818,100% bearish,of 2 ratings,$11.50
AUPH,$3.01,1440511829444,"5,414",100% bearish,of 1 rating,$8
ABTL,$16.78,1440511829473,"19,327",100% bullish,of 4 ratings,$20.25
ADAT,$0.5301,1440511829500,"724,344",100% bullish,of 2 ratings,N/A
ADP,$76.78,1440511829581,"299,651",100% bearish,of 1 rating,$88
AVGO,$112.605,1440511829646,"476,963",88% bullish,of 8 ratings,$165
ADSK,$50.05,1440511829683,"234,946",67% bullish,of 6 ratings,$69.50
AVNU,$12.16,1440511829955,581,Not yet rated,NULL,$14
AVEO,$1.3301,1440511830047,"91,786",75% bullish,of 8 ratings,$3
AAVL,$10.28,1440511830086,"40,285",100% bearish,of 1 rating,$20
AVNW,$1.17,1440511830117,"2,600",50% bullish,of 2 ratings,$2.20
AVID,$8.02,1440511830214,"52,891",100% bearish,of 1 rating,$20
CAR,$41.46,1440511830244,"125,937",80% bullish,of 5 ratings,$60
AVGR,$14.23,1440511830270,"8,500",100% bearish,of 1 rating,$20
AWRE,$3.04,1440511830398,"26,003",67% bullish,of 3 ratings,N/A
AXPW,$1.07,1440511830488,"8,949",83% bullish,of 6 ratings,N/A
ACLS,$3.118,1440511830517,"105,418",67% bullish,of 6 ratings,$4.75
AXPWW,NULL,1440511830544,0,Not yet rated,NULL,N/A
AXGN,$3.9099,1440511830569,"5,904",Not yet rated,NULL,$5
BCOM,NULL,1440511830707,0,100% bearish,of 1 rating,N/A
RILY,NULL,1440511830736,0,Not yet rated,NULL,N/A
AXTI,$2.2101,1440511830761,"10,996",50% bullish,of 2 ratings,$2.75
BOSC,$2.25,1440511831014,302,50% bullish,of 2 ratings,N/A
BEAV,$47.26,1440511831040,"140,983",67% bearish,of 3 ratings,$59
BIDU,$148.99,1440511831061,"967,729",81% bullish,of 88 ratings,$210
BWINA,NULL,1440511831198,0,Not yet rated,NULL,N/A
BANF,$60.98,1440511831227,"1,468",Not yet rated,NULL,$68
BCPC,$56.62,1440511831278,"26,692",100% bearish,of 1 rating,$75
BLDP,$1.22,1440511831309,"111,965",91% bullish,of 22 ratings,$2.50
BWINB,$22.6,1440511831361,"2,600",Not yet rated,NULL,N/A
BANFP,NULL,1440511831444,0,Not yet rated,NULL,N/A
BOCH,$5.79,1440511831495,748,Not yet rated,NULL,$6.50
BKMU,$6.78,1440511831541,"3,007",Not yet rated,NULL,$8
BMRC,$48.88,1440511831627,"1,700",Not yet rated,NULL,$52
BKSC,$15.21,1440511831763,"1,718",Not yet rated,NULL,N/A
OZRK,$40.314,1440511831864,"102,221",67% bullish,of 3 ratings,$49.50
BOTJ,$11.11,1440511831906,200,Not yet rated,NULL,N/A
BWFG,$18.25,1440511831962,300,100% bearish,of 1 rating,N/A
BFIN,$11.71,1440511831990,"9,862",Not yet rated,NULL,$13
BANR,$43.43,1440511832039,"3,870",100% bullish,of 3 ratings,$50
BZUN,$4.845,1440511832167,"169,296",50% bullish,of 2 ratings,$12.60
TAPR,$30.52,1440511832299,600,100% bearish,of 1 rating,N/A
BHAC,NULL,1440511832328,0,Not yet rated,NULL,N/A
BHACR,NULL,1440511832433,0,Not yet rated,NULL,N/A
BHACW,NULL,1440511832488,0,Not yet rated,NULL,N/A
BHACU,NULL,1440511832742,0,Not yet rated,NULL,N/A
BBCN,$14.12,1440511832901,"26,017",100% bearish,of 1 rating,$16
BBSI,$33.42,1440511832926,"1,655",67% bearish,of 3 ratings,$62.50
BSET,$28,1440511833056,"4,509",100% bearish,of 1 rating,$35
BV,$5.07,1440511833136,"61,804",67% bullish,of 6 ratings,$9
BYLK,$12.69,1440511833196,400,Not yet rated,NULL,$14
BECN,$34.6,1440511833252,"61,073",50% bullish,of 2 ratings,$40
BYBK,NULL,1440511833278,0,100% bearish,of 1 rating,N/A
BDCV,$4.75,1440511833303,"1,781",100% bearish,of 1 rating,$10.19
BCBP,NULL,1440511833327,0,Not yet rated,NULL,N/A
BBGI,NULL,1440511833496,0,100% bearish,of 1 rating,N/A
BSF,$8.655,1440511833551,"7,353",Not yet rated,NULL,N/A
BEBE,$1.76,1440511833576,"3,966",75% bullish,of 4 ratings,$3.075
BBBY,$60.83,1440511833630,"249,173",71% bullish,of 7 ratings,$75
BELFB,$18.05,1440511833763,"1,100",100% bearish,of 1 rating,N/A
BELFA,$15.51,1440511833903,8,100% bearish,of 1 rating,N/A
BLPH,$4.89,1440511834038,"2,872",100% bearish,of 1 rating,$12.50
BLCM,$16.841,1440511834067,"26,402",50% bullish,of 4 ratings,$40
BNFT,$35.1,1440511834100,"17,809",67% bullish,of 3 ratings,$46
BNCL,$12.21,1440511834126,"37,524",100% bullish,of 3 ratings,$12.50
BNTC,$8.1,1440511834196,"1,200",100% bullish,of 1 rating,N/A
BGCP,$8.5851,1440511834226,"141,641",88% bullish,of 8 ratings,$14
BGFV,$10.6,1440511834338,"8,600",57% bullish,of 7 ratings,$12
ORPN,$5.37,1440511834467,"2,782",100% bullish,of 1 rating,$28.50
BIND,$4.24,1440511834508,"2,922",75% bullish,of 4 ratings,$13.50
BGMD,$0.77,1440511834567,"11,392",100% bullish,of 10 ratings,N/A
BCDA,NULL,1440511834739,0,Not yet rated,NULL,N/A
BIOC,$1.96,1440511834773,"78,980",83% bullish,of 6 ratings,$3.85
BASI,$1.47,1440511834800,792,Not yet rated,NULL,N/A
BCRX,$11.165,1440511834871,"94,271",63% bullish,of 8 ratings,$18
BIOD,$0.69,1440511834900,"18,805",80% bullish,of 5 ratings,$4
BIIB,$293.09,1440511834999,"481,261",88% bullish,of 16 ratings,$400
BDSI,$6.3,1440511835025,"102,168",88% bullish,of 8 ratings,$17
BIOL,$1.361,1440511835164,"5,357",Not yet rated,NULL,N/A
BLFS,$2.15,1440511835228,"6,494",100% bearish,of 1 rating,$4.75
BLRX,$1.337,1440511835267,"59,867",100% bullish,of 12 ratings,$5
BMRN,$123.93,1440511835291,"135,376",80% bullish,of 5 ratings,$160
BVXV,$3.53,1440511835432,400,Not yet rated,NULL,N/A
BVXVW,NULL,1440511835457,0,100% bearish,of 1 rating,N/A
BRLI,NULL,1440511835583,0,NULL,NULL,NULL
BPTH,$1.09,1440511835609,"11,835",100% bullish,of 2 ratings,$5
BIOS,$2.1004,1440511835670,"224,614",71% bullish,of 7 ratings,$4
BBP,$31.0717,1440511835767,"14,609",Not yet rated,NULL,N/A
BSTC,$47.11,1440511835796,"4,778",100% bearish,of 1 rating,$76
BBC,$29.58,1440511835874,"8,298",Not yet rated,NULL,N/A
BSPM,$0.63,1440511835933,"4,000",50% bullish,of 2 ratings,N/A
BOTA,$2.13,1440511836330,"9,066",88% bullish,of 8 ratings,N/A
BEAT,$14.11,1440511836465,"121,780",67% bearish,of 3 ratings,$15
BITI,$17.6266,1440511836535,"9,533",100% bullish,of 1 rating,$28
TECH,$95.36,1440511836595,"6,710",100% bullish,of 1 rating,$117
BJRI,$43.86,1440511836667,"50,743",50% bullish,of 2 ratings,$55
BDE,$7.0999,1440511837006,"7,262",50% bullish,of 2 ratings,$9
BBOX,$14.93,1440511837039,"4,564",100% bearish,of 1 rating,N/A
BDMS,$13.13,1440511837062,200,100% bearish,of 1 rating,N/A
BLKB,$57.72,1440511837098,"13,100",100% bearish,of 2 ratings,$66
HAWK,$40.5506,1440511837132,"64,702",91% bullish,of 11 ratings,$49
BBRY,$7.03,1440511837159,"823,141",61% bullish,of 330 ratings,$9
BKCC,$8.995,1440511837195,"52,453",100% bullish,of 2 ratings,$10
ADRD,$22.04,1440511837233,"1,532",100% bearish,of 1 rating,N/A
ADRA,$25.92,1440511838096,"1,001",100% bearish,of 1 rating,N/A
ADRE,$29.2101,1440511838125,"3,711",100% bearish,of 1 rating,N/A
ADRU,$21.76,1440511838152,144,100% bearish,of 1 rating,N/A
BLBD,$11.95,1440511838230,"2,534",Not yet rated,NULL,N/A
BLMN,$19.725,1440511838286,"156,203",83% bullish,of 6 ratings,$27.50
BBLU,$0.755,1440511838334,"4,460",100% bullish,of 2 ratings,$4.43
BCOR,$13.33,1440511838359,"9,430",57% bullish,of 7 ratings,$15
BUFF,$26.01,1440511838432,"32,399",83% bullish,of 12 ratings,$31.50
NILE,$32.15,1440511838562,"14,848",50% bullish,of 2 ratings,$34
BHBK,$14.04,1440511838696,"3,517",100% bullish,of 1 rating,$14.50
BPMC,$26.37,1440511838729,"9,247",50% bullish,of 2 ratings,$47.50
BKEPP,$7.55,1440511838835,970,100% bearish,of 1 rating,N/A
BKEP,$6.18,1440511838861,"13,784",100% bearish,of 1 rating,$8.50
BLUE,$123.47,1440511838888,"72,532",71% bullish,of 7 ratings,$217.50
BNCN,$20.425,1440511838923,"7,531",Not yet rated,NULL,$23
BOBE,$43.28,1440511839079,"14,396",75% bullish,of 4 ratings,$57
BOFI,$122.96,1440511839138,"32,831",100% bullish,of 6 ratings,$144
BOJA,$21,1440511839279,"18,245",100% bullish,of 1 rating,$30
WIFI,$7.55,1440511839334,"33,735",50% bullish,of 2 ratings,$13.50
BNSO,$1.37,1440511839364,400,100% bearish,of 1 rating,N/A
BONA,$11.5,1440511839395,"126,158",75% bullish,of 4 ratings,$8.50
BOKF,$59.38,1440511839416,"49,923",100% bearish,of 1 rating,$70.50
BAMM,$3.16,1440511839498,"3,245",60% bullish,of 5 ratings,N/A
BPFH,$11.58,1440511839631,"27,646",100% bearish,of 1 rating,$14
BPFHW,NULL,1440511839992,0,100% bearish,of 1 rating,N/A
BPFHP,$25.64,1440511840024,608,100% bearish,of 1 rating,N/A
BDBD,$8.19,1440511840159,"84,924",60% bullish,of 5 ratings,$10
EPAY,$24.96,1440511840186,"9,639",100% bearish,of 2 ratings,$30
BCLI,$2.87,1440511840211,"30,544",80% bullish,of 5 ratings,$12
BBRG,$12.205,1440511840321,"8,222",67% bullish,of 3 ratings,$14.50
BBEP,$2.2899,1440511840384,"368,693",69% bullish,of 13 ratings,$5.625
BBEPP,$12.14,1440511840451,"21,637",100% bearish,of 1 rating,N/A
BDGE,$27.68,1440511840488,204,Not yet rated,NULL,$31.75
BRID,NULL,1440511840591,0,100% bearish,of 1 rating,N/A
BLIN,$1.3,1440511840652,400,50% bullish,of 2 ratings,$2.20
BRCM,$48.83,1440511840677,"489,604",75% bullish,of 12 ratings,$56
BCOV,$5.12,1440511840705,"12,762",67% bullish,of 3 ratings,$10.20
BSFT,$30.78,1440511840833,"32,255",57% bullish,of 7 ratings,$40.50
BVSN,$5.74,1440511840918,155,60% bearish,of 5 ratings,N/A
BWEN,$3.1901,1440511841107,"3,952",100% bullish,of 3 ratings,$8
BRCD,$10.105,1440511841141,"465,187",92% bullish,of 13 ratings,$11.50
BYFC,$1.49,1440511841176,"2,000",50% bullish,of 2 ratings,N/A
BRKL,$10.385,1440511841276,"30,066",100% bearish,of 1 rating,$10.75
BMTC,$28.51,1440511841317,"4,193",Not yet rated,NULL,$34
BRKS,$10.15,1440511841342,"13,820",67% bullish,of 3 ratings,$15.25
BRKR,$18.63,1440511841370,"18,995",100% bearish,of 2 ratings,$22
BLMT,$20.95,1440511841507,"6,298",Not yet rated,NULL,N/A
BSQR,$5.94,1440511841552,"17,606",67% bullish,of 3 ratings,N/A
BLDR,$14.39,1440511841599,"65,576",50% bullish,of 2 ratings,$22
BWLD,$190.84,1440511841625,"37,129",82% bullish,of 11 ratings,$205
BUR,$1.95,1440511841805,6,100% bearish,of 1 rating,$8
CHRW,$65.91,1440511841886,"207,076",Not yet rated,NULL,$72
CFFI,$35,1440511841946,200,100% bearish,of 1 rating,N/A
CA,$26.61,1440511842042,"351,952",50% bullish,of 4 ratings,$33
CDNS,$19.1737,1440511842067,"191,786",75% bullish,of 4 ratings,$22.50
CCMP,$42.8,1440511842092,"3,989",50% bullish,of 2 ratings,$59
CDZI,$7.4,1440511842138,"1,563",100% bearish,of 1 rating,N/A
CZR,$9.09,1440511842298,"230,525",60% bearish,of 5 ratings,$10.50
CACQ,$6.92,1440511842405,"3,216",100% bearish,of 1 rating,$12.25
CSTE,$42.595,1440511842448,"68,500",100% bearish,of 1 rating,$65
CLBS,$1.303,1440511842481,"27,136",79% bullish,of 14 ratings,$4
CLMS,$10.5601,1440511842511,"14,687",Not yet rated,NULL,$10.50
CHY,$11.16,1440511842536,"62,995",Not yet rated,NULL,N/A
PRSS,$4.28,1440511842579,"6,728",80% bullish,of 5 ratings,$4.50
CHI,$10.3799,1440511842606,"40,670",100% bearish,of 1 rating,N/A
CFGE,$10.31,1440511842907,53,Not yet rated,NULL,N/A
CCD,$18.85,1440511842933,"12,586",Not yet rated,NULL,N/A
CVGW,$55.66,1440511843101,"5,530",50% bullish,of 2 ratings,$58.50
CAMP,$15.6,1440511843125,"38,224",88% bullish,of 8 ratings,$25
CHW,$7.3392,1440511843154,"63,323",100% bearish,of 1 rating,N/A
CGO,$11.6699,1440511843175,"24,281",100% bearish,of 1 rating,N/A
CSQ,$9.6,1440511843196,"83,566",Not yet rated,NULL,N/A
CFNB,NULL,1440511843340,0,100% bearish,of 1 rating,N/A
CALA,$4.7199,1440511843423,"70,527",100% bullish,of 3 ratings,$19.50
CALD,$15.13,1440511843471,"25,385",100% bearish,of 1 rating,$20.50
CALM,$48.31,1440511843505,"77,966",80% bullish,of 5 ratings,$65
CLMT,$24.3001,1440511843555,"69,610",75% bullish,of 8 ratings,$31
ABCD,$4.75,1440511843603,"10,351",83% bullish,of 6 ratings,N/A
CAMB,$10.05,1440511843627,400,Not yet rated,NULL,N/A
CAMBU,NULL,1440511843864,0,100% bearish,of 1 rating,N/A
CAMT,$2.66,1440511843969,"5,958",73% bullish,of 11 ratings,$4
CAMBW,NULL,1440511843990,0,Not yet rated,NULL,N/A
CSIQ,$16.945,1440511844027,"645,547",86% bullish,of 28 ratings,$45
CAC,$40.85,1440511844072,"1,202",Not yet rated,NULL,N/A
CGIX,$9.31,1440511844136,"1,212",67% bullish,of 3 ratings,$14.375
CPHC,$10.5,1440511844162,200,100% bearish,of 1 rating,N/A
CBNJ,$10.85,1440511844298,992,100% bullish,of 1 rating,N/A
CPLA,$47.7799,1440511844428,"5,098",67% bearish,of 3 ratings,$65
CCBG,$14.97,1440511844470,100,Not yet rated,NULL,$17.25
CBF,$28.76,1440511844497,"10,764",Not yet rated,NULL,$32
CPLP,$6.9,1440511844523,"47,731",71% bullish,of 7 ratings,$11
CSWC,$44.75,1440511844740,"1,394",Not yet rated,NULL,N/A
CPTA,$13.872,1440511844812,"20,368",100% bearish,of 1 rating,$18.50
CFFN,$11.79,1440511844959,"57,779",Not yet rated,NULL,$12.75
CAPN,$1.8193,1440511844984,"43,309",100% bullish,of 1 rating,$10.85
CAPNW,NULL,1440511845042,0,Not yet rated,NULL,N/A
CPST,$0.367,1440511845187,"148,221",95% bullish,of 22 ratings,$1.25
CAPR,$4.1384,1440511845233,"1,600",Not yet rated,NULL,$12
CBYL,$5.3301,1440511845263,"3,971",100% bearish,of 1 rating,$20
CARA,$19.47,1440511845294,"36,453",50% bullish,of 4 ratings,$25
CARB,$11.01,1440511845360,"27,950",75% bullish,of 4 ratings,$12
CFNL,$21.59,1440511845391,"8,261",Not yet rated,NULL,$24
CRME,$9,1440511845453,"3,020",89% bullish,of 9 ratings,$11.25
CRDC,$0.375,1440511845478,"64,121",100% bullish,of 1 rating,$1.25
CATM,$33.745,1440511845691,"14,464",100% bearish,of 1 rating,$44
CSII,$23.44,1440511845719,"9,801",100% bearish,of 2 ratings,$42.125
CDNA,$6.41,1440511845849,"1,200",100% bearish,of 1 rating,$9
CECO,$3.4,1440511846159,"78,477",67% bearish,of 3 ratings,$6
CTRE,$11.7,1440511846217,"55,825",50% bullish,of 2 ratings,N/A
CKEC,$22.25,1440511846314,"45,127",50% bullish,of 2 ratings,$35.915
CART,$5.3,1440511846413,830,100% bearish,of 1 rating,N/A
CARO,$15.1,1440511846449,120,100% bearish,of 1 rating,$19
CLBH,NULL,1440511846483,0,Not yet rated,NULL,$16.50
CRZO,$28.05,1440511846579,"141,765",67% bearish,of 3 ratings,$57
CARV,$5.83,1440511846604,"5,005",50% bullish,of 2 ratings,N/A
TAST,$11.98,1440511846632,"73,901",Not yet rated,NULL,$14.25
CRTN,$2.39,1440511846659,"1,302",100% bearish,of 1 rating,N/A
CASM,NULL,1440511846867,0,100% bullish,of 1 rating,$3.50
CSCD,$14.815,1440511846924,"21,021",100% bullish,of 2 ratings,$17
CACB,$5.29,1440511847021,"4,152",Not yet rated,NULL,$5.50
CWST,$5.94,1440511847106,"8,870",50% bullish,of 2 ratings,$7.25
CASY,$104.4538,1440511847131,"27,283",50% bullish,of 2 ratings,$99.50
CASI,$1.38,1440511847312,"4,898",100% bullish,of 1 rating,$3.50
CASS,$45.5,1440511847468,"3,007",100% bearish,of 1 rating,N/A
CATB,$11.38,1440511847494,"1,482",100% bearish,of 1 rating,$28
CPRX,$3.41,1440511847527,"170,232",71% bullish,of 7 ratings,$7
CATY,$28.7,1440511847548,"92,110",100% bearish,of 1 rating,$33.50
CATYW,$8.46,1440511847621,300,100% bearish,of 1 rating,N/A
CBFV,NULL,1440511847683,0,Not yet rated,NULL,N/A
CVCO,$71.99,1440511847712,"3,378",100% bearish,of 1 rating,N/A
CNLM,NULL,1440511847741,0,Not yet rated,NULL,N/A
CAVM,$64.24,1440511847873,"78,791",67% bearish,of 3 ratings,$72
CNLMR,NULL,1440511847968,0,Not yet rated,NULL,N/A
CNLMU,$10.37,1440511847993,298,100% bullish,of 1 rating,N/A
CNLMW,NULL,1440511848229,0,Not yet rated,NULL,N/A
CBOE,$60.95,1440511848299,"31,775",Not yet rated,NULL,$60
CDK,$47.56,1440511848358,"38,120",67% bearish,of 3 ratings,$50
CDW,$38.1,1440511848410,"93,008",75% bullish,of 4 ratings,$44
CECE,$9.1899,1440511848509,"12,890",50% bullish,of 2 ratings,$16
CELGZ,$1.69,1440511848540,"2,028",80% bullish,of 5 ratings,N/A
CELG,$117.66,1440511848607,"1,241,833",92% bullish,of 13 ratings,$155.50
CPXX,$2.0226,1440511848645,"43,625",100% bullish,of 2 ratings,$7
CLDN,$1.0221,1440511848882,"27,106",71% bullish,of 7 ratings,$3
CLRBW,NULL,1440511848968,0,Not yet rated,NULL,N/A
CLDX,$13.9784,1440511849014,"612,719",89% bullish,of 9 ratings,$36
CLRB,NULL,1440511849073,0,100% bearish,of 1 rating,N/A
CLLS,$29.82,1440511849352,"11,765",75% bullish,of 4 ratings,$51.50
CBMG,$22.6,1440511849602,"13,692",50% bullish,of 2 ratings,N/A
CLSN,$1.8699,1440511849927,"27,001",80% bullish,of 10 ratings,$7.50
CYAD,$50.05,1440511849977,108,100% bullish,of 1 rating,$87.50
CETV,$2.09,1440511850090,"7,968",67% bullish,of 3 ratings,$2.80
CLTX,$2.823,1440511850120,"217,564",100% bullish,of 2 ratings,N/A
CSFL,$13.795,1440511850141,"13,680",Not yet rated,NULL,$15
CEMP,$34.338,1440511850171,"80,536",71% bullish,of 7 ratings,$52
CFBK,NULL,1440511850192,0,Not yet rated,NULL,N/A
CETX,$2.332,1440511850219,200,Not yet rated,NULL,$5.60
CENT,$11.62,1440511850852,"5,682",Not yet rated,NULL,$10
CENX,$4.769,1440511850882,"271,425",67% bullish,of 6 ratings,$9
CVCY,$11.25,1440511850911,6,Not yet rated,NULL,$12
CENTA,$12.495,1440511850983,"5,893",Not yet rated,NULL,N/A
CNBKA,NULL,1440511851011,0,50% bullish,of 2 ratings,N/A
CNTY,$5.84,1440511851140,"1,806",80% bullish,of 5 ratings,$7.75
CPHD,$47.442,1440511851339,"85,283",50% bullish,of 2 ratings,$66.50
CERE,$1.01,1440511851365,"74,600",88% bullish,of 8 ratings,N/A
CERN,$61.82,1440511851415,"235,516",67% bullish,of 3 ratings,$79
CERU,$3.459,1440511851441,"12,816",75% bullish,of 4 ratings,$15
KOOL,$0.67,1440511851495,30,100% bullish,of 5 ratings,$7
CERS,$4.523,1440511851584,"89,451",75% bullish,of 4 ratings,$7
CEVA,$17.65,1440511851631,"9,379",100% bearish,of 1 rating,$25
CRNT,$1.35,1440511851659,"86,538",50% bullish,of 2 ratings,$2
HOTR,$1.405,1440511851764,"27,264",100% bullish,of 2 ratings,$5
CYOU,$19.74,1440511851826,"18,886",50% bullish,of 6 ratings,$24
CTHR,$1.3,1440511851895,600,50% bullish,of 2 ratings,$2.50
HOTRW,NULL,1440511852112,0,Not yet rated,NULL,N/A
GTLS,$21.92,1440511852138,"22,656",50% bullish,of 4 ratings,$40
CHTR,$174.185,1440511852165,"198,592",100% bearish,of 2 ratings,$196
CHKP,$76.135,1440511852196,"138,543",50% bullish,of 4 ratings,$92
CHFN,$12.515,1440511852295,"3,428",Not yet rated,NULL,$14
CHEK,$3,1440511852428,510,Not yet rated,NULL,$7.75
CEMI,$3.95,1440511852449,"1,600",50% bullish,of 2 ratings,$7.50
CHFC,$30.66,1440511852530,"4,492",100% bearish,of 1 rating,$36
CHMG,$26.275,1440511852617,"2,700",Not yet rated,NULL,$30
CHEKW,NULL,1440511852674,0,Not yet rated,NULL,N/A
CCXI,$6.18,1440511852748,"4,762",67% bullish,of 3 ratings,$14
CHKE,$25.49,1440511852807,756,100% bearish,of 1 rating,$32.50
CBNK,$16.49,1440511853011,500,100% bearish,of 1 rating,N/A
PLCE,$57.88,1440511853040,"140,062",100% bearish,of 1 rating,$71
CHEV,$14.47,1440511853061,800,Not yet rated,NULL,N/A
CHMA,$24.24,1440511853241,"12,829",Not yet rated,NULL,$40
CMRX,$45.77,1440511853270,"46,564",50% bullish,of 2 ratings,$57
CADC,$3.1562,1440511853371,200,78% bullish,of 9 ratings,N/A
CAAS,$5.8499,1440511853408,"8,242",93% bullish,of 14 ratings,$11.50
CALI,$0.97,1440511853436,"5,100",67% bullish,of 3 ratings,N/A
CBAK,$1.73,1440511853505,"26,230",67% bullish,of 9 ratings,N/A
CCCL,$0.75,1440511853532,"3,100",100% bullish,of 6 ratings,N/A
CBPO,$97.98,1440511853577,"65,483",75% bullish,of 8 ratings,$140.50
CCCR,$0.8099,1440511853706,100,67% bearish,of 3 ratings,N/A
JRJC,$3.2242,1440511853813,"44,690",82% bullish,of 11 ratings,N/A
CHOP,$1.2001,1440511853995,100,50% bullish,of 2 ratings,N/A
CHLN,$2.25,1440511854040,"6,884",67% bullish,of 3 ratings,N/A
HGSH,$1.95,1440511854069,"1,597",67% bullish,of 3 ratings,N/A
CNIT,$1.4275,1440511854125,"31,740",67% bullish,of 6 ratings,N/A
HTHT,$24.03,1440511854174,"14,466",50% bullish,of 2 ratings,$28.40
CJJD,$1.81,1440511854203,"65,896",100% bullish,of 1 rating,N/A
CHNR,$1.68,1440511854231,"1,004",100% bearish,of 1 rating,N/A
CREG,$0.7,1440511854256,"12,551",100% bullish,of 3 ratings,N/A
CSUN,$1.4899,1440511854538,"5,431",80% bullish,of 5 ratings,N/A
CPGI,NULL,1440511854567,0,Not yet rated,NULL,N/A
CNYD,$2.72,1440511854677,"2,500",67% bullish,of 3 ratings,N/A
CXDC,$5.97,1440511854727,"1,825",67% bullish,of 3 ratings,N/A
CCIH,$6.445,1440511854776,"65,520",67% bullish,of 6 ratings,$12.65
CNTF,$0.85,1440511854805,"13,800",Not yet rated,NULL,N/A
CNET,$0.829,1440511854905,"7,686",50% bullish,of 2 ratings,N/A
IMOS,$16.56,1440511855002,"32,720",60% bullish,of 5 ratings,$21.50
CHSCL,$26.77,1440511855035,"3,201",Not yet rated,NULL,N/A
CHSCN,$26.5001,1440511855132,"1,291",Not yet rated,NULL,N/A
CHSCM,$25.75,1440511855160,"3,831",Not yet rated,NULL,N/A
CHSCP,$30.16,1440511855189,"1,754",Not yet rated,NULL,N/A
CHSCO,$27.9101,1440511855217,"2,500",Not yet rated,NULL,N/A
CHDN,$131.96,1440511855351,"2,724",Not yet rated,NULL,$165
CHUY,$31.12,1440511855399,"24,653",50% bullish,of 2 ratings,$34
CDTX,$14.07,1440511855542,"1,404",Not yet rated,NULL,$22
CIFC,$6.86,1440511855680,100,100% bearish,of 1 rating,N/A
CMPR,$68.85,1440511855768,"31,364",50% bullish,of 2 ratings,$72.50
CMCT,$15.05,1440511855805,605,100% bearish,of 1 rating,N/A
CINF,$52.05,1440511855836,"118,459",50% bullish,of 4 ratings,$50.50
CRUS,$27.6,1440511855899,"209,780",75% bullish,of 12 ratings,$44.50
CIDM,$0.626,1440511855925,"5,286",50% bullish,of 2 ratings,$2.10
CSCO,$25.68,1440511855955,"3,998,621",84% bullish,of 208 ratings,$32
CPHR,$6.075,1440511855993,750,100% bearish,of 1 rating,$17
CTAS,$82.79,1440511856121,"47,407",100% bearish,of 1 rating,$91
CTRN,$27.015,1440511856193,"10,680",100% bearish,of 1 rating,$31.50
CZFC,NULL,1440511856274,0,Not yet rated,NULL,N/A
CZNC,$19.9,1440511856301,495,Not yet rated,NULL,N/A
CZWI,$8.89,1440511856327,301,Not yet rated,NULL,N/A
CIZN,$19.9499,1440511856497,600,Not yet rated,NULL,N/A
CTXS,$68.81,1440511856565,"274,615",86% bullish,of 7 ratings,$80
CHCO,$45.9999,1440511856591,"8,476",Not yet rated,NULL,$46
CIVB,$10.24,1440511856664,300,Not yet rated,NULL,$11
CIVBP,NULL,1440511856694,0,Not yet rated,NULL,N/A
CDTI,$1.54,1440511856715,"37,529",75% bullish,of 4 ratings,$3.20
CLNE,$4.1475,1440511856747,"208,905",80% bullish,of 15 ratings,$9
CLFD,$16.945,1440511856935,"1,440",67% bullish,of 3 ratings,$18
CLNT,$1.3701,1440511856986,"23,312",75% bullish,of 8 ratings,N/A
CLRO,$11.26,1440511857012,901,50% bullish,of 2 ratings,$14.25
CLIR,$4.84,1440511857097,"2,500",100% bullish,of 3 ratings,N/A
CBLI,$3.6501,1440511857152,"5,836",60% bullish,of 5 ratings,N/A
CSBK,$13.615,1440511857281,"10,642",Not yet rated,NULL,N/A
CMFN,$11.7,1440511857355,"1,998",100% bearish,of 1 rating,$15.50
CLVS,$68.561,1440511857381,"92,478",60% bullish,of 5 ratings,$101.50
CME,$90.52,1440511857402,"205,552",67% bullish,of 3 ratings,$102
CCNE,$16.75,1440511857548,"1,500",50% bullish,of 2 ratings,$21.50
CISG,$7.38,1440511857606,"27,705",100% bullish,of 5 ratings,$10
CWAY,$11.42,1440511857637,400,Not yet rated,NULL,N/A
CNV,$4.6,1440511857659,942,50% bullish,of 2 ratings,$7.15
COBZ,$12.54,1440511857715,"3,700",100% bullish,of 1 rating,$14
COKE,$157.826,1440511857744,"2,104",79% bullish,of 19 ratings,N/A
CDRB,$10.64,1440511857847,732,67% bullish,of 3 ratings,N/A
CDXS,$3.676,1440511858005,"11,702",64% bullish,of 11 ratings,$6
CTSH,$61.4901,1440511858161,"483,354",90% bullish,of 10 ratings,$75
JVA,$4.42,1440511858187,"6,203",83% bullish,of 6 ratings,$7
CGNT,$1.54,1440511858320,"12,510",100% bullish,of 2 ratings,$2
COHR,$55.53,1440511858347,"10,979",50% bullish,of 2 ratings,$72
CCOI,$27.845,1440511858369,"18,798",50% bullish,of 4 ratings,$35
CHRS,$27.89,1440511858406,"17,620",67% bearish,of 3 ratings,$37
CVLY,$20.55,1440511858432,"2,102",Not yet rated,NULL,N/A
CGNX,$34.87,1440511858503,"48,711",50% bullish,of 2 ratings,$47
CLRX,$0.58,1440511858682,"15,723",50% bullish,of 2 ratings,N/A
COHU,$9.45,1440511858711,"7,100",100% bearish,of 1 rating,$14.25
COLL,$14.7,1440511858774,"2,355",100% bearish,of 1 rating,$26
CLCT,$18.67,1440511858815,"3,218",100% bearish,of 1 rating,N/A
CBAN,$8.94,1440511858906,200,Not yet rated,NULL,N/A
CIGI,$42.67,1440511859010,"1,214",100% bearish,of 1 rating,$52
COLB,$29.42,1440511859077,"7,357",Not yet rated,NULL,$36
CLCD,$6.63,1440511859104,"6,628",100% bearish,of 1 rating,$20.50
COLM,$59.55,1440511859179,"13,314",100% bearish,of 1 rating,$71
CMCO,$18.43,1440511859242,"3,318",60% bullish,of 5 ratings,$28
CBMX,$1.2,1440511859312,"27,000",83% bullish,of 6 ratings,$3.15
CMCSK,$56.02,1440511859509,"463,687",Not yet rated,NULL,$84
CBSH,$43.7501,1440511859567,"53,503",50% bullish,of 2 ratings,$46
CBSHP,$25.14,1440511859644,385,100% bearish,of 1 rating,N/A
CMCSA,$55.355,1440511859677,"1,712,787",66% bullish,of 35 ratings,$69.50
CUBN,NULL,1440511859744,0,Not yet rated,NULL,N/A
COMM,$28.18,1440511859769,"41,625",67% bearish,of 3 ratings,$35
CVGI,$4.51,1440511859795,"11,928",50% bullish,of 2 ratings,$6
CSAL,$20.045,1440511859926,"73,000",75% bullish,of 4 ratings,$30
ESXB,$5.1,1440511860024,"69,100",Not yet rated,NULL,N/A
JCS,$9,1440511860054,"2,400",67% bullish,of 3 ratings,N/A
CYHHZ,$0.01,1440511860102,"60,661",100% bullish,of 1 rating,N/A
CWBC,NULL,1440511860129,0,Not yet rated,NULL,N/A
COB,$10.41,1440511860157,"1,100",100% bullish,of 1 rating,$11.75
CVLT,$35.455,1440511860302,"35,865",75% bullish,of 4 ratings,$44.50
CTBI,$34.45,1440511860329,"8,856",Not yet rated,NULL,$36
CIZ,$33.41,1440511860463,494,100% bearish,of 1 rating,N/A
CIL,NULL,1440511860511,0,Not yet rated,NULL,N/A
CID,NULL,1440511860543,0,Not yet rated,NULL,N/A
CSA,$32.64,1440511860646,400,Not yet rated,NULL,N/A
CDC,$34.41,1440511860671,"6,224",Not yet rated,NULL,N/A
CSF,$35.93,1440511860713,530,100% bearish,of 1 rating,N/A
CFO,$34.8888,1440511860811,"23,295",100% bearish,of 1 rating,N/A
CSB,$32.96,1440511860910,200,Not yet rated,NULL,N/A
CFA,NULL,1440511860949,0,100% bearish,of 1 rating,N/A
CDL,NULL,1440511860978,0,Not yet rated,NULL,N/A
CGEN,$4.99,1440511861009,"32,448",50% bullish,of 2 ratings,$11
CPSI,$45.43,1440511861111,"9,339",100% bearish,of 1 rating,$45.50
CTG,$6.5616,1440511861169,"1,249",100% bearish,of 1 rating,$8.50
SCOR,$54.705,1440511861339,"35,656",100% bearish,of 1 rating,$66
CMTL,$26.1816,1440511861394,"3,976",100% bearish,of 2 ratings,$37
CHCI,$0.56,1440511861419,480,50% bullish,of 2 ratings,N/A
CNSI,$18.33,1440511861567,"10,598",100% bearish,of 2 ratings,$29
CNCE,$15.1,1440511861593,"30,803",75% bullish,of 4 ratings,$22
CNAT,$3.7499,1440511861615,"12,009",83% bullish,of 6 ratings,$13
CXRX,NULL,1440511861649,0,100% bearish,of 1 rating,$90
CDOR,NULL,1440511861746,0,100% bullish,of 1 rating,N/A
CDORO,$16.6,1440511861776,150,100% bearish,of 1 rating,N/A
CCUR,$5.11,1440511861880,"6,100",75% bullish,of 4 ratings,N/A
CDORP,NULL,1440511861967,0,100% bearish,of 1 rating,N/A
CNFR,$10.215,1440511862050,700,Not yet rated,NULL,N/A
CNMD,$52.81,1440511862076,"6,066",Not yet rated,NULL,$59
CFMS,$20.06,1440511862106,"17,241",Not yet rated,NULL,$27
CTWS,$34.9746,1440511862208,"1,374",100% bearish,of 1 rating,$44
CNOB,$18.86,1440511862295,"4,744",100% bullish,of 1 rating,$23.50
CNXR,$6.7025,1440511862432,"3,065",100% bearish,of 1 rating,$12
CONN,$30.11,1440511862465,"44,247",67% bullish,of 3 ratings,$48.50
CWCO,$10.2901,1440511862494,"8,929",67% bullish,of 3 ratings,$14.50
CTCT,$23.96,1440511862515,"54,197",67% bullish,of 3 ratings,$37
CNSL,$19.32,1440511862569,"35,669",100% bearish,of 1 rating,$23
CPSS,$5.64,1440511862671,"6,913",100% bullish,of 1 rating,$10
CFRXW,$2.37,1440511862730,"2,791",100% bearish,of 1 rating,N/A
CFRX,$4.9887,1440511862804,"2,752",Not yet rated,NULL,$14
CFRXZ,$0.46,1440511862869,550,Not yet rated,NULL,N/A
CTRV,$3.9,1440511862935,"3,235",Not yet rated,NULL,$6.40
CTRL,$7.755,1440511863000,"8,252",50% bullish,of 2 ratings,$11
CORT,$4.535,1440511863193,"71,895",67% bullish,of 3 ratings,$12
CPRT,$34.06,1440511863231,"48,079",67% bearish,of 3 ratings,$40
CRBP,$1.9228,1440511863262,"81,150",100% bullish,of 2 ratings,$6.25
CORE,$60.27,1440511863288,"6,620",100% bearish,of 1 rating,$72
BVA,NULL,1440511863322,0,50% bullish,of 2 ratings,N/A
CSOD,$35.6,1440511863356,"62,696",50% bullish,of 2 ratings,$42
CORI,$9.905,1440511863451,"5,593",100% bearish,of 1 rating,$18
CRVL,$31.18,1440511863583,"19,998",100% bearish,of 1 rating,N/A
COSI,$1.0699,1440511863718,"51,458",100% bullish,of 1 rating,N/A
CSGP,$175.005,1440511863759,"9,474",50% bullish,of 2 ratings,$235
COST,$137.28,1440511863798,"713,380",79% bullish,of 24 ratings,$154.50
CPAH,NULL,1440511863846,0,50% bullish,of 2 ratings,N/A
ICBK,$18,1440511864117,200,Not yet rated,NULL,$21
COWN,$5.0375,1440511864171,"115,282",75% bullish,of 4 ratings,$7
CVTI,$21.64,1440511864201,"7,124",67% bearish,of 3 ratings,$39
CPSH,$2.0501,1440511864303,"5,800",Not yet rated,NULL,N/A
COWNL,$26.7976,1440511864328,980,Not yet rated,NULL,N/A
CRAI,$21.76,1440511864359,"2,024",100% bearish,of 1 rating,$36
COVS,$2.521,1440511864385,"7,506",67% bullish,of 3 ratings,N/A
CBRL,$139.4485,1440511864461,"57,860",50% bullish,of 2 ratings,$155
BREW,$7.2,1440511864639,"19,638",67% bullish,of 6 ratings,$15
CRAY,$20.379,1440511864664,"43,903",83% bullish,of 6 ratings,$38.50
CACC,$194.24,1440511864832,"10,288",50% bullish,of 2 ratings,$158.50
SLVO,$10.043,1440511864900,902,100% bearish,of 1 rating,N/A
GLDI,$11.0205,1440511864950,"2,289",100% bearish,of 1 rating,N/A
CREE,$26.54,1440511864980,"134,641",65% bullish,of 17 ratings,$29.50
CRESY,$9.65,1440511865053,"10,298",100% bearish,of 1 rating,$19
CRTO,$42.62,1440511865078,"56,117",67% bullish,of 6 ratings,$64
CROX,$13.71,1440511865146,"46,423",63% bullish,of 8 ratings,$16.50
CCRN,$13.5,1440511865174,"28,234",100% bearish,of 1 rating,$14.25
CRDS,NULL,1440511865252,0,50% bullish,of 4 ratings,$4.50
CRWS,$7.986,1440511865309,"5,710",Not yet rated,NULL,$10
CRWN,$4.52,1440511865334,"12,203",75% bullish,of 4 ratings,N/A
CYRX,$3.02,1440511865395,"9,424",Not yet rated,NULL,$9
CYRXW,$0.9001,1440511865534,500,Not yet rated,NULL,N/A
CSGS,$30.44,1440511865559,"12,743",Not yet rated,NULL,$40
CCLP,$13.53,1440511865727,"7,951",67% bearish,of 3 ratings,$20
CTIC,$1.675,1440511865774,"270,837",84% bullish,of 76 ratings,$5.75
CTCM,$1.7,1440511865813,"20,747",80% bearish,of 5 ratings,$3.90
CTIB,$3.55,1440511865862,400,100% bearish,of 1 rating,N/A
CSPI,$5.87,1440511865894,317,67% bullish,of 3 ratings,N/A
CTRP,$63.385,1440511865987,"489,358",75% bullish,of 8 ratings,$92
CUNB,$20.945,1440511866091,"1,012",Not yet rated,NULL,$24.50
CPIX,$5.85,1440511866134,800,Not yet rated,NULL,N/A
CMLS,$1.28,1440511866329,"63,305",50% bullish,of 4 ratings,$6
CUI,$4.925,1440511866378,"16,867",50% bullish,of 2 ratings,$10
CRIS,$2.4,1440511866405,"38,156",100% bullish,of 8 ratings,$6
CVV,$11.15,1440511866575,"1,204",100% bullish,of 5 ratings,N/A
CUTR,$13.77,1440511866605,"2,265",67% bearish,of 3 ratings,$18
CYBR,$49.6815,1440511866703,"342,043",86% bullish,of 7 ratings,$66
CYAN,NULL,1440511866732,0,100% bearish,of 1 rating,N/A
CVBF,$15.72,1440511866795,"31,943",Not yet rated,NULL,$18
CYBX,$64.55,1440511866831,"21,047",50% bullish,of 4 ratings,$71.50
CYCC,$0.5899,1440511866893,"7,111",73% bullish,of 11 ratings,N/A
CYBE,$5.79,1440511866922,506,100% bearish,of 1 rating,N/A
CYCCP,NULL,1440511866993,0,100% bearish,of 1 rating,N/A
CBAY,$2.6399,1440511867093,"12,844",100% bullish,of 1 rating,$4
CYNO,$30.72,1440511867151,"16,363",67% bearish,of 3 ratings,$45.50
CYNA,$16.35,1440511867228,"4,025",100% bullish,of 1 rating,$31.50
CY,$9.3165,1440511867253,"700,546",80% bullish,of 10 ratings,$15.50
CYTK,$6.6099,1440511867481,"28,736",71% bullish,of 14 ratings,$13.50
CYRN,$1.61,1440511867535,"3,246",67% bullish,of 3 ratings,$4
CONE,$32.04,1440511867563,"83,665",67% bearish,of 3 ratings,$35
CTSO,$6.8,1440511867584,"12,056",Not yet rated,NULL,$15.625
CYTX,$0.3585,1440511867643,"246,029",83% bullish,of 12 ratings,$5.50
DAEG,$0.3398,1440511867717,"3,541",100% bearish,of 1 rating,N/A
CYTR,$2.0202,1440511867745,"136,522",67% bullish,of 6 ratings,$10
TVIZ,$16.9304,1440511867773,"2,759",100% bearish,of 1 rating,N/A
TVIX,$10.6701,1440511867904,"3,976,286",81% bullish,of 16 ratings,N/A
ZIV,$42.416,1440511867930,"20,013",Not yet rated,NULL,N/A
DJCO,NULL,1440511868070,0,Not yet rated,NULL,N/A
XIV,$29.845,1440511868100,"6,370,810",75% bearish,of 4 ratings,N/A
DARA,$0.8601,1440511868131,"13,527",83% bullish,of 6 ratings,$1.50
DAKT,$10.03,1440511868152,"136,844",50% bullish,of 2 ratings,$14
DAIO,$2.5701,1440511868235,"5,124",Not yet rated,NULL,N/A
DWCH,$4.74,1440511868474,"1,330",75% bullish,of 4 ratings,$8.25
DTLK,$5.38,1440511868509,"3,631",100% bearish,of 1 rating,$9
PLAY,$33.061,1440511868546,"12,345",100% bullish,of 5 ratings,$42
DRAM,$1.323,1440511868567,100,78% bullish,of 9 ratings,N/A
DTEA,$13.57,1440511868601,"18,106",100% bearish,of 2 ratings,$24
DWSN,$4.3,1440511868639,350,67% bullish,of 3 ratings,$6
DBVT,$38.58,1440511868666,"14,202",100% bearish,of 1 rating,$53
TRAK,$62.91,1440511868692,"77,775",50% bullish,of 2 ratings,$62.50
DHRM,$1.6244,1440511868893,"3,759",Not yet rated,NULL,N/A
TACO,$12.8,1440511869055,"10,264",75% bullish,of 4 ratings,$20
DFRG,$14.24,1440511869134,"15,938",100% bearish,of 1 rating,$20
TACOW,$4.08,1440511869167,825,100% bullish,of 1 rating,N/A
DGAS,$20.125,1440511869208,"1,526",67% bearish,of 3 ratings,N/A
DCTH,$0.4494,1440511869269,"2,815",78% bullish,of 9 ratings,N/A
DELT,NULL,1440511869297,0,Not yet rated,NULL,N/A
DENN,$11.44,1440511869487,"36,349",100% bullish,of 3 ratings,$15
XRAY,$52.15,1440511869520,"63,324",100% bullish,of 1 rating,$58
DEPO,$27.79,1440511869548,"87,886",60% bullish,of 5 ratings,$29
DSCI,$5.95,1440511869573,"2,842",50% bullish,of 2 ratings,$16
DELTW,NULL,1440511869615,0,Not yet rated,NULL,N/A
DERM,$23.71,1440511869760,"12,279",100% bearish,of 1 rating,$33.50
DEST,$11.1199,1440511869799,"4,001",50% bullish,of 2 ratings,N/A
DXLG,$4.46,1440511869850,"3,815",100% bearish,of 1 rating,$8
DSWL,NULL,1440511870000,0,100% bullish,of 1 rating,N/A
DXM,$0.304,1440511870160,30,50% bullish,of 2 ratings,N/A
DXCM,$89.694,1440511870255,"161,623",57% bullish,of 7 ratings,$98
DHXM,NULL,1440511870284,0,Not yet rated,NULL,N/A
FANG,$62.545,1440511870387,"99,829",50% bullish,of 2 ratings,$86.50
DHIL,$192.85,1440511870415,300,Not yet rated,NULL,N/A
DMND,$29.33,1440511870443,"12,851",75% bullish,of 12 ratings,$32
DCIX,$1.6399,1440511870474,"7,064",50% bullish,of 4 ratings,$3.50
DRNA,$10.42,1440511870578,"14,592",67% bearish,of 3 ratings,$25
DGII,$9.6098,1440511870655,"3,950",100% bearish,of 1 rating,$10
DRAD,$3.75,1440511870725,"5,567",100% bullish,of 1 rating,$5.25
DMRC,$35.85,1440511870756,"5,923",100% bearish,of 1 rating,$44
DGLY,$6.6306,1440511870795,"50,396",50% bullish,of 6 ratings,$20
DCOM,$16.38,1440511870964,"8,369",100% bearish,of 2 ratings,$16.50
APPS,$2.29,1440511871009,"8,201",100% bearish,of 1 rating,$10.25
DPRX,$12.76,1440511871142,"5,504",100% bullish,of 2 ratings,$27.75
DISCB,$26,1440511871167,200,100% bearish,of 1 rating,$35
DISCA,$26.16,1440511871195,"290,107",67% bullish,of 3 ratings,$34
DIOD,$19.18,1440511871219,"25,957",75% bearish,of 4 ratings,$24
DISCK,$24.8,1440511871370,"196,488",100% bearish,of 1 rating,$32
DSCO,$0.3903,1440511871531,"110,600",83% bullish,of 6 ratings,$2.75
DISH,$59.24,1440511871561,"113,340",69% bullish,of 13 ratings,$73
DVCR,$11.065,1440511871661,200,100% bullish,of 1 rating,N/A
BAGR,$2.86,1440511871701,"4,697",100% bearish,of 1 rating,$6
DLHC,$2.34,1440511871729,415,100% bearish,of 1 rating,N/A
DNBF,$27.03,1440511871862,100,Not yet rated,NULL,$27.50
DLTR,$75.05,1440511872007,"240,680",82% bullish,of 11 ratings,$88
DGICA,$14.54,1440511872034,719,100% bearish,of 1 rating,$17
DMLP,$13.4237,1440511872159,"7,203",100% bearish,of 1 rating,N/A
DGICB,NULL,1440511872248,0,100% bearish,of 1 rating,N/A
DORM,$49.97,1440511872278,"29,410",100% bearish,of 1 rating,$56
HILL,$9.67,1440511872301,"373,776",60% bearish,of 5 ratings,$9.75
DWA,$18.97,1440511872351,"125,329",63% bullish,of 8 ratings,$26
DRWIW,$0.06,1440511872376,7,Not yet rated,NULL,N/A
DRWI,$0.2331,1440511872442,"17,500",60% bullish,of 5 ratings,$.45
DRYS,$0.3409,1440511872704,"489,338",77% bullish,of 31 ratings,$.60
DSKX,$2.95,1440511872730,"44,512",100% bullish,of 1 rating,N/A
DSPG,$8.27,1440511872771,"6,144",100% bearish,of 1 rating,$13.50
CADT,NULL,1440511872930,0,Not yet rated,NULL,N/A
CADTR,NULL,1440511873155,0,Not yet rated,NULL,N/A
CADTU,NULL,1440511873180,0,Not yet rated,NULL,N/A
DTSI,$24.92,1440511873250,"13,004",100% bearish,of 2 ratings,$39.50
DNKN,$50.18,1440511873315,"118,719",67% bullish,of 15 ratings,$56.50
CADTW,NULL,1440511873341,0,Not yet rated,NULL,N/A
DRRX,$1.92,1440511873384,"13,595",50% bullish,of 6 ratings,$3
DYAX,$21.42,1440511873677,"68,526",89% bullish,of 9 ratings,$30
DXPE,$27.62,1440511873702,"22,106",50% bullish,of 2 ratings,N/A
BOOM,$9.71,1440511873861,"15,472",67% bullish,of 3 ratings,$12
DYNT,$2.85,1440511873886,"2,509",75% bullish,of 4 ratings,N/A
DYSL,$1.48,1440511873914,"8,900",100% bullish,of 2 ratings,N/A
DVAX,$26.25,1440511873939,"73,832",70% bullish,of 10 ratings,$40
ETFC,$24.875,1440511874096,"320,824",57% bullish,of 14 ratings,$33
EBMT,$10.68,1440511874228,"4,374",Not yet rated,NULL,$13.50
EGBN,$41.65,1440511874257,"9,848",Not yet rated,NULL,$48
EGLE,$6.13,1440511874289,"1,411",60% bullish,of 5 ratings,N/A
EGRX,$66.2101,1440511874315,"45,697",67% bullish,of 3 ratings,$97
ELNK,$8.02,1440511874360,"100,470",60% bullish,of 5 ratings,$9.50
EROC,$1.172,1440511874444,"51,474",50% bullish,of 2 ratings,$3
EWBC,$38.71,1440511874587,"118,016",100% bearish,of 1 rating,$50
EACQU,$10.2,1440511874641,100,Not yet rated,NULL,N/A
EML,$16.29,1440511874719,400,Not yet rated,NULL,N/A
EVBS,$6.45,1440511874791,"4,103",Not yet rated,NULL,$7
EBAY,$25.53,1440511874851,"1,595,832",81% bullish,of 117 ratings,$48
ECHO,$23.691,1440511875032,"12,696",67% bearish,of 3 ratings,$35.50
ELON,$0.5357,1440511875065,"11,700",50% bullish,of 2 ratings,N/A
EBIX,$26.54,1440511875121,"78,058",69% bullish,of 13 ratings,$40
ECTE,$1.4699,1440511875160,"1,484",75% bullish,of 4 ratings,N/A
SATS,$42.83,1440511875193,"11,360",50% bullish,of 2 ratings,$60
EEI,$10.7901,1440511875226,"1,100",67% bearish,of 3 ratings,N/A
ECACU,NULL,1440511875250,0,Not yet rated,NULL,N/A
ESES,NULL,1440511875457,0,100% bearish,of 1 rating,$7
EDAP,$3.3,1440511875486,"26,745",60% bullish,of 5 ratings,$4.50
EDUC,$4.9,1440511875593,106,100% bearish,of 1 rating,N/A
EDGW,$7,1440511875624,"2,104",100% bearish,of 1 rating,N/A
EFUT,NULL,1440511875726,0,Not yet rated,NULL,N/A
EGLT,$10.22,1440511875860,"13,406",50% bullish,of 2 ratings,$21
LOCO,$12.24,1440511875930,"228,339",69% bullish,of 13 ratings,$20
EMITF,$1.22,1440511876064,"2,400",75% bullish,of 4 ratings,N/A
EGAN,$3.35,1440511876093,"1,900",50% bullish,of 2 ratings,$6.25
ERI,$8.91,1440511876125,"11,118",100% bearish,of 1 rating,$10
EHTH,$13.3,1440511876146,"10,854",50% bullish,of 4 ratings,$16.50
ESLT,$77.5,1440511876168,"4,708",67% bullish,of 3 ratings,N/A
ESIO,$4.4,1440511876301,"15,206",50% bullish,of 2 ratings,$10
ELRC,$10.28,1440511876327,"6,439",100% bearish,of 1 rating,N/A
EA,$64.32,1440511876462,"793,985",77% bullish,of 35 ratings,$80
EFII,$43.26,1440511876568,"29,408",80% bullish,of 5 ratings,$55
ELSE,$3.8801,1440511876610,200,60% bullish,of 5 ratings,N/A
ELEC,NULL,1440511876711,0,Not yet rated,NULL,N/A
ELECU,NULL,1440511876740,0,Not yet rated,NULL,N/A
ELECW,NULL,1440511876780,0,Not yet rated,NULL,N/A
EBIO,$3.21,1440511876805,"33,439",100% bearish,of 2 ratings,$8.35
CAPX,NULL,1440511876936,0,Not yet rated,NULL,N/A
RDEN,$9.97,1440511876962,"5,635",100% bearish,of 4 ratings,$15
LONG,$16.79,1440511877030,"13,124",67% bullish,of 3 ratings,$15.75
ESBK,$19.83,1440511877094,200,Not yet rated,NULL,N/A
EMCF,NULL,1440511877276,0,100% bearish,of 1 rating,N/A
ELTK,$1.06,1440511877332,100,67% bearish,of 3 ratings,N/A
EMCI,$22.27,1440511877441,"1,104",Not yet rated,NULL,N/A
EMMS,$1.2153,1440511877471,"1,194",67% bullish,of 6 ratings,N/A
EMKR,$6.88,1440511877575,"11,620",75% bullish,of 4 ratings,$8.50
EMMSP,NULL,1440511877600,0,100% bearish,of 1 rating,N/A
NYNY,$4.1097,1440511877628,"4,830",50% bullish,of 2 ratings,N/A
ENTA,$39.18,1440511877653,"18,879",50% bullish,of 2 ratings,$42
ERS,$2.81,1440511877793,1,Not yet rated,NULL,N/A
ECPG,$39.25,1440511877820,"11,392",100% bullish,of 2 ratings,$52
WIRE,$31.03,1440511877856,"12,019",100% bearish,of 1 rating,$37
ENDP,$76.18,1440511877950,"263,954",50% bullish,of 6 ratings,$104
ECYT,$5.03,1440511877979,"19,358",83% bullish,of 6 ratings,$12
ELGX,$12.48,1440511878043,"46,478",75% bullish,of 4 ratings,$17
EIGI,$15.05,1440511878081,"16,042",67% bearish,of 3 ratings,$22.50
WATT,$6.1099,1440511878234,"48,477",50% bullish,of 2 ratings,$13
ENG,$0.9999,1440511878425,"5,189",100% bullish,of 3 ratings,N/A
ENOC,$8.35,1440511878455,"40,526",75% bullish,of 4 ratings,$18
EFOI,$16.4369,1440511878486,"117,679",50% bullish,of 2 ratings,$20.50
ERII,$2.86,1440511878507,"7,891",80% bullish,of 5 ratings,$2.50
EXXI,$1.32,1440511878537,"296,447",86% bullish,of 7 ratings,$3.50
ENPH,$4.77,1440511878558,"119,310",75% bullish,of 4 ratings,$11
ESGR,$147.954,1440511878591,"3,203",100% bearish,of 1 rating,$185
ENFC,$18.16,1440511878826,"1,200",Not yet rated,NULL,N/A
ETRM,$0.236,1440511878931,"197,271",69% bearish,of 35 ratings,$1.625
ENTL,$20.88,1440511878974,"2,350",Not yet rated,NULL,$28
ENTG,$13.31,1440511879003,"52,139",100% bearish,of 1 rating,$18
EBTC,$21.04,1440511879109,400,Not yet rated,NULL,N/A
EGT,$2.05,1440511879218,624,100% bullish,of 1 rating,N/A
EFSC,$24.02,1440511879244,"14,111",Not yet rated,NULL,$27
ENZN,$0.9552,1440511879382,"180,258",100% bullish,of 9 ratings,N/A
ENZY,$9.05,1440511879450,"4,258",67% bullish,of 3 ratings,$9.50
ENVI,$1.78,1440511879504,63,67% bullish,of 3 ratings,N/A
EPRS,$4.97,1440511879542,"12,216",82% bullish,of 11 ratings,$15
EPZM,$17.5,1440511879564,"62,460",60% bullish,of 5 ratings,$34
EPIQ,$13.3799,1440511879586,"6,285",100% bearish,of 1 rating,$18
PLUS,$75.355,1440511879638,"4,830",50% bullish,of 2 ratings,$88
EQIX,$261.37,1440511879663,"86,747",75% bullish,of 4 ratings,$312.50
EQFN,NULL,1440511879845,0,100% bearish,of 1 rating,N/A
EAC,$3.405,1440511879951,434,100% bearish,of 1 rating,$8
ERIE,$81.7,1440511880083,"10,168",Not yet rated,NULL,$73
ESCRP,NULL,1440511880116,0,100% bearish,of 1 rating,N/A
ERIC,$9.725,1440511880151,"342,606",63% bullish,of 8 ratings,$12.20
ESCR,$0.18,1440511880215,"28,473",50% bullish,of 2 ratings,N/A
ESMC,NULL,1440511880239,0,Not yet rated,NULL,N/A
ESCA,$17.58,1440511880266,"1,984",100% bearish,of 1 rating,$22
ESPR,$52.675,1440511880288,"119,992",70% bearish,of 10 ratings,$123
EPIX,NULL,1440511880419,0,Not yet rated,NULL,N/A
ESSA,$12.62,1440511880520,"1,550",100% bearish,of 1 rating,N/A
ETSY,$13.1,1440511880714,"104,746",80% bullish,of 5 ratings,$16
ESSX,$0.45,1440511880816,"10,427",50% bullish,of 2 ratings,N/A
CLWT,$2.5,1440511880846,306,100% bearish,of 1 rating,N/A
EEFT,$63.96,1440511880947,"25,401",100% bearish,of 1 rating,$67.50
ESEA,$5.59,1440511881129,100,100% bullish,of 1 rating,$15
ESND,$34.14,1440511881278,"6,010",100% bearish,of 2 ratings,$40
EVK,NULL,1440511881307,0,75% bearish,of 4 ratings,N/A
EVOL,$6,1440511881336,"4,156",75% bullish,of 4 ratings,$10
EVLV,$2.09,1440511881363,"21,951",60% bullish,of 5 ratings,$6.50
EVEP,$7.294,1440511881384,"90,907",50% bullish,of 2 ratings,$15
EVOK,$3.81,1440511881405,"15,432",100% bearish,of 1 rating,$13.375
EXA,$10.82,1440511881443,"2,000",100% bearish,of 1 rating,$13
EXEL,$5.24,1440511881643,"1,248,418",81% bullish,of 16 ratings,$6
EXAC,$17.8475,1440511881680,"3,431",100% bearish,of 1 rating,$22.50
EXAS,$20.36,1440511881709,"225,881",78% bullish,of 9 ratings,$31
EXLS,$35.942,1440511881811,"27,626",50% bullish,of 2 ratings,$41
EXFO,$2.55,1440511881885,"2,852",67% bearish,of 3 ratings,$3.95
EXPE,$111.45,1440511881969,"144,875",64% bullish,of 11 ratings,$130
EXPD,$47.9725,1440511882013,"203,321",80% bullish,of 5 ratings,$51.50
ESRX,$83.7499,1440511882054,"545,405",67% bearish,of 6 ratings,$101
EXPO,$41.493,1440511882114,"4,056",100% bearish,of 1 rating,$45.50
EYEG,NULL,1440511882216,0,Not yet rated,NULL,N/A
EXTR,$2.7425,1440511882243,"82,572",80% bullish,of 5 ratings,$3
EZCH,$21.25,1440511882314,"10,355",75% bullish,of 8 ratings,$19.50
EXLP,$18.39,1440511882349,"33,147",100% bearish,of 1 rating,$25
EZPW,$6.005,1440511882447,"18,942",50% bullish,of 4 ratings,$7.50
EYEGW,NULL,1440511882472,0,Not yet rated,NULL,N/A
FFIV,$119.44,1440511882497,"89,588",63% bullish,of 8 ratings,$132
FB,$85.3801,1440511882665,"8,253,517",73% bullish,of 1066 ratings,$111
FCS,$13.11,1440511882794,"98,101",67% bearish,of 3 ratings,$17
FRP,$16.23,1440511882819,"2,271",100% bearish,of 1 rating,$18
FALC,$1.5421,1440511882872,"2,800",63% bearish,of 8 ratings,N/A
FWM,$2.3,1440511882898,"14,859",100% bearish,of 2 ratings,$3.20
DAVE,$14.217,1440511882920,"1,907",100% bearish,of 1 rating,$15.50
FARM,$21.95,1440511883052,"2,431",100% bearish,of 1 rating,$35
FFKT,$26.07,1440511883077,"1,520",Not yet rated,NULL,$29
FMNB,$8,1440511883143,800,Not yet rated,NULL,N/A
FARO,$37.83,1440511883275,"16,071",50% bullish,of 2 ratings,$48
FBSS,$15.92,1440511883301,"1,615",Not yet rated,NULL,N/A
FATE,$6.12,1440511883322,"5,932",50% bullish,of 2 ratings,$11
FAST,$37.44,1440511883352,"481,303",80% bullish,of 5 ratings,$45.50
FBRC,$21.8,1440511883624,"3,809",100% bearish,of 1 rating,$29
FEIC,$74.758,1440511883779,"22,811",50% bullish,of 2 ratings,$95.50
FCSC,$5.55,1440511883835,"73,828",100% bearish,of 1 rating,$8.125
FHCO,$1.427,1440511883863,"17,131",50% bullish,of 4 ratings,N/A
FNHC,$21.67,1440511883912,"5,449",100% bearish,of 1 rating,$35
FDML,$8.6128,1440511883940,"31,903",50% bullish,of 4 ratings,$14
ONEQ,$183.25,1440511883961,"25,034",100% bullish,of 1 rating,N/A
FENX,$9.64,1440511883996,"6,804",100% bullish,of 1 rating,$14.25
FGEN,$22.525,1440511884097,"33,080",100% bearish,of 1 rating,$39
FDUS,$13.894,1440511884357,"10,974",50% bullish,of 2 ratings,$18
LION,$18.71,1440511884383,"10,795",100% bullish,of 1 rating,$20
FRGI,$51.61,1440511884413,"13,246",50% bullish,of 2 ratings,$70
FSAM,$8.48,1440511884512,"1,316",100% bearish,of 1 rating,$11
FSC,$6.2111,1440511884538,"339,555",75% bullish,of 4 ratings,$8
FSFR,$8.777,1440511884564,"23,287",100% bearish,of 1 rating,$11.50
FITB,$19.0399,1440511884692,"840,677",54% bullish,of 13 ratings,$22
FSCFL,$24.85,1440511884717,371,Not yet rated,NULL,N/A
FITBI,$26.81,1440511884775,"4,988",Not yet rated,NULL,N/A
FISI,$24.48,1440511884907,"10,433",100% bullish,of 2 ratings,$24.50
FNGN,$31.78,1440511884940,"43,124",67% bullish,of 3 ratings,$47
FNSR,$15.09,1440511884969,"65,440",71% bullish,of 7 ratings,$24.50
FNJN,$1.5987,1440511885038,"4,733",100% bearish,of 1 rating,$5
FNTC,NULL,1440511885064,0,Not yet rated,NULL,N/A
FNTCU,$10.42,1440511885293,186,Not yet rated,NULL,N/A
FEYE,$37.775,1440511885351,"797,645",87% bullish,of 15 ratings,$55.50
FBNC,$16.87,1440511885386,"2,628",100% bullish,of 1 rating,$20
FNTCW,NULL,1440511885416,0,Not yet rated,NULL,N/A
FNLC,$18.29,1440511885484,"3,408",100% bullish,of 1 rating,N/A
BUSE,$6.26,1440511885509,"127,748",Not yet rated,NULL,$6.875
FRBA,$5.97,1440511885535,302,Not yet rated,NULL,$8
FBIZ,$43.95,1440511885680,719,100% bearish,of 2 ratings,$52
FCAP,$27.32,1440511885738,350,Not yet rated,NULL,N/A
FCVA,NULL,1440511885766,0,Not yet rated,NULL,N/A
FCFS,$38.47,1440511885868,"22,869",100% bearish,of 3 ratings,$48
FCLF,$9.08,1440511885899,100,Not yet rated,NULL,N/A
FCNCA,$232,1440511885999,325,Not yet rated,NULL,N/A
FCBC,$17.18,1440511886045,"1,154",Not yet rated,NULL,$18
FCCO,$11.73,1440511886186,100,Not yet rated,NULL,$13.25
FBNK,$16.48,1440511886272,"1,986",100% bearish,of 1 rating,$17.50
FDEF,$37.1,1440511886302,"4,064",Not yet rated,NULL,$38
FFNM,NULL,1440511886322,0,Not yet rated,NULL,N/A
FCFP,$6.9,1440511886355,200,Not yet rated,NULL,N/A
FFBC,$18.14,1440511886455,"15,288",67% bearish,of 3 ratings,$20.25
FFBCW,NULL,1440511886584,0,100% bearish,of 1 rating,N/A
THFF,$32.965,1440511886618,957,Not yet rated,NULL,$35
FFIN,$29.8,1440511886643,"20,738",50% bullish,of 2 ratings,$31.75
FFNW,$12.1,1440511886718,"4,631",Not yet rated,NULL,$14
FFWM,$20.96,1440511886778,600,Not yet rated,NULL,$24
INBK,$30.39,1440511886850,"5,504",50% bullish,of 2 ratings,$37
FMBH,NULL,1440511887076,0,Not yet rated,NULL,N/A
FRME,$24.92,1440511887105,"5,706",Not yet rated,NULL,$26.50
FIBK,$26,1440511887126,"8,883",Not yet rated,NULL,$32
FNFG,$8.83,1440511887164,"363,396",80% bullish,of 5 ratings,$9
FNBC,$33.3,1440511887258,"9,475",Not yet rated,NULL,$41.50
FMBI,$17.09,1440511887289,"26,964",Not yet rated,NULL,$20
FNWB,$11.86,1440511887342,700,Not yet rated,NULL,N/A
FSFG,$29.8,1440511887386,300,Not yet rated,NULL,N/A
FSGI,$2.48,1440511887475,"2,186",Not yet rated,NULL,N/A
FSLR,$44.74,1440511887544,"235,156",74% bullish,of 39 ratings,$65
FSBK,$7.57,1440511887603,"1,400",100% bullish,of 1 rating,N/A
BICK,$19.7199,1440511887652,320,100% bullish,of 1 rating,N/A
FBZ,$10.06,1440511887702,240,Not yet rated,NULL,N/A
FTCS,$35.8924,1440511887887,"14,859",100% bearish,of 1 rating,N/A
FCA,$19.14,1440511887915,25,Not yet rated,NULL,N/A
FCAN,$23.4,1440511887947,"5,001",Not yet rated,NULL,N/A
FV,$22.73,1440511888045,"610,678",100% bearish,of 1 rating,N/A
IFV,$17.695,1440511888070,"324,433",100% bearish,of 1 rating,N/A
FEMB,NULL,1440511888103,0,Not yet rated,NULL,N/A
FEUZ,NULL,1440511888201,0,Not yet rated,NULL,N/A
FTSM,$59.8601,1440511888230,"3,335",100% bearish,of 1 rating,N/A
TDIV,$24.11,1440511888263,"11,260",100% bearish,of 1 rating,N/A
FGM,$35.86,1440511888448,"6,204",Not yet rated,NULL,N/A
MDIV,$18.962,1440511888480,"25,920",Not yet rated,NULL,N/A
FTGC,$21.91,1440511888507,"14,574",Not yet rated,NULL,N/A
HYLS,$48.97,1440511888688,"5,653",100% bearish,of 1 rating,N/A
FTHI,NULL,1440511888719,0,Not yet rated,NULL,N/A
FHK,$32.48,1440511888749,"10,628",Not yet rated,NULL,N/A
FPXI,$26.89,1440511888818,"1,000",Not yet rated,NULL,N/A
YDIV,$16.42,1440511888845,100,Not yet rated,NULL,N/A
SKYY,$28.16,1440511888874,"9,350",100% bullish,of 1 rating,N/A
PLTM,$6.31,1440511889020,"2,909",100% bearish,of 1 rating,N/A
FJP,$45.95,1440511889074,"4,561",Not yet rated,NULL,N/A
CU,$12.58,1440511889102,"4,171",100% bearish,of 1 rating,N/A
FTLB,$19.16,1440511889127,200,100% bearish,of 1 rating,N/A
QABA,$36.6176,1440511889262,"5,293",100% bearish,of 1 rating,N/A
LMBS,$50.05,1440511889288,"1,318",Not yet rated,NULL,N/A
FMB,NULL,1440511889316,0,Not yet rated,NULL,N/A
FONE,NULL,1440511889457,0,Not yet rated,NULL,N/A
CIBR,$17.796,1440511889483,"12,223",Not yet rated,NULL,N/A
QCLN,$14.489,1440511889510,"6,589",Not yet rated,NULL,N/A
GRID,NULL,1440511889534,0,100% bearish,of 1 rating,N/A
CARZ,$34.065,1440511889642,"2,240",100% bearish,of 1 rating,N/A
RDVY,$20.6701,1440511889707,671,Not yet rated,NULL,N/A
QTEC,$38.81,1440511889839,"12,218",Not yet rated,NULL,N/A
QQEW,$40.681,1440511889875,"35,669",Not yet rated,NULL,N/A
QQXT,$39.2901,1440511889906,"1,126",Not yet rated,NULL,N/A
FTSL,$48.5201,1440511889973,"4,390",100% bearish,of 1 rating,N/A
QINC,NULL,1440511889999,0,Not yet rated,NULL,N/A
AIRR,$15.7801,1440511890027,"3,763",100% bearish,of 1 rating,N/A
FKO,$22.35,1440511890052,530,Not yet rated,NULL,N/A
FSZ,$39.36,1440511890397,"6,711",Not yet rated,NULL,N/A
FTW,$29.95,1440511890430,"1,800",Not yet rated,NULL,N/A
FDIV,NULL,1440511890450,0,100% bearish,of 1 rating,N/A
FKU,$41.6304,1440511890471,"10,286",Not yet rated,NULL,N/A
TUSA,NULL,1440511890506,0,Not yet rated,NULL,N/A
FUNC,$8.18,1440511890531,500,Not yet rated,NULL,N/A
SVVC,$9.33,1440511890606,243,50% bullish,of 2 ratings,$26
FMER,$17.27,1440511890743,"198,130",50% bullish,of 2 ratings,$20
FISV,$82.91,1440511890782,"151,072",100% bearish,of 3 ratings,$90
FIVE,$35.7,1440511890822,"34,070",75% bearish,of 4 ratings,$44
FPRX,$18.39,1440511890855,"54,320",50% bullish,of 2 ratings,$35
FSV,$31.05,1440511890885,600,Not yet rated,NULL,$33.60
FLML,$20.5701,1440511890949,"13,511",50% bullish,of 2 ratings,$30
FLKS,$13.695,1440511891024,"5,896",50% bullish,of 2 ratings,$27
FIVN,$4.115,1440511891051,"20,202",100% bullish,of 1 rating,$8.50
FLXN,$23.23,1440511891306,"6,407",100% bearish,of 1 rating,$40
SKOR,NULL,1440511891363,0,Not yet rated,NULL,N/A
MBSD,NULL,1440511891406,0,Not yet rated,NULL,N/A
FLXS,$30.3001,1440511891434,"2,820",100% bearish,of 2 ratings,N/A
FLEX,$10.37,1440511891464,"411,642",63% bullish,of 8 ratings,$12
FFIC,$19.61,1440511891494,"4,024",Not yet rated,NULL,$21
FLDM,$12.41,1440511891567,"24,054",67% bearish,of 3 ratings,$21.50
FLIR,$27.87,1440511891593,"105,790",100% bearish,of 1 rating,$38.50
FOMX,$9.51,1440511891786,"12,201",50% bullish,of 2 ratings,$23.50
FONR,$9.47,1440511891818,"2,950",100% bullish,of 1 rating,N/A
FES,$0.9039,1440511891883,405,50% bullish,of 2 ratings,$1
FORM,$6,1440511891909,"22,984",67% bullish,of 3 ratings,$10.50
FOGO,$17.9,1440511891937,"11,816",50% bullish,of 2 ratings,$25.50
FORTY,$31.46,1440511891972,150,100% bearish,of 1 rating,N/A
FTNT,$41.92,1440511892202,"165,593",80% bullish,of 10 ratings,$52
FORR,$32.09,1440511892230,"1,067",Not yet rated,NULL,N/A
FBIO,$2.4199,1440511892286,"40,596",83% bullish,of 6 ratings,N/A
FORD,$1.0102,1440511892485,"11,102",50% bullish,of 2 ratings,N/A
FWRD,$45.29,1440511892531,"14,423",100% bearish,of 1 rating,$50
FWP,$24.97,1440511892557,842,100% bearish,of 1 rating,$45
FOSL,$59.36,1440511892614,"85,535",50% bullish,of 4 ratings,$80
FMI,$20.251,1440511892689,"29,915",100% bearish,of 2 ratings,$27.50
FOXF,$15.55,1440511892722,"4,474",100% bearish,of 1 rating,$19
FRAN,$10.4,1440511892816,"62,275",50% bullish,of 4 ratings,$15
FXCB,$16.95,1440511892841,"2,229",Not yet rated,NULL,$19
FELE,$28.42,1440511893007,"16,475",50% bullish,of 4 ratings,$33
FREE,$0.3322,1440511893080,"83,575",92% bullish,of 12 ratings,N/A
FRED,$13.33,1440511893150,"10,886",50% bullish,of 2 ratings,$16.50
FEIM,$10.79,1440511893211,107,100% bearish,of 1 rating,N/A
RAIL,$19.085,1440511893244,"18,196",100% bearish,of 1 rating,$24.50
FRPT,$12.99,1440511893341,"44,040",67% bearish,of 3 ratings,$23.50
FTR,$5.06,1440511893370,"2,034,120",78% bullish,of 27 ratings,$6.25
FTRPR,$100.6,1440511893472,"10,684",100% bearish,of 1 rating,N/A
FRPH,$30.8099,1440511893548,"1,433",100% bearish,of 1 rating,N/A
FSBW,$22.78,1440511893631,130,Not yet rated,NULL,N/A
FSYS,$6.15,1440511893662,"5,802",67% bullish,of 3 ratings,$10
FTD,$28.86,1440511893700,"6,314",100% bearish,of 1 rating,$40
FCEL,$0.7295,1440511893764,"496,681",88% bullish,of 40 ratings,$2.65
FTEK,$2.0599,1440511893791,"18,800",75% bullish,of 4 ratings,N/A
FULL,$3.07,1440511893928,"3,414",67% bearish,of 3 ratings,$4.25
FULLL,$24.88,1440511893977,"3,300",Not yet rated,NULL,N/A
FULT,$11.97,1440511894074,"134,775",100% bearish,of 1 rating,$13
FLL,$1.4914,1440511894104,"1,129",75% bullish,of 4 ratings,$3.50
FFHL,NULL,1440511894234,0,50% bullish,of 4 ratings,N/A
FSNN,$2.34,1440511894280,"2,600",67% bullish,of 3 ratings,$6
FXEN,$0.8298,1440511894310,"11,370",75% bullish,of 4 ratings,$1.10
FXENP,$16.6,1440511894368,200,100% bearish,of 1 rating,N/A
GK,$68.74,1440511894443,"2,807",Not yet rated,NULL,$78
GLPG,$63.225,1440511894537,"7,793",100% bullish,of 1 rating,$75
WILC,NULL,1440511894576,0,100% bullish,of 2 ratings,N/A
GAIA,$5.809,1440511894627,"1,349",50% bullish,of 2 ratings,$8.50
GALT,$1.86,1440511894792,"12,470",80% bullish,of 5 ratings,N/A
GALTU,NULL,1440511894817,0,100% bearish,of 1 rating,N/A
GALE,$1.5501,1440511894844,"332,110",89% bullish,of 47 ratings,$4
GALTW,NULL,1440511894900,0,100% bullish,of 1 rating,N/A
GLPI,$30.87,1440511895000,"20,872",100% bearish,of 1 rating,$37.50
GLMD,$8.955,1440511895027,"8,720",67% bullish,of 3 ratings,$20.50
GPIC,$10.27,1440511895056,200,100% bearish,of 1 rating,N/A
GRMN,$38,1440511895203,"200,320",50% bullish,of 6 ratings,$48
GGAC,NULL,1440511895281,0,100% bearish,of 1 rating,N/A
GGACR,NULL,1440511895331,0,100% bullish,of 1 rating,N/A
GARS,$14.25,1440511895413,"5,565",Not yet rated,NULL,$16
GGACU,NULL,1440511895440,0,Not yet rated,NULL,N/A
GGACW,NULL,1440511895460,0,Not yet rated,NULL,N/A
GENC,$9.32,1440511895590,"1,200",100% bearish,of 1 rating,N/A
GNCMA,$16.45,1440511895636,"13,257",100% bearish,of 1 rating,$12
GFN,$3.34,1440511895695,"4,090",100% bearish,of 2 ratings,$8
GFNSL,$25.6,1440511895838,400,Not yet rated,NULL,N/A
GNMK,$9.01,1440511895911,"24,266",67% bullish,of 6 ratings,$14
GFNCP,$89.01,1440511895936,204,Not yet rated,NULL,N/A
GENE,$2.165,1440511895963,"35,360",100% bullish,of 12 ratings,N/A
GNTX,$15.12,1440511896127,"324,737",Not yet rated,NULL,$20
GHDX,$24,1440511896302,"16,344",50% bullish,of 2 ratings,$30
THRM,$43,1440511896394,"24,896",75% bearish,of 4 ratings,$55.50
GNCA,$12.2299,1440511896423,"15,968",100% bearish,of 1 rating,$20
GTWN,$17.85,1440511896457,125,Not yet rated,NULL,N/A
GNVC,$2.23,1440511896487,"19,555",90% bullish,of 10 ratings,$8.50
GERN,$3.0399,1440511896555,"308,188",88% bullish,of 16 ratings,$5.25
GEOS,$14.38,1440511896581,"19,186",100% bearish,of 3 ratings,$21
GABC,$29.04,1440511896606,"2,392",Not yet rated,NULL,$31.50
GIGM,$0.55,1440511896864,500,100% bullish,of 2 ratings,N/A
GEVO,$2.4218,1440511896893,"127,081",75% bullish,of 12 ratings,$5
ROCK,$16.615,1440511896925,"5,227",80% bullish,of 5 ratings,$24
GIGA,$1.5006,1440511897026,"133,438",100% bearish,of 1 rating,N/A
GIII,$65.055,1440511897053,"35,147",67% bullish,of 3 ratings,$75
GILD,$106.05,1440511897081,"2,814,363",91% bullish,of 87 ratings,$129
GILT,$4.3201,1440511897107,"6,423",50% bullish,of 2 ratings,N/A
GBCI,$25.12,1440511897280,"30,410",50% bullish,of 2 ratings,$31
GLAD,$8.11,1440511897306,"15,616",50% bullish,of 2 ratings,$8.75
GOOD,$14.48,1440511897439,"36,278",Not yet rated,NULL,$19
GOODO,$25.1,1440511897467,300,Not yet rated,NULL,N/A
GOODN,$25.3,1440511897488,600,Not yet rated,NULL,N/A
GLADO,$25.25,1440511897522,201,Not yet rated,NULL,N/A
GOODP,$25,1440511897630,100,Not yet rated,NULL,N/A
GAIN,$7.325,1440511897783,"42,159",100% bullish,of 2 ratings,$8.25
GAINN,$25.12,1440511897830,"5,644",Not yet rated,NULL,N/A
GAINO,$25.35,1440511897912,478,Not yet rated,NULL,N/A
GAINP,$25.6,1440511897937,902,Not yet rated,NULL,N/A
LAND,$9.2811,1440511897962,"11,800",50% bullish,of 2 ratings,$13.75
GLBZ,NULL,1440511897998,0,Not yet rated,NULL,N/A
GDEF,NULL,1440511898218,0,Not yet rated,NULL,N/A
GBT,$43.6661,1440511898327,"29,344",100% bearish,of 1 rating,N/A
GBLI,$26.105,1440511898357,"1,102",Not yet rated,NULL,N/A
GPACU,NULL,1440511898378,0,Not yet rated,NULL,N/A
GSOL,$8.23,1440511898416,"11,175",100% bearish,of 1 rating,N/A
ACTX,$12.75,1440511898444,2,100% bullish,of 1 rating,N/A
ENT,$11.06,1440511898510,"13,164",100% bearish,of 1 rating,$18
QQQC,$18.691,1440511898538,"1,815",100% bearish,of 1 rating,N/A
SOCL,$16.8901,1440511898696,"21,737",100% bullish,of 2 ratings,N/A
ALTY,NULL,1440511898826,0,Not yet rated,NULL,N/A
SRET,$13.2507,1440511898898,383,Not yet rated,NULL,N/A
YLCO,$11.8,1440511898964,60,Not yet rated,NULL,N/A
GAI,$5.77,1440511899056,"2,024",50% bullish,of 2 ratings,N/A
GSM,$12.5,1440511899083,"18,851",50% bullish,of 2 ratings,$23
GLRI,$1.05,1440511899111,"4,134",100% bearish,of 1 rating,$4.25
GLBS,$1.08,1440511899132,54,67% bullish,of 3 ratings,N/A
GLUU,$4.19,1440511899269,"237,801",92% bullish,of 26 ratings,$9
GBIM,NULL,1440511899298,0,50% bullish,of 2 ratings,N/A
GMLP,$18.299,1440511899476,"29,571",50% bullish,of 4 ratings,$32.50
GOGO,$15.555,1440511899505,"172,437",80% bullish,of 5 ratings,$25
GLNG,$33.91,1440511899530,"69,451",83% bullish,of 6 ratings,$58
GLYC,$6.9,1440511899556,"8,838",50% bullish,of 2 ratings,$14
GLDC,NULL,1440511899761,0,50% bullish,of 2 ratings,N/A
GOGL,$2.71,1440511899861,"50,464",75% bullish,of 4 ratings,$5
GDEN,$9.04,1440511899887,418,50% bullish,of 2 ratings,N/A
GOOG,$605.66,1440511900036,"369,333",89% bullish,of 70 ratings,$825
GBDC,$16.52,1440511900067,"27,263",Not yet rated,NULL,$17.75
GTIM,$6.6299,1440511900088,"9,455",Not yet rated,NULL,$11.50
GMAN,$4.31,1440511900243,"6,334",60% bullish,of 5 ratings,$8.50
GPRO,$49.1645,1440511900307,"1,194,273",78% bullish,of 58 ratings,$72
GOOGL,$634.31,1440511900333,"401,296",88% bullish,of 1080 ratings,$749
GPIA,NULL,1440511900380,0,Not yet rated,NULL,N/A
GPIAU,$9.98,1440511900517,"1,200",Not yet rated,NULL,N/A
GPIAW,NULL,1440511900547,0,Not yet rated,NULL,N/A
LOPE,$36.81,1440511900648,"20,288",100% bearish,of 2 ratings,$50
GBSNU,NULL,1440511900670,0,NULL,NULL,NULL
GRVY,$3.29,1440511900695,100,50% bullish,of 2 ratings,N/A
GBSN,$0.8588,1440511900828,"412,997",100% bearish,of 1 rating,$8.25
GLDD,$5.21,1440511900859,"22,664",100% bearish,of 4 ratings,$7.75
GSBC,$39.22,1440511900880,"4,480",100% bullish,of 1 rating,$44
GNBC,$11.25,1440511900925,"12,792",100% bearish,of 1 rating,$17
GRBK,$12.16,1440511901022,"17,370",77% bullish,of 13 ratings,N/A
GPP,$14.46,1440511901155,410,Not yet rated,NULL,$20.50
GPRE,$18.3,1440511901194,"71,779",67% bullish,of 6 ratings,$28.50
GCBC,NULL,1440511901287,0,100% bullish,of 1 rating,N/A
GRIF,NULL,1440511901346,0,100% bearish,of 1 rating,N/A
GLRE,$24.108,1440511901422,"21,590",50% bullish,of 2 ratings,$41
GRFS,$30.69,1440511901450,"26,958",50% bullish,of 2 ratings,$35
GRPN,$4.09,1440511901478,"695,959",61% bullish,of 71 ratings,$6.75
OMAB,$39.38,1440511901578,"5,676",100% bullish,of 1 rating,$44
GGAL,$18.16,1440511901651,"24,081",80% bullish,of 5 ratings,$40
GSIT,$4.71,1440511901719,"44,106",100% bearish,of 1 rating,N/A
GSIG,$12.44,1440511901755,"5,996",100% bearish,of 2 ratings,N/A
GTXI,$0.817,1440511901851,"16,764",100% bullish,of 5 ratings,$.75
GSVC,$8.4601,1440511901877,"9,918",50% bullish,of 2 ratings,$14.50
GBNK,$15.42,1440511901908,"6,973",100% bearish,of 1 rating,$18
GFED,$14.9,1440511902010,300,Not yet rated,NULL,$17
GUID,$6.9215,1440511902140,"15,326",100% bearish,of 3 ratings,$10
GULTU,$0.29,1440511902211,172,100% bearish,of 1 rating,N/A
GURE,$1.6,1440511902271,"9,861",88% bullish,of 8 ratings,N/A
GIFI,$11.77,1440511902420,"5,756",100% bearish,of 1 rating,$16
GPOR,$33.41,1440511902448,"147,915",75% bullish,of 4 ratings,$55
GWGH,NULL,1440511902498,0,100% bearish,of 1 rating,$15.05
GWPH,$101.59,1440511902523,"26,037",78% bullish,of 9 ratings,$148.50
GYRO,NULL,1440511902655,0,100% bearish,of 1 rating,N/A
HLG,NULL,1440511902700,0,100% bearish,of 1 rating,N/A
HNRG,$6.99,1440511902734,"8,359",100% bearish,of 1 rating,$10
HEES,$16,1440511902755,"46,698",67% bearish,of 3 ratings,$31
HALL,$11.3805,1440511902884,"5,688",Not yet rated,NULL,N/A
HALO,$17.05,1440511902911,"200,199",67% bullish,of 3 ratings,$22.50
HMPR,$1.83,1440511903064,"4,500",100% bullish,of 1 rating,N/A
HBK,$13.75,1440511903198,200,50% bullish,of 2 ratings,N/A
HBHC,$25.72,1440511903326,"104,597",50% bullish,of 2 ratings,$30
HBHCL,$24.1252,1440511903359,"5,290",Not yet rated,NULL,N/A
HNH,$25.9,1440511903397,847,100% bullish,of 1 rating,N/A
HDNG,$9.87,1440511903620,"1,440",50% bullish,of 4 ratings,N/A
HQCL,$9.1174,1440511903664,"8,625",67% bullish,of 3 ratings,$14
HNSN,$0.5059,1440511903705,"2,063",88% bullish,of 8 ratings,$.40
HAFC,$23.7,1440511903755,"19,379",100% bullish,of 2 ratings,$28.50
HLIT,$5.5,1440511903837,"88,953",100% bearish,of 1 rating,$6.50
HRMN,NULL,1440511903867,0,Not yet rated,NULL,N/A
HRMNW,NULL,1440511904148,0,Not yet rated,NULL,N/A
TINY,$2.54,1440511904173,"33,840",50% bullish,of 2 ratings,$5.26
HRMNU,NULL,1440511904202,0,Not yet rated,NULL,N/A
HBIO,$4.33,1440511904502,"9,200",Not yet rated,NULL,$10
HCAP,$12.27,1440511904552,603,50% bullish,of 2 ratings,$15
HCAPL,$25.47,1440511904580,100,Not yet rated,NULL,N/A
HART,$0.8749,1440511904685,"12,586",100% bearish,of 1 rating,N/A
HA,$22.43,1440511904752,"100,333",67% bullish,of 9 ratings,$27
HCOM,$22.68,1440511904814,500,100% bearish,of 1 rating,$28
HAS,$72.21,1440511904842,"160,952",63% bullish,of 8 ratings,$84.50
HWKN,$37.43,1440511904863,"1,664",Not yet rated,NULL,N/A
HAYN,$35.62,1440511905001,"4,569",100% bearish,of 1 rating,$59
HWBK,$13.12,1440511905026,300,100% bearish,of 1 rating,N/A
HDS,$32.08,1440511905074,"173,575",100% bearish,of 2 ratings,$39.50
HCSG,$32.95,1440511905281,"20,193",50% bullish,of 4 ratings,$35
HIIQ,$4.4392,1440511905307,"9,937",50% bullish,of 2 ratings,$7
HSTM,$24.56,1440511905439,"5,244",50% bullish,of 2 ratings,$33.75
HWAY,$11.92,1440511905494,"14,794",100% bearish,of 1 rating,$15
HTLD,$20.095,1440511905524,"37,831",Not yet rated,NULL,$22.50
HQY,$28.7799,1440511905546,"10,638",67% bullish,of 3 ratings,$31
HTWR,$81.4,1440511905624,"29,927",50% bullish,of 2 ratings,$103
HTLF,$35,1440511905674,"1,053",100% bullish,of 1 rating,$39.50
HTBX,$5.1765,1440511905764,"1,370",50% bullish,of 2 ratings,$15.50
HSII,$20.04,1440511905799,"11,213",100% bullish,of 3 ratings,$25
HMNY,$2.1601,1440511905895,453,100% bearish,of 1 rating,N/A
HELE,$84.7921,1440511905921,"22,874",67% bearish,of 3 ratings,$100
HERO,NULL,1440511906143,0,NULL,NULL,NULL
HNNA,$24.6499,1440511906206,"2,376",Not yet rated,NULL,N/A
HSIC,$135.01,1440511906235,"40,880",83% bullish,of 6 ratings,$146
HMTV,$13.3,1440511906263,"14,804",100% bearish,of 1 rating,$16
HCACU,$9.95,1440511906294,6,Not yet rated,NULL,N/A
HFWA,$17.37,1440511906340,"6,528",100% bullish,of 1 rating,$20
HEOP,$7.6,1440511906397,700,Not yet rated,NULL,$8.50
HTBK,$10.65,1440511906435,"2,221",Not yet rated,NULL,$12
HRTX,$33.71,1440511906678,"66,070",67% bullish,of 6 ratings,$41
MLHR,$27.21,1440511906749,"57,500",50% bullish,of 2 ratings,$33.50
HCCI,$11.34,1440511906775,482,100% bearish,of 1 rating,$16.50
HSKA,$32.1,1440511906904,"6,888",100% bearish,of 1 rating,$38
HFFC,$16,1440511907071,100,Not yet rated,NULL,N/A
HIBB,$38,1440511907101,"43,750",100% bearish,of 1 rating,$48.50
HPJ,$2.165,1440511907144,"3,105",75% bullish,of 4 ratings,$12.43
HIMX,$6.325,1440511907209,"240,060",86% bullish,of 21 ratings,$8.50
HIHO,$4.01,1440511907235,"1,664",Not yet rated,NULL,N/A
HIFS,$113.6,1440511907287,415,Not yet rated,NULL,N/A
HSGX,NULL,1440511907336,0,100% bearish,of 1 rating,$17
HMSY,$10.095,1440511907471,"578,403",67% bullish,of 3 ratings,$19.35
HMNF,NULL,1440511907533,0,Not yet rated,NULL,N/A
HOLI,$17.1,1440511907570,"54,360",50% bullish,of 4 ratings,$27
HOMB,$37.25,1440511907714,"24,527",Not yet rated,NULL,$41
HOLX,$38.66,1440511907741,"213,072",67% bullish,of 3 ratings,$42
HBCP,$24.83,1440511907788,200,Not yet rated,NULL,$29
AWAY,$28.475,1440511907885,"129,817",67% bullish,of 3 ratings,$36
HFBL,$22,1440511907970,400,Not yet rated,NULL,N/A
HMIN,$26.7,1440511908100,"34,657",100% bearish,of 2 ratings,$35
HMST,$21.32,1440511908151,"10,378",100% bullish,of 2 ratings,$27
HKTV,$4.365,1440511908180,"70,000",100% bearish,of 1 rating,N/A
CETC,$0.7475,1440511908212,"6,778",86% bullish,of 7 ratings,N/A
HFBC,$11.34,1440511908309,500,Not yet rated,NULL,N/A
HOFT,$23.49,1440511908337,"3,656",100% bearish,of 1 rating,N/A
HBNC,$23.7699,1440511908382,"5,537",100% bullish,of 1 rating,$27
HTBI,$17.86,1440511908440,"4,577",67% bullish,of 3 ratings,$18.625
HZNP,$28.34,1440511908594,"409,959",85% bullish,of 20 ratings,$40
HRZN,$9.95,1440511908624,"115,710",100% bearish,of 1 rating,$14.25
ZINC,$6.87,1440511908645,"65,748",100% bearish,of 1 rating,$17
HDP,$24.7699,1440511908795,"36,411",67% bearish,of 3 ratings,$30.50
HWCC,$7.27,1440511908865,"5,578",100% bearish,of 1 rating,$9
HMHC,$22.53,1440511908929,"60,086",Not yet rated,NULL,$27
HBMD,$13.55,1440511909001,100,100% bearish,of 1 rating,N/A
HOVNP,NULL,1440511909061,0,100% bearish,of 1 rating,N/A
HSNI,$59.09,1440511909146,"21,935",Not yet rated,NULL,$80
HTGM,$5.5,1440511909191,"1,000",100% bearish,of 1 rating,$19.50
HUBG,$37.7425,1440511909275,"6,488",100% bearish,of 1 rating,$43
HSON,$2.65,1440511909338,"6,305",100% bearish,of 1 rating,$5
HCBK,$9.17,1440511909369,"262,986",83% bullish,of 6 ratings,$8.61
HDSN,$2.96,1440511909399,"1,102",100% bullish,of 1 rating,$6.25
HBAN,$10.57,1440511909500,"1,660,127",76% bullish,of 17 ratings,$12.29
HURC,$29.12,1440511909663,"2,514",100% bearish,of 1 rating,N/A
HBANP,$1325,1440511909716,66,100% bearish,of 1 rating,N/A
HURN,$72.5,1440511909741,"10,241",50% bullish,of 2 ratings,$80
HTCH,$1.5299,1440511909941,"8,136",100% bearish,of 1 rating,$3.50
HBP,$3.11,1440511909972,"13,400",100% bullish,of 1 rating,N/A
HDRA,NULL,1440511910042,0,Not yet rated,NULL,N/A
HDRAU,NULL,1440511910077,0,Not yet rated,NULL,N/A
HDRAR,NULL,1440511910104,0,Not yet rated,NULL,N/A
HYGS,$7.46,1440511910134,"7,178",50% bullish,of 2 ratings,$13
HDRAW,NULL,1440511910155,0,Not yet rated,NULL,N/A
IDSY,$3.81,1440511910288,196,100% bearish,of 1 rating,$7
IACI,$68.495,1440511910431,"70,787",75% bullish,of 4 ratings,$90
IKGH,$1.5001,1440511910498,"11,400",75% bullish,of 4 ratings,N/A
IBKC,$58.1225,1440511910572,"24,307",100% bullish,of 1 rating,$70
ICAD,$3.36,1440511910627,"4,936",50% bullish,of 2 ratings,$7.25
IEP,$67.6575,1440511910658,"51,593",75% bullish,of 4 ratings,$99
ICFI,$34.0525,1440511910852,"3,469",50% bullish,of 2 ratings,$48.50
ICON,$12.58,1440511911044,"84,379",50% bullish,of 2 ratings,$18.50
ICUI,$110.48,1440511911073,"7,292",Not yet rated,NULL,$122
ICLR,$76.93,1440511911100,"57,779",100% bearish,of 3 ratings,$85
DSKY,$11.43,1440511911129,"60,337",67% bullish,of 6 ratings,$11.50
INVE,$4.49,1440511911150,"18,239",75% bullish,of 4 ratings,$4
IDRA,$2.65,1440511911171,"256,482",89% bullish,of 9 ratings,$6.50
IPWR,$7.1299,1440511911307,"5,400",100% bullish,of 1 rating,$15
IROQ,$16.72,1440511911378,810,100% bullish,of 1 rating,N/A
IRG,$4.7,1440511911571,"1,366",100% bearish,of 1 rating,$4.50
RXDX,$12.53,1440511911651,"19,920",100% bullish,of 1 rating,$20
IDXX,$71.43,1440511911680,"48,205",100% bearish,of 1 rating,$77
IKAN,$2.72,1440511911740,"7,802",83% bullish,of 6 ratings,$5
KANG,$14.65,1440511911776,"70,207",50% bullish,of 2 ratings,$22.55
IIVI,$16.97,1440511911832,"9,158",100% bearish,of 1 rating,$22
ILMN,$195.795,1440511911869,"122,203",80% bullish,of 5 ratings,$240
IKNX,NULL,1440511911894,0,100% bearish,of 1 rating,N/A
IMMR,$11.43,1440511912078,"39,314",80% bullish,of 5 ratings,$15.50
ISNS,$3.76,1440511912239,"2,777",50% bullish,of 2 ratings,N/A
IMDZ,$14.64,1440511912487,"7,570",100% bearish,of 1 rating,$33
ICCC,$7.7501,1440511912512,"1,840",100% bullish,of 1 rating,N/A
IMNP,$1.2299,1440511912538,"32,612",50% bullish,of 2 ratings,$6
IMMU,$1.86,1440511912569,"102,877",86% bullish,of 7 ratings,$2
IMGN,$13.07,1440511912594,"175,851",75% bullish,of 4 ratings,$17.50
IPXL,$42.205,1440511912669,"35,768",67% bullish,of 3 ratings,$46.50
INCR,$41.54,1440511912798,"83,924",50% bullish,of 2 ratings,$53
IMMY,$7.2501,1440511912895,958,100% bearish,of 1 rating,$11
INCY,$101.88,1440511912926,"134,547",50% bullish,of 6 ratings,$125.50
INDB,$44.08,1440511912952,"16,220",Not yet rated,NULL,$44
SAAS,$7.34,1440511912973,"74,237",50% bullish,of 2 ratings,$15
IBCP,$13.66,1440511913106,"16,213",100% bullish,of 1 rating,$14.50
IDSA,NULL,1440511913131,0,Not yet rated,NULL,N/A
IBTX,$39.63,1440511913156,"28,711",100% bullish,of 2 ratings,$47.25
INFN,$20.49,1440511913184,"262,452",71% bullish,of 7 ratings,$28
INFI,$8.565,1440511913487,"61,865",50% bullish,of 4 ratings,$18
III,$3.87,1440511913618,"36,250",57% bullish,of 7 ratings,$6
IFON,$1.2,1440511913645,"4,990",75% bullish,of 4 ratings,N/A
INOD,$2.54,1440511913672,300,100% bearish,of 1 rating,N/A
IPCC,$78.78,1440511913693,"2,477",Not yet rated,NULL,$77.50
INNL,NULL,1440511913714,0,100% bearish,of 1 rating,$16.50
INWK,$7.275,1440511913749,"8,660",50% bullish,of 2 ratings,$10
IMKTA,$50.76,1440511913771,"13,745",100% bearish,of 1 rating,N/A
INGN,$46.56,1440511914051,"31,588",100% bearish,of 1 rating,$50.50
IOSP,$47.01,1440511914147,"21,680",100% bearish,of 1 rating,N/A
INOV,$20.91,1440511914173,"59,954",100% bearish,of 1 rating,$33
IPHS,$46.275,1440511914204,"15,756",100% bearish,of 1 rating,$60
ITEK,$12.55,1440511914225,"208,790",100% bearish,of 3 ratings,$20
ISSC,NULL,1440511914304,0,67% bearish,of 3 ratings,N/A
INO,$6.655,1440511914524,"209,825",89% bullish,of 18 ratings,$20
INSM,$23,1440511914554,"56,154",71% bullish,of 7 ratings,$31.50
NSIT,$24.56,1440511914656,"16,958",50% bullish,of 2 ratings,N/A
INSY,$31.87,1440511914736,"87,820",75% bullish,of 4 ratings,$48
IIIN,$17,1440511914766,"3,400",100% bearish,of 2 ratings,N/A
PODD,$28.13,1440511914812,"26,575",67% bearish,of 3 ratings,$35
ISIG,$2.6,1440511914864,52,100% bearish,of 1 rating,N/A
NTEC,$5.92,1440511914968,3,100% bearish,of 1 rating,N/A
IDTI,$17.48,1440511914993,"222,565",60% bullish,of 5 ratings,$25
IART,$59.22,1440511915154,"22,558",100% bearish,of 1 rating,$71.50
IESC,$7.14,1440511915183,"1,800",100% bearish,of 1 rating,N/A
ISSI,$22.02,1440511915215,"13,774",67% bullish,of 3 ratings,$19.75
INTC,$26.77,1440511915257,"5,756,856",82% bullish,of 238 ratings,$36
IQNT,$18.43,1440511915317,"35,426",86% bullish,of 7 ratings,$20
IPCI,$2.1677,1440511915348,"8,110",67% bullish,of 6 ratings,$8
IBKR,$37.805,1440511915533,"203,693",100% bullish,of 1 rating,N/A
ICPT,$187.37,1440511915563,"39,279",70% bullish,of 10 ratings,$359.50
IPAR,$25.22,1440511915613,"4,126",67% bullish,of 3 ratings,$38
ININ,$36.2999,1440511915709,"10,086",67% bearish,of 3 ratings,$57
ICLDW,NULL,1440511915765,0,100% bearish,of 1 rating,N/A
IDCC,$47.5,1440511915814,"69,448",80% bullish,of 5 ratings,$63
ICLD,$1.783,1440511915864,"44,413",75% bullish,of 4 ratings,N/A
IMI,$2,1440511916037,"5,096",67% bullish,of 3 ratings,$2.22
TILE,$24.12,1440511916065,"59,255",67% bearish,of 3 ratings,$27
IBOC,$24.53,1440511916120,"11,840",100% bearish,of 1 rating,N/A
ISCA,$30.725,1440511916201,"3,908",100% bearish,of 1 rating,N/A
INAP,$7.79,1440511916230,"29,665",75% bullish,of 4 ratings,$11
IGLD,$6.4901,1440511916365,"3,865",50% bullish,of 2 ratings,N/A
IIJI,$9.55,1440511916389,100,50% bullish,of 2 ratings,$11.50
PTNT,NULL,1440511916425,0,Not yet rated,NULL,N/A
INPH,$0.31,1440511916560,"1,600",50% bullish,of 2 ratings,N/A
XENT,$25.47,1440511916657,"41,214",50% bullish,of 2 ratings,$36.50
INTX,$2.32,1440511916755,12,67% bullish,of 3 ratings,N/A
ISIL,$10.15,1440511916781,"58,308",50% bullish,of 6 ratings,$15
IILG,$19.3901,1440511916914,"10,650",100% bearish,of 1 rating,$29
IVAC,$4.775,1440511916942,716,100% bearish,of 1 rating,$6.625
INTLL,NULL,1440511916970,0,Not yet rated,NULL,N/A
INTL,$26.2299,1440511917100,"12,327",67% bearish,of 3 ratings,N/A
ITCI,$25.9001,1440511917289,"95,083",75% bearish,of 4 ratings,$40
IIN,$6.47,1440511917319,14,100% bearish,of 1 rating,$12
ISRG,$505.968,1440511917348,"36,821",67% bullish,of 3 ratings,$600
INVT,$0.265,1440511917376,"20,550",67% bullish,of 3 ratings,N/A
INTU,$85.83,1440511917397,"235,851",86% bullish,of 7 ratings,$107.50
SNAK,$8.265,1440511917429,"9,530",50% bullish,of 2 ratings,$14
ISTR,$15.91,1440511917532,102,100% bearish,of 1 rating,$18.50
ISBC,$11.555,1440511917618,"338,844",100% bullish,of 1 rating,$13.25
ITIC,$71.5,1440511917775,100,100% bearish,of 2 ratings,N/A
NVIV,$9.6825,1440511917803,"80,704",50% bullish,of 4 ratings,$24.50
IVTY,$12.34,1440511918110,300,Not yet rated,NULL,$18
IPAS,$1.0301,1440511918135,"5,200",67% bullish,of 3 ratings,N/A
DFVL,NULL,1440511918268,0,Not yet rated,NULL,N/A
IPCM,$79.36,1440511918311,"29,858",50% bullish,of 2 ratings,$80.125
DTUL,NULL,1440511918336,0,Not yet rated,NULL,N/A
IRIX,$6.92,1440511918402,"1,600",100% bearish,of 1 rating,N/A
IRMD,$24.49,1440511918472,"3,783",67% bearish,of 3 ratings,$25
IPGP,$83.03,1440511918500,"31,171",100% bearish,of 2 ratings,$109.50
IRDM,$6.835,1440511918685,"103,180",60% bullish,of 5 ratings,$11.50
IRBT,$28.62,1440511918711,"22,450",67% bullish,of 6 ratings,$37
IRDMB,$269.35,1440511918777,"1,034",67% bearish,of 3 ratings,N/A
IRWD,$10.865,1440511918840,"83,079",100% bearish,of 1 rating,$13
IRCP,$26,1440511918866,300,100% bullish,of 2 ratings,N/A
FCHI,NULL,1440511918936,0,NULL,NULL,NULL
COMT,$31.56,1440511918998,500,100% bearish,of 1 rating,N/A
GNMA,$50.2081,1440511919038,"1,423",Not yet rated,NULL,N/A
IFAS,NULL,1440511919344,0,NULL,NULL,NULL
IFNA,NULL,1440511919405,0,NULL,NULL,NULL
IFEU,$39.26,1440511919470,"6,442",Not yet rated,NULL,N/A
IFGL,$28.65,1440511919536,"10,926",Not yet rated,NULL,N/A
ACWX,$40.48,1440511919571,"84,075",100% bearish,of 1 rating,N/A
ACWI,$55.04,1440511919705,"248,052",Not yet rated,NULL,N/A
AXJS,NULL,1440511919933,0,NULL,NULL,NULL
AAXJ,$52.51,1440511919958,"476,133",Not yet rated,NULL,N/A
EMEY,NULL,1440511920136,0,NULL,NULL,NULL
AAIT,NULL,1440511920168,0,NULL,NULL,NULL
EMDI,NULL,1440511920200,0,NULL,NULL,NULL
EEME,NULL,1440511920219,0,NULL,NULL,NULL
EGRW,NULL,1440511920264,0,NULL,NULL,NULL
EVAL,NULL,1440511920307,0,NULL,NULL,NULL
EEMA,$49.3687,1440511920349,"5,223",Not yet rated,NULL,N/A
EEML,$26.74,1440511920405,"1,000",Not yet rated,NULL,N/A
IEUS,$45.85,1440511920632,830,100% bearish,of 1 rating,N/A
QAT,NULL,1440511920657,0,Not yet rated,NULL,N/A
EUFN,$21.9801,1440511920678,"26,874",100% bearish,of 1 rating,N/A
UAE,$17.6699,1440511920817,"1,344",Not yet rated,NULL,N/A
SOXX,$79.06,1440511920991,"31,447",50% bullish,of 2 ratings,N/A
EMIF,$27.86,1440511921183,"1,044",Not yet rated,NULL,N/A
INDY,$27.345,1440511921255,"83,606",50% bullish,of 2 ratings,N/A
IBB,$334.22,1440511921311,"314,689",63% bullish,of 8 ratings,N/A
WOOD,$48.176,1440511921340,"5,373",50% bullish,of 2 ratings,N/A
ISHG,$80.8,1440511921361,"2,205",100% bearish,of 1 rating,N/A
ICLN,$9.3302,1440511921392,"11,272",50% bullish,of 2 ratings,N/A
IGOV,$92.415,1440511921423,"18,233",100% bearish,of 1 rating,N/A
ISIS,$45.8605,1440511921551,"184,757",53% bullish,of 15 ratings,$67
ISRL,$125,1440511921686,200,100% bearish,of 1 rating,N/A
ISLE,$16.86,1440511921716,"38,183",50% bullish,of 4 ratings,$16
ITRI,$30.67,1440511921819,"23,547",Not yet rated,NULL,$37
ITRN,$24,1440511922019,558,50% bullish,of 2 ratings,N/A
XXIA,$14.965,1440511922084,"39,035",71% bullish,of 7 ratings,$14.625
ITUS,$4.24,1440511922112,1,Not yet rated,NULL,N/A
JJSF,$112.41,1440511922142,"2,215",100% bearish,of 1 rating,N/A
IXYS,$10.31,1440511922163,"15,261",50% bullish,of 4 ratings,N/A
MAYS,NULL,1440511922196,0,Not yet rated,NULL,N/A
JBHT,$75.5,1440511922243,"66,295",50% bullish,of 4 ratings,$89.50
JCOM,$67.58,1440511922500,"35,826",100% bullish,of 2 ratings,$77
JACK,$80.77,1440511922528,"127,433",83% bullish,of 6 ratings,$105
JKHY,$67.12,1440511922576,"32,683",50% bullish,of 2 ratings,$72
JASO,$7.0101,1440511922605,"172,471",82% bullish,of 17 ratings,$10
JXSB,$23.72,1440511922658,200,Not yet rated,NULL,N/A
JAXB,$13.33,1440511922704,100,100% bullish,of 1 rating,N/A
JAGX,$2.76,1440511923066,100,Not yet rated,NULL,N/A
JAKK,$9.34,1440511923132,"25,758",60% bearish,of 5 ratings,$11
JMBA,$13.03,1440511923200,"10,171",75% bullish,of 4 ratings,$18
JRVR,$25.93,1440511923232,"1,708",Not yet rated,NULL,$32
JASNW,NULL,1440511923327,0,50% bullish,of 2 ratings,N/A
ERW,NULL,1440511923390,0,Not yet rated,NULL,N/A
JASN,$4.78,1440511923426,"3,800",50% bullish,of 2 ratings,$9.50
JAZZ,$166.24,1440511923642,"66,536",80% bullish,of 15 ratings,$206.50
JD,$25.89,1440511923704,"2,064,992",75% bullish,of 16 ratings,$36
JTPY,$2.96,1440511924050,456,100% bearish,of 1 rating,N/A
JBLU,$21.89,1440511924285,"1,228,475",94% bullish,of 18 ratings,$27
JCTCF,NULL,1440511924345,0,100% bullish,of 1 rating,N/A
JIVE,$4.16,1440511924372,"34,900",75% bullish,of 4 ratings,$5
WYIGU,$10,1440511924406,"2,500",Not yet rated,NULL,N/A
JST,$3.95,1440511924434,700,75% bullish,of 4 ratings,N/A
JOEZ,$0.1781,1440511924505,"67,600",92% bullish,of 12 ratings,N/A
DATE,$5.6001,1440511924533,"193,007",75% bullish,of 4 ratings,$9
JOUT,$22.35,1440511924608,"5,608",100% bearish,of 1 rating,$34
JBSS,$49.6495,1440511924702,"3,452",67% bearish,of 3 ratings,N/A
JUNO,$35.7301,1440511924804,"270,657",73% bullish,of 11 ratings,$71.50
JNP,$9.68,1440511924836,"5,070",100% bullish,of 3 ratings,$15
KALU,$80.29,1440511924975,"9,835",67% bearish,of 3 ratings,$91
KTWO,$21.52,1440511925136,"15,824",100% bearish,of 1 rating,$28.50
KMDA,NULL,1440511925181,0,50% bullish,of 2 ratings,$8
KBIO,$1.82,1440511925207,516,50% bullish,of 4 ratings,N/A
KNDI,$6.17,1440511925236,"95,015",86% bullish,of 22 ratings,N/A
KPTI,$13.13,1440511925336,"56,342",67% bearish,of 3 ratings,$39
KBSF,NULL,1440511925473,0,100% bullish,of 1 rating,N/A
KCLI,$46.46,1440511925501,"4,214",Not yet rated,NULL,N/A
KCAP,$4.57,1440511925526,"24,195",75% bullish,of 4 ratings,$6
KRNY,$11.16,1440511925758,"63,602",100% bearish,of 1 rating,$12
KELYA,$13.88,1440511925787,"14,356",67% bullish,of 6 ratings,$20
KELYB,NULL,1440511925891,0,50% bullish,of 2 ratings,N/A
KMPH,$18.7335,1440511925935,"9,894",100% bearish,of 2 ratings,$22
KERX,$5.62,1440511926020,"137,417",82% bullish,of 11 ratings,$12
GMCR,$52.055,1440511926154,"323,452",71% bullish,of 42 ratings,$64
KFFB,$8.59,1440511926183,300,100% bearish,of 1 rating,N/A
KEQU,$16.7,1440511926284,300,100% bullish,of 1 rating,N/A
KTEC,NULL,1440511926354,0,Not yet rated,NULL,N/A
KE,$11.2,1440511926413,"7,290",67% bearish,of 3 ratings,$16
KBAL,$10.515,1440511926511,"8,691",50% bullish,of 2 ratings,N/A
KFRC,$26.18,1440511926538,"31,604",100% bullish,of 2 ratings,$29
KTCC,$9.879,1440511926678,"2,246",100% bearish,of 1 rating,$16
KGJI,$0.65,1440511926908,"3,900",89% bullish,of 9 ratings,N/A
KIN,$5.53,1440511926933,600,50% bullish,of 2 ratings,$6.25
KINS,$8.3676,1440511926982,"1,002",100% bullish,of 1 rating,N/A
KONE,$4.02,1440511927075,"2,323",Not yet rated,NULL,N/A
KIRK,$22.555,1440511927213,"35,515",50% bullish,of 2 ratings,$32
KITE,$50.27,1440511927271,"112,811",89% bullish,of 9 ratings,$85
KLXI,$38.35,1440511927310,"70,192",100% bearish,of 1 rating,$49.50
KZ,$6.42,1440511927337,"90,307",60% bearish,of 5 ratings,N/A
KLAC,$48.82,1440511927363,"306,494",100% bearish,of 1 rating,$61.50
