Symbol,Price,Date,Volume,Rating,RatingVoteCount,OneYearEstimate
TFSC,NULL,1440882602700,0,100% bearish,of 1 rating,N/A
TFSCW,$0.21,1440882602726,"1,300",100% bearish,of 1 rating,N/A
TFSCR,NULL,1440882602754,0,Not yet rated,NULL,N/A
FCCY,$11.54,1440882602777,933,100% bullish,of 1 rating,$13
FLWS,$8.91,1440882602798,"687,314",80% bullish,of 5 ratings,$15
PIH,$7.54,1440882602823,"9,402",100% bearish,of 1 rating,N/A
SRCE,$29.44,1440882602857,"29,029",100% bullish,of 3 ratings,$33
TFSCU,NULL,1440882602877,0,Not yet rated,NULL,N/A
USLV,$12.45,1440882603073,"242,677",86% bullish,of 7 ratings,N/A
VNET,$18.05,1440882603114,"541,289",60% bullish,of 5 ratings,$35
DGLD,$81.1,1440882603136,"16,958",100% bullish,of 1 rating,N/A
FCTY,$7.96,1440882603157,"3,400",100% bullish,of 1 rating,$8.50
JOBS,$27.019,1440882603195,"69,549",50% bullish,of 4 ratings,$36
UGLD,$9.31,1440882603227,"340,880",100% bearish,of 1 rating,N/A
TWOU,$34.99,1440882603252,"129,143",50% bullish,of 2 ratings,$39
DSLV,$69.51,1440882603293,"9,311",100% bearish,of 1 rating,N/A
SIXD,$2.72,1440882603660,"111,232",Not yet rated,NULL,N/A
ABAX,$47.89,1440882603687,"108,826",100% bearish,of 1 rating,$60
CAFD,$15.0196,1440882603709,"242,552",Not yet rated,NULL,$25
ABY,$23.04,1440882603739,"423,555",100% bearish,of 2 ratings,$46
SHLM,$34.06,1440882603760,"65,672",100% bearish,of 1 rating,$47
AVHI,$13.96,1440882603794,"12,911",100% bearish,of 1 rating,$19
EGHT,$7.84,1440882603815,"384,316",82% bullish,of 17 ratings,$11
AAON,$20.51,1440882603836,"107,410",100% bearish,of 1 rating,$24
ACTG,$9.43,1440882603970,"194,247",67% bullish,of 3 ratings,$18.50
AXAS,$1.92,1440882604004,"949,481",78% bullish,of 9 ratings,$3.50
ABEO,$4.82,1440882604065,"47,964",50% bullish,of 4 ratings,$15.50
ACHC,$74.2503,1440882604105,"344,347",50% bullish,of 2 ratings,$92
ABEOW,$1.83,1440882604130,"2,361",100% bullish,of 1 rating,N/A
ABGB,$5.71,1440882604158,"37,255",67% bullish,of 3 ratings,$5.50
ABMD,$98.23,1440882604195,"317,770",75% bullish,of 4 ratings,$100.50
ACAD,$38.17,1440882604445,"436,567",80% bullish,of 20 ratings,$48
ACST,$0.3694,1440882604471,"9,260",100% bullish,of 2 ratings,N/A
AXDX,$19.1,1440882604514,"112,407",100% bearish,of 1 rating,N/A
ANCX,$20.01,1440882604602,"20,165",Not yet rated,NULL,$20
ACRX,$4.24,1440882604630,"310,833",67% bearish,of 6 ratings,$5.50
VXDN,$1.96,1440882604650,"24,710",100% bearish,of 1 rating,N/A
VXUP,$1.6,1440882604682,"49,457",100% bearish,of 1 rating,N/A
XLRN,$29.71,1440882604707,"89,309",50% bullish,of 2 ratings,$57
ARAY,$6.77,1440882604836,"691,224",100% bearish,of 1 rating,$10.50
ACHN,$7.76,1440882604938,"1,462,742",90% bullish,of 21 ratings,$16
ACET,$22.76,1440882605022,"83,357",75% bullish,of 4 ratings,$30
ACNB,$19.85,1440882605055,"4,210",Not yet rated,NULL,N/A
AKAO,$6.99,1440882605076,"38,455",75% bullish,of 4 ratings,$15
ACIW,$21.38,1440882605097,"288,136",67% bearish,of 3 ratings,$24
ACOR,$32.73,1440882605136,"557,265",67% bearish,of 3 ratings,$38.50
ACTS,$1.6,1440882605228,"49,648",100% bearish,of 1 rating,N/A
ACPW,$1.81,1440882605381,"38,604",100% bullish,of 4 ratings,$3.50
ATVI,$29.28,1440882605409,"135,594,206",68% bullish,of 84 ratings,$31.50
ACUR,$2.83,1440882605430,"48,939",100% bullish,of 5 ratings,$1
ACTA,$14.02,1440882605451,"90,621",67% bearish,of 3 ratings,$25
ACXM,$21.15,1440882605486,"258,695",67% bullish,of 3 ratings,N/A
ADMP,$3.69,1440882605613,"11,630",50% bullish,of 2 ratings,$10
ADMS,$20.61,1440882605650,"60,583",100% bearish,of 2 ratings,$36
ADUS,$28.71,1440882605713,"18,242",100% bearish,of 1 rating,$31
ADAP,$11.66,1440882605740,"84,789",67% bullish,of 3 ratings,$22
ADEP,$6.87,1440882605773,"20,312",50% bullish,of 2 ratings,$10.75
AEY,$2.3,1440882605794,"7,434",100% bearish,of 2 ratings,N/A
ADMA,$9.37,1440882605823,"14,766",Not yet rated,NULL,$19
ADTN,$15.7,1440882605961,"386,714",67% bullish,of 3 ratings,$17.125
ADBE,$79.4,1440882606065,"2,177,794",65% bullish,of 17 ratings,$90
ADRO,$20.61,1440882606096,"147,897",80% bullish,of 5 ratings,$45.50
AEIS,$24.42,1440882606137,"174,991",50% bullish,of 2 ratings,$32.50
AMD,$1.85,1440882606197,"6,623,181",83% bullish,of 103 ratings,$2
ADXSW,$10.47,1440882606287,"1,850",100% bullish,of 1 rating,N/A
MULT,NULL,1440882606325,0,100% bearish,of 1 rating,N/A
ADXS,$14.69,1440882606371,"468,415",64% bullish,of 14 ratings,$27
YPRO,$22.79,1440882606404,"3,532",100% bearish,of 1 rating,N/A
AEGN,$18.28,1440882606504,"94,812",100% bearish,of 2 ratings,$21
AEHR,$2.27,1440882606531,"2,346",50% bullish,of 2 ratings,N/A
AERI,$16.49,1440882606572,"376,040",75% bullish,of 4 ratings,$31.50
AEGR,$17.66,1440882606676,"331,111",50% bullish,of 6 ratings,$26
AMTX,$3.11,1440882606702,"28,001",50% bullish,of 2 ratings,$26.11
AEPI,$53.89,1440882606727,"11,740",100% bearish,of 1 rating,N/A
AVAV,$24,1440882606760,"75,229",50% bullish,of 4 ratings,$31
AEZS,$0.088,1440882607028,"10,110,751",90% bullish,of 21 ratings,$1.50
AGEN,$7.26,1440882607112,"602,072",85% bullish,of 13 ratings,$14
AFMD,$10.43,1440882607156,"107,629",50% bullish,of 4 ratings,$15
AFFX,$9.48,1440882607184,"279,489",80% bullish,of 5 ratings,$12.50
AGRX,$9.16,1440882607205,"22,184",100% bearish,of 1 rating,$17.50
AEMD,$6.95,1440882607242,"91,259",Not yet rated,NULL,$27.50
AGIO,$90.62,1440882607263,"186,340",88% bullish,of 8 ratings,$114
AGYS,$10.21,1440882607284,"23,032",100% bearish,of 1 rating,N/A
AGFSW,$1.95,1440882607495,"8,300",100% bearish,of 2 ratings,N/A
AGFS,$10.1318,1440882607521,"137,593",100% bearish,of 1 rating,N/A
AIRM,$37.86,1440882607555,"199,407",80% bearish,of 5 ratings,$53
AIRT,$22.16,1440882607651,376,100% bullish,of 1 rating,N/A
AIMT,$21.11,1440882607678,"136,933",Not yet rated,NULL,N/A
AKAM,$71.9,1440882607825,"1,710,795",63% bullish,of 8 ratings,$77
AKBA,$7,1440882607853,"105,064",100% bearish,of 1 rating,$18
AMCN,$4.59,1440882607874,"108,503",83% bullish,of 6 ratings,N/A
AIXG,$6.38,1440882607910,"27,231",67% bearish,of 3 ratings,$5.25
ALRM,$16.8,1440882607931,"126,608",100% bearish,of 1 rating,$22
ATSG,$8.95,1440882607952,"126,980",67% bullish,of 3 ratings,$13
AKER,$2.48,1440882608089,"28,755",Not yet rated,NULL,N/A
AKRX,$41.03,1440882608121,"401,819",78% bullish,of 9 ratings,$56
ALSK,$2.15,1440882608151,"235,932",78% bullish,of 18 ratings,$2
AMRI,$20.6,1440882608226,"158,563",75% bearish,of 4 ratings,$24
ABDC,$12.83,1440882608251,"24,564",Not yet rated,NULL,$15
ALCO,$42.25,1440882608497,"5,313",50% bullish,of 2 ratings,N/A
ALDR,$38.61,1440882608519,"186,540",67% bearish,of 3 ratings,$62
ADHD,$7.94,1440882608583,"131,054",50% bullish,of 4 ratings,$18
ALDX,$7.06,1440882608605,"18,445",100% bearish,of 1 rating,$14.50
ALXA,$1.13,1440882608626,"13,227",83% bullish,of 6 ratings,$2.125
ALIM,$3.44,1440882608667,"27,203",80% bullish,of 5 ratings,$10
ALXN,$178.86,1440882608691,"1,012,132",88% bullish,of 8 ratings,$223
ALGN,$57.27,1440882608767,"244,131",100% bearish,of 2 ratings,$73
ALGT,$208.41,1440882608864,"150,284",100% bearish,of 2 ratings,$235
ALLB,$22.72,1440882608895,797,Not yet rated,NULL,N/A
ALKS,$62.0942,1440882608922,"542,032",67% bullish,of 3 ratings,$75
AIQ,$14.35,1440882609116,"6,903",67% bullish,of 3 ratings,N/A
AFOP,$19.05,1440882609174,"104,154",75% bullish,of 8 ratings,$21
AHPI,$1.44,1440882609200,"1,714",50% bullish,of 2 ratings,N/A
AHGP,$36.41,1440882609258,"89,083",67% bullish,of 3 ratings,N/A
MDRX,$13.8,1440882609286,"810,640",60% bullish,of 5 ratings,$16
ALLT,$5.42,1440882609307,"187,497",75% bullish,of 4 ratings,$6.25
AMOT,$18.85,1440882609328,"86,927",100% bearish,of 1 rating,N/A
ARLP,$25.32,1440882609370,"280,083",67% bearish,of 3 ratings,$32
ALQA,$4.4,1440882609465,"19,390",75% bullish,of 4 ratings,$8.50
AFAM,$45.43,1440882609535,"41,778",50% bullish,of 2 ratings,$44
ALNY,$109.1,1440882609595,"357,082",67% bullish,of 3 ratings,$148.50
AOSL,$7.31,1440882609620,"49,947",67% bullish,of 3 ratings,$9
SMCP,NULL,1440882609677,0,Not yet rated,NULL,N/A
AMRN,$2.23,1440882609881,"1,409,147",85% bullish,of 39 ratings,$8
ALTR,$48.61,1440882609908,"1,182,479",80% bearish,of 5 ratings,$54
ASPS,$25.48,1440882609929,"184,857",67% bullish,of 3 ratings,$46.50
AIMC,$24.94,1440882609972,"71,616",100% bearish,of 2 ratings,$28.50
ATEC,$0.54,1440882609993,"81,514",100% bullish,of 1 rating,$2
AMBC,$15.61,1440882610063,"222,561",100% bearish,of 1 rating,$16.50
AMAG,$65.85,1440882610089,"315,677",100% bullish,of 2 ratings,$77.50
AMRK,$10.28,1440882610128,"2,016",50% bullish,of 2 ratings,$14
AMZN,$519.59,1440882610221,"1,553,310",81% bullish,of 264 ratings,$646
AYA,$20.7,1440882610259,"10,578",100% bearish,of 1 rating,$40
AMBCW,$7.65,1440882610288,"1,012",100% bearish,of 1 rating,N/A
EPAX,$2.69,1440882610422,"86,785",100% bearish,of 1 rating,N/A
AMBA,$96.15,1440882610454,"1,960,685",83% bullish,of 12 ratings,$102.50
AMCX,$73.6,1440882610559,"349,491",67% bullish,of 3 ratings,$87.50
DOX,$57.75,1440882610589,"257,565",67% bearish,of 3 ratings,$60
AMDA,$0.4798,1440882610617,"643,528",90% bullish,of 10 ratings,$1
AMED,$39.09,1440882610652,"188,323",100% bearish,of 1 rating,$42
ATAX,$5.27,1440882610690,"73,836",100% bullish,of 1 rating,$6.50
UHAL,$375.77,1440882610750,"28,990",100% bullish,of 2 ratings,$393.50
ASBI,$22.64,1440882610775,"1,069",Not yet rated,NULL,N/A
AAL,$38.6,1440882610917,"7,110,829",93% bullish,of 88 ratings,$57
AMOV,$18.46,1440882610950,"2,614",100% bearish,of 1 rating,N/A
AGNCB,$24.29,1440882610992,"19,098",Not yet rated,NULL,N/A
AGNCP,$25.34,1440882611050,"6,144",Not yet rated,NULL,N/A
AGNC,$19.36,1440882611091,"1,941,092",71% bullish,of 28 ratings,$22
MTGE,$15.29,1440882611117,"623,994",75% bullish,of 4 ratings,$19.50
MTGEP,$24.5,1440882611192,583,Not yet rated,NULL,N/A
ACSF,$12.38,1440882611251,"29,182",100% bearish,of 1 rating,$15
ACAS,$13.8357,1440882611322,"897,392",60% bullish,of 5 ratings,$16.75
AETI,$3.75,1440882611394,881,67% bearish,of 3 ratings,N/A
ANCI,$1.46,1440882611427,474,100% bearish,of 1 rating,N/A
AMIC,NULL,1440882611448,0,Not yet rated,NULL,N/A
ANAT,$100.8502,1440882611610,"25,880",100% bullish,of 1 rating,N/A
AMNB,$23.29,1440882611642,"4,556",Not yet rated,NULL,$25.50
APEI,$22.36,1440882611668,"59,822",100% bearish,of 1 rating,$25.50
ASEI,$39.03,1440882611755,"21,414",100% bearish,of 1 rating,$52.50
AMSWA,$9.06,1440882611854,"131,254",100% bearish,of 2 ratings,$10.75
ARII,$40.76,1440882611881,"146,168",67% bearish,of 3 ratings,$45
AMRB,$10.05,1440882611935,"2,153",Not yet rated,NULL,$11
AMSC,$4.67,1440882611970,"80,461",50% bullish,of 4 ratings,N/A
AMWD,$66.55,1440882612032,"77,289",50% bullish,of 2 ratings,$70
CRMT,$35.97,1440882612062,"40,468",100% bearish,of 1 rating,$39
ABCB,$26.8,1440882612088,"86,002",Not yet rated,NULL,$31
AMSF,$46.91,1440882612115,"49,852",Not yet rated,NULL,$57.50
ASRV,$3.22,1440882612246,"12,469",100% bullish,of 2 ratings,N/A
ASRVP,NULL,1440882612279,0,Not yet rated,NULL,N/A
AMGN,$155.95,1440882612342,"3,400,173",89% bullish,of 19 ratings,$185
ATLO,$23.59,1440882612373,"4,506",Not yet rated,NULL,N/A
FOLD,$14.87,1440882612475,"612,656",56% bullish,of 9 ratings,$21
AMPH,$13.39,1440882612507,"106,975",50% bullish,of 2 ratings,$20
AMKR,$5.07,1440882612530,"1,277,833",100% bearish,of 2 ratings,$5
AMSG,$80.06,1440882612611,"252,052",100% bearish,of 1 rating,$85.50
ASYS,$5.39,1440882612672,"36,672",67% bullish,of 3 ratings,$12
AFSI,$58.4717,1440882612712,"168,515",60% bullish,of 5 ratings,$72
AMRS,$1.69,1440882612737,"51,285",70% bullish,of 10 ratings,N/A
AMSGP,$149.3,1440882612808,"33,058",Not yet rated,NULL,N/A
ANAC,$135.45,1440882612864,"264,448",80% bullish,of 5 ratings,$180.50
ANAD,$0.33,1440882612940,"133,227",100% bullish,of 2 ratings,$.50
ADI,$56.45,1440882612968,"2,245,427",67% bullish,of 3 ratings,$69
ALOG,$80.27,1440882612997,"65,588",100% bearish,of 2 ratings,$100.50
ABCW,$40.28,1440882613146,"7,717",67% bullish,of 3 ratings,N/A
ANCB,$21.98,1440882613172,"29,500",Not yet rated,NULL,$23
ANGI,$5.21,1440882613223,"319,439",64% bullish,of 11 ratings,$5.50
AMCF,$0.22,1440882613248,"1,426",100% bullish,of 7 ratings,N/A
ANGO,$14.67,1440882613316,"69,486",67% bullish,of 3 ratings,$19
ANIK,$35.94,1440882613381,"100,275",60% bullish,of 5 ratings,$51.25
ANIP,$52,1440882613447,"129,189",89% bullish,of 19 ratings,$66
ANSS,$89.74,1440882613478,"244,251",100% bearish,of 1 rating,$100
ANTH,$7.41,1440882613582,"469,427",80% bullish,of 10 ratings,$13
ATRS,$1.79,1440882613607,"332,285",92% bullish,of 12 ratings,$4.50
ABAC,$0.75,1440882613650,"11,927",100% bearish,of 1 rating,N/A
ATNY,$2.26,1440882613751,"4,237",50% bullish,of 2 ratings,$3.75
APOG,$50.82,1440882613778,"111,095",50% bullish,of 2 ratings,$67
APIC,$6.91,1440882613848,"86,505",100% bearish,of 1 rating,$19
AINV,$6.6,1440882613913,"696,100",50% bullish,of 4 ratings,$8
APPF,$16.3,1440882613938,"22,796",50% bullish,of 2 ratings,$22
AAPL,$113.37,1440882613979,"32,540,481",86% bullish,of 2354 ratings,$150
APOL,$11.47,1440882614014,"654,267",87% bearish,of 68 ratings,$14
ARCI,NULL,1440882614130,0,Not yet rated,NULL,N/A
APDN,$3.46,1440882614160,"72,814",Not yet rated,NULL,$9
AGTC,$16.69,1440882614266,"40,739",50% bullish,of 2 ratings,$33
AMCC,$5.77,1440882614296,"326,270",80% bullish,of 5 ratings,$8
AMAT,$15.9916,1440882614324,"7,111,784",82% bullish,of 11 ratings,$23
APDNW,$1.27,1440882614349,"2,254",Not yet rated,NULL,N/A
AAOI,$21.11,1440882614481,"169,287",50% bullish,of 4 ratings,$26
APRI,$1.33,1440882614509,"381,591",83% bullish,of 6 ratings,$4.86
AREX,$2.17,1440882614545,"985,162",100% bearish,of 1 rating,$3
APTO,$5.28,1440882614642,"32,201",Not yet rated,NULL,$17
AQMS,$5.2,1440882614670,"53,706",Not yet rated,NULL,N/A
AQXP,$16.76,1440882614700,"147,931",50% bullish,of 2 ratings,$2
AUMA,$9.89,1440882614725,230,Not yet rated,NULL,N/A
AUMAU,NULL,1440882614749,0,Not yet rated,NULL,N/A
AUMAW,NULL,1440882614896,0,Not yet rated,NULL,N/A
ARDM,NULL,1440882614999,0,100% bullish,of 1 rating,$26
ABUS,$7.36,1440882615024,"240,604",86% bullish,of 14 ratings,$23
PETX,$17.64,1440882615053,"156,925",100% bearish,of 2 ratings,$26
ARCB,$29.04,1440882615156,"134,492",67% bearish,of 3 ratings,$39.50
ARCW,$3.63,1440882615211,"4,066",100% bearish,of 2 ratings,$10.50
ABIO,$0.89,1440882615293,"57,096",50% bullish,of 2 ratings,$3.75
RKDA,$6.36,1440882615323,"9,839",100% bearish,of 2 ratings,$10
ARDX,$18.75,1440882615492,"63,461",50% bullish,of 2 ratings,$24.50
ACGL,$68.1836,1440882615528,"313,921",50% bullish,of 2 ratings,$72
ACAT,$26.55,1440882615549,"114,131",100% bearish,of 3 ratings,$33
ARNA,$2.71,1440882615580,"2,247,385",90% bullish,of 78 ratings,$5.50
ARCC,$15.6189,1440882615602,"1,375,235",67% bearish,of 3 ratings,$17.875
AGII,$54.77,1440882615631,"101,334",Not yet rated,NULL,$59.50
AGIIL,$25.36,1440882615770,"11,027",Not yet rated,NULL,N/A
ARGS,$6.16,1440882615797,"18,498",50% bullish,of 2 ratings,$19.50
ARIS,$3.54,1440882615842,"40,749",Not yet rated,NULL,$4.50
ARIA,$9.65,1440882615871,"22,314,095",87% bullish,of 46 ratings,$9
ARKR,$24.54,1440882615930,604,50% bullish,of 2 ratings,N/A
ARMH,$42.62,1440882615977,"865,391",54% bearish,of 13 ratings,$60
ARTX,$1.45,1440882616121,"63,093",88% bullish,of 16 ratings,$4.50
ARWA,NULL,1440882616156,0,Not yet rated,NULL,N/A
ARWAR,NULL,1440882616187,0,Not yet rated,NULL,N/A
ARWAU,NULL,1440882616208,0,100% bullish,of 1 rating,N/A
ARWAW,NULL,1440882616236,0,Not yet rated,NULL,N/A
ARQL,$1.76,1440882616291,"76,309",75% bullish,of 4 ratings,$5
ARRY,$5.94,1440882616530,"718,947",100% bullish,of 7 ratings,$10
ARRS,$26.82,1440882616869,"723,865",50% bullish,of 2 ratings,$38
AROW,$27.26,1440882616921,"13,804",Not yet rated,NULL,N/A
ARTNA,$22.24,1440882616950,"8,516",100% bearish,of 1 rating,$29
DWAT,$9.98,1440882616975,"2,550",100% bearish,of 1 rating,N/A
ARWR,$5.77,1440882617050,"437,585",75% bullish,of 4 ratings,$10.50
ASNA,$12,1440882617179,"3,325,555",50% bullish,of 2 ratings,$18
ASBB,$24.2,1440882617215,191,Not yet rated,NULL,N/A
ARTW,$4.27,1440882617236,"1,665",75% bearish,of 4 ratings,N/A
ASTI,$0.1027,1440882617277,"1,274,925",83% bullish,of 6 ratings,$3
ASCMA,$27.4,1440882617306,"54,550",100% bearish,of 1 rating,$45
ASND,$19.17,1440882617331,"58,087",50% bullish,of 2 ratings,$30
APWC,$1.91,1440882617364,"1,704",100% bearish,of 1 rating,N/A
ASMI,NULL,1440882617389,0,NULL,NULL,NULL
ASML,$91.98,1440882617539,"376,653",50% bullish,of 4 ratings,$127
AZPN,$37.9,1440882617607,"471,280",50% bullish,of 2 ratings,$42
ASMB,$13.33,1440882617633,"40,085",67% bullish,of 3 ratings,N/A
ASFI,$8.9,1440882617840,"6,440",100% bullish,of 1 rating,N/A
ALOT,$13.97,1440882617874,"5,000",100% bearish,of 1 rating,N/A
ASTE,$37.12,1440882617895,"59,288",100% bearish,of 1 rating,$48
ASTC,$2.07,1440882617934,"13,827",100% bullish,of 5 ratings,N/A
ATRO,$52.84,1440882617968,"104,448",100% bearish,of 2 ratings,$80
ATRA,$40.22,1440882618029,"86,077",50% bullish,of 2 ratings,$68
ASUR,$5.97,1440882618062,"1,342",50% bullish,of 2 ratings,$8
ATAI,$2.53,1440882618083,"5,759",100% bearish,of 1 rating,N/A
ATHX,$1.15,1440882618172,"150,153",89% bullish,of 9 ratings,$5
AFCB,$26.58,1440882618210,43,Not yet rated,NULL,N/A
ATHN,$134.56,1440882618239,"144,558",67% bearish,of 3 ratings,$153
AAPC,$10.1,1440882618304,524,Not yet rated,NULL,N/A
AAME,$3.51,1440882618336,"1,614",Not yet rated,NULL,N/A
ACFC,$5.59,1440882618519,"23,302",100% bearish,of 1 rating,$6.50
ATNI,$71.89,1440882618621,"30,836",100% bearish,of 1 rating,$69.50
ATLC,$3.82,1440882618655,"1,000",67% bullish,of 3 ratings,N/A
AAWW,$41.57,1440882618676,"344,090",50% bullish,of 2 ratings,$65
ATML,$8.21,1440882618706,"5,323,862",78% bullish,of 9 ratings,$9.50
ATOS,$0.76,1440882618755,"146,526",100% bullish,of 7 ratings,$7
ATTU,$13.2582,1440882618837,"43,316",100% bearish,of 1 rating,$20.50
ATRI,$390.57,1440882618908,"1,710",Not yet rated,NULL,N/A
ATRC,$25.5,1440882618984,"75,032",100% bullish,of 1 rating,$30
ATRM,$2.83,1440882619042,"5,169",50% bullish,of 2 ratings,N/A
AFH,$16.25,1440882619067,"45,444",Not yet rated,NULL,$21.50
LIFE,$14.79,1440882619099,"59,987",86% bullish,of 7 ratings,$43
AUBN,$26.68,1440882619124,652,Not yet rated,NULL,N/A
AUDC,$3.34,1440882619198,"41,046",80% bullish,of 5 ratings,$5
AUPH,$3.03,1440882619336,"48,213",100% bearish,of 1 rating,$8
EARS,$4.86,1440882619358,"61,876",100% bearish,of 2 ratings,$11.50
ADAT,$0.2901,1440882619390,"286,619",100% bullish,of 2 ratings,N/A
ABTL,$17.48,1440882619432,"56,816",100% bullish,of 4 ratings,$20.25
ADP,$78.41,1440882619462,"1,833,355",100% bearish,of 1 rating,$88
AVGO,$127.49,1440882619562,"2,365,644",88% bullish,of 8 ratings,$165
ADSK,$47.52,1440882619587,"7,664,747",67% bullish,of 6 ratings,$69.50
AAVL,$10.78,1440882619751,"281,210",100% bearish,of 1 rating,$20
AVNU,$12.35,1440882619886,"4,686",Not yet rated,NULL,$14
AVEO,$1.42,1440882619946,"525,234",75% bullish,of 8 ratings,$3
AVNW,$1.13,1440882619972,"120,526",50% bullish,of 2 ratings,$2.20
AVID,$8.51,1440882620022,"262,047",100% bearish,of 1 rating,$20
CAR,$43.59,1440882620303,"772,875",80% bullish,of 5 ratings,$60
AWRE,$3.18,1440882620336,"9,746",67% bullish,of 3 ratings,N/A
ACLS,$3.17,1440882620357,"211,572",67% bullish,of 6 ratings,$4.75
AVGR,$14.96,1440882620378,"28,648",100% bearish,of 1 rating,$20
AXPW,$1.06,1440882620420,"50,386",83% bullish,of 6 ratings,N/A
AXTI,$2.2,1440882620441,"30,041",50% bullish,of 2 ratings,$2.75
AXGN,$4.88,1440882620462,"266,524",Not yet rated,NULL,$5
AXPWW,NULL,1440882620482,0,Not yet rated,NULL,N/A
BCOM,$18.86,1440882620639,80,100% bearish,of 1 rating,N/A
BOSC,$2.17,1440882620665,"2,700",50% bullish,of 2 ratings,N/A
BEAV,$49.39,1440882620698,"564,180",67% bearish,of 3 ratings,$59
RILY,NULL,1440882620722,0,Not yet rated,NULL,N/A
BIDU,$152.41,1440882620954,"2,202,325",81% bullish,of 88 ratings,$210
BCPC,$58.23,1440882620985,"129,590",100% bearish,of 1 rating,$75
BANF,$59.87,1440882621015,"10,874",Not yet rated,NULL,$68
BWINA,NULL,1440882621036,0,Not yet rated,NULL,N/A
BANFP,NULL,1440882621067,0,Not yet rated,NULL,N/A
BKMU,$7.2,1440882621088,"106,117",Not yet rated,NULL,$8
BLDP,$1.28,1440882621120,"333,343",91% bullish,of 22 ratings,$2.50
BMRC,$47.78,1440882621320,"6,078",Not yet rated,NULL,$52
BKSC,$16.38,1440882621350,"1,895",Not yet rated,NULL,N/A
BOCH,$5.75,1440882621371,"7,098",Not yet rated,NULL,$6.50
BOTJ,$10.93,1440882621392,51,Not yet rated,NULL,N/A
BWINB,$23.05,1440882621424,"5,630",Not yet rated,NULL,N/A
BFIN,$11.98,1440882621697,"805,971",Not yet rated,NULL,$13
BWFG,$17.89,1440882621728,"86,221",100% bearish,of 1 rating,N/A
OZRK,$41.65,1440882621791,"340,296",67% bullish,of 3 ratings,$49.50
BANR,$43.67,1440882621829,"52,487",100% bullish,of 3 ratings,$50
BZUN,$5.29,1440882621895,"324,008",50% bullish,of 2 ratings,$11.50
BHAC,$9.81,1440882621961,400,Not yet rated,NULL,N/A
BHACR,NULL,1440882622022,0,Not yet rated,NULL,N/A
TAPR,$31.36,1440882622055,"1,065",100% bearish,of 1 rating,N/A
BHACU,NULL,1440882622161,0,Not yet rated,NULL,N/A
BHACW,NULL,1440882622248,0,Not yet rated,NULL,N/A
BBSI,$35.46,1440882622292,"44,948",67% bearish,of 3 ratings,$62.50
BSET,$28.97,1440882622385,"65,844",100% bearish,of 1 rating,$35
BYBK,$4.88,1440882622419,"12,262",100% bearish,of 1 rating,N/A
BYLK,$12.75,1440882622520,"3,944",Not yet rated,NULL,$14
BV,$5.16,1440882622549,"390,911",67% bullish,of 6 ratings,$9
BBCN,$14.41,1440882622575,"235,503",100% bearish,of 1 rating,$16
BCBP,$11.51,1440882622651,"2,786",Not yet rated,NULL,N/A
BDCV,$4.92,1440882622788,"8,428",100% bearish,of 1 rating,$10.19
BECN,$35.38,1440882622873,"319,053",50% bullish,of 2 ratings,$40
BSF,$8.56,1440882622899,"14,316",Not yet rated,NULL,N/A
BBGI,$4.07,1440882622976,514,100% bearish,of 1 rating,N/A
BEBE,$1.35,1440882623216,"2,507,789",75% bullish,of 4 ratings,$3.075
BBBY,$62.32,1440882623540,"1,490,780",71% bullish,of 7 ratings,$75
BELFA,$16.95,1440882623566,24,100% bearish,of 1 rating,N/A
BLPH,$5.04,1440882623699,"6,129",100% bearish,of 1 rating,$12.50
BELFB,$17.97,1440882623729,"23,081",100% bearish,of 1 rating,N/A
BNTC,$7.9937,1440882623767,"46,904",100% bullish,of 1 rating,N/A
BLCM,$17.34,1440882623828,"156,508",50% bullish,of 4 ratings,$40
BGMD,$0.7251,1440882623856,"219,421",100% bullish,of 10 ratings,N/A
BNFT,$36.35,1440882623885,"83,611",67% bullish,of 3 ratings,$46
BNCL,$12.42,1440882623989,"203,255",100% bullish,of 3 ratings,$12.50
BGCP,$8.735,1440882624023,"654,941",88% bullish,of 8 ratings,$14
BASI,$1.6,1440882624123,"3,810",Not yet rated,NULL,N/A
BGFV,$11.1,1440882624149,"86,024",57% bullish,of 7 ratings,$12
ORPN,$5.97,1440882624192,"20,587",100% bullish,of 1 rating,$28.50
BIOC,$1.98,1440882624225,"102,773",83% bullish,of 6 ratings,$3.85
BCDA,NULL,1440882624246,0,Not yet rated,NULL,N/A
BIND,$4.45,1440882624380,"49,598",75% bullish,of 4 ratings,$13.50
BIIB,$303.69,1440882624626,"1,407,281",88% bullish,of 16 ratings,$400
BCRX,$11.42,1440882624679,"314,110",63% bullish,of 8 ratings,$18
BDSI,$6.87,1440882624710,"493,039",88% bullish,of 8 ratings,$17
BIOD,$0.6435,1440882624731,"49,279",80% bullish,of 5 ratings,$4
BVXV,$3.6325,1440882624766,"2,361",Not yet rated,NULL,N/A
BIOL,$1.43,1440882624787,"19,466",Not yet rated,NULL,N/A
BLFS,$1.98,1440882624809,"21,237",100% bearish,of 1 rating,$4.75
BMRN,$132.0147,1440882624846,"575,644",80% bullish,of 5 ratings,$160
BPTH,$1.11,1440882624950,"55,103",100% bullish,of 2 ratings,$5
BRLI,NULL,1440882624981,0,NULL,NULL,NULL
BVXVW,$0.7,1440882625012,300,100% bearish,of 1 rating,N/A
BLRX,$1.53,1440882625038,"208,226",100% bullish,of 12 ratings,$5
BIOS,$2.46,1440882625076,"689,760",71% bullish,of 7 ratings,$4
BBC,$31.95,1440882625122,"9,881",Not yet rated,NULL,N/A
BBP,$33.4,1440882625261,"19,508",Not yet rated,NULL,N/A
BSTC,$52.12,1440882625724,"40,800",100% bearish,of 1 rating,$76
BEAT,$14.67,1440882625987,"218,630",67% bearish,of 3 ratings,$15
BSPM,$0.67,1440882626013,"65,101",50% bullish,of 2 ratings,N/A
TECH,$96.5,1440882626054,"280,906",100% bullish,of 1 rating,$117
BITI,$17.095,1440882626144,"19,344",100% bullish,of 1 rating,$28
BBOX,$15.07,1440882626186,"96,363",100% bearish,of 1 rating,N/A
BOTA,$2.18,1440882626217,"25,205",88% bullish,of 8 ratings,N/A
BDE,$7.5,1440882626287,"75,507",50% bullish,of 2 ratings,$9
BJRI,$44.26,1440882626319,"170,972",50% bullish,of 2 ratings,$55
BDMS,$12.64,1440882626347,84,100% bearish,of 1 rating,N/A
BLKB,$57.86,1440882626374,"156,655",100% bearish,of 2 ratings,$66
HAWK,$40.26,1440882626445,"239,630",91% bullish,of 11 ratings,$49
BBRY,$7.32,1440882626634,"3,500,684",61% bullish,of 330 ratings,$9
ADRA,$27.5,1440882626719,"2,800",100% bearish,of 1 rating,N/A
ADRD,$22.21,1440882626747,"11,305",100% bearish,of 1 rating,N/A
BKCC,$9.304,1440882626769,"302,275",50% bullish,of 2 ratings,$10
ADRE,$30.08,1440882626935,"10,155",100% bearish,of 1 rating,N/A
ADRU,$21.9113,1440882627016,"1,280",100% bearish,of 1 rating,N/A
BCOR,$13.81,1440882627121,"189,735",57% bullish,of 7 ratings,$15
BLMN,$20.51,1440882627151,"1,243,002",83% bullish,of 6 ratings,$27.50
BHBK,$13.84,1440882627178,"32,621",100% bullish,of 1 rating,$14.50
BBLU,$0.78,1440882627207,"112,994",100% bullish,of 2 ratings,$4.43
BLBD,$11.96,1440882627259,"9,660",Not yet rated,NULL,N/A
BUFF,$26.31,1440882627306,"184,065",83% bullish,of 12 ratings,$31.50
NILE,$34.3,1440882627488,"81,168",50% bullish,of 2 ratings,$34
BKEPP,$7.61,1440882628339,"6,200",100% bearish,of 1 rating,N/A
BLUE,$137.47,1440882628365,"296,264",71% bullish,of 7 ratings,$217.50
BKEP,$6.34,1440882628391,"19,498",100% bearish,of 1 rating,$8.50
BPMC,$26.84,1440882629051,"69,527",50% bullish,of 2 ratings,$47.50
BOJA,$21.44,1440882629157,"58,055",100% bullish,of 1 rating,$30
BOFI,$117.62,1440882629186,"213,540",100% bullish,of 6 ratings,$144
BOBE,$43.6,1440882629213,"117,836",75% bullish,of 4 ratings,$57
WIFI,$7.62,1440882629290,"145,572",50% bullish,of 2 ratings,$13.50
BOKF,$62.3925,1440882629346,"164,013",100% bearish,of 1 rating,$69
BNSO,$1.31,1440882629376,630,100% bearish,of 1 rating,N/A
BNCN,$20.56,1440882629431,"117,776",Not yet rated,NULL,$24
BONA,$11.64,1440882629482,"107,333",75% bullish,of 4 ratings,$8.50
BPFH,$11.79,1440882629517,"250,539",100% bearish,of 1 rating,$14
BPFHP,$24.85,1440882629544,"11,250",100% bearish,of 1 rating,N/A
BAMM,$3.1,1440882629572,"24,796",60% bullish,of 5 ratings,N/A
BPFHW,$5.15,1440882629620,"3,330",100% bearish,of 1 rating,N/A
EPAY,$26.94,1440882629708,"177,935",100% bearish,of 2 ratings,$30
BDBD,$8.39,1440882629736,"451,957",60% bullish,of 5 ratings,$10
BCLI,$3.04,1440882629815,"50,501",80% bullish,of 5 ratings,$12
BBRG,$12.72,1440882630007,"69,040",67% bullish,of 3 ratings,$14.50
BDGE,$26.21,1440882630049,"17,166",Not yet rated,NULL,$31.75
BBEPP,$13.4,1440882630134,"61,890",100% bearish,of 1 rating,N/A
BCOV,$5.32,1440882630169,"68,688",67% bullish,of 3 ratings,$10.20
BLIN,$1.36,1440882630190,"5,087",100% bullish,of 2 ratings,$2.20
BBEP,$2.94,1440882630233,"2,796,108",69% bullish,of 13 ratings,$5.625
BRCM,$51.79,1440882630260,"2,529,830",75% bullish,of 12 ratings,$56
BSFT,$31.63,1440882630291,"88,378",57% bullish,of 7 ratings,$40.50
BRID,NULL,1440882630389,0,100% bearish,of 1 rating,N/A
BYFC,$1.36,1440882630491,"5,967",50% bullish,of 2 ratings,N/A
BWEN,$3.18,1440882630565,"34,309",100% bullish,of 3 ratings,$8
BVSN,$6.01,1440882630592,"13,669",60% bearish,of 5 ratings,N/A
BRCD,$10.553,1440882630621,"2,104,384",92% bullish,of 13 ratings,$11.50
BRKS,$10.41,1440882630663,"127,627",67% bullish,of 3 ratings,$15.25
BRKL,$10.51,1440882630695,"272,340",100% bearish,of 1 rating,$10.75
BRKR,$18.4692,1440882630841,"392,981",100% bearish,of 2 ratings,$22
BLMT,$20.6,1440882630869,"11,270",Not yet rated,NULL,N/A
BMTC,$29.2,1440882630897,"98,064",Not yet rated,NULL,$34
BSQR,$6.15,1440882630918,"55,497",67% bullish,of 3 ratings,N/A
BLDR,$14.48,1440882631052,"484,766",67% bullish,of 3 ratings,$22
BWLD,$194.06,1440882631078,"166,257",82% bullish,of 11 ratings,$205
CFFI,$36.19,1440882631103,"7,589",100% bearish,of 1 rating,N/A
BUR,$1.74,1440882631128,"6,743",100% bearish,of 1 rating,$8
CHRW,$67.2467,1440882631300,"1,365,634",Not yet rated,NULL,$72
CA,$27.26,1440882631330,"2,293,564",50% bullish,of 4 ratings,$33
CCMP,$43.53,1440882631356,"79,642",50% bullish,of 2 ratings,$59
CDZI,$8.14,1440882631492,"84,491",100% bearish,of 1 rating,N/A
CACQ,$7.53,1440882631522,"56,359",100% bearish,of 1 rating,$12.25
CSTE,$40.5,1440882631543,"114,834",50% bullish,of 2 ratings,$65
CZR,$9.17,1440882631565,"738,436",60% bearish,of 5 ratings,$10.50
CDNS,$20.14,1440882631597,"1,265,237",75% bullish,of 4 ratings,$22.50
CLMS,$10.61,1440882631787,"65,837",Not yet rated,NULL,$10.50
CLBS,$1.44,1440882631814,"118,591",79% bullish,of 14 ratings,$4
PRSS,$4.55,1440882631845,"10,528",80% bullish,of 5 ratings,$4.50
CHY,$11.47,1440882631867,"160,991",Not yet rated,NULL,N/A
CHI,$10.6,1440882631945,"101,782",100% bearish,of 1 rating,N/A
CCD,$19.38,1440882632002,"81,611",Not yet rated,NULL,N/A
CFGE,NULL,1440882632028,0,Not yet rated,NULL,N/A
CHW,$7.64,1440882632049,"278,918",100% bearish,of 1 rating,N/A
CAMP,$16.59,1440882632191,"249,483",88% bullish,of 8 ratings,$25
CSQ,$9.96,1440882632221,"222,801",Not yet rated,NULL,N/A
CGO,$12.01,1440882632247,"13,619",100% bearish,of 1 rating,N/A
CVGW,$59.23,1440882632383,"104,521",50% bullish,of 2 ratings,$58.50
CALA,$5.78,1440882632416,"350,686",100% bullish,of 3 ratings,$19.50
CALD,$15.94,1440882632441,"214,263",100% bearish,of 1 rating,$21
CFNB,$13.31,1440882632512,301,100% bearish,of 1 rating,N/A
CALM,$50.25,1440882632583,"273,365",80% bullish,of 5 ratings,$65
CLMT,$26.1156,1440882632610,"157,345",75% bullish,of 8 ratings,$31
CAMB,$9.95,1440882632641,"3,000",Not yet rated,NULL,N/A
CAMBU,NULL,1440882632688,0,100% bearish,of 1 rating,N/A
ABCD,$5.28,1440882632742,"155,994",83% bullish,of 6 ratings,N/A
CAMBW,NULL,1440882632820,0,Not yet rated,NULL,N/A
CSIQ,$18.9253,1440882632957,"1,536,120",86% bullish,of 28 ratings,$42.50
CAMT,$2.72,1440882633007,"11,795",73% bullish,of 11 ratings,$4
CAC,$40.25,1440882633032,"5,351",Not yet rated,NULL,N/A
CGIX,$9.96,1440882633059,"20,078",67% bullish,of 3 ratings,$14.375
CPHC,$10.3,1440882633252,"1,608",100% bearish,of 1 rating,N/A
CBNJ,$11.09,1440882633274,"17,605",100% bullish,of 1 rating,N/A
CPLA,$49.2,1440882633354,"111,385",67% bearish,of 3 ratings,$65
CBF,$29.0025,1440882633408,"163,441",Not yet rated,NULL,$32
CPLP,$6.85,1440882633429,"246,034",71% bullish,of 7 ratings,$11
CCBG,$14.99,1440882633487,"18,070",Not yet rated,NULL,$17.25
CSWC,$45.86,1440882633514,"14,727",Not yet rated,NULL,N/A
CPTA,$13.69,1440882633536,"45,514",100% bearish,of 1 rating,$18.50
CFFN,$12.03,1440882633708,"444,730",Not yet rated,NULL,$12.75
CAPN,$2.27,1440882633740,"216,917",100% bullish,of 1 rating,$10.85
CAPR,$4.28,1440882633766,"3,636",Not yet rated,NULL,$12
CAPNW,NULL,1440882633790,0,Not yet rated,NULL,N/A
CPST,$0.4182,1440882633847,"1,396,611",95% bullish,of 22 ratings,$1.25
CARA,$19.25,1440882633979,"104,767",50% bullish,of 4 ratings,$25
CARB,$11.28,1440882634050,"80,399",75% bullish,of 4 ratings,$12
CRDC,$0.37,1440882634114,"98,459",100% bullish,of 1 rating,$1.25
CBYL,$5.38,1440882634142,"28,815",100% bearish,of 1 rating,$20
CFNL,$21.88,1440882634169,"97,527",Not yet rated,NULL,$24
CSII,$24.24,1440882634198,"97,779",100% bearish,of 2 ratings,$42.125
CRME,$8.86,1440882634219,"6,283",89% bullish,of 9 ratings,$11.25
CDNA,$6.86,1440882634374,"9,849",100% bearish,of 1 rating,$9
CATM,$34.65,1440882634413,"145,056",100% bearish,of 1 rating,$44
CTRE,$11.32,1440882634506,"366,158",50% bullish,of 2 ratings,$13.50
CECO,$3.78,1440882634532,"325,880",67% bearish,of 3 ratings,$6
CKEC,$23.45,1440882634577,"112,092",50% bullish,of 2 ratings,$35.915
CLBH,$12.7,1440882634672,"1,504",Not yet rated,NULL,$16.50
CARO,$15.52,1440882634766,686,100% bearish,of 1 rating,$19
CART,$5.35,1440882634826,"1,687",100% bearish,of 1 rating,N/A
CRZO,$35.27,1440882634857,"1,680,807",67% bearish,of 3 ratings,$55
CRTN,$2.49,1440882634882,"4,420",100% bearish,of 1 rating,N/A
CARV,$7,1440882634908,"3,573",50% bullish,of 2 ratings,N/A
TAST,$12.68,1440882634957,"294,920",Not yet rated,NULL,$14.25
CASM,$1.13,1440882635047,"169,953",100% bullish,of 1 rating,$3.50
CACB,$5.28,1440882635084,"28,460",Not yet rated,NULL,$5.50
CSCD,$14.97,1440882635109,"29,328",100% bullish,of 2 ratings,$17
CWST,$6.25,1440882635179,"94,168",50% bullish,of 2 ratings,$7.25
CASY,$106.08,1440882635249,"164,558",50% bullish,of 2 ratings,$99.50
CASI,$1.45,1440882635275,"16,210",100% bullish,of 1 rating,$3.50
CPRX,$3.64,1440882635439,"252,829",71% bullish,of 7 ratings,$7
CASS,$48.74,1440882635466,"12,195",100% bearish,of 1 rating,N/A
CATYW,NULL,1440882635495,0,100% bearish,of 1 rating,N/A
CATB,$12.3,1440882635536,"12,584",100% bearish,of 1 rating,$28
CATY,$29.47,1440882635564,"526,220",100% bearish,of 1 rating,$33.50
CVCO,$71.58,1440882635624,"22,860",100% bearish,of 1 rating,N/A
CAVM,$68.35,1440882635654,"259,220",67% bearish,of 3 ratings,$72
CBFV,$20.23,1440882635713,"1,904",Not yet rated,NULL,$25
CNLM,$9.92,1440882635751,"5,100",Not yet rated,NULL,N/A
CNLMR,NULL,1440882635779,0,Not yet rated,NULL,N/A
CNLMU,NULL,1440882635911,0,100% bullish,of 1 rating,N/A
CNLMW,NULL,1440882636092,0,Not yet rated,NULL,N/A
CDK,$49.69,1440882636123,"401,908",67% bearish,of 3 ratings,$50
CBOE,$63.82,1440882636153,"270,550",Not yet rated,NULL,$60
CDW,$39.95,1440882636178,"682,521",75% bullish,of 4 ratings,$44
CECE,$9.72,1440882636222,"43,721",50% bullish,of 2 ratings,$16
CPXX,$2.09,1440882636253,"73,775",100% bullish,of 2 ratings,$7
CLDX,$15.36,1440882636309,"795,869",89% bullish,of 9 ratings,$36
CELG,$123.72,1440882636355,"3,113,278",92% bullish,of 13 ratings,$155.50
CELGZ,$1.84,1440882636414,130,80% bullish,of 5 ratings,N/A
CLRB,$3.07,1440882636487,"3,191",100% bearish,of 1 rating,N/A
CLRBW,NULL,1440882636517,0,Not yet rated,NULL,N/A
CLSN,$2.06,1440882636734,"73,145",80% bullish,of 10 ratings,$7.50
CBMG,$23.56,1440882636760,"38,037",50% bullish,of 2 ratings,N/A
CLLS,$33.23,1440882636793,"43,557",75% bullish,of 4 ratings,$51.50
CLTX,$2.42,1440882636837,"133,553",100% bullish,of 2 ratings,N/A
CLDN,$1.11,1440882636965,"380,623",71% bullish,of 7 ratings,$3
CYAD,NULL,1440882636997,0,100% bullish,of 1 rating,$87.50
CEMP,$35.8,1440882637018,"347,148",71% bullish,of 7 ratings,$52
CFBK,$1.37,1440882637096,"2,096",Not yet rated,NULL,N/A
CETX,$2.36,1440882637148,"4,400",Not yet rated,NULL,$5.60
CENT,$12.18,1440882637183,"51,466",Not yet rated,NULL,$10
CETV,$2.14,1440882637219,"134,612",67% bullish,of 3 ratings,$2.80
CSFL,$13.59,1440882637249,"87,153",Not yet rated,NULL,$15
CVCY,$11.26,1440882637319,"19,319",Not yet rated,NULL,$12
CENTA,$12.55,1440882637348,"406,884",Not yet rated,NULL,N/A
CENX,$5.51,1440882637423,"2,154,129",67% bullish,of 6 ratings,$9
CNBKA,$41.6,1440882637518,"1,243",50% bullish,of 2 ratings,N/A
CNTY,$5.65,1440882637672,"30,032",80% bullish,of 5 ratings,$7.75
CPHD,$50.36,1440882637708,"387,374",67% bearish,of 3 ratings,$66.50
CRNT,$1.43,1440882637740,"82,256",50% bullish,of 2 ratings,$2
CERS,$4.85,1440882637776,"305,160",75% bullish,of 4 ratings,$7
CERE,$1.14,1440882637839,"230,627",88% bullish,of 8 ratings,N/A
CERU,$3.78,1440882637868,"42,073",75% bullish,of 4 ratings,$15
CERN,$63.13,1440882637896,"1,747,634",67% bullish,of 3 ratings,$79
KOOL,$0.67,1440882638030,"40,840",100% bullish,of 5 ratings,$7
CYOU,$20.64,1440882638062,"99,352",50% bullish,of 6 ratings,$24
CEVA,$19.13,1440882638087,"98,749",100% bearish,of 1 rating,$25
HOTR,$1.42,1440882638113,"119,259",100% bullish,of 2 ratings,$5
HOTRW,NULL,1440882638164,0,Not yet rated,NULL,N/A
CTHR,$1.3,1440882638312,"7,326",50% bullish,of 2 ratings,$2.50
GTLS,$24.36,1440882638382,"352,866",50% bullish,of 4 ratings,$40
CHTR,$180.1921,1440882638409,"506,492",100% bearish,of 2 ratings,$196
CHKP,$78.7204,1440882638571,"690,963",50% bullish,of 4 ratings,$92
CHEKW,NULL,1440882638600,0,Not yet rated,NULL,N/A
CHEK,$2.1,1440882638625,"3,047",Not yet rated,NULL,$7.75
CHFN,$12.38,1440882638656,"17,917",Not yet rated,NULL,$14
CEMI,$4.25,1440882638678,"18,500",50% bullish,of 2 ratings,$7.50
CHFC,$31.4,1440882638732,"83,177",100% bearish,of 1 rating,$36
CCXI,$6.5,1440882638815,"58,200",67% bullish,of 3 ratings,$14
CHMA,$25.42,1440882638973,"56,946",Not yet rated,NULL,$40
CHEV,$14.42,1440882639002,"2,230",Not yet rated,NULL,N/A
CHMG,$26.15,1440882639029,520,Not yet rated,NULL,$30
CHKE,$25.46,1440882639051,"11,637",100% bearish,of 1 rating,$32.50
CBNK,$16.25,1440882639113,"7,266",100% bearish,of 1 rating,N/A
PLCE,$59.63,1440882639186,"171,366",100% bearish,of 1 rating,$69
CMRX,$50.48,1440882639465,"233,277",50% bullish,of 2 ratings,$57
CALI,$0.89,1440882639596,"13,298",67% bullish,of 3 ratings,N/A
CADC,NULL,1440882639652,0,78% bullish,of 9 ratings,N/A
CBAK,$2.02,1440882639675,"47,677",67% bullish,of 9 ratings,N/A
CBPO,$99.9369,1440882639702,"135,210",75% bullish,of 8 ratings,$140.50
CAAS,$6.55,1440882639727,"22,438",93% bullish,of 14 ratings,$11.50
CCCL,$0.783,1440882639755,"8,319",100% bullish,of 6 ratings,N/A
CCCR,$0.79,1440882639969,"1,440",67% bearish,of 3 ratings,N/A
CHLN,$1.99,1440882640003,"5,524",67% bullish,of 3 ratings,N/A
JRJC,$3.64,1440882640035,"75,212",82% bullish,of 11 ratings,N/A
CHOP,$1.16,1440882640056,"3,443",50% bullish,of 2 ratings,N/A
HGSH,$1.81,1440882640101,"5,114",67% bullish,of 3 ratings,N/A
CJJD,$1.87,1440882640129,"12,291",100% bullish,of 1 rating,N/A
HTHT,$25.57,1440882640192,"81,705",50% bullish,of 2 ratings,$28.40
CNIT,$1.37,1440882640219,"110,498",67% bullish,of 6 ratings,N/A
CHNR,$1.57,1440882640433,"4,716",100% bearish,of 1 rating,N/A
CREG,$0.7,1440882640464,"37,457",100% bullish,of 3 ratings,N/A
CXDC,$5.72,1440882640531,"37,730",67% bearish,of 3 ratings,N/A
CPGI,NULL,1440882640557,0,Not yet rated,NULL,N/A
CSUN,$1.48,1440882640585,"12,166",80% bullish,of 5 ratings,N/A
CNTF,$0.804,1440882640610,"91,538",Not yet rated,NULL,N/A
CCIH,$7.31,1440882640811,"195,215",67% bullish,of 6 ratings,$12.65
CNYD,$3.35,1440882640843,"14,299",67% bullish,of 3 ratings,N/A
CNET,$0.898,1440882640870,"40,200",50% bullish,of 2 ratings,N/A
IMOS,$18.56,1440882640913,"157,340",60% bullish,of 5 ratings,$21.50
CHSCM,$26.12,1440882640942,"14,760",Not yet rated,NULL,N/A
CHSCN,$27.27,1440882641000,"2,175",Not yet rated,NULL,N/A
CHSCO,$28.31,1440882641043,"2,888",Not yet rated,NULL,N/A
CHSCP,$30.51,1440882641203,"4,500",Not yet rated,NULL,N/A
CHSCL,$27.01,1440882641231,"14,960",Not yet rated,NULL,N/A
CHDN,$133.5,1440882641265,"100,896",Not yet rated,NULL,$165
CHUY,$31.57,1440882641295,"143,174",50% bullish,of 2 ratings,$34
CDTX,$14.67,1440882641360,"15,045",Not yet rated,NULL,$22
CIFC,$7.04,1440882641386,"4,824",100% bearish,of 1 rating,N/A
CMCT,$15.3899,1440882641631,200,100% bearish,of 1 rating,N/A
CMPR,$73.46,1440882641662,"272,387",50% bullish,of 2 ratings,$72.50
CINF,$52.79,1440882641683,"561,411",50% bullish,of 4 ratings,$50.50
CIDM,$0.5736,1440882641716,"95,380",50% bullish,of 2 ratings,$2.10
CPHR,$5.33,1440882641765,"49,892",100% bearish,of 1 rating,$17
CTAS,$85.3785,1440882641815,"330,304",100% bearish,of 1 rating,$91
CZNC,$19.84,1440882642134,"9,181",Not yet rated,NULL,N/A
CSCO,$26.02,1440882642186,"21,265,874",84% bullish,of 209 ratings,$32
CTRN,$26.73,1440882642222,"81,046",100% bearish,of 1 rating,$31.50
CRUS,$30.21,1440882642243,"732,197",75% bullish,of 12 ratings,$44.50
CZFC,NULL,1440882642264,0,Not yet rated,NULL,N/A
CZWI,$8.97,1440882642285,974,Not yet rated,NULL,N/A
CIZN,$19.33,1440882642307,"2,439",Not yet rated,NULL,N/A
CTXS,$68.69,1440882642350,"1,229,256",86% bullish,of 7 ratings,$80
CIVBP,$33.21,1440882642527,353,Not yet rated,NULL,N/A
CDTI,$1.61,1440882642553,"54,168",75% bullish,of 4 ratings,$3.20
CHCO,$47.25,1440882642574,"42,647",Not yet rated,NULL,$46
CIVB,$10.07,1440882642604,"6,435",Not yet rated,NULL,$11
CLNE,$5.18,1440882642625,"972,530",80% bullish,of 15 ratings,$9
CLFD,$17.21,1440882642861,"38,655",67% bullish,of 3 ratings,$18
CLIR,$4.67,1440882642893,"79,948",100% bullish,of 3 ratings,N/A
CLRO,$11.51,1440882642922,"4,079",50% bullish,of 2 ratings,$14.25
CSBK,$13.62,1440882642954,"66,040",Not yet rated,NULL,N/A
CLNT,$1.5,1440882642976,"17,654",75% bullish,of 8 ratings,N/A
CBLI,$3.8,1440882643001,"30,681",60% bullish,of 5 ratings,N/A
CLVS,$80.54,1440882643038,"406,345",60% bullish,of 5 ratings,$101.50
CMFN,$11.17,1440882643063,"26,820",100% bearish,of 1 rating,$15.50
CCNE,$16.98,1440882643218,"9,188",50% bullish,of 2 ratings,$21.50
CME,$94.62,1440882643272,"1,009,749",67% bullish,of 3 ratings,$102
CISG,$7.81,1440882643297,"67,936",100% bullish,of 5 ratings,$10
CNV,$4.43,1440882643472,"28,444",50% bullish,of 2 ratings,$7.15
CDRB,$13.97,1440882643512,"24,525",67% bullish,of 3 ratings,N/A
COKE,$157.56,1440882643562,"23,920",79% bullish,of 19 ratings,N/A
COBZ,$12.84,1440882643598,"40,728",100% bullish,of 1 rating,$14
CWAY,$11.11,1440882643627,"4,726",Not yet rated,NULL,N/A
CDXS,$3.8,1440882643655,"19,698",64% bullish,of 11 ratings,$6
CCOI,$27.46,1440882643703,"445,468",50% bullish,of 4 ratings,$35
CVLY,$20.32,1440882643736,722,Not yet rated,NULL,N/A
JVA,$4.63,1440882643843,"11,572",83% bullish,of 6 ratings,$7
CGNT,$1.53,1440882643872,"56,889",100% bullish,of 2 ratings,$2
CGNX,$35.49,1440882643903,"359,217",50% bullish,of 2 ratings,$47
CTSH,$63.72,1440882644000,"2,758,536",90% bullish,of 10 ratings,$75
COHR,$57.83,1440882644029,"78,704",50% bullish,of 2 ratings,$72
CHRS,$28.98,1440882644205,"79,672",67% bearish,of 3 ratings,$37
COHU,$9.65,1440882644241,"127,716",100% bearish,of 1 rating,$14.25
CLCT,$18.27,1440882644272,"26,386",100% bearish,of 1 rating,N/A
COLL,$15.34,1440882644308,"40,817",100% bearish,of 1 rating,$26
CLRX,$0.54,1440882644336,"44,213",50% bullish,of 2 ratings,N/A
CIGI,$43.29,1440882644363,"40,937",100% bearish,of 1 rating,$52
CBAN,$8.75,1440882644388,"1,516",Not yet rated,NULL,N/A
COLB,$30.05,1440882644537,"150,126",Not yet rated,NULL,$36
COLM,$60.64,1440882644614,"88,479",100% bearish,of 1 rating,$71
CMCO,$18.73,1440882644642,"73,520",60% bullish,of 5 ratings,$28
CBMX,$1.1,1440882644714,"19,525",83% bullish,of 6 ratings,$3.15
CMCSA,$56.77,1440882644742,"7,743,132",66% bullish,of 35 ratings,$69.50
CLCD,$6.63,1440882644824,"68,876",100% bearish,of 1 rating,$20.50
CMCSK,$57.62,1440882644850,"1,941,868",Not yet rated,NULL,$84
CBSH,$44.5989,1440882644875,"229,533",50% bullish,of 2 ratings,$46
CBSHP,$25.42,1440882645034,"26,034",100% bearish,of 1 rating,N/A
CVGI,$4.96,1440882645060,"43,835",50% bullish,of 2 ratings,$6
CUBN,NULL,1440882645100,0,Not yet rated,NULL,N/A
COMM,$31.9,1440882645131,"725,355",67% bearish,of 3 ratings,$35
ESXB,$5.06,1440882645202,"3,468",Not yet rated,NULL,N/A
JCS,$8.61,1440882645230,"7,525",67% bullish,of 3 ratings,N/A
CSAL,$20.6041,1440882645257,"433,349",75% bullish,of 4 ratings,$30
CWBC,$6.7,1440882645546,"1,519",Not yet rated,NULL,N/A
CIZ,$33.45,1440882645594,"1,507",100% bearish,of 1 rating,N/A
CVLT,$35.7,1440882645627,"499,857",75% bullish,of 4 ratings,$44.50
CYHHZ,$0.01,1440882645648,"76,000",100% bullish,of 1 rating,N/A
CTBI,$34.87,1440882645669,"53,139",Not yet rated,NULL,$36
COB,$10.44,1440882645703,"13,253",100% bullish,of 1 rating,$11.75
CIL,NULL,1440882645728,0,Not yet rated,NULL,N/A
CFO,$35.63,1440882645939,"150,250",100% bearish,of 1 rating,N/A
CSA,NULL,1440882645971,0,Not yet rated,NULL,N/A
CID,NULL,1440882645993,0,Not yet rated,NULL,N/A
CDC,$34.78,1440882646025,"3,743",Not yet rated,NULL,N/A
CSF,$36.75,1440882646049,"4,489",100% bearish,of 1 rating,N/A
CFA,$35.7,1440882646082,900,100% bearish,of 1 rating,N/A
CDL,NULL,1440882646126,0,Not yet rated,NULL,N/A
CGEN,$5.2,1440882646316,"49,804",50% bullish,of 2 ratings,$11
CSB,$32.92,1440882646345,200,Not yet rated,NULL,N/A
CTG,$6.51,1440882646374,"63,423",100% bearish,of 1 rating,$8.50
CPSI,$45.63,1440882646474,"70,148",100% bearish,of 1 rating,$45.50
SCOR,$53.74,1440882646507,"303,382",100% bearish,of 1 rating,$66
CHCI,$0.65,1440882646602,"20,669",50% bullish,of 2 ratings,N/A
CNSI,$18.77,1440882646628,"63,344",100% bearish,of 2 ratings,$29
CMTL,$25.29,1440882646658,"132,707",100% bearish,of 2 ratings,$37
CNAT,$4.05,1440882646688,"58,100",83% bullish,of 6 ratings,$13
CNCE,$15.95,1440882646789,"103,480",75% bullish,of 4 ratings,$22
CDORO,$18.95,1440882646815,"1,200",100% bearish,of 1 rating,N/A
CXRX,$75.05,1440882646865,"5,908",100% bearish,of 1 rating,$90
CCUR,$5.46,1440882646895,"80,309",75% bullish,of 4 ratings,N/A
CDOR,$1.35,1440882646950,"4,361",100% bullish,of 1 rating,N/A
CDORP,$7,1440882646997,400,100% bearish,of 1 rating,N/A
CNFR,$10.18,1440882647185,"11,241",Not yet rated,NULL,N/A
CFMS,$19.77,1440882647214,"86,468",Not yet rated,NULL,$27
CNMD,$53.23,1440882647239,"80,020",Not yet rated,NULL,$59
CTWS,$34.5,1440882647269,"20,376",100% bearish,of 1 rating,$44
CNOB,$19.01,1440882647293,"42,656",100% bullish,of 1 rating,$23.50
CNXR,$6.93,1440882647374,"72,869",100% bearish,of 1 rating,$12
CONN,$29.44,1440882647437,"528,417",67% bullish,of 3 ratings,$48.50
CNSL,$19.76,1440882647539,"196,877",100% bearish,of 1 rating,$23
CTCT,$25.04,1440882647597,"195,271",67% bullish,of 3 ratings,$37
CWCO,$10.94,1440882647630,"91,573",67% bullish,of 3 ratings,$14.50
CFRX,$5.08,1440882647657,"7,722",Not yet rated,NULL,$14
CPSS,$5.6,1440882647684,"22,982",100% bullish,of 1 rating,$10
CFRXW,$1.95,1440882647728,"2,650",100% bearish,of 1 rating,N/A
CFRXZ,$0.599,1440882647826,600,Not yet rated,NULL,N/A
CTRV,$3.68,1440882647958,"4,034",Not yet rated,NULL,$6.40
CTRL,$8.97,1440882647989,"133,195",50% bullish,of 2 ratings,$11
CRBP,$1.92,1440882648010,"146,083",100% bullish,of 2 ratings,$6.25
CPRT,$34.99,1440882648045,"286,933",67% bearish,of 3 ratings,$40
CORT,$5.18,1440882648091,"216,538",67% bullish,of 3 ratings,$12
CORE,$59.67,1440882648150,"118,215",100% bearish,of 1 rating,$72
CSOD,$36.17,1440882648301,"273,201",50% bullish,of 2 ratings,$42
BVA,$3.75,1440882648336,627,50% bullish,of 2 ratings,N/A
CRVL,$30.91,1440882648362,"28,940",100% bearish,of 1 rating,N/A
CORI,$10.45,1440882648387,"37,147",100% bearish,of 1 rating,$18
CSGP,$181.38,1440882648432,"68,173",50% bullish,of 2 ratings,$235
COSI,$1.17,1440882648457,"158,610",100% bullish,of 1 rating,N/A
COST,$140.29,1440882648523,"1,445,606",79% bullish,of 24 ratings,$154.50
ICBK,$18.11,1440882648664,228,Not yet rated,NULL,$21
CPAH,$0.4301,1440882648692,"2,700",50% bullish,of 2 ratings,N/A
CVTI,$23.51,1440882648718,"93,135",67% bearish,of 3 ratings,$39
COVS,$2.7,1440882648749,"62,906",67% bullish,of 3 ratings,N/A
COWN,$5.23,1440882648775,"635,563",75% bullish,of 4 ratings,$7
COWNL,$26.65,1440882648847,"2,100",Not yet rated,NULL,N/A
CPSH,$2.18,1440882649019,"1,167",Not yet rated,NULL,N/A
CBRL,$145.82,1440882649048,"142,127",50% bullish,of 2 ratings,$155
CRAI,$22.05,1440882649074,"27,938",100% bearish,of 1 rating,$36
BREW,$7.97,1440882649108,"39,101",67% bullish,of 6 ratings,$15
CRAY,$20.41,1440882649130,"251,324",83% bullish,of 6 ratings,$38.50
CACC,$197.5495,1440882649159,"34,208",50% bullish,of 2 ratings,$158.50
GLDI,$11.01,1440882649205,"3,640",100% bearish,of 1 rating,N/A
SLVO,$10.04,1440882649348,"2,848",100% bearish,of 1 rating,N/A
CREE,$26.99,1440882649402,"801,140",65% bullish,of 17 ratings,$29.50
CROX,$14.52,1440882649485,"662,990",63% bullish,of 8 ratings,$16.50
CRTO,$43.1,1440882649518,"295,607",67% bullish,of 6 ratings,$64
CRESY,$10.35,1440882649590,"27,734",100% bearish,of 1 rating,$19
CCRN,$14.14,1440882649619,"142,037",100% bearish,of 1 rating,$14.25
CRDS,$1,1440882649652,"42,738",75% bullish,of 4 ratings,$4.50
CRWS,$8.07,1440882649686,"4,508",Not yet rated,NULL,$10
CRWN,$4.47,1440882649717,"38,249",75% bullish,of 4 ratings,N/A
CYRXW,$0.83,1440882649744,200,Not yet rated,NULL,N/A
CYRX,$2.885,1440882649819,"11,794",Not yet rated,NULL,$9
CCLP,$15.38,1440882649951,"30,912",67% bearish,of 3 ratings,$20
CSGS,$31.14,1440882649976,"222,878",Not yet rated,NULL,$40
CSPI,$5.71,1440882650001,516,67% bullish,of 3 ratings,N/A
CTIC,$1.6,1440882650168,"646,597",84% bullish,of 76 ratings,$5.75
CTCM,$1.83,1440882650193,"114,360",80% bearish,of 5 ratings,$3.90
CUI,$5.32,1440882650342,"29,604",50% bullish,of 2 ratings,$10
CTRP,$71.1413,1440882650369,"1,216,212",75% bullish,of 8 ratings,$93
CUNB,$21.18,1440882650391,"14,251",Not yet rated,NULL,$24.50
CMLS,$1.42,1440882650412,"374,324",50% bullish,of 4 ratings,$6
CTIB,$3.63,1440882650455,"3,890",100% bearish,of 1 rating,N/A
CRIS,$2.59,1440882650546,"166,862",100% bullish,of 8 ratings,$6
CPIX,$6.04,1440882650576,"5,828",Not yet rated,NULL,N/A
CVBF,$16,1440882650627,"493,743",Not yet rated,NULL,$18
CUTR,$14.46,1440882650675,"32,831",67% bearish,of 3 ratings,$18
CYAN,$7.6,1440882650761,"2,172",100% bearish,of 1 rating,N/A
CVV,$10.97,1440882650823,"7,294",100% bullish,of 5 ratings,N/A
CYBE,$6.76,1440882650994,"22,725",100% bearish,of 1 rating,N/A
CYBX,$67,1440882651024,"196,566",50% bullish,of 4 ratings,$71.50
CYCC,$0.55,1440882651045,"63,851",73% bullish,of 11 ratings,N/A
CYCCP,NULL,1440882651083,0,100% bearish,of 1 rating,N/A
CYBR,$52.4,1440882651105,"680,705",75% bullish,of 8 ratings,$66
CYNO,$31.41,1440882651176,"137,063",67% bearish,of 3 ratings,$45.50
CBAY,$2.63,1440882651201,"56,866",100% bullish,of 1 rating,$4
CYNA,$16.17,1440882651243,"27,144",50% bullish,of 2 ratings,$31.50
CY,$10.09,1440882651375,"2,674,911",80% bullish,of 10 ratings,$15.50
CYRN,$1.7,1440882651400,"29,421",67% bullish,of 3 ratings,$4
CONE,$32.3,1440882651426,"247,421",67% bearish,of 3 ratings,$35.50
CYTK,$7,1440882651447,"180,145",71% bullish,of 14 ratings,$13.50
CTSO,$6.89,1440882651580,"27,244",Not yet rated,NULL,$15.625
CYTX,$0.315,1440882651662,"2,360,173",83% bullish,of 12 ratings,$5.50
CYTR,$2.39,1440882651694,"318,266",67% bullish,of 6 ratings,$10
DAEG,$0.35,1440882651727,"11,063",100% bearish,of 1 rating,N/A
TVIZ,$19.51,1440882651797,"3,315",100% bearish,of 1 rating,N/A
XIV,$27,1440882651825,"18,307,444",75% bearish,of 4 ratings,N/A
ZIV,$40.01,1440882651846,"153,112",Not yet rated,NULL,N/A
TVIX,$13.35,1440882651880,"14,107,659",81% bullish,of 16 ratings,N/A
DJCO,$191.42,1440882651990,502,Not yet rated,NULL,N/A
DARA,$0.86,1440882652103,"24,822",83% bullish,of 6 ratings,$1.50
DAIO,$2.49,1440882652133,"4,973",Not yet rated,NULL,N/A
DAKT,$8.64,1440882652159,"421,544",50% bullish,of 2 ratings,$12
DTLK,$5.85,1440882652207,"72,201",100% bearish,of 1 rating,$9
DRAM,$1.28,1440882652240,"16,449",78% bullish,of 9 ratings,N/A
DWCH,$5.26,1440882652339,"21,471",75% bullish,of 4 ratings,$8.25
PLAY,$34.43,1440882652365,"121,342",100% bullish,of 5 ratings,$42
DTEA,$13.15,1440882652493,"48,592",100% bearish,of 2 ratings,$24
DBVT,$41.26,1440882652557,"32,497",100% bearish,of 1 rating,$53
DWSN,$4.54,1440882652583,"13,558",67% bullish,of 3 ratings,N/A
TRAK,$62.85,1440882652611,"645,671",50% bullish,of 2 ratings,$62.50
DHRM,$1.48,1440882652653,"7,227",Not yet rated,NULL,N/A
DFRG,$14.59,1440882652758,"99,897",100% bearish,of 1 rating,$20
TACOW,$4.05,1440882652786,"18,932",100% bullish,of 1 rating,N/A
TACO,$13.1236,1440882652822,"97,042",75% bullish,of 4 ratings,$20
DCTH,$0.4003,1440882652921,"122,121",78% bullish,of 9 ratings,N/A
DGAS,$20.12,1440882652948,"3,626",67% bearish,of 3 ratings,N/A
DELTW,NULL,1440882652975,0,Not yet rated,NULL,N/A
DELT,$2.52,1440882653002,"6,000",Not yet rated,NULL,N/A
DENN,$11.48,1440882653141,"411,859",100% bullish,of 3 ratings,$15
DEPO,$28.38,1440882653242,"492,842",60% bullish,of 5 ratings,$29
XRAY,$53.26,1440882653273,"455,198",100% bullish,of 1 rating,$58
DSCI,$5.93,1440882653294,"30,721",50% bullish,of 2 ratings,$16
DERM,$27.24,1440882653327,"101,807",100% bearish,of 1 rating,$33.50
DEST,$11.13,1440882653348,"20,183",50% bullish,of 2 ratings,N/A
DSWL,$1.71,1440882653376,"4,300",100% bullish,of 1 rating,N/A
DXCM,$94.3009,1440882653622,"601,324",57% bullish,of 7 ratings,$98
DXLG,$5.62,1440882653651,"88,393",100% bearish,of 1 rating,$8
DHXM,$6.82,1440882653671,"1,035",Not yet rated,NULL,N/A
DXM,$0.26,1440882653692,"140,456",50% bullish,of 2 ratings,N/A
DMND,$29.77,1440882653733,"137,181",75% bullish,of 12 ratings,$32
FANG,$66.56,1440882653754,"945,281",50% bullish,of 2 ratings,$86.50
DHIL,$194.72,1440882653775,"3,494",Not yet rated,NULL,N/A
DCIX,$1.74,1440882653984,"50,106",50% bullish,of 4 ratings,$3.50
DRAD,$3.7,1440882654016,"14,268",100% bullish,of 1 rating,$5.25
DMRC,$37.81,1440882654043,"119,126",100% bearish,of 1 rating,$44
DRNA,$11.13,1440882654116,"76,464",67% bearish,of 3 ratings,$25
DGII,$10.06,1440882654182,"88,413",100% bearish,of 1 rating,$10
DGLY,$8.6,1440882654208,"110,448",50% bullish,of 6 ratings,$20
DCOM,$17.01,1440882654278,"121,317",100% bearish,of 2 ratings,$16.50
APPS,$2.43,1440882654306,"110,613",100% bearish,of 1 rating,$10.25
DIOD,$19.93,1440882654345,"100,117",75% bearish,of 4 ratings,$24
DISCB,NULL,1440882654375,0,100% bearish,of 1 rating,$35
DPRX,$13.52,1440882654510,"8,669",100% bullish,of 2 ratings,$27.75
DISCA,$27.1127,1440882654543,"1,476,936",67% bullish,of 3 ratings,$34
DSCO,$0.42,1440882654607,"233,070",83% bullish,of 6 ratings,$2.75
DISCK,$25.71,1440882654638,"1,450,570",100% bearish,of 1 rating,$32
DVCR,$10.8,1440882654740,"5,362",100% bullish,of 1 rating,N/A
DISH,$59.62,1440882654797,"664,919",69% bullish,of 13 ratings,$73
BAGR,$2.77,1440882654882,"10,502",100% bearish,of 1 rating,$6
DLHC,$2.45,1440882654914,"2,228",100% bearish,of 1 rating,N/A
DGICA,$14.27,1440882655019,"10,088",100% bearish,of 1 rating,$17
DNBF,$25.76,1440882655044,408,Not yet rated,NULL,$27.50
DLTR,$76.7377,1440882655069,"1,695,005",82% bullish,of 11 ratings,$88
DORM,$50.42,1440882655235,"213,968",100% bearish,of 1 rating,$56
DGICB,NULL,1440882655270,0,100% bearish,of 1 rating,N/A
DMLP,$14.39,1440882655296,"9,844",100% bearish,of 1 rating,N/A
HILL,$9.665,1440882655317,"1,225,949",60% bearish,of 5 ratings,$9.75
DRWIW,$0.04,1440882655373,318,Not yet rated,NULL,N/A
DWA,$20.29,1440882655447,"780,239",63% bullish,of 8 ratings,$26
DRWI,$0.21,1440882655506,"608,108",60% bullish,of 5 ratings,$.45
DRYS,$0.44,1440882655581,"3,465,209",77% bullish,of 31 ratings,$.60
DSKX,$3.25,1440882655642,"269,494",100% bullish,of 1 rating,N/A
CADTR,NULL,1440882655711,0,Not yet rated,NULL,N/A
DSPG,$8.55,1440882655763,"86,341",100% bearish,of 1 rating,$13.50
CADT,NULL,1440882655790,0,Not yet rated,NULL,N/A
CADTU,NULL,1440882655840,0,Not yet rated,NULL,N/A
DNKN,$51.69,1440882655938,"615,001",67% bullish,of 15 ratings,$56.50
CADTW,NULL,1440882655983,0,Not yet rated,NULL,N/A
DTSI,$27.07,1440882656009,"64,293",100% bearish,of 2 ratings,$39.50
BOOM,$10.64,1440882656147,"121,109",67% bullish,of 3 ratings,$12
DRRX,$2.1,1440882656182,"174,261",50% bullish,of 6 ratings,$3
DYAX,$23.69,1440882656203,"450,638",89% bullish,of 9 ratings,$30
DXPE,$28.01,1440882656233,"198,401",50% bullish,of 2 ratings,N/A
DYSL,$1.44,1440882656282,"9,241",100% bullish,of 2 ratings,N/A
DVAX,$29.76,1440882656382,"286,822",70% bullish,of 10 ratings,$40
DYNT,$3,1440882656429,"2,521",75% bullish,of 4 ratings,N/A
ETFC,$26.53,1440882656465,"1,656,489",57% bullish,of 14 ratings,$32.50
EBMT,$11.54,1440882656530,"1,076",Not yet rated,NULL,$13.50
EGRX,$83.67,1440882656558,"183,576",67% bullish,of 3 ratings,$97
EGLE,$6.51,1440882656632,"44,799",60% bullish,of 5 ratings,N/A
EGBN,$41.91,1440882656661,"45,548",Not yet rated,NULL,$48
EROC,$1.54,1440882656739,"321,569",50% bullish,of 2 ratings,$3
EWBC,$40.36,1440882656887,"524,091",100% bearish,of 1 rating,$50
ELNK,$8.45,1440882656913,"507,260",60% bullish,of 5 ratings,$9.50
EACQU,NULL,1440882656942,0,Not yet rated,NULL,N/A
EML,$16.47,1440882656984,"7,046",Not yet rated,NULL,N/A
EVBS,$6.6,1440882657012,"16,168",Not yet rated,NULL,$7
EBAY,$27.25,1440882657041,"6,618,106",81% bullish,of 117 ratings,$34
EBIX,$28.21,1440882657145,"195,546",69% bullish,of 13 ratings,$40
ELON,$0.5649,1440882657203,"28,406",50% bullish,of 2 ratings,N/A
ECHO,$23.01,1440882657304,"541,539",67% bearish,of 3 ratings,$35.50
ECTE,$1.46,1440882657336,"3,701",75% bullish,of 4 ratings,N/A
SATS,$44.59,1440882657358,"56,536",50% bullish,of 2 ratings,$60
EEI,$11.15,1440882657386,"3,106",67% bearish,of 3 ratings,N/A
ECACU,$10.1,1440882657430,"3,602",Not yet rated,NULL,N/A
EDAP,$3.6,1440882657534,"25,350",60% bullish,of 5 ratings,$4.50
ESES,$3.22,1440882657561,"2,164",100% bearish,of 1 rating,$7
EDUC,$5.55,1440882657696,"21,651",100% bearish,of 1 rating,N/A
EDGW,$7.01,1440882657728,"10,591",100% bearish,of 1 rating,N/A
EFUT,$4.63,1440882657833,700,Not yet rated,NULL,N/A
EGLT,$10.66,1440882657859,"20,932",50% bullish,of 2 ratings,$21
EGAN,$3.64,1440882657889,"7,806",50% bullish,of 2 ratings,$6.25
EHTH,$14.1,1440882657911,"168,301",50% bullish,of 4 ratings,$16.50
LOCO,$13.72,1440882657948,"1,206,901",77% bullish,of 13 ratings,$20
EMITF,$1.18,1440882657996,"3,474",75% bullish,of 4 ratings,N/A
ESLT,$76.65,1440882658042,"2,915",67% bullish,of 3 ratings,N/A
ERI,$9.7,1440882658184,"144,246",100% bearish,of 1 rating,$10
ELRC,$10.71,1440882658211,"16,406",100% bearish,of 1 rating,N/A
ESIO,$4.43,1440882658232,"140,353",50% bullish,of 2 ratings,$10
EA,$67.91,1440882658366,"2,056,941",77% bullish,of 35 ratings,$80
EFII,$44.09,1440882658401,"127,147",80% bullish,of 5 ratings,$55
ELEC,NULL,1440882658495,0,Not yet rated,NULL,N/A
ELECW,NULL,1440882658528,0,Not yet rated,NULL,N/A
ELECU,NULL,1440882658565,0,Not yet rated,NULL,N/A
ELSE,$3.9999,1440882658624,500,60% bullish,of 5 ratings,N/A
CAPX,$22.93,1440882658654,"13,900",Not yet rated,NULL,N/A
RDEN,$10.95,1440882658717,"74,308",100% bearish,of 4 ratings,$15
EBIO,$3.55,1440882658753,"154,084",100% bearish,of 2 ratings,$8.35
ESBK,$19.66,1440882658822,423,Not yet rated,NULL,N/A
ELTK,$1.34,1440882658903,"144,213",67% bearish,of 3 ratings,N/A
LONG,$17.04,1440882658928,"9,996",67% bullish,of 3 ratings,$15.75
EMCF,$23.06,1440882659069,100,100% bearish,of 1 rating,N/A
EMCI,$23.2,1440882659099,"15,362",Not yet rated,NULL,N/A
EMKR,$7.06,1440882659129,"65,081",75% bullish,of 4 ratings,$8.50
EMMS,$1.12,1440882659159,"136,017",83% bullish,of 6 ratings,N/A
EMMSP,$3,1440882659235,200,100% bearish,of 1 rating,N/A
NYNY,$4.37,1440882659261,"30,167",50% bullish,of 2 ratings,N/A
ERS,$2.83,1440882659419,"6,582",Not yet rated,NULL,N/A
ECPG,$40.13,1440882659446,"153,412",100% bullish,of 2 ratings,$52
ENTA,$41.18,1440882659467,"122,390",50% bullish,of 2 ratings,$42
WIRE,$31.67,1440882659521,"90,127",100% bearish,of 1 rating,$37
ENDP,$78.7,1440882659599,"843,248",50% bullish,of 6 ratings,$104
ELGX,$13.04,1440882659630,"310,868",75% bullish,of 4 ratings,$17
ECYT,$5.28,1440882659656,"159,581",83% bullish,of 6 ratings,$12
WATT,$6.99,1440882659790,"124,032",50% bullish,of 2 ratings,$13
EIGI,$15.55,1440882659816,"197,582",67% bearish,of 3 ratings,$22.50
EFOI,$22,1440882659848,"907,367",50% bullish,of 2 ratings,$20.50
EXXI,$1.83,1440882659947,"2,134,615",86% bullish,of 7 ratings,$3.50
ERII,$2.69,1440882659973,"49,581",80% bullish,of 5 ratings,$2.50
ENG,$1,1440882660104,"10,728",100% bullish,of 3 ratings,N/A
ENOC,$9.35,1440882660158,"300,726",75% bullish,of 4 ratings,$18
ENPH,$4.58,1440882660259,"408,795",75% bullish,of 4 ratings,$11
ESGR,$146.02,1440882660319,"29,141",100% bearish,of 1 rating,$185
ENTG,$13.7,1440882660463,"498,237",100% bearish,of 1 rating,$18
ENTL,$22.19,1440882660647,"11,224",Not yet rated,NULL,$28
EBTC,$21.14,1440882660677,"4,216",Not yet rated,NULL,N/A
ENFC,$17.63,1440882660704,"14,896",Not yet rated,NULL,N/A
ETRM,$0.27,1440882660725,"540,107",69% bearish,of 35 ratings,$1.625
EGT,$2.14,1440882660756,"13,092",100% bullish,of 1 rating,N/A
EFSC,$23.84,1440882660782,"31,437",Not yet rated,NULL,$27
ENVI,$1.85,1440882660970,"22,541",67% bullish,of 3 ratings,N/A
ENZN,$1.05,1440882661002,"191,259",100% bullish,of 9 ratings,N/A
EPZM,$20.1,1440882661035,"274,818",60% bullish,of 5 ratings,$34
ENZY,$9.69,1440882661062,"20,091",67% bullish,of 3 ratings,$9.50
EPIQ,$12.94,1440882661098,"95,473",100% bearish,of 1 rating,$18
PLUS,$76.75,1440882661130,"44,219",50% bullish,of 2 ratings,$88
EPRS,$5.3,1440882661194,"65,326",82% bullish,of 11 ratings,$15
EQIX,$268.78,1440882661362,"317,195",75% bullish,of 4 ratings,$312.50
EQFN,NULL,1440882661392,0,100% bearish,of 1 rating,N/A
EAC,$3.37,1440882661489,"4,106",100% bearish,of 1 rating,$8
ERIC,$9.95,1440882661519,"1,517,001",67% bullish,of 9 ratings,$12.20
ESCA,$18,1440882661589,"15,345",100% bearish,of 1 rating,$22
ERIE,$82.6965,1440882661615,"23,830",Not yet rated,NULL,$73
ESMC,$1.31,1440882661785,"1,148",Not yet rated,NULL,N/A
ESCR,$0.12,1440882661811,"313,269",50% bullish,of 2 ratings,N/A
ESCRP,$1.15,1440882661832,"3,261",100% bearish,of 1 rating,N/A
ESPR,$52.27,1440882661870,"597,174",70% bearish,of 10 ratings,$123
ESND,$34.46,1440882661977,"110,118",100% bearish,of 2 ratings,$40
EPIX,NULL,1440882662008,0,Not yet rated,NULL,N/A
ESSA,$12.81,1440882662040,"2,219",100% bearish,of 1 rating,N/A
ESSX,$0.4461,1440882662108,"121,833",50% bullish,of 2 ratings,N/A
ETSY,$14.82,1440882662136,"411,302",80% bullish,of 5 ratings,$16
CLWT,NULL,1440882662302,0,100% bullish,of 1 rating,N/A
ESEA,$5.37,1440882662364,"3,809",100% bullish,of 1 rating,$15
EVK,$3.75,1440882662404,267,75% bearish,of 4 ratings,N/A
EEFT,$65.62,1440882662432,"156,788",100% bearish,of 1 rating,$67.50
EVOK,$3.75,1440882662464,"45,220",100% bearish,of 1 rating,$13.375
EVEP,$8.27,1440882662497,"378,682",50% bullish,of 2 ratings,$15
EVLV,$2.68,1440882662598,"224,794",60% bullish,of 5 ratings,$5.125
EXA,$11.19,1440882662683,"12,872",100% bearish,of 1 rating,$13
EVOL,$5.98,1440882662734,"4,531",75% bullish,of 4 ratings,$10
EXAS,$22.34,1440882662764,"466,825",78% bullish,of 9 ratings,$31
EXEL,$6.06,1440882662840,"3,042,838",81% bullish,of 16 ratings,$6
EXAC,$18.64,1440882662915,"19,525",100% bearish,of 1 rating,$22.50
EXLS,$36.47,1440882663084,"100,676",50% bullish,of 2 ratings,$41
EXFO,$2.74,1440882663113,"3,109",67% bearish,of 3 ratings,$3.95
EXPE,$116.5217,1440882663147,"591,733",64% bullish,of 11 ratings,$130
EXPO,$42.71,1440882663242,"77,752",100% bearish,of 1 rating,$45.50
EXPD,$49.66,1440882663267,"1,275,347",80% bullish,of 5 ratings,$52
ESRX,$84.46,1440882663334,"2,106,762",67% bearish,of 6 ratings,$101
EXLP,$20.8232,1440882663471,"166,876",100% bearish,of 1 rating,$25
EXTR,$2.85,1440882663492,"441,776",80% bullish,of 5 ratings,$3
EYEGW,NULL,1440882663529,0,Not yet rated,NULL,N/A
EZPW,$5.83,1440882663561,"233,828",50% bullish,of 4 ratings,$7.50
EYEG,$3.63,1440882663586,"8,530",Not yet rated,NULL,N/A
FFIV,$122.97,1440882663636,"535,549",63% bullish,of 8 ratings,$132
EZCH,$22.5819,1440882663661,"100,750",75% bullish,of 8 ratings,$19.50
FB,$90.997,1440882663876,"21,405,623",73% bullish,of 1070 ratings,$111
FCS,$13.71,1440882663905,"593,435",67% bearish,of 3 ratings,$17
FRP,$16.22,1440882664006,"95,097",100% bearish,of 1 rating,$18
FALC,$1.76,1440882664136,"108,050",63% bearish,of 8 ratings,N/A
FFKT,$25.89,1440882664163,"7,909",Not yet rated,NULL,$29
DAVE,$15.36,1440882664187,"17,244",100% bearish,of 1 rating,$15.50
FARM,$22.94,1440882664224,"20,353",100% bearish,of 1 rating,$35
FWM,$2.25,1440882664245,"117,046",100% bearish,of 2 ratings,$3.20
FAST,$38.69,1440882664325,"1,512,410",80% bullish,of 5 ratings,$45.50
FMNB,$8.27,1440882664356,"9,733",Not yet rated,NULL,N/A
FATE,$7.21,1440882664391,"24,853",50% bullish,of 2 ratings,$11
FARO,$38.01,1440882664489,"102,628",50% bullish,of 2 ratings,$48
FBRC,$22.28,1440882664523,"11,421",100% bearish,of 1 rating,$29
FBSS,$15.29,1440882664551,200,Not yet rated,NULL,N/A
FDML,$8.72,1440882664627,"236,899",50% bullish,of 4 ratings,$14
FNHC,$21.79,1440882664686,"82,959",100% bearish,of 1 rating,$35
FENX,$9.97,1440882664887,"142,317",100% bullish,of 1 rating,$14.25
FHCO,$1.37,1440882664931,"24,116",50% bullish,of 4 ratings,N/A
FEIC,$75.72,1440882664961,"219,243",50% bullish,of 2 ratings,$95.50
ONEQ,$189.9,1440882664986,"11,934",100% bullish,of 1 rating,N/A
FCSC,$5.74,1440882665012,"84,641",100% bearish,of 1 rating,$8.125
FGEN,$25,1440882665042,"155,438",100% bearish,of 1 rating,$39
LION,$19.23,1440882665143,"74,002",100% bullish,of 1 rating,$20
FDUS,$14.64,1440882665283,"23,047",50% bullish,of 2 ratings,$18
FSAM,$8.19,1440882665322,"11,024",100% bearish,of 1 rating,$10.25
FSC,$6.45,1440882665343,"607,315",60% bullish,of 5 ratings,$8
FRGI,$52.21,1440882665375,"105,363",50% bullish,of 2 ratings,$70
FSFR,$8.89,1440882665409,"67,547",100% bearish,of 1 rating,$11.50
FSCFL,$24.65,1440882665440,"6,848",Not yet rated,NULL,N/A
FITB,$19.97,1440882665461,"3,708,357",54% bullish,of 13 ratings,$22
FNGN,$33.23,1440882665682,"176,570",67% bullish,of 3 ratings,$47
FITBI,$27.525,1440882665710,"34,706",Not yet rated,NULL,N/A
FISI,$24.52,1440882665767,"15,149",100% bullish,of 2 ratings,$24.50
FNJN,$1.9,1440882665908,"33,173",100% bearish,of 1 rating,$5
FNTCU,NULL,1440882665932,0,Not yet rated,NULL,N/A
FNTC,NULL,1440882665985,0,Not yet rated,NULL,N/A
FNTCW,NULL,1440882666012,0,Not yet rated,NULL,N/A
FEYE,$39.23,1440882666033,"2,069,894",87% bullish,of 15 ratings,$55.50
FNLC,$18.73,1440882666176,"10,936",100% bullish,of 1 rating,N/A
FRBA,$6.08,1440882666212,"1,488",Not yet rated,NULL,$8
BUSE,$6.36,1440882666270,"86,619",Not yet rated,NULL,$6.875
FBNC,$16.95,1440882666304,"17,226",100% bullish,of 1 rating,$20
FNSR,$15.77,1440882666333,"515,888",71% bullish,of 7 ratings,$24.50
FBIZ,$44.1,1440882666438,"28,261",100% bearish,of 2 ratings,$52
FCVA,$4.61,1440882666508,351,Not yet rated,NULL,N/A
FCAP,$26.77,1440882666533,402,Not yet rated,NULL,N/A
FCFS,$39.83,1440882666670,"154,214",100% bearish,of 3 ratings,$48
FCCO,$12,1440882666726,"2,065",Not yet rated,NULL,$13.25
FCBC,$17.49,1440882666758,"17,432",Not yet rated,NULL,$18
FCLF,$9.05,1440882666780,"1,666",Not yet rated,NULL,N/A
FCNCA,$238.6,1440882666815,"15,051",Not yet rated,NULL,N/A
FBNK,$17.21,1440882666857,"22,827",100% bearish,of 1 rating,$17.50
FDEF,$37.44,1440882666922,"34,556",Not yet rated,NULL,$38
FCFP,$6.94,1440882666960,"3,000",Not yet rated,NULL,N/A
FFNM,$6.19,1440882667055,"1,344",Not yet rated,NULL,N/A
FFBCW,NULL,1440882667082,0,100% bearish,of 1 rating,N/A
FFBC,$18.28,1440882667107,"149,353",67% bearish,of 3 ratings,$20.25
THFF,$32.94,1440882667278,"24,402",Not yet rated,NULL,$35
FFIN,$30.67,1440882667305,"141,387",50% bullish,of 2 ratings,$31.75
FFNW,$12.06,1440882667434,"10,423",Not yet rated,NULL,$14
INBK,$30.15,1440882667489,"10,430",50% bullish,of 2 ratings,$37
FRME,$25.92,1440882667510,"130,285",Not yet rated,NULL,$26.50
FFWM,$21.37,1440882667551,"22,466",Not yet rated,NULL,$24
FIBK,$26.22,1440882667573,"81,866",Not yet rated,NULL,$32
FMBH,NULL,1440882667641,0,Not yet rated,NULL,N/A
FNBC,$34.63,1440882667669,"63,076",Not yet rated,NULL,$40
FMBI,$17.43,1440882667693,"263,235",Not yet rated,NULL,$20
FNWB,$11.85,1440882667838,"10,217",Not yet rated,NULL,N/A
FSFG,$30.07,1440882667864,71,Not yet rated,NULL,N/A
FNFG,$9.1568,1440882667925,"1,157,000",80% bullish,of 5 ratings,$9
FSGI,$2.47,1440882668119,"12,130",Not yet rated,NULL,N/A
FBZ,$10.144,1440882668152,600,Not yet rated,NULL,N/A
FSBK,$7.82,1440882668182,"5,412",100% bullish,of 1 rating,N/A
FSLR,$47.8,1440882668208,"1,195,799",72% bullish,of 39 ratings,$65
FTCS,$36.63,1440882668262,"18,232",100% bearish,of 1 rating,N/A
BICK,$19.69,1440882668290,"1,428",100% bullish,of 1 rating,N/A
FCAN,$24.6,1440882668324,"6,052",Not yet rated,NULL,N/A
FV,$23.71,1440882668388,"1,935,175",100% bearish,of 1 rating,N/A
IFV,$17.88,1440882668428,"555,778",100% bearish,of 1 rating,N/A
FCA,$20.44,1440882668491,"2,300",Not yet rated,NULL,N/A
FEMB,NULL,1440882668573,0,Not yet rated,NULL,N/A
FTSM,$59.85,1440882668629,"7,169",100% bearish,of 1 rating,N/A
FEUZ,$31.5,1440882668759,"1,405",Not yet rated,NULL,N/A
TDIV,$24.9,1440882668792,"74,537",100% bearish,of 1 rating,N/A
MDIV,$19.23,1440882668863,"128,525",Not yet rated,NULL,N/A
FGM,$35.58,1440882668888,"2,324",Not yet rated,NULL,N/A
FTGC,$22.39,1440882668917,"76,491",Not yet rated,NULL,N/A
FTHI,$19.5399,1440882669017,640,Not yet rated,NULL,N/A
FHK,$33.3,1440882669088,"2,363",Not yet rated,NULL,N/A
HYLS,$49.53,1440882669113,"35,104",100% bearish,of 1 rating,N/A
FPXI,$27.29,1440882669141,500,Not yet rated,NULL,N/A
YDIV,$16.5742,1440882669176,"3,515",Not yet rated,NULL,N/A
SKYY,$29.18,1440882669271,"46,046",100% bullish,of 1 rating,N/A
CU,$13.21,1440882669296,"7,015",100% bearish,of 1 rating,N/A
FJP,$47.81,1440882669438,"59,841",Not yet rated,NULL,N/A
FTLB,$19.3188,1440882669487,"3,260",100% bearish,of 1 rating,N/A
LMBS,$49.77,1440882669513,"5,298",Not yet rated,NULL,N/A
PLTM,$6.38,1440882669574,"6,702",100% bearish,of 1 rating,N/A
QABA,$37.18,1440882669679,"8,586",100% bearish,of 1 rating,N/A
FMB,$51.23,1440882669705,415,Not yet rated,NULL,N/A
CIBR,$18.04,1440882669735,"51,388",Not yet rated,NULL,N/A
FONE,$35.29,1440882669763,950,Not yet rated,NULL,N/A
QCLN,$15.18,1440882669792,"16,517",Not yet rated,NULL,N/A
GRID,$33.09,1440882669837,705,100% bearish,of 1 rating,N/A
RDVY,$21.17,1440882669891,"2,849",Not yet rated,NULL,N/A
CARZ,$35.05,1440882669992,"1,904",100% bearish,of 1 rating,N/A
QQEW,$42.1,1440882670023,"52,287",Not yet rated,NULL,N/A
QTEC,$40.33,1440882670123,"26,311",Not yet rated,NULL,N/A
QQXT,$40.74,1440882670173,"18,704",Not yet rated,NULL,N/A
AIRR,$16.4,1440882670254,"2,252",100% bearish,of 1 rating,N/A
QINC,$20.2999,1440882670303,663,Not yet rated,NULL,N/A
FKO,NULL,1440882670342,0,Not yet rated,NULL,N/A
FTW,$31.91,1440882670473,230,Not yet rated,NULL,N/A
FTSL,$48.74,1440882670501,"110,156",100% bearish,of 1 rating,N/A
FDIV,$46.09,1440882670522,302,100% bearish,of 1 rating,N/A
FKU,$41.82,1440882670555,"5,183",Not yet rated,NULL,N/A
FSZ,$39.19,1440882670585,"3,866",Not yet rated,NULL,N/A
TUSA,$25.08,1440882670686,300,Not yet rated,NULL,N/A
FUNC,$8.12,1440882670729,"2,091",Not yet rated,NULL,N/A
SVVC,$9.43,1440882670774,"11,779",50% bullish,of 2 ratings,$26
FMER,$17.81,1440882670830,"731,124",50% bullish,of 2 ratings,$20
FSV,$31.41,1440882670908,"12,183",Not yet rated,NULL,$33.60
FISV,$86.78,1440882671048,"802,788",100% bearish,of 3 ratings,$90
FLKS,$12.41,1440882671152,"26,992",50% bullish,of 2 ratings,$27
FIVE,$38.5,1440882671186,"860,602",75% bearish,of 4 ratings,$44
FPRX,$19.37,1440882671207,"177,840",50% bullish,of 2 ratings,$35
FIVN,$4.03,1440882671239,"81,303",100% bullish,of 1 rating,$8.50
FLML,$21.9746,1440882671269,"90,829",50% bullish,of 2 ratings,$30
SKOR,$50.3,1440882671291,"2,349",Not yet rated,NULL,N/A
FLXN,$25.29,1440882671322,"49,036",100% bearish,of 1 rating,$40
FLXS,$32.15,1440882671521,"13,502",100% bearish,of 2 ratings,N/A
MBSD,$25.02,1440882671551,"14,451",Not yet rated,NULL,N/A
FLEX,$10.6,1440882671572,"1,115,185",63% bullish,of 8 ratings,$12
FLIR,$28.57,1440882671602,"1,032,100",100% bearish,of 1 rating,$38.50
FLDM,$11.7,1440882671658,"260,257",67% bearish,of 3 ratings,$15
FFIC,$19.73,1440882671737,"77,431",Not yet rated,NULL,$21
FOGO,$19.23,1440882671832,"34,672",50% bullish,of 2 ratings,$25.50
FES,$0.9409,1440882671892,"94,182",50% bullish,of 2 ratings,$1
FOMX,$10.18,1440882671920,"82,757",50% bullish,of 2 ratings,$23.50
FORM,$6.53,1440882671941,"253,899",67% bullish,of 3 ratings,$10.50
FONR,$9.7,1440882671962,"6,716",100% bullish,of 1 rating,N/A
FORTY,$30.33,1440882672010,"1,000",100% bearish,of 1 rating,N/A
FTNT,$42.96,1440882672103,"603,333",80% bullish,of 10 ratings,$52
FORR,$31.88,1440882672132,"18,396",Not yet rated,NULL,N/A
FBIO,$2.88,1440882672235,"79,815",83% bullish,of 6 ratings,N/A
FWRD,$45.16,1440882672274,"186,984",100% bearish,of 1 rating,$50
FOSL,$61.6,1440882672450,"709,887",60% bearish,of 5 ratings,$80
FORD,$1.66,1440882672479,"1,753,015",67% bullish,of 3 ratings,N/A
FELE,$29.23,1440882672524,"216,658",50% bullish,of 4 ratings,$33
FMI,$23.8,1440882672550,"312,031",100% bearish,of 2 ratings,$27.50
FWP,$27.02,1440882672585,"15,503",100% bearish,of 1 rating,$45
FXCB,$17.02,1440882672623,"34,723",Not yet rated,NULL,$19
FOXF,$15.18,1440882672683,"24,155",100% bearish,of 1 rating,$19
FRAN,$11.17,1440882672709,"366,392",50% bullish,of 4 ratings,$15
FREE,$0.378,1440882672845,"370,595",92% bullish,of 12 ratings,N/A
FRED,$13.06,1440882672879,"248,657",50% bullish,of 2 ratings,$16
RAIL,$20.73,1440882672907,"70,803",100% bearish,of 1 rating,$24.50
FEIM,$11,1440882672933,"3,049",100% bearish,of 1 rating,N/A
FRPT,$13.06,1440882673190,"298,368",67% bearish,of 3 ratings,$23.50
FRPH,$31.17,1440882673224,"5,010",100% bearish,of 1 rating,N/A
FTR,$5.08,1440882673279,"11,162,934",78% bullish,of 27 ratings,$6.25
FSBW,$23.2,1440882673301,991,Not yet rated,NULL,N/A
FTD,$29.27,1440882673330,"102,153",100% bearish,of 1 rating,$40
FSYS,$6.63,1440882673362,"30,772",67% bullish,of 3 ratings,$10
FTEK,$2.04,1440882673385,"51,368",75% bullish,of 4 ratings,N/A
FTRPR,$100.8,1440882673521,"53,474",100% bearish,of 1 rating,N/A
FULL,$3.1,1440882673585,"30,227",67% bearish,of 3 ratings,$4.25
FCEL,$0.8,1440882673611,"1,501,071",88% bullish,of 41 ratings,$2.65
FULLL,$24.9101,1440882673636,200,Not yet rated,NULL,N/A
FLL,$1.51,1440882673661,"10,264",75% bullish,of 4 ratings,$3.50
FULT,$12.08,1440882673795,"624,848",100% bearish,of 1 rating,$13
FXEN,$0.87,1440882673856,"69,159",75% bullish,of 4 ratings,$1.10
FSNN,$2.18,1440882673892,"1,562",67% bullish,of 3 ratings,$6
FFHL,$1.05,1440882673985,"18,397",50% bullish,of 4 ratings,N/A
FXENP,$15.76,1440882674014,"1,000",100% bearish,of 1 rating,N/A
WILC,$4.97,1440882674043,"6,120",100% bullish,of 2 ratings,N/A
GAIA,$5.9,1440882674064,"7,898",50% bullish,of 2 ratings,$8.50
GK,$67.55,1440882674085,"59,942",Not yet rated,NULL,$78
GLPG,$60.49,1440882674222,"13,297",100% bullish,of 1 rating,$75
GALT,$1.96,1440882674355,"30,257",80% bullish,of 5 ratings,N/A
GALTU,NULL,1440882674375,0,100% bearish,of 1 rating,N/A
GALTW,NULL,1440882674408,0,100% bullish,of 1 rating,N/A
GALE,$1.5,1440882674430,"789,696",89% bullish,of 47 ratings,$4
GLMD,$8.81,1440882674451,"11,506",67% bullish,of 3 ratings,$20.50
GLPI,$31.5863,1440882674485,"324,483",100% bearish,of 1 rating,$37.50
GPIC,$9.64,1440882674697,710,100% bearish,of 1 rating,N/A
GGACU,$10.27,1440882674729,"22,044",Not yet rated,NULL,N/A
GRMN,$37.99,1440882674751,"966,815",50% bullish,of 6 ratings,$46.50
GGAC,$9.89,1440882674779,"10,419",100% bearish,of 1 rating,N/A
GARS,$14.21,1440882674807,"22,022",Not yet rated,NULL,$16
GGACW,$0.14,1440882674831,"11,300",Not yet rated,NULL,N/A
GGACR,$0.3,1440882674862,"49,683",100% bullish,of 1 rating,N/A
GENC,$9.16,1440882675034,"11,573",100% bearish,of 1 rating,N/A
GNCMA,$16.99,1440882675060,"119,943",100% bearish,of 1 rating,$12
GFN,$3.95,1440882675090,"17,699",100% bearish,of 2 ratings,$8
GFNSL,$25.6,1440882675117,700,Not yet rated,NULL,N/A
GFNCP,$93.89,1440882675138,350,Not yet rated,NULL,N/A
GENE,$2.29,1440882675193,"182,762",100% bullish,of 12 ratings,N/A
GNMK,$10.02,1440882675361,"195,594",67% bullish,of 6 ratings,$14
GNTX,$15.53,1440882675431,"1,032,543",Not yet rated,NULL,$20
THRM,$46.44,1440882675466,"366,550",75% bearish,of 4 ratings,$55.50
GNCA,$12.21,1440882675497,"103,358",100% bearish,of 1 rating,$20
GNVC,$2.51,1440882675537,"10,917",90% bullish,of 10 ratings,$8.50
GHDX,$27.75,1440882675566,"193,234",50% bullish,of 2 ratings,$30
GTWN,NULL,1440882675591,0,Not yet rated,NULL,N/A
GEOS,$16.71,1440882675742,"121,126",100% bearish,of 3 ratings,$21
GABC,$29,1440882675770,"15,081",Not yet rated,NULL,$31
GERN,$3.23,1440882675835,"1,137,894",88% bullish,of 16 ratings,$5.25
GEVO,$2.33,1440882675898,"332,274",75% bullish,of 12 ratings,$5
GIGM,$0.5201,1440882675925,"76,762",100% bullish,of 2 ratings,N/A
GIGA,$1.42,1440882676001,"2,675",100% bearish,of 1 rating,N/A
ROCK,$16.51,1440882676062,"136,353",80% bullish,of 5 ratings,$24
GILT,$4.3001,1440882676101,"1,700",50% bullish,of 2 ratings,N/A
GIII,$68.14,1440882676134,"175,109",67% bullish,of 3 ratings,$75
GBCI,$25.66,1440882676235,"245,507",50% bullish,of 2 ratings,$31
GILD,$107.7,1440882676256,"5,969,671",91% bullish,of 87 ratings,$129
GLAD,$8.8,1440882676289,"171,130",50% bullish,of 2 ratings,$8.75
GLADO,$25.59,1440882676337,"1,700",Not yet rated,NULL,N/A
GOODN,$25.407,1440882676436,400,Not yet rated,NULL,N/A
GOOD,$14.64,1440882676464,"72,029",Not yet rated,NULL,$19
GOODO,$25,1440882676490,30,Not yet rated,NULL,N/A
GOODP,NULL,1440882676621,0,Not yet rated,NULL,N/A
GAIN,$7.47,1440882676658,"107,125",100% bullish,of 2 ratings,$8.25
GAINN,$25.01,1440882676686,"56,593",Not yet rated,NULL,N/A
GAINO,$25.1728,1440882676756,490,Not yet rated,NULL,N/A
GAINP,$25.9,1440882676788,620,Not yet rated,NULL,N/A
LAND,$9.16,1440882676831,"48,601",50% bullish,of 2 ratings,$13.75
GBT,$44,1440882676890,"73,758",100% bearish,of 1 rating,N/A
GLBZ,NULL,1440882676970,0,Not yet rated,NULL,N/A
GDEF,$10.53,1440882677051,600,Not yet rated,NULL,N/A
ENT,$11.77,1440882677101,"71,245",100% bearish,of 1 rating,$18
GPACU,NULL,1440882677126,0,Not yet rated,NULL,N/A
GBLI,$26.99,1440882677147,"11,669",Not yet rated,NULL,N/A
GSOL,$8.0275,1440882677184,"18,239",100% bearish,of 1 rating,N/A
ACTX,NULL,1440882677281,0,100% bullish,of 1 rating,N/A
QQQC,$19.67,1440882677313,"3,061",100% bearish,of 1 rating,N/A
SOCL,$17.82,1440882677364,"24,218",100% bullish,of 2 ratings,N/A
ALTY,$14.44,1440882677455,600,Not yet rated,NULL,N/A
SRET,$13.25,1440882677587,"1,014",Not yet rated,NULL,N/A
YLCO,$11.95,1440882677617,"1,396",Not yet rated,NULL,N/A
GAI,$5.9,1440882677645,"1,400",50% bullish,of 2 ratings,N/A
GSM,$13.47,1440882677688,"403,698",50% bullish,of 2 ratings,$22
GBIM,$2.29,1440882677719,"19,199",50% bullish,of 2 ratings,N/A
GLUU,$4.53,1440882677781,"786,373",92% bullish,of 26 ratings,$9
GLBS,NULL,1440882677809,0,67% bullish,of 3 ratings,N/A
GLRI,$1.01,1440882677839,"23,180",100% bearish,of 1 rating,$4.25
GLYC,$7.05,1440882677946,"16,674",50% bullish,of 2 ratings,$14
GLNG,$38.2739,1440882678079,"963,948",83% bullish,of 6 ratings,$58
GMLP,$18.86,1440882678107,"223,814",50% bullish,of 4 ratings,$32.50
GOGO,$15.67,1440882678128,"431,299",80% bullish,of 5 ratings,$25
GLDC,$4,1440882678159,"5,513",50% bullish,of 2 ratings,N/A
GDEN,$8.96,1440882678189,"13,852",50% bullish,of 2 ratings,N/A
GOGL,$3.14,1440882678294,"220,227",75% bullish,of 4 ratings,$5
GTIM,$7.03,1440882678467,"31,867",Not yet rated,NULL,$11.50
GBDC,$16.66,1440882678523,"111,261",Not yet rated,NULL,$17.75
GPRO,$48.18,1440882678544,"3,256,396",78% bullish,of 58 ratings,$72
GOOG,$632.69,1440882678567,"1,043,468",89% bullish,of 70 ratings,$825
GMAN,$3.73,1440882678600,"210,604",60% bullish,of 5 ratings,$8.50
GOOGL,$659.9999,1440882678625,"1,027,271",88% bullish,of 1082 ratings,$749
GPIA,$9.84,1440882678697,190,Not yet rated,NULL,N/A
GPIAU,NULL,1440882678827,0,Not yet rated,NULL,N/A
GPIAW,NULL,1440882678860,0,Not yet rated,NULL,N/A
LOPE,$37.48,1440882678897,"89,001",100% bearish,of 2 ratings,$50
GBSNU,NULL,1440882678992,0,NULL,NULL,NULL
GRVY,$3.16,1440882679027,125,50% bullish,of 2 ratings,N/A
GBSN,$0.38,1440882679052,"4,057,047",50% bullish,of 2 ratings,$8.25
GLDD,$5.42,1440882679242,"86,319",100% bearish,of 4 ratings,$7.75
GNBC,$11.86,1440882679271,"12,906",100% bearish,of 1 rating,$16.50
GSBC,$39.87,1440882679300,"19,620",100% bullish,of 1 rating,$44
GRBK,$11.95,1440882679321,"113,049",77% bullish,of 13 ratings,N/A
GPP,$13.7,1440882679362,"33,561",Not yet rated,NULL,$20.50
GPRE,$20.55,1440882679452,"1,091,427",67% bullish,of 6 ratings,$28.50
GLRE,$24.99,1440882679477,"161,684",50% bullish,of 2 ratings,$41
GCBC,NULL,1440882679505,0,100% bullish,of 1 rating,N/A
GRFS,$30.5748,1440882679638,"206,103",50% bullish,of 2 ratings,$35
GRPN,$4.6,1440882679806,"5,953,989",61% bullish,of 71 ratings,$6.75
OMAB,$40.81,1440882679834,"12,578",100% bullish,of 1 rating,$44
GGAL,$19.4858,1440882679860,"118,461",80% bullish,of 5 ratings,$40
GSIG,$12.99,1440882679893,"26,470",100% bearish,of 2 ratings,N/A
GSIT,$4.62,1440882679923,"8,389",100% bearish,of 1 rating,N/A
GTXI,$0.874,1440882679997,"20,930",100% bullish,of 5 ratings,$.75
GSVC,$8.72,1440882680026,"82,010",50% bullish,of 2 ratings,$14.50
GRIF,$32.61,1440882680053,308,100% bearish,of 1 rating,N/A
GUID,$7.28,1440882680214,"42,026",100% bearish,of 3 ratings,$10
GBNK,$15.79,1440882680242,"18,291",100% bearish,of 1 rating,$18
GULTU,$0.3001,1440882680263,"1,330,535",100% bearish,of 1 rating,N/A
GFED,$14.67,1440882680284,779,Not yet rated,NULL,$17
GIFI,$12.46,1440882680419,"46,325",100% bearish,of 1 rating,$16
GWPH,$109.33,1440882680551,"112,738",78% bullish,of 9 ratings,$148.50
GPOR,$35.04,1440882680582,"1,494,164",75% bullish,of 4 ratings,$55
GURE,$1.67,1440882680603,"85,776",88% bullish,of 8 ratings,N/A
GWGH,$7.74,1440882680641,"1,171",100% bearish,of 1 rating,$15.05
GYRO,$2.84,1440882680668,"6,150",100% bearish,of 1 rating,N/A
HLG,$9.5,1440882680689,"2,247",100% bearish,of 1 rating,N/A
HEES,$18.69,1440882680736,"314,064",67% bearish,of 3 ratings,$31
HNRG,$7.69,1440882680773,"67,708",100% bearish,of 1 rating,$10
HALL,$11.41,1440882680924,"17,778",Not yet rated,NULL,N/A
HBK,$13.67,1440882680949,713,50% bullish,of 2 ratings,N/A
HALO,$18.41,1440882680975,"771,518",67% bullish,of 3 ratings,$22.50
HMPR,$1.87,1440882681158,"27,659",100% bullish,of 1 rating,N/A
HBHC,$27.4,1440882681187,"558,474",50% bullish,of 2 ratings,$30
HBHCL,$24.39,1440882681218,"26,203",Not yet rated,NULL,N/A
HNH,$25.45,1440882681247,"17,110",100% bullish,of 1 rating,N/A
HNSN,$0.56,1440882681276,"56,801",88% bullish,of 8 ratings,$.40
HAFC,$23.98,1440882681301,"109,880",100% bullish,of 2 ratings,$28.50
HQCL,$12.9,1440882681349,"30,828",67% bullish,of 3 ratings,$14
HDNG,$10.04,1440882681492,"11,625",50% bullish,of 4 ratings,N/A
HLIT,$5.79,1440882681519,"246,263",100% bearish,of 1 rating,$6.50
HRMNU,NULL,1440882681544,0,Not yet rated,NULL,N/A
HRMN,NULL,1440882681574,0,Not yet rated,NULL,N/A
TINY,$2.48,1440882681679,"19,385",50% bullish,of 2 ratings,$5.26
HRMNW,NULL,1440882681704,0,Not yet rated,NULL,N/A
HBIO,$4.28,1440882681849,"35,954",100% bearish,of 1 rating,$10
HART,$1.04,1440882681884,"103,690",100% bearish,of 1 rating,N/A
HCAP,$12.15,1440882681912,"4,513",50% bullish,of 2 ratings,$15
HCAPL,$25.7399,1440882681980,400,Not yet rated,NULL,N/A
HA,$22.91,1440882682009,"540,918",67% bullish,of 9 ratings,$27
HAS,$75.51,1440882682038,"715,928",63% bullish,of 8 ratings,$84.50
HCOM,$21.82,1440882682110,"31,985",100% bearish,of 1 rating,$28
HWBK,$13.24,1440882682182,100,100% bearish,of 1 rating,N/A
HWKN,$37.33,1440882682211,"28,446",Not yet rated,NULL,N/A
HAYN,$38.31,1440882682237,"42,900",100% bearish,of 1 rating,$59
HCSG,$33.32,1440882682378,"191,852",50% bullish,of 4 ratings,$35
HIIQ,$5.17,1440882682482,"32,371",50% bullish,of 2 ratings,$7
HDS,$33.233,1440882682530,"1,196,925",100% bearish,of 2 ratings,$39.50
HQY,$29.51,1440882682558,"115,451",67% bullish,of 3 ratings,$32
HWAY,$11.95,1440882682589,"278,697",100% bearish,of 1 rating,$15
HSTM,$25.36,1440882682610,"85,370",50% bullish,of 2 ratings,$33.75
HTLD,$20.55,1440882682684,"341,001",Not yet rated,NULL,$22.50
HTLF,$35.88,1440882682793,"18,551",100% bullish,of 1 rating,$39.50
HTWR,$86.25,1440882682814,"147,034",50% bullish,of 2 ratings,$103
HSII,$19.62,1440882682887,"52,553",100% bullish,of 3 ratings,$25
HMNY,$2.19,1440882682918,300,100% bearish,of 1 rating,N/A
HELE,$85.56,1440882682955,"103,241",67% bearish,of 3 ratings,$100
HTBX,$5.16,1440882682977,"3,070",50% bullish,of 2 ratings,$15.50
HMTV,$13.72,1440882683057,"12,932",100% bearish,of 1 rating,$16
HNNA,$24.865,1440882683086,"10,548",Not yet rated,NULL,N/A
HCACU,$9.98,1440882683274,"100,000",Not yet rated,NULL,N/A
HSIC,$139.4,1440882683309,"342,416",83% bullish,of 6 ratings,$146
HERO,NULL,1440882683327,0,NULL,NULL,NULL
HTBK,$10.63,1440882683368,"33,812",Not yet rated,NULL,$12
HEOP,$7.66,1440882683394,"15,820",Not yet rated,NULL,$8.50
HFWA,$17.59,1440882683421,"71,544",100% bullish,of 1 rating,$20
HCCI,$11.25,1440882683551,"42,055",100% bearish,of 1 rating,$16.50
HSKA,$33.74,1440882683580,"20,659",100% bearish,of 1 rating,$38
MLHR,$26.99,1440882683610,"310,038",50% bullish,of 2 ratings,$33.50
HRTX,$35.46,1440882683643,"219,447",67% bullish,of 6 ratings,$41
HIBB,$38.87,1440882683743,"223,423",100% bearish,of 1 rating,$46.50
HFFC,$15.77,1440882683795,"5,478",Not yet rated,NULL,N/A
HPJ,$2.21,1440882683821,"29,621",75% bullish,of 4 ratings,$12.43
HIHO,$3.81,1440882683899,"6,096",Not yet rated,NULL,N/A
HIMX,$6.906,1440882683976,"915,996",86% bullish,of 21 ratings,$8.50
HIFS,$115.91,1440882684031,"1,151",Not yet rated,NULL,N/A
HMSY,$10.47,1440882684165,"809,768",67% bullish,of 3 ratings,$19.35
HOLI,$17.78,1440882684198,"94,603",50% bullish,of 4 ratings,$27
HSGX,$6.05,1440882684219,"3,574",100% bearish,of 1 rating,$17
HOLX,$39.76,1440882684240,"1,449,945",67% bullish,of 3 ratings,$42
HMNF,$11.32,1440882684279,"2,016",Not yet rated,NULL,N/A
HOMB,$37.97,1440882684305,"222,036",Not yet rated,NULL,$42
HBCP,$24.71,1440882684377,"2,436",Not yet rated,NULL,$29
AWAY,$29.19,1440882684451,"431,994",67% bullish,of 3 ratings,$36
HFBL,$21.62,1440882684512,536,Not yet rated,NULL,N/A
HMIN,$26.7,1440882684538,"59,584",100% bearish,of 2 ratings,$35
HTBI,$18.18,1440882684610,"26,626",67% bullish,of 3 ratings,$18.625
HMST,$21.84,1440882684635,"74,855",100% bullish,of 2 ratings,$27
HKTV,$4.76,1440882684714,200,100% bearish,of 1 rating,N/A
HFBC,$11.22,1440882684857,"3,150",Not yet rated,NULL,N/A
CETC,$0.76,1440882684934,"165,443",86% bullish,of 7 ratings,N/A
HZNP,$30.48,1440882684963,"1,069,487",85% bullish,of 20 ratings,$40
HBNC,$23.57,1440882684994,"12,027",100% bullish,of 1 rating,$27
HOFT,$23.78,1440882685022,"18,879",100% bearish,of 1 rating,N/A
HRZN,$10.33,1440882685054,"33,944",50% bullish,of 2 ratings,$14.25
HDP,$24.18,1440882685095,"194,225",67% bearish,of 3 ratings,$30.50
ZINC,$7.85,1440882685153,"597,280",100% bearish,of 1 rating,$17
HMHC,$22.7,1440882685254,"467,940",Not yet rated,NULL,$27
HWCC,$7.5,1440882685279,"82,097",100% bearish,of 1 rating,$9
HOVNP,$4.54,1440882685344,"1,000",100% bearish,of 1 rating,N/A
HBMD,$14.24,1440882685478,809,100% bearish,of 1 rating,N/A
HUBG,$37.06,1440882685520,"387,683",100% bearish,of 1 rating,$43
HTGM,$5.69,1440882685580,"4,024",100% bearish,of 1 rating,$19.50
HCBK,$9.36,1440882685651,"1,263,712",83% bullish,of 6 ratings,$8.61
HSNI,$62.38,1440882685678,"170,632",Not yet rated,NULL,$80
HDSN,$3.11,1440882685714,"27,087",100% bullish,of 1 rating,$6.25
HSON,$2.55,1440882685812,"22,082",100% bearish,of 1 rating,$5
HBAN,$10.91,1440882685842,"5,203,375",76% bullish,of 17 ratings,$12.29
HBANP,NULL,1440882685868,0,100% bearish,of 1 rating,N/A
HURC,$30.35,1440882685951,"11,794",100% bearish,of 1 rating,N/A
HBP,$3.11,1440882686024,"3,775",100% bullish,of 1 rating,N/A
HTCH,$1.56,1440882686049,"94,983",100% bearish,of 1 rating,$3.50
HURN,$73.36,1440882686085,"75,680",50% bullish,of 2 ratings,$80
HDRA,NULL,1440882686179,0,Not yet rated,NULL,N/A
HDRAR,NULL,1440882686274,0,Not yet rated,NULL,N/A
HDRAU,NULL,1440882686307,0,Not yet rated,NULL,N/A
HDRAW,NULL,1440882686469,0,Not yet rated,NULL,N/A
HYGS,$9.55,1440882686498,"29,871",50% bullish,of 2 ratings,$13
IKGH,$1.8,1440882686543,"10,231",75% bullish,of 4 ratings,N/A
IDSY,$3.91,1440882686571,"6,108",100% bearish,of 1 rating,$7
IACI,$71.44,1440882686633,"445,254",75% bullish,of 4 ratings,$90
ICAD,$3.9,1440882686763,"83,344",100% bullish,of 2 ratings,$7.25
IBKC,$60.36,1440882686795,"111,938",100% bullish,of 1 rating,$70
ICFI,$34.04,1440882686830,"48,356",50% bullish,of 2 ratings,$48.50
IEP,$74.24,1440882686860,"59,662",75% bullish,of 4 ratings,$99
ICLR,$77.9507,1440882686892,"266,641",100% bearish,of 3 ratings,$85
ICON,$13.52,1440882686966,"466,663",50% bullish,of 2 ratings,$18.50
ICUI,$113.92,1440882687023,"46,176",Not yet rated,NULL,$122
IPWR,$7.28,1440882687131,"4,444",100% bullish,of 1 rating,$15
INVE,$4.4,1440882687167,"78,490",75% bullish,of 4 ratings,$4
IDXX,$73.21,1440882687197,"346,348",100% bearish,of 1 rating,$77
DSKY,$10.9914,1440882687237,"128,718",67% bullish,of 6 ratings,$11.50
IDRA,$2.94,1440882687303,"601,938",89% bullish,of 9 ratings,$6.50
IRG,$4.78,1440882687401,"23,310",100% bearish,of 1 rating,$4.25
IROQ,$16.7,1440882687430,300,100% bullish,of 1 rating,N/A
IIVI,$16.89,1440882687535,"155,141",100% bearish,of 1 rating,$22
RXDX,$13.82,1440882687577,"155,513",100% bullish,of 1 rating,$20
IKAN,$2.72,1440882687604,"4,738",83% bullish,of 6 ratings,$5
KANG,$15.8182,1440882687625,"226,303",50% bullish,of 2 ratings,$22.55
IKNX,NULL,1440882687670,0,100% bearish,of 1 rating,N/A
ILMN,$201.49,1440882687753,"782,267",80% bullish,of 5 ratings,$245
IMMR,$11.81,1440882687881,"72,756",80% bullish,of 5 ratings,$15.50
IMDZ,$16.61,1440882687913,"27,500",100% bearish,of 1 rating,$33
ISNS,$4,1440882687940,"15,572",50% bullish,of 2 ratings,N/A
ICCC,$7.21,1440882687979,"13,479",100% bullish,of 1 rating,N/A
IMGN,$14.28,1440882688013,"955,380",75% bullish,of 4 ratings,$17.50
IMNP,$1.36,1440882688074,"30,681",50% bullish,of 2 ratings,$6
IMMU,$2.16,1440882688106,"704,998",86% bullish,of 7 ratings,$2
IMMY,$7.69,1440882688257,"4,471",100% bearish,of 1 rating,$11
INCR,$42.01,1440882688302,"221,716",50% bullish,of 2 ratings,$53
SAAS,$7.64,1440882688360,"242,260",50% bullish,of 2 ratings,$15
IPXL,$42.4,1440882688437,"457,825",67% bullish,of 3 ratings,$46.50
INCY,$120.44,1440882688529,"1,092,792",50% bullish,of 6 ratings,$125.50
INDB,$44.5,1440882688554,"202,363",Not yet rated,NULL,$44
IBCP,$14.16,1440882688629,"93,148",100% bullish,of 1 rating,$14.50
IBTX,$41.49,1440882688761,"14,876",100% bullish,of 2 ratings,$47.25
IDSA,$3.6,1440882688787,"2,730",Not yet rated,NULL,N/A
INFN,$22.29,1440882688862,"1,022,680",71% bullish,of 7 ratings,$28
III,$3.89,1440882688916,"95,856",57% bullish,of 7 ratings,$6
INFI,$9.28,1440882688944,"337,361",50% bullish,of 4 ratings,$18
IPCC,$77.31,1440882688966,"22,807",Not yet rated,NULL,$77.50
IMKTA,$50.28,1440882689004,"51,886",100% bearish,of 1 rating,N/A
INWK,$7.09,1440882689096,"56,331",50% bullish,of 2 ratings,$10
IFON,$1.21,1440882689122,"24,493",75% bullish,of 4 ratings,N/A
INNL,$12.78,1440882689266,"1,348",100% bearish,of 1 rating,$16.50
IPHS,$48.24,1440882689297,"75,518",100% bearish,of 1 rating,$60
INOD,$2.38,1440882689318,"4,694",100% bearish,of 1 rating,N/A
IOSP,$48.17,1440882689353,"185,737",100% bearish,of 1 rating,N/A
ISSC,$2.78,1440882689394,"4,200",67% bearish,of 3 ratings,N/A
INGN,$49.78,1440882689452,"219,266",100% bearish,of 1 rating,$50.50
ITEK,$12.15,1440882689591,"249,011",100% bearish,of 3 ratings,$20
INOV,$21.73,1440882689619,"735,420",100% bearish,of 1 rating,$33
NSIT,$25.8,1440882689675,"111,626",50% bullish,of 2 ratings,N/A
INO,$7.75,1440882689708,"1,636,416",89% bullish,of 18 ratings,$20
ISIG,$2.71,1440882689775,"10,879",100% bearish,of 1 rating,N/A
INSM,$25.69,1440882689806,"271,347",71% bullish,of 7 ratings,$31.50
IIIN,$17.07,1440882689827,"16,380",100% bearish,of 2 ratings,N/A
PODD,$29.71,1440882689855,"209,947",67% bearish,of 3 ratings,$35
NTEC,$5.75,1440882690032,"8,105",100% bearish,of 1 rating,N/A
INSY,$33.83,1440882690061,"270,702",75% bullish,of 4 ratings,$48
IDTI,$19.09,1440882690193,"1,457,438",60% bullish,of 5 ratings,$25
IART,$60.79,1440882690245,"177,967",100% bearish,of 2 ratings,$71.50
IESC,$7.02,1440882690270,"2,580",100% bearish,of 1 rating,N/A
ISSI,$21.94,1440882690298,"133,663",67% bullish,of 3 ratings,$19.75
IQNT,$18.59,1440882690328,"151,264",86% bullish,of 7 ratings,$20
INTC,$28.41,1440882690424,"25,692,266",82% bullish,of 238 ratings,$36
IPCI,$2.31,1440882690520,"76,615",67% bullish,of 6 ratings,$8
IPAR,$25.63,1440882690552,"79,920",67% bullish,of 3 ratings,$38
IBKR,$40.2881,1440882690586,"605,394",100% bullish,of 1 rating,N/A
ININ,$36.15,1440882690615,"85,150",67% bearish,of 3 ratings,$57
ICLD,$1.85,1440882690680,"103,348",75% bullish,of 4 ratings,N/A
ICPT,$189.4643,1440882690710,"96,157",70% bullish,of 10 ratings,$359.50
IDCC,$48,1440882690743,"175,555",80% bullish,of 5 ratings,$63
ICLDW,NULL,1440882690808,0,100% bearish,of 1 rating,N/A
TILE,$23.94,1440882690955,"431,058",100% bearish,of 3 ratings,$27
INAP,$8.05,1440882691058,"239,819",75% bullish,of 4 ratings,$11
ISCA,$31.97,1440882691109,"101,605",100% bearish,of 1 rating,N/A
IMI,$2.13,1440882691144,"10,493",67% bullish,of 3 ratings,$2.22
IIJI,$10,1440882691175,40,50% bullish,of 2 ratings,$11.50
IBOC,$25.15,1440882691203,"154,160",100% bearish,of 1 rating,N/A
PTNT,$2.91,1440882691237,"2,723",Not yet rated,NULL,N/A
IGLD,$6.97,1440882691274,400,50% bullish,of 2 ratings,N/A
INPH,$0.32,1440882691438,"162,928",50% bullish,of 2 ratings,N/A
ISIL,$10.61,1440882691494,"483,071",50% bullish,of 6 ratings,$15
XENT,$25.35,1440882691534,"141,556",50% bullish,of 2 ratings,$36.50
IVAC,$4.86,1440882691625,"23,655",100% bearish,of 1 rating,$6.625
IILG,$19.97,1440882691656,"103,268",100% bearish,of 1 rating,$29
INTX,$2.03,1440882691677,"97,223",67% bullish,of 3 ratings,N/A
INTL,$25.81,1440882691705,"62,769",67% bearish,of 3 ratings,N/A
ITCI,$26.96,1440882691865,"275,633",75% bearish,of 4 ratings,$40
INTLL,$26.09,1440882691895,850,Not yet rated,NULL,N/A
ISRG,$514.24,1440882691967,"95,903",67% bullish,of 3 ratings,$600
INTU,$86.21,1440882691998,"1,895,063",86% bullish,of 7 ratings,$107.50
INVT,$0.303,1440882692027,"213,959",67% bullish,of 3 ratings,N/A
SNAK,$8.68,1440882692053,"102,749",50% bullish,of 2 ratings,$14
IIN,$6.39,1440882692084,"2,100",100% bearish,of 1 rating,$12
ISBC,$11.75,1440882692188,"972,204",100% bullish,of 1 rating,$13.25
ISTR,$15.6,1440882692214,841,100% bearish,of 1 rating,$18.50
IVTY,$14.61,1440882692433,"17,056",Not yet rated,NULL,$18
ITIC,$71.15,1440882692458,"1,300",100% bearish,of 2 ratings,N/A
IPAS,$1.09,1440882692517,"49,183",67% bullish,of 3 ratings,N/A
DTUL,NULL,1440882692542,0,Not yet rated,NULL,N/A
DFVL,NULL,1440882692618,0,Not yet rated,NULL,N/A
IPCM,$79.44,1440882692701,"119,808",50% bullish,of 2 ratings,$80.125
IRMD,$25.04,1440882692751,"11,245",67% bearish,of 3 ratings,$25
IPGP,$85.88,1440882692777,"250,042",100% bearish,of 2 ratings,$109.50
IRIX,$6.89,1440882692798,"7,546",100% bearish,of 1 rating,N/A
NVIV,$9.66,1440882692836,"133,271",50% bullish,of 4 ratings,$24.50
IRDM,$7.18,1440882692862,"400,499",60% bullish,of 5 ratings,$11.50
IRDMB,$279.5,1440882692945,320,67% bearish,of 3 ratings,N/A
IRBT,$29.29,1440882692992,"166,490",67% bullish,of 6 ratings,$37
IRCP,NULL,1440882693168,0,100% bullish,of 2 ratings,N/A
COMT,$33.62,1440882693200,"23,140",100% bearish,of 1 rating,N/A
GNMA,$50.32,1440882693274,"3,187",Not yet rated,NULL,N/A
FCHI,NULL,1440882693300,0,NULL,NULL,NULL
IRWD,$11.27,1440882693379,"1,082,384",100% bearish,of 1 rating,$13
IFAS,NULL,1440882693402,0,NULL,NULL,NULL
IFNA,NULL,1440882693453,0,NULL,NULL,NULL
IFEU,$37.74,1440882693534,"4,879",Not yet rated,NULL,N/A
IFGL,$28.61,1440882693587,"191,698",Not yet rated,NULL,N/A
ACWI,$56.3,1440882693666,"1,578,362",Not yet rated,NULL,N/A
ACWX,$41.04,1440882693695,"692,879",100% bearish,of 1 rating,N/A
AXJS,NULL,1440882693721,0,NULL,NULL,NULL
AAXJ,$53.8559,1440882693747,"3,183,887",Not yet rated,NULL,N/A
AAIT,NULL,1440882693768,0,NULL,NULL,NULL
EEMA,$50.47,1440882693906,"37,087",Not yet rated,NULL,N/A
EMDI,NULL,1440882693939,0,NULL,NULL,NULL
EMEY,NULL,1440882694036,0,NULL,NULL,NULL
EEML,$27.61,1440882694082,"9,700",Not yet rated,NULL,N/A
EGRW,NULL,1440882694104,0,NULL,NULL,NULL
EEME,NULL,1440882694165,0,NULL,NULL,NULL
EVAL,NULL,1440882694190,0,NULL,NULL,NULL
EUFN,$21.85,1440882694271,"73,493",100% bearish,of 1 rating,N/A
IEUS,$45.4,1440882694324,"5,456",100% bearish,of 1 rating,N/A
UAE,$18.63,1440882694375,"11,900",Not yet rated,NULL,N/A
QAT,$21.6,1440882694406,600,Not yet rated,NULL,N/A
SOXX,$83.25,1440882694458,"380,264",50% bullish,of 2 ratings,N/A
IBB,$353.28,1440882694510,"853,689",63% bullish,of 8 ratings,N/A
EMIF,$28.87,1440882694612,"8,923",Not yet rated,NULL,N/A
ICLN,$9.6,1440882694711,"14,518",50% bullish,of 2 ratings,N/A
WOOD,$48.3,1440882694756,"23,260",50% bullish,of 2 ratings,N/A
ISHG,$79.35,1440882694843,"9,098",100% bearish,of 1 rating,N/A
IGOV,$90.85,1440882694888,"16,643",100% bearish,of 1 rating,N/A
INDY,$27.63,1440882695025,"140,732",50% bullish,of 2 ratings,N/A
ISIS,$51.5999,1440882695072,"782,005",53% bullish,of 15 ratings,$67
ISRL,$131.04,1440882695130,465,100% bearish,of 1 rating,N/A
ISLE,$17.63,1440882695162,"140,146",50% bullish,of 4 ratings,$16
ITUS,$4.03,1440882695293,"7,850",Not yet rated,NULL,N/A
ITRN,$24.11,1440882695323,"1,416",50% bullish,of 2 ratings,N/A
XXIA,$15.17,1440882695382,"472,050",71% bullish,of 7 ratings,$14.625
ITRI,$30.03,1440882695455,"194,687",100% bearish,of 1 rating,$37
IXYS,$11.14,1440882695525,"103,762",50% bullish,of 4 ratings,N/A
MAYS,$55.95,1440882695598,100,Not yet rated,NULL,N/A
JJSF,$114.72,1440882695683,"29,311",100% bearish,of 1 rating,N/A
JBHT,$73.51,1440882695731,"554,190",50% bullish,of 4 ratings,$89.50
JCOM,$69.71,1440882695781,"185,842",100% bullish,of 2 ratings,$77
JASO,$7.9,1440882695809,"747,475",82% bullish,of 17 ratings,$10
JXSB,NULL,1440882695945,0,Not yet rated,NULL,N/A
JACK,$81.77,1440882695976,"189,732",83% bullish,of 6 ratings,$105
JKHY,$68.7938,1440882696003,"214,469",50% bullish,of 2 ratings,$72
JAXB,$13.31,1440882696035,90,100% bullish,of 1 rating,N/A
JAGX,$3.44,1440882696056,"8,574",Not yet rated,NULL,N/A
JAKK,$9.42,1440882696109,"492,606",60% bearish,of 5 ratings,$11
JRVR,$26.79,1440882696201,"37,791",Not yet rated,NULL,$32
JMBA,$13.95,1440882696252,"91,223",75% bullish,of 4 ratings,$18
ERW,NULL,1440882696305,0,Not yet rated,NULL,N/A
JASN,$4.93,1440882696342,"23,503",50% bullish,of 2 ratings,$9.50
JASNW,NULL,1440882696478,0,50% bullish,of 2 ratings,N/A
JD,$26.77,1440882696509,"4,905,314",75% bullish,of 16 ratings,$36
JCTCF,NULL,1440882696588,0,100% bullish,of 1 rating,N/A
JAZZ,$171.501,1440882696619,"167,566",80% bullish,of 15 ratings,$206.50
JBLU,$22.25,1440882696656,"2,629,199",94% bullish,of 18 ratings,$27
DATE,$5.92,1440882696748,"93,636",75% bullish,of 4 ratings,$9
JTPY,$2.95,1440882696777,100,100% bearish,of 1 rating,N/A
JST,$3.98,1440882696797,"7,252",75% bullish,of 4 ratings,N/A
JIVE,$4.51,1440882696831,"258,687",75% bullish,of 4 ratings,$5
JOEZ,$0.17,1440882696966,"97,593",92% bullish,of 12 ratings,N/A
WYIGU,$10.2,1440882697050,6,Not yet rated,NULL,N/A
JBSS,$54.48,1440882697080,"71,680",67% bearish,of 3 ratings,N/A
JOUT,$23.41,1440882697108,"5,196",100% bearish,of 1 rating,$34
JUNO,$38.06,1440882697179,"681,045",73% bullish,of 11 ratings,$71.50
KTWO,$21.65,1440882697242,"84,969",100% bearish,of 1 rating,$28.50
JNP,$10.93,1440882697267,"25,559",100% bullish,of 3 ratings,$15
KBIO,$2.01,1440882697401,"19,373",50% bullish,of 4 ratings,N/A
KMDA,$3.48,1440882697426,"19,288",50% bullish,of 2 ratings,$8
KNDI,$6.72,1440882697458,"254,671",86% bullish,of 22 ratings,N/A
KALU,$83.24,1440882697492,"129,573",67% bearish,of 3 ratings,$91
KBSF,$4.47,1440882697590,582,100% bullish,of 1 rating,N/A
