Symbol,Price,Date,Volume,Rating,RatingVoteCount,OneYearEstimate
TFSCW,NULL,1440260102732,0,100% bearish,of 1 rating,N/A
TFSCU,NULL,1440260102770,0,Not yet rated,NULL,N/A
FCCY,$11.6,1440260102792,354,100% bullish,of 1 rating,$13
PIH,$7.2,1440260102814,"15,400",100% bearish,of 1 rating,N/A
TFSCR,NULL,1440260102835,0,Not yet rated,NULL,N/A
TFSC,NULL,1440260102876,0,100% bearish,of 1 rating,N/A
FLWS,$9.36,1440260102898,"220,692",100% bullish,of 5 ratings,$15
FCTY,$7.63,1440260102974,300,100% bullish,of 1 rating,$8.50
TWOU,$34.02,1440260103077,"673,961",50% bullish,of 2 ratings,$39
UGLD,$9.99,1440260103109,"253,649",100% bearish,of 1 rating,N/A
SRCE,$30.03,1440260103144,"55,334",100% bullish,of 3 ratings,$33
DGLD,$76.08,1440260103172,"21,135",100% bullish,of 1 rating,N/A
JOBS,$25.35,1440260103206,"172,084",50% bullish,of 4 ratings,$36
VNET,$19.27,1440260103251,"733,790",60% bullish,of 5 ratings,$29.50
DSLV,$61.29,1440260103341,"22,007",100% bearish,of 1 rating,N/A
USLV,$14.59,1440260103515,"218,982",86% bullish,of 7 ratings,N/A
EGHT,$8.215,1440260103624,"436,691",82% bullish,of 17 ratings,$11
CAFD,$15.52,1440260103651,"330,925",Not yet rated,NULL,$25
SIXD,$1.47,1440260103709,"250,988",Not yet rated,NULL,N/A
AVHI,$13.95,1440260103739,"37,920",100% bearish,of 1 rating,$19
SHLM,$34.05,1440260103786,"123,800",100% bearish,of 1 rating,$50
ABAX,$47.54,1440260103814,"139,615",100% bearish,of 1 rating,$60
AAON,$21.67,1440260103843,"166,594",100% bearish,of 1 rating,$24
ABY,$20,1440260103945,"1,100,886",100% bearish,of 2 ratings,$46
ABEO,$4.83,1440260104012,"140,862",67% bullish,of 3 ratings,$15.50
ABGB,$4.09,1440260104105,"34,916",67% bullish,of 3 ratings,$5.50
ABEOW,$1.76,1440260104146,"2,525",100% bullish,of 1 rating,N/A
ACTG,$8.87,1440260104173,"323,174",67% bullish,of 3 ratings,$18.50
AXAS,$1.56,1440260104201,"860,487",78% bullish,of 9 ratings,$3.50
ABMD,$97.08,1440260104223,"831,796",75% bullish,of 4 ratings,$100.50
ACHC,$73.6762,1440260104460,"815,815",50% bullish,of 2 ratings,$92
AXDX,$17.93,1440260104487,"220,988",100% bearish,of 1 rating,N/A
ACAD,$38.13,1440260104519,"928,540",80% bullish,of 20 ratings,$48
ANCX,$18.76,1440260104618,"31,836",Not yet rated,NULL,$19
ACST,$0.361,1440260104646,"71,223",100% bullish,of 2 ratings,N/A
ARAY,$6.53,1440260104674,"3,387,732",100% bearish,of 1 rating,$10.50
VXDN,$5.5,1440260104699,"50,671",100% bearish,of 1 rating,N/A
XLRN,$28.36,1440260104840,"111,031",50% bullish,of 2 ratings,$57
VXUP,$27,1440260104867,"49,956",Not yet rated,NULL,N/A
AKAO,$6.9457,1440260104939,"55,800",75% bullish,of 4 ratings,$15
ACRX,$4.05,1440260104970,"360,315",67% bearish,of 6 ratings,$5.50
ACET,$24.41,1440260105042,"127,207",75% bullish,of 4 ratings,$30
ACHN,$7.75,1440260105071,"1,754,841",90% bullish,of 21 ratings,$16
ACIW,$21.89,1440260105178,"571,274",50% bullish,of 2 ratings,$24
ACOR,$29.75,1440260105208,"642,828",67% bearish,of 3 ratings,$38.50
ACNB,$20.33,1440260105234,"1,376",Not yet rated,NULL,N/A
ACPW,$1.856,1440260105311,"65,399",100% bullish,of 4 ratings,$3.50
ATVI,$27.2167,1440260105369,"5,132,751",68% bullish,of 84 ratings,$31.50
ACTS,$1.3,1440260105394,"51,585",100% bearish,of 1 rating,N/A
ACTA,$13.89,1440260105538,"113,227",67% bearish,of 3 ratings,$25
ACUR,$0.6182,1440260105586,"65,134",100% bullish,of 5 ratings,$1
ADMS,$20.07,1440260105612,"78,833",100% bearish,of 2 ratings,$36
ACXM,$20.1276,1440260105671,"350,940",67% bullish,of 3 ratings,N/A
ADAP,$12.53,1440260105748,"216,853",67% bullish,of 3 ratings,$22
ADMP,$3.65,1440260105769,"21,417",50% bullish,of 2 ratings,$10
ADUS,$29.83,1440260105849,"59,827",100% bearish,of 1 rating,$31
ADEP,$6.75,1440260105977,"33,889",50% bullish,of 2 ratings,$10.75
ADBE,$78.87,1440260106030,"4,323,734",65% bullish,of 17 ratings,$90
AEY,$2.29,1440260106077,"39,023",100% bearish,of 2 ratings,N/A
ADTN,$15.59,1440260106207,"349,681",67% bullish,of 3 ratings,$17.125
ADRO,$19.44,1440260106235,"252,323",80% bullish,of 5 ratings,$45.50
AEIS,$25.055,1440260106270,"198,884",50% bullish,of 2 ratings,$32.50
ADMA,$9.3,1440260106297,"3,500",Not yet rated,NULL,$19
AMD,$1.76,1440260106318,"7,935,981",83% bullish,of 103 ratings,$2
ADXS,$14.5,1440260106363,"919,015",64% bullish,of 14 ratings,$27
ADXSW,$10.15,1440260106464,"5,206",100% bullish,of 1 rating,N/A
MULT,NULL,1440260106599,0,100% bearish,of 1 rating,N/A
YPRO,$23.29,1440260106624,"4,120",100% bearish,of 1 rating,N/A
AEGN,$18.24,1440260106678,"212,917",100% bearish,of 1 rating,$21
AEHR,$2.24,1440260106705,"7,972",50% bullish,of 2 ratings,N/A
AEPI,$57.13,1440260106901,"21,960",100% bearish,of 1 rating,N/A
AERI,$15.92,1440260106938,"361,223",75% bullish,of 4 ratings,$31.50
AEGR,$18.26,1440260106968,"394,681",50% bullish,of 6 ratings,$26
AEZS,$0.1005,1440260107034,"5,371,374",90% bullish,of 21 ratings,$1.50
AVAV,$24.38,1440260107066,"143,405",50% bullish,of 4 ratings,$31
AMTX,$3.09,1440260107095,"17,253",50% bullish,of 2 ratings,$26.11
AEMD,$7.22,1440260107122,"187,619",Not yet rated,NULL,$27.50
AFMD,$9.78,1440260107165,"174,087",50% bullish,of 4 ratings,$15
AGEN,$7.04,1440260107256,"940,432",85% bullish,of 13 ratings,$14
AFFX,$9.4,1440260107284,"587,032",80% bullish,of 5 ratings,$12
AGRX,$8.17,1440260107470,"49,951",100% bearish,of 1 rating,$17.50
AGYS,$9.63,1440260107502,"33,010",100% bearish,of 1 rating,N/A
AGIO,$85.65,1440260107528,"509,530",88% bullish,of 8 ratings,$114
AGFS,$9.8121,1440260107564,"73,206",100% bearish,of 1 rating,N/A
AGFSW,$1.79,1440260107662,"28,997",100% bearish,of 2 ratings,N/A
AIRT,$22.94,1440260107708,51,100% bullish,of 1 rating,N/A
AIMT,$21.1,1440260107733,"120,787",Not yet rated,NULL,N/A
AIRM,$36.55,1440260107791,"309,312",80% bearish,of 5 ratings,$53
AIXG,$5.98,1440260107866,"34,571",67% bearish,of 3 ratings,$5.25
AKAM,$68.463,1440260107930,"1,585,448",63% bullish,of 8 ratings,$77
ATSG,$9.1,1440260107965,"264,911",67% bullish,of 3 ratings,$13
AMCN,$4.9,1440260107990,"424,894",83% bullish,of 6 ratings,N/A
AKBA,$6.65,1440260108022,"184,781",100% bearish,of 1 rating,$18
AKER,$2.62,1440260108127,"93,096",Not yet rated,NULL,N/A
AKRX,$40.2552,1440260108209,"930,040",78% bullish,of 9 ratings,$56
ALRM,$16.46,1440260108288,"358,434",100% bearish,of 1 rating,$22
ALSK,$2.11,1440260108313,"112,029",78% bullish,of 18 ratings,$2
ABDC,$12.7,1440260108338,"21,785",Not yet rated,NULL,$15
AMRI,$19.73,1440260108477,"245,268",75% bearish,of 4 ratings,$24
ADHD,$8.31,1440260108503,"220,062",50% bullish,of 4 ratings,$18
ALDR,$36.64,1440260108533,"474,720",67% bearish,of 3 ratings,$62
ALXA,$1.07,1440260108637,"26,737",83% bullish,of 6 ratings,$2.125
ALCO,$42.36,1440260108674,"24,127",50% bullish,of 2 ratings,N/A
ALGN,$56.4432,1440260108699,"422,327",100% bearish,of 2 ratings,$73
ALXN,$173.81,1440260108725,"1,548,456",88% bullish,of 8 ratings,$223
ALDX,$7.62,1440260108747,"6,759",100% bearish,of 1 rating,$14.50
ALIM,$3.15,1440260108878,"169,442",80% bullish,of 5 ratings,$10
ALKS,$60.35,1440260108986,"705,866",67% bullish,of 3 ratings,$75
ALLB,$23.48,1440260109066,"1,820",Not yet rated,NULL,N/A
AFOP,$17.51,1440260109097,"139,898",75% bullish,of 8 ratings,$21
ALGT,$216.09,1440260109347,"164,611",100% bearish,of 1 rating,$235
ARLP,$24.94,1440260109413,"151,729",67% bearish,of 3 ratings,$32
AIQ,$14.7,1440260109438,"29,906",67% bullish,of 3 ratings,N/A
AHPI,$1.46,1440260109463,435,50% bullish,of 2 ratings,N/A
ALLT,$5.04,1440260109503,"71,089",75% bullish,of 4 ratings,$6.25
ALQA,$4.43,1440260109633,"36,237",75% bullish,of 4 ratings,$8.50
AMOT,$17.09,1440260109691,"80,719",100% bearish,of 1 rating,N/A
AHGP,$36.6344,1440260109718,"31,919",67% bullish,of 3 ratings,N/A
AFAM,$46.84,1440260109783,"72,495",50% bullish,of 2 ratings,$44
MDRX,$13.52,1440260109816,"1,235,763",60% bullish,of 5 ratings,$16
AOSL,$7.21,1440260109844,"45,497",67% bullish,of 3 ratings,$9
SMCP,$22.56,1440260109884,"1,500",Not yet rated,NULL,N/A
ATEC,$0.5768,1440260109922,"46,618",100% bullish,of 1 rating,$2
ALNY,$100.3178,1440260110377,"414,351",67% bullish,of 3 ratings,$148.50
ALTR,$48.17,1440260110405,"2,956,121",80% bearish,of 5 ratings,$54
AMAG,$59.95,1440260110426,"476,323",100% bullish,of 2 ratings,$77.50
ASPS,$29.2565,1440260110448,"228,767",67% bullish,of 3 ratings,$46.50
AIMC,$25.28,1440260110484,"92,117",100% bearish,of 1 rating,$28.50
AMRN,$2.03,1440260110589,"741,425",85% bullish,of 39 ratings,$8
AMBC,$15.6,1440260110721,"245,406",100% bearish,of 1 rating,$16.50
AMRK,$10.57,1440260110749,"4,627",50% bullish,of 2 ratings,$14
AMBCW,$7.0532,1440260110786,"1,178",100% bearish,of 1 rating,N/A
AYA,$21.62,1440260110808,"63,923",100% bearish,of 1 rating,$40
EPAX,$2.69,1440260110830,"74,357",100% bearish,of 1 rating,N/A
AMZN,$495.5,1440260110874,"3,790,755",81% bullish,of 263 ratings,$646
AMBA,$89,1440260110901,"5,366,218",83% bullish,of 12 ratings,$102.50
AMCX,$67.7119,1440260110963,"687,069",67% bullish,of 3 ratings,$85.50
DOX,$59,1440260111143,"282,272",50% bullish,of 2 ratings,$60
AMDA,$0.463,1440260111168,"1,233,767",90% bullish,of 10 ratings,$1
AMED,$40.5,1440260111310,"290,278",100% bearish,of 1 rating,$42
UHAL,$363.52,1440260111342,"15,187",100% bullish,of 2 ratings,$393.50
AMOV,$17.65,1440260111379,"5,863",100% bearish,of 1 rating,N/A
ATAX,$5.23,1440260111436,"155,087",100% bullish,of 1 rating,$6.50
ASBI,$22.55,1440260111473,154,Not yet rated,NULL,N/A
AAL,$39.75,1440260111510,"11,179,538",93% bullish,of 88 ratings,$57
AGNC,$19.553,1440260111541,"3,952,543",75% bullish,of 28 ratings,$22
AGNCB,$24.23,1440260111645,"21,668",Not yet rated,NULL,N/A
AGNCP,$25.34,1440260111721,"7,150",Not yet rated,NULL,N/A
ACSF,$12.225,1440260111789,"33,060",100% bearish,of 1 rating,$15
MTGE,$15.7,1440260111819,"402,399",75% bullish,of 4 ratings,$19.50
ACAS,$13.74,1440260111875,"1,556,266",60% bullish,of 5 ratings,$16.75
MTGEP,$24.12,1440260111900,"1,127",Not yet rated,NULL,N/A
ANCI,$1.59,1440260112042,"10,070",100% bearish,of 1 rating,N/A
AMIC,$10.21,1440260112115,8,Not yet rated,NULL,N/A
AMNB,$22.8,1440260112174,"22,976",Not yet rated,NULL,$25.50
AETI,$4.28,1440260112247,2,67% bearish,of 3 ratings,N/A
ANAT,$100,1440260112272,"19,158",100% bullish,of 1 rating,N/A
APEI,$21.26,1440260112300,"155,037",100% bearish,of 1 rating,$25.50
ARII,$38.75,1440260112330,"183,877",67% bearish,of 3 ratings,$45
AMRB,$10,1440260112433,"2,054",Not yet rated,NULL,$11
ASEI,$39.68,1440260112502,"53,467",100% bearish,of 1 rating,$52.50
AMSWA,$9.06,1440260112536,"86,700",100% bearish,of 2 ratings,$10.75
AMSC,$3.48,1440260112632,"36,442",50% bullish,of 4 ratings,N/A
AMWD,$67.8,1440260112659,"272,213",50% bullish,of 2 ratings,$58
CRMT,$37.91,1440260112827,"120,497",100% bearish,of 1 rating,$49
ABCB,$27.64,1440260112861,"189,477",Not yet rated,NULL,$31
AMSF,$49.68,1440260112891,"122,373",Not yet rated,NULL,$57.50
AMGN,$155.9,1440260112957,"4,702,712",89% bullish,of 19 ratings,$185
ASRV,$3.27,1440260112983,840,100% bullish,of 2 ratings,N/A
ASRVP,NULL,1440260113010,0,Not yet rated,NULL,N/A
ATLO,$23.31,1440260113038,"15,885",Not yet rated,NULL,N/A
AMPH,$13.79,1440260113175,"166,636",50% bullish,of 2 ratings,$20
AMKR,$4.39,1440260113238,"1,544,185",100% bearish,of 2 ratings,$5
FOLD,$14.05,1440260113263,"2,614,067",56% bullish,of 9 ratings,$21
AMSGP,NULL,1440260113337,0,Not yet rated,NULL,N/A
AMSG,$81.5,1440260113365,"320,262",100% bearish,of 1 rating,$85.50
ASYS,$5.18,1440260113493,"35,518",67% bullish,of 3 ratings,$12
AMRS,$1.63,1440260113588,"53,848",70% bullish,of 10 ratings,N/A
ADI,$53.78,1440260113675,"3,922,593",67% bullish,of 3 ratings,$69
AFSI,$58.44,1440260113702,"1,008,977",60% bullish,of 5 ratings,$72
ALOG,$83.13,1440260113730,"75,588",100% bearish,of 2 ratings,$100.50
ANAC,$129.49,1440260113751,"607,726",80% bullish,of 5 ratings,$180.50
ANAD,$0.333,1440260113788,"132,364",100% bullish,of 2 ratings,$.50
ANCB,$22.3001,1440260113890,500,Not yet rated,NULL,$23
ABCW,$39.96,1440260113952,"10,347",67% bullish,of 3 ratings,N/A
AMCF,$0.26,1440260114026,"9,494",100% bullish,of 7 ratings,N/A
ANGO,$14.71,1440260114129,"99,313",67% bullish,of 3 ratings,$19
ANGI,$4.64,1440260114159,"919,270",64% bullish,of 11 ratings,$5.50
ANIK,$34.88,1440260114311,"106,488",60% bullish,of 5 ratings,$51.25
ANIP,$49.38,1440260114346,"250,484",89% bullish,of 19 ratings,$66
ANSS,$90.92,1440260114526,"391,059",100% bearish,of 1 rating,$100
ANTH,$7.04,1440260114602,"1,783,771",80% bullish,of 10 ratings,$13
ATRS,$1.81,1440260114656,"537,668",92% bullish,of 12 ratings,$4.50
ABAC,$0.73,1440260114682,"36,221",100% bearish,of 1 rating,N/A
ATNY,$2.37,1440260114707,"2,775",50% bullish,of 2 ratings,$3.75
APIC,$6.49,1440260114744,"180,683",100% bearish,of 1 rating,$19
APOG,$51.6,1440260114840,"212,697",100% bullish,of 1 rating,$67
APOL,$10.9787,1440260114871,"992,661",87% bearish,of 68 ratings,$14
AINV,$6.4767,1440260114908,"1,117,263",50% bullish,of 4 ratings,$8
AAPL,$105.9,1440260115149,"82,174,464",86% bullish,of 2338 ratings,$150
ARCI,$1.33,1440260115178,"3,906",Not yet rated,NULL,N/A
APDNW,$1.15,1440260115201,"2,800",Not yet rated,NULL,N/A
APDN,$3.22,1440260115222,"61,834",Not yet rated,NULL,$9
APPF,$16.84,1440260115246,"52,701",50% bullish,of 2 ratings,$22
AGTC,$15.74,1440260115281,"119,853",50% bullish,of 2 ratings,$33
AREX,$2.03,1440260115686,"890,815",100% bearish,of 1 rating,$3
APRI,$1.33,1440260115737,"155,441",83% bullish,of 6 ratings,$4.86
APTO,$5.09,1440260115823,"8,208",Not yet rated,NULL,$17
AMAT,$15.497,1440260115848,"12,956,491",82% bullish,of 11 ratings,$23
AMCC,$5.35,1440260115876,"963,117",80% bullish,of 5 ratings,$8
AAOI,$19.89,1440260115906,"285,163",50% bullish,of 4 ratings,$26
AQMS,$5,1440260116009,"19,025",Not yet rated,NULL,N/A
AQXP,$18.2999,1440260116108,"469,595",50% bullish,of 2 ratings,$2
AUMAU,$9.94,1440260116138,"1,200",Not yet rated,NULL,N/A
AUMA,NULL,1440260116198,0,Not yet rated,NULL,N/A
AUMAW,NULL,1440260116224,0,Not yet rated,NULL,N/A
ARDM,$7.03,1440260116274,"4,358",100% bullish,of 1 rating,$26
PETX,$17.4,1440260116404,"307,971",100% bearish,of 2 ratings,$26
ABUS,$7.21,1440260116430,"502,243",86% bullish,of 14 ratings,$23
ARCW,$3.48,1440260116457,"25,137",100% bearish,of 2 ratings,$10.50
RKDA,$5.76,1440260116505,"19,343",100% bearish,of 2 ratings,$10
ABIO,$0.9,1440260116598,"131,271",50% bullish,of 2 ratings,$3.75
ARCB,$29.47,1440260116633,"211,071",50% bullish,of 2 ratings,$39.50
ACGL,$70.5015,1440260116693,"414,489",50% bullish,of 2 ratings,$72
ACAT,$26.89,1440260116783,"260,125",100% bearish,of 3 ratings,$33
ARNA,$2.97,1440260116842,"4,127,037",90% bullish,of 77 ratings,$5.50
ARDX,$17.41,1440260116868,"91,948",50% bullish,of 2 ratings,$24.50
ARCC,$15.47,1440260116921,"1,615,433",67% bearish,of 3 ratings,$17.875
AGIIL,$25.45,1440260117069,"5,893",Not yet rated,NULL,N/A
ARIS,$3.3,1440260117100,"8,290",Not yet rated,NULL,$4.50
ARGS,$6.17,1440260117122,"116,903",50% bullish,of 2 ratings,$19.50
AGII,$57.69,1440260117143,"141,575",Not yet rated,NULL,$59.50
ARIA,$6.7,1440260117273,"3,153,702",87% bullish,of 46 ratings,$9
ARKR,$25.36,1440260117306,552,50% bullish,of 2 ratings,N/A
ARMH,$40.1,1440260117327,"1,339,073",54% bearish,of 13 ratings,$61
ARTX,$1.48,1440260117355,"105,854",88% bullish,of 16 ratings,$4.50
ARWA,NULL,1440260117486,0,Not yet rated,NULL,N/A
ARWAR,NULL,1440260117517,0,Not yet rated,NULL,N/A
ARWAW,NULL,1440260117617,0,Not yet rated,NULL,N/A
ARWAU,NULL,1440260117646,0,100% bullish,of 1 rating,N/A
ARQL,$1.67,1440260117750,"200,267",75% bullish,of 4 ratings,$5
ARRY,$5.45,1440260117778,"1,219,732",100% bullish,of 7 ratings,$10
DWAT,$9.92,1440260117806,"46,463",100% bearish,of 1 rating,N/A
ARRS,$26.44,1440260117827,"1,060,211",50% bullish,of 2 ratings,$38
ARTW,$4.45,1440260118010,"3,048",75% bearish,of 4 ratings,N/A
ARTNA,$22.48,1440260118047,"42,576",100% bearish,of 1 rating,$29
AROW,$27.24,1440260118069,"41,580",Not yet rated,NULL,N/A
ARWR,$5.57,1440260118106,"814,360",75% bullish,of 4 ratings,$10.50
ASNA,$11.2187,1440260118138,"8,984,030",50% bullish,of 2 ratings,$18
ASBB,$25.05,1440260118166,372,Not yet rated,NULL,N/A
ASND,$18.23,1440260118197,"38,275",100% bullish,of 1 rating,$30
ASCMA,$28.6,1440260118378,"180,787",100% bearish,of 1 rating,$45
AZPN,$38.4,1440260118584,"991,920",50% bullish,of 2 ratings,$42
ASMI,NULL,1440260118613,0,NULL,NULL,NULL
ASTI,$0.13,1440260118639,"1,817,223",83% bullish,of 6 ratings,$3
APWC,$1.9,1440260118677,406,100% bearish,of 1 rating,N/A
ASML,$85.91,1440260118710,"1,134,628",67% bullish,of 3 ratings,$127
ASTE,$36.28,1440260118782,"88,638",100% bearish,of 1 rating,$48
ASFI,$8.95,1440260118812,"3,732",100% bullish,of 1 rating,N/A
ASMB,$12.44,1440260118923,"80,806",67% bullish,of 3 ratings,N/A
ATRO,$52.77,1440260118994,"98,668",100% bearish,of 2 ratings,$80
ASTC,$2.2,1440260119022,"39,970",100% bullish,of 5 ratings,N/A
ASUR,$5.76,1440260119053,"10,939",100% bearish,of 1 rating,$8
ALOT,$13.51,1440260119084,"1,011",100% bearish,of 1 rating,N/A
ATRA,$42.01,1440260119190,"183,569",50% bullish,of 2 ratings,$68
ATAI,$2.78,1440260119225,"31,993",100% bearish,of 1 rating,N/A
ATHN,$135.79,1440260119323,"193,647",67% bearish,of 3 ratings,$153
AFCB,$28.01,1440260119353,249,Not yet rated,NULL,N/A
ATHX,$1.17,1440260119380,"238,940",89% bullish,of 9 ratings,$5
AAPC,$10.21,1440260119458,394,Not yet rated,NULL,N/A
ACFC,$6.11,1440260119523,"95,163",Not yet rated,NULL,$6.50
AAME,$3.58,1440260119551,"1,190",Not yet rated,NULL,N/A
ATNI,$73.68,1440260119614,"66,107",100% bearish,of 1 rating,$69.50
AFH,$16.545,1440260119760,"75,284",Not yet rated,NULL,$21.50
AAWW,$41.78,1440260119806,"365,924",50% bullish,of 2 ratings,$65
ATLC,$3.9,1440260119834,"17,113",67% bullish,of 3 ratings,N/A
ATML,$6.95,1440260119860,"2,918,067",78% bullish,of 9 ratings,$9.50
ATOS,$0.85,1440260119990,"182,378",100% bullish,of 7 ratings,$7
ATRC,$25.67,1440260120099,"198,665",100% bullish,of 1 rating,$30
ATTU,$13.55,1440260120145,"51,302",100% bearish,of 1 rating,$20.50
ATRM,$2.89,1440260120172,"1,200",50% bullish,of 2 ratings,N/A
ATRI,$389.5,1440260120193,"4,458",Not yet rated,NULL,N/A
AUBN,$27.68,1440260120229,948,Not yet rated,NULL,N/A
LIFE,$14.04,1440260120259,"32,217",86% bullish,of 7 ratings,$43
AUPH,$3.19,1440260120360,"14,987",100% bearish,of 1 rating,$8
AUDC,$3.18,1440260120396,"55,482",80% bullish,of 5 ratings,$5
EARS,$4.845,1440260120544,"14,045",100% bearish,of 2 ratings,$11.50
ADAT,$0.12,1440260120647,"123,764",100% bullish,of 2 ratings,N/A
ABTL,$18.05,1440260120676,"70,992",100% bullish,of 4 ratings,$20.25
ADP,$79.23,1440260120739,"2,485,062",100% bearish,of 1 rating,$88
ADSK,$51.76,1440260120768,"2,339,645",83% bullish,of 6 ratings,$69.50
AVGO,$112.787,1440260120843,"3,328,073",88% bullish,of 8 ratings,$160
AAVL,$10.62,1440260120869,"258,588",100% bearish,of 1 rating,$20
AVEO,$1.38,1440260120907,"1,367,791",75% bullish,of 8 ratings,$3
AVID,$8.01,1440260121037,"539,251",100% bearish,of 1 rating,$20
AVNU,$12.7,1440260121067,506,Not yet rated,NULL,$14
AVNW,$1.24,1440260121105,"161,594",50% bullish,of 2 ratings,$2.20
AWRE,$3.14,1440260121199,"21,064",67% bullish,of 3 ratings,N/A
CAR,$42.2749,1440260121225,"1,835,525",80% bullish,of 5 ratings,$60
AVGR,$14.23,1440260121247,"21,077",100% bearish,of 1 rating,$20
ACLS,$3.29,1440260121383,"557,776",67% bullish,of 6 ratings,$4.75
AXPWW,NULL,1440260121455,0,Not yet rated,NULL,N/A
AXPW,$1.1,1440260121482,"56,422",83% bullish,of 6 ratings,N/A
AXGN,$3.94,1440260121558,"27,034",Not yet rated,NULL,$5
RILY,$10,1440260121632,600,Not yet rated,NULL,N/A
AXTI,$2.15,1440260121667,"35,695",50% bullish,of 2 ratings,$2.75
BCOM,NULL,1440260121699,0,100% bearish,of 1 rating,N/A
BOSC,$2.37,1440260121764,"1,297",50% bullish,of 2 ratings,N/A
BEAV,$48.57,1440260121791,"742,264",67% bearish,of 3 ratings,$59
BIDU,$152.9,1440260121819,"3,843,564",81% bullish,of 88 ratings,$210
BWINA,NULL,1440260121965,0,Not yet rated,NULL,N/A
BCPC,$57.76,1440260122017,"128,021",100% bearish,of 1 rating,$75
BWINB,$23.01,1440260122038,"25,265",Not yet rated,NULL,N/A
BANF,$60.97,1440260122222,"18,077",Not yet rated,NULL,$68
BANFP,NULL,1440260122257,0,Not yet rated,NULL,N/A
BLDP,$1.24,1440260122285,"470,551",91% bullish,of 22 ratings,$2.50
BOCH,$5.76,1440260122352,"16,932",Not yet rated,NULL,$6.50
BKMU,$7.19,1440260122383,"511,937",Not yet rated,NULL,$8
BMRC,$48.75,1440260122414,"17,961",Not yet rated,NULL,$52
BKSC,$15.6,1440260122483,705,Not yet rated,NULL,N/A
BOTJ,$11.15,1440260122510,"3,090",Not yet rated,NULL,N/A
OZRK,$40.71,1440260122638,"553,107",67% bullish,of 3 ratings,$49.50
BFIN,$12.01,1440260122667,"29,911",Not yet rated,NULL,$13
BWFG,$18.03,1440260122722,"3,688",100% bearish,of 1 rating,N/A
BANR,$45.64,1440260122767,"84,960",100% bullish,of 3 ratings,$50
BZUN,$5.65,1440260122795,"399,133",50% bullish,of 2 ratings,$12.60
BHAC,NULL,1440260122866,0,Not yet rated,NULL,N/A
TAPR,$29.38,1440260122923,"4,550",100% bearish,of 1 rating,N/A
BHACR,$0.25,1440260122998,700,Not yet rated,NULL,N/A
BSET,$29.1,1440260123130,"49,205",100% bearish,of 1 rating,$35
BHACW,NULL,1440260123162,0,Not yet rated,NULL,N/A
BHACU,NULL,1440260123192,0,Not yet rated,NULL,N/A
BBSI,$34.87,1440260123267,"71,494",67% bearish,of 3 ratings,$62.50
BYBK,$5.02,1440260123293,"1,546",100% bearish,of 1 rating,N/A
BYLK,$12.95,1440260123343,"4,701",Not yet rated,NULL,$14
BBCN,$14.81,1440260123368,"308,877",100% bearish,of 1 rating,$16
BV,$5.08,1440260123425,"375,082",67% bullish,of 6 ratings,$9
BDCV,$4.84,1440260123558,"9,821",100% bearish,of 1 rating,$10.19
BSF,$8.62,1440260123660,"18,869",Not yet rated,NULL,N/A
BCBP,$11.73,1440260123690,"8,625",Not yet rated,NULL,N/A
BECN,$35.48,1440260123715,"294,756",50% bullish,of 2 ratings,$40
BEBE,$1.81,1440260123743,"150,846",75% bullish,of 4 ratings,$3.075
BBBY,$61.8626,1440260123790,"2,676,226",71% bullish,of 7 ratings,$75
BBGI,$4.68,1440260123982,2,100% bearish,of 1 rating,N/A
BELFA,$15.5,1440260124015,100,100% bearish,of 1 rating,N/A
BLPH,$5.01,1440260124042,"26,371",100% bearish,of 1 rating,$12.50
BLCM,$17.46,1440260124117,"701,289",50% bullish,of 4 ratings,$40
BELFB,$17.92,1440260124144,"70,318",100% bearish,of 1 rating,N/A
BNTC,$8.6562,1440260124176,"29,198",100% bullish,of 1 rating,N/A
BNCL,$12.64,1440260124204,"393,855",100% bullish,of 3 ratings,$12.50
BNFT,$36.3,1440260124277,"94,715",67% bullish,of 3 ratings,$46
BGMD,$0.8536,1440260124463,"210,316",100% bullish,of 10 ratings,N/A
BGFV,$10.86,1440260124729,"167,409",57% bullish,of 7 ratings,$12
BCDA,NULL,1440260124761,0,Not yet rated,NULL,N/A
BASI,$1.39,1440260124810,"12,876",Not yet rated,NULL,N/A
BGCP,$8.8,1440260124837,"2,203,135",88% bullish,of 8 ratings,$14
BIND,$4.56,1440260124862,"42,392",67% bullish,of 3 ratings,$13.50
ORPN,$5.34,1440260124894,"18,329",100% bullish,of 1 rating,$28.50
BIOC,$2.08,1440260124992,"466,899",83% bullish,of 6 ratings,$3.85
BIOD,$0.6899,1440260125162,"144,374",80% bullish,of 5 ratings,$4
BCRX,$11.99,1440260125225,"637,416",63% bullish,of 8 ratings,$18
BDSI,$6.52,1440260125254,"1,009,736",88% bullish,of 8 ratings,$17
BIIB,$298,1440260125275,"2,250,449",88% bullish,of 16 ratings,$400
BIOL,$1.46,1440260125312,"36,518",Not yet rated,NULL,N/A
BLFS,$2.03,1440260125334,"86,446",100% bearish,of 1 rating,$4.75
BLRX,$1.42,1440260125411,"228,173",100% bullish,of 12 ratings,$5
BMRN,$130,1440260125585,"823,308",80% bullish,of 5 ratings,$160
BVXV,$3.86,1440260125616,"7,057",Not yet rated,NULL,N/A
BRLI,NULL,1440260125640,0,NULL,NULL,NULL
BPTH,$1.13,1440260125691,"64,428",100% bullish,of 2 ratings,$5
BVXVW,$0.77,1440260125715,"1,008",100% bearish,of 1 rating,N/A
BIOS,$1.84,1440260125880,"1,061,659",71% bullish,of 7 ratings,$4
BBC,$30.48,1440260125923,"62,013",Not yet rated,NULL,N/A
BBP,$32.07,1440260125953,"91,659",Not yet rated,NULL,N/A
BSTC,$49.71,1440260125984,"66,008",100% bearish,of 1 rating,$76
BSPM,$0.72,1440260126005,"10,225",50% bullish,of 2 ratings,N/A
BEAT,$13.69,1440260126084,"339,071",67% bearish,of 3 ratings,$15
TECH,$101.4978,1440260126226,"129,987",100% bullish,of 1 rating,$117
BITI,$17.33,1440260126252,"31,694",100% bullish,of 1 rating,$28
BOTA,$2.2,1440260126277,"47,009",88% bullish,of 8 ratings,N/A
BDMS,NULL,1440260126303,0,100% bearish,of 1 rating,N/A
BJRI,$44.71,1440260126473,"215,274",50% bullish,of 2 ratings,$55
BBOX,$15.44,1440260126581,"68,675",100% bearish,of 1 rating,N/A
BBRY,$7.15,1440260126635,"5,450,296",61% bullish,of 330 ratings,$9
BDE,$7.5,1440260126672,"220,690",50% bullish,of 2 ratings,$9
ADRA,$27.52,1440260126702,"1,065",Not yet rated,NULL,N/A
BLKB,$58.91,1440260126724,"225,935",100% bearish,of 2 ratings,$66
HAWK,$42,1440260126760,"525,334",91% bullish,of 11 ratings,$49
BKCC,$9.118,1440260126781,"334,015",100% bullish,of 2 ratings,$10
ADRD,$22.12,1440260126923,"8,231",100% bearish,of 1 rating,N/A
ADRE,$29.55,1440260126948,"44,928",Not yet rated,NULL,N/A
ADRU,$21.85,1440260127101,"2,468",100% bearish,of 1 rating,N/A
BLMN,$20.36,1440260127127,"1,559,840",83% bullish,of 6 ratings,$27.50
BCOR,$13.4,1440260127303,"257,015",57% bullish,of 7 ratings,$15
BUFF,$26.91,1440260127336,"472,572",83% bullish,of 12 ratings,$31.50
BBLU,$0.89,1440260127363,"120,329",100% bullish,of 2 ratings,$4.43
BHBK,$14.06,1440260127400,"103,355",100% bullish,of 1 rating,$14.50
BLBD,$11.53,1440260127429,"7,869",Not yet rated,NULL,N/A
NILE,$34.29,1440260127456,"91,641",50% bullish,of 2 ratings,$34
BLUE,$124.9,1440260127499,"511,022",71% bullish,of 7 ratings,$217.50
BKEP,$6.6,1440260127625,"42,067",100% bearish,of 1 rating,$8.50
BKEPP,$7.773,1440260127679,"1,100",100% bearish,of 1 rating,N/A
BPMC,$25.74,1440260127725,"43,864",50% bullish,of 2 ratings,$47.50
BOBE,$44.5,1440260127858,"144,944",75% bullish,of 4 ratings,$57
BNCN,$21.26,1440260127885,"105,692",Not yet rated,NULL,$23
WIFI,$7.83,1440260128016,"402,837",50% bullish,of 2 ratings,$13.50
BOJA,$20.83,1440260128243,"194,845",100% bullish,of 1 rating,$30
BOKF,$61.8126,1440260128326,"136,973",100% bearish,of 1 rating,$70.50
BONA,$11.82,1440260128383,"182,491",75% bullish,of 4 ratings,$8.50
BPFHP,$25,1440260128409,"1,571",100% bearish,of 1 rating,N/A
BOFI,$123.99,1440260128485,"365,678",100% bullish,of 6 ratings,$144
BPFHW,$5.5,1440260128542,837,100% bearish,of 1 rating,N/A
EPAY,$25.46,1440260128588,"155,496",100% bearish,of 2 ratings,$30
BPFH,$12.155,1440260128618,"304,942",100% bearish,of 1 rating,$14
BAMM,$3.21,1440260128650,"12,873",60% bullish,of 5 ratings,N/A
BBRG,$12.58,1440260128725,"83,065",67% bullish,of 3 ratings,$14.50
BNSO,$1.38,1440260128761,"6,280",100% bearish,of 1 rating,N/A
BCLI,$2.92,1440260128854,"80,439",80% bullish,of 5 ratings,$12
BDBD,$8.43,1440260128882,"500,690",60% bullish,of 5 ratings,$10
BDGE,$27.4,1440260128940,"33,067",Not yet rated,NULL,$31.75
BBEPP,$13.24,1440260128966,"73,231",100% bearish,of 1 rating,N/A
BBEP,$2.26,1440260129095,"2,113,660",69% bullish,of 13 ratings,$5.625
BRID,$8.62,1440260129242,86,100% bearish,of 1 rating,N/A
BLIN,$1.15,1440260129276,"21,500",50% bullish,of 2 ratings,$2.20
BRCM,$48.57,1440260129297,"5,158,085",75% bullish,of 12 ratings,$56
BCOV,$5.22,1440260129372,"120,648",67% bullish,of 3 ratings,$10.20
BVSN,$5.54,1440260129398,"12,787",60% bearish,of 5 ratings,N/A
BSFT,$30.87,1440260129426,"134,160",57% bullish,of 7 ratings,$40.50
BRCD,$10.6,1440260129555,"10,780,307",92% bullish,of 13 ratings,$12.50
BYFC,$1.37,1440260129583,200,50% bullish,of 2 ratings,N/A
BWEN,$3.26,1440260129616,"21,709",100% bullish,of 3 ratings,$8
BRKS,$10.37,1440260129650,"191,066",67% bullish,of 3 ratings,$15.25
BRKL,$10.765,1440260129718,"389,012",100% bearish,of 1 rating,$10.75
BMTC,$29.46,1440260129785,"89,269",Not yet rated,NULL,$34
BRKR,$19.0677,1440260129811,"233,562",100% bearish,of 2 ratings,$22
BLMT,$20.8,1440260129950,"14,194",Not yet rated,NULL,N/A
BSQR,$6.03,1440260129979,"89,784",67% bullish,of 3 ratings,N/A
BWLD,$189.5073,1440260130061,"260,082",82% bullish,of 11 ratings,$205
BUR,$1.85,1440260130116,"2,443",100% bearish,of 1 rating,$8
BLDR,$14.9615,1440260130198,"1,078,324",50% bullish,of 2 ratings,$22
CHRW,$67.24,1440260130228,"1,128,419",Not yet rated,NULL,$72
CFFI,$36,1440260130252,"6,616",100% bearish,of 1 rating,N/A
CA,$27.33,1440260130274,"2,905,194",50% bullish,of 4 ratings,$33
CCMP,$44.25,1440260130414,"90,039",50% bullish,of 2 ratings,$59
CDNS,$19.8,1440260130476,"1,519,633",75% bullish,of 4 ratings,$22.50
CDZI,$7.53,1440260130501,"30,147",100% bearish,of 1 rating,N/A
CZR,$8.02,1440260130543,"1,345,062",60% bearish,of 5 ratings,$10.50
CSTE,$45,1440260130574,"526,244",100% bearish,of 1 rating,$65
CACQ,$7.1,1440260130673,"100,797",100% bearish,of 1 rating,$12.25
PRSS,$4.42,1440260130733,"18,224",80% bullish,of 5 ratings,$4.50
CLBS,$1.33,1440260130775,"263,782",79% bullish,of 14 ratings,$4
CLMS,$11.43,1440260130904,"84,354",Not yet rated,NULL,$10.50
CHI,$10.67,1440260130940,"301,618",100% bearish,of 1 rating,N/A
CCD,$19.57,1440260130961,"275,211",Not yet rated,NULL,N/A
CFGE,NULL,1440260131036,0,Not yet rated,NULL,N/A
CHY,$11.51,1440260131063,"256,541",Not yet rated,NULL,N/A
CHW,$7.59,1440260131134,"273,520",100% bearish,of 1 rating,N/A
CGO,$11.92,1440260131160,"30,892",100% bearish,of 1 rating,N/A
CSQ,$9.88,1440260131334,"547,189",Not yet rated,NULL,N/A
CVGW,$54.49,1440260131360,"146,768",50% bullish,of 2 ratings,$58.50
CAMP,$15.71,1440260131391,"335,596",88% bullish,of 8 ratings,$25
CALA,$5.13,1440260131495,"381,343",100% bullish,of 3 ratings,$19.50
CALD,$15.56,1440260131536,"396,608",100% bearish,of 1 rating,$20.50
CFNB,$13.73,1440260131561,143,100% bearish,of 1 rating,N/A
CALM,$49.67,1440260131625,"539,610",80% bullish,of 5 ratings,$65
ABCD,$4.64,1440260131756,"122,674",83% bullish,of 6 ratings,N/A
CLMT,$25.21,1440260131781,"367,348",75% bullish,of 8 ratings,$31
CAMBW,$0.14,1440260131853,200,Not yet rated,NULL,N/A
CAMBU,NULL,1440260131881,0,100% bearish,of 1 rating,N/A
CAMB,NULL,1440260131907,0,Not yet rated,NULL,N/A
CAC,$40.79,1440260132040,"25,045",Not yet rated,NULL,N/A
CGIX,$9.21,1440260132068,"38,415",67% bullish,of 3 ratings,$14.375
CAMT,$2.76,1440260132123,"17,958",73% bullish,of 11 ratings,$4
CSIQ,$17.5,1440260132201,"3,511,125",86% bullish,of 28 ratings,$45
CPHC,$10.66,1440260132256,"2,320",100% bearish,of 1 rating,N/A
CBNJ,$10.65,1440260132306,"60,681",100% bullish,of 1 rating,N/A
CPLA,$48.57,1440260132388,"84,854",50% bullish,of 2 ratings,$65
CBF,$30.13,1440260132468,"102,306",Not yet rated,NULL,$32
CCBG,$15.17,1440260132495,"20,399",Not yet rated,NULL,$17.25
CSWC,$46.68,1440260132625,"16,339",Not yet rated,NULL,N/A
CPTA,$14.22,1440260132659,"52,411",Not yet rated,NULL,$18.50
CFFN,$12.0086,1440260132689,"689,306",Not yet rated,NULL,$12.75
CAPN,$1.99,1440260132757,"269,769",100% bullish,of 1 rating,$10.85
CPLP,$7.07,1440260132789,"470,786",71% bullish,of 7 ratings,$11
CAPNW,$0.6199,1440260132838,615,Not yet rated,NULL,N/A
CAPR,$3.95,1440260132888,"6,718",Not yet rated,NULL,$12
CARA,$21.01,1440260133052,"286,045",50% bullish,of 4 ratings,$25
CPST,$0.3777,1440260133084,"956,493",95% bullish,of 22 ratings,$1.25
CBYL,$6.29,1440260133150,"38,631",100% bearish,of 1 rating,$20
CARB,$11.43,1440260133181,"85,069",75% bullish,of 4 ratings,$12
CFNL,$22.47,1440260133276,"122,419",Not yet rated,NULL,$24
CRDC,$0.38,1440260133306,"10,734",100% bullish,of 1 rating,$1.25
CRME,$9.535,1440260133379,"32,837",89% bullish,of 9 ratings,$11.25
CATM,$34.54,1440260133457,"283,184",100% bearish,of 1 rating,$44
CECO,$3.63,1440260133512,"476,999",67% bearish,of 3 ratings,$6
CDNA,$6.47,1440260133555,"6,286",100% bearish,of 1 rating,$9
CTRE,$12.03,1440260133580,"422,076",50% bullish,of 2 ratings,N/A
CSII,$24.6527,1440260133607,"477,244",100% bearish,of 2 ratings,$42.125
CKEC,$21.84,1440260133647,"283,627",50% bullish,of 2 ratings,$35.915
CLBH,$12.79,1440260133779,288,Not yet rated,NULL,$16.50
CARO,$15.35,1440260133834,"1,700",100% bearish,of 1 rating,$19
CART,NULL,1440260133863,0,100% bearish,of 1 rating,N/A
CRZO,$32,1440260133961,"968,169",67% bearish,of 3 ratings,$57
CRTN,$2.66,1440260134076,103,100% bearish,of 1 rating,N/A
TAST,$11.91,1440260134117,"220,515",Not yet rated,NULL,$14.25
CARV,$5.51,1440260134145,"1,650",50% bullish,of 2 ratings,N/A
CSCD,$14.23,1440260134218,"100,500",100% bullish,of 2 ratings,$17
CACB,$5.43,1440260134239,"111,472",Not yet rated,NULL,$5.50
CASM,$1.09,1440260134273,"4,748",100% bullish,of 1 rating,$3.50
CASY,$104.8974,1440260134299,"370,086",50% bullish,of 2 ratings,$99.50
CWST,$6.2,1440260134325,"271,280",50% bullish,of 2 ratings,$7
CASI,$1.42,1440260134484,"13,082",100% bullish,of 1 rating,$3.50
CASS,$47.46,1440260134622,"46,174",100% bearish,of 1 rating,N/A
CATB,$11.26,1440260134656,"70,464",100% bearish,of 1 rating,$28
CATY,$30.2864,1440260134681,"491,578",100% bearish,of 1 rating,$33.50
CPRX,$3.66,1440260134718,"846,503",71% bullish,of 7 ratings,$7
CVCO,$73.17,1440260134743,"73,964",100% bearish,of 1 rating,N/A
CATYW,$10.54,1440260134769,100,100% bearish,of 1 rating,N/A
CBFV,$20.75,1440260134954,"4,266",Not yet rated,NULL,N/A
CAVM,$66.14,1440260135038,"458,453",67% bearish,of 3 ratings,$72
CNLM,$9.97,1440260135083,"1,883",Not yet rated,NULL,N/A
CNLMR,NULL,1440260135109,0,Not yet rated,NULL,N/A
CNLMW,NULL,1440260135235,0,Not yet rated,NULL,N/A
CBOE,$61.4126,1440260135261,"495,206",Not yet rated,NULL,$60
CNLMU,NULL,1440260135287,0,100% bullish,of 1 rating,N/A
CDK,$48.5,1440260135310,"517,921",67% bearish,of 3 ratings,$50
CDW,$38.25,1440260135506,"1,490,342",75% bullish,of 4 ratings,$44
CECE,$9.45,1440260135531,"124,266",50% bullish,of 2 ratings,$16
CELG,$119.5,1440260135734,"5,582,818",92% bullish,of 13 ratings,$155.50
CPXX,$2.13,1440260135763,"85,814",100% bullish,of 2 ratings,$7
CELGZ,$1.81,1440260135784,"14,200",80% bullish,of 5 ratings,N/A
CLRB,$3.05,1440260135841,"5,111",100% bearish,of 1 rating,N/A
CLDN,$1.05,1440260135921,"324,992",71% bullish,of 7 ratings,$3
CLDX,$13.53,1440260135951,"2,065,127",89% bullish,of 9 ratings,$36
CLRBW,$0.94,1440260135972,300,Not yet rated,NULL,N/A
CLLS,$30.45,1440260136013,"113,250",75% bullish,of 4 ratings,$51.50
CLSN,$2,1440260136104,"140,086",80% bullish,of 10 ratings,$7.50
CLTX,$3,1440260136131,"2,660,088",100% bullish,of 2 ratings,N/A
CBMG,$22.63,1440260136157,"40,791",50% bullish,of 2 ratings,N/A
CYAD,$50.47,1440260136298,"5,476",100% bullish,of 1 rating,$87.50
CEMP,$35.5,1440260136403,"686,260",71% bullish,of 7 ratings,$52
CETX,$2.47,1440260136428,"12,950",Not yet rated,NULL,$5.60
CFBK,$1.38,1440260136569,"6,308",Not yet rated,NULL,N/A
CSFL,$14.06,1440260136596,"147,356",Not yet rated,NULL,$15
CENT,$11.93,1440260136618,"28,453",Not yet rated,NULL,$10
CETV,$2.02,1440260136650,"177,717",67% bullish,of 3 ratings,$2.80
CENTA,$12.57,1440260136683,"238,725",Not yet rated,NULL,N/A
CNBKA,$40.33,1440260136787,"9,839",100% bullish,of 1 rating,N/A
CVCY,$11.19,1440260136816,675,Not yet rated,NULL,$12
CENX,$5.17,1440260136845,"1,660,584",67% bullish,of 6 ratings,$9
CNTY,$6.02,1440260136977,"6,571",80% bullish,of 5 ratings,$7.75
CRNT,$1.37,1440260137005,"280,066",50% bullish,of 2 ratings,$2
CPHD,$47.8043,1440260137026,"535,219",50% bullish,of 2 ratings,$66.50
CERE,$1.1,1440260137161,"479,152",88% bullish,of 8 ratings,N/A
CERU,$3.42,1440260137258,"35,413",75% bullish,of 4 ratings,$15
CERS,$4.73,1440260137289,"650,339",75% bullish,of 4 ratings,$7
KOOL,$0.6998,1440260137447,"19,783",100% bullish,of 5 ratings,$7
CYOU,$20.0874,1440260137516,"457,679",50% bullish,of 6 ratings,$24
HOTRW,NULL,1440260137543,0,Not yet rated,NULL,N/A
CERN,$61.72,1440260137573,"1,895,743",67% bullish,of 3 ratings,$79
CEVA,$18.37,1440260137599,"70,931",100% bearish,of 1 rating,$25
HOTR,$1.5,1440260137624,"212,526",100% bullish,of 2 ratings,$5
GTLS,$22.3973,1440260137771,"330,795",50% bullish,of 4 ratings,$40
CHTR,$177.5087,1440260137820,"962,693",100% bearish,of 2 ratings,$196
CTHR,$1.23,1440260137853,"48,304",50% bullish,of 2 ratings,$2.50
CHFN,$12.45,1440260137952,"35,096",Not yet rated,NULL,$14
CHKP,$76.9,1440260137982,"1,048,652",50% bullish,of 4 ratings,$92
CHEK,$3.16,1440260138009,"1,665",Not yet rated,NULL,$7.75
CHEKW,NULL,1440260138082,0,Not yet rated,NULL,N/A
CEMI,$4.25,1440260138227,"5,139",50% bullish,of 2 ratings,$7.50
CCXI,$6.66,1440260138285,"125,627",67% bullish,of 3 ratings,$14
CHMG,$26.6,1440260138315,700,Not yet rated,NULL,$30
CHFC,$31.81,1440260138366,"100,386",100% bearish,of 1 rating,$36
CHEV,$14.63,1440260138421,"8,266",Not yet rated,NULL,N/A
PLCE,$58.5,1440260138458,"386,298",100% bearish,of 1 rating,$71
CHKE,$25.42,1440260138485,"26,595",100% bearish,of 1 rating,$32.50
CBNK,$16.48,1440260138507,297,100% bearish,of 1 rating,N/A
CHMA,$24.05,1440260138657,"123,730",Not yet rated,NULL,$40
CADC,NULL,1440260138742,0,78% bullish,of 9 ratings,N/A
CALI,$0.87,1440260138793,"7,037",67% bullish,of 3 ratings,N/A
CMRX,$46.44,1440260138819,"341,351",50% bullish,of 2 ratings,$57
CBAK,$1.8,1440260138894,"39,266",67% bullish,of 9 ratings,N/A
CAAS,$6.48,1440260138948,"52,022",93% bullish,of 14 ratings,$11.50
CBPO,$97.5633,1440260138986,"275,264",75% bullish,of 8 ratings,$140.50
CCCL,$0.85,1440260139147,"10,030",100% bullish,of 6 ratings,N/A
CCCR,$0.89,1440260139181,"36,866",67% bearish,of 3 ratings,N/A
CHOP,$1.2,1440260139203,"146,084",50% bullish,of 2 ratings,N/A
JRJC,$3.88,1440260139225,"166,421",82% bullish,of 11 ratings,N/A
HGSH,$1.89,1440260139246,"13,900",67% bullish,of 3 ratings,N/A
CHLN,$2.05,1440260139292,"8,803",67% bullish,of 3 ratings,N/A
CNIT,$1.54,1440260139381,"31,123",67% bullish,of 6 ratings,N/A
CJJD,$1.9,1440260139517,"52,186",100% bullish,of 1 rating,N/A
CHNR,$2.01,1440260139582,"1,911",100% bearish,of 1 rating,N/A
HTHT,$24.5,1440260139636,"81,284",50% bullish,of 2 ratings,$28
CREG,$0.7,1440260139769,"109,561",100% bullish,of 3 ratings,N/A
CSUN,$1.38,1440260139796,"19,180",80% bullish,of 5 ratings,N/A
CNTF,$0.85,1440260139826,"130,860",Not yet rated,NULL,N/A
CXDC,$6.21,1440260139930,"128,308",67% bullish,of 3 ratings,N/A
CPGI,$6.94,1440260139958,"2,888",Not yet rated,NULL,N/A
CNYD,$3.17,1440260139994,"7,840",67% bullish,of 3 ratings,N/A
CNET,$0.8899,1440260140015,"36,501",50% bullish,of 2 ratings,N/A
CCIH,$6.0688,1440260140047,"995,724",67% bullish,of 6 ratings,$12.65
IMOS,$16.0456,1440260140103,"208,767",60% bullish,of 5 ratings,$21.50
CHSCM,$25.86,1440260140240,"33,418",Not yet rated,NULL,N/A
CHSCL,$27.06,1440260140265,"26,654",Not yet rated,NULL,N/A
CHSCN,$27.02,1440260140341,"3,839",Not yet rated,NULL,N/A
CHSCO,$28.32,1440260140420,"9,147",Not yet rated,NULL,N/A
CHDN,$134.37,1440260140583,"57,359",Not yet rated,NULL,$165
CIFC,$6.85,1440260140612,"10,311",Not yet rated,NULL,N/A
CHSCP,$30.29,1440260140635,"3,905",Not yet rated,NULL,N/A
CHUY,$31.27,1440260140661,"229,822",50% bullish,of 2 ratings,$34
CMCT,$15,1440260140699,"2,992",100% bearish,of 1 rating,N/A
CDTX,$14.04,1440260140800,"21,619",Not yet rated,NULL,$22
CMPR,$67.75,1440260140835,"558,567",50% bullish,of 2 ratings,$72.50
CINF,$53.8535,1440260140857,"1,065,857",50% bullish,of 4 ratings,$50.50
CIDM,$0.62,1440260140939,"87,510",50% bullish,of 2 ratings,$2.10
CPHR,$6.2,1440260140969,"1,500",100% bearish,of 1 rating,$16
CTAS,$84.87,1440260140996,"522,195",100% bearish,of 1 rating,$91
CSCO,$26.48,1440260141278,"34,066,946",84% bullish,of 208 ratings,$32
CZWI,$9.09,1440260141308,10,Not yet rated,NULL,N/A
CZNC,$19.63,1440260141338,"13,840",Not yet rated,NULL,N/A
CTRN,$27.92,1440260141367,"144,202",100% bearish,of 1 rating,$31.50
CRUS,$27.46,1440260141400,"973,633",75% bullish,of 12 ratings,$44.50
CZFC,$12.7201,1440260141440,700,Not yet rated,NULL,N/A
CTXS,$73.91,1440260141502,"1,231,547",86% bullish,of 7 ratings,$80
CHCO,$47.47,1440260141529,"74,330",Not yet rated,NULL,$46
CIZN,$19.55,1440260141665,"1,220",Not yet rated,NULL,N/A
CIVB,$10.29,1440260141699,"5,841",Not yet rated,NULL,$11
CDTI,$1.56,1440260141738,"65,316",75% bullish,of 4 ratings,$3.20
CLNE,$4.02,1440260141797,"1,114,136",80% bullish,of 15 ratings,$9
CIVBP,NULL,1440260141827,0,Not yet rated,NULL,N/A
CLNT,$1.69,1440260141933,"56,834",75% bullish,of 8 ratings,N/A
CLFD,$16.89,1440260142011,"50,082",67% bullish,of 3 ratings,$18
CLRO,$11.74,1440260142063,"4,663",50% bullish,of 2 ratings,$14.25
CSBK,$13.76,1440260142096,"62,601",Not yet rated,NULL,N/A
CBLI,$3.82,1440260142198,"47,562",60% bullish,of 5 ratings,N/A
CLVS,$72.68,1440260142228,"346,682",60% bullish,of 5 ratings,$101.50
CLIR,$5.07,1440260142254,"32,472",100% bullish,of 3 ratings,N/A
CME,$91.629,1440260142389,"3,306,208",67% bullish,of 3 ratings,$102
CMFN,$11.79,1440260142416,"14,093",100% bearish,of 1 rating,$15.50
CISG,$7.78,1440260142437,"151,935",100% bullish,of 5 ratings,$10
CCNE,$17.08,1440260142471,"21,997",50% bullish,of 2 ratings,$21.50
CNV,$4.72,1440260142571,"20,202",50% bullish,of 2 ratings,$7.15
CWAY,$11.36,1440260142618,502,Not yet rated,NULL,N/A
COBZ,$13,1440260142775,"155,494",100% bullish,of 1 rating,$14
COKE,$154.15,1440260142802,"30,930",79% bullish,of 19 ratings,N/A
CDRB,$11.18,1440260142838,"11,033",67% bullish,of 3 ratings,N/A
JVA,$4.57,1440260142865,"28,204",83% bullish,of 6 ratings,$7
CVLY,$20.55,1440260142887,"8,047",Not yet rated,NULL,N/A
CDXS,$3.96,1440260142929,"51,237",64% bullish,of 11 ratings,$6
CCOI,$28.31,1440260142957,"322,021",50% bullish,of 4 ratings,$35
CGNT,$1.66,1440260143161,"34,162",100% bullish,of 2 ratings,$2
CGNX,$35.7,1440260143189,"695,000",50% bullish,of 2 ratings,$47
COHR,$57.2,1440260143210,"130,953",50% bullish,of 2 ratings,$72
CTSH,$62.85,1440260143244,"3,763,692",90% bullish,of 10 ratings,$75
CHRS,$29.87,1440260143349,"170,994",67% bearish,of 3 ratings,$37
CLRX,$0.4901,1440260143377,"59,544",50% bullish,of 2 ratings,N/A
COHU,$9.89,1440260143505,"271,999",100% bearish,of 1 rating,$14.25
COLL,$15.25,1440260143554,"33,838",100% bearish,of 1 rating,$26
CBAN,$8.95,1440260143600,520,Not yet rated,NULL,N/A
CLCT,$18.06,1440260143630,"74,153",100% bearish,of 1 rating,N/A
CLCD,$6.91,1440260143664,"23,570",100% bearish,of 1 rating,$20.50
CIGI,$44.35,1440260143736,"9,835",100% bearish,of 1 rating,$52
COLB,$31.17,1440260143763,"236,131",Not yet rated,NULL,$36
COLM,$62.63,1440260143979,"170,550",100% bearish,of 1 rating,$71
CMCO,$19.42,1440260144050,"118,644",60% bullish,of 5 ratings,$28
CMCSA,$56.78,1440260144183,"15,010,891",66% bullish,of 35 ratings,$69.50
CMCSK,$57.64,1440260144222,"4,128,285",Not yet rated,NULL,$84
CBSH,$45.3446,1440260144263,"380,222",50% bullish,of 2 ratings,$46
CBMX,$1.21,1440260144354,"39,549",83% bullish,of 6 ratings,$3.15
CBSHP,$25.25,1440260144380,"1,462",100% bearish,of 1 rating,N/A
CUBN,$13.6,1440260144508,"2,416",Not yet rated,NULL,N/A
CVGI,$4.69,1440260144567,"105,073",50% bullish,of 2 ratings,$6
JCS,$9.21,1440260144637,626,67% bullish,of 3 ratings,N/A
ESXB,$5.12,1440260144668,"12,099",Not yet rated,NULL,N/A
CSAL,$20.6075,1440260144707,"718,045",75% bullish,of 4 ratings,$30
CYHHZ,$0.011,1440260144769,"5,341",100% bullish,of 1 rating,N/A
COMM,$29.31,1440260144799,"1,032,402",67% bearish,of 3 ratings,$35
CTBI,$34.8,1440260144900,"47,075",Not yet rated,NULL,$36
CVLT,$36.34,1440260145035,"370,999",75% bullish,of 4 ratings,$44.50
CWBC,$6.78,1440260145061,"5,828",Not yet rated,NULL,N/A
CSA,$33.32,1440260145197,"2,560",Not yet rated,NULL,N/A
CID,$33.93,1440260145256,300,Not yet rated,NULL,N/A
CIL,$33.53,1440260145277,500,Not yet rated,NULL,N/A
COB,$10.42,1440260145298,"21,470",100% bullish,of 1 rating,$11.75
CIZ,$33.33,1440260145319,"5,278",100% bearish,of 1 rating,N/A
CSF,$36.84,1440260145452,"5,120",100% bearish,of 1 rating,N/A
CDC,$35.22,1440260145484,"23,106",Not yet rated,NULL,N/A
CFO,$35.7,1440260145505,"16,998",100% bearish,of 1 rating,N/A
CDL,$34.42,1440260145534,"7,600",Not yet rated,NULL,N/A
CFA,$35.77,1440260145583,"2,458",100% bearish,of 1 rating,N/A
CSB,NULL,1440260145719,0,Not yet rated,NULL,N/A
CGEN,$5.15,1440260145745,"114,352",50% bullish,of 2 ratings,$11
CPSI,$45.08,1440260145872,"89,664",100% bearish,of 1 rating,$45.50
CTG,$6.63,1440260145899,"46,409",100% bearish,of 1 rating,$8.50
SCOR,$56.5,1440260145929,"463,584",100% bearish,of 1 rating,$66
CHCI,$0.6,1440260145979,"23,882",50% bullish,of 2 ratings,N/A
CNAT,$4,1440260146115,"134,269",83% bullish,of 6 ratings,$13
CNCE,$15.39,1440260146141,"221,475",75% bullish,of 4 ratings,$22
CNSI,$18.79,1440260146177,"160,869",100% bearish,of 2 ratings,$29
CXRX,$71.01,1440260146209,"3,584",Not yet rated,NULL,$90
CMTL,$26.49,1440260146237,"90,800",100% bearish,of 2 ratings,$37
CDOR,$1.47,1440260146307,"5,359",100% bullish,of 1 rating,N/A
CCUR,$5.18,1440260146336,"18,754",75% bullish,of 4 ratings,N/A
CDORO,NULL,1440260146406,0,100% bearish,of 1 rating,N/A
CDORP,$6.7921,1440260146434,800,100% bearish,of 1 rating,N/A
CNFR,$10.42,1440260146616,"16,866",Not yet rated,NULL,N/A
CFMS,$21.32,1440260146643,"241,608",Not yet rated,NULL,$27
CNXR,$6.26,1440260146807,"22,458",100% bearish,of 1 rating,$12
CNMD,$54.8,1440260146833,"186,789",Not yet rated,NULL,$59
CNOB,$19.5,1440260146858,"153,863",100% bullish,of 1 rating,$23.50
CONN,$31.23,1440260146883,"383,835",67% bullish,of 3 ratings,$48.50
CNSL,$20.06,1440260147032,"235,939",100% bearish,of 1 rating,$23
CTCT,$24.27,1440260147062,"286,115",67% bullish,of 3 ratings,$37
CWCO,$10.65,1440260147169,"129,607",67% bullish,of 3 ratings,$14.50
CFRX,$5.14,1440260147199,"29,285",Not yet rated,NULL,$14
CTWS,$35.1,1440260147229,"49,177",100% bearish,of 1 rating,$44
CPSS,$5.64,1440260147256,"88,625",100% bullish,of 1 rating,$10
CFRXZ,$0.531,1440260147277,"2,550",Not yet rated,NULL,N/A
CFRXW,$1.87,1440260147298,"4,588",100% bearish,of 1 rating,N/A
CTRV,$3.55,1440260147541,"57,680",Not yet rated,NULL,$6.40
CTRL,$7.91,1440260147567,"125,610",50% bullish,of 2 ratings,$11
CPRT,$34.5858,1440260147696,"275,415",67% bearish,of 3 ratings,$40
CRBP,$2.13,1440260147729,"925,466",100% bullish,of 2 ratings,$6.25
BVA,$3.75,1440260147863,"3,794",50% bullish,of 2 ratings,N/A
CORT,$4.57,1440260147901,"394,867",67% bullish,of 3 ratings,$12
CORE,$59.8,1440260147928,"94,606",100% bearish,of 1 rating,$72
CSOD,$36.95,1440260147949,"368,582",50% bullish,of 2 ratings,$42
CRVL,$32.1,1440260147984,"47,501",100% bearish,of 1 rating,N/A
CORI,$10.8,1440260148013,"63,491",100% bearish,of 1 rating,$18
CSGP,$181.61,1440260148080,"73,784",50% bullish,of 2 ratings,$235
COST,$139.357,1440260148221,"2,522,098",79% bullish,of 24 ratings,$154.50
CVTI,$22.53,1440260148286,"149,049",67% bearish,of 3 ratings,$39
ICBK,$18.6,1440260148311,402,Not yet rated,NULL,$21
CPAH,$0.4625,1440260148336,"11,752",50% bullish,of 2 ratings,N/A
COSI,$1.11,1440260148364,"87,642",100% bullish,of 1 rating,N/A
COVS,$2.56,1440260148559,"72,882",67% bullish,of 3 ratings,N/A
COWN,$5.1,1440260148605,"839,094",75% bullish,of 4 ratings,$7
CPSH,$2.36,1440260148631,300,Not yet rated,NULL,N/A
COWNL,$27.19,1440260148701,"3,700",Not yet rated,NULL,N/A
CRAI,$22.39,1440260148729,"55,819",Not yet rated,NULL,$36
BREW,$7.3,1440260148751,"59,792",67% bullish,of 6 ratings,$15
CBRL,$143.9027,1440260148792,"281,725",50% bullish,of 2 ratings,$155
GLDI,$11.09,1440260148887,"41,785",100% bearish,of 1 rating,N/A
CRAY,$20.49,1440260148913,"284,812",83% bullish,of 6 ratings,$38.50
CACC,$192.85,1440260148941,"121,732",50% bullish,of 2 ratings,$158.50
SLVO,$10.46,1440260149087,"9,370",100% bearish,of 1 rating,N/A
CRESY,$10.29,1440260149216,"38,860",100% bearish,of 1 rating,$19
CREE,$25.45,1440260149242,"1,082,980",65% bullish,of 17 ratings,$29.50
CCRN,$14.41,1440260149303,"188,998",100% bearish,of 1 rating,$14.25
CROX,$14.19,1440260149329,"1,360,754",63% bullish,of 8 ratings,$16.50
CRTO,$43.49,1440260149387,"541,309",67% bullish,of 6 ratings,$64
CRDS,$1.05,1440260149458,"13,476",50% bullish,of 4 ratings,$4.50
CRWN,$4.56,1440260149484,"130,545",75% bullish,of 4 ratings,N/A
CRWS,$8.03,1440260149620,"2,485",Not yet rated,NULL,$10
CSGS,$31.06,1440260149654,"172,648",Not yet rated,NULL,$40
CYRXW,$0.86,1440260149680,"41,500",Not yet rated,NULL,N/A
CYRX,$2.88,1440260149706,"35,137",Not yet rated,NULL,$9
CCLP,$13.8063,1440260149838,"64,248",67% bearish,of 3 ratings,$21
CSPI,$6.18,1440260149864,"3,803",67% bullish,of 3 ratings,N/A
CTCM,$1.71,1440260149910,"372,018",80% bearish,of 5 ratings,$3.90
CTIC,$1.68,1440260149997,"1,708,372",84% bullish,of 76 ratings,$5.75
CTIB,NULL,1440260150062,0,100% bearish,of 1 rating,N/A
CTRP,$64.2374,1440260150130,"1,571,691",75% bullish,of 8 ratings,$92
CUNB,$22.03,1440260150160,"49,607",Not yet rated,NULL,$24.50
CUI,$4.8908,1440260150201,"121,551",50% bullish,of 2 ratings,$10
CPIX,$5.87,1440260150268,"3,515",Not yet rated,NULL,N/A
CRIS,$2.57,1440260150377,"442,411",100% bullish,of 8 ratings,$6
CUTR,$14.4,1440260150408,"57,497",67% bearish,of 3 ratings,$18
CVBF,$16.66,1440260150506,"658,942",Not yet rated,NULL,$18
CYAN,$7.3,1440260150600,"5,900",100% bearish,of 1 rating,N/A
CVV,$11.44,1440260150626,"25,260",100% bullish,of 5 ratings,N/A
CYBR,$51.5,1440260150658,"2,002,023",86% bullish,of 7 ratings,$66
CMLS,$1.3,1440260150757,"970,308",50% bullish,of 4 ratings,$6
CYBX,$66.48,1440260150785,"561,566",50% bullish,of 4 ratings,$70
CYBE,$5.96,1440260150813,"9,802",100% bearish,of 1 rating,N/A
CYCCP,NULL,1440260150844,0,100% bearish,of 1 rating,N/A
CYCC,$0.5699,1440260150947,"125,541",73% bullish,of 11 ratings,N/A
CBAY,$2.69,1440260151118,"42,788",100% bullish,of 1 rating,$4
CYNA,$16.08,1440260151145,"23,175",100% bullish,of 1 rating,$31.50
CYNO,$31.99,1440260151167,"242,311",67% bearish,of 3 ratings,$45.50
CONE,$32.98,1440260151301,"454,437",67% bearish,of 3 ratings,$35
CY,$9.447,1440260151356,"3,384,357",80% bullish,of 10 ratings,$15.50
CYRN,$1.64,1440260151381,"253,906",67% bullish,of 3 ratings,$4
CYTK,$6.54,1440260151487,"193,233",71% bullish,of 14 ratings,$13.50
DAEG,$0.3443,1440260151514,"4,306",100% bearish,of 1 rating,N/A
CTSO,$6.95,1440260151546,"54,249",Not yet rated,NULL,$15.625
CYTR,$2.18,1440260151578,"755,510",67% bullish,of 6 ratings,$10
CYTX,$0.375,1440260151600,"766,187",83% bullish,of 12 ratings,$5.50
TVIZ,$14.69,1440260151685,"3,240",100% bearish,of 1 rating,N/A
ZIV,$46.57,1440260151863,"149,070",Not yet rated,NULL,N/A
TVIX,$8.99,1440260151888,"19,877,376",81% bullish,of 16 ratings,N/A
XIV,$36.2,1440260151915,"25,218,869",75% bearish,of 4 ratings,N/A
DJCO,$197.2,1440260152070,"1,966",Not yet rated,NULL,N/A
DARA,$0.9,1440260152146,"39,987",83% bullish,of 6 ratings,$1.50
DAIO,$2.55,1440260152171,"4,354",Not yet rated,NULL,N/A
DAKT,$11.7,1440260152202,"198,964",50% bullish,of 2 ratings,$14
DTLK,$5.5,1440260152304,"91,469",100% bearish,of 1 rating,$9
DRAM,$1.4,1440260152329,"5,900",78% bullish,of 9 ratings,N/A
DWCH,$4.97,1440260152354,"77,045",75% bullish,of 4 ratings,$8.25
PLAY,$34.47,1440260152486,"228,236",100% bullish,of 5 ratings,$42
DTEA,$13.49,1440260152545,"126,308",100% bearish,of 2 ratings,$24
DBVT,$39.13,1440260152576,"112,606",100% bearish,of 1 rating,$53
DWSN,$4.02,1440260152606,"44,331",67% bullish,of 3 ratings,$6
TRAK,$62.93,1440260152627,"1,034,755",50% bullish,of 2 ratings,$62.50
DHRM,$1.68,1440260152681,"4,586",Not yet rated,NULL,N/A
TACO,$13.13,1440260152808,"216,919",100% bullish,of 3 ratings,$20
DFRG,$14.75,1440260152833,"199,012",100% bearish,of 1 rating,$20
TACOW,$4.01,1440260152903,"3,651",100% bullish,of 1 rating,N/A
DCTH,$0.48,1440260152985,"110,038",78% bullish,of 9 ratings,N/A
DGAS,$20.24,1440260153141,"1,955",67% bearish,of 3 ratings,N/A
XRAY,$53.63,1440260153201,"910,051",100% bullish,of 1 rating,$58
DENN,$11.6,1440260153232,"551,633",100% bullish,of 3 ratings,$15
DEPO,$28.75,1440260153254,"1,112,213",60% bullish,of 5 ratings,$29
DELT,$2.59,1440260153288,"2,349",Not yet rated,NULL,N/A
DELTW,NULL,1440260153319,0,Not yet rated,NULL,N/A
DERM,$24.15,1440260153387,"253,637",100% bearish,of 1 rating,$33.50
DSCI,$6.45,1440260153416,"49,351",50% bullish,of 2 ratings,$16
DSWL,$1.75,1440260153585,"10,432",100% bullish,of 1 rating,N/A
DXLG,$4.5,1440260153611,"65,758",100% bearish,of 1 rating,$8
DEST,$11.83,1440260153636,"39,808",50% bullish,of 2 ratings,N/A
DXM,$0.32,1440260153681,"22,270",50% bullish,of 2 ratings,N/A
DHXM,NULL,1440260153837,0,Not yet rated,NULL,N/A
DXCM,$89.9992,1440260153868,"957,976",57% bullish,of 7 ratings,$98
DMND,$30.41,1440260153967,"181,308",75% bullish,of 12 ratings,$32
FANG,$66.542,1440260154051,"1,043,554",50% bullish,of 2 ratings,$86
DGII,$9.95,1440260154101,"78,052",100% bearish,of 1 rating,$10
DMRC,$36.52,1440260154134,"70,922",100% bearish,of 1 rating,$44
DHIL,$190.8,1440260154155,"18,491",Not yet rated,NULL,N/A
DCIX,$1.74,1440260154192,"92,529",50% bullish,of 4 ratings,$3.50
DRAD,$3.88,1440260154230,"12,681",100% bullish,of 1 rating,$5.25
DRNA,$10.34,1440260154294,"90,197",67% bearish,of 3 ratings,$25
DGLY,$6.75,1440260154496,"241,709",50% bullish,of 6 ratings,$20
DCOM,$16.82,1440260154533,"156,270",100% bearish,of 2 ratings,$16.50
DPRX,$11.95,1440260154700,"18,525",100% bullish,of 2 ratings,$27.75
DIOD,$19.31,1440260154732,"281,801",75% bearish,of 4 ratings,$24
DISCK,$25.9869,1440260154754,"2,884,033",100% bearish,of 1 rating,$32
APPS,$2.36,1440260154785,"204,374",100% bearish,of 1 rating,$10.25
DISCB,NULL,1440260154806,0,100% bearish,of 1 rating,$35
DISCA,$27.1,1440260154837,"3,037,195",67% bullish,of 3 ratings,$34
DVCR,$10.25,1440260154965,"18,982",100% bullish,of 1 rating,N/A
DSCO,$0.4055,1440260154992,"156,711",83% bullish,of 6 ratings,$2.75
DISH,$60.9427,1440260155060,"1,735,171",69% bullish,of 13 ratings,$73
BAGR,$3.01,1440260155135,"16,511",100% bearish,of 1 rating,$6
DLHC,$2.5,1440260155162,"6,270",100% bearish,of 1 rating,N/A
DNBF,$27.15,1440260155193,"8,727",Not yet rated,NULL,$27.50
DLTR,$76.3408,1440260155295,"2,448,980",82% bullish,of 11 ratings,$88
DGICA,$14.4,1440260155354,"16,557",100% bearish,of 1 rating,$17
DGICB,NULL,1440260155400,0,100% bearish,of 1 rating,N/A
DMLP,$13.9,1440260155502,"47,201",100% bearish,of 1 rating,N/A
HILL,$9.69,1440260155564,"2,314,246",60% bearish,of 5 ratings,$9.75
DORM,$49.7,1440260155606,"307,182",100% bearish,of 1 rating,$56
DRWI,$0.2625,1440260155633,"193,656",60% bullish,of 5 ratings,$.45
DWA,$19.0777,1440260155664,"879,680",63% bullish,of 8 ratings,$26
DRWIW,$0.0589,1440260155685,"1,581",Not yet rated,NULL,N/A
DRYS,$0.357,1440260155769,"1,482,398",77% bullish,of 31 ratings,$.60
DSKX,$3.44,1440260155828,"117,971",100% bullish,of 1 rating,N/A
CADT,$10.02,1440260155959,206,Not yet rated,NULL,N/A
DSPG,$8.595,1440260155984,"67,339",100% bearish,of 1 rating,$13.50
CADTR,NULL,1440260156221,0,Not yet rated,NULL,N/A
CADTW,NULL,1440260156275,0,Not yet rated,NULL,N/A
CADTU,NULL,1440260156304,0,Not yet rated,NULL,N/A
DNKN,$49.874,1440260156334,"1,291,182",67% bullish,of 15 ratings,$56.50
DRRX,$1.99,1440260156407,"346,049",50% bullish,of 6 ratings,$3
DTSI,$26.055,1440260156434,"125,141",100% bearish,of 2 ratings,$39.50
BOOM,$9.64,1440260156473,"57,962",67% bullish,of 3 ratings,$12
DXPE,$28.59,1440260156499,"166,279",50% bullish,of 2 ratings,N/A
DYAX,$22.55,1440260156576,"854,965",89% bullish,of 9 ratings,$30
DYSL,$1.55,1440260156674,"180,829",100% bullish,of 2 ratings,N/A
DYNT,$2.86,1440260156751,"3,600",75% bullish,of 4 ratings,N/A
EBMT,$11.53,1440260156776,"19,207",Not yet rated,NULL,$13.50
DVAX,$27.73,1440260156841,"350,077",70% bullish,of 10 ratings,$40
ETFC,$25.3,1440260156868,"2,489,422",57% bullish,of 14 ratings,$33
EGBN,$42.84,1440260156945,"89,593",Not yet rated,NULL,$48
EGLE,$6,1440260156996,"60,394",60% bullish,of 5 ratings,N/A
EROC,$1.1,1440260157137,"356,235",50% bullish,of 2 ratings,$3
EGRX,$65.38,1440260157164,"389,557",67% bullish,of 3 ratings,$97
EWBC,$41.405,1440260157186,"1,077,281",100% bearish,of 1 rating,$50
ELNK,$8.58,1440260157246,"814,740",60% bullish,of 5 ratings,$9.50
EACQU,NULL,1440260157273,0,Not yet rated,NULL,N/A
EML,$16.81,1440260157315,"6,029",Not yet rated,NULL,N/A
EVBS,$6.45,1440260157404,"6,522",Not yet rated,NULL,$7
ELON,$0.545,1440260157535,"64,729",50% bullish,of 2 ratings,N/A
EBIX,$28.05,1440260157563,"477,773",69% bullish,of 13 ratings,$40
EBAY,$25.613,1440260157613,"13,096,604",81% bullish,of 117 ratings,$48
ECHO,$24.82,1440260157701,"412,036",67% bearish,of 3 ratings,$35.50
ECTE,$1.63,1440260157748,"78,541",75% bullish,of 4 ratings,N/A
SATS,$45.42,1440260157840,"155,588",50% bullish,of 2 ratings,$60
EEI,$11.09,1440260157876,"4,741",67% bearish,of 3 ratings,N/A
ESES,$3.45,1440260157970,"8,309",100% bearish,of 1 rating,$7
ECACU,$10.1,1440260158001,"1,738",Not yet rated,NULL,N/A
EDGW,$7.14,1440260158065,"35,959",100% bearish,of 1 rating,N/A
EDUC,$4.59,1440260158093,"7,183",100% bearish,of 1 rating,N/A
EDAP,$3.085,1440260158121,"136,353",60% bullish,of 5 ratings,$4.50
EFUT,NULL,1440260158147,0,Not yet rated,NULL,N/A
EGAN,$3.47,1440260158277,"10,092",50% bullish,of 2 ratings,$6.25
EHTH,$14.08,1440260158338,"414,120",50% bullish,of 4 ratings,$16.50
EGLT,$11.42,1440260158365,"23,570",50% bullish,of 2 ratings,$21
LOCO,$12.26,1440260158518,"1,085,303",69% bullish,of 13 ratings,$20
EMITF,$1.29,1440260158570,"7,100",75% bullish,of 4 ratings,N/A
ERI,$9.6,1440260158711,"124,258",100% bearish,of 1 rating,$10
ESIO,$4.58,1440260158732,"42,139",50% bullish,of 2 ratings,$10
ELRC,$10.65,1440260158763,"75,948",100% bearish,of 1 rating,N/A
EFII,$43.93,1440260158796,"255,202",80% bullish,of 5 ratings,$55
EA,$66.47,1440260158820,"3,731,767",77% bullish,of 35 ratings,$80
ELSE,$4.02,1440260158850,"1,000",60% bullish,of 5 ratings,N/A
ESLT,$80.34,1440260158897,"5,018",100% bullish,of 2 ratings,N/A
ELECW,NULL,1440260159030,0,Not yet rated,NULL,N/A
ELECU,NULL,1440260159061,0,Not yet rated,NULL,N/A
ELEC,NULL,1440260159087,0,Not yet rated,NULL,N/A
EBIO,$3.39,1440260159159,"858,193",100% bearish,of 2 ratings,$8.35
RDEN,$10.38,1440260159226,"93,838",100% bearish,of 4 ratings,$15
CAPX,$22.63,1440260159252,"1,168",Not yet rated,NULL,N/A
ESBK,$19.8,1440260159384,879,Not yet rated,NULL,N/A
LONG,$17.39,1440260159449,"18,568",67% bullish,of 3 ratings,$15.75
ELTK,$1.04,1440260159476,"51,304",67% bearish,of 3 ratings,N/A
EMCI,$23,1440260159503,"15,824",Not yet rated,NULL,N/A
EMCF,NULL,1440260159529,0,100% bearish,of 1 rating,N/A
EMMS,$1.28,1440260159660,"12,299",67% bullish,of 6 ratings,N/A
EMKR,$7.16,1440260159691,"129,455",75% bullish,of 4 ratings,$8.50
EMMSP,$3.25,1440260159798,400,100% bearish,of 1 rating,N/A
NYNY,$4.06,1440260159858,"74,163",50% bullish,of 2 ratings,N/A
ENTA,$40.22,1440260159960,"172,455",50% bullish,of 2 ratings,$42
ERS,$2.86,1440260159987,"1,336",Not yet rated,NULL,N/A
ECPG,$39.21,1440260160013,"126,955",100% bullish,of 2 ratings,$52
WIRE,$32.7,1440260160280,"124,660",100% bearish,of 1 rating,$37
ENDP,$76.6008,1440260160318,"2,114,082",50% bullish,of 6 ratings,$104
ECYT,$5.2,1440260160344,"252,908",83% bullish,of 6 ratings,$12
ELGX,$13.15,1440260160378,"557,451",75% bullish,of 4 ratings,$17
WATT,$6.74,1440260160478,"109,967",50% bullish,of 2 ratings,$13
EIGI,$15.18,1440260160508,"788,018",67% bearish,of 3 ratings,$22.50
EFOI,$15.8,1440260160581,"328,386",50% bullish,of 2 ratings,$20.50
ERII,$2.89,1440260160610,"84,939",80% bullish,of 5 ratings,$2.50
EXXI,$1.44,1440260160688,"1,757,742",86% bullish,of 7 ratings,$3.50
ENOC,$8.08,1440260160870,"211,114",75% bullish,of 4 ratings,$18
ENG,$1.02,1440260160901,"5,407",100% bullish,of 3 ratings,N/A
ENPH,$4.42,1440260161003,"567,322",75% bullish,of 4 ratings,$11
ESGR,$151,1440260161060,"69,547",100% bearish,of 1 rating,$185
ENFC,$18.34,1440260161090,"2,236",Not yet rated,NULL,N/A
EBTC,$20.07,1440260161191,"8,123",Not yet rated,NULL,N/A
ENTL,$21.44,1440260161216,"15,857",Not yet rated,NULL,$28
ENTG,$13.72,1440260161244,"439,650",100% bearish,of 1 rating,$18
ETRM,$0.2331,1440260161273,"441,727",69% bearish,of 35 ratings,$1.625
EFSC,$24.75,1440260161301,"69,838",Not yet rated,NULL,$27
EGT,$2.09,1440260161375,"1,500",100% bullish,of 1 rating,N/A
ENZN,$1,1440260161433,"766,555",100% bullish,of 9 ratings,N/A
ENVI,$1.85,1440260161458,"15,528",67% bullish,of 3 ratings,N/A
EPIQ,$13.87,1440260161844,"92,324",100% bearish,of 1 rating,$18
ENZY,$8.98,1440260161870,"9,946",67% bullish,of 3 ratings,$9.50
EPRS,$4.76,1440260162009,"74,298",82% bullish,of 11 ratings,$15
EPZM,$15.93,1440260162104,"285,509",60% bullish,of 5 ratings,$34
EQIX,$273,1440260162139,"589,444",75% bullish,of 4 ratings,$312.50
PLUS,$77.81,1440260162166,"952,339",50% bullish,of 2 ratings,$88
EAC,$3.67,1440260162192,"15,388",100% bearish,of 1 rating,$8
ERIE,$84.5099,1440260162233,"26,146",Not yet rated,NULL,$73
EQFN,$8.3,1440260162259,300,Not yet rated,NULL,N/A
ERIC,$9.83,1440260162394,"2,368,815",63% bullish,of 8 ratings,$12.20
ESCA,$18.35,1440260162425,"25,641",100% bearish,of 1 rating,$22
ESMC,$1.33,1440260162461,502,Not yet rated,NULL,N/A
ESCRP,$1.65,1440260162492,"5,017",100% bearish,of 1 rating,N/A
ESCR,$0.14,1440260162558,"63,314",50% bullish,of 2 ratings,N/A
ESPR,$54.47,1440260162584,"1,355,738",67% bearish,of 9 ratings,$123
ESSA,$12.45,1440260162611,"16,679",100% bearish,of 1 rating,N/A
EPIX,$6.1,1440260162913,"1,200",Not yet rated,NULL,N/A
ESND,$35.095,1440260162967,"147,368",100% bearish,of 2 ratings,$40
ETSY,$13.46,1440260163047,"796,058",80% bullish,of 5 ratings,$16
CLWT,NULL,1440260163078,0,100% bearish,of 1 rating,N/A
ESSX,$0.5249,1440260163103,"6,504",50% bullish,of 2 ratings,N/A
ESEA,$6.15,1440260163125,"3,082",100% bullish,of 1 rating,$15
EEFT,$64.81,1440260163160,"236,603",100% bearish,of 1 rating,$67.50
EVEP,$7.26,1440260163184,"294,425",50% bullish,of 2 ratings,$15
EVK,$3.74,1440260163321,982,75% bearish,of 4 ratings,N/A
EVOK,$4,1440260163418,"114,285",100% bearish,of 1 rating,$13.375
EVLV,$2.14,1440260163444,"85,207",60% bullish,of 5 ratings,$6.50
EXA,$10.73,1440260163510,"22,120",100% bearish,of 1 rating,$13
EVOL,$5.85,1440260163582,"13,690",75% bullish,of 4 ratings,$10
EXAC,$18.17,1440260163715,"136,951",100% bearish,of 1 rating,$22.50
EXAS,$20.31,1440260163743,"1,234,918",78% bullish,of 9 ratings,$31
EXEL,$5.25,1440260163799,"5,463,517",81% bullish,of 16 ratings,$6
EXLS,$36.55,1440260163830,"207,530",100% bullish,of 1 rating,$41
EXPE,$114.6,1440260163852,"1,238,899",64% bullish,of 11 ratings,$130
EXFO,$2.9,1440260163908,"3,300",67% bearish,of 3 ratings,$3.95
EXPD,$48.2,1440260163939,"1,810,722",80% bullish,of 5 ratings,$51.50
EXPO,$42.83,1440260164039,"146,412",100% bearish,of 1 rating,$45.50
ESRX,$84.81,1440260164080,"5,163,905",67% bearish,of 6 ratings,$101
EXLP,$18.2,1440260164119,"94,863",100% bearish,of 1 rating,$27
EXTR,$2.85,1440260164146,"805,798",80% bullish,of 5 ratings,$3
EYEGW,$1.24,1440260164374,800,Not yet rated,NULL,N/A
EYEG,$4.17,1440260164404,"19,980",Not yet rated,NULL,N/A
EZCH,$21.4963,1440260164463,"127,057",75% bullish,of 8 ratings,$19.50
FFIV,$122.51,1440260164502,"846,241",63% bullish,of 8 ratings,$132
FB,$85.88,1440260164531,"39,696,768",73% bullish,of 1066 ratings,$111
EZPW,$6.08,1440260164567,"351,949",50% bullish,of 4 ratings,$7.50
FCS,$13.14,1440260164592,"1,086,086",67% bearish,of 3 ratings,$17
FWM,$2.25,1440260164632,"178,419",100% bearish,of 2 ratings,$3.20
FRP,$16.9,1440260164733,"50,706",100% bearish,of 1 rating,$18
FALC,$1.65,1440260164813,"10,845",63% bearish,of 8 ratings,N/A
FARM,$22.62,1440260164878,"21,053",100% bearish,of 1 rating,$35
DAVE,$14.36,1440260164941,"19,659",100% bearish,of 1 rating,$15.50
FFKT,$26.79,1440260164966,"20,439",Not yet rated,NULL,$29
FMNB,$8.03,1440260165006,"3,562",Not yet rated,NULL,N/A
FAST,$39.1,1440260165096,"3,000,801",80% bullish,of 5 ratings,$46
FARO,$38.92,1440260165140,"118,530",50% bullish,of 2 ratings,$48
FATE,$6.24,1440260165269,"82,980",50% bullish,of 2 ratings,$11
FBSS,NULL,1440260165299,0,Not yet rated,NULL,N/A
FBRC,$22.24,1440260165330,"44,108",100% bearish,of 1 rating,$29
FDML,$8.96,1440260165369,"230,349",50% bullish,of 4 ratings,$14
FNHC,$21.92,1440260165398,"80,132",100% bearish,of 1 rating,$35
FHCO,$1.43,1440260165462,"18,402",50% bullish,of 4 ratings,N/A
FEIC,$77.57,1440260165495,"344,496",50% bullish,of 2 ratings,$95.50
FENX,$9.84,1440260165538,"59,141",100% bullish,of 1 rating,$14.25
FCSC,$5.86,1440260165669,"212,270",100% bearish,of 1 rating,$8.125
FGEN,$22.96,1440260165746,"374,029",100% bearish,of 1 rating,$39
ONEQ,$185.63,1440260165800,"41,902",100% bullish,of 1 rating,N/A
LION,$19.31,1440260165852,"108,630",100% bullish,of 1 rating,$20
FDUS,$14.42,1440260165934,"64,363",100% bullish,of 1 rating,$18
FRGI,$51.57,1440260165994,"149,676",50% bullish,of 2 ratings,$70
FSC,$6.42,1440260166024,"839,385",75% bullish,of 4 ratings,$8
FSAM,$8.56,1440260166077,"20,457",100% bearish,of 1 rating,$11
FSCFL,$24.7,1440260166128,"11,419",Not yet rated,NULL,N/A
FSFR,$8.92,1440260166153,"131,626",100% bearish,of 1 rating,$11.50
FITB,$19.7,1440260166214,"7,100,591",54% bullish,of 13 ratings,$22
FITBI,$27.68,1440260166242,"5,800",Not yet rated,NULL,N/A
FNGN,$33.616,1440260166316,"485,960",67% bullish,of 3 ratings,$47
FNSR,$15.33,1440260166421,"1,137,273",71% bullish,of 7 ratings,$24.50
FISI,$24.77,1440260166455,"41,074",100% bullish,of 2 ratings,$24.50
FNJN,$1.66,1440260166559,"15,161",100% bearish,of 1 rating,$5
FNTC,NULL,1440260166592,0,Not yet rated,NULL,N/A
FNTCU,NULL,1440260166613,0,Not yet rated,NULL,N/A
FNTCW,NULL,1440260166691,0,Not yet rated,NULL,N/A
FEYE,$37,1440260166834,"7,331,774",87% bullish,of 15 ratings,$55.50
FBNC,$16.81,1440260166865,"59,972",100% bullish,of 1 rating,$20
BUSE,$6.37,1440260166942,"197,401",Not yet rated,NULL,$6.875
FNLC,$18.46,1440260166968,"17,421",100% bullish,of 1 rating,N/A
FBIZ,$44.04,1440260167009,"28,467",100% bearish,of 2 ratings,$52
FRBA,$6.02,1440260167034,611,Not yet rated,NULL,$8
FCAP,$26.55,1440260167240,226,Not yet rated,NULL,N/A
FCVA,$4.75,1440260167266,"1,132",Not yet rated,NULL,N/A
FCNCA,$241.45,1440260167321,"17,885",Not yet rated,NULL,N/A
FCFS,$38.15,1440260167347,"157,660",100% bearish,of 2 ratings,$48
FCLF,$9.08,1440260167399,55,Not yet rated,NULL,N/A
FCBC,$17.88,1440260167424,"60,860",Not yet rated,NULL,$18
FCCO,$12.11,1440260167482,202,Not yet rated,NULL,$13.25
FCFP,$6.9,1440260167626,"2,500",Not yet rated,NULL,N/A
FBNK,$16.65,1440260167660,"60,146",100% bearish,of 1 rating,$17.50
FFBC,$18.76,1440260167730,"176,775",67% bearish,of 3 ratings,$20.25
FDEF,$38.3,1440260167758,"42,408",Not yet rated,NULL,$38
FFBCW,NULL,1440260167784,0,100% bearish,of 1 rating,N/A
FFNM,$6.32,1440260167810,"3,040",Not yet rated,NULL,N/A
FFIN,$31.1263,1440260167835,"286,801",50% bullish,of 2 ratings,$31.75
THFF,$33.27,1440260168022,"47,577",Not yet rated,NULL,$35
FFNW,$12.46,1440260168047,"21,487",Not yet rated,NULL,$14
FFWM,$21.44,1440260168526,"10,014",Not yet rated,NULL,$24
INBK,$32.43,1440260168552,"13,595",50% bullish,of 2 ratings,$37
FRME,$25.47,1440260168583,"199,009",Not yet rated,NULL,$26.50
FIBK,$26.83,1440260168612,"83,623",Not yet rated,NULL,$32
FMBH,NULL,1440260168688,0,Not yet rated,NULL,N/A
FMBI,$17.84,1440260168714,"374,767",Not yet rated,NULL,$20
FNBC,$34.45,1440260168743,"116,074",Not yet rated,NULL,$41.50
FNWB,$12.08,1440260168844,"8,662",Not yet rated,NULL,N/A
FSFG,$30.1754,1440260168901,729,Not yet rated,NULL,N/A
FNFG,$9.2289,1440260168932,"1,658,831",80% bullish,of 5 ratings,$9
FSLR,$45.5,1440260168962,"2,207,203",74% bullish,of 39 ratings,$65
FSGI,$2.45,1440260168994,"4,889",Not yet rated,NULL,N/A
FSBK,$7.93,1440260169029,"1,441",100% bullish,of 1 rating,N/A
BICK,$19.6,1440260169125,"1,801",100% bullish,of 1 rating,N/A
FBZ,NULL,1440260169153,0,Not yet rated,NULL,N/A
FCAN,$24.47,1440260169179,964,Not yet rated,NULL,N/A
FTCS,$36.65,1440260169464,"33,745",Not yet rated,NULL,N/A
FV,$23.23,1440260169493,"4,139,653",Not yet rated,NULL,N/A
FEMB,NULL,1440260169529,0,Not yet rated,NULL,N/A
FEUZ,$30.69,1440260169556,"5,731",Not yet rated,NULL,N/A
FTSM,$59.9,1440260169577,"20,701",100% bearish,of 1 rating,N/A
TDIV,$24.46,1440260169610,"449,109",100% bearish,of 1 rating,N/A
IFV,$17.6,1440260169637,"2,040,199",100% bearish,of 1 rating,N/A
FCA,$20,1440260169658,"2,607",Not yet rated,NULL,N/A
FTGC,$22.05,1440260169872,"122,767",Not yet rated,NULL,N/A
MDIV,$19.22,1440260169900,"565,706",Not yet rated,NULL,N/A
FGM,$35.03,1440260169951,"69,317",Not yet rated,NULL,N/A
FTHI,$19.4,1440260169973,"10,468",Not yet rated,NULL,N/A
HYLS,$49.21,1440260170006,"102,494",100% bearish,of 1 rating,N/A
FHK,$32.72,1440260170104,"128,700",Not yet rated,NULL,N/A
YDIV,$16.62,1440260170238,"2,670",Not yet rated,NULL,N/A
FPXI,$27.51,1440260170264,"1,318",Not yet rated,NULL,N/A
SKYY,$28.68,1440260170299,"76,557",100% bullish,of 1 rating,N/A
CU,$12.76,1440260170321,"13,066",100% bearish,of 1 rating,N/A
PLTM,$6.66,1440260170398,"3,862",100% bearish,of 1 rating,N/A
FJP,$46.13,1440260170427,"49,025",Not yet rated,NULL,N/A
FTLB,$19.28,1440260170534,"2,451",100% bearish,of 1 rating,N/A
CIBR,$18.04,1440260170638,"162,032",Not yet rated,NULL,N/A
FMB,$51.195,1440260170665,"1,778",Not yet rated,NULL,N/A
LMBS,$50.49,1440260170696,862,Not yet rated,NULL,N/A
QABA,$38.13,1440260170740,"44,503",100% bearish,of 1 rating,N/A
FONE,$34.05,1440260170800,"1,800",Not yet rated,NULL,N/A
QCLN,$14.54,1440260170831,"17,473",Not yet rated,NULL,N/A
GRID,$33.62,1440260170929,834,100% bearish,of 1 rating,N/A
CARZ,$34.42,1440260171034,"11,011",100% bearish,of 1 rating,N/A
RDVY,$21.64,1440260171091,"318,269",Not yet rated,NULL,N/A
QQXT,$40.09,1440260171178,"60,503",Not yet rated,NULL,N/A
QQEW,$41.94,1440260171213,"313,108",Not yet rated,NULL,N/A
AIRR,$16.37,1440260171304,"9,058",100% bearish,of 1 rating,N/A
QTEC,$39.35,1440260171337,"147,804",Not yet rated,NULL,N/A
FTSL,$48.8,1440260171435,"33,452",100% bearish,of 1 rating,N/A
QINC,$20.71,1440260171462,"1,700",Not yet rated,NULL,N/A
FKO,$22.32,1440260171490,"3,700",Not yet rated,NULL,N/A
FSZ,$38.85,1440260171522,"76,690",Not yet rated,NULL,N/A
FDIV,$47.59,1440260171548,"6,143",100% bearish,of 1 rating,N/A
FTW,$29.425,1440260171623,"1,534",Not yet rated,NULL,N/A
TUSA,$25.08,1440260171685,"4,920",Not yet rated,NULL,N/A
FKU,$41.6,1440260171790,"86,339",Not yet rated,NULL,N/A
FUNC,$8.33,1440260171816,"3,636",Not yet rated,NULL,N/A
SVVC,$10.15,1440260171848,"36,001",100% bullish,of 1 rating,$26
FMER,$17.6579,1440260171947,"1,802,777",50% bullish,of 2 ratings,$20
FSV,$31.87,1440260171973,"12,538",Not yet rated,NULL,$33.60
FISV,$84.87,1440260172130,"1,522,717",100% bearish,of 3 ratings,$90
FIVN,$4.11,1440260172169,"185,266",100% bullish,of 1 rating,$8.50
FPRX,$18.26,1440260172236,"303,751",50% bullish,of 2 ratings,$35
FLML,$21.11,1440260172266,"134,027",50% bullish,of 2 ratings,$30
FIVE,$35.34,1440260172288,"409,909",75% bearish,of 4 ratings,$44
FLXN,$24.39,1440260172324,"86,363",100% bearish,of 1 rating,$40
MBSD,NULL,1440260172346,0,Not yet rated,NULL,N/A
FLKS,$13.13,1440260172373,"55,627",50% bullish,of 2 ratings,$27
SKOR,$50.52,1440260172506,"1,000",Not yet rated,NULL,N/A
FLEX,$10.51,1440260172654,"2,454,407",63% bullish,of 8 ratings,$12
FLXS,$30.45,1440260172679,"36,609",100% bearish,of 2 ratings,N/A
FLIR,$28.75,1440260172831,"720,631",100% bearish,of 1 rating,$38.50
FLDM,$12.54,1440260172871,"686,894",67% bearish,of 3 ratings,$21.50
FFIC,$20.38,1440260172892,"69,120",Not yet rated,NULL,$21
FES,$0.92,1440260172971,"4,841",50% bullish,of 2 ratings,$1
FONR,$9.54,1440260172992,"18,526",100% bullish,of 1 rating,N/A
FOMX,$9.79,1440260173014,"135,576",50% bullish,of 2 ratings,$23.50
FOGO,$18.84,1440260173052,"114,696",50% bullish,of 2 ratings,$25.50
FORTY,$32.4,1440260173082,"4,710",Not yet rated,NULL,N/A
FORM,$6,1440260173187,"267,226",67% bullish,of 3 ratings,$10.50
FORR,$32.21,1440260173213,"52,356",Not yet rated,NULL,N/A
FTNT,$42.98,1440260173257,"1,928,364",80% bullish,of 10 ratings,$52
FBIO,$2.51,1440260173346,"188,268",83% bullish,of 6 ratings,N/A
FWRD,$46.8,1440260173373,"307,366",100% bearish,of 1 rating,$50
FORD,$1.04,1440260173508,"120,974",50% bullish,of 2 ratings,N/A
FWP,$25.67,1440260173614,"46,088",100% bearish,of 1 rating,$45
FXCB,$17.3,1440260173645,"17,445",Not yet rated,NULL,$19
FOSL,$59.15,1440260173671,"1,014,809",50% bullish,of 4 ratings,$80
FMI,$21.61,1440260173693,"391,770",100% bearish,of 2 ratings,$27.50
FRAN,$10.24,1440260173724,"689,114",50% bullish,of 4 ratings,$15
FOXF,$15.28,1440260173855,"65,653",100% bearish,of 1 rating,$19
FREE,$0.43,1440260173889,"823,292",92% bullish,of 12 ratings,N/A
FRED,$14.505,1440260173915,"342,264",50% bullish,of 2 ratings,$16.50
FELE,$28.92,1440260173989,"341,251",50% bullish,of 4 ratings,$33
FEIM,$11.17,1440260174048,"8,777",100% bearish,of 1 rating,N/A
RAIL,$20.87,1440260174076,"125,948",100% bearish,of 1 rating,$24.50
FTR,$5.2,1440260174106,"19,477,135",78% bullish,of 27 ratings,$6.25
FRPT,$13,1440260174205,"495,123",67% bearish,of 3 ratings,$23.50
FRPH,$30.33,1440260174420,"14,572",100% bearish,of 1 rating,N/A
FTRPR,$102.05,1440260174455,"61,829",100% bearish,of 1 rating,N/A
FSYS,$6.38,1440260174482,"45,792",67% bullish,of 3 ratings,$10
FCEL,$0.7366,1440260174552,"1,658,337",88% bullish,of 40 ratings,$2.65
FTD,$29.45,1440260174577,"149,230",100% bearish,of 1 rating,$40
FSBW,$23.34,1440260174608,"2,300",Not yet rated,NULL,N/A
FTEK,$2.16,1440260174633,"40,018",75% bullish,of 4 ratings,N/A
FULL,$3.14,1440260174858,"56,049",67% bearish,of 3 ratings,$4.25
FULLL,$25.3,1440260174887,"2,099",Not yet rated,NULL,N/A
FLL,$1.58,1440260174918,"14,473",75% bullish,of 4 ratings,$2.825
FSNN,$2.61,1440260174990,"1,800",67% bullish,of 3 ratings,$6
FULT,$12.4385,1440260175056,"1,361,369",100% bearish,of 1 rating,$13
FFHL,NULL,1440260175087,0,50% bullish,of 4 ratings,N/A
FXEN,$0.82,1440260175119,"170,889",75% bullish,of 4 ratings,$1.10
FXENP,$15.9,1440260175188,"2,740",100% bearish,of 1 rating,N/A
GK,$70.3,1440260175442,"83,887",Not yet rated,NULL,$78
WILC,$5.06,1440260175471,"5,946",100% bullish,of 2 ratings,N/A
GAIA,$5.86,1440260175503,"23,978",50% bullish,of 2 ratings,$8.50
GLPG,$61.54,1440260175525,"27,887",100% bullish,of 1 rating,$75
GALTW,NULL,1440260175605,0,100% bullish,of 1 rating,N/A
GALT,$1.99,1440260175654,"104,198",80% bullish,of 5 ratings,N/A
GALTU,NULL,1440260175683,0,100% bearish,of 1 rating,N/A
GALE,$1.34,1440260175788,"1,297,229",89% bullish,of 47 ratings,$4
GLPI,$31.6262,1440260175847,"495,016",100% bearish,of 1 rating,$37.50
GLMD,$8.52,1440260175875,"7,887",67% bullish,of 3 ratings,$20.50
GPIC,$11.09,1440260175929,8,100% bearish,of 1 rating,N/A
GGAC,NULL,1440260176090,0,100% bearish,of 1 rating,N/A
GRMN,$38.26,1440260176140,"1,619,493",50% bullish,of 6 ratings,$48
GGACR,NULL,1440260176167,0,100% bullish,of 1 rating,N/A
GGACU,NULL,1440260176193,0,Not yet rated,NULL,N/A
GGACW,$0.12,1440260176220,438,Not yet rated,NULL,N/A
GARS,$14.82,1440260176351,"25,735",Not yet rated,NULL,$16
GNCMA,$16.75,1440260176394,"180,927",100% bearish,of 1 rating,$12
GFN,$3.59,1440260176421,"35,382",100% bearish,of 2 ratings,$8
GENC,$9.48,1440260176448,"1,326",100% bearish,of 1 rating,N/A
GFNCP,NULL,1440260176580,0,Not yet rated,NULL,N/A
GFNSL,$25.8,1440260176611,"1,200",Not yet rated,NULL,N/A
GENE,$2.36,1440260176638,"148,645",100% bullish,of 12 ratings,N/A
GNMK,$9.4,1440260176682,"146,170",67% bullish,of 6 ratings,$14
GNCA,$12.48,1440260176783,"168,679",100% bearish,of 1 rating,$20
GHDX,$25.37,1440260176843,"139,056",50% bullish,of 2 ratings,$30
GNTX,$15.0882,1440260176927,"1,731,017",Not yet rated,NULL,$20
THRM,$44.01,1440260176973,"309,602",75% bearish,of 4 ratings,$55.50
GTWN,NULL,1440260177061,0,Not yet rated,NULL,N/A
GEOS,$15.3,1440260177091,"116,850",100% bearish,of 3 ratings,$25.50
GNVC,$2.24,1440260177190,"34,502",90% bullish,of 10 ratings,$8.50
GABC,$29.73,1440260177217,"47,076",Not yet rated,NULL,$31.50
GERN,$3.08,1440260177255,"2,161,517",88% bullish,of 16 ratings,$5.25
ROCK,$17.57,1440260177286,"235,847",80% bullish,of 5 ratings,$24
GEVO,$2.29,1440260177346,"240,735",75% bullish,of 12 ratings,$5
GIGM,$0.6,1440260177376,"112,719",100% bullish,of 2 ratings,N/A
GIGA,$1.42,1440260177472,"46,287",100% bearish,of 1 rating,N/A
GILT,$4.47,1440260177568,"2,023",50% bullish,of 2 ratings,N/A
GIII,$64.77,1440260177697,"271,077",67% bullish,of 3 ratings,$75
GLAD,$8.51,1440260177729,"155,251",50% bullish,of 2 ratings,$8.75
GBCI,$26.4218,1440260177755,"334,049",50% bullish,of 2 ratings,$31
GLADO,$25.59,1440260177830,"3,000",Not yet rated,NULL,N/A
GOODN,$25.64,1440260177964,426,Not yet rated,NULL,N/A
GOOD,$15.44,1440260177992,"98,286",Not yet rated,NULL,$19
GILD,$105.383,1440260178026,"15,611,252",91% bullish,of 87 ratings,$129
GOODO,$25.1,1440260178052,"1,266",Not yet rated,NULL,N/A
GAIN,$7.47,1440260178127,"246,309",100% bullish,of 2 ratings,$8.25
GOODP,$25.14,1440260178156,"1,250",Not yet rated,NULL,N/A
GAINO,$25.31,1440260178257,"1,726",Not yet rated,NULL,N/A
GAINN,$25.2379,1440260178303,150,Not yet rated,NULL,N/A
GAINP,$25.85,1440260178330,"3,950",Not yet rated,NULL,N/A
LAND,$9.5,1440260178393,"16,439",50% bullish,of 2 ratings,$13.75
GLBZ,NULL,1440260178462,0,Not yet rated,NULL,N/A
GBT,$45.75,1440260178521,"252,564",100% bearish,of 1 rating,N/A
ENT,$11.73,1440260178621,"196,363",100% bearish,of 1 rating,$18
GBLI,$26.25,1440260178654,"16,164",Not yet rated,NULL,N/A
GDEF,$10.5401,1440260178683,100,Not yet rated,NULL,N/A
GSOL,$8.26,1440260178708,"15,789",100% bearish,of 1 rating,N/A
ACTX,$13.25,1440260178750,600,100% bullish,of 1 rating,N/A
GPACU,$10.1,1440260178776,"2,854",Not yet rated,NULL,N/A
SOCL,$17.18,1440260178958,"100,120",100% bullish,of 2 ratings,N/A
QQQC,$19.26,1440260178987,"4,950",100% bearish,of 1 rating,N/A
SRET,$13.6,1440260179042,"4,194",Not yet rated,NULL,N/A
ALTY,$14.587,1440260179087,700,Not yet rated,NULL,N/A
GAI,$5.27,1440260179113,"3,415",50% bullish,of 2 ratings,N/A
YLCO,$11.75,1440260179145,"1,235",Not yet rated,NULL,N/A
GSM,$13.26,1440260179171,"403,098",50% bullish,of 2 ratings,$24.50
GBIM,$2.26,1440260179301,"43,964",50% bullish,of 2 ratings,N/A
GLBS,$1.06,1440260179400,"10,500",67% bullish,of 3 ratings,N/A
GLRI,$1.1,1440260179426,"80,101",100% bearish,of 1 rating,$6
GLUU,$4.37,1440260179461,"2,317,587",92% bullish,of 26 ratings,$9
GLYC,$7.26,1440260179489,"7,663",50% bullish,of 2 ratings,$14
GOGO,$15.48,1440260179562,"479,979",80% bullish,of 5 ratings,$25
GLNG,$35.44,1440260179587,"792,592",83% bullish,of 6 ratings,$58
GMLP,$19.13,1440260179754,"137,734",50% bullish,of 4 ratings,$32.50
GLDC,$4.13,1440260179783,"3,480",50% bullish,of 2 ratings,N/A
GDEN,$8.88,1440260179814,"11,961",50% bullish,of 2 ratings,N/A
GOGL,$2.92,1440260179850,"540,722",75% bullish,of 4 ratings,$5
GBDC,$16.5151,1440260179886,"145,009",Not yet rated,NULL,$17.75
GTIM,$6.47,1440260179949,"80,995",Not yet rated,NULL,$11.50
GOOG,$616,1440260180079,"2,256,491",90% bullish,of 68 ratings,$825
GOOGL,$647,1440260180105,"2,533,646",88% bullish,of 1079 ratings,$749
GPRO,$48.84,1440260180160,"5,811,963",78% bullish,of 58 ratings,$72
GPIA,NULL,1440260180238,0,Not yet rated,NULL,N/A
GPIAU,NULL,1440260180453,0,Not yet rated,NULL,N/A
GMAN,$4.4,1440260180493,"71,999",60% bullish,of 5 ratings,$8
GRVY,$3.43,1440260180523,"1,202",50% bullish,of 2 ratings,N/A
LOPE,$37.1955,1440260180551,"420,323",100% bearish,of 2 ratings,$50
GPIAW,NULL,1440260180571,0,Not yet rated,NULL,N/A
GBSN,$1.46,1440260180626,"747,556",100% bearish,of 1 rating,$8.25
GBSNU,$16,1440260180757,"22,548",Not yet rated,NULL,N/A
GLDD,$5.39,1440260180828,"288,709",100% bearish,of 4 ratings,$7.75
GSBC,$40.6,1440260180860,"36,220",100% bullish,of 1 rating,$44
GNBC,$12.08,1440260180882,"33,737",100% bearish,of 1 rating,$17
GRBK,$13.35,1440260180918,"154,269",77% bullish,of 13 ratings,N/A
GPRE,$18.8277,1440260180958,"832,352",67% bullish,of 6 ratings,$28.50
GPP,$14.94,1440260181019,"24,630",Not yet rated,NULL,$20.50
GCBC,NULL,1440260181091,0,100% bullish,of 1 rating,N/A
GLRE,$24.86,1440260181223,"262,384",50% bullish,of 2 ratings,$41
GRIF,$30.945,1440260181251,209,100% bearish,of 1 rating,N/A
GRFS,$30.3,1440260181304,"180,141",50% bullish,of 2 ratings,$35
OMAB,$39.57,1440260181404,"24,030",100% bullish,of 1 rating,$44
GSIG,$13.11,1440260181433,"71,415",100% bearish,of 2 ratings,N/A
GRPN,$4.077,1440260181466,"7,070,465",61% bullish,of 71 ratings,$6.75
GGAL,$18.96,1440260181563,"423,209",80% bullish,of 5 ratings,$40
GSIT,$4.97,1440260181598,"9,824",100% bearish,of 1 rating,N/A
GBNK,$15.76,1440260181665,"43,034",100% bearish,of 1 rating,$18
GFED,$14.94,1440260181691,10,Not yet rated,NULL,$17
GTXI,$0.83,1440260181722,"67,416",100% bullish,of 5 ratings,$.75
GSVC,$8.56,1440260181764,"118,374",50% bullish,of 2 ratings,$14.50
GUID,$7.29,1440260181823,"187,217",100% bearish,of 3 ratings,$10
GULTU,$0.2905,1440260181865,"102,116",100% bearish,of 1 rating,N/A
GIFI,$11.97,1440260182040,"46,892",100% bearish,of 1 rating,$16
GURE,$1.62,1440260182066,"151,052",88% bullish,of 8 ratings,N/A
GWPH,$104.03,1440260182196,"200,237",78% bullish,of 9 ratings,$148.50
GPOR,$33.8159,1440260182242,"937,085",75% bullish,of 4 ratings,$55
GYRO,$2.85,1440260182313,"76,416",100% bearish,of 1 rating,N/A
GWGH,$7.35,1440260182345,"1,284",100% bearish,of 1 rating,$15.05
HEES,$16.51,1440260182370,"306,657",67% bearish,of 3 ratings,$31
HLG,$9.64,1440260182400,"5,100",100% bearish,of 1 rating,N/A
HNRG,$7.22,1440260182443,"124,047",100% bearish,of 1 rating,$10
HALL,$11.67,1440260182471,"28,021",Not yet rated,NULL,N/A
HBK,$13.8,1440260182605,8,50% bullish,of 2 ratings,N/A
HALO,$17.33,1440260182635,"1,204,693",67% bullish,of 3 ratings,$22.50
HBHC,$26.8668,1440260182662,"451,705",50% bullish,of 2 ratings,$30
HMPR,$1.89,1440260182735,"118,740",100% bullish,of 1 rating,N/A
HBHCL,$24.49,1440260182804,"18,426",Not yet rated,NULL,N/A
HNH,$27.82,1440260182868,"21,502",100% bullish,of 1 rating,N/A
HNSN,$0.501,1440260183048,"78,898",88% bullish,of 8 ratings,$.40
HAFC,$24.565,1440260183082,"117,041",100% bullish,of 2 ratings,$28.50
HDNG,$9.98,1440260183108,"11,225",50% bullish,of 4 ratings,N/A
HLIT,$5.58,1440260183176,"331,156",100% bearish,of 1 rating,$6.50
HQCL,$8.63,1440260183267,"24,293",67% bullish,of 3 ratings,N/A
HRMN,NULL,1440260183296,0,Not yet rated,NULL,N/A
HRMNU,NULL,1440260183322,0,Not yet rated,NULL,N/A
HRMNW,NULL,1440260183368,0,Not yet rated,NULL,N/A
TINY,$2.45,1440260183470,"20,315",50% bullish,of 2 ratings,$5.26
HART,$0.775,1440260183500,"213,330",100% bearish,of 1 rating,N/A
HBIO,$4.39,1440260183607,"81,394",Not yet rated,NULL,$10
HCAPL,$25.4,1440260183706,"1,773",Not yet rated,NULL,N/A
HAS,$75.171,1440260183791,"1,049,605",63% bullish,of 8 ratings,$84.50
HCAP,$12.17,1440260183837,"24,008",50% bullish,of 2 ratings,$15
HA,$23.05,1440260183917,"931,944",67% bullish,of 9 ratings,$27
HWKN,$36.84,1440260183949,"29,157",Not yet rated,NULL,N/A
HCOM,$22.51,1440260183978,"37,331",100% bearish,of 1 rating,$28
HWBK,$13.8,1440260184010,674,100% bearish,of 1 rating,N/A
HDS,$33.08,1440260184052,"1,295,702",100% bearish,of 2 ratings,$39.50
HAYN,$37.88,1440260184078,"48,863",100% bearish,of 1 rating,$59
HIIQ,$4.48,1440260184211,"28,731",50% bullish,of 2 ratings,$7
HCSG,$33.546,1440260184241,"309,474",50% bullish,of 4 ratings,$35
HQY,$29.27,1440260184317,"394,569",67% bullish,of 3 ratings,$31
HSTM,$24.87,1440260184346,"220,098",50% bullish,of 2 ratings,$33.75
HWAY,$12.48,1440260184378,"386,123",100% bearish,of 1 rating,$15
HTLD,$20.165,1440260184477,"492,188",Not yet rated,NULL,$22.50
HTLF,$36.24,1440260184581,"48,371",100% bullish,of 1 rating,$39.50
HTBX,$5.31,1440260184634,"21,712",50% bullish,of 2 ratings,$15.50
HTWR,$83.28,1440260184679,"239,502",50% bullish,of 2 ratings,$103
HSII,$20.17,1440260184705,"59,389",100% bullish,of 3 ratings,$25
HELE,$87.93,1440260184738,"151,548",67% bearish,of 3 ratings,$100
HMNY,$2.2261,1440260184781,"2,878",100% bearish,of 1 rating,N/A
HMTV,$12.84,1440260184840,"12,852",100% bearish,of 1 rating,$16
HNNA,$24.57,1440260184868,"15,081",Not yet rated,NULL,N/A
HCACU,$10.0043,1440260184948,"2,000",Not yet rated,NULL,N/A
HSIC,$138.0834,1440260185059,"512,882",83% bullish,of 6 ratings,$146
HTBK,$11.04,1440260185121,"93,871",Not yet rated,NULL,$12
HERO,$0.06,1440260185148,"5,839,839",81% bullish,of 16 ratings,$.75
HFWA,$17.74,1440260185279,"62,742",100% bullish,of 1 rating,$20
MLHR,$28.1966,1440260185310,"238,584",50% bullish,of 2 ratings,$33.50
HCCI,$11.65,1440260185342,"27,277",100% bearish,of 1 rating,$16.50
HEOP,$7.68,1440260185415,"27,087",Not yet rated,NULL,$8.50
HRTX,$35.05,1440260185444,"839,423",67% bullish,of 6 ratings,$41
HSKA,$33.2,1440260185472,"28,561",100% bearish,of 1 rating,$38
HFFC,$16.27,1440260185501,946,Not yet rated,NULL,N/A
HIBB,$37.37,1440260185528,"1,128,881",100% bearish,of 1 rating,$48.50
HPJ,$2.25,1440260185654,"130,395",75% bullish,of 4 ratings,$12.43
HIHO,$4,1440260185683,"9,057",Not yet rated,NULL,N/A
HIMX,$6.29,1440260185785,"1,170,901",86% bullish,of 21 ratings,$8.50
HIFS,$118.11,1440260185813,"8,734",Not yet rated,NULL,N/A
HSGX,$5.92,1440260185881,"24,278",100% bearish,of 1 rating,$17
HMNF,$11.42,1440260186034,"2,480",Not yet rated,NULL,N/A
HMSY,$8.8389,1440260186064,"1,363,874",67% bullish,of 3 ratings,$19.35
HOLI,$16.9527,1440260186094,"228,631",50% bullish,of 4 ratings,$27
HOLX,$39.74,1440260186123,"2,134,552",67% bullish,of 3 ratings,$42
HOMB,$39.23,1440260186164,"321,450",Not yet rated,NULL,$41
HBCP,$24.4,1440260186231,"41,618",Not yet rated,NULL,$29
HFBL,$21.69,1440260186342,"1,800",Not yet rated,NULL,N/A
AWAY,$29.3662,1440260186407,"943,583",67% bullish,of 3 ratings,$36
HMIN,$29.096,1440260186443,"61,111",100% bearish,of 2 ratings,$35
HTBI,$18.39,1440260186472,"70,970",67% bullish,of 3 ratings,$18.625
HMST,$21.57,1440260186498,"119,006",100% bullish,of 2 ratings,$27
HKTV,$4.68,1440260186572,"7,455",100% bearish,of 1 rating,N/A
CETC,$0.77,1440260186633,"45,584",86% bullish,of 7 ratings,N/A
HFBC,$11.61,1440260186840,"2,835",Not yet rated,NULL,N/A
HBNC,$24.3,1440260186870,"31,745",100% bullish,of 1 rating,$27
HOFT,$24.43,1440260186897,"62,910",100% bearish,of 1 rating,N/A
HZNP,$29.2,1440260186928,"2,449,005",85% bullish,of 20 ratings,$40
HRZN,$10.59,1440260186968,"54,947",100% bearish,of 1 rating,$14.25
ZINC,$7.25,1440260186999,"624,456",100% bearish,of 1 rating,$17
HOVNP,NULL,1440260187177,0,100% bearish,of 1 rating,N/A
HWCC,$7.22,1440260187208,"136,206",100% bearish,of 1 rating,$9
HMHC,$22.4,1440260187235,"923,176",Not yet rated,NULL,$27
HDP,$25.5,1440260187287,"235,894",67% bearish,of 3 ratings,$30.50
HSNI,$60.9227,1440260187388,"239,269",Not yet rated,NULL,$80
HUBG,$39.18,1440260187417,"205,184",100% bearish,of 1 rating,$43
HBMD,$14.95,1440260187440,502,100% bearish,of 1 rating,N/A
HTGM,$5.59,1440260187492,"9,721",100% bearish,of 1 rating,$19.50
HCBK,$9.5789,1440260187573,"2,422,499",83% bullish,of 6 ratings,$8.61
HSON,$2.8,1440260187666,"20,391",100% bearish,of 1 rating,$5
HBAN,$11.11,1440260187737,"6,980,840",76% bullish,of 17 ratings,$12.29
HURC,$29.88,1440260187827,"26,946",100% bearish,of 1 rating,N/A
HDSN,$2.81,1440260187880,"30,286",100% bullish,of 1 rating,$6.25
HBANP,$1337,1440260187906,12,100% bearish,of 1 rating,N/A
HURN,$73.02,1440260187927,"109,473",50% bullish,of 2 ratings,$80
HTCH,$1.58,1440260187966,"60,402",100% bearish,of 1 rating,$3.50
HDRAR,NULL,1440260188063,0,Not yet rated,NULL,N/A
HBP,$3.09,1440260188089,"1,457",100% bullish,of 1 rating,N/A
HDRA,NULL,1440260188120,0,Not yet rated,NULL,N/A
HDRAU,$10.06,1440260188222,100,Not yet rated,NULL,N/A
HDRAW,NULL,1440260188258,0,Not yet rated,NULL,N/A
IDSY,$3.85,1440260188375,"6,888",100% bearish,of 1 rating,$7
HYGS,$7.48,1440260188405,"42,666",50% bullish,of 2 ratings,$13
IKGH,$1.81,1440260188483,"12,492",75% bullish,of 4 ratings,N/A
IACI,$71.15,1440260188513,"768,044",75% bullish,of 4 ratings,$90
IBKC,$60.3428,1440260188550,"191,218",100% bullish,of 1 rating,$70
ICAD,$3.54,1440260188643,"22,041",50% bullish,of 2 ratings,$7.25
ICON,$12.25,1440260188736,"780,798",50% bullish,of 2 ratings,$18.50
ICLR,$77.7434,1440260188791,"297,930",100% bearish,of 3 ratings,$85
IEP,$67.43,1440260188817,"123,610",75% bullish,of 4 ratings,$99
ICFI,$35.71,1440260188845,"104,061",50% bullish,of 2 ratings,$48.50
ICUI,$115.51,1440260188880,"147,406",Not yet rated,NULL,$122
IPWR,$7.36,1440260188981,"3,392",100% bullish,of 1 rating,$15
IDRA,$2.52,1440260189008,"1,118,091",89% bullish,of 9 ratings,$6.50
INVE,$4.66,1440260189034,"109,550",75% bullish,of 4 ratings,$4
IROQ,$16.68,1440260189271,502,100% bullish,of 1 rating,N/A
DSKY,$12.1367,1440260189306,"291,194",67% bullish,of 6 ratings,$11.50
IDXX,$74.1911,1440260189327,"439,447",100% bearish,of 1 rating,$77
IRG,$4.73,1440260189364,"29,774",100% bearish,of 1 rating,$4.50
KANG,$15,1440260189397,"344,010",50% bullish,of 2 ratings,$22.55
IIVI,$17.63,1440260189457,"240,082",100% bearish,of 1 rating,$22
RXDX,$12.57,1440260189483,"107,394",100% bullish,of 1 rating,$20
IKAN,$2.73,1440260189511,"14,561",83% bullish,of 6 ratings,$5
IKNX,$11.46,1440260189647,722,100% bearish,of 1 rating,N/A
IMMR,$11.38,1440260189779,"215,531",80% bullish,of 5 ratings,$15.50
ICCC,$8.05,1440260189807,"7,929",100% bullish,of 1 rating,N/A
ISNS,$3.82,1440260189843,"67,780",50% bullish,of 2 ratings,N/A
ILMN,$199.29,1440260189865,"1,014,627",80% bullish,of 5 ratings,$240
IMDZ,$15.49,1440260189939,"55,028",100% bearish,of 1 rating,$33
IMNP,$1.38,1440260189966,"103,462",50% bullish,of 2 ratings,$6
IMGN,$13.07,1440260190000,"1,107,990",75% bullish,of 4 ratings,$17.50
IMMU,$1.87,1440260190142,"975,603",86% bullish,of 7 ratings,$2
IPXL,$43.4148,1440260190167,"694,109",67% bullish,of 3 ratings,$46.50
INCR,$42.36,1440260190199,"1,097,736",50% bullish,of 2 ratings,$53
IMMY,$7.49,1440260190221,"6,448",100% bearish,of 1 rating,$11
SAAS,$7.7296,1440260190379,"487,787",50% bullish,of 2 ratings,$15
INCY,$104.2975,1440260190406,"711,350",50% bullish,of 6 ratings,$125.50
INDB,$46.44,1440260190451,"91,428",Not yet rated,NULL,$44
IBCP,$14.21,1440260190548,"66,760",100% bullish,of 1 rating,$14.50
IBTX,$42.68,1440260190592,"39,240",100% bullish,of 2 ratings,$47.25
IDSA,$3.64,1440260190682,174,Not yet rated,NULL,N/A
INFI,$9.44,1440260190712,"820,535",50% bullish,of 4 ratings,$18
INFN,$21.08,1440260190735,"2,781,964",71% bullish,of 7 ratings,$28
IPCC,$79.97,1440260190765,"44,593",Not yet rated,NULL,$77.50
III,$4.14,1440260190907,"158,901",57% bullish,of 7 ratings,$6
IMKTA,$52.89,1440260190955,"113,692",100% bearish,of 1 rating,N/A
INWK,$7.33,1440260190986,"164,366",50% bullish,of 2 ratings,$10
IFON,$1.23,1440260191092,"45,196",75% bullish,of 4 ratings,N/A
INNL,NULL,1440260191118,0,100% bearish,of 1 rating,$16.50
INOD,$2.48,1440260191144,"19,784",100% bearish,of 1 rating,N/A
IPHS,$47.91,1440260191193,"90,391",100% bearish,of 1 rating,$60
INGN,$49.39,1440260191334,"168,397",100% bearish,of 1 rating,$50.50
ISSC,$2.92,1440260191366,"8,615",67% bearish,of 3 ratings,N/A
ITEK,$13.7368,1440260191396,"780,060",100% bearish,of 3 ratings,$20
IOSP,$46.19,1440260191433,"4,359,888",100% bearish,of 1 rating,N/A
INOV,$20.95,1440260191466,"349,429",100% bearish,of 1 rating,$33
INO,$7.07,1440260191493,"991,184",89% bullish,of 18 ratings,$20
NSIT,$25.94,1440260191559,"161,989",50% bullish,of 2 ratings,N/A
ISIG,$2.58,1440260191664,"12,103",100% bearish,of 1 rating,N/A
INSM,$24.29,1440260191691,"376,220",71% bullish,of 7 ratings,$31.50
IIIN,$18,1440260191869,"160,188",100% bearish,of 2 ratings,N/A
INSY,$32.5,1440260191901,"744,412",75% bullish,of 4 ratings,$48
NTEC,$5.94,1440260191928,"22,000",Not yet rated,NULL,N/A
PODD,$28.7,1440260191954,"377,984",50% bullish,of 2 ratings,$35
IART,$60.71,1440260192005,"233,404",100% bearish,of 1 rating,$71.50
ISSI,$22.3,1440260192085,"296,636",67% bullish,of 3 ratings,$19.75
IESC,$7.27,1440260192143,"1,500",100% bearish,of 1 rating,N/A
IDTI,$17.29,1440260192215,"2,463,021",60% bullish,of 5 ratings,$25
INTC,$26.7,1440260192272,"36,675,246",82% bullish,of 238 ratings,$36
IQNT,$19.28,1440260192299,"257,467",86% bullish,of 7 ratings,$20
IPCI,$2.12,1440260192356,"35,773",67% bullish,of 6 ratings,$7.75
IBKR,$38.66,1440260192381,"576,484",100% bullish,of 1 rating,N/A
IPAR,$27.27,1440260192431,"59,510",67% bullish,of 3 ratings,$38
ININ,$37,1440260192590,"115,076",67% bearish,of 3 ratings,$57
ICPT,$190.6771,1440260192618,"265,072",70% bullish,of 10 ratings,$359.50
ICLD,$1.87,1440260192647,"413,066",75% bullish,of 4 ratings,N/A
TILE,$24.33,1440260192689,"583,565",67% bearish,of 3 ratings,$27
IDCC,$47.38,1440260192752,"294,240",80% bullish,of 5 ratings,$63
ICLDW,$0.9601,1440260192824,"1,250",100% bearish,of 1 rating,N/A
IMI,$2.13,1440260192856,"9,131",67% bullish,of 3 ratings,$2.22
IBOC,$26.0269,1440260192928,"200,228",100% bearish,of 1 rating,N/A
INAP,$8.27,1440260192956,"157,177",75% bullish,of 4 ratings,$11
ISCA,$31.76,1440260193002,"75,500",100% bearish,of 1 rating,N/A
IGLD,$7.15,1440260193088,"2,377",50% bullish,of 2 ratings,N/A
PTNT,$3.05,1440260193121,"4,282",Not yet rated,NULL,N/A
IIJI,$8.9299,1440260193148,"1,000",50% bullish,of 2 ratings,$11.50
INPH,$0.3099,1440260193222,"9,140",50% bullish,of 2 ratings,N/A
XENT,$27.72,1440260193294,"196,800",50% bullish,of 2 ratings,$36.50
INTX,$2.44,1440260193355,"40,947",67% bullish,of 3 ratings,N/A
ISIL,$10.2,1440260193489,"911,504",50% bullish,of 6 ratings,$15
IVAC,$4.89,1440260193519,"16,408",Not yet rated,NULL,$6.625
IILG,$20.03,1440260193550,"307,013",100% bearish,of 1 rating,$30.50
INTL,$25.88,1440260193577,"119,017",67% bearish,of 3 ratings,N/A
ITCI,$28.5,1440260193603,"400,140",75% bearish,of 4 ratings,$40
INTLL,$25.77,1440260193730,"1,100",Not yet rated,NULL,N/A
IIN,$6.38,1440260193772,"6,399",100% bearish,of 1 rating,$12
INTU,$89.98,1440260193803,"5,254,872",86% bullish,of 7 ratings,$110.50
ISRG,$506.65,1440260193829,"238,287",67% bullish,of 3 ratings,$600
INVT,$0.2713,1440260193906,"28,221",67% bullish,of 3 ratings,N/A
SNAK,$8.47,1440260194039,"286,014",50% bullish,of 2 ratings,$14
ISTR,$15.85,1440260194088,"2,506",100% bearish,of 1 rating,$18.50
ISBC,$11.8686,1440260194113,"2,158,729",100% bullish,of 1 rating,$13.25
IPAS,$1.01,1440260194354,"153,876",67% bullish,of 3 ratings,N/A
NVIV,$9.83,1440260194380,"458,296",50% bullish,of 4 ratings,$24.50
ITIC,$71.35,1440260194409,16,100% bearish,of 2 ratings,N/A
IVTY,$12.69,1440260194430,"13,088",Not yet rated,NULL,$18
DFVL,NULL,1440260194461,0,Not yet rated,NULL,N/A
IPCM,$79.5,1440260194483,"605,193",50% bullish,of 2 ratings,$80.125
IPGP,$84.18,1440260194618,"196,618",100% bearish,of 2 ratings,$109.50
DTUL,NULL,1440260194647,0,Not yet rated,NULL,N/A
IRMD,$25.1,1440260194813,"16,337",67% bearish,of 3 ratings,$25
IRIX,$7.16,1440260194844,"14,066",100% bearish,of 1 rating,N/A
IRDM,$6.69,1440260194872,"599,667",60% bullish,of 5 ratings,$11.50
IRDMB,$266.65,1440260194901,"1,378",67% bearish,of 3 ratings,N/A
IRWD,$10.95,1440260195009,"1,059,107",100% bearish,of 1 rating,$13
IRCP,$32,1440260195140,651,100% bullish,of 2 ratings,N/A
IRBT,$29.9,1440260195200,"240,464",67% bullish,of 6 ratings,$37
COMT,$32.24,1440260195235,"20,256",100% bearish,of 1 rating,N/A
GNMA,$50.25,1440260195261,"2,022",Not yet rated,NULL,N/A
FCHI,$47.8,1440260195292,"4,334",Not yet rated,NULL,N/A
IFEU,$39.05,1440260195329,"52,081",Not yet rated,NULL,N/A
IFAS,$28.76,1440260195356,"9,892",Not yet rated,NULL,N/A
IFGL,$28.84,1440260195387,"124,298",Not yet rated,NULL,N/A
IFNA,$56.26,1440260195610,2,Not yet rated,NULL,N/A
ACWI,$55.66,1440260195641,"1,415,661",Not yet rated,NULL,N/A
ACWX,$40.41,1440260195671,"332,696",100% bearish,of 1 rating,N/A
AAXJ,$52.27,1440260195743,"1,955,125",Not yet rated,NULL,N/A
AAIT,$30.53,1440260195772,"1,424",100% bullish,of 1 rating,N/A
AXJS,NULL,1440260195873,0,Not yet rated,NULL,N/A
EEMA,$48.76,1440260195970,"380,775",Not yet rated,NULL,N/A
EMDI,$46.16,1440260196001,300,Not yet rated,NULL,N/A
EGRW,$47,1440260196027,"2,678",Not yet rated,NULL,N/A
EEME,$38.47,1440260196056,"1,248",100% bearish,of 1 rating,N/A
EEML,$27.35,1440260196086,700,Not yet rated,NULL,N/A
EMEY,$24.77,1440260196112,200,Not yet rated,NULL,N/A
EVAL,$36.84,1440260196246,"4,617",Not yet rated,NULL,N/A
EUFN,$21.91,1440260196272,"205,824",100% bearish,of 1 rating,N/A
IEUS,$45.52,1440260196403,"8,328",100% bearish,of 1 rating,N/A
UAE,$17.61,1440260196532,"11,802",Not yet rated,NULL,N/A
IBB,$340.47,1440260196619,"2,475,808",63% bullish,of 8 ratings,N/A
EMIF,$28.27,1440260196651,"15,998",Not yet rated,NULL,N/A
WOOD,$49.3,1440260196684,"53,527",50% bullish,of 2 ratings,N/A
SOXX,$78.63,1440260196705,"710,879",50% bullish,of 2 ratings,N/A
QAT,$20.45,1440260196726,"23,345",Not yet rated,NULL,N/A
ICLN,$9.42,1440260196768,"40,619",50% bullish,of 2 ratings,N/A
INDY,$27.85,1440260196795,"903,318",50% bullish,of 2 ratings,N/A
ISHG,$80.2,1440260196875,"83,600",100% bearish,of 1 rating,N/A
ISIS,$47.09,1440260197005,"1,346,021",53% bullish,of 15 ratings,$67
IGOV,$92.1372,1440260197030,"25,494",100% bearish,of 1 rating,N/A
ISLE,$16.59,1440260197062,"295,431",50% bullish,of 4 ratings,$16
ISRL,$128.55,1440260197097,"1,003",100% bearish,of 1 rating,N/A
ITRN,$24.7,1440260197289,"30,305",50% bullish,of 2 ratings,N/A
ITRI,$31.94,1440260197320,"253,746",Not yet rated,NULL,$37
ITUS,$4.16,1440260197341,"6,967",Not yet rated,NULL,N/A
XXIA,$15.37,1440260197379,"314,105",71% bullish,of 7 ratings,$14.625
IXYS,$10.57,1440260197416,"247,242",50% bullish,of 4 ratings,N/A
MAYS,NULL,1440260197480,0,Not yet rated,NULL,N/A
JJSF,$113.14,1440260197506,"100,391",100% bearish,of 1 rating,N/A
JBHT,$76.18,1440260197585,"901,669",50% bullish,of 4 ratings,$89.50
JCOM,$69.56,1440260197664,"218,346",100% bullish,of 2 ratings,$77
JASO,$7,1440260197692,"1,435,775",82% bullish,of 17 ratings,$10
JKHY,$68.27,1440260197722,"285,534",50% bullish,of 2 ratings,$72
JACK,$81.43,1440260197831,"546,557",83% bullish,of 6 ratings,$105
JXSB,$24.05,1440260197967,742,Not yet rated,NULL,N/A
JAGX,$2.5784,1440260198041,"18,491",Not yet rated,NULL,N/A
JAXB,$12.76,1440260198072,"1,300",100% bullish,of 1 rating,N/A
JAKK,$9.07,1440260198100,"491,312",60% bearish,of 5 ratings,$11
JMBA,$13.18,1440260198125,"107,503",75% bullish,of 4 ratings,$18
ERW,NULL,1440260198181,0,Not yet rated,NULL,N/A
JRVR,$26.32,1440260198232,"51,011",Not yet rated,NULL,$32
JASN,$4.81,1440260198338,"34,092",50% bullish,of 2 ratings,$9.50
JASNW,$0.18,1440260198384,"12,833",50% bullish,of 2 ratings,N/A
JAZZ,$170.2996,1440260198411,"486,735",80% bullish,of 15 ratings,$206.50
JD,$25.2,1440260198432,"9,448,374",75% bullish,of 16 ratings,$36
JBLU,$21.8,1440260198463,"7,445,018",94% bullish,of 17 ratings,$27
JCTCF,NULL,1440260198607,0,100% bullish,of 1 rating,N/A
JTPY,$3.02,1440260198637,"5,165",100% bearish,of 1 rating,N/A
DATE,$6.47,1440260198737,"197,033",75% bullish,of 4 ratings,$9
JIVE,$4.1,1440260198782,"633,964",75% bullish,of 4 ratings,$5
JST,$4,1440260198807,"43,984",75% bullish,of 4 ratings,N/A
WYIGU,$10.0227,1440260198832,100,Not yet rated,NULL,N/A
JOEZ,$0.185,1440260198860,"70,020",92% bullish,of 12 ratings,N/A
JBSS,$48.96,1440260198991,"138,677",67% bearish,of 3 ratings,N/A
JUNO,$37.59,1440260199053,"1,247,020",73% bullish,of 11 ratings,$71.50
