Symbol,Price,Date,Volume,Rating,RatingVoteCount,OneYearEstimate
FCCY,$11.5999,1439921402992,"2,342",100% bullish,of 1 rating,$13
FLWS,$9.73,1439921403018,"73,645",100% bullish,of 5 ratings,$15
TFSCW,$0.22,1439921403063,4,100% bearish,of 1 rating,N/A
TFSCU,NULL,1439921403084,0,Not yet rated,NULL,N/A
SRCE,$31.14,1439921403157,"9,109",100% bullish,of 3 ratings,$33
TFSC,NULL,1439921403184,0,100% bearish,of 1 rating,N/A
PIH,$7.39,1439921403206,"8,273",100% bearish,of 1 rating,N/A
FCTY,$7.45,1439921403227,300,100% bullish,of 1 rating,$8.50
TWOU,$35.165,1439921403358,"215,940",50% bullish,of 2 ratings,$39
VNET,$21.07,1439921403395,"130,651",60% bullish,of 5 ratings,$29.50
DGLD,$85.2701,1439921403449,"3,528",100% bullish,of 1 rating,N/A
DSLV,$67.58,1439921403487,"34,782",100% bearish,of 1 rating,N/A
UGLD,$8.88,1439921403538,"125,671",100% bearish,of 1 rating,N/A
TFSCR,NULL,1439921403592,0,Not yet rated,NULL,N/A
USLV,$13.46,1439921403619,"395,648",86% bullish,of 7 ratings,N/A
JOBS,$28.02,1439921403645,"40,567",50% bullish,of 4 ratings,$36
SIXD,$2.5,1439921403962,"45,206",Not yet rated,NULL,N/A
EGHT,$8.58,1439921404037,"96,485",82% bullish,of 17 ratings,$11
SHLM,$35.835,1439921404118,"67,436",100% bearish,of 1 rating,$50
ABAX,$47.9855,1439921404171,"45,500",100% bearish,of 1 rating,$60
CAFD,$15.25,1439921404197,"117,749",Not yet rated,NULL,$25
ABY,$21.59,1439921404230,"162,787",100% bearish,of 2 ratings,$46
AVHI,$14.31,1439921404256,"9,090",100% bearish,of 1 rating,$19
AAON,$22.99,1439921404333,"49,846",100% bearish,of 1 rating,$24
ABGB,$4.68,1439921404482,"56,362",67% bullish,of 3 ratings,$5.50
AXAS,$1.7,1439921404528,"340,814",78% bullish,of 9 ratings,$3.50
ABEOW,$2.2,1439921404578,202,100% bullish,of 1 rating,N/A
ABMD,$104.6999,1439921404661,"203,508",75% bullish,of 4 ratings,$86
ABEO,$5.29,1439921404693,"82,628",67% bullish,of 3 ratings,$15.50
ACTG,$8.64,1439921404719,"99,163",67% bullish,of 3 ratings,$18.50
ACHC,$82.01,1439921404791,"131,671",50% bullish,of 2 ratings,$92
ACAD,$38.51,1439921404851,"266,927",85% bullish,of 20 ratings,$48
ACST,$0.38,1439921404994,"3,186",100% bullish,of 2 ratings,N/A
AXDX,$18.9,1439921405045,"51,148",100% bearish,of 1 rating,N/A
XLRN,$30.985,1439921405306,"83,141",50% bullish,of 2 ratings,$57
VXUP,$17.0299,1439921405331,575,Not yet rated,NULL,N/A
ANCX,$19.2,1439921405405,"11,274",Not yet rated,NULL,$19
ARAY,$6.07,1439921405487,"384,317",100% bearish,of 1 rating,$10.50
VXDN,$14.86,1439921405516,615,Not yet rated,NULL,N/A
ACRX,$4.39,1439921405541,"71,759",67% bearish,of 6 ratings,$5.50
ACET,$25.175,1439921405679,"22,006",75% bullish,of 4 ratings,$30
ACHN,$8.625,1439921405811,"1,420,191",90% bullish,of 21 ratings,$16
ACIW,$22.91,1439921405954,"80,537",50% bullish,of 2 ratings,$24
ACNB,$20.36,1439921406014,700,Not yet rated,NULL,N/A
ACOR,$31.46,1439921406041,"52,650",67% bearish,of 3 ratings,$38.50
AKAO,$7.025,1439921406176,"36,875",75% bullish,of 4 ratings,$15
ATVI,$29.24,1439921406306,"1,540,996",68% bullish,of 84 ratings,$31.50
ACTS,NULL,1439921406333,0,100% bearish,of 1 rating,N/A
ACXM,$21.04,1439921406396,"105,184",67% bullish,of 3 ratings,N/A
ACPW,$1.865,1439921406421,"6,600",100% bullish,of 4 ratings,$3.50
ACTA,$13.58,1439921406475,"34,676",67% bearish,of 3 ratings,$25
ACUR,$0.6,1439921406558,"13,700",100% bullish,of 5 ratings,$1
ADMP,$3.81,1439921406624,"28,507",50% bullish,of 2 ratings,$10
ADMS,$21.18,1439921406654,"18,675",100% bearish,of 2 ratings,$36
ADAP,$15.47,1439921406701,"68,486",67% bullish,of 3 ratings,$22
ADEP,$7.29,1439921406916,"6,382",50% bullish,of 2 ratings,$10.75
ADUS,$30.535,1439921406949,"49,959",100% bearish,of 1 rating,$31
AEY,$2.29,1439921407055,"2,825",100% bearish,of 2 ratings,N/A
ADMA,$9.605,1439921407076,"8,231",Not yet rated,NULL,$19
ADBE,$86.15,1439921407111,"353,884",65% bullish,of 17 ratings,$90
AEIS,$26.35,1439921407207,"52,334",50% bullish,of 2 ratings,$32.50
ADTN,$16.2,1439921407240,"88,402",67% bullish,of 3 ratings,$17.125
ADRO,$21.5535,1439921407537,"93,493",80% bullish,of 5 ratings,$45.50
ADXS,$16.15,1439921407568,"212,148",64% bullish,of 14 ratings,$27
MULT,NULL,1439921407589,0,100% bearish,of 1 rating,N/A
ADXSW,$11.7899,1439921407719,"2,120",100% bullish,of 1 rating,N/A
AMD,$1.785,1439921407744,"3,076,186",83% bullish,of 102 ratings,$2
YPRO,$23.05,1439921407875,700,100% bearish,of 1 rating,N/A
AEGR,$18.8,1439921408007,"216,451",50% bullish,of 6 ratings,$26
AEPI,$57.53,1439921408198,"6,478",100% bearish,of 1 rating,N/A
AMTX,$3.32,1439921408230,"2,635",50% bullish,of 2 ratings,$26.11
AEGN,$18.38,1439921408255,"22,630",100% bearish,of 1 rating,$21
AEZS,$0.1297,1439921408425,"8,516,704",90% bullish,of 21 ratings,$1.625
AEHR,$2.2,1439921408459,6,50% bullish,of 2 ratings,N/A
AEMD,$6.83,1439921408644,"10,843",Not yet rated,NULL,$27.50
AERI,$16.1,1439921408695,"135,105",75% bullish,of 4 ratings,$31.50
AGRX,$8.73,1439921408775,"5,025",100% bearish,of 1 rating,$18
AFMD,$11.71,1439921408803,"58,957",50% bullish,of 4 ratings,$15
AVAV,$25.74,1439921408835,"50,984",50% bullish,of 4 ratings,$31
AGEN,$7.52,1439921408939,"300,107",85% bullish,of 13 ratings,$14
AFFX,$9.8275,1439921409015,"229,288",80% bullish,of 5 ratings,$12
AGIO,$95.46,1439921409195,"140,180",88% bullish,of 8 ratings,$114
AGYS,$9.52,1439921409228,"8,770",100% bearish,of 1 rating,N/A
AGFS,$10.53,1439921409326,"39,530",100% bearish,of 1 rating,N/A
AGFSW,$2.2,1439921409352,"38,531",100% bearish,of 1 rating,N/A
AIMT,$23.42,1439921409534,"76,491",Not yet rated,NULL,N/A
AIRM,$39.98,1439921409563,"64,500",80% bearish,of 5 ratings,$53
AIRT,$22.5,1439921409592,"1,018",100% bullish,of 1 rating,N/A
AMCN,$5.02,1439921409619,"257,923",83% bullish,of 6 ratings,N/A
ATSG,$9.63,1439921409641,"30,926",67% bullish,of 3 ratings,$13
AKAM,$73.92,1439921409781,"379,118",63% bullish,of 8 ratings,$77
AIXG,$5.967,1439921409811,"5,883",67% bearish,of 3 ratings,$6
AKBA,$6.78,1439921409944,"93,743",100% bearish,of 1 rating,$18
AKRX,$43.61,1439921410037,"187,512",78% bullish,of 9 ratings,$56
AKER,$3.0201,1439921410082,"145,006",Not yet rated,NULL,N/A
ALSK,$2.145,1439921410223,"44,531",78% bullish,of 18 ratings,$2
ADHD,$9.1005,1439921410358,"109,856",50% bullish,of 4 ratings,$18
AMRI,$20.74,1439921410387,"72,964",75% bearish,of 4 ratings,$24
ABDC,$12.949,1439921410409,"9,305",Not yet rated,NULL,$15
ALRM,$17.02,1439921410431,"60,438",100% bearish,of 1 rating,$22
ALDR,$38.1,1439921410468,"150,415",67% bearish,of 3 ratings,$62
ALDX,$8.1,1439921410562,"11,510",100% bearish,of 1 rating,$14.50
ALXA,$1.16,1439921410721,"5,853",83% bullish,of 6 ratings,$2.125
ALCO,$42.85,1439921410768,"2,506",50% bullish,of 2 ratings,N/A
ALXN,$187.64,1439921410798,"326,270",88% bullish,of 8 ratings,$223
ALGN,$60.61,1439921410873,"141,706",100% bearish,of 2 ratings,$73
ALIM,$3.77,1439921410946,"23,645",80% bullish,of 5 ratings,$10
ALKS,$68.17,1439921411126,"166,484",67% bullish,of 3 ratings,$75
ALLB,$23.62,1439921411262,"2,963",Not yet rated,NULL,N/A
ALGT,$230,1439921411293,"71,047",100% bearish,of 1 rating,$235
AIQ,$14.79,1439921411318,"1,702",67% bullish,of 3 ratings,N/A
AHGP,$35.962,1439921411392,"10,619",67% bullish,of 3 ratings,N/A
AFOP,$18.72,1439921411465,"13,872",75% bullish,of 8 ratings,$21
AHPI,$1.45,1439921411496,300,50% bullish,of 2 ratings,N/A
AMOT,$16.99,1439921411518,"24,950",100% bearish,of 1 rating,N/A
ARLP,$24.48,1439921411598,"37,730",67% bearish,of 3 ratings,$32
ALLT,$5.04,1439921411705,"68,034",75% bullish,of 4 ratings,$6.25
MDRX,$14.2,1439921411731,"619,940",60% bullish,of 5 ratings,$16
ALQA,$4.6257,1439921411764,"5,835",75% bullish,of 4 ratings,$8.50
AFAM,$49.195,1439921411880,"25,218",50% bullish,of 2 ratings,$44
ALNY,$110.2,1439921411908,"231,118",67% bullish,of 3 ratings,$148.50
SMCP,NULL,1439921412098,0,Not yet rated,NULL,N/A
ATEC,$0.6,1439921412131,"62,114",100% bullish,of 1 rating,$2
ASPS,$29.57,1439921412193,"52,478",67% bullish,of 3 ratings,$46.50
AOSL,$7.2,1439921412223,"30,972",67% bullish,of 3 ratings,$9
ALTR,$49.055,1439921412249,"636,287",80% bearish,of 5 ratings,$54
AIMC,$26.36,1439921412282,"24,740",100% bearish,of 1 rating,$28.50
AMAG,$63.87,1439921412424,"118,332",100% bullish,of 2 ratings,$75
AMRK,$10.4,1439921412528,"13,348",50% bullish,of 2 ratings,$14
AMZN,$534.2499,1439921412563,"644,834",81% bullish,of 262 ratings,$646
AMRN,$2.245,1439921412594,"372,989",85% bullish,of 39 ratings,$8
AYA,$22.99,1439921412662,"15,200",100% bearish,of 1 rating,$40
AMBA,$106.33,1439921412695,"534,979",83% bullish,of 12 ratings,$102.50
AMBC,$16.8,1439921412721,"85,421",100% bearish,of 1 rating,$16.50
AMBCW,$7.17,1439921412794,400,100% bearish,of 1 rating,N/A
AMCX,$73.75,1439921413053,"324,185",67% bullish,of 3 ratings,$85.50
EPAX,$2.67,1439921413090,"437,160",100% bearish,of 1 rating,N/A
AMED,$45.54,1439921413119,"71,860",100% bearish,of 1 rating,$42
DOX,$60.325,1439921413154,"161,765",100% bullish,of 2 ratings,$60
AMDA,$0.4886,1439921413184,"383,999",90% bullish,of 10 ratings,$1
ATAX,$5.28,1439921413216,"59,467",100% bullish,of 1 rating,$6.50
ASBI,$22.715,1439921413261,"3,007",Not yet rated,NULL,N/A
UHAL,$382,1439921413289,"8,935",100% bullish,of 2 ratings,$393.50
AGNC,$19.845,1439921413517,"1,188,230",75% bullish,of 28 ratings,$22
AAL,$43.37,1439921413562,"2,700,032",93% bullish,of 87 ratings,$57
MTGE,$15.91,1439921413653,"91,732",75% bullish,of 4 ratings,$19.50
AGNCB,$24.16,1439921413678,"6,700",Not yet rated,NULL,N/A
AMOV,$18.7384,1439921413743,"2,619",100% bearish,of 1 rating,N/A
AGNCP,$25.346,1439921413813,"7,579",Not yet rated,NULL,N/A
MTGEP,$24.5,1439921413946,"1,500",Not yet rated,NULL,N/A
ACSF,$12.78,1439921413976,"20,767",100% bearish,of 1 rating,$15
ANCI,$1.6912,1439921414006,"1,128",100% bearish,of 1 rating,N/A
AETI,$3.8,1439921414038,4,67% bearish,of 3 ratings,N/A
AMIC,NULL,1439921414065,0,Not yet rated,NULL,N/A
ACAS,$14.3,1439921414097,"353,881",60% bullish,of 5 ratings,$16.75
AMNB,$23.1547,1439921414139,"4,666",Not yet rated,NULL,$25.50
ANAT,$104.34,1439921414202,"5,498",100% bullish,of 1 rating,N/A
APEI,$22.215,1439921414437,"41,452",100% bearish,of 1 rating,$29
ARII,$40.05,1439921414467,"63,477",67% bearish,of 3 ratings,$45
AMRB,$10.0101,1439921414570,604,Not yet rated,NULL,$11
AMWD,$66.24,1439921414785,"38,727",50% bullish,of 2 ratings,$58
AMSWA,$9.3699,1439921414826,"6,977",100% bearish,of 2 ratings,$10.75
ASRV,$3.3,1439921414870,704,100% bullish,of 2 ratings,N/A
AMSC,$3.955,1439921414898,"25,979",50% bullish,of 4 ratings,N/A
CRMT,$44.87,1439921414926,"6,489",100% bearish,of 1 rating,$49
AMSF,$50.98,1439921414956,"25,978",Not yet rated,NULL,$57.50
ABCB,$28.27,1439921414987,"42,469",Not yet rated,NULL,$30.50
ASEI,$39.31,1439921415061,"33,147",100% bearish,of 1 rating,$52.50
ASRVP,NULL,1439921415240,0,Not yet rated,NULL,N/A
AMGN,$167.855,1439921415268,"672,667",89% bullish,of 19 ratings,$185
FOLD,$16.53,1439921415289,"401,499",56% bullish,of 9 ratings,$21
AMKR,$4.315,1439921415422,"312,356",100% bearish,of 2 ratings,$5
ATLO,$23.5,1439921415456,104,Not yet rated,NULL,N/A
AMSGP,NULL,1439921415597,0,Not yet rated,NULL,N/A
AMPH,$14.67,1439921415623,"83,897",50% bullish,of 2 ratings,$20
ASYS,$5.64,1439921415649,"17,547",67% bullish,of 3 ratings,$12
AFSI,$63.27,1439921415681,"224,499",60% bullish,of 5 ratings,$72
AMSG,$85.36,1439921415784,"95,841",100% bearish,of 1 rating,$85.50
AMRS,$1.65,1439921415813,"39,640",70% bullish,of 10 ratings,N/A
ANAC,$134.42,1439921415867,"150,621",80% bullish,of 5 ratings,$180.50
ADI,$57.88,1439921415893,"1,021,729",67% bullish,of 3 ratings,$68
ANAD,$0.3887,1439921416039,"337,743",100% bullish,of 2 ratings,$.50
ANCB,$22.48,1439921416075,100,Not yet rated,NULL,$23
ALOG,$83.19,1439921416130,"20,710",100% bearish,of 2 ratings,$100.50
AMCF,$0.24,1439921416345,"22,681",100% bullish,of 7 ratings,N/A
ABCW,$40.92,1439921416371,"3,712",67% bullish,of 3 ratings,N/A
ANTH,$9.24,1439921416506,"279,620",80% bullish,of 10 ratings,$13
ANIP,$55.2,1439921416537,"151,342",89% bullish,of 19 ratings,$66
ANSS,$97.35,1439921416562,"155,964",100% bearish,of 1 rating,$100
ANGI,$4.3,1439921416584,"394,783",64% bullish,of 11 ratings,$5.50
ANIK,$36.225,1439921416609,"44,846",60% bullish,of 5 ratings,$51.25
ANGO,$14.93,1439921416651,"15,150",67% bullish,of 3 ratings,$19
ATRS,$1.89,1439921416745,"148,066",92% bullish,of 12 ratings,$4.50
ABAC,$0.9099,1439921416879,"2,400",100% bearish,of 1 rating,N/A
ATNY,$2.36,1439921417008,"3,042",50% bullish,of 2 ratings,$3.75
APOG,$54.22,1439921417035,"71,975",100% bullish,of 1 rating,$62
APIC,$7.55,1439921417057,"37,913",100% bearish,of 1 rating,$19
AINV,$6.65,1439921417209,"762,022",50% bullish,of 4 ratings,$8
AAPL,$116.951,1439921417364,"13,693,254",86% bullish,of 2333 ratings,$150
APDN,$3.25,1439921417425,"83,641",Not yet rated,NULL,$9
APPF,$17.56,1439921417460,"31,023",50% bullish,of 2 ratings,$22
APDNW,$1.25,1439921417488,"7,300",Not yet rated,NULL,N/A
APOL,$11.65,1439921417515,"247,396",87% bearish,of 68 ratings,$14
ARCI,$1.28,1439921417545,"10,364",Not yet rated,NULL,N/A
AGTC,$15.49,1439921417574,"25,998",50% bullish,of 2 ratings,$33
AMAT,$16.495,1439921417719,"4,456,901",82% bullish,of 11 ratings,$23
AAOI,$21.94,1439921417818,"121,671",50% bullish,of 4 ratings,$26
AMCC,$5.535,1439921417882,"340,407",80% bullish,of 5 ratings,$8
AREX,$2.6385,1439921417920,"199,534",100% bearish,of 1 rating,$3
APRI,$1.1501,1439921418053,"51,174",83% bullish,of 6 ratings,$4.86
APTO,$5.17,1439921418098,"3,127",Not yet rated,NULL,$17
AQXP,$18.707,1439921418142,"347,043",50% bullish,of 2 ratings,$2
AQMS,$5.35,1439921418174,"11,668",Not yet rated,NULL,N/A
AUMA,$9.8799,1439921418227,600,Not yet rated,NULL,N/A
AUMAW,NULL,1439921418277,0,Not yet rated,NULL,N/A
PETX,$17.05,1439921418307,"90,109",100% bearish,of 2 ratings,$26
ARDM,NULL,1439921418362,0,100% bullish,of 1 rating,$26
AUMAU,NULL,1439921418467,0,Not yet rated,NULL,N/A
ARCW,$3.7106,1439921418564,"2,303",100% bearish,of 2 ratings,$10.50
ABUS,$8.08,1439921418602,"186,920",86% bullish,of 14 ratings,$23
ABIO,$0.92,1439921418737,"54,678",50% bullish,of 2 ratings,$3.75
RKDA,$5.63,1439921418845,"18,930",100% bearish,of 2 ratings,$10
ARCB,$32.3,1439921418875,"45,464",50% bullish,of 2 ratings,$39.50
ACAT,$29.22,1439921418925,"73,562",100% bearish,of 3 ratings,$33
ACGL,$73.92,1439921418974,"71,218",50% bullish,of 2 ratings,$72
AGII,$58.38,1439921419058,"29,764",Not yet rated,NULL,$58
ARNA,$3.23,1439921419089,"853,126",90% bullish,of 77 ratings,$5.50
ARDX,$19.69,1439921419116,"148,883",50% bullish,of 2 ratings,$22
ARCC,$16.0101,1439921419162,"245,799",67% bearish,of 3 ratings,$17.875
AGIIL,$25.3,1439921419253,"10,761",Not yet rated,NULL,N/A
ARGS,$4.6,1439921419333,"4,535",50% bullish,of 2 ratings,$19.50
ARIS,$3.5,1439921419361,"4,300",Not yet rated,NULL,$4.50
ARIA,$7.39,1439921419406,"612,721",87% bullish,of 46 ratings,$9
ARKR,NULL,1439921419602,0,50% bullish,of 2 ratings,N/A
ARMH,$43.1,1439921419736,"1,433,983",54% bearish,of 13 ratings,$61
ARWAR,NULL,1439921419765,0,Not yet rated,NULL,N/A
ARWAU,NULL,1439921419799,0,100% bullish,of 1 rating,N/A
ARWA,NULL,1439921419825,0,Not yet rated,NULL,N/A
ARTX,$1.553,1439921419847,"38,658",88% bullish,of 16 ratings,$4.50
ARWAW,NULL,1439921419881,0,Not yet rated,NULL,N/A
ARQL,$1.695,1439921419913,"12,575",75% bullish,of 4 ratings,$5
ARRY,$5.69,1439921420014,"324,745",100% bullish,of 7 ratings,$10
DWAT,NULL,1439921420177,0,100% bearish,of 1 rating,N/A
ARRS,$27.54,1439921420281,"153,918",50% bullish,of 2 ratings,$38
AROW,$27.43,1439921420307,"5,142",Not yet rated,NULL,N/A
ARWR,$5.8,1439921420379,"593,984",75% bullish,of 4 ratings,$10.50
ARTNA,$22.4795,1439921420409,"6,488",100% bearish,of 1 rating,$29
ARTW,$4.45,1439921420514,700,75% bearish,of 4 ratings,N/A
ASBB,NULL,1439921420548,0,Not yet rated,NULL,N/A
ASCMA,$28.05,1439921420645,"56,928",100% bearish,of 1 rating,$45
ASND,$17.81,1439921420672,"16,954",100% bullish,of 1 rating,$30
ASNA,$12.27,1439921420703,"577,490",50% bullish,of 2 ratings,$18
ASTI,$0.154,1439921420735,"1,090,657",83% bullish,of 6 ratings,$3
APWC,$2.07,1439921420833,100,100% bearish,of 1 rating,N/A
ASML,$92.79,1439921420897,"527,077",67% bullish,of 3 ratings,$127
ASMI,$39.03,1439921420928,590,50% bullish,of 2 ratings,N/A
AZPN,$39.01,1439921420967,"333,721",50% bullish,of 2 ratings,$42
ASMB,$13.98,1439921421159,"30,191",67% bullish,of 3 ratings,N/A
ASFI,$9.0503,1439921421185,"1,775",100% bullish,of 1 rating,N/A
ALOT,$13.9999,1439921421315,100,100% bearish,of 1 rating,N/A
ASUR,$5.9,1439921421343,"1,015",Not yet rated,NULL,$8
ASTE,$37.63,1439921421370,"13,913",100% bearish,of 1 rating,$48
ASTC,$2.4001,1439921421505,"5,871",100% bullish,of 5 ratings,N/A
ATRO,$57.53,1439921421532,"48,306",100% bearish,of 2 ratings,$80
ATAI,$3.15,1439921421576,"1,860",100% bearish,of 1 rating,N/A
ATHN,$139.265,1439921421658,"70,951",67% bearish,of 3 ratings,$153
AFCB,NULL,1439921421687,0,Not yet rated,NULL,N/A
ATRA,$49.45,1439921421717,"73,353",50% bullish,of 2 ratings,$68
ATHX,$1.18,1439921421758,"36,590",89% bullish,of 9 ratings,$5
AAPC,$10.18,1439921421824,14,Not yet rated,NULL,N/A
ATLC,$3.94,1439921422167,"2,595",67% bullish,of 3 ratings,N/A
AAWW,$45.29,1439921422296,"88,236",50% bullish,of 2 ratings,$65
AFH,$17.14,1439921422322,"22,661",Not yet rated,NULL,$21.50
AAME,$3.51,1439921422521,100,Not yet rated,NULL,N/A
ATNI,$75.665,1439921422553,"25,104",100% bearish,of 1 rating,$69.50
ACFC,$6.57,1439921422575,"33,585",Not yet rated,NULL,$6.50
ATOS,$0.8961,1439921422622,"198,566",100% bullish,of 7 ratings,$7
ATRI,$394.4,1439921422647,"1,150",Not yet rated,NULL,N/A
ATRC,$27.5,1439921422718,"27,482",100% bullish,of 1 rating,$30
ATRM,$2.8501,1439921422782,600,50% bullish,of 2 ratings,N/A
ATTU,$15.12,1439921422815,"12,026",100% bearish,of 1 rating,$20.50
LIFE,$15.1408,1439921422917,"17,908",86% bullish,of 7 ratings,$43
ATML,$7.67,1439921422947,"2,428,433",78% bullish,of 9 ratings,$9.50
AUBN,$27,1439921422972,250,Not yet rated,NULL,N/A
AUDC,$3.32,1439921423024,"48,185",80% bullish,of 5 ratings,$5
AUPH,$3.51,1439921423189,"16,364",100% bearish,of 1 rating,$8
ADAT,$0.12,1439921423343,"10,692",100% bullish,of 2 ratings,N/A
EARS,$5.02,1439921423377,"1,200",100% bearish,of 2 ratings,$12
ADSK,$54.5,1439921423403,"327,201",83% bullish,of 6 ratings,$69.50
ABTL,$19.08,1439921423435,"27,152",100% bullish,of 4 ratings,$20.25
AVGO,$122.65,1439921423457,"617,425",88% bullish,of 8 ratings,$160
ADP,$84.7,1439921423490,"1,024,867",100% bearish,of 1 rating,$88
AAVL,$11.02,1439921423517,"297,408",100% bearish,of 1 rating,$20
AVEO,$1.62,1439921423728,"2,200,212",75% bullish,of 8 ratings,$3
AVID,$8.62,1439921423826,"126,171",100% bearish,of 1 rating,$20
AVNW,$1.13,1439921423854,"9,508",50% bullish,of 2 ratings,$2.20
AVNU,$12.99,1439921423881,"227,266",Not yet rated,NULL,$14
AVGR,$15.4899,1439921423908,"10,317",100% bearish,of 1 rating,$20
CAR,$46.64,1439921423938,"791,091",80% bullish,of 5 ratings,$60
AWRE,$3.33,1439921424039,"6,850",67% bullish,of 3 ratings,N/A
ACLS,$3.22,1439921424176,"249,358",67% bullish,of 6 ratings,$4.75
BCOM,$20,1439921424307,1,100% bearish,of 1 rating,N/A
AXGN,$3.9499,1439921424340,"10,253",Not yet rated,NULL,$5
AXTI,$2.2204,1439921424362,"10,182",50% bullish,of 2 ratings,$2.75
AXPW,$1.17,1439921424384,"134,874",83% bullish,of 6 ratings,N/A
RILY,$9.9999,1439921424423,"1,200",Not yet rated,NULL,N/A
AXPWW,NULL,1439921424445,0,Not yet rated,NULL,N/A
BOSC,$2.32,1439921424577,"2,080",50% bullish,of 2 ratings,N/A
BEAV,$50.99,1439921424603,"190,363",67% bearish,of 3 ratings,$59
BCPC,$60.19,1439921424760,"59,008",100% bearish,of 1 rating,$75
BWINA,$23.35,1439921424841,100,Not yet rated,NULL,N/A
BIDU,$166.94,1439921424879,"1,744,554",81% bullish,of 88 ratings,$215
BLDP,$1.325,1439921424912,"60,995",91% bullish,of 22 ratings,$2.50
BWINB,$23.16,1439921424989,200,Not yet rated,NULL,N/A
BANF,$63.18,1439921425045,"9,172",Not yet rated,NULL,$68
BANFP,NULL,1439921425072,0,Not yet rated,NULL,N/A
BKMU,$7.28,1439921425101,"11,038",Not yet rated,NULL,$8
BOCH,$5.78,1439921425148,"2,872",Not yet rated,NULL,$6.50
BMRC,$49.1,1439921425340,"3,403",Not yet rated,NULL,$52
OZRK,$43.25,1439921425377,"109,532",67% bullish,of 3 ratings,$49.50
BKSC,$16.1199,1439921425405,"1,442",Not yet rated,NULL,N/A
BFIN,$12.2599,1439921425427,"7,150",Not yet rated,NULL,$13
BOTJ,$11.5,1439921425471,516,Not yet rated,NULL,N/A
BANR,$47.28,1439921425737,"9,653",100% bullish,of 3 ratings,$50
BWFG,NULL,1439921425764,0,100% bearish,of 1 rating,N/A
BZUN,$7.77,1439921425791,"98,149",50% bullish,of 2 ratings,$13.85
BHACR,NULL,1439921425821,0,Not yet rated,NULL,N/A
TAPR,$31.9,1439921425843,"2,087",100% bearish,of 1 rating,N/A
BHAC,NULL,1439921425922,0,Not yet rated,NULL,N/A
BHACU,$10.15,1439921425980,"2,000",Not yet rated,NULL,N/A
BHACW,NULL,1439921426107,0,Not yet rated,NULL,N/A
BYBK,$5.07,1439921426180,"26,905",100% bearish,of 1 rating,N/A
BSET,$31.2,1439921426213,"32,660",100% bearish,of 1 rating,$35
BYLK,$12.95,1439921426249,"42,700",Not yet rated,NULL,$14
BBSI,$37.08,1439921426271,"38,912",67% bearish,of 3 ratings,$62.50
BV,$5.27,1439921426311,"130,972",67% bullish,of 6 ratings,$9
BBCN,$15.55,1439921426341,"118,202",100% bearish,of 1 rating,$16
BCBP,$11.749,1439921426474,"2,412",Not yet rated,NULL,N/A
BDCV,$5.0069,1439921426613,"5,730",100% bearish,of 1 rating,$10.19
BECN,$36.08,1439921426696,"54,342",50% bullish,of 2 ratings,$40
BSF,$9.1725,1439921426796,"6,284",Not yet rated,NULL,N/A
BBBY,$63.46,1439921426842,"497,732",71% bullish,of 7 ratings,$75
BBGI,$5,1439921426904,1,100% bearish,of 1 rating,N/A
BELFA,$17.2199,1439921426932,435,100% bearish,of 1 rating,N/A
BEBE,$1.81,1439921426973,"23,071",75% bullish,of 4 ratings,$3.075
BLPH,$5.8299,1439921427000,"59,797",100% bearish,of 1 rating,$12.50
BELFB,$20.09,1439921427134,"2,500",100% bearish,of 1 rating,N/A
BNCL,$13.02,1439921427171,"113,958",100% bullish,of 3 ratings,$12.50
BLCM,$18.4,1439921427204,"113,535",50% bullish,of 4 ratings,$40
BNTC,$7.7,1439921427306,"302,890",100% bullish,of 1 rating,N/A
BNFT,$39.33,1439921427338,"37,579",67% bullish,of 3 ratings,$46
BGMD,$0.88,1439921427436,"167,180",100% bullish,of 10 ratings,N/A
BGCP,$9.585,1439921427507,"315,953",88% bullish,of 8 ratings,$14
BGFV,$11.15,1439921427567,"25,168",57% bullish,of 7 ratings,$12
BIND,$4.52,1439921427732,"21,278",67% bullish,of 3 ratings,$13.50
BASI,$1.4705,1439921427753,"21,201",Not yet rated,NULL,N/A
ORPN,$5.75,1439921427803,"5,100",100% bullish,of 1 rating,$28.50
BCDA,NULL,1439921427828,0,Not yet rated,NULL,N/A
BIOC,$1.9499,1439921427895,"153,139",83% bullish,of 6 ratings,$3.70
BDSI,$6.645,1439921427985,"381,518",88% bullish,of 8 ratings,$17
BCRX,$11.99,1439921428011,"179,502",63% bullish,of 8 ratings,$18
BIOD,$0.6597,1439921428041,"109,328",80% bullish,of 5 ratings,$4
BIOL,$1.602,1439921428203,"28,326",Not yet rated,NULL,N/A
BIIB,$311.77,1439921428251,"363,829",88% bullish,of 16 ratings,$400
BLFS,$2.1199,1439921428383,"66,940",100% bearish,of 1 rating,$4.75
BMRN,$136.89,1439921428458,"137,849",80% bullish,of 5 ratings,$160
BLRX,$1.54,1439921428486,"81,254",100% bullish,of 12 ratings,$5
BPTH,$1.14,1439921428680,"19,003",100% bullish,of 2 ratings,$5
BIOS,$1.505,1439921428755,"502,363",71% bullish,of 7 ratings,$4
BVXV,$4.1,1439921428783,"2,639",Not yet rated,NULL,N/A
BVXVW,NULL,1439921428810,0,100% bearish,of 1 rating,N/A
BRLI,$35.19,1439921428836,"99,597",83% bullish,of 6 ratings,N/A
BBC,$32.93,1439921429000,"37,280",Not yet rated,NULL,N/A
BSTC,$53.63,1439921429033,"57,032",100% bearish,of 1 rating,$76
BBP,$34.655,1439921429054,"20,838",Not yet rated,NULL,N/A
BSPM,$0.7,1439921429137,"15,503",50% bullish,of 2 ratings,N/A
TECH,$105.73,1439921429187,"69,386",100% bullish,of 1 rating,$117
BOTA,$2.35,1439921429277,"27,154",88% bullish,of 8 ratings,N/A
BEAT,$12.27,1439921429351,"126,220",67% bearish,of 3 ratings,$15
BITI,$19.34,1439921429377,"6,504",100% bullish,of 1 rating,$28
BBOX,$15.58,1439921429538,"20,003",100% bearish,of 1 rating,N/A
BDMS,NULL,1439921429566,0,100% bearish,of 1 rating,N/A
BJRI,$46.425,1439921429591,"98,014",50% bullish,of 2 ratings,$55
BDE,$7.52,1439921429617,"69,228",50% bullish,of 2 ratings,$9
BBRY,$7.55,1439921429777,"1,129,417",61% bullish,of 330 ratings,$9
HAWK,$45.2225,1439921429805,"197,083",90% bullish,of 10 ratings,$49
BKCC,$9.53,1439921429836,"60,101",100% bullish,of 2 ratings,$10
BLKB,$63.13,1439921429941,"22,974",100% bearish,of 2 ratings,$66
ADRA,NULL,1439921429972,0,Not yet rated,NULL,N/A
ADRD,NULL,1439921430008,0,100% bearish,of 1 rating,N/A
ADRE,$31.41,1439921430033,"3,678",Not yet rated,NULL,N/A
BLMN,$21.74,1439921430251,"341,439",83% bullish,of 6 ratings,$27.50
BCOR,$13.72,1439921430356,"126,212",57% bullish,of 7 ratings,$15
BLBD,$13,1439921430415,"3,300",Not yet rated,NULL,N/A
ADRU,NULL,1439921430442,0,100% bearish,of 1 rating,N/A
BUFF,$26.54,1439921430464,"241,970",83% bullish,of 12 ratings,$33
BHBK,$14.37,1439921430502,"14,466",100% bullish,of 1 rating,$14.50
NILE,$34.74,1439921430524,"32,373",50% bullish,of 2 ratings,$34
BBLU,$0.8002,1439921430608,"174,416",100% bullish,of 2 ratings,$4.43
BLUE,$130.82,1439921430828,"150,949",86% bullish,of 7 ratings,$217.50
BKEP,$6.93,1439921430895,"11,969",100% bearish,of 1 rating,$8.50
BPMC,$30.41,1439921430920,"65,862",50% bullish,of 2 ratings,$47.50
BNCN,$21.99,1439921430959,"15,966",Not yet rated,NULL,$23
BKEPP,$7.88,1439921430991,"3,313",100% bearish,of 1 rating,N/A
BOBE,$46.04,1439921431098,"24,152",75% bullish,of 4 ratings,$57
WIFI,$8.84,1439921431143,"165,250",50% bullish,of 2 ratings,$13.50
BOFI,$130.96,1439921431205,"46,111",100% bullish,of 6 ratings,$137.50
BOJA,$22.16,1439921431480,"58,642",100% bullish,of 1 rating,$30
BAMM,$3.2199,1439921431503,"3,890",60% bullish,of 5 ratings,N/A
BONA,$12.12,1439921431530,"188,575",75% bullish,of 4 ratings,$8.50
BOKF,$65.83,1439921431560,"26,577",100% bearish,of 1 rating,$71
BNSO,$1.4,1439921431587,"6,700",100% bearish,of 1 rating,N/A
BPFHP,NULL,1439921431738,0,100% bearish,of 1 rating,N/A
BPFH,$12.47,1439921431763,"74,930",100% bearish,of 1 rating,$14
EPAY,$26.74,1439921431959,"42,786",100% bearish,of 2 ratings,$30
BDBD,$8.85,1439921431989,"275,529",60% bullish,of 5 ratings,$10
BPFHW,NULL,1439921432121,0,100% bearish,of 1 rating,N/A
BBRG,$13.106,1439921432146,"17,049",67% bullish,of 3 ratings,$14.50
BCLI,$3.15,1439921432173,"202,687",80% bullish,of 5 ratings,$12
BBEP,$2.5,1439921432199,"1,370,290",69% bullish,of 13 ratings,$5.625
BBEPP,$13.706,1439921432366,"17,583",100% bearish,of 1 rating,N/A
BDGE,$27.92,1439921432418,"7,868",Not yet rated,NULL,$31.75
BLIN,NULL,1439921432499,0,50% bullish,of 2 ratings,$2.80
BCOV,$5.57,1439921432630,"19,988",67% bullish,of 3 ratings,$10.20
BRID,$8.83,1439921432664,"5,188",100% bearish,of 1 rating,N/A
BRCM,$51.13,1439921432762,"674,335",75% bullish,of 12 ratings,$56
BSFT,$34.09,1439921432790,"45,111",57% bullish,of 7 ratings,$40.50
BVSN,$6,1439921432821,720,60% bearish,of 5 ratings,N/A
BWEN,$3.56,1439921432920,"13,709",100% bullish,of 3 ratings,$8
BRCD,$10.1,1439921432994,"837,312",92% bullish,of 13 ratings,$12.50
BRKL,$10.96,1439921433062,"115,973",100% bearish,of 1 rating,$10.75
BYFC,$1.45,1439921433087,320,50% bullish,of 2 ratings,N/A
BRKS,$10.54,1439921433267,"60,732",67% bullish,of 3 ratings,$15.25
BLMT,$21.27,1439921433296,"2,400",Not yet rated,NULL,N/A
BMTC,$29.9,1439921433323,"9,698",Not yet rated,NULL,$34
BRKR,$20.09,1439921433402,"112,554",100% bearish,of 2 ratings,$22
BSQR,$6.8799,1439921433506,"63,286",67% bullish,of 3 ratings,N/A
BLDR,$14.93,1439921433702,"624,533",50% bullish,of 2 ratings,$22
BWLD,$196.1,1439921433774,"76,418",82% bullish,of 11 ratings,$205
BUR,$2.0501,1439921433799,"2,200",100% bearish,of 1 rating,$8
CHRW,$69.76,1439921433827,"423,900",Not yet rated,NULL,$72
CCMP,$45.08,1439921433960,"45,858",50% bullish,of 2 ratings,$59
CA,$29.5,1439921434046,"495,582",50% bullish,of 4 ratings,$33
CFFI,NULL,1439921434090,0,100% bearish,of 1 rating,N/A
CDNS,$21.465,1439921434181,"688,770",75% bullish,of 4 ratings,$22.50
CZR,$7.36,1439921434217,"604,913",60% bearish,of 5 ratings,$10.50
CDZI,$7.3899,1439921434244,"13,834",100% bearish,of 1 rating,N/A
CACQ,$7.03,1439921434311,"7,314",100% bearish,of 1 rating,$12.25
PRSS,$4.66,1439921434375,"3,237",80% bullish,of 5 ratings,$4.50
CSTE,$48.149,1439921434469,"567,666",100% bearish,of 1 rating,$65
CLBS,$1.38,1439921434602,"42,634",79% bullish,of 14 ratings,$4
CHY,$11.93,1439921434626,"110,355",Not yet rated,NULL,N/A
CLMS,$11.85,1439921434657,"26,388",Not yet rated,NULL,$10.50
CHI,$11.0845,1439921434697,"116,953",100% bearish,of 1 rating,N/A
CCD,$21.36,1439921434724,"59,356",Not yet rated,NULL,N/A
CGO,$12.7892,1439921435162,"9,856",100% bearish,of 1 rating,N/A
CFGE,$11.15,1439921435191,6,Not yet rated,NULL,N/A
CHW,$8.08,1439921435219,"100,387",100% bearish,of 1 rating,N/A
CSQ,$10.5728,1439921435240,"249,092",Not yet rated,NULL,N/A
CAMP,$16.4,1439921435269,"104,217",86% bullish,of 7 ratings,$25
CVGW,$54.46,1439921435295,"16,637",50% bullish,of 2 ratings,$58.50
CALA,$5.5999,1439921435523,"184,101",100% bullish,of 3 ratings,$19.50
CFNB,NULL,1439921435553,0,100% bearish,of 1 rating,N/A
CALD,$16.07,1439921435585,"54,017",100% bearish,of 1 rating,$20.50
CAMB,NULL,1439921435612,0,Not yet rated,NULL,N/A
CALM,$51.92,1439921435645,"138,667",80% bullish,of 5 ratings,$65
CAMBU,NULL,1439921435682,0,100% bearish,of 1 rating,N/A
ABCD,$4.78,1439921435781,"27,557",83% bullish,of 6 ratings,N/A
CLMT,$26.5625,1439921435859,"63,622",75% bullish,of 8 ratings,$31
CAMBW,NULL,1439921435913,0,Not yet rated,NULL,N/A
CAC,$40.37,1439921436049,"1,916",Not yet rated,NULL,N/A
CSIQ,$23.88,1439921436152,"891,344",86% bullish,of 28 ratings,$45
CAMT,$2.94,1439921436185,"12,597",73% bullish,of 11 ratings,$4
CPHC,$10.5001,1439921436212,600,100% bearish,of 1 rating,N/A
CBNJ,$10.945,1439921436285,"10,575",100% bullish,of 1 rating,N/A
CGIX,$11.07,1439921436345,"13,029",67% bullish,of 3 ratings,$14.375
CPLA,$49.09,1439921436370,"21,342",50% bullish,of 2 ratings,$65
CPLP,$7.15,1439921436400,"159,156",71% bullish,of 7 ratings,$11
CBF,$30.44,1439921436534,"8,388",Not yet rated,NULL,$32
CCBG,$15.11,1439921436569,400,Not yet rated,NULL,$17.25
CSWC,$49.21,1439921436666,"4,298",Not yet rated,NULL,N/A
CFFN,$12.2,1439921436695,"250,337",Not yet rated,NULL,$12.75
CAPN,$2.7064,1439921436830,"491,181",100% bullish,of 1 rating,$10.85
CPTA,$14.96,1439921436856,"35,055",Not yet rated,NULL,$18.50
CAPNW,$0.7699,1439921436882,100,Not yet rated,NULL,N/A
CPST,$0.3961,1439921437021,"426,911",95% bullish,of 22 ratings,$1
CAPR,$4.2,1439921437049,"19,768",Not yet rated,NULL,$12
CARA,$21.78,1439921437080,"82,992",50% bullish,of 4 ratings,$27.50
CARB,$11.53,1439921437181,"30,134",75% bullish,of 4 ratings,$12
CRME,$9.7,1439921437267,749,89% bullish,of 9 ratings,$11.25
CBYL,$6.54,1439921437298,"10,204",100% bearish,of 1 rating,$20
CRDC,$0.3904,1439921437324,"98,333",100% bullish,of 1 rating,$1.25
CFNL,$23.55,1439921437353,"54,506",Not yet rated,NULL,$24
CSII,$24.07,1439921437385,"120,495",100% bearish,of 2 ratings,$42.125
CATM,$35.27,1439921437485,"140,492",100% bearish,of 1 rating,$44
CECO,$3.81,1439921437709,"93,790",67% bearish,of 3 ratings,$6
CKEC,$23.455,1439921437747,"42,185",50% bullish,of 2 ratings,$35.915
CDNA,NULL,1439921437844,0,100% bearish,of 1 rating,$9
CTRE,$11.74,1439921437875,"249,153",50% bullish,of 2 ratings,N/A
CARO,$15.5,1439921437897,"1,555",100% bearish,of 1 rating,$19
CLBH,NULL,1439921437928,0,Not yet rated,NULL,$16.50
CART,$5.45,1439921437980,100,100% bearish,of 1 rating,N/A
TAST,$12.98,1439921438063,"75,786",Not yet rated,NULL,$14.25
CRZO,$35.0251,1439921438112,"348,742",67% bearish,of 3 ratings,$57
CARV,NULL,1439921438245,0,50% bullish,of 2 ratings,N/A
CRTN,NULL,1439921438273,0,100% bearish,of 1 rating,N/A
CASM,$1.15,1439921438324,"27,117",100% bullish,of 1 rating,$3.50
CACB,$5.4701,1439921438354,"7,989",Not yet rated,NULL,$5.50
CSCD,$14.15,1439921438461,"72,467",100% bullish,of 2 ratings,$17
CWST,$6.36,1439921438509,"65,455",50% bullish,of 2 ratings,$7
CASY,$107.39,1439921438640,"147,694",50% bullish,of 2 ratings,$99.50
CASI,$1.4999,1439921438760,"1,000",100% bullish,of 1 rating,$3.50
CASS,$50.71,1439921438786,"5,329",100% bearish,of 1 rating,N/A
CATYW,NULL,1439921438917,0,100% bearish,of 1 rating,N/A
CATY,$31.97,1439921438948,"154,983",100% bearish,of 1 rating,$33.50
CATB,$12.2,1439921438970,"23,461",100% bearish,of 1 rating,$28
CVCO,$73.655,1439921439051,"8,701",100% bearish,of 1 rating,N/A
CBFV,NULL,1439921439187,0,Not yet rated,NULL,N/A
CNLM,NULL,1439921439209,0,Not yet rated,NULL,N/A
CAVM,$72.575,1439921439241,"263,056",67% bearish,of 3 ratings,$72
CPRX,$4.12,1439921439271,"197,822",71% bullish,of 7 ratings,$7
CNLMR,NULL,1439921439296,0,Not yet rated,NULL,N/A
CNLMU,NULL,1439921439370,0,100% bullish,of 1 rating,N/A
CNLMW,NULL,1439921439447,0,Not yet rated,NULL,N/A
CBOE,$64.36,1439921439638,"80,775",Not yet rated,NULL,$60
CDW,$39.51,1439921439668,"262,625",75% bullish,of 4 ratings,$44
CECE,$10.285,1439921439690,"19,668",50% bullish,of 2 ratings,$16
CDK,$49.935,1439921439712,"222,247",67% bearish,of 3 ratings,$50
CPXX,$2.18,1439921439843,"65,621",100% bullish,of 2 ratings,$7
CELGZ,$1.9797,1439921439906,"13,791",80% bullish,of 5 ratings,N/A
CELG,$129.95,1439921439935,"797,092",92% bullish,of 13 ratings,$155.50
CLRB,$3.14,1439921440071,"6,196",100% bearish,of 1 rating,N/A
CLDN,$1.09,1439921440098,"83,862",71% bullish,of 7 ratings,$3
CLRBW,NULL,1439921440130,0,Not yet rated,NULL,N/A
CLDX,$15.58,1439921440162,"644,425",89% bullish,of 9 ratings,$36
CLLS,$33.03,1439921440235,"44,593",75% bullish,of 4 ratings,$51.50
CBMG,$22.55,1439921440264,"51,230",50% bullish,of 2 ratings,N/A
CLSN,$2.2,1439921440485,"33,242",80% bullish,of 10 ratings,$7.50
CLTX,$1.03,1439921440519,"2,015,192",100% bullish,of 2 ratings,N/A
CETX,$2.57,1439921440546,"10,100",Not yet rated,NULL,$5.60
CYAD,$55.27,1439921440621,100,100% bullish,of 1 rating,$87.50
CEMP,$37.23,1439921440679,"159,644",71% bullish,of 7 ratings,$48.50
CSFL,$14.29,1439921440706,"24,864",Not yet rated,NULL,$15
CETV,$2.22,1439921440838,"15,562",67% bullish,of 3 ratings,$2.80
CENTA,$12.4,1439921440935,"42,571",Not yet rated,NULL,N/A
CFBK,NULL,1439921440960,0,Not yet rated,NULL,N/A
CENT,$11.75,1439921441034,"21,482",Not yet rated,NULL,$10
CENX,$5.215,1439921441126,"2,375,840",67% bullish,of 6 ratings,$9
CVCY,$11.11,1439921441163,100,Not yet rated,NULL,$12
CNBKA,$41.5999,1439921441191,935,100% bullish,of 1 rating,N/A
CNTY,$6.35,1439921441323,"14,620",80% bullish,of 5 ratings,$7.75
CPHD,$51.62,1439921441389,"267,740",50% bullish,of 2 ratings,$66.50
CRNT,$1.49,1439921441414,"168,406",50% bullish,of 2 ratings,$2
CERE,$1.6,1439921441550,"270,333",88% bullish,of 8 ratings,N/A
CERS,$5.04,1439921441678,"378,677",75% bullish,of 4 ratings,$7
CERU,$3.537,1439921441715,"15,209",75% bullish,of 4 ratings,$15
CERN,$65.15,1439921441740,"615,907",67% bullish,of 3 ratings,$79
KOOL,$0.689,1439921441813,"3,611",100% bullish,of 5 ratings,$7
CYOU,$20.04,1439921441889,"79,354",50% bullish,of 6 ratings,$24
CEVA,$19.445,1439921441948,"39,267",100% bearish,of 1 rating,$25
HOTR,$1.4894,1439921441976,"90,811",100% bullish,of 2 ratings,$5
HOTRW,NULL,1439921442003,0,Not yet rated,NULL,N/A
CTHR,$1.215,1439921442136,"1,002",50% bullish,of 2 ratings,$2.50
GTLS,$24.22,1439921442238,"123,360",50% bullish,of 4 ratings,$40
CHTR,$188.54,1439921442322,"402,774",100% bearish,of 2 ratings,$196
CHFN,$12.54,1439921442347,"4,800",Not yet rated,NULL,$14
CHKP,$82.55,1439921442409,"439,183",50% bullish,of 4 ratings,$92
CHEKW,NULL,1439921442505,0,Not yet rated,NULL,N/A
CHEK,$3.16,1439921442531,"1,669",Not yet rated,NULL,$7.75
CEMI,$4.63,1439921442557,"8,304",50% bullish,of 2 ratings,$7.50
CCXI,$7,1439921442759,"55,177",67% bullish,of 3 ratings,$14
CHFC,$32.75,1439921442788,"9,279",100% bearish,of 1 rating,$36
CHMG,$26.508,1439921442820,"3,618",Not yet rated,NULL,$30
CHKE,$27.465,1439921442842,"14,116",100% bearish,of 1 rating,$32.50
CHEV,$14.7,1439921442871,"8,359",Not yet rated,NULL,N/A
CBNK,NULL,1439921443000,0,100% bearish,of 1 rating,N/A
PLCE,$61.36,1439921443069,"127,421",100% bearish,of 1 rating,$71
CHMA,$26.725,1439921443096,"61,474",Not yet rated,NULL,$40
CMRX,$53.03,1439921443336,"102,580",50% bullish,of 2 ratings,$57
CALI,$1.1501,1439921443391,"220,894",67% bullish,of 3 ratings,N/A
CADC,$3.4,1439921443425,"2,244",78% bullish,of 9 ratings,N/A
CAAS,$6.7886,1439921443490,"7,427",93% bullish,of 14 ratings,$11.50
CCCL,$0.93,1439921443515,"44,607",100% bullish,of 6 ratings,N/A
CCCR,$0.6602,1439921443555,"22,228",67% bearish,of 3 ratings,N/A
CBAK,$2.26,1439921443581,"10,902",67% bullish,of 9 ratings,N/A
CBPO,$110.66,1439921443725,"90,502",75% bullish,of 8 ratings,$140.50
HGSH,$1.8627,1439921443760,500,67% bullish,of 3 ratings,N/A
CHOP,$1.2151,1439921443787,"1,308",50% bullish,of 2 ratings,N/A
JRJC,$4.45,1439921443861,"84,971",82% bullish,of 11 ratings,N/A
CHLN,$1.5,1439921443939,"3,527",67% bullish,of 3 ratings,N/A
CNIT,$1.72,1439921444005,"70,540",67% bullish,of 6 ratings,N/A
CREG,$0.7992,1439921444267,"9,691",100% bullish,of 3 ratings,N/A
CJJD,$2.11,1439921444300,"93,858",100% bullish,of 1 rating,N/A
CPGI,$6.49,1439921444336,587,Not yet rated,NULL,N/A
HTHT,$26.23,1439921444357,"156,446",50% bullish,of 2 ratings,$28
CHNR,$2.0301,1439921444379,"2,700",100% bearish,of 1 rating,N/A
CSUN,$1.531,1439921444415,181,80% bullish,of 5 ratings,N/A
CNTF,$0.9391,1439921444441,"36,918",Not yet rated,NULL,N/A
CXDC,$6.24,1439921444571,"14,454",67% bullish,of 3 ratings,N/A
CCIH,$9.83,1439921444832,"62,099",67% bullish,of 6 ratings,$12.65
CNYD,NULL,1439921444887,0,67% bullish,of 3 ratings,N/A
CNET,$0.7999,1439921444909,"15,953",50% bullish,of 2 ratings,N/A
CHSCL,$27.128,1439921444930,"22,238",Not yet rated,NULL,N/A
IMOS,$15.91,1439921444952,"59,523",60% bullish,of 5 ratings,$21.50
CHSCM,$26.2499,1439921445085,"28,996",Not yet rated,NULL,N/A
CHSCN,$27.38,1439921445154,"9,793",Not yet rated,NULL,N/A
CHSCP,$30.4699,1439921445235,710,Not yet rated,NULL,N/A
CDTX,$14.25,1439921445270,"19,028",Not yet rated,NULL,$22
CHDN,$138.44,1439921445294,"31,697",Not yet rated,NULL,$165
CHSCO,$28.46,1439921445325,"7,335",Not yet rated,NULL,N/A
CIFC,$7.406,1439921445357,"1,300",Not yet rated,NULL,N/A
CHUY,$32.89,1439921445388,"39,871",50% bullish,of 2 ratings,$34
CMPR,$70.65,1439921445559,"57,428",50% bullish,of 2 ratings,$72.50
CMCT,$15.12,1439921445661,"1,490",100% bearish,of 1 rating,N/A
CINF,$56.68,1439921445686,"144,763",50% bullish,of 4 ratings,$50.50
CSCO,$28.36,1439921445859,"13,547,889",84% bullish,of 208 ratings,$32
CIDM,$0.6715,1439921445919,"110,944",50% bullish,of 2 ratings,$2.10
CTAS,$89.22,1439921445949,"112,698",100% bearish,of 1 rating,$91
CPHR,$6.82,1439921446008,"3,540",100% bearish,of 1 rating,$16
CZNC,$20.09,1439921446047,"4,149",Not yet rated,NULL,N/A
CTRN,$22.54,1439921446076,"63,109",100% bearish,of 1 rating,$29.50
CRUS,$29.19,1439921446142,"320,771",75% bullish,of 12 ratings,$44.50
CZWI,$9.1001,1439921446174,900,Not yet rated,NULL,N/A
CZFC,NULL,1439921446322,0,Not yet rated,NULL,N/A
CIZN,NULL,1439921446352,0,Not yet rated,NULL,N/A
CTXS,$77.94,1439921446379,"335,849",86% bullish,of 7 ratings,$80
CHCO,$48.034,1439921446454,"4,597",Not yet rated,NULL,$46
CIVB,$10.32,1439921446513,650,Not yet rated,NULL,$11
CIVBP,NULL,1439921446714,0,Not yet rated,NULL,N/A
CLNE,$4.58,1439921446747,"624,800",80% bullish,of 15 ratings,$9
CDTI,$1.771,1439921446775,"84,433",75% bullish,of 4 ratings,$3.20
CLNT,$1.95,1439921446808,100,75% bullish,of 8 ratings,N/A
CLFD,$18.11,1439921446840,"10,376",67% bullish,of 3 ratings,$18
CLIR,$5.2103,1439921446869,"27,867",100% bullish,of 3 ratings,N/A
CLRO,$11.76,1439921446900,"6,050",50% bullish,of 2 ratings,$14.25
CBLI,$3.7551,1439921446941,"10,172",60% bullish,of 5 ratings,N/A
CSBK,$14.03,1439921447090,"23,409",Not yet rated,NULL,N/A
CLVS,$79.79,1439921447282,"145,785",60% bullish,of 5 ratings,$101.50
CMFN,$11.4,1439921447309,"14,416",100% bearish,of 1 rating,$15.50
CME,$98.08,1439921447450,"289,193",67% bullish,of 3 ratings,$102
CISG,$8.36,1439921447479,"60,275",100% bullish,of 5 ratings,$10
CCNE,$17.44,1439921447501,"4,478",50% bullish,of 2 ratings,$21.50
CWAY,NULL,1439921447635,0,Not yet rated,NULL,N/A
CNV,$4.75,1439921447668,"6,701",50% bullish,of 2 ratings,$7.15
COBZ,$13,1439921447690,"10,658",100% bullish,of 1 rating,$14
CDRB,$13.42,1439921447725,"4,516",67% bullish,of 3 ratings,N/A
COKE,$165.5,1439921447747,"12,757",79% bullish,of 19 ratings,N/A
CDXS,$4.06,1439921447832,"54,052",64% bullish,of 11 ratings,$6
JVA,$4.78,1439921447980,"8,714",83% bullish,of 6 ratings,$7
CGNT,$1.62,1439921448041,"22,129",100% bullish,of 2 ratings,$2
CCOI,$29,1439921448152,"266,171",50% bullish,of 4 ratings,$35
CVLY,NULL,1439921448180,0,Not yet rated,NULL,N/A
CGNX,$36.88,1439921448215,"217,331",50% bullish,of 2 ratings,$47
CTSH,$67.7,1439921448382,"607,741",90% bullish,of 10 ratings,$74.50
COHU,$9.3,1439921448415,"40,307",100% bearish,of 1 rating,$14.25
CLRX,$0.5,1439921448480,"10,652",50% bullish,of 2 ratings,$1.85
COHR,$58.16,1439921448510,"27,174",50% bullish,of 2 ratings,$72
CHRS,$32.46,1439921448543,"29,646",67% bearish,of 3 ratings,$37
CLCT,$19.813,1439921448611,"13,261",100% bearish,of 1 rating,N/A
CBAN,$8.75,1439921448641,"3,993",Not yet rated,NULL,N/A
CIGI,$47.34,1439921448786,700,100% bearish,of 1 rating,$52
COLL,$15.75,1439921448815,"31,916",100% bearish,of 1 rating,$26
CLCD,$8.11,1439921448895,"11,868",100% bearish,of 1 rating,$20.50
COLB,$33.26,1439921449070,"70,945",Not yet rated,NULL,$36
COLM,$66.26,1439921449096,"52,748",100% bearish,of 1 rating,$71
CMCSK,$60.31,1439921449178,"996,361",Not yet rated,NULL,$84
CMCO,$21.39,1439921449248,"10,806",60% bullish,of 5 ratings,$28
CBMX,$1.2699,1439921449310,"24,920",83% bullish,of 6 ratings,$3.15
CBSH,$47.38,1439921449336,"83,056",50% bullish,of 2 ratings,$46
CMCSA,$59.88,1439921449373,"3,310,034",66% bullish,of 35 ratings,$69.50
CUBN,$14,1439921449466,"4,078",Not yet rated,NULL,N/A
CBSHP,$25.3781,1439921449492,"2,205",100% bearish,of 1 rating,N/A
CVGI,$4.51,1439921449664,"114,889",50% bullish,of 2 ratings,$6
JCS,$9.89,1439921449692,"1,536",67% bullish,of 3 ratings,N/A
COMM,$31.495,1439921449718,"199,716",67% bearish,of 3 ratings,$35
CSAL,$23.26,1439921449744,"178,919",75% bullish,of 4 ratings,$30
CYHHZ,$0.012,1439921449884,"319,783",100% bullish,of 1 rating,N/A
ESXB,$5.09,1439921449969,"3,000",Not yet rated,NULL,N/A
CWBC,NULL,1439921450160,0,Not yet rated,NULL,N/A
CIZ,$35.058,1439921450190,"1,796",100% bearish,of 1 rating,N/A
COB,$10.71,1439921450231,400,100% bullish,of 1 rating,$11.50
CTBI,$35.04,1439921450258,"28,643",Not yet rated,NULL,$36
CVLT,$37.19,1439921450280,"226,734",75% bullish,of 4 ratings,$44.50
CID,NULL,1439921450311,0,Not yet rated,NULL,N/A
CIL,NULL,1439921450340,0,Not yet rated,NULL,N/A
CSA,$34.56,1439921450528,"1,775",Not yet rated,NULL,N/A
CDC,$36.65,1439921450592,"11,632",Not yet rated,NULL,N/A
CFO,$37.667,1439921450677,"5,982",100% bearish,of 1 rating,N/A
CSF,$38.664,1439921450729,100,100% bearish,of 1 rating,N/A
CFA,NULL,1439921450755,0,100% bearish,of 1 rating,N/A
CDL,NULL,1439921450834,0,Not yet rated,NULL,N/A
CSB,$34.6299,1439921450929,225,Not yet rated,NULL,N/A
CPSI,$46.1,1439921450962,"26,138",100% bearish,of 1 rating,$45.50
CGEN,$5.6067,1439921451006,"28,462",50% bullish,of 2 ratings,$11
SCOR,$64.39,1439921451111,"84,265",100% bearish,of 1 rating,$66
CTG,$6.84,1439921451141,"63,193",100% bearish,of 1 rating,$8.50
CHCI,$0.5999,1439921451166,"1,354",50% bullish,of 2 ratings,N/A
CNSI,$19.31,1439921451392,"20,522",100% bearish,of 2 ratings,$29
CMTL,$27.855,1439921451420,"8,679",100% bearish,of 2 ratings,$37
CNAT,$4.4199,1439921451449,"100,114",83% bullish,of 6 ratings,$13
CCUR,$5.1899,1439921451578,"9,086",75% bullish,of 4 ratings,N/A
CNCE,$16.6,1439921451621,"201,478",75% bullish,of 4 ratings,$22
CDOR,$1.37,1439921451656,"2,160",100% bullish,of 1 rating,N/A
CDORO,$18.8999,1439921451712,480,100% bearish,of 1 rating,N/A
CXRX,$78.605,1439921451756,"4,905",Not yet rated,NULL,$90
CFMS,$22.93,1439921451944,"133,490",Not yet rated,NULL,$27
CNMD,$56.99,1439921451997,"34,274",Not yet rated,NULL,$59
CNFR,$10.5099,1439921452025,"15,534",Not yet rated,NULL,N/A
CDORP,$7.25,1439921452046,100,100% bearish,of 1 rating,N/A
CTWS,$35.05,1439921452080,"6,921",100% bearish,of 1 rating,$44
CONN,$33.0225,1439921452185,"126,382",67% bullish,of 3 ratings,$48.50
CNOB,$20.22,1439921452214,"8,356",100% bullish,of 1 rating,$23.50
CNXR,$6.62,1439921452286,"29,088",100% bearish,of 1 rating,$12
CNSL,$20.32,1439921452440,"43,049",100% bearish,of 1 rating,$23
CWCO,$11.7607,1439921452571,"22,524",67% bullish,of 3 ratings,$14.50
CTCT,$24.63,1439921452606,"125,393",67% bullish,of 3 ratings,$37
CFRX,$5.385,1439921452669,"51,863",Not yet rated,NULL,$14
CPSS,$5.71,1439921452701,"10,187",100% bullish,of 1 rating,$10
CFRXW,$2.305,1439921452727,"5,857",100% bearish,of 1 rating,N/A
CFRXZ,$0.8001,1439921452802,"2,401",Not yet rated,NULL,N/A
CTRV,$4.55,1439921452959,"8,541",Not yet rated,NULL,$6.40
CTRL,$8.3,1439921453028,"44,802",50% bullish,of 2 ratings,$11
CORT,$5.4,1439921453094,"48,805",67% bullish,of 3 ratings,$12
CPRT,$36.62,1439921453126,"56,608",67% bearish,of 3 ratings,$40
CRBP,$1.92,1439921453151,"45,846",100% bullish,of 1 rating,$6.25
BVA,$3.78,1439921453172,100,50% bullish,of 2 ratings,N/A
CORE,$64.06,1439921453205,"29,055",100% bearish,of 1 rating,$72
CORI,$11.55,1439921453334,"22,374",100% bearish,of 1 rating,$18
CSOD,$37.83,1439921453525,"143,380",50% bullish,of 2 ratings,$42
CRVL,$33.63,1439921453665,"3,808",100% bearish,of 1 rating,N/A
COSI,$1.1925,1439921453700,"19,921",100% bullish,of 1 rating,N/A
COST,$145.39,1439921453763,"339,144",83% bullish,of 24 ratings,$154.50
ICBK,$18.25,1439921453794,500,Not yet rated,NULL,$21
CSGP,$194.998,1439921453824,"27,639",50% bullish,of 2 ratings,$235
CPAH,$0.4699,1439921453850,"3,665",50% bullish,of 2 ratings,N/A
CVTI,$25.2,1439921453893,"35,221",67% bearish,of 3 ratings,$39
COVS,$2.83,1439921453921,"43,029",67% bullish,of 3 ratings,N/A
COWN,$5.48,1439921454123,"252,077",75% bullish,of 4 ratings,$7
COWNL,$27.36,1439921454158,190,Not yet rated,NULL,N/A
CPSH,$2.47,1439921454194,"1,100",Not yet rated,NULL,N/A
CRAI,$22.83,1439921454216,"3,595",Not yet rated,NULL,$36
CBRL,$150.44,1439921454289,"71,011",50% bullish,of 2 ratings,$155
CRAY,$22.5,1439921454570,"109,812",83% bullish,of 6 ratings,$38.50
BREW,$8.2,1439921454600,"19,657",67% bullish,of 6 ratings,$15
SLVO,$10.2599,1439921454656,"11,109",100% bearish,of 1 rating,N/A
GLDI,$10.9599,1439921454686,"1,800",100% bearish,of 1 rating,N/A
CACC,$204.195,1439921454717,"25,159",50% bullish,of 2 ratings,$158.50
CRESY,$11.52,1439921454791,"34,556",100% bearish,of 1 rating,$19
CREE,$27.51,1439921454820,"745,818",65% bullish,of 17 ratings,$28.50
CRTO,$48.08,1439921454850,"146,785",67% bullish,of 6 ratings,$64
CROX,$14.7,1439921454951,"297,121",63% bullish,of 8 ratings,$16.50
CCRN,$14.705,1439921455008,"120,614",100% bearish,of 1 rating,$14.25
CRWS,$8.1699,1439921455146,400,Not yet rated,NULL,$10
CRDS,$1.15,1439921455173,300,50% bullish,of 4 ratings,$4.50
CRWN,$4.77,1439921455203,"38,686",75% bullish,of 4 ratings,N/A
CYRXW,$0.9,1439921455253,"14,541",Not yet rated,NULL,N/A
CYRX,$2.99,1439921455308,"21,264",Not yet rated,NULL,$9
CSGS,$32.235,1439921455477,"24,595",Not yet rated,NULL,$40
CCLP,$14.7901,1439921455526,"23,530",67% bearish,of 3 ratings,$21
CTCM,$1.78,1439921455613,"291,246",80% bearish,of 5 ratings,$3.90
CTIC,$1.81,1439921455681,"206,791",84% bullish,of 76 ratings,$5.75
CTIB,NULL,1439921455711,0,100% bearish,of 1 rating,N/A
CSPI,$6.15,1439921455780,"1,445",67% bullish,of 3 ratings,N/A
CTRP,$70.02,1439921455812,"912,265",75% bullish,of 8 ratings,$92
CUNB,$22.36,1439921455837,"1,002",Not yet rated,NULL,$24.50
CUI,$5.42,1439921455912,"10,649",50% bullish,of 2 ratings,$10
CPIX,$5.99,1439921456019,3,Not yet rated,NULL,N/A
CRIS,$2.79,1439921456094,"137,007",100% bullish,of 8 ratings,$6
CMLS,$1.275,1439921456161,"194,795",50% bullish,of 4 ratings,$6
CUTR,$14.99,1439921456195,"20,958",67% bearish,of 3 ratings,$18
CVV,$12.24,1439921456332,"9,422",100% bullish,of 5 ratings,N/A
CVBF,$17.47,1439921456359,"101,992",Not yet rated,NULL,$18
CYAN,NULL,1439921456385,0,100% bearish,of 1 rating,N/A
CYBR,$59.311,1439921456518,"553,445",86% bullish,of 7 ratings,$66
CYBE,$5.89,1439921456551,"22,039",100% bearish,of 1 rating,N/A
CYCC,$0.5901,1439921456606,"23,446",73% bullish,of 11 ratings,N/A
CYBX,$59.81,1439921456649,"33,537",50% bullish,of 4 ratings,$70
CYCCP,NULL,1439921456738,0,100% bearish,of 1 rating,N/A
CBAY,$2.79,1439921456833,"81,350",100% bullish,of 1 rating,$4
CYNA,$15.0299,1439921456861,"8,255",100% bullish,of 1 rating,$33
CYNO,$34.27,1439921456890,"45,285",67% bearish,of 3 ratings,$45.50
CYRN,$1.79,1439921456993,"181,757",67% bullish,of 3 ratings,$4
CY,$10.01,1439921457171,"2,108,259",80% bullish,of 10 ratings,$15.50
CONE,$34.64,1439921457388,"118,033",67% bearish,of 3 ratings,$35
CYTR,$2.33,1439921457414,"326,759",67% bullish,of 6 ratings,$10
CYTX,$0.3937,1439921457484,"347,966",83% bullish,of 12 ratings,$5.50
CTSO,$7.5,1439921457549,"58,577",Not yet rated,NULL,$15.625
CYTK,$6.58,1439921457576,"45,754",71% bullish,of 14 ratings,$13.50
DAEG,$0.3782,1439921457606,"2,400",100% bearish,of 1 rating,N/A
TVIZ,NULL,1439921457627,0,100% bearish,of 1 rating,N/A
TVIX,$5.66,1439921457656,"2,016,906",81% bullish,of 16 ratings,N/A
ZIV,$49.79,1439921457857,"14,261",Not yet rated,NULL,N/A
XIV,$47.77,1439921457930,"3,736,729",75% bearish,of 4 ratings,N/A
DJCO,$208.95,1439921457960,400,Not yet rated,NULL,N/A
DARA,$0.9242,1439921458026,"47,155",83% bullish,of 6 ratings,$1.50
DAIO,$2.69,1439921458105,72,Not yet rated,NULL,N/A
DAKT,$11.86,1439921458133,"61,513",50% bullish,of 2 ratings,$14
DTLK,$5.81,1439921458160,"26,352",100% bearish,of 1 rating,$9
DRAM,$1.495,1439921458298,500,78% bullish,of 9 ratings,N/A
DWCH,$5.38,1439921458370,"12,446",75% bullish,of 4 ratings,$8.25
PLAY,$36.49,1439921458430,"57,321",100% bullish,of 5 ratings,$42
DTEA,$13,1439921458510,"41,782",100% bearish,of 2 ratings,$24
DBVT,$43.96,1439921458572,"49,718",100% bearish,of 1 rating,$53
TRAK,$62.26,1439921458606,"95,548",50% bullish,of 2 ratings,$62.50
DWSN,$5,1439921458676,"26,399",67% bullish,of 3 ratings,$6
DHRM,$1.84,1439921458702,"1,000",Not yet rated,NULL,N/A
DFRG,$15.32,1439921458742,"68,208",100% bearish,of 1 rating,$20
TACO,$13.6201,1439921459072,"156,165",100% bullish,of 3 ratings,$20
TACOW,$4.4,1439921459127,"2,410",100% bullish,of 1 rating,N/A
DGAS,$20.15,1439921459330,"2,262",67% bearish,of 3 ratings,N/A
DCTH,$0.4924,1439921459387,"44,442",78% bullish,of 9 ratings,N/A
DENN,$12.37,1439921459414,"187,188",100% bullish,of 3 ratings,$15
DELTW,NULL,1439921459487,0,Not yet rated,NULL,N/A
DELT,$2.5,1439921459512,"1,000",Not yet rated,NULL,N/A
XRAY,$57.54,1439921459571,"416,677",100% bullish,of 1 rating,$58
DEPO,$31.79,1439921459643,"267,812",80% bullish,of 5 ratings,$32
DERM,$25,1439921459816,"29,155",100% bearish,of 1 rating,$33
DEST,$12.24,1439921459847,"21,435",50% bullish,of 2 ratings,N/A
DXM,$0.31,1439921459877,"206,452",50% bullish,of 2 ratings,N/A
DSCI,$6.45,1439921459909,"15,770",50% bullish,of 2 ratings,$16
DSWL,$1.7999,1439921459933,"11,354",100% bullish,of 1 rating,N/A
DXLG,$4.89,1439921459963,"8,772",100% bearish,of 1 rating,$8
DXCM,$97.5,1439921459990,"190,902",57% bullish,of 7 ratings,$98
DHIL,$192.9,1439921460244,536,Not yet rated,NULL,N/A
DMND,$32.17,1439921460269,"54,623",75% bullish,of 12 ratings,$32
DHXM,$7.55,1439921460295,2,Not yet rated,NULL,N/A
FANG,$72.752,1439921460333,"219,675",50% bullish,of 2 ratings,$86
DRNA,$10.1525,1439921460495,"44,759",67% bearish,of 3 ratings,$25
DCIX,$1.8679,1439921460711,"7,719",50% bullish,of 4 ratings,$3.50
DGII,$10.08,1439921460789,"39,570",100% bearish,of 1 rating,$10
DMRC,$36.87,1439921460848,"20,900",100% bearish,of 1 rating,$44
DCOM,$17.22,1439921460894,"14,811",100% bearish,of 2 ratings,$16.50
DGLY,$7.3,1439921460922,"96,507",50% bullish,of 6 ratings,$20
APPS,$2.3,1439921460953,"44,996",100% bearish,of 1 rating,$10.25
DRAD,$4.08,1439921460975,"4,804",100% bullish,of 1 rating,$5.25
DIOD,$19.85,1439921461190,"88,982",75% bearish,of 4 ratings,$24
DISCA,$29.01,1439921461215,"446,073",67% bullish,of 3 ratings,$34
DPRX,$13.78,1439921461241,"6,887",100% bullish,of 2 ratings,$27.75
DISCB,NULL,1439921461450,0,100% bearish,of 1 rating,$35
DSCO,$0.475,1439921461532,"174,275",83% bullish,of 6 ratings,$2.75
DISCK,$27.64,1439921461562,"822,589",100% bearish,of 1 rating,$40
DNBF,$26.5,1439921461588,1,Not yet rated,NULL,$27.50
DVCR,$11.89,1439921461617,"1,545",100% bullish,of 1 rating,N/A
DLHC,$2.56,1439921461646,742,100% bearish,of 1 rating,N/A
DISH,$66.76,1439921461674,"266,422",69% bullish,of 13 ratings,$73
DLTR,$79.16,1439921461753,"367,463",82% bullish,of 11 ratings,$88
BAGR,$2.963,1439921461893,"10,571",100% bearish,of 1 rating,$6
DMLP,$14.71,1439921462029,"63,607",100% bearish,of 1 rating,N/A
DORM,$51.165,1439921462055,"68,436",100% bearish,of 1 rating,$56
DGICA,$14.56,1439921462077,"2,448",100% bearish,of 1 rating,$17
DGICB,$18.23,1439921462106,2,100% bearish,of 1 rating,N/A
DRYS,$0.3425,1439921462547,"1,640,773",77% bullish,of 31 ratings,$.60
HILL,$5.264,1439921462619,"271,561",60% bearish,of 5 ratings,$8
DSKX,$3.62,1439921462651,"121,637",100% bullish,of 1 rating,N/A
DRWIW,NULL,1439921462674,0,Not yet rated,NULL,N/A
DRWI,$0.2969,1439921462696,"63,701",60% bullish,of 5 ratings,$.45
DSPG,$8.79,1439921462730,"35,115",100% bearish,of 1 rating,$13.50
DWA,$19.38,1439921462755,"99,047",63% bullish,of 8 ratings,$26
CADTR,NULL,1439921462963,0,Not yet rated,NULL,N/A
CADTW,NULL,1439921463097,0,Not yet rated,NULL,N/A
CADTU,NULL,1439921463124,0,Not yet rated,NULL,N/A
DTSI,$27.21,1439921463146,"34,853",100% bearish,of 2 ratings,$39.50
DRRX,$2.104,1439921463290,"154,992",50% bullish,of 6 ratings,$3
DNKN,$51.56,1439921463339,"236,041",67% bullish,of 15 ratings,$56.50
DXPE,$29.9,1439921463369,"191,481",50% bullish,of 2 ratings,N/A
BOOM,$10.1247,1439921463469,"21,986",67% bullish,of 3 ratings,$12
DYAX,$23.33,1439921463501,"192,513",89% bullish,of 9 ratings,$30
DYNT,$3.08,1439921463534,300,75% bullish,of 4 ratings,N/A
DYSL,NULL,1439921463563,0,100% bullish,of 2 ratings,N/A
DVAX,$29.94,1439921463589,"101,596",70% bullish,of 10 ratings,$40
ETFC,$28.17,1439921463820,"527,135",57% bullish,of 14 ratings,$33
CADT,NULL,1439921463846,0,Not yet rated,NULL,N/A
EBMT,NULL,1439921463867,0,Not yet rated,NULL,$13.50
EGBN,$44.902,1439921463929,"27,467",Not yet rated,NULL,$48
EGLE,$7.49,1439921464037,"2,454",60% bullish,of 5 ratings,N/A
ELNK,$9.21,1439921464226,"416,408",80% bullish,of 5 ratings,$9.50
EWBC,$44.94,1439921464253,"133,844",100% bearish,of 1 rating,$50
EVBS,$6.45,1439921464288,234,Not yet rated,NULL,$7
EROC,$1.431,1439921464321,"133,683",50% bullish,of 2 ratings,$3
EGRX,$69.46,1439921464343,"96,900",67% bullish,of 3 ratings,$97
EML,$17.11,1439921464395,"1,617",Not yet rated,NULL,N/A
EACQU,$10.18,1439921464420,118,Not yet rated,NULL,N/A
EBAY,$27.785,1439921464478,"3,072,633",81% bullish,of 117 ratings,$48
ELON,$0.5502,1439921464619,"43,005",50% bullish,of 2 ratings,N/A
EBIX,$30.0501,1439921464779,"58,756",69% bullish,of 13 ratings,$40
ECHO,$25.905,1439921464981,"239,588",67% bearish,of 3 ratings,$35.50
ECTE,$1.5201,1439921465082,"15,443",75% bullish,of 4 ratings,N/A
SATS,$46.53,1439921465149,"39,418",50% bullish,of 2 ratings,$60
EEI,$11.1509,1439921465223,724,67% bearish,of 3 ratings,N/A
EDGW,$7.17,1439921465329,200,100% bearish,of 1 rating,N/A
EDAP,$3.5799,1439921465358,"5,211",60% bullish,of 5 ratings,$4.50
EDUC,$4.7186,1439921465381,"3,129",100% bearish,of 1 rating,N/A
ECACU,NULL,1439921465410,0,Not yet rated,NULL,N/A
ESES,$3.48,1439921465440,"2,200",100% bearish,of 1 rating,$7
EFUT,$4.39,1439921465546,"8,750",Not yet rated,NULL,N/A
EGAN,$3.5,1439921465624,"2,700",50% bullish,of 2 ratings,$6.25
EHTH,$14.63,1439921465692,"42,869",50% bullish,of 4 ratings,$16.50
LOCO,$14.2,1439921465789,"530,442",69% bullish,of 13 ratings,$23
EGLT,$12.45,1439921465815,"9,950",50% bullish,of 2 ratings,$21
EMITF,$1.2899,1439921465894,"5,171",75% bullish,of 4 ratings,N/A
ERI,$9.74,1439921466027,"44,044",100% bearish,of 1 rating,$10
EA,$74.005,1439921466052,"916,477",77% bullish,of 35 ratings,$80
ESLT,$82.5101,1439921466091,"5,106",100% bullish,of 2 ratings,N/A
EFII,$45.59,1439921466184,"144,363",80% bullish,of 5 ratings,$55
ELRC,$10.25,1439921466228,"7,788",100% bearish,of 1 rating,N/A
ESIO,$4.61,1439921466281,"32,054",50% bullish,of 2 ratings,$10
ELECU,NULL,1439921466314,0,Not yet rated,NULL,N/A
ELSE,NULL,1439921466411,0,60% bullish,of 5 ratings,N/A
ELECW,NULL,1439921466440,0,Not yet rated,NULL,N/A
EBIO,$4.05,1439921466543,"623,649",100% bearish,of 2 ratings,$8.35
ELEC,NULL,1439921466612,0,Not yet rated,NULL,N/A
RDEN,$10.49,1439921466711,"76,159",100% bearish,of 4 ratings,$15
CAPX,$23.9699,1439921466863,102,Not yet rated,NULL,N/A
EMCI,$23.9649,1439921466933,"5,856",Not yet rated,NULL,N/A
ELTK,$1.1115,1439921466963,"1,800",67% bearish,of 3 ratings,N/A
ESBK,NULL,1439921466993,0,Not yet rated,NULL,N/A
LONG,$17.13,1439921467014,"20,860",67% bullish,of 3 ratings,$15.75
EMKR,$7.24,1439921467046,"57,387",75% bullish,of 4 ratings,$8.50
EMCF,NULL,1439921467222,0,100% bearish,of 1 rating,N/A
EMMS,$1.2,1439921467292,"4,996",67% bullish,of 6 ratings,N/A
EMMSP,NULL,1439921467359,0,100% bearish,of 1 rating,N/A
NYNY,$4.32,1439921467388,"6,283",50% bullish,of 2 ratings,N/A
ERS,$2.9,1439921467491,"10,200",Not yet rated,NULL,N/A
ECPG,$40.67,1439921467536,"62,028",100% bullish,of 2 ratings,$52
ENTA,$41.28,1439921467577,"45,442",50% bullish,of 2 ratings,$42
WIRE,$34.08,1439921467766,"67,677",100% bearish,of 1 rating,$37
ECYT,$5.3379,1439921467865,"73,521",83% bullish,of 6 ratings,$12
EIGI,$16.05,1439921467894,"166,588",67% bearish,of 3 ratings,$20
ENDP,$85.43,1439921467927,"243,204",50% bullish,of 6 ratings,$104
ELGX,$13.17,1439921467949,"238,291",75% bullish,of 4 ratings,$17
EFOI,$15.55,1439921468036,"127,790",50% bullish,of 2 ratings,$17
WATT,$7.03,1439921468100,"67,199",50% bullish,of 2 ratings,$13
EXXI,$1.7,1439921468199,"590,249",86% bullish,of 7 ratings,$3.50
ENOC,$8.63,1439921468331,"88,266",75% bullish,of 4 ratings,$18
ERII,$3.03,1439921468358,"83,700",80% bullish,of 5 ratings,$2.50
ENG,$1.0399,1439921468379,"18,497",100% bullish,of 3 ratings,N/A
ENPH,$5.09,1439921468523,"534,838",75% bullish,of 4 ratings,$11
ESGR,$157,1439921468585,"101,733",100% bearish,of 1 rating,$185
ENFC,$18.49,1439921468658,"2,402",Not yet rated,NULL,N/A
ENTL,$22.42,1439921468693,"15,713",Not yet rated,NULL,$28
ENTG,$14.57,1439921468722,"126,193",100% bearish,of 1 rating,$18
EBTC,$21.44,1439921468799,150,Not yet rated,NULL,N/A
ETRM,$0.2662,1439921468820,"476,297",69% bearish,of 35 ratings,$1.625
EGT,$2.22,1439921468895,"7,005",100% bullish,of 1 rating,N/A
EFSC,$24.87,1439921468920,"12,345",Not yet rated,NULL,$27
ENZN,$1.08,1439921469122,"316,071",100% bullish,of 9 ratings,N/A
ENVI,$1.81,1439921469148,"11,500",67% bullish,of 3 ratings,N/A
EPIQ,$14.0468,1439921469339,"18,696",100% bearish,of 1 rating,$18
ENZY,$8.71,1439921469370,"4,294",67% bullish,of 3 ratings,$9.50
EPRS,$5,1439921469391,"44,644",82% bullish,of 11 ratings,$15
EPZM,$17.66,1439921469412,"133,201",60% bullish,of 5 ratings,$34
PLUS,$75.48,1439921469451,"14,417",50% bullish,of 2 ratings,$88
EQIX,$286.355,1439921469551,"93,835",67% bullish,of 3 ratings,$312.50
EQFN,NULL,1439921469588,0,Not yet rated,NULL,N/A
EAC,$3.7,1439921469652,"40,311",100% bearish,of 1 rating,$8
ERIE,$87.54,1439921469817,"8,302",Not yet rated,NULL,$73
ERIC,$10.51,1439921469850,"730,430",63% bullish,of 8 ratings,$13.30
ESCR,$0.21,1439921470031,"20,440",50% bullish,of 2 ratings,N/A
ESCA,$18.21,1439921470061,"4,700",100% bearish,of 1 rating,$22
ESMC,NULL,1439921470121,0,Not yet rated,NULL,N/A
ESCRP,$1.8364,1439921470148,"2,063",100% bearish,of 1 rating,N/A
ESPR,$67.65,1439921470175,"2,584,278",67% bearish,of 9 ratings,$130
ESSA,$12.85,1439921470201,747,100% bearish,of 1 rating,N/A
EPIX,$7,1439921470362,120,Not yet rated,NULL,N/A
ESSX,$0.4501,1439921470417,"10,569",50% bullish,of 2 ratings,N/A
ETSY,$16.09,1439921470447,"393,089",80% bullish,of 5 ratings,$16
ESND,$36.05,1439921470468,"45,676",100% bearish,of 1 rating,$40
CLWT,$2.561,1439921470605,"1,500",100% bearish,of 1 rating,N/A
EVEP,$8.49,1439921470633,"170,739",50% bullish,of 2 ratings,$15
EEFT,$68.69,1439921470667,"59,029",100% bearish,of 1 rating,$67.50
EVK,NULL,1439921470839,0,75% bearish,of 4 ratings,N/A
EVLV,$2.219,1439921470890,"59,779",60% bullish,of 5 ratings,$6.50
ESEA,$6.26,1439921470971,"1,082",100% bullish,of 1 rating,$15
EVOK,$5.5,1439921471021,"1,296,348",100% bearish,of 1 rating,$13.75
EXAS,$23.21,1439921471105,"232,942",78% bullish,of 9 ratings,$31
EVOL,$6.47,1439921471138,"15,259",75% bullish,of 4 ratings,$10
EXA,$10.72,1439921471169,"15,150",100% bearish,of 1 rating,$13
EXAC,$18.725,1439921471235,"15,608",100% bearish,of 1 rating,$22.50
EXEL,$5.7401,1439921471266,"1,317,223",81% bullish,of 16 ratings,$6
EXPE,$122.75,1439921471413,"248,082",64% bullish,of 11 ratings,$130
EXLS,$36.89,1439921471477,"26,608",100% bullish,of 1 rating,$41
EXFO,$2.9,1439921471509,"5,491",67% bearish,of 3 ratings,$3.95
EXPD,$49.69,1439921471550,"441,792",80% bullish,of 5 ratings,$50.50
EXPO,$44.03,1439921471615,"12,028",100% bearish,of 1 rating,$45.50
ESRX,$89.93,1439921471715,"1,639,148",67% bearish,of 6 ratings,$101
EXLP,$20.6,1439921471792,"14,429",100% bearish,of 1 rating,$27
EXTR,$2.99,1439921471847,"244,717",80% bullish,of 5 ratings,$3
EYEG,$4.42,1439921471872,"10,050",Not yet rated,NULL,N/A
EYEGW,NULL,1439921471929,0,Not yet rated,NULL,N/A
EZPW,$6.09,1439921472029,"43,231",50% bullish,of 4 ratings,$7.50
EZCH,$22,1439921472057,"121,278",75% bullish,of 8 ratings,$19.50
FFIV,$133.25,1439921472135,"199,121",71% bullish,of 7 ratings,$132
FB,$95.437,1439921472193,"9,852,077",73% bullish,of 1064 ratings,$111
FRP,$17.96,1439921472269,"20,350",100% bearish,of 1 rating,$18
FCS,$14.23,1439921472326,"200,854",67% bearish,of 3 ratings,$17
FWM,$2.33,1439921472352,"61,991",100% bearish,of 2 ratings,$3.20
DAVE,$15.19,1439921472483,"10,401",100% bearish,of 1 rating,$15.50
FALC,$1.6754,1439921472511,"44,915",63% bearish,of 8 ratings,N/A
FFKT,$27.42,1439921472657,"6,271",Not yet rated,NULL,$29
FARO,$40.69,1439921472746,"52,084",50% bullish,of 2 ratings,$48
FARM,$22.34,1439921472776,"5,795",100% bearish,of 1 rating,$35
FMNB,$8.1299,1439921472802,"12,602",Not yet rated,NULL,N/A
FATE,$7.97,1439921472832,"55,350",100% bearish,of 1 rating,$11
FAST,$40.6501,1439921472937,"440,878",80% bullish,of 5 ratings,$46
FBRC,$23.2639,1439921473031,"29,171",100% bearish,of 1 rating,$29
FDML,$9.69,1439921473062,"60,546",50% bullish,of 4 ratings,$14
FBSS,NULL,1439921473092,0,Not yet rated,NULL,N/A
FEIC,$81.28,1439921473195,"199,990",50% bullish,of 2 ratings,$95.50
FNHC,$23.42,1439921473220,"32,517",100% bearish,of 1 rating,$35
FHCO,$1.47,1439921473249,"9,264",50% bullish,of 4 ratings,N/A
FENX,$9.72,1439921473381,"17,576",100% bullish,of 1 rating,$14.25
FCSC,$6.28,1439921473514,"53,524",100% bearish,of 1 rating,$8.125
LION,$20.0473,1439921473669,"40,744",100% bullish,of 1 rating,$20
FGEN,$24.95,1439921473699,"240,141",100% bearish,of 1 rating,$39
ONEQ,$199.365,1439921473729,"42,059",100% bullish,of 1 rating,N/A
FDUS,$15.2,1439921473802,"27,985",100% bullish,of 1 rating,$18
FRGI,$54.8,1439921473834,"59,162",50% bullish,of 2 ratings,$70
FSAM,$8.69,1439921473865,"5,949",100% bearish,of 1 rating,$11
FSC,$6.488,1439921473939,"329,801",75% bullish,of 4 ratings,$8
FSCFL,$25,1439921473966,"4,563",Not yet rated,NULL,N/A
FITBI,$27.78,1439921474101,"5,503",Not yet rated,NULL,N/A
FSFR,$9.11,1439921474130,"42,909",100% bearish,of 1 rating,$11.50
FITB,$21.15,1439921474231,"1,110,289",54% bullish,of 13 ratings,$22
FNGN,$35.61,1439921474319,"145,213",67% bullish,of 3 ratings,$47
FISI,$24.6,1439921474345,"5,617",100% bullish,of 2 ratings,$24.50
FNSR,$17.26,1439921474402,"582,205",86% bullish,of 7 ratings,$25
FNTC,NULL,1439921474534,0,Not yet rated,NULL,N/A
FNJN,$1.74,1439921474583,"3,112",100% bearish,of 1 rating,$5
FNTCW,NULL,1439921474822,0,Not yet rated,NULL,N/A
FBNC,$17.1,1439921474853,"4,396",100% bullish,of 1 rating,$20
FNTCU,NULL,1439921474886,0,Not yet rated,NULL,N/A
FEYE,$43.24,1439921474913,"1,610,665",87% bullish,of 15 ratings,$55.50
FRBA,$6,1439921474948,350,Not yet rated,NULL,$8
FBIZ,$44,1439921474984,"3,823",100% bearish,of 2 ratings,$52
FNLC,$18.865,1439921475081,"2,300",100% bullish,of 1 rating,N/A
BUSE,$6.44,1439921475123,"13,955",Not yet rated,NULL,$6.875
FCAP,NULL,1439921475303,0,Not yet rated,NULL,N/A
FCVA,NULL,1439921475361,0,Not yet rated,NULL,N/A
FCBC,$18.12,1439921475571,"3,845",Not yet rated,NULL,$17
FCLF,$9.2,1439921475603,920,Not yet rated,NULL,N/A
FCFS,$38.28,1439921475631,"29,223",100% bearish,of 2 ratings,$48
FCCO,$12.14,1439921475653,7,Not yet rated,NULL,$13.25
FCNCA,$247.5,1439921475674,"1,077",Not yet rated,NULL,N/A
FCFP,NULL,1439921475709,0,Not yet rated,NULL,N/A
FDEF,$37.58,1439921475839,"9,424",Not yet rated,NULL,$38
FBNK,$16.415,1439921475868,"2,578",100% bearish,of 1 rating,$17.50
FFBC,$19.38,1439921476028,"51,617",67% bearish,of 3 ratings,$20.25
FFBCW,NULL,1439921476054,0,100% bearish,of 1 rating,N/A
FFIN,$32.55,1439921476079,"28,933",50% bullish,of 2 ratings,$31.75
FFNM,$6.34,1439921476130,38,Not yet rated,NULL,N/A
THFF,$33.9,1439921476262,"11,798",Not yet rated,NULL,$35
FFWM,$21.33,1439921476340,"1,108",Not yet rated,NULL,$24
FFNW,$12.51,1439921476371,"1,600",Not yet rated,NULL,$14
INBK,$35.6023,1439921476433,"4,769",50% bullish,of 2 ratings,$37
FIBK,$27.8425,1439921476469,"9,594",Not yet rated,NULL,$32
FRME,$26.05,1439921476498,"14,209",Not yet rated,NULL,$26.50
FMBH,NULL,1439921476526,0,Not yet rated,NULL,N/A
FMBI,$18.5599,1439921476564,"101,846",Not yet rated,NULL,$20
FNBC,$35.91,1439921476736,"51,800",Not yet rated,NULL,$41
FNFG,$9.77,1439921476800,"724,612",80% bullish,of 5 ratings,$9
FSFG,$31.2,1439921476873,102,Not yet rated,NULL,N/A
FSGI,$2.478,1439921476899,"1,000",Not yet rated,NULL,N/A
FNWB,$12.22,1439921476928,"3,443",Not yet rated,NULL,N/A
FSLR,$51.03,1439921476959,"563,567",74% bullish,of 39 ratings,$65
FSBK,$7.79,1439921477065,"4,957",100% bullish,of 1 rating,N/A
FBZ,NULL,1439921477218,0,Not yet rated,NULL,N/A
BICK,NULL,1439921477244,0,100% bullish,of 1 rating,N/A
FTCS,$38.6795,1439921477282,"13,905",Not yet rated,NULL,N/A
FV,$24.828,1439921477313,"863,932",Not yet rated,NULL,N/A
FCA,$22.0501,1439921477379,"3,995",Not yet rated,NULL,N/A
FCAN,NULL,1439921477407,0,Not yet rated,NULL,N/A
FEMB,NULL,1439921477432,0,Not yet rated,NULL,N/A
FTSM,$59.93,1439921477684,"23,570",100% bearish,of 1 rating,N/A
IFV,$18.7127,1439921477713,"277,870",100% bearish,of 1 rating,N/A
FEUZ,$32.7299,1439921477815,"1,550",Not yet rated,NULL,N/A
TDIV,$25.9501,1439921477871,"96,049",100% bearish,of 1 rating,N/A
MDIV,$19.8699,1439921477905,"88,992",Not yet rated,NULL,N/A
FGM,$37.14,1439921478002,"4,246",Not yet rated,NULL,N/A
FTGC,$22.6405,1439921478036,"41,048",Not yet rated,NULL,N/A
FHK,$35.3356,1439921478131,"20,667",Not yet rated,NULL,N/A
HYLS,$49.778,1439921478164,"215,116",100% bearish,of 1 rating,N/A
YDIV,NULL,1439921478265,0,Not yet rated,NULL,N/A
FPXI,NULL,1439921478297,0,Not yet rated,NULL,N/A
FTHI,NULL,1439921478325,0,Not yet rated,NULL,N/A
SKYY,$30.61,1439921478347,"39,134",100% bullish,of 1 rating,N/A
CU,$12.9707,1439921478401,"2,300",100% bearish,of 1 rating,N/A
PLTM,$6.42,1439921478548,"2,400",100% bearish,of 1 rating,N/A
FJP,$50.2,1439921478651,"8,931",Not yet rated,NULL,N/A
LMBS,$50.5299,1439921478865,400,Not yet rated,NULL,N/A
FTLB,NULL,1439921478939,0,100% bearish,of 1 rating,N/A
QABA,$39.5122,1439921479040,"5,020",100% bearish,of 1 rating,N/A
FMB,$50.86,1439921479066,"3,618",Not yet rated,NULL,N/A
QCLN,$16.05,1439921479137,"4,552",Not yet rated,NULL,N/A
GRID,NULL,1439921479168,0,100% bearish,of 1 rating,N/A
CIBR,$19.6,1439921479195,"30,640",Not yet rated,NULL,N/A
FONE,$36.81,1439921479237,11,Not yet rated,NULL,N/A
RDVY,$22.58,1439921479263,"6,512",Not yet rated,NULL,N/A
CARZ,$36.7046,1439921479425,"1,761",100% bearish,of 1 rating,N/A
QQEW,$44.163,1439921479463,"9,372",Not yet rated,NULL,N/A
QQXT,$42.8601,1439921479514,"5,667",Not yet rated,NULL,N/A
QTEC,$42.1201,1439921479628,"17,775",Not yet rated,NULL,N/A
AIRR,$17.02,1439921479657,814,100% bearish,of 1 rating,N/A
QINC,$21.59,1439921479756,1,Not yet rated,NULL,N/A
FTSL,$48.996,1439921479922,"15,950",100% bearish,of 1 rating,N/A
FDIV,$48.35,1439921479967,"1,050",100% bearish,of 1 rating,N/A
FKO,$23.83,1439921479995,"1,300",Not yet rated,NULL,N/A
TUSA,NULL,1439921480025,0,Not yet rated,NULL,N/A
FSZ,$40.46,1439921480064,"14,405",Not yet rated,NULL,N/A
FTW,$31.3,1439921480126,"2,250",Not yet rated,NULL,N/A
FKU,$44,1439921480169,"18,155",Not yet rated,NULL,N/A
FMER,$18.7899,1439921480414,"464,332",50% bullish,of 2 ratings,$20
SVVC,$10.829,1439921480441,"12,161",100% bullish,of 1 rating,$26
FISV,$90.18,1439921480481,"155,638",100% bearish,of 3 ratings,$90
FUNC,$8.28,1439921480507,"1,300",Not yet rated,NULL,N/A
FSV,$32.9119,1439921480528,"13,630",Not yet rated,NULL,$33.60
FIVE,$37.54,1439921480682,"90,661",75% bearish,of 4 ratings,$44
FIVN,$4.205,1439921480762,"117,302",100% bullish,of 1 rating,$8.50
FPRX,$18.745,1439921480798,"151,486",50% bullish,of 2 ratings,$35
FLKS,$14.5001,1439921480897,"24,379",50% bullish,of 2 ratings,$27
FLXN,$24.24,1439921480927,"46,641",100% bearish,of 1 rating,$39.50
SKOR,$50.01,1439921480956,604,Not yet rated,NULL,N/A
FLML,$21.31,1439921480978,"46,593",50% bullish,of 2 ratings,$30
FLXS,$41.25,1439921481007,"2,882",100% bearish,of 2 ratings,N/A
MBSD,NULL,1439921481152,0,Not yet rated,NULL,N/A
FLEX,$11.165,1439921481292,"496,751",63% bullish,of 8 ratings,$12
FLIR,$30.45,1439921481341,"154,352",100% bearish,of 1 rating,$38.50
FLDM,$12.86,1439921481366,"126,375",67% bearish,of 3 ratings,$21.50
FFIC,$20.9,1439921481391,"14,066",Not yet rated,NULL,$21
FOMX,$10.6,1439921481529,"124,872",50% bullish,of 2 ratings,$23.50
FOGO,$19.53,1439921481589,"76,802",50% bullish,of 2 ratings,$25.50
FONR,$9.55,1439921481623,"6,628",100% bullish,of 1 rating,N/A
FORM,$6.48,1439921481677,"140,386",67% bullish,of 3 ratings,$10.50
FES,$0.934,1439921481722,"2,100",50% bullish,of 2 ratings,$1
FORR,$32.4,1439921481753,"10,420",Not yet rated,NULL,N/A
FORTY,NULL,1439921481787,0,Not yet rated,NULL,N/A
FTNT,$47.83,1439921481892,"404,706",80% bullish,of 10 ratings,$52
FBIO,$3.081,1439921482001,"61,673",83% bullish,of 6 ratings,N/A
FORD,$1.12,1439921482148,"101,709",50% bullish,of 2 ratings,N/A
FWRD,$48.89,1439921482173,"54,687",100% bearish,of 1 rating,$50
FOSL,$62.22,1439921482321,"303,169",50% bullish,of 4 ratings,$70
FWP,$27.39,1439921482347,"40,448",100% bearish,of 1 rating,$45
FXCB,$17.47,1439921482373,"1,990",Not yet rated,NULL,$19
FOXF,$15.76,1439921482415,"34,869",100% bearish,of 1 rating,$19
FRAN,$10.39,1439921482503,"872,247",50% bullish,of 4 ratings,$15
FMI,$20.04,1439921482546,"130,668",100% bearish,of 2 ratings,$27.50
FELE,$29.83,1439921482577,"69,144",50% bullish,of 4 ratings,$33
RAIL,$21.21,1439921482682,"27,247",100% bearish,of 1 rating,$24.50
FREE,$0.5365,1439921482714,"382,347",92% bullish,of 12 ratings,N/A
FEIM,$10.8813,1439921482740,412,100% bearish,of 1 rating,N/A
FRPT,$14.11,1439921482814,"131,729",67% bearish,of 3 ratings,$23.50
FTR,$5.46,1439921482887,"6,245,123",78% bullish,of 27 ratings,$6.25
FRED,$14.5,1439921482955,"52,971",50% bullish,of 2 ratings,$16.50
FTRPR,$107.0499,1439921483082,900,100% bearish,of 1 rating,N/A
FSBW,$23.48,1439921483185,"1,712",Not yet rated,NULL,N/A
FTEK,$2.19,1439921483228,"17,768",75% bullish,of 4 ratings,N/A
FRPH,NULL,1439921483253,0,100% bearish,of 1 rating,N/A
FTD,$30.6999,1439921483280,"95,247",100% bearish,of 1 rating,$40
FSYS,$6.6,1439921483316,"9,600",67% bullish,of 3 ratings,$10
FCEL,$0.8199,1439921483407,"348,602",88% bullish,of 40 ratings,$2.65
FLL,$1.5528,1439921483435,"6,256",75% bullish,of 4 ratings,$2.825
FULL,$3.2128,1439921483570,"25,523",67% bearish,of 3 ratings,$4.25
FULLL,$25.6299,1439921483603,200,Not yet rated,NULL,N/A
FSNN,$2.52,1439921483699,950,67% bullish,of 3 ratings,$6
FULT,$13.125,1439921483731,"400,429",100% bearish,of 1 rating,$13
FFHL,NULL,1439921483797,0,50% bullish,of 4 ratings,N/A
FXEN,$1.04,1439921483969,"65,257",75% bullish,of 4 ratings,$1.10
FXENP,$16.4499,1439921483999,"1,230",100% bearish,of 1 rating,N/A
GLPG,$64.25,1439921484064,"33,080",100% bullish,of 1 rating,$75
GK,$71.8,1439921484101,"16,976",Not yet rated,NULL,$78
GALT,$2.15,1439921484194,"23,740",80% bullish,of 5 ratings,N/A
WILC,$5.219,1439921484222,"2,258",100% bullish,of 2 ratings,N/A
GAIA,$5.8786,1439921484244,"34,323",50% bullish,of 2 ratings,$8.50
GALTU,NULL,1439921484284,0,100% bearish,of 1 rating,N/A
GALE,$1.4501,1439921484376,"486,638",89% bullish,of 47 ratings,$4
GALTW,$0.65,1439921484427,"18,100",100% bullish,of 1 rating,N/A
GLMD,$9.01,1439921484505,"2,090",67% bullish,of 3 ratings,$20.50
GLPI,$33.55,1439921484604,"127,511",100% bearish,of 1 rating,$37.50
GPIC,$10.32,1439921484735,605,100% bearish,of 1 rating,N/A
GGAC,$9.82,1439921484917,750,100% bearish,of 1 rating,N/A
GRMN,$40.21,1439921484986,"249,385",50% bullish,of 6 ratings,$48
GGACR,$0.1999,1439921485121,"2,300",100% bullish,of 1 rating,N/A
GGACU,NULL,1439921485151,0,Not yet rated,NULL,N/A
GENC,$9.4654,1439921485257,"1,000",100% bearish,of 1 rating,N/A
GARS,$14.8111,1439921485392,"12,785",Not yet rated,NULL,$16
GGACW,$0.12,1439921485421,"11,635",Not yet rated,NULL,N/A
GNCMA,$17.735,1439921485477,"34,909",100% bearish,of 1 rating,$12
GFN,$4,1439921485522,"8,828",100% bearish,of 2 ratings,$8
GFNCP,$98.595,1439921485611,200,Not yet rated,NULL,N/A
GFNSL,$25.6,1439921485748,"3,800",Not yet rated,NULL,N/A
GNMK,$9.46,1439921485779,"49,798",67% bullish,of 6 ratings,$14
GENE,$2.74,1439921485806,"44,620",100% bullish,of 12 ratings,N/A
GNCA,$12.95,1439921485839,"119,581",100% bearish,of 1 rating,$20
GHDX,$26.27,1439921485867,"88,531",50% bullish,of 2 ratings,$30
GNTX,$15.925,1439921485942,"998,417",Not yet rated,NULL,$20
THRM,$48.63,1439921486046,"73,791",75% bearish,of 4 ratings,$55.50
GNVC,$2.3792,1439921486112,818,90% bullish,of 10 ratings,$8.50
GEOS,$15.41,1439921486209,"46,279",100% bearish,of 3 ratings,$25.50
GTWN,NULL,1439921486238,0,Not yet rated,NULL,N/A
GABC,$29.67,1439921486274,"2,986",Not yet rated,NULL,$31.50
GERN,$3.38,1439921486367,"779,442",88% bullish,of 16 ratings,$5.25
GEVO,$2.26,1439921486400,"358,249",75% bullish,of 12 ratings,N/A
ROCK,$18.66,1439921486494,"35,886",80% bullish,of 5 ratings,$24
GIGM,$0.6465,1439921486530,"18,750",100% bullish,of 2 ratings,N/A
GIGA,$1.46,1439921486649,"1,766",100% bearish,of 1 rating,N/A
GILD,$117.28,1439921486683,"2,074,878",91% bullish,of 86 ratings,$129
GILT,$4.621,1439921486705,"10,839",50% bullish,of 2 ratings,N/A
GIII,$69.6,1439921486735,"48,928",67% bullish,of 3 ratings,$75
GBCI,$28.01,1439921486783,"50,139",50% bullish,of 2 ratings,$31
GLADO,$25.46,1439921486973,750,Not yet rated,NULL,N/A
GLAD,$8.3164,1439921487015,"32,450",50% bullish,of 2 ratings,$8.75
GOOD,$15.78,1439921487041,"11,342",Not yet rated,NULL,$19
GOODO,$25.25,1439921487110,404,Not yet rated,NULL,N/A
GOODP,$25.0801,1439921487186,675,Not yet rated,NULL,N/A
GAIN,$7.93,1439921487267,"69,637",100% bullish,of 2 ratings,$8.25
GAINO,$25.3,1439921487437,"1,135",Not yet rated,NULL,N/A
LAND,$9.5,1439921487470,"13,293",50% bullish,of 2 ratings,$13.75
GAINN,$25.22,1439921487491,"2,100",Not yet rated,NULL,N/A
GAINP,$26,1439921487525,"1,362",Not yet rated,NULL,N/A
GBT,$47.01,1439921487555,"307,797",Not yet rated,NULL,N/A
GOODN,$25.67,1439921487627,61,Not yet rated,NULL,N/A
GLBZ,$12.12,1439921487658,254,Not yet rated,NULL,N/A
GDEF,NULL,1439921487692,0,Not yet rated,NULL,N/A
ENT,$12.44,1439921487987,"134,409",100% bearish,of 1 rating,$18
GBLI,$26.87,1439921488079,"3,800",Not yet rated,NULL,N/A
GSOL,$8.47,1439921488128,"5,110",100% bearish,of 1 rating,N/A
GPACU,$10.0329,1439921488217,200,Not yet rated,NULL,N/A
QQQC,$21.0601,1439921488244,"2,562",100% bearish,of 1 rating,N/A
ACTX,$14.24,1439921488266,100,100% bullish,of 1 rating,N/A
ALTY,NULL,1439921488322,0,Not yet rated,NULL,N/A
SOCL,$18.47,1439921488404,"30,085",100% bullish,of 2 ratings,N/A
SRET,$13.8973,1439921488454,840,Not yet rated,NULL,N/A
YLCO,$12.36,1439921488484,"2,002",Not yet rated,NULL,N/A
GAI,$5.6,1439921488543,770,50% bullish,of 2 ratings,N/A
GBIM,$2.124,1439921488583,"26,299",50% bullish,of 2 ratings,N/A
GLBS,$1.258,1439921488625,"7,500",67% bullish,of 3 ratings,N/A
GSM,$13.705,1439921488659,"149,104",50% bullish,of 2 ratings,$24.50
GLUU,$4.695,1439921488760,"1,430,076",92% bullish,of 26 ratings,$9
GLRI,$1.265,1439921488849,"1,850",100% bearish,of 1 rating,$6
GLYC,$7.39,1439921489066,625,50% bullish,of 2 ratings,$14
GOGO,$16.16,1439921489094,"188,886",80% bullish,of 5 ratings,$25
GLDC,NULL,1439921489115,0,50% bullish,of 2 ratings,N/A
GMLP,$20.35,1439921489152,"59,023",50% bullish,of 4 ratings,$32.50
GLNG,$39.1,1439921489247,"271,068",83% bullish,of 6 ratings,$58
GDEN,NULL,1439921489273,0,50% bullish,of 2 ratings,N/A
GTIM,$7.0999,1439921489331,"15,400",Not yet rated,NULL,$11.50
GBDC,$16.63,1439921489402,"18,474",Not yet rated,NULL,$17.75
GPRO,$57.02,1439921489459,"2,023,984",79% bullish,of 58 ratings,$72
GOGL,$3.47,1439921489485,"63,603",75% bullish,of 4 ratings,$5
GOOGL,$688.41,1439921489515,"427,185",88% bullish,of 1078 ratings,$747
GOOG,$656.894,1439921489561,"447,223",89% bullish,of 65 ratings,$795
GPIA,NULL,1439921489700,0,Not yet rated,NULL,N/A
GMAN,$4.68,1439921489729,"21,212",60% bullish,of 5 ratings,$8
GPIAU,$10.08,1439921489933,200,Not yet rated,NULL,N/A
GBSN,$2.24,1439921490040,"77,562",100% bearish,of 1 rating,$8.25
GRVY,$3.4242,1439921490103,424,50% bullish,of 2 ratings,N/A
GPIAW,NULL,1439921490128,0,Not yet rated,NULL,N/A
GLDD,$5.61,1439921490170,"66,178",100% bearish,of 4 ratings,$7.75
GBSNU,$16.48,1439921490200,"16,425",Not yet rated,NULL,N/A
GNBC,$13.18,1439921490296,"4,000",100% bearish,of 1 rating,$17
LOPE,$38.86,1439921490356,"78,675",100% bearish,of 2 ratings,$50
GSBC,$42.02,1439921490395,"5,193",100% bullish,of 1 rating,$44
GPP,$14.74,1439921490463,"21,598",Not yet rated,NULL,$20.50
GCBC,$28.4999,1439921490568,100,100% bullish,of 1 rating,N/A
GPRE,$21.69,1439921490640,"205,471",67% bullish,of 6 ratings,$28.50
GRBK,$14.4,1439921490700,"121,541",77% bullish,of 13 ratings,N/A
GRIF,NULL,1439921490837,0,100% bearish,of 1 rating,N/A
GLRE,$26.64,1439921490866,"29,134",100% bullish,of 1 rating,$41
GRFS,$32.5801,1439921490915,"289,288",50% bullish,of 2 ratings,$35
GRPN,$4.2801,1439921490972,"4,344,494",61% bullish,of 71 ratings,$6.75
OMAB,$42.65,1439921491080,"28,860",100% bullish,of 1 rating,$44
GGAL,$20.79,1439921491145,"73,084",80% bullish,of 5 ratings,$40
GSIT,$5.0074,1439921491173,"1,580",100% bearish,of 1 rating,N/A
GSIG,$13.498,1439921491226,"7,040",100% bearish,of 2 ratings,N/A
GSVC,$9.58,1439921491310,"10,577",50% bullish,of 2 ratings,$14.50
GTXI,$0.9342,1439921491358,"23,138",100% bullish,of 5 ratings,$.75
GBNK,$16.05,1439921491442,"10,976",100% bearish,of 1 rating,$18
GFED,$14.8,1439921491490,1,Not yet rated,NULL,$17
GULTU,$0.3203,1439921491649,"11,690",100% bearish,of 1 rating,N/A
GUID,$9.06,1439921491680,"15,141",100% bearish,of 3 ratings,$10
GIFI,$12.78,1439921491707,"38,714",100% bearish,of 1 rating,$16
GPOR,$35.82,1439921491780,"355,615",75% bullish,of 4 ratings,$55.50
GWPH,$114.8,1439921491838,"70,874",78% bullish,of 9 ratings,$148.50
GURE,$1.84,1439921491865,"9,761",88% bullish,of 8 ratings,N/A
GYRO,$2.9,1439921491995,"5,091",100% bearish,of 1 rating,N/A
GWGH,$8.175,1439921492020,100,100% bearish,of 1 rating,$15.05
HNRG,$7.58,1439921492705,"54,446",100% bearish,of 1 rating,$10
HEES,$16.96,1439921492737,"95,055",67% bearish,of 3 ratings,$31
HLG,$9.39,1439921492758,2,100% bearish,of 1 rating,N/A
HALL,$11.78,1439921492792,"4,797",Not yet rated,NULL,N/A
HALO,$19.08,1439921492838,"467,523",67% bullish,of 3 ratings,$22.50
HBK,NULL,1439921492895,0,50% bullish,of 2 ratings,N/A
HBHCL,$24.5976,1439921493059,"23,798",Not yet rated,NULL,N/A
HMPR,$1.97,1439921493086,"10,698",100% bullish,of 1 rating,N/A
HBHC,$28.7,1439921493130,"182,066",50% bullish,of 2 ratings,$30
HNH,$28.9,1439921493157,300,100% bullish,of 1 rating,N/A
HNSN,$0.5262,1439921493224,"37,354",88% bullish,of 8 ratings,$.40
HAFC,$25.53,1439921493356,"15,967",100% bullish,of 2 ratings,$28.50
HQCL,$10.73,1439921493383,"8,568",67% bullish,of 3 ratings,N/A
HLIT,$5.9,1439921493406,"147,756",100% bearish,of 1 rating,$6.50
HDNG,$10.65,1439921493463,"31,875",50% bullish,of 4 ratings,N/A
HRMN,NULL,1439921493540,0,Not yet rated,NULL,N/A
HRMNU,NULL,1439921493791,0,Not yet rated,NULL,N/A
HBIO,$4.469,1439921493821,"31,795",Not yet rated,NULL,$10
TINY,$2.5402,1439921493863,"9,859",50% bullish,of 2 ratings,$5.26
HART,$0.6599,1439921493915,"99,050",100% bearish,of 1 rating,N/A
HRMNW,NULL,1439921493936,0,Not yet rated,NULL,N/A
HCAP,$12.4225,1439921493970,"2,056",50% bullish,of 2 ratings,$15
HCAPL,$25.41,1439921494069,"2,600",Not yet rated,NULL,N/A
HAS,$80.2,1439921494100,"196,202",63% bullish,of 8 ratings,$84.50
HA,$25.53,1439921494208,"219,945",67% bullish,of 9 ratings,$27
HCOM,$23.1,1439921494261,"2,608",100% bearish,of 1 rating,$28
HWKN,$36.92,1439921494294,"10,025",Not yet rated,NULL,N/A
HAYN,$39.54,1439921494343,"15,741",100% bearish,of 1 rating,$59
HDS,$34.645,1439921494397,"295,033",100% bearish,of 2 ratings,$39.50
HWBK,$13.65,1439921494422,231,100% bearish,of 1 rating,N/A
HCSG,$34.59,1439921494662,"43,871",50% bullish,of 4 ratings,$35
HSTM,$25.69,1439921494758,"41,732",50% bullish,of 2 ratings,$33.75
HQY,$33.56,1439921494791,"48,667",67% bullish,of 3 ratings,$31
HWAY,$12.48,1439921494887,"95,697",100% bearish,of 1 rating,$15
HTLD,$21.27,1439921494919,"63,069",Not yet rated,NULL,$22.50
HTLF,$37.59,1439921494968,"11,156",100% bullish,of 1 rating,$39.50
HTWR,$88.965,1439921495028,"38,096",50% bullish,of 2 ratings,$103
HIIQ,$4.6996,1439921495126,"6,937",50% bullish,of 2 ratings,$7
HTBX,$5.98,1439921495152,"27,738",50% bullish,of 2 ratings,$15.50
HSII,$19.99,1439921495213,"19,093",100% bullish,of 3 ratings,$25
HELE,$91.85,1439921495318,"45,719",67% bearish,of 3 ratings,$100
HMTV,$13.28,1439921495345,"5,002",100% bearish,of 1 rating,$16
HMNY,$2.2801,1439921495559,"1,000",100% bearish,of 1 rating,N/A
HCACU,$9.98,1439921495592,"1,000",Not yet rated,NULL,N/A
HNNA,$23.15,1439921495691,"2,800",Not yet rated,NULL,N/A
HTBK,$11.025,1439921495722,"9,553",Not yet rated,NULL,$12
HSIC,$147.81,1439921495750,"168,983",83% bullish,of 6 ratings,$146
HFWA,$18.43,1439921495822,"11,376",100% bullish,of 1 rating,$20
HERO,$0.0714,1439921495885,"1,287,339",81% bullish,of 16 ratings,$.75
MLHR,$29.59,1439921495969,"110,879",50% bullish,of 2 ratings,$33.50
HEOP,$8.07,1439921496001,"3,240",Not yet rated,NULL,$8.50
HCCI,$12.74,1439921496099,"7,872",100% bearish,of 1 rating,$16.50
HSKA,$33.86,1439921496147,"20,285",100% bearish,of 1 rating,$38
HRTX,$32.055,1439921496278,"151,100",67% bullish,of 6 ratings,$41
HFFC,$16.43,1439921496306,202,Not yet rated,NULL,N/A
HIBB,$40.42,1439921496332,"120,435",100% bearish,of 1 rating,$48.50
HIMX,$6.86,1439921496496,"634,877",85% bullish,of 20 ratings,$8.50
HPJ,$2.79,1439921496542,"12,369",75% bullish,of 4 ratings,$12.43
HIHO,$4.13,1439921496683,"9,164",Not yet rated,NULL,N/A
HMNF,$11.51,1439921496714,"1,895",Not yet rated,NULL,N/A
HIFS,$119.11,1439921496735,904,Not yet rated,NULL,N/A
HSGX,$6.67,1439921496768,"1,210",100% bearish,of 1 rating,$17
HMSY,$9.48,1439921496812,"512,743",67% bullish,of 3 ratings,$19.35
HOLX,$42.46,1439921496902,"393,324",67% bullish,of 3 ratings,$42
HBCP,$24.4685,1439921496931,152,Not yet rated,NULL,$29
HOLI,$17.97,1439921496958,"191,347",50% bullish,of 4 ratings,$27
AWAY,$30.98,1439921497189,"190,409",67% bullish,of 3 ratings,$36
HFBL,$22,1439921497272,1,Not yet rated,NULL,N/A
HMIN,$29.59,1439921497353,"22,550",100% bearish,of 2 ratings,$35
HTBI,$18.51,1439921497404,"7,829",67% bullish,of 3 ratings,$18.625
HKTV,$5.17,1439921497489,"2,226",100% bearish,of 1 rating,N/A
HOMB,$40.83,1439921497515,"42,869",Not yet rated,NULL,$41
HMST,$21.7,1439921497537,"46,772",100% bullish,of 2 ratings,$27
CETC,$0.858,1439921497670,"75,662",86% bullish,of 7 ratings,N/A
HOFT,$25.29,1439921497697,"3,960",100% bearish,of 1 rating,N/A
HBNC,$25.13,1439921497832,"14,545",100% bullish,of 1 rating,$27
HZNP,$31.906,1439921497854,"635,856",85% bullish,of 20 ratings,$40
HFBC,$11.6,1439921497895,"3,462",Not yet rated,NULL,N/A
HDP,$26.16,1439921497930,"80,783",67% bearish,of 3 ratings,$30.50
ZINC,$8,1439921497985,"340,179",100% bearish,of 1 rating,$17
HRZN,$11.0801,1439921498032,"15,749",100% bearish,of 1 rating,$14.25
HMHC,$23.33,1439921498057,"107,927",Not yet rated,NULL,$27
HWCC,$7.418,1439921498425,"139,094",100% bearish,of 1 rating,$9
HTGM,$5.85,1439921498451,"9,415",100% bearish,of 1 rating,$19.50
HBMD,$14.82,1439921498480,102,100% bearish,of 1 rating,N/A
HUBG,$41.28,1439921498511,"31,337",100% bearish,of 1 rating,$43
HOVNP,$5.6,1439921498617,"3,590",100% bearish,of 1 rating,N/A
HDSN,$3.16,1439921498647,"4,866",100% bullish,of 1 rating,$6.25
HCBK,$10.35,1439921498673,"303,610",83% bullish,of 6 ratings,$8.61
HSNI,$63.42,1439921498750,"72,456",Not yet rated,NULL,$80
HSON,$3.03,1439921498879,"14,122",100% bearish,of 1 rating,$5
HBANP,NULL,1439921498907,0,100% bearish,of 1 rating,N/A
HBAN,$11.82,1439921498929,"2,777,668",76% bullish,of 17 ratings,$12.50
HURC,$30.84,1439921499063,"3,794",100% bearish,of 1 rating,N/A
HURN,$75.51,1439921499126,"25,177",50% bullish,of 2 ratings,$80
HDRA,NULL,1439921499255,0,Not yet rated,NULL,N/A
HBP,$3.1101,1439921499288,"4,724",100% bullish,of 1 rating,N/A
HTCH,$1.66,1439921499315,"48,651",100% bearish,of 1 rating,$3.50
HDRAU,NULL,1439921499386,0,Not yet rated,NULL,N/A
HDRAR,NULL,1439921499411,0,Not yet rated,NULL,N/A
HDRAW,NULL,1439921499470,0,Not yet rated,NULL,N/A
HYGS,$7.705,1439921499611,"9,716",50% bullish,of 2 ratings,$13
IKGH,$1.86,1439921499640,"41,894",75% bullish,of 4 ratings,N/A
IDSY,$4.028,1439921499672,"3,100",100% bearish,of 1 rating,$7
IACI,$74.59,1439921499774,"144,551",75% bullish,of 4 ratings,$90
IEP,$72.1725,1439921499839,"37,506",75% bullish,of 4 ratings,$99
ICAD,$3.62,1439921499865,"35,445",50% bullish,of 2 ratings,$7.25
IBKC,$63.02,1439921499890,"49,064",100% bullish,of 1 rating,$70
ICFI,$35.46,1439921499939,"44,509",50% bullish,of 2 ratings,$48.50
ICLR,$80.996,1439921500233,"440,155",100% bearish,of 3 ratings,$85
ICON,$13.27,1439921500261,"361,083",50% bullish,of 2 ratings,$18.50
ICUI,$121.93,1439921500329,"105,073",Not yet rated,NULL,$122
IPWR,$7.84,1439921500356,"7,939",100% bullish,of 1 rating,$15
INVE,$4.97,1439921500409,"116,170",75% bullish,of 4 ratings,$4
IDRA,$2.65,1439921500434,"470,412",89% bullish,of 9 ratings,$6.50
IDXX,$78.39,1439921500489,"233,218",100% bearish,of 1 rating,$77
IRG,$4.34,1439921500651,"8,116",100% bearish,of 1 rating,$4.50
RXDX,$13.7745,1439921500690,"81,678",100% bullish,of 1 rating,$20
IROQ,$16.6,1439921500750,"2,300",100% bullish,of 1 rating,N/A
KANG,$17.01,1439921500822,"66,240",50% bullish,of 2 ratings,$22.55
IIVI,$17.7,1439921500871,"50,534",100% bearish,of 1 rating,$22
DSKY,$12.38,1439921500901,"43,060",67% bullish,of 6 ratings,$11.50
IKAN,$2.7299,1439921500927,"17,732",83% bullish,of 6 ratings,$5
IKNX,NULL,1439921501005,0,100% bearish,of 1 rating,N/A
ILMN,$206.75,1439921501139,"331,174",80% bullish,of 5 ratings,$240
IMMR,$12.45,1439921501265,"23,283",80% bullish,of 5 ratings,$15.50
ISNS,$4.17,1439921501294,"17,295",50% bullish,of 2 ratings,N/A
ICCC,$8.81,1439921501360,"1,785",100% bullish,of 1 rating,N/A
IMNP,$1.5,1439921501392,"87,156",50% bullish,of 2 ratings,$6
IMGN,$13.75,1439921501496,"362,321",75% bullish,of 4 ratings,$17.50
IMMU,$1.89,1439921501547,"411,553",86% bullish,of 7 ratings,$2
IMMY,$7.76,1439921501766,"3,335",100% bearish,of 1 rating,$11
IPXL,$46.96,1439921501795,"198,358",67% bullish,of 3 ratings,$46.50
SAAS,$7.965,1439921501824,"111,800",50% bullish,of 2 ratings,$15
IMDZ,$16.59,1439921501853,"37,398",100% bearish,of 1 rating,$33
INCY,$114.48,1439921501880,"541,582",50% bullish,of 6 ratings,$125.50
INCR,$44.42,1439921501926,"363,072",50% bullish,of 2 ratings,$53
INDB,$48.32,1439921502014,"15,843",Not yet rated,NULL,$44
IBCP,$14.64,1439921502087,"9,243",100% bullish,of 1 rating,$14.50
IBTX,$42.89,1439921502184,"13,650",100% bullish,of 2 ratings,$47.25
IDSA,$3.74,1439921502349,"3,293",Not yet rated,NULL,N/A
INFN,$24.65,1439921502379,"625,847",71% bullish,of 7 ratings,$27.50
INFI,$9.47,1439921502433,"111,346",50% bullish,of 4 ratings,$18
III,$4.2,1439921502482,"49,428",57% bullish,of 7 ratings,$6
IPCC,$80.51,1439921502639,"15,314",Not yet rated,NULL,$77
INWK,$7.74,1439921502672,"45,780",50% bullish,of 2 ratings,$10
IMKTA,$54.43,1439921502702,"89,550",100% bearish,of 1 rating,N/A
IFON,$1.37,1439921502809,"26,004",75% bullish,of 4 ratings,N/A
INOD,$2.61,1439921502843,"2,230",100% bearish,of 1 rating,N/A
IPHS,$50.325,1439921502939,"30,624",100% bearish,of 1 rating,$60
IOSP,$46.91,1439921502965,"45,307",100% bearish,of 1 rating,N/A
INNL,NULL,1439921503006,0,100% bearish,of 1 rating,$16.50
ISSC,$2.91,1439921503034,"5,400",67% bearish,of 3 ratings,N/A
INGN,$50.07,1439921503100,"81,473",100% bearish,of 1 rating,$50.50
ITEK,$15.955,1439921503162,"415,554",67% bearish,of 3 ratings,$20
INOV,$21.85,1439921503262,"223,536",100% bearish,of 1 rating,$33
INO,$7.55,1439921503396,"385,329",89% bullish,of 18 ratings,$20
NSIT,$26.15,1439921503455,"49,439",50% bullish,of 2 ratings,N/A
ISIG,NULL,1439921503586,0,100% bearish,of 1 rating,N/A
INSM,$27.6,1439921503613,"103,731",71% bullish,of 7 ratings,$32
IIIN,$17.565,1439921503693,"5,660",100% bearish,of 2 ratings,N/A
INSY,$34.73,1439921503746,"232,424",75% bullish,of 4 ratings,$48
IART,$62.64,1439921503838,"37,618",100% bearish,of 1 rating,$71.50
NTEC,$6.05,1439921503875,"1,552",Not yet rated,NULL,N/A
PODD,$30.625,1439921503970,"120,612",50% bullish,of 2 ratings,$35
IESC,$7.35,1439921503997,"12,200",100% bearish,of 1 rating,N/A
IDTI,$18.35,1439921504035,"4,459,778",60% bullish,of 5 ratings,$25
ISSI,$22.27,1439921504135,"37,053",67% bullish,of 3 ratings,$19.75
INTC,$28.885,1439921504156,"7,302,748",82% bullish,of 238 ratings,$36
IQNT,$21.5,1439921504233,"1,064,332",86% bullish,of 7 ratings,$20
IPCI,$2.2399,1439921504413,"21,772",67% bullish,of 6 ratings,$7.75
IPAR,$28.87,1439921504438,"45,783",67% bullish,of 3 ratings,$38
ICLDW,NULL,1439921504596,0,100% bearish,of 1 rating,N/A
IBKR,$42.27,1439921504626,"97,206",100% bullish,of 1 rating,N/A
ININ,$39.96,1439921504677,"16,174",67% bearish,of 3 ratings,$57
ICLD,$1.93,1439921504728,"106,088",75% bullish,of 4 ratings,N/A
ICPT,$211.262,1439921504754,"73,269",70% bullish,of 10 ratings,$363
IDCC,$49.77,1439921504807,"67,433",80% bullish,of 5 ratings,$63
TILE,$26.14,1439921504835,"163,069",67% bearish,of 3 ratings,$27
IMI,NULL,1439921504902,0,67% bullish,of 3 ratings,$2.22
ISCA,$33.7,1439921505086,"36,186",100% bearish,of 1 rating,N/A
IBOC,$27.5,1439921505114,"18,590",100% bearish,of 1 rating,N/A
INAP,$8.68,1439921505145,"49,770",75% bullish,of 4 ratings,$11
IGLD,$7.72,1439921505375,"3,059",50% bullish,of 2 ratings,N/A
IIJI,NULL,1439921505417,0,50% bullish,of 2 ratings,$11.50
INPH,$0.32,1439921505444,"17,956",50% bullish,of 2 ratings,N/A
ISIL,$10.85,1439921505518,"295,868",50% bullish,of 6 ratings,$15
XENT,$29.875,1439921505578,"101,297",50% bullish,of 2 ratings,$36.50
INTX,$2.56,1439921505605,"12,912",67% bullish,of 3 ratings,N/A
IVAC,$5.04,1439921505663,"6,434",Not yet rated,NULL,$6.625
PTNT,$3.07,1439921505766,100,Not yet rated,NULL,N/A
IILG,$21.59,1439921505792,"26,622",100% bearish,of 1 rating,$30.50
INTLL,$25.87,1439921505822,"14,100",Not yet rated,NULL,N/A
INTL,$28.25,1439921505922,"36,704",67% bearish,of 3 ratings,N/A
ITCI,$30.6,1439921506050,"169,321",75% bearish,of 4 ratings,$40
IIN,$6.44,1439921506201,5,100% bearish,of 1 rating,$12
INTU,$105.75,1439921506240,"268,354",100% bullish,of 7 ratings,$107.50
ISRG,$531.565,1439921506337,"40,741",67% bullish,of 3 ratings,$600
SNAK,$8.73,1439921506359,"21,390",50% bullish,of 2 ratings,$14
INVT,$0.282,1439921506388,"42,932",67% bullish,of 3 ratings,N/A
ISTR,$15.81,1439921506440,"1,034",100% bearish,of 1 rating,$18.50
IVTY,$11.56,1439921506585,"13,739",Not yet rated,NULL,$18
ISBC,$12.31,1439921506716,"1,033,433",100% bullish,of 1 rating,$13.25
IPAS,$1.0597,1439921506753,"23,356",67% bullish,of 3 ratings,N/A
DFVL,$65.55,1439921506848,"1,000",Not yet rated,NULL,N/A
IPCM,$79.49,1439921506878,"59,642",50% bullish,of 2 ratings,$80.125
ITIC,NULL,1439921506905,0,100% bearish,of 2 ratings,N/A
DTUL,$64.46,1439921506926,200,Not yet rated,NULL,N/A
NVIV,$11.6,1439921506958,"112,718",50% bullish,of 4 ratings,$24.50
IPGP,$91.49,1439921507171,"77,576",100% bearish,of 2 ratings,$109.50
IRMD,$26.31,1439921507262,"5,375",67% bearish,of 3 ratings,$25
IRDMB,$270.85,1439921507307,500,67% bearish,of 3 ratings,N/A
IRIX,$7.05,1439921507349,"4,800",100% bearish,of 1 rating,N/A
IRBT,$31.09,1439921507405,"59,725",67% bullish,of 6 ratings,$37
IRDM,$6.83,1439921507433,"102,872",60% bullish,of 5 ratings,$11.50
IRWD,$11.55,1439921507459,"254,718",100% bearish,of 1 rating,$13
COMT,$33.4,1439921507672,"2,256",100% bearish,of 1 rating,N/A
IRCP,$35,1439921507701,"2,300",100% bullish,of 2 ratings,N/A
GNMA,$50.0799,1439921507735,"2,410",Not yet rated,NULL,N/A
FCHI,$49.71,1439921507764,"3,061",Not yet rated,NULL,N/A
IFEU,$40.1117,1439921507828,650,Not yet rated,NULL,N/A
IFGL,$30.01,1439921507866,"96,920",Not yet rated,NULL,N/A
IFAS,NULL,1439921507928,0,Not yet rated,NULL,N/A
IFNA,$55.96,1439921508014,"1,500",Not yet rated,NULL,N/A
ACWX,$42.88,1439921508167,"121,603",100% bearish,of 1 rating,N/A
ACWI,$59.04,1439921508322,"252,876",Not yet rated,NULL,N/A
AXJS,$52.38,1439921508355,128,Not yet rated,NULL,N/A
AAXJ,$55.72,1439921508381,"528,839",Not yet rated,NULL,N/A
EMDI,NULL,1439921508422,0,Not yet rated,NULL,N/A
AAIT,$30.934,1439921508450,"2,266",100% bullish,of 1 rating,N/A
EEME,$39,1439921508475,16,100% bearish,of 1 rating,N/A
EEMA,$52.42,1439921508629,"3,917",Not yet rated,NULL,N/A
EMEY,NULL,1439921508659,0,Not yet rated,NULL,N/A
EEML,$28.8,1439921508806,173,Not yet rated,NULL,N/A
EGRW,$48.8812,1439921508840,512,Not yet rated,NULL,N/A
EVAL,$37.17,1439921508866,"220,160",Not yet rated,NULL,N/A
IEUS,$47.17,1439921508949,"5,783",100% bearish,of 1 rating,N/A
EUFN,$23.14,1439921509033,"98,108",100% bearish,of 1 rating,N/A
QAT,$21.95,1439921509222,145,Not yet rated,NULL,N/A
SOXX,$84.8,1439921509258,"92,752",50% bullish,of 2 ratings,N/A
UAE,$18.51,1439921509288,900,Not yet rated,NULL,N/A
EMIF,$30.07,1439921509314,"3,954",Not yet rated,NULL,N/A
IBB,$368.18,1439921509364,"244,502",63% bullish,of 8 ratings,N/A
WOOD,$51.45,1439921509391,"4,752",50% bullish,of 2 ratings,N/A
ICLN,$10.23,1439921509468,"8,123",50% bullish,of 2 ratings,N/A
INDY,$29.5805,1439921509525,"75,811",100% bullish,of 1 rating,N/A
ISIS,$51.4899,1439921509724,"443,034",53% bullish,of 15 ratings,$67
ISHG,$78.5899,1439921509750,"4,301",100% bearish,of 1 rating,N/A
IGOV,$89.9114,1439921509792,"16,439",100% bearish,of 1 rating,N/A
ISLE,$19.25,1439921509923,"126,753",50% bullish,of 4 ratings,$16
ITUS,$4.31,1439921510057,966,Not yet rated,NULL,N/A
ISRL,NULL,1439921510087,0,100% bearish,of 1 rating,N/A
ITRN,$25.1169,1439921510118,626,50% bullish,of 2 ratings,N/A
ITRI,$33.5,1439921510148,"107,698",Not yet rated,NULL,$37
XXIA,$15.67,1439921510189,"145,605",71% bullish,of 7 ratings,$14.625
IXYS,$10.72,1439921510214,"47,976",50% bullish,of 4 ratings,N/A
JJSF,$118.95,1439921510358,"14,511",100% bearish,of 1 rating,N/A
JCOM,$72.98,1439921510462,"84,468",100% bullish,of 2 ratings,$77
JBHT,$79.66,1439921510489,"237,846",50% bullish,of 4 ratings,$89.50
MAYS,$58.5,1439921510514,"2,135",Not yet rated,NULL,N/A
JASO,$8.3,1439921510665,"541,830",82% bullish,of 17 ratings,$10
JKHY,$71.45,1439921510751,"30,185",50% bullish,of 2 ratings,$72
JACK,$86.25,1439921510827,"225,468",83% bullish,of 6 ratings,$105
JAGX,$2.84,1439921510891,"2,900",Not yet rated,NULL,N/A
JXSB,$24.214,1439921510922,100,Not yet rated,NULL,N/A
JAXB,NULL,1439921510944,0,100% bullish,of 1 rating,N/A
JMBA,$13.88,1439921510976,"364,119",75% bullish,of 4 ratings,$18
JAKK,$9.61,1439921511005,"151,573",60% bearish,of 5 ratings,$10.50
ERW,NULL,1439921511194,0,Not yet rated,NULL,N/A
JASN,$5.28,1439921511326,"7,108",50% bullish,of 2 ratings,$9.50
JRVR,$26.95,1439921511353,"3,928",Not yet rated,NULL,$27
JASNW,NULL,1439921511374,0,50% bullish,of 2 ratings,N/A
JD,$26.8,1439921511538,"3,043,628",75% bullish,of 16 ratings,$36
JAZZ,$187.93,1439921511564,"77,831",80% bullish,of 15 ratings,$206.50
JCTCF,$9.54,1439921511706,20,100% bullish,of 1 rating,N/A
JST,$4.3,1439921511736,"5,314",75% bullish,of 4 ratings,N/A
JIVE,$4.1,1439921511764,"247,770",75% bullish,of 4 ratings,$5
JTPY,$2.96,1439921511792,100,100% bearish,of 1 rating,N/A
JBLU,$24.025,1439921511816,"2,967,553",94% bullish,of 16 ratings,$27
DATE,$6.56,1439921511841,"61,591",75% bullish,of 4 ratings,$9
WYIGU,$10.02,1439921512039,997,Not yet rated,NULL,N/A
JOEZ,$0.1977,1439921512140,"118,518",92% bullish,of 12 ratings,N/A
JOUT,$26.707,1439921512166,"5,322",100% bearish,of 1 rating,$34
JBSS,$48.08,1439921512228,"21,540",67% bearish,of 3 ratings,N/A
JNP,$9.8,1439921512383,"7,908",100% bullish,of 3 ratings,$15
KALU,$85.22,1439921512423,"28,534",67% bearish,of 3 ratings,$91
KTWO,$22.09,1439921512511,"85,570",100% bearish,of 1 rating,$28.50
KMDA,$3.87,1439921512541,"13,813",50% bullish,of 2 ratings,$8
JUNO,$42.629,1439921512610,"1,003,112",73% bullish,of 11 ratings,$71.50
KCLI,$47.75,1439921512641,"9,645",Not yet rated,NULL,N/A
KBIO,$2.05,1439921512712,"106,692",50% bullish,of 4 ratings,N/A
KNDI,$7.1001,1439921512740,"89,980",86% bullish,of 22 ratings,N/A
KPTI,$13.4412,1439921512877,"288,330",67% bearish,of 3 ratings,$41
KBSF,NULL,1439921512933,0,100% bullish,of 1 rating,N/A
KCAP,$4.8264,1439921512958,"77,736",75% bullish,of 4 ratings,$6.75
KRNY,$11.82,1439921513005,"266,086",100% bearish,of 1 rating,$12
KELYA,$14.85,1439921513274,"24,929",67% bullish,of 6 ratings,$20
KELYB,NULL,1439921513311,0,50% bullish,of 2 ratings,N/A
KMPH,$22.44,1439921513343,"46,650",100% bearish,of 2 ratings,$22
GMCR,$50.61,1439921513370,"526,212",71% bullish,of 42 ratings,$64
KTEC,$12.1,1439921513400,"1,172",Not yet rated,NULL,N/A
