Symbol,Price,Date,Volume,Rating,RatingVoteCount,OneYearEstimate
TFSCU,$10.14,1440515702097,907,Not yet rated,NULL,N/A
FCTY,$7.7006,1440515702134,"3,250",100% bullish,of 1 rating,$8.50
TFSC,NULL,1440515702231,0,100% bearish,of 1 rating,N/A
SRCE,$28.69,1440515702253,"4,038",100% bullish,of 3 ratings,$33
TFSCW,$0.2,1440515702281,"3,500",100% bearish,of 1 rating,N/A
PIH,$7.05,1440515702306,107,100% bearish,of 1 rating,N/A
FLWS,$9.4101,1440515702332,"57,822",100% bullish,of 5 ratings,$15
TWOU,$33.96,1440515702353,"50,439",50% bullish,of 2 ratings,$39
TFSCR,NULL,1440515702489,0,Not yet rated,NULL,N/A
VNET,$18.505,1440515702514,"176,399",60% bullish,of 5 ratings,$29.50
USLV,$12.7485,1440515702671,"193,624",86% bullish,of 7 ratings,N/A
JOBS,$27.05,1440515702719,"42,885",50% bullish,of 4 ratings,$36
DGLD,$80.632,1440515702800,"20,589",100% bullish,of 1 rating,N/A
FCCY,$11.4001,1440515702874,400,100% bullish,of 1 rating,$13
UGLD,$9.3137,1440515702899,"170,535",100% bearish,of 1 rating,N/A
DSLV,$69.2571,1440515702977,"9,327",100% bearish,of 1 rating,N/A
AAON,$20.55,1440515703404,"10,817",100% bearish,of 1 rating,$24
ABEOW,$1.6789,1440515703575,"9,616",100% bullish,of 1 rating,N/A
CAFD,$14.8,1440515703664,"91,260",Not yet rated,NULL,$25
SIXD,$1.83,1440515703727,"30,034",Not yet rated,NULL,N/A
AVHI,$14,1440515703758,"12,957",100% bearish,of 1 rating,$19
ABMD,$94.1,1440515703829,"208,135",75% bullish,of 4 ratings,$100.50
EGHT,$7.93,1440515703859,"169,033",82% bullish,of 17 ratings,$11
SHLM,$32.94,1440515703880,"17,661",100% bearish,of 1 rating,$50
ABY,$19.98,1440515703909,"402,137",100% bearish,of 2 ratings,$46
ABAX,$46.76,1440515703967,"30,806",100% bearish,of 1 rating,$60
AXAS,$1.56,1440515704160,"362,889",78% bullish,of 9 ratings,$3.50
ABGB,$5.24,1440515704186,"92,252",67% bullish,of 3 ratings,$5.50
ACAD,$34.8668,1440515704218,"257,795",80% bullish,of 20 ratings,$48
ABEO,$4.4302,1440515704244,"41,273",50% bullish,of 4 ratings,$15.50
ACTG,$8.77,1440515704315,"67,852",67% bullish,of 3 ratings,$18.50
ACHC,$71.82,1440515704386,"183,392",50% bullish,of 2 ratings,$92
AXDX,$19.04,1440515704602,"44,188",100% bearish,of 1 rating,N/A
ANCX,$19.255,1440515704640,"13,754",Not yet rated,NULL,$19
XLRN,$27.82,1440515704668,"41,897",50% bullish,of 2 ratings,$57
ARAY,$6.54,1440515704689,"247,760",100% bearish,of 1 rating,$10.50
ACST,$0.35,1440515704820,"27,249",100% bullish,of 2 ratings,N/A
ACRX,$4.16,1440515704891,"73,293",67% bearish,of 6 ratings,$5.50
VXDN,$1.91,1440515704920,"177,924",100% bearish,of 1 rating,N/A
ACET,$22.75,1440515704949,"24,789",75% bullish,of 4 ratings,$30
AKAO,$6.23,1440515704974,"15,781",75% bullish,of 4 ratings,$15
ACHN,$7.42,1440515705107,"487,667",90% bullish,of 21 ratings,$16
VXUP,$1.49,1440515705135,"213,705",100% bearish,of 1 rating,N/A
ACIW,$21,1440515705271,"103,306",50% bullish,of 2 ratings,$24
ACNB,$20,1440515705349,320,Not yet rated,NULL,N/A
ACPW,$1.84,1440515705428,"27,191",100% bullish,of 4 ratings,$3.50
ACOR,$33.125,1440515705454,"1,198,204",67% bearish,of 3 ratings,$38.50
ACTS,$1.58,1440515705501,"38,562",100% bearish,of 1 rating,N/A
ACTA,$13.46,1440515705670,"28,923",67% bearish,of 3 ratings,$25
ATVI,$26.62,1440515705696,"1,121,825",68% bullish,of 84 ratings,$31.50
ADMP,$3.33,1440515705828,"23,025",50% bullish,of 2 ratings,$10
ADAP,$11.5667,1440515705857,"49,433",67% bullish,of 3 ratings,$22
ACXM,$20.0801,1440515705957,"134,645",67% bullish,of 3 ratings,N/A
ACUR,$0.54,1440515706016,"85,483",100% bullish,of 5 ratings,$1
ADUS,$28.95,1440515706042,"16,317",100% bearish,of 1 rating,$31
ADMS,$19.56,1440515706093,"11,419",100% bearish,of 2 ratings,$36
AEY,$2.36,1440515706198,"16,511",100% bearish,of 2 ratings,N/A
ADMA,$9.1601,1440515706275,"3,083",Not yet rated,NULL,$19
ADEP,$6.6728,1440515706402,"8,444",50% bullish,of 2 ratings,$10.75
ADTN,$15.075,1440515706448,"53,987",67% bullish,of 3 ratings,$17.125
ADBE,$77.665,1440515706503,"1,141,339",65% bullish,of 17 ratings,$90
AEIS,$24.04,1440515706538,"37,095",50% bullish,of 2 ratings,$32.50
ADXSW,$8.96,1440515706750,"2,000",100% bullish,of 1 rating,N/A
ADXS,$13.6101,1440515706782,"316,457",64% bullish,of 14 ratings,$27
YPRO,$22.93,1440515706880,"3,718",100% bearish,of 1 rating,N/A
AMD,$1.785,1440515706909,"3,074,126",83% bullish,of 103 ratings,$2
MULT,NULL,1440515706935,0,100% bearish,of 1 rating,N/A
AEGN,$17.91,1440515706983,"38,960",100% bearish,of 2 ratings,$21
AEGR,$17.27,1440515707149,"58,077",50% bullish,of 6 ratings,$26
AMTX,$2.61,1440515707291,"10,102",50% bullish,of 2 ratings,$26.11
AEPI,$53.48,1440515707318,"1,464",100% bearish,of 1 rating,N/A
AERI,$15.978,1440515707344,"76,143",75% bullish,of 4 ratings,$31.50
AEHR,NULL,1440515707542,0,50% bullish,of 2 ratings,N/A
AEZS,$0.0915,1440515707628,"3,179,687",90% bullish,of 21 ratings,$1.50
AVAV,$23.6384,1440515707674,"24,898",50% bullish,of 4 ratings,$31
AEMD,$7.24,1440515707810,"3,789",Not yet rated,NULL,$27.50
AGEN,$6.663,1440515707838,"259,245",85% bullish,of 13 ratings,$14
AFMD,$9.99,1440515707918,"52,782",50% bullish,of 4 ratings,$15
AGRX,$8.05,1440515708022,"2,950",100% bearish,of 1 rating,$17.50
AGYS,$9.51,1440515708163,"6,860",100% bearish,of 1 rating,N/A
AFFX,$8.96,1440515708191,"60,101",80% bullish,of 5 ratings,$12
AGIO,$85.99,1440515708262,"76,682",88% bullish,of 8 ratings,$114
AGFS,$10.1399,1440515708291,"59,617",100% bearish,of 1 rating,N/A
AIMT,$20.86,1440515708390,"31,762",Not yet rated,NULL,N/A
AIRM,$36.38,1440515708474,"38,730",80% bearish,of 5 ratings,$53
ADRO,$19.08,1440515708504,"102,565",80% bullish,of 5 ratings,$45.50
AGFSW,$2.25,1440515708525,"1,200",100% bearish,of 2 ratings,N/A
AIRT,$21.92,1440515708682,100,100% bullish,of 1 rating,N/A
AIXG,$5.76,1440515708818,"5,456",67% bearish,of 3 ratings,$5.25
ATSG,$8.6,1440515708843,"43,842",67% bullish,of 3 ratings,$13
AMCN,$4.47,1440515708875,"274,454",83% bullish,of 6 ratings,N/A
AKBA,$6.37,1440515708906,"69,787",100% bearish,of 1 rating,$18
AKRX,$40.029,1440515709007,"115,239",78% bullish,of 9 ratings,$56
AKER,$2.55,1440515709090,"1,700",Not yet rated,NULL,N/A
ABDC,$11.82,1440515709230,"18,058",Not yet rated,NULL,$15
AMRI,$19.29,1440515709266,"113,624",75% bearish,of 4 ratings,$24
ALRM,$16.485,1440515709363,"72,307",100% bearish,of 1 rating,$22
AKAM,$68.57,1440515709392,"693,206",63% bullish,of 8 ratings,$77
ADHD,$8.2263,1440515709417,"42,298",50% bullish,of 4 ratings,$18
ALSK,$2.002,1440515709467,"25,250",78% bullish,of 18 ratings,$2
ALDX,$7.04,1440515709574,"2,518",100% bearish,of 1 rating,$14.50
ALXN,$173.05,1440515709626,"352,629",88% bullish,of 8 ratings,$223
ALXA,$1.11,1440515709710,"4,900",83% bullish,of 6 ratings,$2.125
ALDR,$37.82,1440515709737,"125,705",67% bearish,of 3 ratings,$62
ALCO,$40.45,1440515709877,608,50% bullish,of 2 ratings,N/A
ALGN,$55.62,1440515709962,"140,085",100% bearish,of 2 ratings,$73
ALIM,$3.14,1440515709992,"19,875",80% bullish,of 5 ratings,$10
ALKS,$60.11,1440515710123,"160,583",67% bullish,of 3 ratings,$75
ALGT,$217.31,1440515710302,"24,983",100% bearish,of 2 ratings,$235
AFOP,$18.185,1440515710439,"100,719",75% bullish,of 8 ratings,$21
AIQ,$13.655,1440515710466,"2,470",67% bullish,of 3 ratings,N/A
ALLB,$22.87,1440515710498,400,Not yet rated,NULL,N/A
AMOT,$17.69,1440515710524,"35,108",100% bearish,of 1 rating,N/A
ARLP,$24.17,1440515710603,"34,961",67% bearish,of 3 ratings,$32
ALQA,$4.22,1440515710743,"17,706",75% bullish,of 4 ratings,$8.50
ALLT,$5.04,1440515710835,"37,914",75% bullish,of 4 ratings,$6.25
AFAM,$43.69,1440515710966,"4,129",50% bullish,of 2 ratings,$44
MDRX,$13.3825,1440515710991,"370,505",60% bullish,of 5 ratings,$16
AHGP,$35.66,1440515711019,"17,339",67% bullish,of 3 ratings,N/A
ALNY,$98.01,1440515711157,"139,440",67% bullish,of 3 ratings,$148.50
SMCP,$22.69,1440515711263,"1,609",Not yet rated,NULL,N/A
AHPI,$1.5,1440515711326,115,50% bullish,of 2 ratings,N/A
ALTR,$47.16,1440515711417,"730,252",80% bearish,of 5 ratings,$54
AOSL,$7.25,1440515711447,"9,537",67% bullish,of 3 ratings,$9
ATEC,$0.5999,1440515711473,"46,359",100% bullish,of 1 rating,$2
ASPS,$26.6365,1440515711548,"27,567",67% bullish,of 3 ratings,$46.50
AMRN,$1.9599,1440515711638,"342,265",85% bullish,of 39 ratings,$8
AIMC,$24.585,1440515711778,"20,645",100% bearish,of 2 ratings,$28.50
AMAG,$59.03,1440515711805,"73,293",100% bullish,of 2 ratings,$77.50
AYA,$20.58,1440515711878,"21,800",100% bearish,of 1 rating,$40
AMZN,$486.2,1440515712011,"1,107,415",81% bullish,of 263 ratings,$646
AMBCW,$7.1275,1440515712140,"1,376",100% bearish,of 1 rating,N/A
AMBC,$15.41,1440515712187,"44,785",100% bearish,of 1 rating,$16.50
AMCX,$69.495,1440515712276,"275,999",67% bullish,of 3 ratings,$87.50
AMBA,$92.8449,1440515712379,"822,681",83% bullish,of 12 ratings,$102.50
AMRK,$10.65,1440515712408,804,50% bullish,of 2 ratings,$14
DOX,$56.45,1440515712435,"105,574",50% bullish,of 2 ratings,$60
AMDA,$0.4488,1440515712461,"593,271",90% bullish,of 10 ratings,$1
AMED,$38.25,1440515712654,"80,031",100% bearish,of 1 rating,$42
UHAL,$362.72,1440515712850,"5,589",100% bullish,of 2 ratings,$393.50
EPAX,$2.67,1440515712876,"5,629",100% bearish,of 1 rating,N/A
AMOV,$17.65,1440515713007,"9,125",100% bearish,of 1 rating,N/A
AAL,$39.24,1440515713032,"2,642,343",93% bullish,of 88 ratings,$57
ATAX,$5.24,1440515713095,"168,553",100% bullish,of 1 rating,$6.50
AGNC,$19.34,1440515713195,"816,828",71% bullish,of 28 ratings,$22
AGNCB,$24.185,1440515713220,"2,240",Not yet rated,NULL,N/A
ASBI,$22.26,1440515713374,100,Not yet rated,NULL,N/A
AGNCP,$25.2,1440515713401,"8,624",Not yet rated,NULL,N/A
MTGEP,$24.27,1440515713433,"3,700",Not yet rated,NULL,N/A
ACSF,$12,1440515713532,"24,132",100% bearish,of 1 rating,$15
AETI,NULL,1440515713710,0,67% bearish,of 3 ratings,N/A
ACAS,$13.39,1440515713735,"174,208",60% bullish,of 5 ratings,$16.75
AMIC,NULL,1440515714022,0,Not yet rated,NULL,N/A
MTGE,$15.26,1440515714081,"70,643",75% bullish,of 4 ratings,$19.50
ANCI,$1.43,1440515714107,400,100% bearish,of 1 rating,N/A
APEI,$20.98,1440515714235,"13,054",100% bearish,of 1 rating,$25.50
ANAT,$97.57,1440515714271,"22,081",100% bullish,of 1 rating,N/A
ARII,$37.18,1440515714321,"67,240",67% bearish,of 3 ratings,$45
AMNB,$22.6,1440515714346,"3,172",Not yet rated,NULL,$25.50
AMSC,$3.7799,1440515714517,"98,079",50% bullish,of 4 ratings,N/A
ASEI,$36.77,1440515714783,"14,018",100% bearish,of 1 rating,$52.50
ABCB,$26.61,1440515714810,"19,135",Not yet rated,NULL,$31
AMSWA,$8.67,1440515714839,"8,476",100% bearish,of 2 ratings,$10.75
CRMT,$37.26,1440515714861,"20,297",100% bearish,of 1 rating,$39
AMRB,$9.96,1440515714889,"1,000",Not yet rated,NULL,$11
AMWD,$65.0999,1440515714944,"49,012",50% bullish,of 2 ratings,$70
AMSF,$47.28,1440515715079,"9,801",Not yet rated,NULL,$57.50
ASRV,$3.24,1440515715309,201,100% bullish,of 2 ratings,N/A
AMGN,$153.26,1440515715338,"1,334,621",89% bullish,of 19 ratings,$185
AMKR,$4.675,1440515715436,"965,980",100% bearish,of 2 ratings,$5
AMPH,$13.04,1440515715475,"58,379",50% bullish,of 2 ratings,$20
AMSG,$79.955,1440515715603,"95,955",100% bearish,of 1 rating,$85.50
ASRVP,$28.17,1440515715630,394,Not yet rated,NULL,N/A
FOLD,$13.84,1440515715702,"508,361",56% bullish,of 9 ratings,$21
ATLO,$22.5,1440515715856,"2,893",Not yet rated,NULL,N/A
AMSGP,NULL,1440515715958,0,Not yet rated,NULL,N/A
ANAC,$129.64,1440515716066,"187,172",80% bullish,of 5 ratings,$180.50
ASYS,$5.0025,1440515716094,"5,881",67% bullish,of 3 ratings,$12
AMRS,$1.58,1440515716122,"22,940",70% bullish,of 10 ratings,N/A
AFSI,$59.01,1440515716152,"75,673",60% bullish,of 5 ratings,$72
ADI,$52.96,1440515716257,"602,058",67% bullish,of 3 ratings,$69
ANAD,$0.31,1440515716291,"42,061",100% bullish,of 2 ratings,$.50
ALOG,$77.415,1440515716317,"6,235",100% bearish,of 2 ratings,$100.50
ABCW,$39.19,1440515716382,"1,500",67% bullish,of 3 ratings,N/A
ANCB,NULL,1440515716512,0,Not yet rated,NULL,$23
AMCF,$0.25,1440515716603,500,100% bullish,of 7 ratings,N/A
ANIP,$49.8,1440515716809,"16,594",89% bullish,of 19 ratings,$66
ANIK,$33.3803,1440515716837,"13,210",60% bullish,of 5 ratings,$51.25
ANGI,$4.87,1440515716862,"155,644",64% bullish,of 11 ratings,$5.50
ANSS,$87.93,1440515716892,"117,339",100% bearish,of 1 rating,$100
ANGO,$14.37,1440515716920,"6,736",67% bullish,of 3 ratings,$19
ANTH,$7.28,1440515716998,"203,320",80% bullish,of 10 ratings,$13
ABAC,$0.6773,1440515717067,"17,593",100% bearish,of 1 rating,N/A
ATRS,$1.725,1440515717164,"125,507",92% bullish,of 12 ratings,$4.50
APOL,$10.9,1440515717310,"200,716",87% bearish,of 68 ratings,$14
ATNY,$2.33,1440515717335,"1,728",50% bullish,of 2 ratings,$3.75
APIC,$6.35,1440515717366,"129,445",100% bearish,of 1 rating,$19
AINV,$6.37,1440515717477,"284,353",50% bullish,of 4 ratings,$8
APOG,$50.72,1440515717551,"81,302",100% bullish,of 1 rating,$67
APDN,$3.15,1440515717720,"11,949",Not yet rated,NULL,$9
ARCI,$1.11,1440515717746,"1,000",Not yet rated,NULL,N/A
AGTC,$15.24,1440515717807,"55,261",50% bullish,of 2 ratings,$33
APPF,$16.42,1440515717889,"2,800",50% bullish,of 2 ratings,$22
APDNW,$1.2001,1440515717938,"6,998",Not yet rated,NULL,N/A
AAPL,$109.2249,1440515717964,"27,409,139",86% bullish,of 2344 ratings,$150
AAOI,$19.5,1440515718093,"43,403",50% bullish,of 4 ratings,$26
AMCC,$5.43,1440515718128,"159,155",80% bullish,of 5 ratings,$8
AREX,$1.89,1440515718221,"269,277",100% bearish,of 1 rating,$3
APRI,$1.26,1440515718247,"97,070",83% bullish,of 6 ratings,$4.86
AMAT,$15.55,1440515718274,"4,897,421",82% bullish,of 11 ratings,$23
AQXP,$19.1351,1440515718475,"1,056,994",50% bullish,of 2 ratings,$2
AQMS,$4.7,1440515718615,"15,231",Not yet rated,NULL,N/A
AUMA,NULL,1440515718825,0,Not yet rated,NULL,N/A
AUMAU,NULL,1440515718882,0,Not yet rated,NULL,N/A
ARDM,$6.93,1440515718917,427,100% bullish,of 1 rating,$26
APTO,$4.7056,1440515719015,720,Not yet rated,NULL,$17
AUMAW,NULL,1440515719039,0,Not yet rated,NULL,N/A
PETX,$17.37,1440515719064,"83,056",100% bearish,of 2 ratings,$26
ABIO,$0.8502,1440515719315,"43,619",50% bullish,of 2 ratings,$3.75
ARCB,$28.065,1440515719450,"48,665",67% bearish,of 3 ratings,$39.50
ARCW,$3.19,1440515719528,"6,496",100% bearish,of 2 ratings,$10.50
ACGL,$68.46,1440515719867,"62,952",50% bullish,of 2 ratings,$72
RKDA,$5.88,1440515719901,"13,686",100% bearish,of 2 ratings,$10
ARNA,$2.705,1440515719922,"632,922",90% bullish,of 77 ratings,$5.50
ARDX,$17.48,1440515719952,"18,345",50% bullish,of 2 ratings,$24.50
ACAT,$25.48,1440515720002,"28,034",100% bearish,of 3 ratings,$33
AGII,$55.57,1440515720141,"22,853",Not yet rated,NULL,$59.50
ARGS,$6.11,1440515720273,"25,414",50% bullish,of 2 ratings,$19.50
ARCC,$15.015,1440515720372,"831,039",67% bearish,of 3 ratings,$17.875
ARIA,$6.43,1440515720454,"851,295",87% bullish,of 46 ratings,$9
ARIS,$3.21,1440515720504,"18,930",Not yet rated,NULL,$4.50
AGIIL,$25.2914,1440515720531,"3,266",Not yet rated,NULL,N/A
ARMH,$42.095,1440515720586,"691,106",54% bearish,of 13 ratings,$61
ARKR,$24.05,1440515720613,"1,197",50% bullish,of 2 ratings,N/A
ARTX,$1.47,1440515720849,"20,600",88% bullish,of 16 ratings,$4.50
ARWA,NULL,1440515720935,0,Not yet rated,NULL,N/A
ARWAR,$0.27,1440515720994,400,Not yet rated,NULL,N/A
ARQL,$1.63,1440515721077,"54,417",75% bullish,of 4 ratings,$5
ARWAU,NULL,1440515721101,0,100% bullish,of 1 rating,N/A
ARRS,$25.59,1440515721306,"306,633",50% bullish,of 2 ratings,$38
ARWAW,NULL,1440515721341,0,Not yet rated,NULL,N/A
AROW,$27.23,1440515721629,"2,467",Not yet rated,NULL,N/A
ARRY,$5.33,1440515721654,"364,297",100% bullish,of 7 ratings,$10
DWAT,$9.66,1440515721679,"4,132",100% bearish,of 1 rating,N/A
ARWR,$5.34,1440515721708,"269,219",75% bullish,of 4 ratings,$10.50
ARTNA,$22.5499,1440515721861,"4,431",100% bearish,of 1 rating,$29
ARTW,NULL,1440515721995,0,75% bearish,of 4 ratings,N/A
ASBB,NULL,1440515722340,0,Not yet rated,NULL,N/A
ASNA,$11.02,1440515722471,"661,932",50% bullish,of 2 ratings,$18
ASMI,NULL,1440515722494,0,NULL,NULL,NULL
ASTI,$0.1057,1440515722528,"917,441",83% bullish,of 6 ratings,$3
ASND,$19.01,1440515722555,"28,767",100% bullish,of 1 rating,$30
ASCMA,$26.37,1440515722684,"17,452",100% bearish,of 1 rating,$45
ASML,$90.418,1440515722772,"357,357",50% bullish,of 4 ratings,$127
AZPN,$37.35,1440515722818,"109,553",50% bullish,of 2 ratings,$42
ASFI,$8.925,1440515723045,"2,810",100% bullish,of 1 rating,N/A
ASTE,$35.35,1440515723076,"12,019",100% bearish,of 1 rating,$48
ASMB,$12.53,1440515723103,"5,734",67% bullish,of 3 ratings,N/A
APWC,$1.9,1440515723152,100,100% bearish,of 1 rating,N/A
ATRO,$51.35,1440515723298,"44,772",100% bearish,of 2 ratings,$80
ASTC,$2.0901,1440515723542,"19,210",100% bullish,of 5 ratings,N/A
ALOT,NULL,1440515723566,0,100% bearish,of 1 rating,N/A
ATAI,$2.425,1440515723594,"4,745",100% bearish,of 1 rating,N/A
ATRA,$39.5,1440515723646,"30,386",50% bullish,of 2 ratings,$68
ATHN,$131.12,1440515723815,"35,719",67% bearish,of 3 ratings,$153
ASUR,$5.43,1440515723841,"1,000",50% bullish,of 2 ratings,$8
ATHX,$1.0901,1440515723977,"96,270",89% bullish,of 9 ratings,$5
AAPC,$10.2,1440515724037,583,Not yet rated,NULL,N/A
AAME,NULL,1440515724189,0,Not yet rated,NULL,N/A
ACFC,$5.97,1440515724216,"20,279",Not yet rated,NULL,$6.50
ATNI,$71.1,1440515724353,"20,876",100% bearish,of 1 rating,$69.50
AFCB,$27.6,1440515724401,700,Not yet rated,NULL,N/A
ATLC,$3.73,1440515724548,"7,432",67% bullish,of 3 ratings,N/A
AAWW,$40.07,1440515724577,"50,366",50% bullish,of 2 ratings,$65
ATML,$7.61,1440515724682,"3,211,247",78% bullish,of 9 ratings,$9.50
AFH,$16.33,1440515724885,"5,797",Not yet rated,NULL,$21.50
ATRM,NULL,1440515724984,0,50% bullish,of 2 ratings,N/A
ATRC,$24.86,1440515725011,"35,422",100% bullish,of 1 rating,$30
ATRI,$380,1440515725041,583,Not yet rated,NULL,N/A
ATOS,$0.7989,1440515725067,"63,170",100% bullish,of 7 ratings,$7
LIFE,$13.6,1440515725146,"6,488",86% bullish,of 7 ratings,$43
ATTU,$13.26,1440515725363,"16,230",100% bearish,of 1 rating,$20.50
AUBN,$26.43,1440515725555,100,Not yet rated,NULL,N/A
AUDC,$3.1101,1440515725627,"12,658",80% bullish,of 5 ratings,$5
EARS,$4.44,1440515725653,"3,943",100% bearish,of 2 ratings,$11.50
AUPH,$2.93,1440515725680,"14,941",100% bearish,of 1 rating,$8
ADAT,$0.41,1440515725868,"1,572,594",100% bullish,of 2 ratings,N/A
ABTL,$16.885,1440515725893,"37,808",100% bullish,of 4 ratings,$20.25
ADSK,$49.99,1440515726023,"481,273",67% bullish,of 6 ratings,$69.50
ADP,$76.47,1440515726062,"527,578",100% bearish,of 1 rating,$88
AAVL,$10.19,1440515726089,"82,832",100% bearish,of 1 rating,$20
AVNU,$12.16,1440515726221,581,Not yet rated,NULL,$14
AVGO,$113,1440515726249,"840,956",88% bullish,of 8 ratings,$165
AVNW,$1.16,1440515726411,"36,754",50% bullish,of 2 ratings,$2.20
AVEO,$1.3301,1440515726436,"121,771",75% bullish,of 8 ratings,$3
ACLS,$3.105,1440515726756,"142,996",67% bullish,of 6 ratings,$4.75
CAR,$41.37,1440515726785,"439,813",80% bullish,of 5 ratings,$60
AXPW,$1.08,1440515726813,"12,192",83% bullish,of 6 ratings,N/A
AVID,$7.99,1440515726841,"98,293",100% bearish,of 1 rating,$20
AVGR,$14.4108,1440515726862,"10,400",100% bearish,of 1 rating,$20
AWRE,$3.1,1440515726894,"31,303",67% bullish,of 3 ratings,N/A
AXTI,$2.15,1440515727023,"34,453",50% bullish,of 2 ratings,$2.75
AXPWW,NULL,1440515727192,0,Not yet rated,NULL,N/A
AXGN,$3.9096,1440515727372,"6,904",Not yet rated,NULL,$5
RILY,$9.97,1440515727400,200,Not yet rated,NULL,N/A
BEAV,$47.96,1440515727426,"293,801",67% bearish,of 3 ratings,$59
BOSC,$2.32,1440515727451,"1,002",50% bullish,of 2 ratings,N/A
BCOM,NULL,1440515727476,0,100% bearish,of 1 rating,N/A
BCPC,$56.964,1440515727819,"66,397",100% bearish,of 1 rating,$75
BIDU,$148.9801,1440515727851,"1,560,185",81% bullish,of 88 ratings,$210
BWINA,NULL,1440515727879,0,Not yet rated,NULL,N/A
BANF,$59.5,1440515727904,"2,535",Not yet rated,NULL,$68
BWINB,$22.65,1440515727935,"5,930",Not yet rated,NULL,N/A
BLDP,$1.21,1440515727963,"149,209",91% bullish,of 22 ratings,$2.50
BANFP,NULL,1440515728044,0,Not yet rated,NULL,N/A
BKMU,$6.81,1440515728220,"9,350",Not yet rated,NULL,$8
BOCH,$5.73,1440515728375,"4,337",Not yet rated,NULL,$6.50
BMRC,$48.88,1440515728404,"1,700",Not yet rated,NULL,$52
BOTJ,$11.11,1440515728503,200,Not yet rated,NULL,N/A
BKSC,$15.2,1440515728591,"4,588",Not yet rated,NULL,N/A
BANR,$43.235,1440515728619,"9,731",100% bullish,of 3 ratings,$50
OZRK,$40.5,1440515728644,"173,497",67% bullish,of 3 ratings,$49.50
BFIN,$11.78,1440515728669,"10,562",Not yet rated,NULL,$13
BZUN,$4.785,1440515728809,"278,585",50% bullish,of 2 ratings,$12.60
BWFG,$17.98,1440515728836,500,100% bearish,of 1 rating,N/A
BHAC,NULL,1440515728984,0,Not yet rated,NULL,N/A
BHACR,NULL,1440515729058,0,Not yet rated,NULL,N/A
TAPR,$30.87,1440515729133,900,100% bearish,of 1 rating,N/A
BHACU,NULL,1440515729190,0,Not yet rated,NULL,N/A
BHACW,NULL,1440515729238,0,Not yet rated,NULL,N/A
BBSI,$34.09,1440515729441,"7,874",67% bearish,of 3 ratings,$62.50
BSET,$28.38,1440515729600,"8,111",100% bearish,of 1 rating,$35
BYBK,NULL,1440515729626,0,100% bearish,of 1 rating,N/A
BYLK,$12.69,1440515729652,400,Not yet rated,NULL,$14
BBCN,$14.06,1440515729781,"49,981",100% bearish,of 1 rating,$16
BCBP,$11.47,1440515729811,"1,288",Not yet rated,NULL,N/A
BV,$5.07,1440515729839,"96,973",67% bullish,of 6 ratings,$9
BECN,$34.63,1440515729996,"112,647",50% bullish,of 2 ratings,$40
BDCV,$4.75,1440515730127,"1,781",100% bearish,of 1 rating,$10.19
BSF,$8.22,1440515730200,"8,793",Not yet rated,NULL,N/A
BEBE,$1.75,1440515730294,"55,158",75% bullish,of 4 ratings,$3.075
BBBY,$60.99,1440515730322,"549,128",71% bullish,of 7 ratings,$75
BBGI,$4.65,1440515730349,100,100% bearish,of 1 rating,N/A
BELFB,$17.98,1440515730477,"2,800",100% bearish,of 1 rating,N/A
BELFA,$15.3,1440515730502,708,100% bearish,of 1 rating,N/A
BLCM,$16.7162,1440515730720,"62,392",50% bullish,of 4 ratings,$40
BNCL,$12.16,1440515730749,"76,030",100% bullish,of 3 ratings,$12.50
BLPH,$5,1440515730770,"22,451",100% bearish,of 1 rating,$12.50
BNFT,$35.15,1440515730801,"28,116",67% bullish,of 3 ratings,$46
BNTC,$8.08,1440515730958,"2,400",100% bullish,of 1 rating,N/A
BGMD,$0.7901,1440515731086,"29,717",100% bullish,of 10 ratings,N/A
BGCP,$8.68,1440515731133,"273,424",88% bullish,of 8 ratings,$14
BGFV,$10.53,1440515731173,"13,366",57% bullish,of 7 ratings,$12
BIND,$4.25,1440515731219,"7,364",75% bullish,of 4 ratings,$13.50
BASI,$1.47,1440515731364,792,Not yet rated,NULL,N/A
ORPN,$5.39,1440515731396,"4,763",100% bullish,of 1 rating,$28.50
BCDA,NULL,1440515731527,0,Not yet rated,NULL,N/A
BCRX,$11.04,1440515731662,"178,703",63% bullish,of 8 ratings,$18
BIOC,$1.97,1440515731690,"169,740",83% bullish,of 6 ratings,$3.85
BIOD,$0.6801,1440515731717,"39,071",80% bullish,of 5 ratings,$4
BIIB,$297.65,1440515731853,"760,086",88% bullish,of 16 ratings,$400
BDSI,$6.36,1440515731878,"224,163",88% bullish,of 8 ratings,$17
BLFS,$2.07,1440515732095,"9,494",100% bearish,of 1 rating,$4.75
BIOL,$1.3799,1440515732164,"6,557",Not yet rated,NULL,N/A
BMRN,$124.883,1440515732199,"215,439",80% bullish,of 5 ratings,$160
BLRX,$1.2752,1440515732232,"94,285",100% bullish,of 12 ratings,$5
BVXV,$3.5799,1440515732294,"1,050",Not yet rated,NULL,N/A
BPTH,$1.06,1440515732328,"23,835",100% bullish,of 2 ratings,$5
BVXVW,NULL,1440515732359,0,100% bearish,of 1 rating,N/A
BRLI,NULL,1440515732621,0,NULL,NULL,NULL
BIOS,$2.075,1440515732759,"473,749",71% bullish,of 7 ratings,$4
BBP,$31.34,1440515732787,"19,831",Not yet rated,NULL,N/A
BSPM,$0.63,1440515732839,"4,000",50% bullish,of 2 ratings,N/A
BBC,$29.51,1440515732865,"10,648",Not yet rated,NULL,N/A
BSTC,$46.9,1440515732922,"7,132",100% bearish,of 1 rating,$76
BOTA,$2.198,1440515732949,"29,466",88% bullish,of 8 ratings,N/A
TECH,$95.62,1440515733127,"23,540",100% bullish,of 1 rating,$117
BITI,$17.17,1440515733259,"14,133",100% bullish,of 1 rating,$28
BEAT,$14.26,1440515733284,"243,005",67% bearish,of 3 ratings,$15
BDMS,$13.13,1440515733428,200,100% bearish,of 1 rating,N/A
BJRI,$43.9,1440515733511,"81,889",50% bullish,of 2 ratings,$55
BLKB,$57.825,1440515733560,"52,187",100% bearish,of 2 ratings,$66
BDE,$7.16,1440515733589,"24,357",50% bullish,of 2 ratings,$9
BBOX,$14.805,1440515733614,"9,710",100% bearish,of 1 rating,N/A
HAWK,$40.325,1440515733778,"101,832",91% bullish,of 11 ratings,$49
BBRY,$6.96,1440515733815,"1,251,029",61% bullish,of 330 ratings,$9
BKCC,$9.03,1440515733886,"110,437",100% bullish,of 2 ratings,$10
ADRA,$25.92,1440515733990,"1,001",100% bearish,of 1 rating,N/A
ADRD,$21.9099,1440515734036,"3,532",100% bearish,of 1 rating,N/A
ADRE,$29.32,1440515734242,"6,111",100% bearish,of 1 rating,N/A
BLMN,$19.565,1440515734375,"371,772",83% bullish,of 6 ratings,$27.50
BCOR,$13.34,1440515734403,"22,352",57% bullish,of 7 ratings,$15
ADRU,$21.6301,1440515734427,"1,676",100% bearish,of 1 rating,N/A
BLBD,$11.6,1440515734566,"2,676",Not yet rated,NULL,N/A
BUFF,$26.05,1440515734599,"64,546",83% bullish,of 12 ratings,$31.50
BBLU,$0.7501,1440515734693,"7,560",100% bullish,of 2 ratings,$4.43
BHBK,$13.815,1440515734718,"9,078",100% bullish,of 1 rating,$14.50
NILE,$32.49,1440515734908,"22,448",50% bullish,of 2 ratings,$34
BKEP,$6.18,1440515734972,"24,704",100% bearish,of 1 rating,$8.50
BLUE,$126.4852,1440515735003,"134,104",71% bullish,of 7 ratings,$217.50
BKEPP,$7.55,1440515735071,"1,470",100% bearish,of 1 rating,N/A
BPMC,$27.92,1440515735135,"20,959",50% bullish,of 2 ratings,$47.50
BNCN,$20.27,1440515735267,"29,689",Not yet rated,NULL,$23
BOFI,$122.08,1440515735396,"49,740",100% bullish,of 6 ratings,$144
BOBE,$43.14,1440515735424,"28,944",75% bullish,of 4 ratings,$57
WIFI,$7.55,1440515735449,"91,104",50% bullish,of 2 ratings,$13.50
BONA,$11.55,1440515735587,"160,730",75% bullish,of 4 ratings,$8.50
BOKF,$59.56,1440515735616,"95,765",100% bearish,of 1 rating,$70.50
BOJA,$20.9,1440515735637,"51,733",100% bullish,of 1 rating,$30
BNSO,$1.37,1440515735769,400,100% bearish,of 1 rating,N/A
BPFH,$11.55,1440515735875,"56,376",100% bearish,of 1 rating,$14
BAMM,$3.16,1440515735903,"3,245",60% bullish,of 5 ratings,N/A
BPFHW,NULL,1440515736033,0,100% bearish,of 1 rating,N/A
BPFHP,$25.64,1440515736058,608,100% bearish,of 1 rating,N/A
EPAY,$25.02,1440515736083,"27,378",100% bearish,of 2 ratings,$30
BDBD,$8.1,1440515736232,"187,866",60% bullish,of 5 ratings,$10
BCLI,$2.87,1440515736260,"32,374",80% bullish,of 5 ratings,$12
BBRG,$11.98,1440515736391,"21,422",67% bullish,of 3 ratings,$14.50
BBEP,$2.4199,1440515736419,"570,495",69% bullish,of 13 ratings,$5.625
BDGE,$26.68,1440515736608,"1,604",Not yet rated,NULL,$31.75
BLIN,$1.4099,1440515736642,500,50% bullish,of 2 ratings,$2.20
BBEPP,$12.3,1440515736670,"28,978",100% bearish,of 1 rating,N/A
BCOV,$5.14,1440515736737,"25,725",67% bullish,of 3 ratings,$10.20
BRID,NULL,1440515736833,0,100% bearish,of 1 rating,N/A
BSFT,$30.53,1440515737019,"51,524",57% bullish,of 7 ratings,$40.50
BRCM,$48.81,1440515737087,"719,520",75% bullish,of 12 ratings,$56
BVSN,$5.9699,1440515737147,905,60% bearish,of 5 ratings,N/A
BYFC,$1.49,1440515737237,"2,000",50% bullish,of 2 ratings,N/A
BWEN,$3.16,1440515737301,"6,652",100% bullish,of 3 ratings,$8
BRCD,$10.145,1440515737366,"1,098,875",92% bullish,of 13 ratings,$11.50
BRKS,$10.11,1440515737456,"18,838",67% bullish,of 3 ratings,$15.25
BRKL,$10.35,1440515737494,"44,849",100% bearish,of 1 rating,$10.75
BRKR,$18.55,1440515737590,"64,951",100% bearish,of 2 ratings,$22
BMTC,$28.4,1440515737620,"7,593",Not yet rated,NULL,$34
BLMT,$20.87,1440515737785,"7,401",Not yet rated,NULL,N/A
BWLD,$190.35,1440515737814,"61,983",82% bullish,of 11 ratings,$205
BSQR,$5.86,1440515737835,"23,758",67% bullish,of 3 ratings,N/A
BLDR,$14.45,1440515737965,"157,661",50% bullish,of 2 ratings,$22
BUR,$1.79,1440515738098,306,100% bearish,of 1 rating,$8
CFFI,$34.01,1440515738131,"2,385",100% bearish,of 1 rating,N/A
CA,$26.71,1440515738183,"571,547",50% bullish,of 4 ratings,$33
CHRW,$65.915,1440515738263,"348,944",Not yet rated,NULL,$72
CCMP,$42.47,1440515738395,"12,619",50% bullish,of 2 ratings,$59
CDZI,$7.52,1440515738424,"10,263",100% bearish,of 1 rating,N/A
CDNS,$19.32,1440515738445,"360,995",75% bullish,of 4 ratings,$22.50
CACQ,$6.99,1440515738672,"14,201",100% bearish,of 1 rating,$12.25
CZR,$9.42,1440515738719,"378,150",60% bearish,of 5 ratings,$10.50
PRSS,$4.32,1440515738814,"7,603",80% bullish,of 5 ratings,$4.50
CSTE,$43.98,1440515738847,"134,254",100% bearish,of 1 rating,$65
CLBS,$1.332,1440515738876,"35,974",79% bullish,of 14 ratings,$4
CHY,$11.1101,1440515738982,"81,990",Not yet rated,NULL,N/A
CLMS,$10.58,1440515739008,"26,632",Not yet rated,NULL,$10.50
CCD,$18.98,1440515739237,"34,755",Not yet rated,NULL,N/A
CFGE,$10.345,1440515739281,253,Not yet rated,NULL,N/A
CHI,$10.3301,1440515739317,"87,093",100% bearish,of 1 rating,N/A
CHW,$7.334,1440515739374,"83,916",100% bearish,of 1 rating,N/A
CAMP,$15.62,1440515739410,"60,673",88% bullish,of 8 ratings,$25
CSQ,$9.6414,1440515739510,"142,587",Not yet rated,NULL,N/A
CGO,$11.65,1440515739535,"31,480",100% bearish,of 1 rating,N/A
CVGW,$54.865,1440515739693,"27,404",50% bullish,of 2 ratings,$58.50
CALA,$4.685,1440515739834,"91,942",100% bullish,of 3 ratings,$19.50
CFNB,NULL,1440515739863,0,100% bearish,of 1 rating,N/A
CALD,$15.27,1440515739966,"63,411",100% bearish,of 1 rating,$20.50
CALM,$47.9814,1440515740046,"184,221",80% bullish,of 5 ratings,$65
CAMB,$10.05,1440515740110,400,Not yet rated,NULL,N/A
CLMT,$25.0999,1440515740142,"120,436",75% bullish,of 8 ratings,$31
ABCD,$4.8399,1440515740172,"12,433",83% bullish,of 6 ratings,N/A
CAC,$40.14,1440515740325,"1,502",Not yet rated,NULL,N/A
CAMBW,NULL,1440515740351,0,Not yet rated,NULL,N/A
CAMBU,NULL,1440515740489,0,100% bearish,of 1 rating,N/A
CSIQ,$17.72,1440515740584,"1,041,717",86% bullish,of 28 ratings,$45
CAMT,$2.68,1440515740610,"17,690",73% bullish,of 11 ratings,$4
CGIX,$9.0399,1440515740742,"4,838",67% bullish,of 3 ratings,$14.375
CPHC,$10.5,1440515740828,200,100% bearish,of 1 rating,N/A
CBF,$28.755,1440515741003,"23,572",Not yet rated,NULL,$32
CBNJ,$10.78,1440515741029,"3,692",100% bullish,of 1 rating,N/A
CPLP,$6.89,1440515741106,"104,036",71% bullish,of 7 ratings,$11
CPLA,$47.22,1440515741164,"17,398",67% bearish,of 3 ratings,$65
CCBG,$14.6443,1440515741195,200,Not yet rated,NULL,$17.25
CSWC,$44.89,1440515741216,"2,194",Not yet rated,NULL,N/A
CPTA,$13.93,1440515741268,"37,620",100% bearish,of 1 rating,$18.50
CAPN,$1.78,1440515741669,"64,252",100% bullish,of 1 rating,$10.85
CAPNW,NULL,1440515741699,0,Not yet rated,NULL,N/A
CFFN,$11.8,1440515741725,"149,434",Not yet rated,NULL,$12.75
CAPR,$4.0969,1440515741771,"2,250",Not yet rated,NULL,$12
CARA,$19.478,1440515741802,"111,916",50% bullish,of 4 ratings,$25
CPST,$0.3623,1440515741874,"256,144",95% bullish,of 22 ratings,$1.25
CARB,$11.15,1440515742102,"46,774",75% bullish,of 4 ratings,$12
CBYL,$5.14,1440515742129,"8,196",100% bearish,of 1 rating,$20
CRDC,$0.36,1440515742186,"81,691",100% bullish,of 1 rating,$1.25
CFNL,$21.61,1440515742319,"13,147",Not yet rated,NULL,$24
CSII,$23.27,1440515742349,"29,021",100% bearish,of 2 ratings,$42.125
CRME,$9.02,1440515742374,"11,620",89% bullish,of 9 ratings,$11.25
CATM,$33.82,1440515742571,"30,746",100% bearish,of 1 rating,$44
CDNA,$6.35,1440515742631,"2,800",100% bearish,of 1 rating,$9
CECO,$3.41,1440515742813,"124,493",67% bearish,of 3 ratings,$6
CTRE,$11.54,1440515742839,"208,380",50% bullish,of 2 ratings,N/A
CKEC,$22.44,1440515742900,"63,753",50% bullish,of 2 ratings,$35.915
CLBH,$12.54,1440515742927,350,Not yet rated,NULL,$16.50
CARO,$15.05,1440515743005,"2,053",100% bearish,of 1 rating,$19
CART,$5.3,1440515743113,830,100% bearish,of 1 rating,N/A
CRZO,$28.57,1440515743216,"286,039",67% bearish,of 3 ratings,$57
CRTN,$2.52,1440515743290,"3,102",100% bearish,of 1 rating,N/A
CARV,$6.8239,1440515743318,"18,455",50% bullish,of 2 ratings,N/A
TAST,$12.29,1440515743506,"98,476",Not yet rated,NULL,$14.25
CACB,$5.28,1440515743531,"13,030",Not yet rated,NULL,$5.50
CASM,$1.1,1440515743675,"4,382",100% bullish,of 1 rating,$3.50
CSCD,$14.925,1440515743704,"25,447",100% bullish,of 2 ratings,$17
CWST,$6.0001,1440515743807,"22,652",50% bullish,of 2 ratings,$7.25
CASY,$103.97,1440515743889,"53,260",50% bullish,of 2 ratings,$99.50
CASS,$45.99,1440515743969,"6,722",100% bearish,of 1 rating,N/A
CASI,$1.42,1440515744033,"6,449",100% bullish,of 1 rating,$3.50
CATY,$28.48,1440515744250,"183,973",100% bearish,of 1 rating,$33.50
CPRX,$3.385,1440515744277,"257,426",71% bullish,of 7 ratings,$7
CATB,$11.37,1440515744309,"2,082",100% bearish,of 1 rating,$28
CATYW,$8.46,1440515744407,300,100% bearish,of 1 rating,N/A
CVCO,$71.31,1440515744440,"7,378",100% bearish,of 1 rating,N/A
CAVM,$64.42,1440515744468,"108,610",67% bearish,of 3 ratings,$72
CBFV,NULL,1440515744541,0,Not yet rated,NULL,N/A
CNLM,NULL,1440515744706,0,Not yet rated,NULL,N/A
CNLMR,NULL,1440515744813,0,Not yet rated,NULL,N/A
CNLMW,NULL,1440515745028,0,Not yet rated,NULL,N/A
CNLMU,$10.37,1440515745058,298,100% bullish,of 1 rating,N/A
CDW,$38.51,1440515745084,"193,421",75% bullish,of 4 ratings,$44
CBOE,$60.58,1440515745123,"57,937",Not yet rated,NULL,$60
CECE,$9.16,1440515745156,"21,014",50% bullish,of 2 ratings,$16
CDK,$47.19,1440515745222,"83,016",67% bearish,of 3 ratings,$50
CPXX,$2.0299,1440515745285,"59,075",100% bullish,of 2 ratings,$7
CELG,$117.26,1440515745387,"1,810,045",92% bullish,of 13 ratings,$155.50
CELGZ,$1.65,1440515745480,"6,099",80% bullish,of 5 ratings,N/A
CLDX,$14.44,1440515745638,"968,820",89% bullish,of 9 ratings,$36
CLDN,$1.03,1440515745703,"46,803",71% bullish,of 7 ratings,$3
CLRB,NULL,1440515745765,0,100% bearish,of 1 rating,N/A
CLRBW,NULL,1440515745789,0,Not yet rated,NULL,N/A
CLLS,$29.54,1440515745868,"23,165",75% bullish,of 4 ratings,$51.50
CLSN,$1.8799,1440515746058,"38,241",80% bullish,of 10 ratings,$7.50
CBMG,$22.27,1440515746093,"15,935",50% bullish,of 2 ratings,N/A
CLTX,$2.87,1440515746266,"255,682",100% bullish,of 2 ratings,N/A
CYAD,$51.3388,1440515746297,"1,241",100% bullish,of 1 rating,$87.50
CETX,$2.3469,1440515746318,"4,700",Not yet rated,NULL,$5.60
CSFL,$13.7199,1440515746352,"25,690",Not yet rated,NULL,$15
CEMP,$34.36,1440515746455,"128,652",71% bullish,of 7 ratings,$52
CETV,$2.06,1440515746480,"12,268",67% bullish,of 3 ratings,$2.80
CFBK,NULL,1440515746663,0,Not yet rated,NULL,N/A
CENT,$11.87,1440515746710,"9,025",Not yet rated,NULL,$10
CENTA,$12.61,1440515746903,"29,773",Not yet rated,NULL,N/A
CNBKA,NULL,1440515746990,0,50% bullish,of 2 ratings,N/A
CPHD,$47.4,1440515747032,"141,453",50% bullish,of 2 ratings,$66.50
CVCY,$11.25,1440515747125,6,Not yet rated,NULL,$12
CNTY,$5.94,1440515747160,"7,106",80% bullish,of 5 ratings,$7.75
CENX,$4.845,1440515747223,"430,096",67% bullish,of 6 ratings,$9
CRNT,$1.323,1440515747252,"145,454",50% bullish,of 2 ratings,$2
CERS,$4.595,1440515747446,"165,193",75% bullish,of 4 ratings,$7
CERE,$1.0505,1440515747527,"102,726",88% bullish,of 8 ratings,N/A
CERU,$3.3501,1440515747599,"24,940",75% bullish,of 4 ratings,$15
CERN,$62.22,1440515747728,"375,547",67% bullish,of 3 ratings,$79
KOOL,$0.6403,1440515747754,330,100% bullish,of 5 ratings,$7
CEVA,$17.44,1440515747779,"19,794",100% bearish,of 1 rating,$25
CYOU,$20.04,1440515747911,"31,590",50% bullish,of 6 ratings,$24
HOTRW,NULL,1440515748137,0,Not yet rated,NULL,N/A
GTLS,$22.3299,1440515748186,"49,964",50% bullish,of 4 ratings,$40
HOTR,$1.4304,1440515748217,"44,150",100% bullish,of 2 ratings,$5
CHTR,$174.23,1440515748238,"271,764",100% bearish,of 2 ratings,$196
CHFN,$12.2,1440515748364,"6,711",Not yet rated,NULL,$14
CTHR,$1.3,1440515748430,600,50% bullish,of 2 ratings,$2.50
CHKP,$77.37,1440515748458,"389,105",50% bullish,of 4 ratings,$92
CHEK,$2.99,1440515748606,"2,670",Not yet rated,NULL,$7.75
CHEKW,NULL,1440515748679,0,Not yet rated,NULL,N/A
CHFC,$30.63,1440515748932,"23,066",100% bearish,of 1 rating,$36
CCXI,$6.64,1440515748966,"16,496",67% bullish,of 3 ratings,$14
CEMI,$3.88,1440515748988,"4,050",50% bullish,of 2 ratings,$7.50
CHMG,$26.275,1440515749018,"2,700",Not yet rated,NULL,$30
CHKE,$25.35,1440515749076,"4,667",100% bearish,of 1 rating,$32.50
CHEV,$14.47,1440515749147,800,Not yet rated,NULL,N/A
CBNK,$16.49,1440515749233,500,100% bearish,of 1 rating,N/A
CMRX,$46.36,1440515749362,"77,123",50% bullish,of 2 ratings,$57
CHMA,$23.8001,1440515749387,"42,347",Not yet rated,NULL,$40
PLCE,$59.22,1440515749523,"242,657",100% bearish,of 1 rating,$71
CADC,$3.1562,1440515749626,200,78% bullish,of 9 ratings,N/A
CALI,$0.959,1440515749651,"5,550",67% bullish,of 3 ratings,N/A
CBAK,$1.7301,1440515749880,"38,569",67% bullish,of 9 ratings,N/A
CAAS,$5.7999,1440515749906,"14,073",93% bullish,of 14 ratings,$11.50
CBPO,$99.24,1440515750059,"86,238",75% bullish,of 8 ratings,$140.50
CCCR,$0.8314,1440515750092,"5,200",67% bearish,of 3 ratings,N/A
CHOP,$1.23,1440515750121,"1,100",50% bullish,of 2 ratings,N/A
CCCL,$0.78,1440515750146,"3,200",100% bullish,of 6 ratings,N/A
HGSH,$1.69,1440515750202,"8,197",67% bullish,of 3 ratings,N/A
CHLN,$2.01,1440515750288,"9,984",67% bullish,of 3 ratings,N/A
JRJC,$3.16,1440515750347,"67,408",82% bullish,of 11 ratings,N/A
CNIT,$1.47,1440515750479,"36,785",67% bullish,of 6 ratings,N/A
CJJD,$1.8,1440515750670,"71,596",100% bullish,of 1 rating,N/A
HTHT,$24.4,1440515750699,"24,506",50% bullish,of 2 ratings,$28.40
CHNR,$1.69,1440515750766,"3,804",100% bearish,of 1 rating,N/A
CPGI,$6.79,1440515750829,100,Not yet rated,NULL,N/A
CREG,$0.6553,1440515750855,"16,451",100% bullish,of 3 ratings,N/A
CSUN,$1.45,1440515750911,"7,421",80% bullish,of 5 ratings,N/A
CNTF,$0.8292,1440515750936,"15,474",Not yet rated,NULL,N/A
CNET,$0.8101,1440515751245,"8,883",50% bullish,of 2 ratings,N/A
CNYD,$2.957,1440515751345,"5,200",67% bullish,of 3 ratings,N/A
CCIH,$6.6,1440515751372,"113,026",67% bullish,of 6 ratings,$12.65
CXDC,$5.87,1440515751397,"8,825",67% bullish,of 3 ratings,N/A
IMOS,$16.72,1440515751426,"60,845",60% bullish,of 5 ratings,$21.50
CHSCL,$26.75,1440515751532,"5,245",Not yet rated,NULL,N/A
CHSCM,$25.78,1440515751707,"5,868",Not yet rated,NULL,N/A
CHSCO,$28.06,1440515751809,"3,300",Not yet rated,NULL,N/A
CHDN,$132.89,1440515751912,"6,424",Not yet rated,NULL,$165
CHSCN,$26.52,1440515751943,"5,291",Not yet rated,NULL,N/A
CHSCP,$30.55,1440515751970,"2,256",Not yet rated,NULL,N/A
CHUY,$31.01,1440515752046,"45,961",50% bullish,of 2 ratings,$34
CDTX,$14,1440515752105,"2,404",Not yet rated,NULL,$22
CIFC,$6.86,1440515752255,100,100% bearish,of 1 rating,N/A
CMPR,$68.26,1440515752336,"76,068",50% bullish,of 2 ratings,$72.50
CINF,$52.425,1440515752439,"198,747",50% bullish,of 4 ratings,$50.50
CIDM,$0.6001,1440515752519,"10,300",50% bullish,of 2 ratings,$2.10
CMCT,$15.05,1440515752573,605,100% bearish,of 1 rating,N/A
CTAS,$82.91,1440515752678,"89,424",100% bearish,of 1 rating,$91
CPHR,$5.8,1440515752807,"1,150",100% bearish,of 1 rating,$17
CRUS,$27.8,1440515752834,"290,249",75% bullish,of 12 ratings,$44.50
CSCO,$25.8,1440515752861,"6,090,356",84% bullish,of 208 ratings,$32
CTRN,$27.33,1440515752887,"31,975",100% bearish,of 1 rating,$31.50
CZNC,$19.73,1440515753123,"8,295",Not yet rated,NULL,N/A
CZWI,$8.89,1440515753177,301,Not yet rated,NULL,N/A
CZFC,NULL,1440515753211,0,Not yet rated,NULL,N/A
CIZN,$19.9499,1440515753309,600,Not yet rated,NULL,N/A
CTXS,$69.205,1440515753454,"441,131",86% bullish,of 7 ratings,$80
CHCO,$46.175,1440515753515,"12,176",Not yet rated,NULL,$46
CIVBP,NULL,1440515753720,0,Not yet rated,NULL,N/A
CIVB,$9.99,1440515753747,795,Not yet rated,NULL,$11
CDTI,$1.545,1440515753822,"43,768",75% bullish,of 4 ratings,$3.20
CLNE,$4.3,1440515753881,"332,035",80% bullish,of 15 ratings,$9
CLNT,$1.42,1440515753907,"24,912",75% bullish,of 8 ratings,N/A
CLFD,$16.76,1440515753957,"7,382",67% bullish,of 3 ratings,$18
CLIR,$4.84,1440515754090,"4,800",100% bullish,of 3 ratings,N/A
CBLI,$3.75,1440515754172,"9,771",60% bullish,of 5 ratings,N/A
CLRO,$11.26,1440515754271,901,50% bullish,of 2 ratings,$14.25
CSBK,$13.68,1440515754356,"34,462",Not yet rated,NULL,N/A
CLVS,$69.165,1440515754381,"209,445",60% bullish,of 5 ratings,$101.50
CMFN,$11.7,1440515754590,"3,930",100% bearish,of 1 rating,$15.50
CME,$90.49,1440515754615,"384,632",67% bullish,of 3 ratings,$102
CCNE,$16.41,1440515754641,"2,200",50% bullish,of 2 ratings,$21.50
CISG,$7.5,1440515754689,"53,734",100% bullish,of 5 ratings,$10
CNV,$4.43,1440515754834,"1,642",50% bullish,of 2 ratings,$7.15
COBZ,$12.51,1440515754863,"22,498",100% bullish,of 1 rating,$14
CWAY,$11.21,1440515754890,700,Not yet rated,NULL,N/A
COKE,$157.91,1440515755034,"3,513",79% bullish,of 19 ratings,N/A
CDRB,$10.1,1440515755059,932,67% bullish,of 3 ratings,N/A
CDXS,$3.6,1440515755087,"15,692",64% bullish,of 11 ratings,$6
CVLY,$20.36,1440515755397,"2,902",Not yet rated,NULL,N/A
JVA,$4.46,1440515755428,"9,907",83% bullish,of 6 ratings,$7
CCOI,$28.1,1440515755456,"51,363",50% bullish,of 4 ratings,$35
CHRS,$27.81,1440515755527,"29,105",67% bearish,of 3 ratings,$37
CTSH,$62.02,1440515755602,"1,060,941",90% bullish,of 10 ratings,$75
CGNT,$1.58,1440515755661,"17,110",100% bullish,of 2 ratings,$2
CGNX,$34.59,1440515755745,"301,087",50% bullish,of 2 ratings,$47
COHU,$9.36,1440515755887,"11,546",100% bearish,of 1 rating,$14.25
COHR,$55.32,1440515755915,"25,582",50% bullish,of 2 ratings,$72
CLCT,$18.2971,1440515755977,"4,319",100% bearish,of 1 rating,N/A
CLRX,$0.5311,1440515756047,"16,823",50% bullish,of 2 ratings,N/A
COLL,$14.57,1440515756081,"8,785",100% bearish,of 1 rating,$26
CLCD,$6.95,1440515756473,"12,788",100% bearish,of 1 rating,$20.50
CBAN,$8.75,1440515756504,800,Not yet rated,NULL,N/A
COLM,$59.5,1440515756534,"26,629",100% bearish,of 1 rating,$71
CIGI,$42.69,1440515756565,"2,414",100% bearish,of 1 rating,$52
COLB,$29.33,1440515756601,"35,143",Not yet rated,NULL,$36
CMCO,$18.44,1440515756668,"9,648",60% bullish,of 5 ratings,$28
CBMX,$1.2,1440515756689,"27,000",83% bullish,of 6 ratings,$3.15
CMCSK,$56.22,1440515756891,"774,594",Not yet rated,NULL,$84
CBSHP,$25.14,1440515757000,385,100% bearish,of 1 rating,N/A
CMCSA,$55.4,1440515757061,"2,773,636",66% bullish,of 35 ratings,$69.50
CUBN,NULL,1440515757091,0,Not yet rated,NULL,N/A
CVGI,$4.53,1440515757172,"32,682",50% bullish,of 2 ratings,$6
CBSH,$43.83,1440515757198,"117,835",50% bullish,of 2 ratings,$46
COMM,$28.34,1440515757272,"101,277",67% bearish,of 3 ratings,$35
ESXB,$5.1,1440515757849,"69,100",Not yet rated,NULL,N/A
CSAL,$20.0801,1440515757875,"122,744",75% bullish,of 4 ratings,$30
CYHHZ,$0.0109,1440515758004,"70,758",100% bullish,of 1 rating,N/A
CTBI,$34,1440515758030,"10,597",Not yet rated,NULL,$36
CWBC,NULL,1440515758062,0,Not yet rated,NULL,N/A
JCS,$8.501,1440515758084,"3,800",67% bullish,of 3 ratings,N/A
COB,$10.42,1440515758112,"2,732",100% bullish,of 1 rating,$11.75
CVLT,$35.26,1440515758352,"97,802",75% bullish,of 4 ratings,$44.50
CID,NULL,1440515758554,0,Not yet rated,NULL,N/A
CIL,NULL,1440515758578,0,Not yet rated,NULL,N/A
CIZ,$33.1412,1440515758604,"1,128",100% bearish,of 1 rating,N/A
CSA,$32.64,1440515758634,400,Not yet rated,NULL,N/A
CDC,$34.21,1440515758738,"8,692",Not yet rated,NULL,N/A
CSF,$35.88,1440515758764,"1,671",100% bearish,of 1 rating,N/A
CDL,NULL,1440515758841,0,Not yet rated,NULL,N/A
CFO,$34.7585,1440515759014,"25,021",100% bearish,of 1 rating,N/A
CSB,$32.96,1440515759086,200,Not yet rated,NULL,N/A
CGEN,$5.02,1440515759115,"62,180",50% bullish,of 2 ratings,$11
CPSI,$44.99,1440515759147,"27,342",100% bearish,of 1 rating,$45.50
CFA,$34.8031,1440515759177,365,100% bearish,of 1 rating,N/A
CTG,$6.5,1440515759277,"6,174",100% bearish,of 1 rating,$8.50
SCOR,$54.53,1440515759431,"58,946",100% bearish,of 1 rating,$66
CHCI,$0.6101,1440515759623,"2,280",50% bullish,of 2 ratings,N/A
CMTL,$26.04,1440515759672,"6,974",100% bearish,of 2 ratings,$37
CXRX,$70.93,1440515759816,100,100% bearish,of 1 rating,$90
CDOR,$1.27,1440515759847,100,100% bullish,of 1 rating,N/A
CCUR,$5.09,1440515759944,"7,400",75% bullish,of 4 ratings,N/A
CNCE,$15.25,1440515759976,"42,756",75% bullish,of 4 ratings,$22
CNAT,$3.75,1440515760033,"16,209",83% bullish,of 6 ratings,$13
CDORO,$16.6,1440515760168,150,100% bearish,of 1 rating,N/A
CNSI,$18.4,1440515760195,"24,929",100% bearish,of 2 ratings,$29
CFMS,$20,1440515760420,"48,089",Not yet rated,NULL,$27
CDORP,$6.31,1440515760445,"1,824",100% bearish,of 1 rating,N/A
CNMD,$53.13,1440515760471,"19,481",Not yet rated,NULL,$59
CNFR,$10.35,1440515760492,"3,800",Not yet rated,NULL,N/A
CTWS,$34.5,1440515760630,"3,380",100% bearish,of 1 rating,$44
CNOB,$18.63,1440515760860,"17,075",100% bullish,of 1 rating,$23.50
CNXR,$6.66,1440515760935,"9,624",100% bearish,of 1 rating,$12
CNSL,$19.34,1440515760962,"64,862",100% bearish,of 1 rating,$23
CTCT,$23.89,1440515760983,"105,643",67% bullish,of 3 ratings,$37
CWCO,$10.29,1440515761018,"14,112",67% bullish,of 3 ratings,$14.50
CONN,$30.72,1440515761048,"58,445",67% bullish,of 3 ratings,$48.50
CFRX,$4.9765,1440515761148,"3,052",Not yet rated,NULL,$14
CPSS,$5.64,1440515761460,"17,915",100% bullish,of 1 rating,$10
CFRXW,$2,1440515761529,"4,591",100% bearish,of 1 rating,N/A
CFRXZ,$0.46,1440515761558,550,Not yet rated,NULL,N/A
CTRV,$3.9899,1440515761662,"3,935",Not yet rated,NULL,$6.40
CTRL,$7.78,1440515761798,"14,237",50% bullish,of 2 ratings,$11
CPRT,$34.11,1440515761824,"79,753",67% bearish,of 3 ratings,$40
BVA,$3.51,1440515761903,100,50% bullish,of 2 ratings,N/A
CORT,$4.49,1440515761957,"109,389",67% bullish,of 3 ratings,$12
CORE,$60.28,1440515762167,"17,698",100% bearish,of 1 rating,$72
CRVL,$31.28,1440515762227,"21,198",100% bearish,of 1 rating,N/A
CORI,$9.87,1440515762258,"9,262",100% bearish,of 1 rating,$18
CSOD,$35.45,1440515762279,"136,780",50% bullish,of 2 ratings,$42
CRBP,$1.9388,1440515762300,"165,712",100% bullish,of 2 ratings,$6.25
COSI,$1.07,1440515762434,"71,724",100% bullish,of 1 rating,N/A
CSGP,$177.925,1440515762623,"22,967",50% bullish,of 2 ratings,$235
CPAH,NULL,1440515762701,0,50% bullish,of 2 ratings,N/A
COST,$137.779,1440515762801,"1,107,494",79% bullish,of 24 ratings,$154.50
ICBK,$18,1440515762890,200,Not yet rated,NULL,$21
CVTI,$21.84,1440515762931,"22,914",67% bearish,of 3 ratings,$39
COVS,$2.52,1440515763066,"13,374",67% bullish,of 3 ratings,N/A
CPSH,$2.0501,1440515763199,"5,800",Not yet rated,NULL,N/A
COWNL,$27.0999,1440515763247,"1,930",Not yet rated,NULL,N/A
COWN,$5.075,1440515763339,"209,688",75% bullish,of 4 ratings,$7
CBRL,$137.47,1440515763403,"138,265",50% bullish,of 2 ratings,$155
CRAY,$20.33,1440515763468,"67,241",83% bullish,of 6 ratings,$38.50
CRAI,$21.67,1440515763527,"5,524",100% bearish,of 1 rating,$36
CACC,$193.95,1440515763664,"22,520",50% bullish,of 2 ratings,$158.50
BREW,$7.25,1440515763763,"35,655",67% bullish,of 6 ratings,$15
GLDI,$11.015,1440515763848,"6,089",100% bearish,of 1 rating,N/A
SLVO,$10.0599,1440515763872,"2,052",100% bearish,of 1 rating,N/A
CREE,$26.6101,1440515764027,"363,677",65% bullish,of 17 ratings,$29.50
CRTO,$43.04,1440515764053,"123,210",67% bullish,of 6 ratings,$64
CRESY,$9.76,1440515764183,"15,048",100% bearish,of 1 rating,$19
CCRN,$13.34,1440515764234,"50,763",100% bearish,of 1 rating,$14.25
CRDS,$1.1,1440515764264,"3,497",50% bullish,of 4 ratings,$4.50
CROX,$13.65,1440515764294,"80,006",63% bullish,of 8 ratings,$16.50
CRWS,$7.97,1440515764390,"8,510",Not yet rated,NULL,$10
CYRX,$2.95,1440515764531,"13,642",Not yet rated,NULL,$9
CYRXW,$0.9001,1440515764614,500,Not yet rated,NULL,N/A
CRWN,$4.5,1440515764645,"20,468",75% bullish,of 4 ratings,N/A
CSGS,$30.37,1440515764740,"31,155",Not yet rated,NULL,$40
CCLP,$13.5832,1440515764843,"25,951",67% bearish,of 3 ratings,$20
CTCM,$1.7,1440515764986,"41,997",80% bearish,of 5 ratings,$3.90
CSPI,$5.87,1440515765020,317,67% bullish,of 3 ratings,N/A
CTIB,$3.55,1440515765061,400,100% bearish,of 1 rating,N/A
CTIC,$1.675,1440515765133,"320,046",84% bullish,of 76 ratings,$5.75
CUI,$5.08,1440515765240,"36,167",50% bullish,of 2 ratings,$10
CUNB,$20.75,1440515765368,"3,112",Not yet rated,NULL,$24.50
CTRP,$64.33,1440515765399,"701,202",75% bullish,of 8 ratings,$92
CRIS,$2.415,1440515765599,"80,551",100% bullish,of 8 ratings,$6
CMLS,$1.3,1440515765647,"88,426",50% bullish,of 4 ratings,$6
CPIX,$5.8,1440515765676,"1,100",Not yet rated,NULL,N/A
CUTR,$13.8,1440515765782,"6,627",67% bearish,of 3 ratings,$18
CVBF,$15.75,1440515765827,"64,716",Not yet rated,NULL,$18
CVV,$11.0076,1440515766021,"3,955",100% bullish,of 5 ratings,N/A
CYAN,$6.92,1440515766079,200,100% bearish,of 1 rating,N/A
CYBR,$50.45,1440515766151,"561,838",86% bullish,of 7 ratings,$66
CYBE,$5.84,1440515766226,"2,406",100% bearish,of 1 rating,N/A
CYCC,$0.573,1440515766290,"12,111",73% bullish,of 11 ratings,N/A
CYBX,$64.74,1440515766315,"50,184",50% bullish,of 4 ratings,$71.50
CYCCP,NULL,1440515766343,0,100% bearish,of 1 rating,N/A
CBAY,$2.64,1440515766537,"20,844",100% bullish,of 1 rating,$4
CYRN,$1.58,1440515766738,"7,546",67% bullish,of 3 ratings,$4
CYNO,$31.2101,1440515766809,"33,615",67% bearish,of 3 ratings,$45.50
CYNA,$16.2,1440515766895,"8,572",100% bullish,of 1 rating,$31.50
CONE,$31.74,1440515766921,"111,752",67% bearish,of 3 ratings,$35
CYTK,$6.66,1440515766950,"51,144",71% bullish,of 14 ratings,$13.50
CY,$9.301,1440515766978,"1,105,530",80% bullish,of 10 ratings,$15.50
CYTX,$0.3588,1440515767081,"348,169",83% bullish,of 12 ratings,$5.50
CYTR,$2.02,1440515767266,"334,112",67% bullish,of 6 ratings,$10
DAEG,$0.3398,1440515767296,"3,541",100% bearish,of 1 rating,N/A
CTSO,$6.61,1440515767325,"13,656",Not yet rated,NULL,$15.625
TVIX,$10.0755,1440515767426,"6,262,867",81% bullish,of 16 ratings,N/A
TVIZ,$17.19,1440515767493,"4,959",100% bearish,of 1 rating,N/A
ZIV,$42.8188,1440515767522,"39,740",Not yet rated,NULL,N/A
XIV,$30.4401,1440515767660,"10,324,404",75% bearish,of 4 ratings,N/A
DAKT,$9.615,1440515767765,"237,594",50% bullish,of 2 ratings,$14
DJCO,NULL,1440515767829,0,Not yet rated,NULL,N/A
DAIO,$2.57,1440515767909,"7,124",Not yet rated,NULL,N/A
DWCH,$4.92,1440515768004,"2,228",75% bullish,of 4 ratings,$8.25
DARA,$0.8696,1440515768035,"24,327",83% bullish,of 6 ratings,$1.50
DRAM,$1.1901,1440515768063,"30,849",78% bullish,of 9 ratings,N/A
DTLK,$5.38,1440515768137,"7,031",100% bearish,of 1 rating,$9
PLAY,$32.85,1440515768215,"46,869",100% bullish,of 5 ratings,$42
DTEA,$13.52,1440515768266,"33,704",100% bearish,of 2 ratings,$24
DBVT,$38.0763,1440515768360,"24,115",100% bearish,of 1 rating,$53
DWSN,$4.22,1440515768388,"2,850",67% bullish,of 3 ratings,$6
TRAK,$62.9,1440515768611,"204,781",50% bullish,of 2 ratings,$62.50
DHRM,$1.62,1440515768745,"5,059",Not yet rated,NULL,N/A
DCTH,$0.44,1440515768791,"18,531",78% bullish,of 9 ratings,N/A
DFRG,$14.05,1440515768817,"41,144",100% bearish,of 1 rating,$20
TACOW,$4.08,1440515768838,925,100% bullish,of 1 rating,N/A
TACO,$12.825,1440515768870,"24,862",75% bullish,of 4 ratings,$20
DGAS,$20.25,1440515769134,"20,286",67% bearish,of 3 ratings,N/A
DELT,$2.59,1440515769186,750,Not yet rated,NULL,N/A
DELTW,NULL,1440515769216,0,Not yet rated,NULL,N/A
DEPO,$27.96,1440515769237,"181,888",60% bullish,of 5 ratings,$29
XRAY,$52.48,1440515769270,"93,062",100% bullish,of 1 rating,$58
DENN,$11.385,1440515769319,"69,018",100% bullish,of 3 ratings,$15
DSCI,$6.01,1440515769451,"5,842",50% bullish,of 2 ratings,$16
DERM,$23.41,1440515769693,"26,058",100% bearish,of 1 rating,$33.50
DEST,$11.05,1440515769722,"6,841",50% bullish,of 2 ratings,N/A
DSWL,$1.7501,1440515769799,800,100% bullish,of 1 rating,N/A
DXM,$0.3,1440515769852,"43,508",50% bullish,of 2 ratings,N/A
DXLG,$4.47,1440515769878,"20,318",100% bearish,of 1 rating,$8
DXCM,$89.83,1440515769955,"272,833",57% bullish,of 7 ratings,$98
DHXM,NULL,1440515770123,0,Not yet rated,NULL,N/A
DHIL,$192.85,1440515770150,400,Not yet rated,NULL,N/A
DMND,$29.05,1440515770171,"30,989",75% bullish,of 12 ratings,$32
FANG,$62.9,1440515770206,"227,268",50% bullish,of 2 ratings,$86.50
DCIX,$1.65,1440515770384,"16,166",50% bullish,of 4 ratings,$3.50
DRNA,$10.41,1440515770532,"19,579",67% bearish,of 3 ratings,$25
DGII,$9.55,1440515770589,"8,550",100% bearish,of 1 rating,$10
DMRC,$34.86,1440515770615,"19,652",100% bearish,of 1 rating,$44
DRAD,$3.6469,1440515770747,"7,067",100% bullish,of 1 rating,$5.25
DPRX,$12.68,1440515770930,"9,304",100% bullish,of 2 ratings,$27.75
DGLY,$6.7311,1440515770959,"62,445",50% bullish,of 6 ratings,$20
APPS,$2.31,1440515771060,"12,151",100% bearish,of 1 rating,$10.25
DISCB,$26,1440515771090,200,100% bearish,of 1 rating,$35
DIOD,$19.23,1440515771122,"45,245",75% bearish,of 4 ratings,$24
DCOM,$16.4,1440515771195,"19,036",100% bearish,of 2 ratings,$16.50
DISCA,$25.99,1440515771221,"690,322",67% bullish,of 3 ratings,$34
DSCO,$0.4,1440515771420,"122,010",83% bullish,of 6 ratings,$2.75
DISCK,$24.65,1440515771445,"573,017",100% bearish,of 1 rating,$32
DISH,$60.02,1440515771792,"190,040",69% bullish,of 13 ratings,$73
DVCR,$10.9,1440515771824,"2,100",100% bullish,of 1 rating,N/A
BAGR,$2.79,1440515771855,"13,668",100% bearish,of 1 rating,$6
DNBF,$26.47,1440515771961,505,Not yet rated,NULL,$27.50
DLTR,$74.98,1440515771988,"395,055",82% bullish,of 11 ratings,$88
DLHC,$2.3001,1440515772009,"1,015",100% bearish,of 1 rating,N/A
DGICB,NULL,1440515772039,0,100% bearish,of 1 rating,N/A
DMLP,$13.32,1440515772315,"9,504",100% bearish,of 1 rating,N/A
DGICA,$14.163,1440515772345,"1,624",100% bearish,of 1 rating,$17
HILL,$9.68,1440515772414,"545,581",60% bearish,of 5 ratings,$9.75
DORM,$49.77,1440515772448,"66,309",100% bearish,of 1 rating,$56
DRWI,$0.2481,1440515772470,"79,503",60% bullish,of 5 ratings,$.45
DRWIW,$0.06,1440515772546,7,Not yet rated,NULL,N/A
DWA,$19.49,1440515772814,"283,240",63% bullish,of 8 ratings,$26
DRYS,$0.3576,1440515772849,"2,127,945",77% bullish,of 31 ratings,$.60
DSKX,$2.91,1440515772882,"96,857",100% bullish,of 1 rating,N/A
DSPG,$8.13,1440515772980,"26,170",100% bearish,of 1 rating,$13.50
DTSI,$25.9099,1440515773007,"38,507",100% bearish,of 2 ratings,$39.50
CADT,NULL,1440515773034,0,Not yet rated,NULL,N/A
CADTR,NULL,1440515773165,0,Not yet rated,NULL,N/A
CADTW,NULL,1440515773233,0,Not yet rated,NULL,N/A
CADTU,NULL,1440515773258,0,Not yet rated,NULL,N/A
DRRX,$1.94,1440515773423,"31,770",50% bullish,of 6 ratings,$3
DNKN,$50.575,1440515773493,"260,578",67% bullish,of 15 ratings,$56.50
DYAX,$21.59,1440515773711,"121,626",89% bullish,of 9 ratings,$30
BOOM,$9.44,1440515773736,"20,472",67% bullish,of 3 ratings,$12
DXPE,$27.91,1440515773762,"37,906",50% bullish,of 2 ratings,N/A
DYSL,$1.46,1440515773792,"19,100",100% bullish,of 2 ratings,N/A
DVAX,$25.98,1440515773926,"115,560",70% bullish,of 10 ratings,$40
DYNT,$2.89,1440515773957,"4,209",75% bullish,of 4 ratings,N/A
ETFC,$24.92,1440515773995,"623,526",57% bullish,of 14 ratings,$33
EGBN,$41.74,1440515774179,"54,165",Not yet rated,NULL,$48
EBMT,$11.42,1440515774206,"8,214",Not yet rated,NULL,$13.50
EGLE,$5.97,1440515774362,"4,611",60% bullish,of 5 ratings,N/A
EGRX,$69.87,1440515774409,"91,781",67% bullish,of 3 ratings,$97
ELNK,$8.08,1440515774521,"148,217",60% bullish,of 5 ratings,$9.50
EROC,$1.2,1440515774624,"106,582",50% bullish,of 2 ratings,$3
EWBC,$38.57,1440515774649,"380,040",100% bearish,of 1 rating,$50
EACQU,$10.2,1440515774701,400,Not yet rated,NULL,N/A
EVBS,$6.4501,1440515774806,"5,603",Not yet rated,NULL,$7
EML,$16.22,1440515774956,"5,136",Not yet rated,NULL,N/A
EBIX,$26.16,1440515774984,"96,610",69% bullish,of 13 ratings,$40
EBAY,$25.54,1440515775012,"2,947,569",81% bullish,of 117 ratings,$48
ECTE,$1.435,1440515775148,"14,724",75% bullish,of 4 ratings,N/A
ECHO,$23.57,1440515775177,"109,944",67% bearish,of 3 ratings,$35.50
ELON,$0.5399,1440515775198,"16,346",50% bullish,of 2 ratings,N/A
SATS,$42.416,1440515775356,"20,658",50% bullish,of 2 ratings,$60
EEI,$10.7901,1440515775562,"1,100",67% bearish,of 3 ratings,N/A
EDAP,$3.2501,1440515775591,"32,485",60% bullish,of 5 ratings,$4.50
ECACU,NULL,1440515775617,0,Not yet rated,NULL,N/A
EDGW,$6.8,1440515775639,"2,304",100% bearish,of 1 rating,N/A
ESES,$3.24,1440515775672,300,100% bearish,of 1 rating,$7
EDUC,$4.93,1440515775770,"4,406",100% bearish,of 1 rating,N/A
EFUT,NULL,1440515775847,0,Not yet rated,NULL,N/A
EGAN,$3.305,1440515775980,"22,000",50% bullish,of 2 ratings,$6.25
LOCO,$12.75,1440515776111,"530,273",69% bullish,of 13 ratings,$20
EGLT,$10.67,1440515776139,"24,059",50% bullish,of 2 ratings,$21
EHTH,$13.46,1440515776160,"16,354",50% bullish,of 4 ratings,$16.50
EMITF,$1.2364,1440515776325,"4,418",75% bullish,of 4 ratings,N/A
ELRC,$10.28,1440515776359,"7,039",100% bearish,of 1 rating,N/A
ERI,$9.0899,1440515776511,"16,357",100% bearish,of 1 rating,$10
EA,$65.48,1440515776556,"1,189,415",77% bullish,of 35 ratings,$80
ESIO,$4.379,1440515776607,"23,406",50% bullish,of 2 ratings,$10
EFII,$43.51,1440515776638,"53,247",80% bullish,of 5 ratings,$55
ESLT,$77.2871,1440515776740,"6,143",67% bullish,of 3 ratings,N/A
ELEC,NULL,1440515776795,0,Not yet rated,NULL,N/A
ELSE,$3.8801,1440515776824,200,60% bullish,of 5 ratings,N/A
ELECU,NULL,1440515777059,0,Not yet rated,NULL,N/A
ELECW,NULL,1440515777184,0,Not yet rated,NULL,N/A
ESBK,$19.83,1440515777227,200,Not yet rated,NULL,N/A
RDEN,$10.1,1440515777288,"16,929",100% bearish,of 4 ratings,$15
CAPX,$22.15,1440515777330,200,Not yet rated,NULL,N/A
EBIO,$3.29,1440515777431,"50,490",100% bearish,of 2 ratings,$8.35
LONG,$16.48,1440515777583,"34,824",67% bullish,of 3 ratings,$15.75
EMCF,NULL,1440515777641,0,100% bearish,of 1 rating,N/A
ELTK,$1.06,1440515777673,100,67% bearish,of 3 ratings,N/A
EMCI,$22.405,1440515777701,"1,991",Not yet rated,NULL,N/A
EMKR,$6.935,1440515777778,"25,406",75% bullish,of 4 ratings,$8.50
EMMS,$1.16,1440515777806,"21,694",67% bullish,of 6 ratings,N/A
EMMSP,NULL,1440515777998,0,100% bearish,of 1 rating,N/A
NYNY,$4.08,1440515778064,"10,194",50% bullish,of 2 ratings,N/A
ERS,$2.81,1440515778089,"2,433",Not yet rated,NULL,N/A
ENTA,$40.47,1440515778331,"39,041",50% bullish,of 2 ratings,$42
WIRE,$30.94,1440515778413,"20,135",100% bearish,of 1 rating,$37
ECPG,$39.45,1440515778460,"22,560",100% bullish,of 2 ratings,$52
ENDP,$76.345,1440515778499,"533,888",50% bullish,of 6 ratings,$104
ECYT,$5.01,1440515778526,"58,165",83% bullish,of 6 ratings,$12
EIGI,$14.88,1440515778555,"50,690",67% bearish,of 3 ratings,$22.50
ELGX,$12.48,1440515778657,"125,970",75% bullish,of 4 ratings,$17
ERII,$2.88,1440515778759,"20,463",80% bullish,of 5 ratings,$2.50
WATT,$6.2,1440515778919,"66,481",50% bullish,of 2 ratings,$13
EXXI,$1.38,1440515778945,"521,286",86% bullish,of 7 ratings,$3.50
EFOI,$16.32,1440515778967,"314,883",50% bullish,of 2 ratings,$20.50
ENOC,$8.395,1440515779246,"86,965",75% bullish,of 4 ratings,$18
ENPH,$4.635,1440515779274,"216,487",75% bullish,of 4 ratings,$11
ENG,$0.98,1440515779310,"13,008",100% bullish,of 3 ratings,N/A
ESGR,$147.098,1440515779404,"7,103",100% bearish,of 1 rating,$185
ETRM,$0.2648,1440515779433,"532,850",69% bearish,of 35 ratings,$1.625
ENTG,$13.34,1440515779472,"101,933",100% bearish,of 1 rating,$18
ENFC,$18.06,1440515779536,"3,500",Not yet rated,NULL,N/A
EBTC,$20.68,1440515779711,500,Not yet rated,NULL,N/A
ENTL,$21.33,1440515779785,"6,263",Not yet rated,NULL,$28
ENVI,$1.745,1440515779919,363,67% bullish,of 3 ratings,N/A
EGT,$2.05,1440515779940,624,100% bullish,of 1 rating,N/A
EFSC,$23.92,1440515780021,"16,862",Not yet rated,NULL,$27
ENZY,$9.15,1440515780107,"5,445",67% bullish,of 3 ratings,$9.50
ENZN,$0.9333,1440515780160,"257,350",100% bullish,of 9 ratings,N/A
EPZM,$17.6,1440515780265,"101,276",60% bullish,of 5 ratings,$34
EPIQ,$13.15,1440515780292,"11,061",100% bearish,of 1 rating,$18
EPRS,$4.91,1440515780319,"16,330",82% bullish,of 11 ratings,$15
PLUS,$74.64,1440515780501,"22,234",50% bullish,of 2 ratings,$88
EQFN,NULL,1440515780529,0,100% bearish,of 1 rating,N/A
EQIX,$262.22,1440515780559,"142,378",75% bullish,of 4 ratings,$312.50
EAC,$3.359,1440515780659,"6,378",100% bearish,of 1 rating,$8
ERIC,$9.67,1440515780684,"667,436",63% bullish,of 8 ratings,$12.20
ERIE,$81.95,1440515780876,"12,693",Not yet rated,NULL,$73
ESMC,NULL,1440515781045,0,Not yet rated,NULL,N/A
ESCR,$0.18,1440515781071,"29,137",50% bullish,of 2 ratings,N/A
ESPR,$53.9703,1440515781101,"180,658",70% bearish,of 10 ratings,$123
ESCRP,NULL,1440515781201,0,100% bearish,of 1 rating,N/A
ESCA,$17.08,1440515781253,"3,584",100% bearish,of 1 rating,$22
ESSA,$12.62,1440515781278,"1,550",100% bearish,of 1 rating,N/A
ESND,$33.99,1440515781543,"17,670",100% bearish,of 2 ratings,$40
ESSX,$0.45,1440515781620,"35,281",50% bullish,of 2 ratings,N/A
EPIX,NULL,1440515781685,0,Not yet rated,NULL,N/A
ETSY,$13.14,1440515781711,"158,844",80% bullish,of 5 ratings,$16
CLWT,$2.5,1440515781760,306,100% bearish,of 1 rating,N/A
EEFT,$63.84,1440515781786,"50,242",100% bearish,of 1 rating,$67.50
ESEA,$5.59,1440515781930,100,100% bullish,of 1 rating,$15
EVEP,$7.2,1440515782072,"120,461",50% bullish,of 2 ratings,$15
EVLV,$2.135,1440515782123,"30,751",60% bullish,of 5 ratings,$6.50
EVOK,$3.83,1440515782149,"20,815",100% bearish,of 1 rating,$13.375
EVK,NULL,1440515782180,0,75% bearish,of 4 ratings,N/A
EVOL,$5.845,1440515782285,"4,856",75% bullish,of 4 ratings,$10
EXAS,$20.18,1440515782322,"340,855",78% bullish,of 9 ratings,$31
EXA,$10.76,1440515782349,"2,800",100% bearish,of 1 rating,$13
EXEL,$5.295,1440515782531,"1,594,813",81% bullish,of 16 ratings,$6
EXAC,$17.7,1440515782563,"15,236",100% bearish,of 1 rating,$22.50
EXFO,$2.4915,1440515782659,"5,552",67% bearish,of 3 ratings,$3.95
EXPD,$47.88,1440515782854,"345,950",80% bullish,of 5 ratings,$51.50
EXPE,$111.86,1440515782887,"257,855",64% bullish,of 11 ratings,$130
EXLS,$35.66,1440515782980,"39,226",50% bullish,of 2 ratings,$41
EXPO,$41.04,1440515783005,"11,661",100% bearish,of 1 rating,$45.50
ESRX,$84.07,1440515783054,"911,106",67% bearish,of 6 ratings,$101
EXLP,$18.01,1440515783081,"61,063",100% bearish,of 1 rating,$25
EXTR,$2.75,1440515783211,"146,422",80% bullish,of 5 ratings,$3
EYEG,$3.97,1440515783276,"3,050",Not yet rated,NULL,N/A
EYEGW,NULL,1440515783304,0,Not yet rated,NULL,N/A
EZCH,$21.207,1440515783407,"18,323",75% bullish,of 8 ratings,$19.50
EZPW,$5.98,1440515783540,"96,388",50% bullish,of 4 ratings,$7.50
FFIV,$120.198,1440515783587,"159,630",63% bullish,of 8 ratings,$132
FCS,$13.145,1440515783933,"148,524",67% bearish,of 3 ratings,$17
FRP,$15.94,1440515783968,"8,651",100% bearish,of 1 rating,$18
FB,$86.76,1440515784005,"12,920,993",73% bullish,of 1066 ratings,$111
FARM,$21.68,1440515784066,"8,893",100% bearish,of 1 rating,$35
FWM,$2.2735,1440515784092,"38,665",100% bearish,of 2 ratings,$3.20
DAVE,$14.04,1440515784119,"3,707",100% bearish,of 1 rating,$15.50
FALC,$1.53,1440515784265,"4,100",63% bearish,of 8 ratings,N/A
FFKT,$25.6,1440515784422,"2,327",Not yet rated,NULL,$29
FAST,$37.57,1440515784469,"911,918",80% bullish,of 5 ratings,$45.50
FMNB,$8.04,1440515784556,"4,800",Not yet rated,NULL,N/A
FATE,$6.19,1440515784582,"18,425",50% bullish,of 2 ratings,$11
FARO,$37.1424,1440515784612,"25,662",50% bullish,of 2 ratings,$48
FBSS,$15.92,1440515784721,"1,615",Not yet rated,NULL,N/A
FDML,$8.74,1440515784914,"73,147",50% bullish,of 4 ratings,$14
FEIC,$74.34,1440515784994,"40,211",50% bullish,of 2 ratings,$95.50
FHCO,$1.37,1440515785021,"24,295",50% bullish,of 4 ratings,N/A
FBRC,$21.83,1440515785050,"6,809",100% bearish,of 1 rating,$29
FENX,$9.69,1440515785182,"27,275",100% bullish,of 1 rating,$14.25
FGEN,$22.9,1440515785327,"66,306",100% bearish,of 1 rating,$39
FNHC,$21.576,1440515785374,"10,850",100% bearish,of 1 rating,$35
FCSC,$5.55,1440515785405,"89,911",100% bearish,of 1 rating,$8.125
ONEQ,$182.94,1440515785570,"27,778",100% bullish,of 1 rating,N/A
LION,$18.46,1440515785711,"28,510",100% bullish,of 1 rating,$20
FSAM,$8.54,1440515785915,"1,816",100% bearish,of 1 rating,$11
FRGI,$51.64,1440515785986,"34,876",50% bullish,of 2 ratings,$70
FDUS,$13.76,1440515786012,"14,893",50% bullish,of 2 ratings,$18
FSCFL,$24.85,1440515786057,371,Not yet rated,NULL,N/A
FSC,$6.24,1440515786082,"457,026",75% bullish,of 4 ratings,$8
FSFR,$8.836,1440515786143,"48,177",100% bearish,of 1 rating,$11.50
FITB,$19.105,1440515786284,"1,377,670",54% bullish,of 13 ratings,$22
FITBI,$26.83,1440515786418,"5,088",Not yet rated,NULL,N/A
FISI,$24.45,1440515786551,"14,136",100% bullish,of 2 ratings,$24.50
FNGN,$31.74,1440515786576,"81,627",67% bullish,of 3 ratings,$47
FNSR,$15.14,1440515786609,"123,940",71% bullish,of 7 ratings,$24.50
FNJN,$1.56,1440515786707,"12,033",100% bearish,of 1 rating,$5
FNTC,NULL,1440515786850,0,Not yet rated,NULL,N/A
FBNC,$16.57,1440515786995,"4,328",100% bullish,of 1 rating,$20
FEYE,$38.35,1440515787044,"1,208,441",87% bullish,of 15 ratings,$55.50
FRBA,$6.016,1440515787142,"1,102",Not yet rated,NULL,$8
FNLC,$18.23,1440515787209,"6,138",100% bullish,of 1 rating,N/A
FNTCU,$10.42,1440515787275,186,Not yet rated,NULL,N/A
FNTCW,NULL,1440515787354,0,Not yet rated,NULL,N/A
BUSE,$6.31,1440515787381,"251,092",Not yet rated,NULL,$6.875
FBIZ,$43.75,1440515787634,"1,345",100% bearish,of 2 ratings,$52
FCVA,NULL,1440515787665,0,Not yet rated,NULL,N/A
FCAP,$27.32,1440515787764,350,Not yet rated,NULL,N/A
FCFS,$38.35,1440515787919,"35,080",100% bearish,of 3 ratings,$48
FCBC,$17.2825,1440515788054,"1,254",Not yet rated,NULL,$18
FCNCA,$231.41,1440515788084,825,Not yet rated,NULL,N/A
FCFP,$6.9,1440515788106,200,Not yet rated,NULL,N/A
FCLF,$9.08,1440515788134,100,Not yet rated,NULL,N/A
FCCO,$11.73,1440515788425,100,Not yet rated,NULL,$13.25
FDEF,$36.74,1440515788479,"7,165",Not yet rated,NULL,$38
FFBCW,NULL,1440515788552,0,100% bearish,of 1 rating,N/A
FBNK,$16.5342,1440515788584,"2,725",100% bearish,of 1 rating,$17.50
FFNM,$6.37,1440515788605,300,Not yet rated,NULL,N/A
FFBC,$18.1,1440515788636,"28,208",67% bearish,of 3 ratings,$20.25
FFIN,$29.9095,1440515789048,"46,043",50% bullish,of 2 ratings,$31.75
THFF,$32.95,1440515789199,"1,157",Not yet rated,NULL,$35
FFNW,$11.95,1440515789224,"11,650",Not yet rated,NULL,$14
INBK,$30.45,1440515789251,"7,685",50% bullish,of 2 ratings,$37
FIBK,$26.19,1440515789271,"30,446",Not yet rated,NULL,$32
FFWM,$20.96,1440515789300,600,Not yet rated,NULL,$24
FMBH,NULL,1440515789694,0,Not yet rated,NULL,N/A
FRME,$24.84,1440515789900,"15,706",Not yet rated,NULL,$26.50
FMBI,$17.02,1440515789956,"84,582",Not yet rated,NULL,$20
FNFG,$8.86,1440515790055,"730,441",80% bullish,of 5 ratings,$9
FSFG,$30.41,1440515790081,"1,800",Not yet rated,NULL,N/A
FNBC,$33.76,1440515790136,"17,675",Not yet rated,NULL,$41.50
FNWB,$11.83,1440515790162,"1,400",Not yet rated,NULL,N/A
FSGI,$2.45,1440515790391,"2,586",Not yet rated,NULL,N/A
FSBK,$7.57,1440515790638,"2,244",100% bullish,of 1 rating,N/A
FSLR,$45.38,1440515790686,"445,070",74% bullish,of 39 ratings,$65
FV,$22.918,1440515790737,"1,040,018",100% bearish,of 1 rating,N/A
FCAN,$23.4599,1440515790766,"18,211",Not yet rated,NULL,N/A
BICK,$19.7199,1440515790790,320,100% bullish,of 1 rating,N/A
FBZ,$10.06,1440515790817,240,Not yet rated,NULL,N/A
FTCS,$35.7983,1440515790865,"22,367",100% bearish,of 1 rating,N/A
FCA,$19.14,1440515791122,25,Not yet rated,NULL,N/A
IFV,$17.7314,1440515791189,"532,274",100% bearish,of 1 rating,N/A
FEUZ,$31.1356,1440515791251,108,Not yet rated,NULL,N/A
FEMB,NULL,1440515791334,0,Not yet rated,NULL,N/A
FTSM,$59.9094,1440515791362,"5,043",100% bearish,of 1 rating,N/A
TDIV,$24.2103,1440515791435,"19,084",100% bearish,of 1 rating,N/A
MDIV,$18.93,1440515791493,"55,567",Not yet rated,NULL,N/A
FGM,$35.83,1440515791794,"9,672",Not yet rated,NULL,N/A
FTGC,$21.8694,1440515791822,"169,146",Not yet rated,NULL,N/A
FTHI,NULL,1440515791850,0,Not yet rated,NULL,N/A
HYLS,$49.3299,1440515791950,"10,638",100% bearish,of 1 rating,N/A
FPXI,$26.89,1440515791996,"1,000",Not yet rated,NULL,N/A
FHK,$32.59,1440515792021,"13,844",Not yet rated,NULL,N/A
YDIV,$16.46,1440515792154,"6,193",Not yet rated,NULL,N/A
PLTM,$6.3399,1440515792386,"4,324",100% bearish,of 1 rating,N/A
SKYY,$28.3216,1440515792445,"19,619",100% bullish,of 1 rating,N/A
CU,$12.5499,1440515792545,"5,440",100% bearish,of 1 rating,N/A
LMBS,$50.0179,1440515792646,"2,218",Not yet rated,NULL,N/A
FTLB,$19.05,1440515792710,300,100% bearish,of 1 rating,N/A
FJP,$46.25,1440515792786,"5,430",Not yet rated,NULL,N/A
FMB,NULL,1440515792922,0,Not yet rated,NULL,N/A
QABA,$36.5999,1440515792959,"17,115",100% bearish,of 1 rating,N/A
FONE,NULL,1440515793141,0,Not yet rated,NULL,N/A
CIBR,$17.94,1440515793178,"38,753",Not yet rated,NULL,N/A
QCLN,$14.52,1440515793312,"16,375",Not yet rated,NULL,N/A
CARZ,$34.2681,1440515793347,"2,340",100% bearish,of 1 rating,N/A
GRID,NULL,1440515793375,0,100% bearish,of 1 rating,N/A
RDVY,$20.73,1440515793440,"1,547",Not yet rated,NULL,N/A
QQEW,$40.875,1440515793477,"80,636",Not yet rated,NULL,N/A
AIRR,$15.77,1440515793928,"4,263",100% bearish,of 1 rating,N/A
FTSL,$48.53,1440515793976,"69,604",100% bearish,of 1 rating,N/A
QINC,NULL,1440515794025,0,Not yet rated,NULL,N/A
QQXT,$39.35,1440515794162,"3,314",Not yet rated,NULL,N/A
FDIV,$47.1999,1440515794188,150,100% bearish,of 1 rating,N/A
FKO,$22.35,1440515794234,530,Not yet rated,NULL,N/A
QTEC,$39.0124,1440515794326,"23,401",Not yet rated,NULL,N/A
FSZ,$39.29,1440515794388,"18,953",Not yet rated,NULL,N/A
FTW,$29.95,1440515794524,"1,800",Not yet rated,NULL,N/A
TUSA,NULL,1440515794548,0,Not yet rated,NULL,N/A
FKU,$41.5441,1440515794950,"14,507",Not yet rated,NULL,N/A
FUNC,$8.18,1440515794981,700,Not yet rated,NULL,N/A
SVVC,$9.38,1440515795004,"3,773",50% bullish,of 2 ratings,$26
FSV,$31.05,1440515795086,"5,100",Not yet rated,NULL,$33.60
FMER,$17.32,1440515795167,"394,550",50% bullish,of 2 ratings,$20
FIVE,$35.76,1440515795196,"111,251",75% bearish,of 4 ratings,$44
FISV,$83.01,1440515795217,"277,941",100% bearish,of 3 ratings,$90
FPRX,$18.34,1440515795438,"85,838",50% bullish,of 2 ratings,$35
FIVN,$4.23,1440515795467,"47,498",100% bullish,of 1 rating,$8.50
FLML,$20.91,1440515795505,"34,295",50% bullish,of 2 ratings,$30
SKOR,NULL,1440515795638,0,Not yet rated,NULL,N/A
FLXN,$23.15,1440515795666,"14,339",100% bearish,of 1 rating,$40
FLKS,$13.53,1440515795769,"11,396",50% bullish,of 2 ratings,$27
FLXS,$30.615,1440515795863,"6,570",100% bearish,of 2 ratings,N/A
FLEX,$10.33,1440515796100,"723,517",63% bullish,of 8 ratings,$12
FLIR,$27.79,1440515796152,"165,813",100% bearish,of 1 rating,$38.50
MBSD,NULL,1440515796177,0,Not yet rated,NULL,N/A
FLDM,$12.31,1440515796198,"54,868",67% bearish,of 3 ratings,$21.50
FOMX,$9.77,1440515796227,"24,947",50% bullish,of 2 ratings,$23.50
FFIC,$19.8,1440515796381,"10,009",Not yet rated,NULL,$21
FONR,$9.2262,1440515796451,"4,326",100% bullish,of 1 rating,N/A
FOGO,$17.8499,1440515796585,"58,851",50% bullish,of 2 ratings,$25.50
FES,$0.92,1440515796613,"2,405",50% bullish,of 2 ratings,$1
FORTY,$31.46,1440515796640,150,100% bearish,of 1 rating,N/A
FORM,$6.07,1440515796661,"58,476",67% bullish,of 3 ratings,$10.50
FWRD,$45.2,1440515797085,"45,353",100% bearish,of 1 rating,$50
FTNT,$42.58,1440515797114,"282,078",80% bullish,of 10 ratings,$52
FBIO,$2.48,1440515797135,"74,060",83% bullish,of 6 ratings,N/A
FWP,$25.5,1440515797178,"3,754",100% bearish,of 1 rating,$45
FORR,$31.96,1440515797200,"3,467",Not yet rated,NULL,N/A
FOSL,$59.63,1440515797282,"240,376",50% bullish,of 4 ratings,$80
FORD,$1.3101,1440515797310,"1,521,561",50% bullish,of 2 ratings,N/A
FMI,$20.59,1440515797616,"44,830",100% bearish,of 2 ratings,$27.50
FXCB,$16.96,1440515797651,"3,113",Not yet rated,NULL,$19
FRAN,$10.41,1440515797677,"128,573",50% bullish,of 4 ratings,$15
FOXF,$15.355,1440515797699,"12,791",100% bearish,of 1 rating,$19
RAIL,$19.3099,1440515798053,"32,803",100% bearish,of 1 rating,$24.50
FEIM,$10.79,1440515798114,107,100% bearish,of 1 rating,N/A
FREE,$0.3406,1440515798141,"200,385",92% bullish,of 12 ratings,N/A
FELE,$28.27,1440515798162,"30,782",50% bullish,of 4 ratings,$33
FTR,$5.09,1440515798200,"3,614,383",78% bullish,of 27 ratings,$6.25
FRPT,$13.2999,1440515798222,"108,742",67% bearish,of 3 ratings,$23.50
FRED,$13.33,1440515798244,"15,177",50% bullish,of 2 ratings,$16.50
FTRPR,$100.9,1440515798446,"11,704",100% bearish,of 1 rating,N/A
FRPH,$30.2,1440515798490,"1,535",100% bearish,of 1 rating,N/A
FSBW,$22.78,1440515798597,130,Not yet rated,NULL,N/A
FTD,$29.16,1440515798639,"17,880",100% bearish,of 1 rating,$40
FTEK,$2.06,1440515798825,"22,591",75% bullish,of 4 ratings,N/A
FCEL,$0.7244,1440515798850,"661,987",88% bullish,of 40 ratings,$2.65
FSYS,$6.11,1440515798878,"8,702",67% bullish,of 3 ratings,$10
FULL,$3.0997,1440515798920,"5,225",67% bearish,of 3 ratings,$4.25
FLL,$1.47,1440515799022,"1,329",75% bullish,of 4 ratings,$3.50
FULLL,$24.86,1440515799078,"3,500",Not yet rated,NULL,N/A
FULT,$11.96,1440515799152,"250,139",100% bearish,of 1 rating,$13
FSNN,$2.34,1440515799220,"2,600",67% bullish,of 3 ratings,$6
FFHL,NULL,1440515799318,0,50% bullish,of 4 ratings,N/A
FXENP,$16.01,1440515799415,400,100% bearish,of 1 rating,N/A
FXEN,$0.8301,1440515799473,"15,870",75% bullish,of 4 ratings,$1.10
GK,$68.165,1440515799721,"13,476",Not yet rated,NULL,$78
WILC,NULL,1440515799750,0,100% bullish,of 2 ratings,N/A
GLPG,$63.195,1440515799783,"9,193",100% bullish,of 1 rating,$75
GAIA,$5.94,1440515799848,"1,949",50% bullish,of 2 ratings,$8.50
GALT,$1.91,1440515799918,"33,368",80% bullish,of 5 ratings,N/A
GALTU,NULL,1440515799944,0,100% bearish,of 1 rating,N/A
GALTW,NULL,1440515799973,0,100% bullish,of 1 rating,N/A
GLMD,$8.02,1440515800123,"10,840",67% bullish,of 3 ratings,$20.50
GALE,$1.555,1440515800157,"451,702",89% bullish,of 47 ratings,$4
GLPI,$31.05,1440515800256,"96,167",100% bearish,of 1 rating,$37.50
GPIC,$10.27,1440515800387,300,100% bearish,of 1 rating,N/A
GRMN,$38.03,1440515800519,"325,514",50% bullish,of 6 ratings,$48
GGAC,NULL,1440515800548,0,100% bearish,of 1 rating,N/A
GGACR,NULL,1440515800579,0,100% bullish,of 1 rating,N/A
GGACW,NULL,1440515800652,0,Not yet rated,NULL,N/A
GGACU,NULL,1440515800681,0,Not yet rated,NULL,N/A
GARS,$14.27,1440515800706,"7,615",Not yet rated,NULL,$16
GENC,$9.32,1440515800927,"1,200",100% bearish,of 1 rating,N/A
GFN,$3.25,1440515800985,"20,842",100% bearish,of 2 ratings,$8
GNCMA,$16.5,1440515801010,"39,323",100% bearish,of 1 rating,$12
GFNSL,$25.6,1440515801148,400,Not yet rated,NULL,N/A
GFNCP,$89.01,1440515801281,204,Not yet rated,NULL,N/A
GNMK,$9.33,1440515801410,"43,838",67% bullish,of 6 ratings,$14
GNCA,$12.37,1440515801482,"27,502",100% bearish,of 1 rating,$20
GENE,$2.16,1440515801541,"49,142",100% bullish,of 12 ratings,N/A
GNTX,$15.16,1440515801572,"508,112",Not yet rated,NULL,$20
GHDX,$23.98,1440515801600,"30,218",50% bullish,of 2 ratings,$30
THRM,$42.77,1440515801672,"46,936",75% bearish,of 4 ratings,$55.50
GTWN,$17.85,1440515801950,125,Not yet rated,NULL,N/A
GABC,$28.91,1440515801976,"5,973",Not yet rated,NULL,$31.50
GNVC,$2.18,1440515802000,"23,746",90% bullish,of 10 ratings,$8.50
GEOS,$14.645,1440515802051,"34,096",100% bearish,of 3 ratings,$21
GEVO,$2.5101,1440515802187,"379,679",75% bullish,of 12 ratings,$5
GERN,$3.05,1440515802233,"455,337",88% bullish,of 16 ratings,$5.25
GIGM,$0.5601,1440515802390,"23,200",100% bullish,of 2 ratings,N/A
ROCK,$16.53,1440515802487,"26,224",80% bullish,of 5 ratings,$24
GILT,$4.29,1440515802543,"9,523",50% bullish,of 2 ratings,N/A
GIII,$64.62,1440515802642,"63,869",67% bullish,of 3 ratings,$75
GIGA,$1.51,1440515802724,"184,094",100% bearish,of 1 rating,N/A
GBCI,$24.9,1440515802799,"55,008",50% bullish,of 2 ratings,$31
GILD,$107.32,1440515802858,"4,153,759",91% bullish,of 87 ratings,$129
GLAD,$8.1602,1440515802932,"35,042",50% bullish,of 2 ratings,$8.75
GLADO,$25.5832,1440515803032,351,Not yet rated,NULL,N/A
GOOD,$14.2899,1440515803136,"51,353",Not yet rated,NULL,$19
GOODN,$25.3,1440515803202,600,Not yet rated,NULL,N/A
GOODO,$25.1,1440515803233,300,Not yet rated,NULL,N/A
GAIN,$7.42,1440515803338,"104,455",100% bullish,of 2 ratings,$8.25
GOODP,$25,1440515803369,100,Not yet rated,NULL,N/A
GAINN,$25.424,1440515803474,"30,742",Not yet rated,NULL,N/A
GAINP,$25.86,1440515803604,"1,967",Not yet rated,NULL,N/A
LAND,$9.1701,1440515803661,"15,200",50% bullish,of 2 ratings,$13.75
GAINO,$25.35,1440515803695,478,Not yet rated,NULL,N/A
GLBZ,NULL,1440515803789,0,Not yet rated,NULL,N/A
GBT,$42.92,1440515803817,"42,658",100% bearish,of 1 rating,N/A
GDEF,NULL,1440515803887,0,Not yet rated,NULL,N/A
GBLI,$26.4,1440515804107,"1,802",Not yet rated,NULL,N/A
ENT,$10.86,1440515804137,"74,672",100% bearish,of 1 rating,$18
GPACU,NULL,1440515804286,0,Not yet rated,NULL,N/A
ACTX,$12.75,1440515804311,2,100% bullish,of 1 rating,N/A
QQQC,$19.2698,1440515804339,"2,215",100% bearish,of 1 rating,N/A
GSOL,$8.2,1440515804361,"12,875",100% bearish,of 1 rating,N/A
SOCL,$16.99,1440515804391,"24,929",100% bullish,of 2 ratings,N/A
ALTY,NULL,1440515804611,0,Not yet rated,NULL,N/A
GAI,$5.76,1440515804779,"2,124",50% bullish,of 2 ratings,N/A
GSM,$12.58,1440515804804,"38,527",50% bullish,of 2 ratings,$23
SRET,$13.2499,1440515804836,"1,483",Not yet rated,NULL,N/A
YLCO,$11.8,1440515804857,60,Not yet rated,NULL,N/A
GBIM,$2.202,1440515804946,890,50% bullish,of 2 ratings,N/A
GLBS,$1.08,1440515805114,54,67% bullish,of 3 ratings,N/A
GLRI,$1.05,1440515805202,"5,034",100% bearish,of 1 rating,$4.25
GOGO,$15.26,1440515805258,"362,082",80% bullish,of 5 ratings,$25
GLYC,$7.12,1440515805287,"11,888",50% bullish,of 2 ratings,$14
GLUU,$4.205,1440515805385,"412,806",92% bullish,of 26 ratings,$9
GLNG,$34.61,1440515805425,"151,241",83% bullish,of 6 ratings,$58
GMLP,$18.09,1440515805643,"105,400",50% bullish,of 4 ratings,$32.50
GLDC,NULL,1440515805668,0,50% bullish,of 2 ratings,N/A
GDEN,$8.98,1440515805836,618,50% bullish,of 2 ratings,N/A
GOOG,$610.98,1440515805926,"575,198",89% bullish,of 70 ratings,$825
GOGL,$2.67,1440515805964,"92,350",75% bullish,of 4 ratings,$5
GTIM,$6.615,1440515805989,"14,355",Not yet rated,NULL,$11.50
GBDC,$16.5699,1440515806023,"46,710",Not yet rated,NULL,$17.75
GOOGL,$644.345,1440515806122,"602,937",88% bullish,of 1080 ratings,$749
GMAN,$4.3001,1440515806151,"8,962",60% bullish,of 5 ratings,$8.50
GPRO,$49.9599,1440515806255,"1,968,182",78% bullish,of 58 ratings,$72
GPIAU,$9.98,1440515806412,"1,200",Not yet rated,NULL,N/A
GPIA,NULL,1440515806438,0,Not yet rated,NULL,N/A
GPIAW,NULL,1440515806518,0,Not yet rated,NULL,N/A
GBSNU,NULL,1440515806659,0,NULL,NULL,NULL
LOPE,$36.49,1440515806757,"40,863",100% bearish,of 2 ratings,$50
GRVY,$3.2899,1440515806883,"1,100",50% bullish,of 2 ratings,N/A
GNBC,$11.29,1440515806988,"18,288",100% bearish,of 1 rating,$17
GRBK,$12.28,1440515807043,"60,364",77% bullish,of 13 ratings,N/A
GSBC,$38.87,1440515807074,"7,870",100% bullish,of 1 rating,$44
GBSN,$0.7415,1440515807120,"1,520,198",100% bearish,of 1 rating,$8.25
GLDD,$5.22,1440515807178,"32,417",100% bearish,of 4 ratings,$7.75
GPRE,$18.61,1440515807278,"120,564",67% bullish,of 6 ratings,$28.50
GPP,$14.3315,1440515807407,"3,460",Not yet rated,NULL,$20.50
GCBC,NULL,1440515807458,0,100% bullish,of 1 rating,N/A
GLRE,$24.22,1440515807489,"34,622",50% bullish,of 2 ratings,$41
GRIF,NULL,1440515807645,0,100% bearish,of 1 rating,N/A
GRPN,$4.125,1440515807779,"1,241,305",61% bullish,of 71 ratings,$6.75
GGAL,$18.22,1440515807841,"47,499",80% bullish,of 5 ratings,$40
OMAB,$39.73,1440515807874,"10,959",100% bullish,of 1 rating,$44
GSIT,$4.709,1440515807922,"44,406",100% bearish,of 1 rating,N/A
GRFS,$30.865,1440515807971,"44,157",50% bullish,of 2 ratings,$35
GTXI,$0.8001,1440515808000,"37,037",100% bullish,of 5 ratings,$.75
GSVC,$8.59,1440515808156,"16,025",50% bullish,of 2 ratings,$14.50
GBNK,$15.18,1440515808307,"8,000",100% bearish,of 1 rating,$18
GSIG,$12.43,1440515808379,"19,005",100% bearish,of 2 ratings,N/A
GUID,$7.055,1440515808439,"32,362",100% bearish,of 3 ratings,$10
GFED,$14.61,1440515808464,700,Not yet rated,NULL,$17
GULTU,$0.283,1440515808618,"9,302",100% bearish,of 1 rating,N/A
GIFI,$11.66,1440515808752,"14,750",100% bearish,of 1 rating,$16
GURE,$1.6101,1440515808948,"33,708",88% bullish,of 8 ratings,N/A
GPOR,$33.871,1440515809040,"305,317",75% bullish,of 4 ratings,$55
GWPH,$102.9,1440515809065,"35,228",78% bullish,of 9 ratings,$148.50
GYRO,$2.89,1440515809104,"5,850",100% bearish,of 1 rating,N/A
HEES,$16.485,1440515809132,"69,450",67% bearish,of 3 ratings,$31
GWGH,$7.28,1440515809207,100,100% bearish,of 1 rating,$15.05
HLG,NULL,1440515809344,0,100% bearish,of 1 rating,N/A
HALL,$11.42,1440515809480,"8,111",Not yet rated,NULL,N/A
HNRG,$7.24,1440515809530,"21,998",100% bearish,of 1 rating,$10
HALO,$17.28,1440515809663,"375,375",67% bullish,of 3 ratings,$22.50
HBK,$13.75,1440515809693,200,50% bullish,of 2 ratings,N/A
HMPR,$1.8401,1440515809795,"10,062",100% bullish,of 1 rating,N/A
HNH,$25.9,1440515809953,847,100% bullish,of 1 rating,N/A
HBHCL,$24.1,1440515809997,"8,410",Not yet rated,NULL,N/A
HAFC,$23.7301,1440515810030,"39,722",100% bullish,of 2 ratings,$28.50
HNSN,$0.5,1440515810098,"11,863",88% bullish,of 8 ratings,$.40
HBHC,$25.78,1440515810125,"182,617",50% bullish,of 2 ratings,$30
HQCL,$9.35,1440515810154,"11,840",67% bullish,of 3 ratings,$14
HLIT,$5.49,1440515810258,"122,065",100% bearish,of 1 rating,$6.50
HDNG,$9.69,1440515810390,"3,069",50% bullish,of 4 ratings,N/A
HRMN,NULL,1440515810521,0,Not yet rated,NULL,N/A
HRMNU,NULL,1440515810575,0,Not yet rated,NULL,N/A
HRMNW,NULL,1440515810844,0,Not yet rated,NULL,N/A
TINY,$2.53,1440515810904,"35,240",50% bullish,of 2 ratings,$5.26
HBIO,$4.37,1440515810933,"15,700",Not yet rated,NULL,$10
HART,$0.88,1440515811033,"39,282",100% bearish,of 1 rating,N/A
HAS,$72.875,1440515811163,"537,504",63% bullish,of 8 ratings,$84.50
HCAPL,$25.47,1440515811190,100,Not yet rated,NULL,N/A
HCAP,$12.27,1440515811212,603,50% bullish,of 2 ratings,$15
HCOM,$22.11,1440515811421,"2,400",100% bearish,of 1 rating,$28
HA,$22.7248,1440515811482,"149,842",67% bullish,of 9 ratings,$27
HAYN,$36.53,1440515811556,"5,869",100% bearish,of 1 rating,$59
HWBK,$13.12,1440515811581,300,100% bearish,of 1 rating,N/A
HWKN,$36.38,1440515811630,"2,603",Not yet rated,NULL,N/A
HDS,$32.2,1440515811799,"635,183",100% bearish,of 2 ratings,$39.50
HIIQ,$4.4395,1440515811932,"16,479",50% bullish,of 2 ratings,$7
HQY,$28.78,1440515811965,"21,217",67% bullish,of 3 ratings,$31
HSTM,$24.21,1440515812063,"25,421",50% bullish,of 2 ratings,$33.75
HWAY,$11.67,1440515812089,"60,791",100% bearish,of 1 rating,$15
HTLD,$19.895,1440515812220,"77,646",Not yet rated,NULL,$22.50
HCSG,$32.49,1440515812248,"35,876",50% bullish,of 4 ratings,$35
HTLF,$34.91,1440515812289,"1,753",100% bullish,of 1 rating,$39.50
HTWR,$82.08,1440515812530,"88,629",50% bullish,of 2 ratings,$103
HTBX,$5.17,1440515812559,"3,400",50% bullish,of 2 ratings,$15.50
HSII,$19.89,1440515812912,"33,413",100% bullish,of 3 ratings,$25
HELE,$84.34,1440515812938,"38,574",67% bearish,of 3 ratings,$100
HMNY,$2.21,1440515813252,553,100% bearish,of 1 rating,N/A
HMTV,$13.3,1440515813297,"22,489",100% bearish,of 1 rating,$16
HSIC,$135.65,1440515813383,"74,647",83% bullish,of 6 ratings,$146
HNNA,$24.5001,1440515813453,"2,776",Not yet rated,NULL,N/A
HCACU,$9.95,1440515813526,6,Not yet rated,NULL,N/A
HERO,NULL,1440515813576,0,NULL,NULL,NULL
HFWA,$17.21,1440515813605,"19,512",100% bullish,of 1 rating,$20
HTBK,$10.4989,1440515813682,"6,300",Not yet rated,NULL,$12
HEOP,$7.5,1440515813708,"6,573",Not yet rated,NULL,$8.50
MLHR,$27.05,1440515813887,"78,850",50% bullish,of 2 ratings,$33.50
HCCI,$11.34,1440515813937,482,100% bearish,of 1 rating,$16.50
HSKA,$32.27,1440515814179,"14,154",100% bearish,of 1 rating,$38
HRTX,$34.4199,1440515814331,"136,967",67% bullish,of 6 ratings,$41
HPJ,$2.185,1440515814479,"8,955",75% bullish,of 4 ratings,$12.43
HIBB,$38,1440515814506,"70,854",100% bearish,of 1 rating,$48.50
HFFC,$15.99,1440515814527,"1,100",Not yet rated,NULL,N/A
HIMX,$6.36,1440515814585,"286,240",86% bullish,of 21 ratings,$8.50
HIHO,$3.75,1440515814691,"3,964",Not yet rated,NULL,N/A
HSGX,$5.63,1440515814721,"1,100",100% bearish,of 1 rating,$17
HOLI,$17.43,1440515814877,"111,204",50% bullish,of 4 ratings,$27
HOLX,$38.93,1440515814899,"487,072",67% bullish,of 3 ratings,$42
HIFS,$115.605,1440515814920,980,Not yet rated,NULL,N/A
HMNF,NULL,1440515814978,0,Not yet rated,NULL,N/A
HMSY,$9.88,1440515815153,"888,584",67% bullish,of 3 ratings,$19.35
HBCP,$24.83,1440515815199,200,Not yet rated,NULL,$29
HOMB,$37.22,1440515815244,"37,987",Not yet rated,NULL,$41
HFBL,$22,1440515815468,400,Not yet rated,NULL,N/A
HMIN,$27.1,1440515815556,"73,956",100% bearish,of 2 ratings,$35
AWAY,$28.38,1440515815582,"204,720",67% bullish,of 3 ratings,$36
HMST,$21.225,1440515815631,"35,594",100% bullish,of 2 ratings,$27
HKTV,$4.5,1440515815836,"70,820",100% bearish,of 1 rating,N/A
CETC,$0.7486,1440515815936,"11,105",86% bullish,of 7 ratings,N/A
HTBI,$17.81,1440515815984,"10,019",67% bullish,of 3 ratings,$18.625
HBNC,$23.0221,1440515816016,"6,091",100% bullish,of 1 rating,$27
HOFT,$23.53,1440515816043,"26,498",100% bearish,of 1 rating,N/A
HFBC,$11.15,1440515816119,"2,513",Not yet rated,NULL,N/A
HZNP,$28.25,1440515816264,"674,466",85% bullish,of 20 ratings,$40
HRZN,$10.045,1440515816599,"139,827",100% bearish,of 1 rating,$14.25
ZINC,$6.88,1440515816669,"140,154",100% bearish,of 1 rating,$17
HOVNP,NULL,1440515816726,0,100% bearish,of 1 rating,N/A
HDP,$24.23,1440515816757,"60,392",67% bearish,of 3 ratings,$30.50
HMHC,$22.49,1440515816827,"166,543",Not yet rated,NULL,$27
HBMD,$13.55,1440515816852,100,100% bearish,of 1 rating,N/A
HWCC,$7.34,1440515816898,"10,678",100% bearish,of 1 rating,$9
HCBK,$9.31,1440515817091,"471,274",83% bullish,of 6 ratings,$8.61
HUBG,$37.51,1440515817126,"19,182",100% bearish,of 1 rating,$43
HTGM,$5.5,1440515817220,"1,000",100% bearish,of 1 rating,$19.50
HSNI,$60.3,1440515817249,"72,289",Not yet rated,NULL,$80
HSON,$2.62,1440515817447,"7,505",100% bearish,of 1 rating,$5
HDSN,$3.0261,1440515817542,"4,175",100% bullish,of 1 rating,$6.25
HBAN,$10.6,1440515817566,"2,693,478",76% bullish,of 17 ratings,$12.29
HBANP,$1325,1440515817800,66,100% bearish,of 1 rating,N/A
HURC,$28.6697,1440515817883,"3,914",100% bearish,of 1 rating,N/A
HTCH,$1.5299,1440515817962,"10,379",100% bearish,of 1 rating,$3.50
HDRAR,NULL,1440515818026,0,Not yet rated,NULL,N/A
HBP,$3.11,1440515818054,"13,400",100% bullish,of 1 rating,N/A
HURN,$72.95,1440515818075,"38,788",50% bullish,of 2 ratings,$80
HDRA,$9.66,1440515818108,"2,200",Not yet rated,NULL,N/A
HDRAU,NULL,1440515818301,0,Not yet rated,NULL,N/A
HDRAW,NULL,1440515818336,0,Not yet rated,NULL,N/A
HYGS,$7.45,1440515818434,"9,378",50% bullish,of 2 ratings,$13
IDSY,$3.83,1440515818567,"1,646",100% bearish,of 1 rating,$7
IACI,$69.21,1440515818712,"200,251",75% bullish,of 4 ratings,$90
IBKC,$58.67,1440515818925,"44,168",100% bullish,of 1 rating,$70
IKGH,$1.62,1440515818965,"19,700",75% bullish,of 4 ratings,N/A
IEP,$68.05,1440515819016,"63,683",75% bullish,of 4 ratings,$99
ICFI,$34.18,1440515819042,"7,669",50% bullish,of 2 ratings,$48.50
ICAD,$3.365,1440515819173,"9,912",50% bullish,of 2 ratings,$7.25
ICLR,$78.01,1440515819250,"118,833",100% bearish,of 3 ratings,$85
ICON,$12.63,1440515819275,"186,656",50% bullish,of 2 ratings,$18.50
ICUI,$110.93,1440515819517,"14,092",Not yet rated,NULL,$122
INVE,$4.4,1440515819646,"30,527",75% bullish,of 4 ratings,$4
IPWR,$7,1440515819671,"6,833",100% bullish,of 1 rating,$15
IDRA,$2.6689,1440515819730,"389,649",89% bullish,of 9 ratings,$6.50
IDXX,$72.08,1440515819874,"101,597",100% bearish,of 1 rating,$77
IROQ,$16.72,1440515819933,810,100% bullish,of 1 rating,N/A
DSKY,$11.49,1440515819964,"169,897",67% bullish,of 6 ratings,$11.50
RXDX,$12.52,1440515820068,"38,882",100% bullish,of 1 rating,$20
IRG,$4.58,1440515820093,"3,966",100% bearish,of 1 rating,$4.50
IIVI,$16.82,1440515820232,"21,981",100% bearish,of 1 rating,$22
KANG,$14.3401,1440515820263,"148,574",50% bullish,of 2 ratings,$22.55
IKNX,NULL,1440515820365,0,100% bearish,of 1 rating,N/A
IKAN,$2.72,1440515820392,"20,190",83% bullish,of 6 ratings,$5
ILMN,$197.665,1440515820450,"236,019",80% bullish,of 5 ratings,$240
ISNS,$3.96,1440515820535,"25,301",50% bullish,of 2 ratings,N/A
ICCC,$7.69,1440515820811,"3,570",100% bullish,of 1 rating,N/A
IMMR,$11.33,1440515820838,"45,811",80% bullish,of 5 ratings,$15.50
IMDZ,$14.4101,1440515820864,"13,500",100% bearish,of 1 rating,$33
IMNP,$1.2299,1440515820967,"38,619",50% bullish,of 2 ratings,$6
IMGN,$13.28,1440515821054,"275,062",75% bullish,of 4 ratings,$17.50
IPXL,$42.31,1440515821081,"97,182",67% bullish,of 3 ratings,$46.50
IMMU,$1.84,1440515821160,"155,038",86% bullish,of 7 ratings,$2
INCR,$42.055,1440515821218,"176,756",50% bullish,of 2 ratings,$53
IMMY,$7.25,1440515821291,"2,128",100% bearish,of 1 rating,$11
INCY,$103.71,1440515821520,"227,397",50% bullish,of 6 ratings,$125.50
SAAS,$7.185,1440515821578,"104,445",50% bullish,of 2 ratings,$15
IBCP,$13.88,1440515821619,"22,607",100% bullish,of 1 rating,$14.50
INDB,$44.23,1440515821751,"25,866",Not yet rated,NULL,$44
IBTX,$39.61,1440515821776,"42,468",100% bullish,of 2 ratings,$47.25
INFN,$20.93,1440515821831,"419,562",71% bullish,of 7 ratings,$28
IDSA,NULL,1440515821856,0,Not yet rated,NULL,N/A
IPCC,$79.23,1440515822036,"5,777",Not yet rated,NULL,$77.50
III,$4.04,1440515822182,"55,430",57% bullish,of 7 ratings,$6
INFI,$8.52,1440515822243,"107,471",50% bullish,of 4 ratings,$18
IFON,$1.19,1440515822270,"6,390",75% bullish,of 4 ratings,N/A
IMKTA,$51.21,1440515822296,"34,557",100% bearish,of 1 rating,N/A
INWK,$7.075,1440515822337,"22,507",50% bullish,of 2 ratings,$10
INNL,NULL,1440515822485,0,100% bearish,of 1 rating,$16.50
INOD,$2.54,1440515822542,"1,300",100% bearish,of 1 rating,N/A
ISSC,NULL,1440515822722,0,67% bearish,of 3 ratings,N/A
IPHS,$46.24,1440515822815,"25,455",100% bearish,of 1 rating,$60
INGN,$46.08,1440515822867,"53,498",100% bearish,of 1 rating,$50.50
IOSP,$46.68,1440515822896,"46,228",100% bearish,of 1 rating,N/A
ITEK,$12.5001,1440515822959,"265,819",100% bearish,of 3 ratings,$20
INOV,$21,1440515822997,"160,091",100% bearish,of 1 rating,$33
INO,$6.8401,1440515823137,"295,348",89% bullish,of 18 ratings,$20
NSIT,$24.83,1440515823163,"29,963",50% bullish,of 2 ratings,N/A
IIIN,$16.77,1440515823432,"6,425",100% bearish,of 2 ratings,N/A
ISIG,$2.6,1440515823458,52,100% bearish,of 1 rating,N/A
INSM,$22.91,1440515823488,"115,828",71% bullish,of 7 ratings,$31.50
INSY,$33.01,1440515823535,"138,868",75% bullish,of 4 ratings,$48
PODD,$28.43,1440515823593,"63,566",67% bearish,of 3 ratings,$35
NTEC,$5.9,1440515823799,"2,203",100% bearish,of 1 rating,N/A
IART,$59.99,1440515823902,"53,863",100% bearish,of 1 rating,$71.50
ISSI,$22.025,1440515823968,"21,768",67% bullish,of 3 ratings,$19.75
INTC,$26.9,1440515823995,"8,951,697",82% bullish,of 238 ratings,$36
IESC,$7.14,1440515824028,"1,800",100% bearish,of 1 rating,N/A
IDTI,$17.55,1440515824053,"343,491",60% bullish,of 5 ratings,$25
IQNT,$18.32,1440515824122,"47,215",86% bullish,of 7 ratings,$20
IPCI,$2.17,1440515824222,"13,495",67% bullish,of 6 ratings,$8
IBKR,$37.76,1440515824398,"306,186",100% bullish,of 1 rating,N/A
IPAR,$25.2,1440515824424,"10,591",67% bullish,of 3 ratings,$38
ININ,$36.255,1440515824619,"16,486",67% bearish,of 3 ratings,$57
ICLD,$1.7825,1440515824671,"61,594",75% bullish,of 4 ratings,N/A
ICPT,$187.27,1440515824725,"63,684",70% bullish,of 10 ratings,$359.50
ICLDW,NULL,1440515824779,0,100% bearish,of 1 rating,N/A
TILE,$24.12,1440515824815,"153,639",67% bearish,of 3 ratings,$27
INAP,$7.79,1440515824853,"49,633",75% bullish,of 4 ratings,$11
IDCC,$47.6,1440515824882,"107,943",80% bullish,of 5 ratings,$63
IMI,$2,1440515825078,"5,096",67% bullish,of 3 ratings,$2.22
IBOC,$24.73,1440515825155,"29,185",100% bearish,of 1 rating,N/A
IGLD,$6.53,1440515825210,"6,665",50% bullish,of 2 ratings,N/A
IIJI,$9.55,1440515825299,100,50% bullish,of 2 ratings,$11.50
ISCA,$31.12,1440515825340,"14,954",100% bearish,of 1 rating,N/A
PTNT,NULL,1440515825433,0,Not yet rated,NULL,N/A
INTX,$2.12,1440515825587,112,67% bullish,of 3 ratings,N/A
INPH,$0.3,1440515825618,"6,600",50% bullish,of 2 ratings,N/A
ISIL,$10.18,1440515825646,"105,216",50% bullish,of 6 ratings,$15
IILG,$19.36,1440515825721,"15,850",100% bearish,of 1 rating,$29
IVAC,$4.7511,1440515825826,"4,116",100% bearish,of 1 rating,$6.625
INTL,$26.02,1440515825958,"19,670",67% bearish,of 3 ratings,N/A
INTLL,$25.5,1440515825984,"1,100",Not yet rated,NULL,N/A
XENT,$25.26,1440515826037,"60,869",50% bullish,of 2 ratings,$36.50
ITCI,$26.1,1440515826140,"206,067",75% bearish,of 4 ratings,$40
IIN,$6.0001,1440515826272,524,100% bearish,of 1 rating,$12
INTU,$85.54,1440515826304,"504,224",86% bullish,of 7 ratings,$107.50
ISRG,$508.2674,1440515826476,"69,302",67% bullish,of 3 ratings,$600
INVT,$0.2783,1440515826547,"20,850",67% bullish,of 3 ratings,N/A
SNAK,$8.35,1440515826575,"43,542",50% bullish,of 2 ratings,$14
ISTR,$15.75,1440515826601,402,100% bearish,of 1 rating,$18.50
ITIC,$71.5,1440515826630,100,100% bearish,of 2 ratings,N/A
ISBC,$11.5601,1440515826762,"526,659",100% bullish,of 1 rating,$13.25
NVIV,$10.04,1440515826835,"115,428",50% bullish,of 4 ratings,$24.50
IVTY,$12.1499,1440515826978,"1,629",Not yet rated,NULL,$18
DFVL,NULL,1440515827135,0,Not yet rated,NULL,N/A
IPAS,$1.0321,1440515827163,"5,800",67% bullish,of 3 ratings,N/A
DTUL,NULL,1440515827191,0,Not yet rated,NULL,N/A
IPCM,$79.2,1440515827296,"346,954",50% bullish,of 2 ratings,$80.125
IRMD,$24.565,1440515827325,"7,680",67% bearish,of 3 ratings,$25
IRIX,$6.8399,1440515827400,"2,300",100% bearish,of 1 rating,N/A
IPGP,$83.73,1440515827427,"54,476",100% bearish,of 2 ratings,$109.50
IRDM,$6.77,1440515827577,"192,673",60% bullish,of 5 ratings,$11.50
IRDMB,$274.21,1440515827605,"1,134",67% bearish,of 3 ratings,N/A
IRBT,$28.6524,1440515827743,"51,771",67% bullish,of 6 ratings,$37
IRCP,$26,1440515827819,300,100% bullish,of 2 ratings,N/A
IRWD,$10.98,1440515827846,"192,576",100% bearish,of 1 rating,$13
FCHI,NULL,1440515827979,0,NULL,NULL,NULL
GNMA,$50.2081,1440515828038,"1,423",Not yet rated,NULL,N/A
IFAS,NULL,1440515828060,0,NULL,NULL,NULL
COMT,$31.6,1440515828109,"7,055",100% bearish,of 1 rating,N/A
IFEU,$38.39,1440515828275,"9,274",Not yet rated,NULL,N/A
IFNA,NULL,1440515828300,0,NULL,NULL,NULL
IFGL,$28.59,1440515828329,"18,177",Not yet rated,NULL,N/A
ACWX,$40.5319,1440515828357,"326,723",100% bearish,of 1 rating,N/A
AAXJ,$52.75,1440515828492,"634,341",Not yet rated,NULL,N/A
ACWI,$55.28,1440515828551,"1,674,208",Not yet rated,NULL,N/A
AAIT,NULL,1440515828574,0,NULL,NULL,NULL
AXJS,NULL,1440515828596,0,NULL,NULL,NULL
EMDI,NULL,1440515828862,0,NULL,NULL,NULL
EGRW,NULL,1440515828886,0,NULL,NULL,NULL
EEMA,$49.46,1440515828907,"6,672",Not yet rated,NULL,N/A
EEME,NULL,1440515828944,0,NULL,NULL,NULL
EVAL,NULL,1440515829040,0,NULL,NULL,NULL
EEML,$26.74,1440515829066,"1,000",Not yet rated,NULL,N/A
EMEY,NULL,1440515829092,0,NULL,NULL,NULL
EUFN,$22.01,1440515829270,"42,942",100% bearish,of 1 rating,N/A
IEUS,$45.8399,1440515829346,"1,405",100% bearish,of 1 rating,N/A
UAE,$17.02,1440515829476,"2,844",Not yet rated,NULL,N/A
QAT,NULL,1440515829504,0,Not yet rated,NULL,N/A
SOXX,$79.21,1440515829530,"106,132",50% bullish,of 2 ratings,N/A
EMIF,$28.07,1440515829607,"1,341",Not yet rated,NULL,N/A
IBB,$338.55,1440515829667,"579,974",63% bullish,of 8 ratings,N/A
ICLN,$9.3301,1440515829738,"13,596",50% bullish,of 2 ratings,N/A
WOOD,$47.5101,1440515829893,"118,057",50% bullish,of 2 ratings,N/A
ISHG,$80.66,1440515829977,"5,430",100% bearish,of 1 rating,N/A
IGOV,$92.1401,1440515830029,"20,025",100% bearish,of 1 rating,N/A
INDY,$27.43,1440515830060,"117,298",50% bullish,of 2 ratings,N/A
ISIS,$47.3001,1440515830134,"367,994",53% bullish,of 15 ratings,$67
ISLE,$16.6102,1440515830162,"80,418",50% bullish,of 4 ratings,$16
ISRL,$125,1440515830315,200,100% bearish,of 1 rating,N/A
ITRN,$23.8539,1440515830398,990,50% bullish,of 2 ratings,N/A
ITRI,$30.7101,1440515830446,"40,090",Not yet rated,NULL,$37
XXIA,$15.01,1440515830615,"60,336",71% bullish,of 7 ratings,$14.625
ITUS,$4,1440515830644,101,Not yet rated,NULL,N/A
IXYS,$10.2974,1440515830665,"33,522",50% bullish,of 4 ratings,N/A
JJSF,$111.16,1440515830703,"6,544",100% bearish,of 1 rating,N/A
MAYS,NULL,1440515830801,0,Not yet rated,NULL,N/A
JBHT,$75.075,1440515830936,"174,316",50% bullish,of 4 ratings,$89.50
JCOM,$67.91,1440515831082,"57,053",100% bullish,of 2 ratings,$77
JASO,$7.085,1440515831130,"274,330",82% bullish,of 17 ratings,$10
JACK,$80.11,1440515831310,"164,525",83% bullish,of 6 ratings,$105
JKHY,$67.24,1440515831340,"62,674",50% bullish,of 2 ratings,$72
JXSB,$23.72,1440515831361,200,Not yet rated,NULL,N/A
JAXB,$13.33,1440515831489,100,100% bullish,of 1 rating,N/A
JAGX,$2.59,1440515831520,600,Not yet rated,NULL,N/A
JAKK,$9.4,1440515831622,"61,309",60% bearish,of 5 ratings,$11
JMBA,$12.93,1440515831709,"19,301",75% bullish,of 4 ratings,$18
ERW,NULL,1440515831764,0,Not yet rated,NULL,N/A
JRVR,$26.44,1440515831816,"5,208",Not yet rated,NULL,$32
JASN,$4.77,1440515831902,"6,900",50% bullish,of 2 ratings,$9.50
JASNW,NULL,1440515832003,0,50% bullish,of 2 ratings,N/A
JAZZ,$166.36,1440515832102,"97,935",80% bullish,of 15 ratings,$206.50
JD,$25.98,1440515832174,"3,068,004",75% bullish,of 16 ratings,$36
JBLU,$22.4201,1440515832235,"2,246,706",94% bullish,of 18 ratings,$27
JCTCF,NULL,1440515832306,0,100% bullish,of 1 rating,N/A
JTPY,$2.96,1440515832383,456,100% bearish,of 1 rating,N/A
JST,$3.7675,1440515832477,"5,586",75% bullish,of 4 ratings,N/A
DATE,$5.66,1440515832530,"219,971",75% bullish,of 4 ratings,$9
WYIGU,$10,1440515832641,"2,500",Not yet rated,NULL,N/A
JIVE,$4.185,1440515832689,"87,767",75% bullish,of 4 ratings,$5
JOEZ,$0.1791,1440515832772,"104,390",92% bullish,of 12 ratings,N/A
JBSS,$51.02,1440515832800,"8,203",67% bearish,of 3 ratings,N/A
JOUT,$22,1440515832944,"8,789",100% bearish,of 1 rating,$34
JNP,$9.62,1440515832991,"5,370",100% bullish,of 3 ratings,$15
KTWO,$21.27,1440515833160,"50,216",100% bearish,of 1 rating,$28.50
KALU,$80.19,1440515833249,"31,700",67% bearish,of 3 ratings,$91
KBIO,$1.813,1440515833288,"3,466",50% bullish,of 4 ratings,N/A
KMDA,$3.35,1440515833387,"1,800",50% bullish,of 2 ratings,$8
JUNO,$36.6001,1440515833530,"365,321",73% bullish,of 11 ratings,$71.50
KCLI,$46.51,1440515833609,"4,999",Not yet rated,NULL,N/A
KNDI,$6.235,1440515833686,"156,247",86% bullish,of 22 ratings,N/A
KBSF,NULL,1440515833711,0,100% bullish,of 1 rating,N/A
KPTI,$13.22,1440515833843,"122,941",67% bearish,of 3 ratings,$39
KCAP,$4.53,1440515833868,"76,739",75% bullish,of 4 ratings,$6
KRNY,$11.1,1440515834060,"141,761",100% bearish,of 1 rating,$12
KELYA,$13.81,1440515834090,"26,628",67% bullish,of 6 ratings,$20
KMPH,$18.71,1440515834192,"16,194",100% bearish,of 2 ratings,$22
KELYB,NULL,1440515834227,0,50% bullish,of 2 ratings,N/A
KERX,$5.695,1440515834395,"220,653",82% bullish,of 11 ratings,$12
GMCR,$52.105,1440515834421,"508,310",71% bullish,of 42 ratings,$64
KFFB,$8.6,1440515834449,"1,100",100% bearish,of 1 rating,N/A
KEQU,$16.7,1440515834480,"1,200",100% bullish,of 1 rating,N/A
KTEC,NULL,1440515834584,0,Not yet rated,NULL,N/A
