Symbol,Price,Date,Volume,Rating,RatingVoteCount,OneYearEstimate
TFSCU,$10.23,1441290002482,"2,000",Not yet rated,NULL,N/A
FCTY,$7.98,1441290002512,100,100% bullish,of 1 rating,$8.50
FCCY,NULL,1441290002537,0,100% bullish,of 1 rating,$13
TFSCW,NULL,1441290002558,0,100% bearish,of 1 rating,N/A
TFSC,NULL,1441290002594,0,100% bearish,of 1 rating,N/A
TFSCR,NULL,1441290002641,0,Not yet rated,NULL,N/A
PIH,$7.31,1441290002690,100,100% bearish,of 1 rating,N/A
FLWS,$8.53,1441290002865,"32,935",80% bullish,of 5 ratings,$15
VNET,$17.21,1441290002946,"72,299",60% bullish,of 5 ratings,$35
SRCE,$30.55,1441290002981,"1,500",100% bullish,of 3 ratings,$33
TWOU,$35.15,1441290003002,"24,854",50% bullish,of 2 ratings,$39
DSLV,$65.765,1441290003042,"5,502",100% bearish,of 1 rating,N/A
DGLD,$82.7099,1441290003073,"1,942",100% bullish,of 1 rating,N/A
USLV,$13.2499,1441290003136,"72,315",86% bullish,of 7 ratings,N/A
JOBS,$26.33,1441290003367,"11,035",50% bullish,of 4 ratings,$36
UGLD,$9.1401,1441290003392,"68,866",100% bearish,of 1 rating,N/A
SHLM,$33.1,1441290003567,"12,417",100% bearish,of 1 rating,$47
EGHT,$7.85,1441290003621,"26,570",82% bullish,of 17 ratings,$11
CAFD,$15.075,1441290003642,"99,769",Not yet rated,NULL,$24.50
AVHI,$13.89,1441290003663,"8,714",100% bearish,of 1 rating,$19
SIXD,$2.67,1441290003696,"16,948",Not yet rated,NULL,N/A
ABAX,$47.272,1441290003718,"5,050",100% bearish,of 1 rating,$60
AAON,$20.23,1441290003899,"2,926",100% bearish,of 1 rating,$24
ABY,$22.78,1441290003926,"38,974",100% bearish,of 2 ratings,$46
ABEO,$4.81,1441290003965,"5,110",50% bullish,of 4 ratings,$15.50
ABGB,$4.96,1441290003991,"19,462",67% bullish,of 3 ratings,$5.50
ABMD,$96.835,1441290004062,"64,372",75% bullish,of 4 ratings,$100.50
ABEOW,$1.7747,1441290004091,"6,440",100% bullish,of 1 rating,N/A
AXAS,$1.755,1441290004194,"168,654",78% bullish,of 9 ratings,$3.50
ACHC,$73.92,1441290004338,"30,396",50% bullish,of 2 ratings,$92
ACAD,$42.21,1441290004439,"820,191",80% bullish,of 20 ratings,$48
ACTG,$9.185,1441290004463,"43,874",67% bullish,of 3 ratings,$18.50
ACST,$0.33,1441290004493,"23,924",100% bullish,of 2 ratings,N/A
ANCX,$19.71,1441290004598,"1,352",Not yet rated,NULL,$20
XLRN,$28.892,1441290004629,"15,641",50% bullish,of 2 ratings,$57
VXDN,$1.947,1441290004656,"42,416",100% bearish,of 1 rating,N/A
ARAY,$6.625,1441290004681,"69,505",100% bearish,of 1 rating,$10.50
AXDX,$19.14,1441290004854,"3,464",100% bearish,of 1 rating,N/A
VXUP,$1.5,1441290004903,"10,913",100% bearish,of 1 rating,N/A
ACET,$21.87,1441290004951,"4,312",75% bullish,of 4 ratings,$30
ACRX,$4.44,1441290004976,"28,485",67% bearish,of 6 ratings,$7
AKAO,$7.05,1441290005187,"5,180",75% bullish,of 4 ratings,$15
ACHN,$7.65,1441290005219,"457,451",90% bullish,of 21 ratings,$16
ACIW,$21.34,1441290005241,"16,718",67% bearish,of 3 ratings,$24
ACNB,NULL,1441290005322,0,Not yet rated,NULL,N/A
ACPW,$1.95,1441290005370,"5,182",100% bullish,of 4 ratings,$3.25
ACOR,$32.85,1441290005395,"59,258",67% bearish,of 3 ratings,$38.50
ACTS,$1.6,1441290005457,"1,800",100% bearish,of 1 rating,N/A
ATVI,$28.79,1441290005483,"1,192,181",67% bullish,of 84 ratings,$31.50
ACUR,$2.85,1441290005636,"3,983",100% bullish,of 5 ratings,$5
ACXM,$20.79,1441290005788,"18,435",67% bullish,of 3 ratings,N/A
ADMS,$19.72,1441290005839,"15,215",100% bearish,of 2 ratings,$36
ADMP,$3.581,1441290005920,"10,754",50% bullish,of 2 ratings,$10
ACTA,$13.93,1441290005968,"9,736",67% bearish,of 3 ratings,$25
ADEP,$7,1441290005995,"18,028",50% bullish,of 2 ratings,$10.75
ADAP,$11.3493,1441290006062,"1,262",67% bullish,of 3 ratings,$22
AEY,$2.39,1441290006146,"1,332",100% bearish,of 2 ratings,N/A
ADUS,$29.418,1441290006212,"6,332",100% bearish,of 1 rating,$31
ADTN,$15.77,1441290006392,"16,433",67% bullish,of 3 ratings,$17.125
ADBE,$79.08,1441290006428,"416,183",65% bullish,of 17 ratings,$90
ADMA,$9.0672,1441290006571,851,Not yet rated,NULL,$19
ADRO,$19.27,1441290006608,"1,879",80% bullish,of 5 ratings,$45.50
AMD,$1.8,1441290006629,"693,931",83% bullish,of 103 ratings,$2
AEIS,$24.66,1441290006707,"11,789",50% bullish,of 2 ratings,$32.50
ADXS,$13.9,1441290006733,"81,628",64% bullish,of 14 ratings,$27
YPRO,NULL,1441290006919,0,100% bearish,of 1 rating,N/A
ADXSW,$9.65,1441290006950,"1,650",100% bullish,of 1 rating,N/A
MULT,NULL,1441290006979,0,100% bearish,of 1 rating,N/A
AEGR,$17.901,1441290007006,"22,382",50% bullish,of 6 ratings,$26
AEGN,$18.299,1441290007049,"8,629",100% bearish,of 2 ratings,$21
AMTX,$2.7,1441290007183,"2,490",50% bullish,of 2 ratings,$26.11
AERI,$15.85,1441290007411,"40,652",75% bullish,of 4 ratings,$31.50
AEZS,$0.0883,1441290007438,"3,204,017",90% bullish,of 21 ratings,$1.50
AEHR,$2.2499,1441290007459,490,50% bullish,of 2 ratings,N/A
AEPI,$55.46,1441290007491,"1,658",100% bearish,of 1 rating,N/A
AVAV,$21,1441290007518,"44,459",50% bullish,of 4 ratings,$30
AEMD,$7.6,1441290007602,"6,408",Not yet rated,NULL,$27.50
AFMD,$10.13,1441290007651,"10,316",50% bullish,of 4 ratings,$15
AFFX,$9.11,1441290007742,"41,830",80% bullish,of 5 ratings,$12.50
AGRX,$8.43,1441290007768,"6,048",100% bearish,of 1 rating,$17.50
AGEN,$7.1,1441290007830,"89,553",85% bullish,of 13 ratings,$14
AGIO,$86.75,1441290007855,"38,793",88% bullish,of 8 ratings,$114
AGYS,$9.79,1441290007987,"1,831",100% bearish,of 1 rating,N/A
AGFS,$9.78,1441290008035,"2,097",100% bearish,of 1 rating,N/A
AGFSW,NULL,1441290008174,0,100% bearish,of 2 ratings,N/A
AIMT,$22.3,1441290008253,"15,423",Not yet rated,NULL,$35.50
AIRM,$36.2,1441290008279,"11,700",80% bearish,of 5 ratings,$53
AIRT,NULL,1441290008359,0,100% bullish,of 1 rating,N/A
ATSG,$8.88,1441290008429,"8,516",67% bullish,of 3 ratings,$13
AMCN,$4.52,1441290008563,"10,511",83% bullish,of 6 ratings,N/A
AIXG,$6.48,1441290008594,"1,572",67% bearish,of 3 ratings,$5.25
AKAM,$73.62,1441290008627,"248,096",63% bullish,of 8 ratings,$77.50
AKBA,$7.5,1441290008690,"12,052",100% bearish,of 1 rating,$18
AKRX,$39.1042,1441290008722,"41,710",78% bullish,of 9 ratings,$56
AKER,$2.8299,1441290008752,"3,000",Not yet rated,NULL,N/A
ALRM,$16.005,1441290008794,"5,863",100% bearish,of 1 rating,$22
ALSK,$2.21,1441290008993,"12,834",78% bullish,of 18 ratings,$2
AMRI,$20.6,1441290009021,"26,422",75% bearish,of 4 ratings,$24
ABDC,$13.09,1441290009100,"8,301",Not yet rated,NULL,$15
ADHD,$7.9,1441290009151,"11,785",50% bullish,of 4 ratings,$18
ALDR,$40.99,1441290009253,"48,865",67% bearish,of 3 ratings,$62
ALXN,$177.69,1441290009316,"113,486",88% bullish,of 8 ratings,$223.50
ALDX,$7.0501,1441290009356,"1,101",100% bearish,of 1 rating,$14.50
ALCO,$42.04,1441290009594,355,50% bullish,of 2 ratings,N/A
ALGN,$55.21,1441290009728,"222,840",100% bearish,of 2 ratings,$73
ALIM,$3.17,1441290010194,752,80% bullish,of 5 ratings,$10
AIQ,$14.05,1441290010224,906,67% bullish,of 3 ratings,N/A
ALGT,$205.78,1441290010253,"5,828",100% bearish,of 2 ratings,$235
ALLB,$22.97,1441290010278,201,Not yet rated,NULL,N/A
ALXA,$1.22,1441290010303,"2,116",83% bullish,of 6 ratings,$2.125
AFOP,$18.98,1441290010330,"19,096",75% bullish,of 8 ratings,$21
ALKS,$63.65,1441290010471,"76,311",67% bullish,of 3 ratings,$75
AHPI,$1.5,1441290010877,625,50% bullish,of 2 ratings,N/A
ARLP,$25.25,1441290010905,"18,332",67% bearish,of 3 ratings,$32
AHGP,$35.83,1441290010936,"2,187",67% bullish,of 3 ratings,N/A
ALQA,$4.64,1441290010967,"6,406",75% bullish,of 4 ratings,$8.50
AMOT,$18,1441290011035,"29,993",100% bearish,of 1 rating,N/A
AFAM,$45.63,1441290011284,"1,879",50% bullish,of 2 ratings,$44
MDRX,$13.09,1441290011348,"1,010,536",60% bullish,of 5 ratings,$16
ALLT,$5.14,1441290011378,"4,850",75% bullish,of 4 ratings,$6.25
ALNY,$101.44,1441290011411,"55,835",67% bullish,of 3 ratings,$151.50
AOSL,$8,1441290011432,"3,078",67% bullish,of 3 ratings,$9
ATEC,$0.5958,1441290011464,"1,427",100% bullish,of 1 rating,$2
SMCP,NULL,1441290011492,0,Not yet rated,NULL,N/A
ALTR,$49.15,1441290011521,"186,039",80% bearish,of 5 ratings,$54
AIMC,$23.5939,1441290011922,"24,394",100% bearish,of 2 ratings,$28.50
AMAG,$62.95,1441290011954,"78,826",100% bullish,of 2 ratings,$75
ASPS,$26.81,1441290011975,"12,526",67% bullish,of 3 ratings,$46.50
AMRN,$2.29,1441290012053,"120,352",85% bullish,of 40 ratings,$8
AYA,$20.49,1441290012105,358,100% bearish,of 1 rating,$40
AMRK,$10.3,1441290012131,200,50% bullish,of 2 ratings,$14
AMBC,$16.696,1441290012152,"23,498",100% bearish,of 1 rating,$16.50
AMZN,$511.01,1441290012182,"426,373",81% bullish,of 267 ratings,$646
AMBCW,NULL,1441290012358,0,100% bearish,of 1 rating,N/A
AMBA,$78.8937,1441290012385,"606,477",83% bullish,of 12 ratings,$95
EPAX,$2.68,1441290012428,"26,376",100% bearish,of 1 rating,N/A
DOX,$56.68,1441290012457,"75,099",67% bearish,of 3 ratings,$60
AMDA,$0.4799,1441290012529,"66,755",90% bullish,of 10 ratings,$1
AMCX,$71.175,1441290012560,"48,341",67% bullish,of 3 ratings,$87.50
AMED,$40.72,1441290012664,"17,349",100% bearish,of 1 rating,$42
UHAL,$372.6496,1441290012713,828,100% bullish,of 2 ratings,$393.50
ASBI,$22.81,1441290012934,"2,979",Not yet rated,NULL,N/A
AMOV,NULL,1441290012960,0,100% bearish,of 1 rating,N/A
ATAX,$5.3256,1441290012988,"8,099",100% bullish,of 1 rating,$6.50
AAL,$41.33,1441290013009,"1,226,624",93% bullish,of 88 ratings,$57
AGNC,$19.23,1441290013041,"209,138",71% bullish,of 28 ratings,$22
AGNCP,$25.3091,1441290013183,"3,107",Not yet rated,NULL,N/A
MTGE,$15.285,1441290013209,"41,306",75% bullish,of 4 ratings,$19.50
AGNCB,$24.23,1441290013230,500,Not yet rated,NULL,N/A
MTGEP,NULL,1441290013366,0,Not yet rated,NULL,N/A
ACSF,$12.432,1441290013475,"2,175",100% bearish,of 1 rating,$15
ACAS,$13.74,1441290013543,"123,272",60% bullish,of 5 ratings,$16.75
ANCI,$1.55,1441290013568,1,100% bearish,of 1 rating,N/A
AETI,$3.72,1441290013604,620,67% bearish,of 3 ratings,N/A
ANAT,$98.74,1441290013810,197,100% bullish,of 1 rating,N/A
AMNB,$23.36,1441290013842,245,Not yet rated,NULL,$25.50
APEI,$21.515,1441290013910,"13,131",100% bearish,of 1 rating,$25.50
ASEI,$39.14,1441290013938,"2,423",100% bearish,of 1 rating,$52.50
ARII,$40.866,1441290013984,"10,650",67% bearish,of 3 ratings,$45
AMRB,NULL,1441290014012,0,Not yet rated,NULL,$11
AMIC,NULL,1441290014035,0,100% bearish,of 1 rating,N/A
AMSWA,$9.01,1441290014093,"1,182",100% bearish,of 2 ratings,$10.75
AMSC,$4.93,1441290014290,100,50% bullish,of 4 ratings,N/A
AMWD,$66.57,1441290014346,"6,520",50% bullish,of 2 ratings,$70
CRMT,$35.66,1441290014447,"18,543",100% bearish,of 1 rating,$38
AMSF,$46.7,1441290014479,"1,886",Not yet rated,NULL,$57.50
ABCB,$27.07,1441290014550,"6,938",Not yet rated,NULL,$31
AMGN,$152.065,1441290014575,"282,775",89% bullish,of 19 ratings,$185
ASRV,$3.22,1441290014600,1,100% bullish,of 2 ratings,N/A
ASRVP,NULL,1441290014642,0,Not yet rated,NULL,N/A
FOLD,$15.19,1441290014732,"202,167",56% bullish,of 9 ratings,$21
ATLO,$23.87,1441290014860,200,Not yet rated,NULL,N/A
AMSG,$78.445,1441290014894,"23,756",100% bearish,of 1 rating,$85.50
AMPH,$13.49,1441290014925,"7,922",50% bullish,of 2 ratings,$20
ASYS,$5.51,1441290014994,"4,842",67% bullish,of 3 ratings,$12
AMSGP,NULL,1441290015021,0,Not yet rated,NULL,N/A
AMKR,$5.31,1441290015177,"109,994",100% bearish,of 2 ratings,$5
AFSI,$57.7899,1441290015281,"27,550",60% bullish,of 5 ratings,$72
ANAC,$134.45,1441290015418,"63,215",80% bullish,of 5 ratings,$180.50
AMRS,$1.69,1441290015451,"1,900",70% bullish,of 10 ratings,N/A
ADI,$55.38,1441290015472,"201,500",75% bullish,of 4 ratings,$69
ANAD,$0.3223,1441290015493,"32,020",100% bullish,of 2 ratings,$.50
ANCB,$21.64,1441290015548,100,Not yet rated,NULL,$23
AMCF,NULL,1441290015627,0,NULL,NULL,NULL
ALOG,$81.2,1441290015655,"2,400",100% bearish,of 2 ratings,$100.50
ABCW,$40.58,1441290015676,38,67% bullish,of 3 ratings,N/A
ANGO,$14.73,1441290015841,"13,255",67% bullish,of 3 ratings,$19
ANIP,$53.57,1441290015866,"41,142",89% bullish,of 19 ratings,$66
ANGI,$5.19,1441290016015,"14,027",64% bullish,of 11 ratings,$5.50
ANIK,$35.55,1441290016073,"7,711",60% bullish,of 5 ratings,$51.25
ANTH,$7.37,1441290016272,"104,735",80% bullish,of 10 ratings,$13
ABAC,$0.82,1441290016298,"9,018",100% bearish,of 1 rating,N/A
ATRS,$1.85,1441290016319,"39,675",92% bullish,of 12 ratings,$4.50
ANSS,$89.53,1441290016352,"35,386",100% bearish,of 1 rating,$100
APIC,$6.62,1441290016373,"8,861",100% bearish,of 1 rating,$19
ATNY,$2.4,1441290016404,466,50% bullish,of 2 ratings,$3.75
APOL,$10.95,1441290016576,"65,610",87% bearish,of 68 ratings,$14
APOG,$52.34,1441290016604,"19,455",50% bullish,of 2 ratings,$67
AAPL,$112.1599,1441290016758,"6,555,180",86% bullish,of 2363 ratings,$150
ARCI,NULL,1441290016801,0,Not yet rated,NULL,N/A
AINV,$6.45,1441290016830,"103,602",50% bullish,of 4 ratings,$8
APPF,$15.8,1441290016894,"2,419",50% bullish,of 2 ratings,$22
APDN,$3.435,1441290016934,"3,368",Not yet rated,NULL,$9
AMAT,$16.08,1441290017037,"905,183",82% bullish,of 11 ratings,$23
APDNW,NULL,1441290017120,0,Not yet rated,NULL,N/A
AMCC,$5.775,1441290017150,"35,022",80% bullish,of 5 ratings,$8
AGTC,$16.33,1441290017202,"3,887",50% bullish,of 2 ratings,$33
AAOI,$20.55,1441290017229,"14,425",50% bullish,of 4 ratings,$26
AREX,$2.5711,1441290017369,"110,676",50% bullish,of 2 ratings,$3
APRI,$1.6201,1441290017405,"118,271",83% bullish,of 6 ratings,$4.86
APTO,$5.33,1441290017430,14,Not yet rated,NULL,$17
AQMS,$5.09,1441290017465,"6,355",Not yet rated,NULL,N/A
AQXP,$16.511,1441290017684,"32,198",50% bullish,of 2 ratings,$2
AUMA,NULL,1441290017765,0,Not yet rated,NULL,N/A
ARDM,NULL,1441290017834,0,100% bullish,of 1 rating,$26
AUMAW,NULL,1441290017860,0,Not yet rated,NULL,N/A
AUMAU,NULL,1441290017880,0,Not yet rated,NULL,N/A
ABUS,$7,1441290017914,"72,228",86% bullish,of 14 ratings,$21.50
PETX,$18.58,1441290017935,"16,108",100% bearish,of 2 ratings,$26
ARCW,$3.48,1441290017956,"2,567",100% bearish,of 2 ratings,$10.50
ABIO,$0.9,1441290018156,"6,254",50% bullish,of 2 ratings,$3.75
RKDA,$6.1,1441290018258,600,100% bearish,of 2 ratings,$10
ARCB,$28.22,1441290018283,"18,431",67% bearish,of 3 ratings,$39.50
ACGL,$68.83,1441290018470,"17,172",50% bullish,of 2 ratings,$72
ACAT,$26.38,1441290018513,"9,434",100% bearish,of 3 ratings,$33
ARDX,$19.44,1441290018538,"41,242",50% bullish,of 2 ratings,$24.50
ARNA,$2.79,1441290018598,"376,387",90% bullish,of 78 ratings,$5.50
AGIIL,$25.11,1441290018681,95,Not yet rated,NULL,N/A
ARCC,$15.53,1441290018707,"124,748",67% bearish,of 3 ratings,$17.75
ARGS,$6.27,1441290018837,"18,096",50% bullish,of 2 ratings,$19.50
AGII,$55.27,1441290018867,"10,021",Not yet rated,NULL,$59.50
ARMH,$43.29,1441290018904,"206,430",54% bearish,of 13 ratings,$60
ARIA,$8.11,1441290018925,"1,087,281",87% bullish,of 46 ratings,$9
ARIS,$3.75,1441290018946,44,Not yet rated,NULL,$4.50
ARKR,$25.057,1441290018999,111,50% bullish,of 2 ratings,N/A
ARTX,$1.4201,1441290019195,"9,693",88% bullish,of 16 ratings,$4.50
ARWA,NULL,1441290019263,0,Not yet rated,NULL,N/A
ARWAU,NULL,1441290019364,0,100% bullish,of 1 rating,N/A
ARWAR,NULL,1441290019456,0,Not yet rated,NULL,N/A
DWAT,NULL,1441290019517,0,100% bearish,of 1 rating,N/A
ARRS,$26.28,1441290019545,"148,209",50% bullish,of 2 ratings,$38
ARWAW,NULL,1441290019588,0,Not yet rated,NULL,N/A
ARRY,$5.94,1441290019615,"147,205",100% bullish,of 7 ratings,$10
ARQL,$1.69,1441290019636,"2,300",75% bullish,of 4 ratings,$5
AROW,$27.19,1441290019691,200,Not yet rated,NULL,N/A
ARWR,$5.71,1441290019819,"183,832",75% bullish,of 4 ratings,$10.50
ARTNA,$21.8501,1441290019910,"1,584",100% bearish,of 1 rating,$29
ARTW,$4.11,1441290019938,"2,365",75% bearish,of 4 ratings,N/A
ASBB,$24,1441290019963,125,Not yet rated,NULL,N/A
ASNA,$12.21,1441290019995,"142,714",50% bullish,of 2 ratings,$18
ASND,$20.1,1441290020094,"2,857",50% bullish,of 2 ratings,$30
ASMI,NULL,1441290020252,0,NULL,NULL,NULL
ASCMA,$27.5,1441290020280,"2,196",100% bearish,of 1 rating,$45
APWC,NULL,1441290020348,0,100% bearish,of 1 rating,N/A
ASTI,$0.2671,1441290020419,"2,576,059",83% bullish,of 6 ratings,$3
AZPN,$38.56,1441290020452,"31,403",50% bullish,of 2 ratings,$42
ASML,$93.62,1441290020473,"129,101",50% bullish,of 4 ratings,$127
ASMB,$14.63,1441290020526,"3,501",67% bullish,of 3 ratings,N/A
ASFI,$8.86,1441290020551,"1,568",100% bullish,of 1 rating,N/A
ALOT,$13.98,1441290020779,"1,508",100% bearish,of 1 rating,N/A
ASTE,$38.335,1441290020851,"7,585",100% bearish,of 1 rating,$49
ATRO,$50.975,1441290020936,"12,995",100% bearish,of 2 ratings,$80
ASUR,$5.4,1441290020963,"4,801",50% bullish,of 2 ratings,$8
ATAI,$2.4599,1441290020984,400,100% bearish,of 1 rating,N/A
AFCB,$27.15,1441290021200,1,Not yet rated,NULL,N/A
ASTC,$2.15,1441290021226,460,100% bullish,of 5 ratings,N/A
ATHX,$1.1377,1441290021252,"59,236",89% bullish,of 9 ratings,$5
ATHN,$132.56,1441290021285,"13,644",67% bearish,of 3 ratings,$153
ATRA,$43.17,1441290021306,"8,631",50% bullish,of 2 ratings,$68
ACFC,$5.4301,1441290021596,"1,941",100% bearish,of 1 rating,$6.50
AAPC,$10.1,1441290021626,8,Not yet rated,NULL,N/A
AAME,$3.6,1441290021648,1,Not yet rated,NULL,N/A
ATNI,$73.8,1441290021738,817,100% bearish,of 1 rating,$69.50
ATLC,$3.945,1441290021778,"1,254",67% bullish,of 3 ratings,N/A
AAWW,$39.08,1441290021802,"20,258",50% bullish,of 2 ratings,$65
ATML,$8.05,1441290022036,"339,891",78% bullish,of 9 ratings,$9.50
ATOS,$0.805,1441290022108,"5,904",100% bullish,of 7 ratings,$7
AFH,$16.35,1441290022140,"10,697",Not yet rated,NULL,$21.50
ATRC,$24.32,1441290022170,"5,287",100% bullish,of 1 rating,$30
ATTU,$13.09,1441290022209,"1,803",100% bearish,of 1 rating,$20.50
LIFE,$14.33,1441290022242,"8,938",86% bullish,of 7 ratings,$43
ATRI,$383,1441290022302,"2,137",Not yet rated,NULL,N/A
ATRM,$2.77,1441290022338,107,50% bullish,of 2 ratings,N/A
AUBN,$26.47,1441290022541,100,Not yet rated,NULL,N/A
AUDC,$3.33,1441290022566,"8,034",80% bullish,of 5 ratings,$5
ADAT,$0.2595,1441290022790,"61,130",100% bullish,of 2 ratings,N/A
AUPH,$3.4772,1441290022819,"3,404",100% bearish,of 1 rating,$8
EARS,$4.54,1441290022853,"1,622",100% bearish,of 2 ratings,$11
ADP,$77.78,1441290022926,"184,418",100% bearish,of 1 rating,$88
ABTL,$18.17,1441290022951,"6,339",100% bullish,of 4 ratings,$20.25
AAVL,$10.51,1441290022978,"12,735",100% bearish,of 1 rating,$20
ADSK,$45.94,1441290023007,"440,759",67% bullish,of 6 ratings,$66
AVGO,$125.51,1441290023168,"283,876",88% bullish,of 8 ratings,$165
AVNU,$12.91,1441290023213,626,Not yet rated,NULL,$14
AVNW,$1.22,1441290023238,"1,346",50% bullish,of 2 ratings,N/A
AVID,$8.29,1441290023266,"29,987",100% bearish,of 1 rating,$20
AVEO,$1.3799,1441290023455,"50,766",75% bullish,of 8 ratings,$3
AVGR,$14.85,1441290023523,"1,206",100% bearish,of 1 rating,$20
CAR,$44.395,1441290023683,"241,378",80% bullish,of 5 ratings,$60
AWRE,$3.21,1441290023815,450,67% bullish,of 3 ratings,N/A
ACLS,$3.21,1441290023841,"37,868",67% bullish,of 6 ratings,$4.75
AXPW,$2.1644,1441290023873,"646,531",86% bullish,of 7 ratings,N/A
AXPWW,NULL,1441290023894,0,Not yet rated,NULL,N/A
BCOM,$19.31,1441290023970,610,100% bearish,of 1 rating,N/A
AXGN,$4.8,1441290024030,"55,699",Not yet rated,NULL,$5
AXTI,$2.105,1441290024102,"2,800",50% bullish,of 2 ratings,$2.75
RILY,NULL,1441290024311,0,Not yet rated,NULL,N/A
BOSC,NULL,1441290024376,0,50% bullish,of 2 ratings,N/A
BIDU,$148.0828,1441290024403,"193,918",81% bullish,of 88 ratings,$210
BEAV,$49.46,1441290024475,"24,195",67% bearish,of 3 ratings,$59
BCPC,$58.56,1441290024535,"7,352",100% bearish,of 1 rating,$75
BWINA,NULL,1441290024560,0,Not yet rated,NULL,N/A
BWINB,$22.59,1441290024691,"1,447",Not yet rated,NULL,N/A
BANF,$60.48,1441290024832,"2,137",Not yet rated,NULL,$68
BKMU,$7.05,1441290024858,"1,614",Not yet rated,NULL,$8
BLDP,$1.36,1441290024902,"115,635",91% bullish,of 22 ratings,$2.50
BANFP,NULL,1441290024930,0,Not yet rated,NULL,N/A
BOCH,$5.78,1441290024999,"1,298",Not yet rated,NULL,$6.50
BMRC,$48.09,1441290025062,485,Not yet rated,NULL,$52
BKSC,$16.55,1441290025521,"2,619",Not yet rated,NULL,N/A
BOTJ,NULL,1441290025627,0,Not yet rated,NULL,N/A
OZRK,$40.81,1441290025760,"33,335",67% bullish,of 3 ratings,$49.50
BFIN,$12.18,1441290026324,293,Not yet rated,NULL,$13
BWFG,$18.11,1441290026395,1,100% bearish,of 1 rating,N/A
BZUN,$4.95,1441290026455,"6,021",50% bullish,of 2 ratings,$11.50
TAPR,$33.25,1441290026532,100,100% bearish,of 1 rating,N/A
BHAC,NULL,1441290026553,0,Not yet rated,NULL,N/A
BHACR,NULL,1441290026580,0,Not yet rated,NULL,N/A
BANR,$44.36,1441290026605,"5,855",100% bullish,of 3 ratings,$50
BHACU,NULL,1441290026630,0,Not yet rated,NULL,N/A
BHACW,NULL,1441290026777,0,Not yet rated,NULL,N/A
BSET,$29.17,1441290026826,"1,387",100% bearish,of 1 rating,$35
BYLK,$12.9963,1441290026964,"2,100",Not yet rated,NULL,$14
BYBK,NULL,1441290026995,0,100% bearish,of 1 rating,N/A
BV,$5.01,1441290027020,"50,364",67% bullish,of 6 ratings,$8.75
BBSI,$34.91,1441290027053,"3,230",67% bearish,of 3 ratings,$62.50
BCBP,NULL,1441290027082,0,Not yet rated,NULL,N/A
BBCN,$14.33,1441290027107,"17,769",100% bearish,of 1 rating,$16
BSF,$8.48,1441290027439,403,Not yet rated,NULL,N/A
BBGI,$4.23,1441290027465,1,100% bearish,of 1 rating,N/A
BECN,$36.393,1441290027534,"22,423",50% bullish,of 2 ratings,$40
BDCV,$4.95,1441290027592,"2,143",100% bearish,of 1 rating,$10.19
BBBY,$62.4612,1441290027619,"92,289",71% bullish,of 7 ratings,$75
BELFB,$18.6716,1441290027645,693,100% bearish,of 1 rating,N/A
BEBE,$1.255,1441290027691,"45,251",75% bullish,of 4 ratings,$2.125
BLCM,$16.5,1441290027858,"15,131",50% bullish,of 4 ratings,$40
BELFA,$15.38,1441290028087,7,100% bearish,of 1 rating,N/A
BLPH,$4.1285,1441290028268,"1,667",100% bearish,of 1 rating,$12.50
BNCL,$12.38,1441290028398,"17,616",100% bullish,of 3 ratings,$12.50
BNFT,$37.43,1441290028505,"10,724",67% bullish,of 3 ratings,$46
BNTC,$7.2696,1441290028534,"7,900",100% bullish,of 1 rating,N/A
BGMD,$0.6899,1441290028782,"11,443",100% bullish,of 10 ratings,N/A
BGCP,$8.98,1441290029442,"65,911",88% bullish,of 8 ratings,$14
BGFV,$11.3801,1441290029708,"6,397",57% bullish,of 7 ratings,$12
BIND,$4.98,1441290029733,"22,525",75% bullish,of 4 ratings,$13.50
ORPN,$5.8,1441290029922,610,100% bullish,of 1 rating,$28.50
BCRX,$11.71,1441290029947,"38,596",63% bullish,of 8 ratings,$18
BASI,$1.65,1441290029972,1,Not yet rated,NULL,N/A
BIOC,$2.0176,1441290029998,"29,405",83% bullish,of 6 ratings,$3.85
BCDA,NULL,1441290030028,0,Not yet rated,NULL,N/A
BIOD,$0.66,1441290030127,"28,199",80% bullish,of 5 ratings,$4
BIIB,$308.164,1441290030153,"216,592",88% bullish,of 16 ratings,$400
BDSI,$6.43,1441290030182,"153,268",88% bullish,of 8 ratings,$17
BLRX,$1.6299,1441290030366,"87,724",100% bullish,of 12 ratings,$5
BLFS,$2.3,1441290030414,"9,079",100% bearish,of 1 rating,$4.75
BVXV,$4.2153,1441290030444,"51,998",Not yet rated,NULL,N/A
BIOL,$1.523,1441290030464,289,Not yet rated,NULL,N/A
BMRN,$130,1441290030546,"47,835",80% bullish,of 5 ratings,$160
BVXVW,NULL,1441290030794,0,100% bearish,of 1 rating,N/A
BRLI,NULL,1441290030825,0,NULL,NULL,NULL
BSTC,$50.26,1441290030881,"4,854",100% bearish,of 1 rating,$76
BPTH,$1.1437,1441290030908,"3,240",100% bullish,of 2 ratings,$5
BBP,$32.9488,1441290030937,"1,893",Not yet rated,NULL,N/A
BIOS,$2.46,1441290030958,"122,694",71% bullish,of 7 ratings,$4
BSPM,NULL,1441290031088,0,50% bullish,of 2 ratings,N/A
BBC,$32.49,1441290031116,537,Not yet rated,NULL,N/A
BOTA,$2.16,1441290031218,"2,052",88% bullish,of 8 ratings,N/A
TECH,$93.36,1441290031290,"5,474",100% bullish,of 1 rating,$117
BEAT,$15.5706,1441290031316,"69,628",67% bearish,of 3 ratings,$15
BITI,$16.6,1441290031447,600,100% bullish,of 1 rating,$28
BDMS,NULL,1441290031675,0,100% bearish,of 1 rating,N/A
BBOX,$15.14,1441290031766,"1,848",100% bearish,of 1 rating,N/A
BDE,$7.53,1441290031802,"7,901",50% bullish,of 2 ratings,$9
BBRY,$7.56,1441290031831,"381,248",61% bullish,of 330 ratings,$9
BJRI,$44.34,1441290031852,"21,279",50% bullish,of 2 ratings,$55
BLKB,$56.68,1441290031882,"2,899",100% bearish,of 2 ratings,$66
BKCC,$9.51,1441290031908,"54,399",50% bullish,of 2 ratings,$10
HAWK,$39.89,1441290032015,"64,304",91% bullish,of 11 ratings,$49
ADRU,NULL,1441290032243,0,100% bearish,of 1 rating,N/A
ADRE,$29.4737,1441290032271,821,100% bearish,of 1 rating,N/A
ADRA,$26.86,1441290032301,150,100% bearish,of 1 rating,N/A
ADRD,$21.78,1441290032340,1,100% bearish,of 1 rating,N/A
BLMN,$20.8,1441290032366,"48,649",83% bullish,of 6 ratings,$27.50
BCOR,$13.44,1441290032400,"6,687",57% bullish,of 7 ratings,$15
BLBD,$11.875,1441290032569,350,Not yet rated,NULL,N/A
BBLU,$0.8611,1441290032714,"23,811",100% bullish,of 2 ratings,$4.43
BHBK,$14.07,1441290032766,"2,366",100% bullish,of 1 rating,$14.50
BLUE,$130.808,1441290032792,"28,415",71% bullish,of 7 ratings,$217.50
BUFF,$23.8499,1441290032821,"20,759",77% bullish,of 13 ratings,$31.50
NILE,$33.85,1441290032841,"12,688",50% bullish,of 2 ratings,$34
BKEP,$6.29,1441290032873,"7,979",100% bearish,of 1 rating,$8.50
BKEPP,$7.86,1441290033063,"1,004",100% bearish,of 1 rating,N/A
BPMC,$28.622,1441290033094,753,50% bullish,of 2 ratings,$47.50
BNCN,$20.98,1441290033195,"2,804",Not yet rated,NULL,$24
BOFI,$108.4901,1441290033223,"51,696",100% bullish,of 6 ratings,$144
BOBE,$45.36,1441290033256,"96,271",75% bullish,of 4 ratings,$57
WIFI,$7.48,1441290033281,"19,500",50% bullish,of 2 ratings,$13.50
BOJA,$20.86,1441290033439,"9,167",100% bullish,of 1 rating,$30
BOKF,$62.05,1441290033514,"8,306",100% bearish,of 1 rating,$69
BONA,$11.42,1441290033574,"4,364",75% bullish,of 4 ratings,$8.50
BPFH,$11.79,1441290033609,"28,247",100% bearish,of 1 rating,$14
BNSO,$1.35,1441290033634,"1,438",100% bearish,of 1 rating,N/A
BAMM,$3.18,1441290033704,"1,086",60% bullish,of 5 ratings,N/A
BPFHP,$24.9916,1441290033801,150,100% bearish,of 1 rating,N/A
BPFHW,NULL,1441290033875,0,100% bearish,of 1 rating,N/A
EPAY,$26.41,1441290033985,"7,797",100% bearish,of 2 ratings,$30
BDBD,$8.42,1441290034011,"26,100",60% bullish,of 5 ratings,$10
BCLI,$3.1,1441290034146,"5,556",80% bullish,of 5 ratings,$12
BBRG,$12.405,1441290034172,"4,644",67% bullish,of 3 ratings,$14.50
BBEP,$2.7713,1441290034226,"201,201",69% bullish,of 13 ratings,$5.625
BBEPP,$14.635,1441290034330,"5,428",100% bearish,of 1 rating,N/A
BCOV,$5.3,1441290034435,"18,463",67% bullish,of 3 ratings,$10.20
BLIN,NULL,1441290034464,0,50% bullish,of 2 ratings,$2.20
BRID,$8.4,1441290034567,1,100% bearish,of 1 rating,N/A
BDGE,$26.15,1441290034724,278,Not yet rated,NULL,$31.75
BSFT,$31.61,1441290034856,"13,899",57% bullish,of 7 ratings,$40.50
BVSN,$5.91,1441290034882,400,60% bearish,of 5 ratings,N/A
BYFC,$1.3501,1441290034960,144,50% bullish,of 2 ratings,N/A
BRCM,$51.44,1441290034986,"224,782",69% bullish,of 13 ratings,$56
BWEN,$3.12,1441290035119,"2,602",75% bullish,of 4 ratings,$8
BRCD,$10.345,1441290035276,"437,337",92% bullish,of 13 ratings,$12
BRKS,$10.41,1441290035356,"11,439",67% bullish,of 3 ratings,$15.25
BRKL,$10.39,1441290035387,"71,868",100% bearish,of 1 rating,$10.75
BRKR,$17.99,1441290035408,"47,157",100% bearish,of 2 ratings,$22
BMTC,$29.28,1441290035440,914,Not yet rated,NULL,$34
BLMT,$20.94,1441290035461,41,Not yet rated,NULL,N/A
BSQR,$6.187,1441290035501,"3,100",67% bullish,of 3 ratings,N/A
BLDR,$15.41,1441290035594,"165,861",67% bullish,of 3 ratings,$22
BWLD,$196.305,1441290035694,"18,215",82% bullish,of 11 ratings,$205
BUR,$1.86,1441290035767,"9,100",100% bearish,of 1 rating,$8
CFFI,$36.76,1441290035923,101,100% bearish,of 1 rating,N/A
CHRW,$69.09,1441290036004,"156,311",Not yet rated,NULL,$72
CA,$27.4375,1441290036054,"172,839",50% bullish,of 4 ratings,$33
CDNS,$20.43,1441290036084,"485,050",75% bullish,of 4 ratings,$22.50
CZR,$9.23,1441290036136,"61,392",60% bearish,of 5 ratings,$10.50
CACQ,$7.33,1441290036214,"10,566",100% bearish,of 1 rating,$12.25
CSTE,$39.46,1441290036246,"18,219",50% bullish,of 2 ratings,$65
CCMP,$42.89,1441290036267,"1,611",50% bullish,of 2 ratings,$59
CDZI,$7.65,1441290036317,461,100% bearish,of 1 rating,N/A
CLBS,$1.705,1441290036485,"42,466",79% bullish,of 14 ratings,$4
CLMS,$9.8,1441290036511,"17,571",Not yet rated,NULL,$10.50
PRSS,$4.32,1441290036532,"1,001",80% bullish,of 5 ratings,$4.50
CHY,$11.26,1441290036560,"40,175",Not yet rated,NULL,N/A
CHI,$10.5,1441290037099,"36,605",100% bearish,of 1 rating,N/A
CAMP,$16.29,1441290037282,"7,822",88% bullish,of 8 ratings,$25
CFGE,$10.53,1441290037316,"1,100",Not yet rated,NULL,N/A
CFNB,NULL,1441290037346,0,100% bearish,of 1 rating,N/A
CSQ,$9.93,1441290037367,"53,046",Not yet rated,NULL,N/A
CGO,$12.0735,1441290037388,"5,073",100% bearish,of 1 rating,N/A
CHW,$7.52,1441290037429,"65,359",100% bearish,of 1 rating,N/A
CCD,$19.3185,1441290037450,"8,833",Not yet rated,NULL,N/A
CVGW,$52.76,1441290037579,"117,259",50% bullish,of 2 ratings,$62
CALM,$54.02,1441290037721,"50,039",80% bullish,of 5 ratings,$63.50
CALD,$16.0935,1441290037781,"41,699",100% bearish,of 1 rating,$21
CALA,$5.82,1441290037818,"30,779",67% bullish,of 3 ratings,$19.50
ABCD,$5.19,1441290037990,"10,861",83% bullish,of 6 ratings,N/A
CLMT,$26.262,1441290038016,"36,851",75% bullish,of 8 ratings,$31
CAMB,NULL,1441290038100,0,Not yet rated,NULL,N/A
CAMBU,NULL,1441290038153,0,100% bearish,of 1 rating,N/A
CAMT,$2.59,1441290038516,"3,416",73% bullish,of 11 ratings,$4
CAC,$39.85,1441290038718,237,Not yet rated,NULL,N/A
CSIQ,$19.165,1441290039012,"209,310",86% bullish,of 28 ratings,$42.50
CAMBW,NULL,1441290039041,0,Not yet rated,NULL,N/A
CGIX,$9.6805,1441290039272,"2,761",67% bullish,of 3 ratings,$14.375
CPHC,NULL,1441290039359,0,100% bearish,of 1 rating,N/A
CBF,$30.39,1441290039437,"14,794",Not yet rated,NULL,$32
CBNJ,$10.83,1441290039491,"10,894",100% bearish,of 1 rating,N/A
CPLA,$47.37,1441290039517,"11,644",67% bearish,of 3 ratings,$65
CCBG,$15.09,1441290039570,"1,155",Not yet rated,NULL,$17.25
CPLP,$7.12,1441290039599,"20,846",71% bullish,of 7 ratings,$11
CSWC,$44.9,1441290039702,"1,761",Not yet rated,NULL,N/A
CPTA,$13.66,1441290039807,"8,209",100% bearish,of 1 rating,$18.50
CFFN,$11.83,1441290039841,"28,905",Not yet rated,NULL,$12.75
CAPN,$2.24,1441290039875,434,100% bullish,of 1 rating,$10.85
CPST,$0.3945,1441290039896,"80,787",95% bullish,of 22 ratings,$1.25
CAPR,$4.59,1441290039938,302,Not yet rated,NULL,$12
CAPNW,NULL,1441290039970,0,Not yet rated,NULL,N/A
CARA,$19.74,1441290040068,"27,353",50% bullish,of 4 ratings,$25
CBYL,$4.6,1441290040323,"5,171",100% bearish,of 1 rating,$20
CARB,$11.09,1441290040352,"1,491",75% bullish,of 4 ratings,$12
CRDC,$0.3295,1441290040449,"25,343",100% bullish,of 1 rating,$1.25
CATM,$34.132,1441290040531,"8,003",100% bearish,of 1 rating,$44
CSII,$23.285,1441290040557,"9,678",100% bearish,of 2 ratings,$42.125
CRME,NULL,1441290040578,0,89% bullish,of 9 ratings,$11.25
CFNL,$22.1493,1441290040619,"6,931",Not yet rated,NULL,$24
CDNA,$7.1,1441290040723,"7,263",100% bearish,of 1 rating,$9
CTRE,$11.17,1441290040806,"12,814",50% bullish,of 2 ratings,$13.50
CECO,$3.65,1441290040833,"13,215",67% bearish,of 3 ratings,$6
CKEC,$23,1441290040978,"8,434",50% bullish,of 2 ratings,$35.915
CARO,$15.2701,1441290041018,"1,315",100% bearish,of 1 rating,$19
CART,NULL,1441290041155,0,100% bearish,of 1 rating,N/A
CRZO,$35.8389,1441290041248,"85,330",67% bearish,of 3 ratings,$54.50
CLBH,$12.82,1441290041281,100,Not yet rated,NULL,$16.50
TAST,$12.7,1441290041379,"17,809",Not yet rated,NULL,$14.25
CRTN,NULL,1441290041404,0,100% bearish,of 1 rating,N/A
CARV,$6.3,1441290041454,400,50% bullish,of 2 ratings,N/A
CASM,$1.23,1441290041479,201,100% bullish,of 1 rating,$3.50
CWST,$6.31,1441290041645,"22,862",50% bullish,of 2 ratings,$7.25
CACB,$5.38,1441290041673,627,Not yet rated,NULL,$5.50
CSCD,$15.23,1441290041749,568,100% bullish,of 2 ratings,$17
CASI,$1.4,1441290041849,400,100% bullish,of 1 rating,$3.50
CATB,$11.93,1441290041875,"3,587",100% bearish,of 1 rating,$28
CASY,$104.8,1441290041902,"22,032",50% bullish,of 2 ratings,$99.50
CASS,$48.35,1441290041945,111,100% bearish,of 1 rating,N/A
CATY,$29.43,1441290042091,"38,775",100% bearish,of 1 rating,$33.50
CPRX,$3.89,1441290042150,"62,663",71% bullish,of 7 ratings,$7
CATYW,NULL,1441290042305,0,100% bearish,of 1 rating,N/A
CAVM,$68.41,1441290042350,"56,286",67% bearish,of 3 ratings,$72
CVCO,$72.82,1441290042382,744,100% bearish,of 1 rating,N/A
CBFV,$21,1441290042485,200,Not yet rated,NULL,$25
CNLMR,NULL,1441290042509,0,Not yet rated,NULL,N/A
CNLMU,NULL,1441290042553,0,100% bullish,of 1 rating,N/A
CNLM,NULL,1441290042690,0,Not yet rated,NULL,N/A
CNLMW,NULL,1441290042847,0,Not yet rated,NULL,N/A
CDW,$39.3,1441290042936,"39,132",75% bullish,of 4 ratings,$44
CBOE,$63.93,1441290043006,"60,939",Not yet rated,NULL,$63
CECE,$9.64,1441290043034,"22,060",50% bullish,of 2 ratings,$16
CDK,$49.48,1441290043062,"36,329",67% bearish,of 3 ratings,$50
CPXX,$2.24,1441290043171,"3,242",100% bullish,of 2 ratings,$7
CELG,$120.4,1441290043317,"407,785",100% bullish,of 13 ratings,$156
CLDN,$1.2,1441290043450,"19,660",71% bullish,of 7 ratings,$3
CELGZ,$1.85,1441290043480,400,80% bullish,of 5 ratings,N/A
CLRBW,NULL,1441290043501,0,Not yet rated,NULL,N/A
CLRB,$3.09,1441290043530,1,100% bearish,of 1 rating,N/A
CLDX,$14.75,1441290043551,"110,278",89% bullish,of 9 ratings,$36
CLLS,$31.9,1441290043682,"10,222",75% bullish,of 4 ratings,$51.50
CLSN,$2.05,1441290043830,"3,676",80% bullish,of 10 ratings,$7.50
CBMG,$23.9,1441290043902,"6,165",50% bullish,of 2 ratings,N/A
CYAD,NULL,1441290044178,0,100% bullish,of 1 rating,$87.50
CEMP,$35.2999,1441290044217,"78,164",71% bullish,of 7 ratings,$52
CSFL,$13.86,1441290044247,"9,998",Not yet rated,NULL,$15
CETX,$2.4,1441290044312,100,Not yet rated,NULL,$5.60
CENTA,$14.47,1441290044341,"59,860",Not yet rated,NULL,N/A
CETV,$2.09,1441290044362,938,67% bullish,of 3 ratings,$2.80
CLTX,$2.1,1441290044391,"19,195",100% bullish,of 2 ratings,N/A
CFBK,$1.34,1441290044530,100,Not yet rated,NULL,N/A
CENX,$5.45,1441290044588,"216,371",67% bullish,of 6 ratings,$9
CVCY,$11.74,1441290044672,"3,248",Not yet rated,NULL,$12
CENT,$14.17,1441290045118,"127,928",Not yet rated,NULL,$10
CNBKA,$41.07,1441290045160,17,50% bullish,of 2 ratings,N/A
CNTY,$5.9,1441290045287,"1,501",80% bullish,of 5 ratings,$7.75
CRNT,$1.42,1441290045317,"7,538",50% bullish,of 2 ratings,$2
CPHD,$48.35,1441290045342,"24,439",67% bearish,of 3 ratings,$66
CERE,$1.22,1441290045392,"959,886",88% bullish,of 8 ratings,N/A
CERU,$4.15,1441290045416,"6,136",75% bullish,of 4 ratings,$14
CERN,$61.44,1441290045475,"82,333",67% bullish,of 3 ratings,$79
CERS,$5.065,1441290045702,"83,349",75% bullish,of 4 ratings,$7
CYOU,$19.18,1441290045920,"2,916",50% bullish,of 6 ratings,$24
CEVA,$19.31,1441290045948,"7,348",100% bearish,of 1 rating,$25
HOTRW,NULL,1441290045969,0,Not yet rated,NULL,N/A
HOTR,$1.41,1441290046001,"34,070",100% bullish,of 2 ratings,$5
CTHR,$1.26,1441290046109,233,50% bullish,of 2 ratings,$2.50
GTLS,$23.5,1441290046180,"22,031",50% bullish,of 4 ratings,$40
KOOL,$0.68,1441290046253,11,100% bullish,of 5 ratings,$7
CHTR,$183.12,1441290046402,"105,662",100% bearish,of 2 ratings,$202
CHFN,$12.22,1441290046444,184,Not yet rated,NULL,$14
CHEK,$2.34,1441290046506,840,Not yet rated,NULL,$7.75
CHKP,$78.42,1441290046535,"65,025",50% bullish,of 4 ratings,$92
CHEKW,NULL,1441290046606,0,Not yet rated,NULL,N/A
CEMI,$4.11,1441290046639,653,50% bullish,of 2 ratings,$7.50
CHFC,$31,1441290046736,"6,329",100% bearish,of 1 rating,$36
CCXI,$6.57,1441290046795,"1,025",67% bullish,of 3 ratings,$14
CHKE,$25.4,1441290046964,"2,590",100% bearish,of 1 rating,$32.50
CHMG,$26.26,1441290046995,1,Not yet rated,NULL,$30
CHMA,$28.595,1441290047206,"10,246",Not yet rated,NULL,$40
CHEV,$14.5,1441290047235,101,Not yet rated,NULL,N/A
PLCE,$59.34,1441290047256,"4,632",100% bearish,of 1 rating,$69
CBNK,$16.6,1441290047276,101,100% bearish,of 1 rating,N/A
CMRX,$52.35,1441290047310,"92,236",50% bullish,of 2 ratings,$57
CADC,NULL,1441290047475,0,78% bullish,of 9 ratings,N/A
CALI,$0.8111,1441290047504,200,67% bullish,of 3 ratings,N/A
CAAS,$6.15,1441290047574,"3,271",93% bullish,of 14 ratings,$11.50
CBPO,$95.78,1441290047638,"9,565",75% bullish,of 8 ratings,$140.50
CBAK,$1.9,1441290047665,"12,031",67% bullish,of 9 ratings,N/A
CCCR,$0.7,1441290047708,100,67% bearish,of 3 ratings,N/A
CCCL,NULL,1441290047735,0,100% bullish,of 6 ratings,N/A
JRJC,$3.46,1441290048258,"25,886",82% bullish,of 11 ratings,N/A
CHOP,NULL,1441290048283,0,50% bullish,of 2 ratings,N/A
HGSH,$1.7151,1441290048331,"1,300",67% bullish,of 3 ratings,N/A
CJJD,NULL,1441290048606,0,100% bullish,of 1 rating,N/A
CHLN,$1.8739,1441290048631,300,67% bullish,of 3 ratings,N/A
CNIT,$1.19,1441290048914,"13,460",67% bullish,of 6 ratings,N/A
CHNR,$1.5,1441290049013,200,100% bearish,of 1 rating,N/A
HTHT,$25.82,1441290049057,514,50% bullish,of 2 ratings,$28.40
CREG,$0.665,1441290049205,200,100% bullish,of 3 ratings,N/A
CPGI,NULL,1441290049266,0,Not yet rated,NULL,N/A
CSUN,$1.373,1441290049291,"1,403",80% bullish,of 5 ratings,N/A
CNTF,$0.8375,1441290049473,500,Not yet rated,NULL,N/A
CNYD,$3.05,1441290049509,"3,041",67% bullish,of 3 ratings,N/A
CCIH,$7.17,1441290049536,"13,683",67% bullish,of 6 ratings,$12.65
IMOS,$19.1,1441290049752,"30,476",60% bullish,of 5 ratings,$21.50
CNET,$0.82,1441290049808,"5,627",50% bullish,of 2 ratings,N/A
CHSCM,$26.2047,1441290049854,"4,346",Not yet rated,NULL,N/A
CHSCL,$27.14,1441290049914,600,Not yet rated,NULL,N/A
CXDC,$5.95,1441290049941,"10,965",67% bearish,of 3 ratings,N/A
CHSCO,NULL,1441290050076,0,Not yet rated,NULL,N/A
CHSCP,$30.4516,1441290050169,165,Not yet rated,NULL,N/A
CHSCN,$26.95,1441290050275,2,Not yet rated,NULL,N/A
CHUY,$30.85,1441290050410,"43,285",50% bullish,of 2 ratings,$34
CHDN,$132.97,1441290050439,"8,906",Not yet rated,NULL,$165
CDTX,$14.21,1441290050470,802,Not yet rated,NULL,$22
CIFC,$7.05,1441290050495,30,100% bearish,of 1 rating,N/A
CMCT,NULL,1441290050574,0,100% bearish,of 1 rating,N/A
CMPR,$70.585,1441290050735,"12,107",50% bullish,of 2 ratings,$72.50
CIDM,$0.5696,1441290050839,"2,200",50% bullish,of 2 ratings,$2.10
CINF,$52.68,1441290050868,"43,464",50% bullish,of 4 ratings,$50.50
CTAS,$85.235,1441290050896,"31,328",100% bearish,of 1 rating,$91
CPHR,NULL,1441290050971,0,100% bearish,of 1 rating,$17
CTRN,$26.9299,1441290051037,"12,452",100% bearish,of 1 rating,$31.50
CRUS,$30.1799,1441290051140,"70,592",75% bullish,of 12 ratings,$44.50
CSCO,$26.045,1441290051164,"3,255,512",83% bullish,of 210 ratings,$32
CZFC,NULL,1441290051361,0,Not yet rated,NULL,N/A
CZNC,$19.56,1441290051388,140,Not yet rated,NULL,N/A
CIZN,NULL,1441290051422,0,Not yet rated,NULL,N/A
CTXS,$68.385,1441290051464,"119,666",86% bullish,of 7 ratings,$80
CZWI,$8.91,1441290051595,101,Not yet rated,NULL,N/A
CIVBP,NULL,1441290051846,0,Not yet rated,NULL,N/A
CDTI,$1.5899,1441290051879,"17,800",75% bullish,of 4 ratings,$3.20
CLNE,$5.2299,1441290051900,"165,667",80% bullish,of 15 ratings,$9
CHCO,$47.49,1441290051921,"1,557",Not yet rated,NULL,$46
CIVB,$10,1441290051962,"1,037",Not yet rated,NULL,$11
CLNT,$1.4901,1441290051984,350,75% bullish,of 8 ratings,N/A
CLRO,$11.2675,1441290052055,208,50% bullish,of 2 ratings,$14.25
CLFD,$17.43,1441290052114,"9,232",67% bullish,of 3 ratings,$18
CSBK,$13.9,1441290052315,"1,536",Not yet rated,NULL,N/A
CBLI,$4.2,1441290052341,"19,369",60% bullish,of 5 ratings,N/A
CLIR,$5.0501,1441290052387,"9,950",100% bullish,of 3 ratings,N/A
CME,$93.9025,1441290052565,"93,960",67% bullish,of 3 ratings,$102
CMFN,$11.34,1441290052629,601,100% bearish,of 1 rating,$15.50
CLVS,$85.28,1441290052654,"33,679",60% bullish,of 5 ratings,$101.50
CISG,$7.86,1441290052688,"2,700",100% bullish,of 5 ratings,$10
CCNE,$17.06,1441290052718,245,50% bullish,of 2 ratings,$21.50
CNV,$4.4501,1441290052782,500,50% bullish,of 2 ratings,$7.15
CWAY,NULL,1441290052815,0,Not yet rated,NULL,N/A
COBZ,$12.88,1441290052950,"10,935",100% bullish,of 1 rating,$14
CDRB,$8.75,1441290053083,"7,489",67% bullish,of 3 ratings,N/A
COKE,$159.27,1441290053108,"1,652",79% bullish,of 19 ratings,N/A
CDXS,$3.59,1441290053134,"1,600",64% bullish,of 11 ratings,$6
CVLY,NULL,1441290053266,0,Not yet rated,NULL,N/A
JVA,$4.6501,1441290053291,459,83% bullish,of 6 ratings,$7
CCOI,$27.5,1441290053358,"34,098",50% bullish,of 4 ratings,$35
CTSH,$62.74,1441290053518,"157,732",90% bullish,of 10 ratings,$75
CGNT,$1.5799,1441290053546,116,100% bullish,of 2 ratings,$2
COHR,$56.54,1441290053567,"3,184",50% bullish,of 2 ratings,$72
COHU,$9.67,1441290053588,"3,528",100% bearish,of 1 rating,$14.25
CGNX,$35.23,1441290053627,"50,547",50% bullish,of 2 ratings,$47
CLRX,$0.6791,1441290053730,"9,775",50% bullish,of 2 ratings,N/A
CHRS,$27.63,1441290053824,"11,946",67% bearish,of 3 ratings,$37
CLCT,$17.725,1441290053930,"1,474",100% bearish,of 1 rating,N/A
CLCD,$6.19,1441290053986,"20,859",100% bearish,of 1 rating,$20.50
CIGI,$45.13,1441290054011,"11,200",100% bearish,of 1 rating,$52
COLL,$14.51,1441290054043,"5,614",100% bearish,of 1 rating,$26
CBAN,NULL,1441290054141,0,Not yet rated,NULL,N/A
COLB,$29.69,1441290054307,"5,014",Not yet rated,NULL,$36
CMCSA,$56.61,1441290054348,"1,217,623",66% bullish,of 35 ratings,$69.50
COLM,$61.625,1441290054378,"7,197",100% bearish,of 1 rating,$71
CMCO,$18.93,1441290054403,"5,786",60% bullish,of 5 ratings,$28
CBMX,NULL,1441290054447,0,83% bullish,of 6 ratings,$3.15
CBSH,$43.86,1441290054676,"15,041",50% bullish,of 2 ratings,$46
CMCSK,$57.76,1441290054722,"389,836",Not yet rated,NULL,$84
CBSHP,$25.4699,1441290054775,"1,598",100% bearish,of 1 rating,N/A
CUBN,NULL,1441290054822,0,Not yet rated,NULL,N/A
CVGI,$4.98,1441290054907,"9,457",50% bullish,of 2 ratings,$6
COMM,$32.93,1441290054965,"56,854",67% bearish,of 3 ratings,$35
CSAL,$20.6246,1441290054990,"108,426",75% bullish,of 4 ratings,$30
JCS,$9.2699,1441290055043,200,67% bullish,of 3 ratings,N/A
CYHHZ,$0.01,1441290055136,"3,060",100% bullish,of 1 rating,N/A
CTBI,$34.67,1441290055222,874,Not yet rated,NULL,$36
ESXB,$5.1099,1441290055253,900,Not yet rated,NULL,N/A
CWBC,$6.87,1441290055363,1,Not yet rated,NULL,N/A
CVLT,$35.395,1441290055465,"13,964",75% bullish,of 4 ratings,$44.50
COB,$10.46,1441290055492,"2,640",100% bullish,of 1 rating,$11.75
CIZ,NULL,1441290055517,0,100% bearish,of 1 rating,N/A
CIL,NULL,1441290055650,0,Not yet rated,NULL,N/A
CSA,NULL,1441290055794,0,Not yet rated,NULL,N/A
CDC,$34.4172,1441290055825,"3,375",Not yet rated,NULL,N/A
CID,NULL,1441290055849,0,Not yet rated,NULL,N/A
CFA,NULL,1441290055926,0,100% bearish,of 1 rating,N/A
CFO,$35.26,1441290055988,"4,830",100% bearish,of 1 rating,N/A
CDL,NULL,1441290056064,0,Not yet rated,NULL,N/A
CSB,NULL,1441290056167,0,Not yet rated,NULL,N/A
CGEN,$5.141,1441290056199,"30,653",50% bullish,of 2 ratings,$11
CSF,NULL,1441290056262,0,100% bearish,of 1 rating,N/A
CPSI,$45.64,1441290056300,"2,728",100% bearish,of 1 rating,$45.50
CTG,$6.59,1441290056427,643,100% bearish,of 1 rating,$8.50
SCOR,$46.275,1441290056527,"236,079",100% bearish,of 1 rating,$66
CHCI,NULL,1441290056567,0,50% bullish,of 2 ratings,N/A
CNSI,$18.32,1441290056656,"11,928",100% bearish,of 2 ratings,$29
CMTL,$26.005,1441290056681,709,100% bearish,of 2 ratings,$37
CNCE,$16.22,1441290056745,"6,558",75% bullish,of 4 ratings,$22
CNAT,$4,1441290056850,"4,754",83% bullish,of 6 ratings,$13
CXRX,$81.91,1441290057043,"1,220",100% bearish,of 1 rating,$90
CDOR,$1.26,1441290057096,100,100% bullish,of 1 rating,N/A
CCUR,$5.25,1441290057146,"1,517",75% bullish,of 4 ratings,N/A
CDORO,$16.9501,1441290057174,100,100% bearish,of 1 rating,N/A
CDORP,NULL,1441290057240,0,100% bearish,of 1 rating,N/A
CFMS,$14.8201,1441290057274,"141,395",100% bearish,of 1 rating,$26.50
CNMD,$51.19,1441290057318,"7,746",Not yet rated,NULL,$59
CNFR,NULL,1441290057448,0,Not yet rated,NULL,N/A
CTWS,$35,1441290057548,"1,411",100% bearish,of 1 rating,$44
CNXR,$7.0401,1441290057628,"3,484",100% bearish,of 1 rating,$12
CNOB,$19.2075,1441290057727,850,100% bullish,of 1 rating,$23.50
CWCO,$10.44,1441290057816,"2,360",67% bullish,of 3 ratings,$14.50
CNSL,$19.63,1441290057841,"11,771",100% bearish,of 1 rating,$23
CONN,$28.4899,1441290057889,"36,203",67% bullish,of 3 ratings,$48.50
CPSS,$5.6201,1441290057989,"1,111",100% bullish,of 1 rating,$10
CTCT,$24.555,1441290058075,"19,022",67% bullish,of 3 ratings,$37
CFRX,$4.82,1441290058148,302,Not yet rated,NULL,$14
CFRXW,NULL,1441290058175,0,100% bearish,of 1 rating,N/A
CTRV,$3.74,1441290058304,539,Not yet rated,NULL,$6.40
CTRL,$8.47,1441290058354,"22,285",50% bullish,of 2 ratings,$11
CFRXZ,NULL,1441290058552,0,Not yet rated,NULL,N/A
CPRT,$35.23,1441290058577,"14,551",67% bearish,of 3 ratings,$40
CRBP,$1.879,1441290058642,"7,103",100% bullish,of 2 ratings,$6.25
CORT,$4.95,1441290058747,"24,137",67% bullish,of 3 ratings,$12
CORE,$60.28,1441290058784,"8,844",100% bearish,of 1 rating,$72
BVA,$3.83,1441290058969,1,50% bullish,of 2 ratings,N/A
CORI,$10.71,1441290058994,"5,201",100% bearish,of 1 rating,$18
CSOD,$36.495,1441290059048,"51,306",50% bullish,of 2 ratings,$42
CRVL,$30.74,1441290059144,"1,955",100% bearish,of 1 rating,N/A
COST,$141.13,1441290059169,"146,642",79% bullish,of 24 ratings,$154.50
CSGP,$175.604,1441290059200,"5,955",50% bullish,of 2 ratings,$235
CPAH,$0.43,1441290059221,600,50% bullish,of 2 ratings,N/A
ICBK,$18.8,1441290059463,1,Not yet rated,NULL,$21
COSI,$1.11,1441290059488,"2,409",100% bullish,of 1 rating,N/A
CVTI,$22.72,1441290059529,"3,478",67% bearish,of 3 ratings,$39
COWNL,NULL,1441290059633,0,Not yet rated,NULL,N/A
CPSH,NULL,1441290059790,0,Not yet rated,NULL,N/A
CRAY,$21.11,1441290059965,"10,718",83% bullish,of 6 ratings,$38.50
BREW,$7.83,1441290059986,315,67% bullish,of 6 ratings,$15
COVS,$2.51,1441290060021,"4,281",67% bullish,of 3 ratings,N/A
CRAI,$23.45,1441290060048,"1,685",100% bearish,of 1 rating,$36
CACC,$204.57,1441290060073,"8,113",50% bullish,of 2 ratings,$158.50
CBRL,$145.08,1441290060130,"25,644",50% bullish,of 2 ratings,$155
GLDI,$11.06,1441290060343,100,100% bearish,of 1 rating,N/A
SLVO,$10.151,1441290060512,150,100% bearish,of 1 rating,N/A
CREE,$27.02,1441290060538,"73,627",65% bullish,of 17 ratings,$29.50
CRTO,$38.105,1441290060739,"59,155",67% bullish,of 6 ratings,$64
CCRN,$14.21,1441290060882,"13,778",100% bearish,of 1 rating,$14.25
CRDS,$1.079,1441290061015,"45,987",50% bullish,of 4 ratings,$3.50
CROX,$14.29,1441290061054,"48,085",63% bullish,of 8 ratings,$16.50
CRWS,$8.01,1441290061079,"3,180",Not yet rated,NULL,$10
CRWN,$5.03,1441290061210,"3,931",75% bullish,of 4 ratings,N/A
CRESY,$10.11,1441290061237,"2,090",100% bearish,of 1 rating,$19
CYRX,$2.9997,1441290061294,"1,800",Not yet rated,NULL,$9
CSGS,$30.6,1441290061319,"9,656",Not yet rated,NULL,$40
CYRXW,$0.7999,1441290061448,"7,000",Not yet rated,NULL,N/A
CTCM,$1.69,1441290061621,"5,300",80% bearish,of 5 ratings,$3.90
CCLP,$14.1406,1441290061676,"4,147",67% bearish,of 3 ratings,$20
CTIC,$1.57,1441290061713,"54,846",84% bullish,of 76 ratings,$5.75
CTIB,$3.61,1441290061844,200,100% bearish,of 1 rating,N/A
CTRP,$67.92,1441290061903,"170,239",75% bullish,of 8 ratings,$92.50
CSPI,$5.75,1441290061934,1,67% bullish,of 3 ratings,N/A
CUNB,$21.84,1441290062035,"6,110",Not yet rated,NULL,$24.50
CUI,$5.52,1441290062062,320,50% bullish,of 2 ratings,$10
CRIS,$2.67,1441290062193,"18,820",100% bullish,of 8 ratings,$6
CPIX,$6.17,1441290062260,876,Not yet rated,NULL,N/A
CMLS,$1.32,1441290062286,"16,797",50% bullish,of 4 ratings,$6
CUTR,$14.91,1441290062419,"35,024",67% bearish,of 3 ratings,$18
CVBF,$15.99,1441290062449,"12,976",Not yet rated,NULL,$18
CVV,$11.46,1441290062548,"1,201",100% bullish,of 5 ratings,N/A
CYBR,$50.152,1441290063022,"133,021",75% bullish,of 8 ratings,$68.50
CYAN,$6.52,1441290063091,803,100% bearish,of 1 rating,N/A
CYBE,$7.99,1441290063125,111,100% bearish,of 1 rating,N/A
CBAY,$2.63,1441290063190,"2,184",100% bullish,of 1 rating,$4
CYCCP,NULL,1441290063215,0,100% bearish,of 1 rating,N/A
CYCC,$0.5401,1441290063254,"6,107",73% bullish,of 11 ratings,N/A
CYBX,$64.615,1441290063281,"8,496",50% bullish,of 4 ratings,$71.50
CYNA,$16.03,1441290063500,"3,700",50% bullish,of 2 ratings,$31.50
CYNO,$32.5287,1441290063543,"29,927",67% bearish,of 3 ratings,$45.50
CY,$10.26,1441290063584,"549,163",80% bullish,of 10 ratings,$15.50
CYTK,$7.08,1441290063682,"22,078",71% bullish,of 14 ratings,$13.50
CYRN,$1.8,1441290063738,205,67% bullish,of 3 ratings,$4
CONE,$31.77,1441290063878,"29,344",67% bearish,of 3 ratings,$35.50
CYTX,$0.3653,1441290064010,"366,652",83% bullish,of 12 ratings,$5.50
CTSO,$7.3214,1441290064043,"10,382",Not yet rated,NULL,$15.625
CYTR,$2.37,1441290064146,"31,047",67% bullish,of 6 ratings,$10
COWN,$5.115,1441290064173,"160,322",75% bullish,of 4 ratings,$7
DAEG,$0.35,1441290064206,900,100% bearish,of 1 rating,N/A
TVIZ,$21.72,1441290064227,"4,212",100% bearish,of 1 rating,N/A
TVIX,$13.6097,1441290064314,"2,379,353",81% bullish,of 16 ratings,N/A
ZIV,$36.965,1441290064335,"9,278",Not yet rated,NULL,N/A
XIV,$25.6163,1441290064422,"4,896,198",75% bearish,of 4 ratings,N/A
DARA,$0.85,1441290064639,"2,388",83% bullish,of 6 ratings,$1.50
DAIO,$2.6,1441290064667,"1,104",Not yet rated,NULL,N/A
DAKT,$8.58,1441290064688,"9,252",50% bullish,of 2 ratings,$12
DJCO,$194.32,1441290064718,5,Not yet rated,NULL,N/A
PLAY,$35.5648,1441290065024,"12,542",100% bullish,of 5 ratings,$42
DWSN,$4.51,1441290065050,"12,229",67% bullish,of 3 ratings,N/A
DWCH,$5.005,1441290065080,"1,242",75% bullish,of 4 ratings,$8.25
DTLK,$5.45,1441290065110,"4,698",100% bearish,of 1 rating,$9
DTEA,$12.94,1441290065185,"3,100",100% bearish,of 2 ratings,$24
TRAK,$62.825,1441290065240,"17,951",50% bullish,of 2 ratings,$62.50
DBVT,$37.0898,1441290065265,"17,134",100% bearish,of 1 rating,$53
DHRM,NULL,1441290065511,0,Not yet rated,NULL,N/A
DFRG,$14.55,1441290065570,"5,297",100% bearish,of 1 rating,$20
DRAM,$1.32,1441290065607,7,78% bullish,of 9 ratings,N/A
TACOW,$4.36,1441290065662,408,100% bullish,of 1 rating,N/A
TACO,$12.99,1441290065690,"4,843",75% bullish,of 4 ratings,$20
DGAS,$20.32,1441290065714,800,67% bearish,of 3 ratings,N/A
DELT,NULL,1441290065934,0,Not yet rated,NULL,N/A
DCTH,$0.423,1441290065961,"30,559",78% bullish,of 9 ratings,N/A
DEPO,$26.88,1441290066108,"171,598",60% bullish,of 5 ratings,$29
DSCI,$6.22,1441290066141,"13,950",50% bullish,of 2 ratings,$16
DENN,$11.3,1441290066168,"26,184",100% bullish,of 3 ratings,$15
XRAY,$51.78,1441290066189,"45,129",100% bullish,of 1 rating,$58
DELTW,NULL,1441290066238,0,Not yet rated,NULL,N/A
DEST,$10.8,1441290066480,504,50% bullish,of 2 ratings,N/A
DERM,$26.44,1441290066582,"3,785",100% bearish,of 1 rating,$33.50
DXLG,$6.52,1441290066607,"23,289",100% bearish,of 1 rating,$8
DXCM,$89.08,1441290066653,"46,925",57% bullish,of 7 ratings,$98
DXM,$0.2747,1441290066782,"21,230",50% bullish,of 2 ratings,N/A
DHXM,$6.24,1441290066867,"4,279",Not yet rated,NULL,N/A
DSWL,$1.5999,1441290066896,500,100% bullish,of 1 rating,N/A
DHIL,$189.34,1441290066967,508,Not yet rated,NULL,N/A
DMND,$30.57,1441290066996,"4,988",75% bullish,of 12 ratings,$32
DCIX,$1.61,1441290067027,"11,547",50% bullish,of 4 ratings,$3.50
FANG,$68.515,1441290067129,"77,750",50% bullish,of 2 ratings,$86
DRNA,$11.37,1441290067195,"24,192",67% bearish,of 3 ratings,$25
DMRC,$38.96,1441290067338,"6,705",100% bearish,of 1 rating,$44
DGLY,$7.1701,1441290067471,"15,078",50% bullish,of 6 ratings,$20
DRAD,$3.81,1441290067498,200,100% bullish,of 1 rating,$5.25
DGII,$10.35,1441290067523,"17,997",100% bearish,of 1 rating,$11
DIOD,$20.925,1441290067711,"85,320",75% bearish,of 4 ratings,$24
DCOM,$16.67,1441290067736,"4,641",100% bearish,of 2 ratings,$16
APPS,$2.18,1441290067761,"42,412",100% bearish,of 1 rating,$10.25
DPRX,$13.92,1441290067787,"4,502",100% bullish,of 2 ratings,$27.75
DISCK,$26.12,1441290067916,"63,473",100% bearish,of 1 rating,$32
DISCB,$26.68,1441290067941,200,100% bearish,of 1 rating,$35
DISCA,$27.375,1441290067966,"241,203",67% bullish,of 3 ratings,$34
DVCR,$10.9,1441290068142,101,100% bullish,of 1 rating,N/A
DISH,$59.58,1441290068167,"79,713",69% bullish,of 13 ratings,$73
DSCO,$0.4399,1441290068299,"25,356",83% bullish,of 6 ratings,$2.75
BAGR,$2.755,1441290068502,125,100% bearish,of 1 rating,$6
DLTR,$66.63,1441290068705,"432,301",82% bullish,of 11 ratings,$85
DLHC,$2.7065,1441290068806,602,100% bearish,of 1 rating,N/A
DNBF,NULL,1441290068909,0,Not yet rated,NULL,$27.50
DMLP,$14.81,1441290068938,"4,265",100% bearish,of 1 rating,N/A
DGICA,$14.1,1441290068967,951,100% bearish,of 1 rating,$17
DGICB,NULL,1441290069042,0,100% bearish,of 1 rating,N/A
HILL,$9.69,1441290069106,"91,832",60% bearish,of 5 ratings,$9.75
DRWIW,$0.0548,1441290069214,"25,300",Not yet rated,NULL,N/A
DRWI,$0.23,1441290069349,"260,924",60% bullish,of 5 ratings,$.45
DWA,$20.33,1441290069374,"32,969",63% bullish,of 8 ratings,$26
DRYS,$0.4639,1441290069405,"435,577",77% bullish,of 31 ratings,$.60
DSKX,$3.44,1441290069431,"15,539",100% bullish,of 1 rating,N/A
DORM,$50.6,1441290069510,"5,614",100% bearish,of 1 rating,$56
DSPG,$8.8,1441290069586,"1,756",100% bearish,of 1 rating,$13.50
CADT,NULL,1441290069713,0,Not yet rated,NULL,N/A
CADTW,NULL,1441290069796,0,Not yet rated,NULL,N/A
DNKN,$49.07,1441290069825,"68,004",67% bullish,of 15 ratings,$56.50
DTSI,$28.32,1441290069933,"27,683",100% bearish,of 2 ratings,$39.50
CADTR,NULL,1441290069963,0,Not yet rated,NULL,N/A
CADTU,NULL,1441290069988,0,Not yet rated,NULL,N/A
DRRX,$2.125,1441290070066,"8,832",50% bullish,of 6 ratings,$3
DXPE,$30.04,1441290070258,"7,691",50% bullish,of 2 ratings,N/A
BOOM,$10.77,1441290070289,"2,572",67% bullish,of 3 ratings,$12
DYAX,$22.78,1441290070393,"39,440",89% bullish,of 9 ratings,$30
DYNT,$3,1441290070452,950,75% bullish,of 4 ratings,N/A
DYSL,$1.483,1441290070528,569,100% bullish,of 2 ratings,N/A
DVAX,$28.86,1441290070661,"39,864",70% bullish,of 10 ratings,$40
EGBN,$41.17,1441290070802,"3,269",Not yet rated,NULL,$48
ETFC,$25.81,1441290070827,"270,019",57% bullish,of 14 ratings,$32.50
EGRX,$82.31,1441290070870,"21,488",67% bullish,of 3 ratings,$97
EBMT,$11.53,1441290070896,667,Not yet rated,NULL,$13.50
EGLE,$7.05,1441290070973,411,60% bullish,of 5 ratings,N/A
EROC,$1.4999,1441290071000,"19,553",50% bullish,of 2 ratings,$3
ELNK,$8.395,1441290071154,"34,869",60% bullish,of 5 ratings,$9.50
EWBC,$39.58,1441290071290,"93,641",100% bearish,of 1 rating,$50
EACQU,NULL,1441290071323,0,Not yet rated,NULL,N/A
EBAY,$27.38,1441290071365,"1,649,696",81% bullish,of 117 ratings,$34
EVBS,NULL,1441290071420,0,Not yet rated,NULL,$7
EBIX,$28.64,1441290071451,"14,771",69% bullish,of 13 ratings,$40
EML,$16.27,1441290071475,1,Not yet rated,NULL,N/A
ELON,$0.585,1441290071500,"2,901",50% bullish,of 2 ratings,N/A
ECHO,$22.52,1441290071735,"29,647",67% bearish,of 3 ratings,$34.50
ECTE,$1.58,1441290071796,"6,086",75% bullish,of 4 ratings,N/A
SATS,$44.49,1441290071821,"2,566",50% bullish,of 2 ratings,$60
ESES,$3.75,1441290071982,6,100% bearish,of 1 rating,$7
ECACU,NULL,1441290072011,0,Not yet rated,NULL,N/A
EEI,$11.82,1441290072040,1,67% bearish,of 3 ratings,N/A
EDGW,$7.18,1441290072140,84,100% bearish,of 1 rating,N/A
EDAP,$3.62,1441290072269,"2,671",60% bullish,of 5 ratings,$4.50
EFUT,NULL,1441290072318,0,Not yet rated,NULL,N/A
EGAN,$3.63,1441290072348,"3,304",50% bullish,of 2 ratings,$6.25
EDUC,$6.25,1441290072369,"2,414",100% bearish,of 1 rating,N/A
EGLT,$12.91,1441290072401,"7,357",50% bullish,of 2 ratings,$21
EHTH,$14.92,1441290072450,"8,140",50% bullish,of 4 ratings,$17
LOCO,$12.6682,1441290072635,"48,762",69% bullish,of 13 ratings,$19.50
EMITF,$1.2,1441290072661,798,75% bullish,of 4 ratings,N/A
ERI,$9.48,1441290072789,"3,343",100% bearish,of 1 rating,$10
ESLT,$77.48,1441290072815,"1,215",67% bullish,of 3 ratings,N/A
ELRC,$10.58,1441290072836,902,100% bearish,of 1 rating,N/A
ESIO,$4.65,1441290072865,"14,394",50% bullish,of 2 ratings,$10
ELSE,NULL,1441290073051,0,60% bullish,of 5 ratings,N/A
ELEC,NULL,1441290073179,0,Not yet rated,NULL,N/A
EA,$65.7,1441290073231,"293,141",78% bullish,of 36 ratings,$80
ELECU,NULL,1441290073257,0,Not yet rated,NULL,N/A
EBIO,$3.42,1441290073283,"24,675",100% bearish,of 2 ratings,$8.35
RDEN,$11.8,1441290073421,"18,494",100% bearish,of 4 ratings,$15
CAPX,$22.85,1441290073580,1,Not yet rated,NULL,N/A
EFII,$43.84,1441290073605,"14,499",80% bullish,of 5 ratings,$55
ELECW,NULL,1441290073629,0,Not yet rated,NULL,N/A
ESBK,NULL,1441290073655,0,Not yet rated,NULL,N/A
ELTK,$1.2876,1441290073841,"18,515",67% bearish,of 3 ratings,N/A
EMKR,$6.85,1441290073976,"13,165",75% bullish,of 4 ratings,$8.50
LONG,$16.7,1441290074010,"1,400",67% bullish,of 3 ratings,$15.75
EMMS,$1.1701,1441290074106,347,67% bullish,of 6 ratings,N/A
EMMSP,NULL,1441290074130,0,100% bearish,of 1 rating,N/A
EMCF,$23.51,1441290074159,100,100% bearish,of 1 rating,N/A
ERS,NULL,1441290074309,0,Not yet rated,NULL,N/A
NYNY,$4.275,1441290074336,928,50% bullish,of 2 ratings,N/A
EMCI,$22.49,1441290074363,340,Not yet rated,NULL,N/A
ECPG,$38.58,1441290074491,"9,247",100% bullish,of 2 ratings,$52
WIRE,$32.07,1441290074574,"2,458",100% bearish,of 1 rating,$37
ENTA,$39.04,1441290074660,"7,420",50% bullish,of 2 ratings,$42
ECYT,$5.2299,1441290074719,"49,548",83% bullish,of 6 ratings,$12
ENDP,$76.36,1441290074875,"108,654",50% bullish,of 6 ratings,$101.50
ELGX,$12.46,1441290074946,"183,403",75% bullish,of 4 ratings,$17
EIGI,$15.2,1441290074977,"12,504",67% bearish,of 3 ratings,$22.50
EFOI,$26.6657,1441290075076,"210,495",50% bullish,of 2 ratings,$24.50
WATT,$7.0099,1441290075137,416,50% bullish,of 2 ratings,$13
ENOC,$9.12,1441290075237,"10,630",75% bullish,of 4 ratings,$18
ERII,$2.63,1441290075308,"8,918",80% bullish,of 5 ratings,$2.50
EXXI,$1.81,1441290075334,"327,641",86% bullish,of 7 ratings,$3.50
ENPH,$4.59,1441290075466,"218,527",75% bullish,of 4 ratings,$11
ENG,$1,1441290075522,"5,250",100% bullish,of 3 ratings,N/A
ESGR,$149.07,1441290075599,526,100% bearish,of 1 rating,$185
ENFC,$17.51,1441290075620,1,Not yet rated,NULL,N/A
ENTG,$13.68,1441290075703,"17,210",100% bearish,of 1 rating,$18
ENTL,$21.95,1441290075763,527,Not yet rated,NULL,$28
ETRM,$0.2833,1441290075791,"292,784",69% bearish,of 35 ratings,$1.625
EBTC,$21.14,1441290075923,354,Not yet rated,NULL,N/A
EFSC,$24.01,1441290075957,"1,770",Not yet rated,NULL,$27
EGT,$1.96,1441290076054,100,100% bullish,of 1 rating,N/A
ENVI,$1.84,1441290076083,"3,729",67% bullish,of 3 ratings,N/A
ENZY,$10.48,1441290076116,"9,656",67% bullish,of 3 ratings,$9.50
ENZN,$1.0197,1441290076315,"17,337",100% bullish,of 9 ratings,N/A
EPIQ,$12.72,1441290076388,"2,864",100% bearish,of 1 rating,$18
EPRS,$5.175,1441290076519,"1,442",82% bullish,of 11 ratings,$15
EQIX,$272.265,1441290076545,"80,046",75% bullish,of 4 ratings,$312.50
PLUS,$73.04,1441290076566,"1,802",50% bullish,of 2 ratings,$88
EQFN,$8.38,1441290076596,100,100% bearish,of 1 rating,N/A
ERIE,$81.56,1441290076792,"4,508",Not yet rated,NULL,$73
ESCR,$0.1801,1441290076976,"20,000",50% bullish,of 2 ratings,N/A
EPZM,$20.615,1441290077002,"22,374",60% bullish,of 5 ratings,$34
ESCA,$18.32,1441290077024,881,100% bearish,of 1 rating,$22
ESCRP,$1.5,1441290077049,"2,736",100% bearish,of 1 rating,N/A
ERIC,$9.87,1441290077077,"223,022",67% bullish,of 9 ratings,$12.20
EAC,$3.32,1441290077225,3,100% bearish,of 1 rating,$8
ESMC,NULL,1441290077284,0,Not yet rated,NULL,N/A
ESPR,$47.62,1441290077358,"76,431",70% bearish,of 10 ratings,$115
ESSA,$12.85,1441290077416,920,100% bearish,of 1 rating,N/A
EPIX,NULL,1441290077516,0,Not yet rated,NULL,N/A
ESND,$33.79,1441290077561,"7,485",100% bearish,of 2 ratings,$40
ESSX,$0.467,1441290077592,450,50% bullish,of 2 ratings,N/A
ETSY,$14.5499,1441290077620,"64,480",80% bullish,of 5 ratings,$16
EEFT,$64.95,1441290077691,"9,187",100% bearish,of 1 rating,$67.50
CLWT,NULL,1441290077921,0,100% bearish,of 1 rating,N/A
ESEA,$4.7,1441290077947,"1,188",100% bullish,of 1 rating,$15
EVK,NULL,1441290077997,0,75% bearish,of 4 ratings,N/A
EVEP,$8.7215,1441290078022,"80,523",50% bullish,of 2 ratings,$15
EVOK,$3.39,1441290078082,"9,776",100% bearish,of 1 rating,$13.375
EVLV,$2.67,1441290078107,"13,494",60% bullish,of 5 ratings,$4.625
EVOL,$5.88,1441290078342,578,75% bullish,of 4 ratings,$10
EXEL,$5.82,1441290078371,"719,746",81% bullish,of 16 ratings,$6
EXAS,$21.97,1441290078402,"61,367",78% bullish,of 9 ratings,$31
EXAC,$19.17,1441290078502,"1,151",100% bearish,of 1 rating,$22.50
EXPE,$114.59,1441290078527,"46,799",64% bullish,of 11 ratings,$130
EXLS,$36.765,1441290078582,"7,990",50% bullish,of 2 ratings,$41
EXFO,$2.97,1441290078608,1,67% bearish,of 3 ratings,$3.95
EXPD,$49.5799,1441290078767,"246,326",80% bullish,of 5 ratings,$52
EXA,$10.36,1441290078858,"3,092",100% bearish,of 1 rating,$13
EXPO,$42.5,1441290078924,"3,757",100% bearish,of 1 rating,$45.50
ESRX,$84.72,1441290079068,"255,420",67% bearish,of 6 ratings,$101
EXTR,$3.225,1441290079093,"189,284",80% bullish,of 5 ratings,$3
EXLP,$19.07,1441290079137,"10,715",100% bearish,of 1 rating,$25
EYEG,$3.9,1441290079167,"3,497",Not yet rated,NULL,N/A
EYEGW,NULL,1441290079267,0,Not yet rated,NULL,N/A
FCS,$13.8099,1441290079453,"82,449",67% bearish,of 3 ratings,$17
FFIV,$122.27,1441290079485,"52,839",63% bullish,of 8 ratings,$132
EZCH,$22.7,1441290079510,"5,206",75% bullish,of 8 ratings,$19.50
FRP,$16.19,1441290079711,"2,708",100% bearish,of 1 rating,$18
FB,$89.46,1441290079766,"3,425,096",73% bullish,of 1074 ratings,$111
EZPW,$6.15,1441290079791,"34,331",50% bullish,of 4 ratings,$7
FWM,$2.21,1441290079971,"11,792",100% bearish,of 2 ratings,$3.20
FARM,$22.73,1441290080018,"8,929",100% bearish,of 1 rating,$35
FALC,$1.673,1441290080057,300,63% bearish,of 8 ratings,N/A
DAVE,$14.78,1441290080084,"2,909",100% bearish,of 1 rating,$15.50
FFKT,$25.95,1441290080154,"1,076",Not yet rated,NULL,$29
FATE,$6.25,1441290080298,"1,322",50% bullish,of 2 ratings,$11
FMNB,$8.2,1441290080436,1,Not yet rated,NULL,N/A
FBSS,NULL,1441290080465,0,Not yet rated,NULL,N/A
FARO,$37.935,1441290080539,"10,731",50% bullish,of 2 ratings,$48
FNHC,$22.24,1441290080571,"1,365",100% bearish,of 1 rating,$35
FBRC,$22.48,1441290080596,"5,625",100% bearish,of 1 rating,$29
FAST,$38.38,1441290080665,"271,920",80% bullish,of 5 ratings,$45.50
FDML,$8.87,1441290080767,"9,342",50% bullish,of 4 ratings,$14
FEIC,$75.785,1441290080865,"13,329",50% bullish,of 2 ratings,$95.50
FHCO,$1.4,1441290080914,"1,379",50% bullish,of 4 ratings,N/A
FCSC,$5.56,1441290081045,"15,832",100% bearish,of 1 rating,$8.125
FENX,$9.8,1441290081073,"9,533",100% bullish,of 1 rating,$14.25
LION,$19.4,1441290081101,"7,486",100% bullish,of 1 rating,$20
FGEN,$23.4479,1441290081138,"26,702",100% bearish,of 1 rating,$39
ONEQ,$188.08,1441290081323,"3,737",100% bullish,of 1 rating,N/A
FDUS,$14.86,1441290081354,700,50% bullish,of 2 ratings,$18
FRGI,$52.16,1441290081409,"4,333",50% bullish,of 2 ratings,$70
FSC,$6.5821,1441290081451,"61,170",60% bullish,of 5 ratings,$8
FSAM,$7.92,1441290081514,30,100% bearish,of 1 rating,$10.25
FSCFL,$24.58,1441290081592,841,Not yet rated,NULL,N/A
FITB,$19.655,1441290081643,"351,209",54% bullish,of 13 ratings,$22
FSFR,$8.8255,1441290081821,"10,543",100% bearish,of 1 rating,$11.50
FNSR,$15.22,1441290081871,"63,250",71% bullish,of 7 ratings,$24
FITBI,$27.59,1441290081923,906,Not yet rated,NULL,N/A
FNGN,$30.95,1441290081948,"28,711",67% bullish,of 3 ratings,$47
FISI,$24.76,1441290082010,650,100% bullish,of 2 ratings,$24.50
FNJN,$1.74,1441290082077,"4,905",100% bearish,of 1 rating,$5
FNTC,NULL,1441290082107,0,Not yet rated,NULL,N/A
FNTCU,NULL,1441290082134,0,Not yet rated,NULL,N/A
FNTCW,$0.35,1441290082364,"4,200",Not yet rated,NULL,N/A
FEYE,$37.7,1441290082604,"590,288",88% bullish,of 16 ratings,$55.50
FBNC,$16.81,1441290082735,"1,598",100% bullish,of 1 rating,$20
FNLC,$18.88,1441290082769,"2,587",100% bullish,of 1 rating,N/A
BUSE,$6.34,1441290082805,"1,869",Not yet rated,NULL,$6.875
FRBA,$6.07,1441290082864,101,Not yet rated,NULL,$8
FBIZ,$22.5666,1441290082894,"2,455",100% bearish,of 2 ratings,$26
FCVA,$4.7999,1441290082922,101,Not yet rated,NULL,N/A
FCNCA,$226.9,1441290082998,"1,054",Not yet rated,NULL,N/A
FCAP,$27.39,1441290083027,100,Not yet rated,NULL,N/A
FCFS,$39.545,1441290083191,"10,152",100% bearish,of 3 ratings,$47
FCBC,$17.5,1441290083217,84,Not yet rated,NULL,$18
FCLF,$9.2,1441290083238,318,Not yet rated,NULL,N/A
FCCO,$12.3,1441290083390,1,Not yet rated,NULL,$13.25
FBNK,$16.91,1441290083419,181,100% bearish,of 1 rating,$17.50
FCFP,NULL,1441290083444,0,Not yet rated,NULL,N/A
FFBCW,NULL,1441290083716,0,100% bearish,of 1 rating,N/A
FFNM,$6.34,1441290083743,101,Not yet rated,NULL,N/A
FDEF,$36.9,1441290083773,346,Not yet rated,NULL,$38
FFBC,$18.23,1441290083803,"5,493",67% bearish,of 3 ratings,$20.25
FFIN,$30.01,1441290083828,"5,144",50% bullish,of 2 ratings,$31.75
THFF,$32.6,1441290083873,"1,488",Not yet rated,NULL,$35
FFNW,$12.21,1441290084035,"1,302",Not yet rated,NULL,$14
FFWM,$21,1441290084063,"2,681",Not yet rated,NULL,$24
INBK,$30.35,1441290084145,"1,501",50% bullish,of 2 ratings,$37
FIBK,$26.59,1441290084226,"3,720",Not yet rated,NULL,$32
FRME,$26.04,1441290084276,"15,155",Not yet rated,NULL,$26.50
FMBH,NULL,1441290084355,0,Not yet rated,NULL,N/A
FMBI,$17.38,1441290084404,"19,131",Not yet rated,NULL,$20
FNFG,$9.085,1441290084535,"189,911",80% bullish,of 5 ratings,$9
FNBC,$33.88,1441290084595,"28,611",Not yet rated,NULL,$40
FNWB,$11.91,1441290084620,425,Not yet rated,NULL,N/A
FSFG,NULL,1441290084757,0,Not yet rated,NULL,N/A
FSGI,$2.43,1441290084785,100,Not yet rated,NULL,N/A
FSBK,NULL,1441290084835,0,100% bullish,of 1 rating,N/A
FSLR,$48.9892,1441290084863,"174,357",72% bullish,of 39 ratings,$65
BICK,$19.22,1441290084916,585,100% bullish,of 1 rating,N/A
FBZ,NULL,1441290084992,0,Not yet rated,NULL,N/A
FCAN,NULL,1441290085056,0,Not yet rated,NULL,N/A
FTCS,$36.229,1441290085082,"1,364",100% bearish,of 1 rating,N/A
FCA,NULL,1441290085267,0,Not yet rated,NULL,N/A
IFV,$17.625,1441290085543,"43,360",100% bearish,of 1 rating,N/A
FV,$23.38,1441290085630,"138,769",100% bearish,of 1 rating,N/A
FEMB,NULL,1441290085659,0,Not yet rated,NULL,N/A
TDIV,$24.86,1441290085680,"11,454",100% bearish,of 1 rating,N/A
FEUZ,NULL,1441290085700,0,Not yet rated,NULL,N/A
FTSM,$59.9401,1441290085722,"24,455",100% bearish,of 1 rating,N/A
MDIV,$19.05,1441290085764,"8,837",Not yet rated,NULL,N/A
FGM,$35.4938,1441290085853,"1,600",Not yet rated,NULL,N/A
FTGC,$22.43,1441290086012,"30,099",Not yet rated,NULL,N/A
FTHI,$19.29,1441290086157,100,Not yet rated,NULL,N/A
HYLS,$49.619,1441290086187,"2,106",100% bearish,of 1 rating,N/A
FPXI,NULL,1441290086212,0,Not yet rated,NULL,N/A
FHK,$32.67,1441290086290,10,Not yet rated,NULL,N/A
YDIV,$16.29,1441290086403,"1,562",Not yet rated,NULL,N/A
CU,$12.857,1441290086505,"1,000",100% bearish,of 1 rating,N/A
SKYY,$28.63,1441290086552,"7,299",100% bullish,of 1 rating,N/A
PLTM,$6.225,1441290086579,500,100% bearish,of 1 rating,N/A
FTLB,$19.25,1441290086714,"10,000",100% bearish,of 1 rating,N/A
FJP,$46.05,1441290086744,"2,685",Not yet rated,NULL,N/A
LMBS,NULL,1441290086774,0,Not yet rated,NULL,N/A
FMB,NULL,1441290086802,0,Not yet rated,NULL,N/A
QABA,$36.94,1441290086848,"1,680",100% bearish,of 1 rating,N/A
CIBR,$17.63,1441290087115,"14,029",Not yet rated,NULL,N/A
FONE,NULL,1441290087184,0,Not yet rated,NULL,N/A
CARZ,$34.52,1441290087283,100,100% bearish,of 1 rating,N/A
GRID,$31.33,1441290087309,820,100% bearish,of 1 rating,N/A
QCLN,$15.2377,1441290087476,733,Not yet rated,NULL,N/A
QQEW,$41.7799,1441290087564,"6,732",Not yet rated,NULL,N/A
QQXT,$40.3299,1441290087592,"3,390",Not yet rated,NULL,N/A
QTEC,$39.906,1441290087628,"5,312",Not yet rated,NULL,N/A
RDVY,$20.97,1441290087669,550,Not yet rated,NULL,N/A
AIRR,$16.4,1441290087725,307,100% bearish,of 1 rating,N/A
FTSL,$48.85,1441290087920,"7,441",100% bearish,of 1 rating,N/A
FKO,NULL,1441290088655,0,Not yet rated,NULL,N/A
FDIV,NULL,1441290088865,0,100% bearish,of 1 rating,N/A
QINC,NULL,1441290088890,0,Not yet rated,NULL,N/A
FSZ,$38.63,1441290089022,1,Not yet rated,NULL,N/A
FTW,$32,1441290089048,176,Not yet rated,NULL,N/A
FKU,$41.595,1441290090015,456,Not yet rated,NULL,N/A
FUNC,$8.07,1441290090145,451,Not yet rated,NULL,N/A
FSV,$31.83,1441290090174,"1,000",Not yet rated,NULL,$33.60
FMER,$17.54,1441290090234,"96,674",50% bullish,of 2 ratings,$20
SVVC,$9.391,1441290090259,"2,849",50% bullish,of 2 ratings,$26
FPRX,$20.24,1441290090284,"36,115",50% bullish,of 2 ratings,$35
TUSA,NULL,1441290090309,0,Not yet rated,NULL,N/A
FIVE,$34.68,1441290090339,"2,065,683",75% bearish,of 4 ratings,$44
FISV,$86.02,1441290090440,"139,992",100% bearish,of 3 ratings,$90
FIVN,$3.845,1441290090607,"1,855",100% bullish,of 1 rating,$8.50
FLML,$22.7,1441290090954,"31,757",50% bullish,of 2 ratings,$30
FLKS,$11.75,1441290091182,"2,660",50% bullish,of 2 ratings,$27
FLXS,$32.1,1441290091316,"1,252",100% bearish,of 2 ratings,N/A
FLXN,$26.06,1441290091344,"7,199",100% bearish,of 1 rating,$40
SKOR,NULL,1441290091653,0,Not yet rated,NULL,N/A
MBSD,$24.94,1441290091746,200,Not yet rated,NULL,N/A
FLDM,$11.41,1441290091837,"13,469",67% bearish,of 3 ratings,$15
FLIR,$28.7,1441290091872,"50,981",100% bearish,of 2 ratings,$38.50
FFIC,$19.64,1441290091898,"2,923",Not yet rated,NULL,$20.50
FOMX,$9.9,1441290091938,"26,753",50% bullish,of 2 ratings,$23.50
FLEX,$10.59,1441290091963,"142,521",63% bullish,of 8 ratings,$12
FOGO,$19.565,1441290091988,"4,406",50% bullish,of 2 ratings,$25.50
FES,$0.9338,1441290092231,579,50% bullish,of 2 ratings,$1
FORR,$31.39,1441290092261,"3,700",Not yet rated,NULL,N/A
FONR,$9.79,1441290092290,578,100% bullish,of 1 rating,N/A
FORM,$6.65,1441290092320,"7,672",67% bullish,of 3 ratings,$10.50
FORTY,$30.12,1441290092365,553,100% bearish,of 1 rating,N/A
FTNT,$42.05,1441290092419,"105,510",80% bullish,of 10 ratings,$52
FBIO,$2.63,1441290092501,720,83% bullish,of 6 ratings,N/A
FWRD,$44.12,1441290092780,"8,547",100% bearish,of 1 rating,$50
FELE,$28.07,1441290093217,"11,908",50% bullish,of 4 ratings,$33
FMI,$24.18,1441290093249,"20,638",100% bearish,of 2 ratings,$27.50
FXCB,$17.2,1441290093274,59,Not yet rated,NULL,$19
FRAN,$12.25,1441290093295,"225,979",50% bullish,of 4 ratings,$15
FOSL,$61.69,1441290093317,"46,580",60% bearish,of 5 ratings,$80
FORD,$1.6133,1441290093353,"176,120",67% bullish,of 3 ratings,N/A
FWP,$27.42,1441290093378,"17,046",100% bearish,of 1 rating,$45
FOXF,$15.62,1441290093400,830,100% bearish,of 1 rating,$19
FRPT,$12.33,1441290093680,"31,006",67% bearish,of 3 ratings,$23.50
FEIM,$11.1,1441290093711,100,100% bearish,of 1 rating,N/A
RAIL,$20.77,1441290093736,"3,101",100% bearish,of 1 rating,$24.50
FREE,$0.3868,1441290093761,"249,980",92% bullish,of 12 ratings,N/A
FRED,$13.01,1441290093894,"17,267",50% bullish,of 2 ratings,$15.50
FRPH,$31.35,1441290094052,35,100% bearish,of 1 rating,N/A
FTD,$30,1441290094078,"11,104",100% bearish,of 1 rating,$40
FTRPR,$106.6,1441290094109,"8,050",100% bearish,of 1 rating,N/A
FTR,$5.43,1441290094135,"3,964,360",78% bullish,of 27 ratings,$6.25
FTEK,$1.93,1441290094211,"16,620",75% bullish,of 4 ratings,N/A
FSBW,NULL,1441290094267,0,Not yet rated,NULL,N/A
FCEL,$0.8844,1441290094298,"315,982",88% bullish,of 41 ratings,$2.65
FSYS,$6.1499,1441290094322,"37,200",67% bullish,of 3 ratings,$8.50
FLL,$1.47,1441290094549,"2,300",75% bullish,of 4 ratings,$3.50
FULLL,NULL,1441290094575,0,Not yet rated,NULL,N/A
FULL,$3.14,1441290094596,"1,834",67% bearish,of 3 ratings,$4.25
FSNN,$2.14,1441290095106,6,67% bullish,of 3 ratings,$6
FULT,$11.9499,1441290095312,"116,856",100% bearish,of 1 rating,$13
FFHL,NULL,1441290095371,0,50% bullish,of 4 ratings,N/A
FXEN,$1.06,1441290095554,"11,329",75% bullish,of 4 ratings,$1.10
FXENP,NULL,1441290095582,0,100% bearish,of 1 rating,N/A
GK,$68.08,1441290095604,"3,213",Not yet rated,NULL,$78
GAIA,$6.05,1441290095625,"5,548",50% bullish,of 2 ratings,$8.50
WILC,$4.84,1441290095668,"1,200",100% bullish,of 2 ratings,N/A
GLPG,$59.58,1441290095689,"2,035",100% bullish,of 1 rating,$75
GALT,$2.0301,1441290095761,"1,200",80% bullish,of 5 ratings,N/A
GALTU,NULL,1441290095962,0,100% bearish,of 1 rating,N/A
GALTW,$0.6285,1441290095987,"5,584",100% bullish,of 1 rating,N/A
GALE,$1.6382,1441290096071,"100,432",89% bullish,of 47 ratings,$4
GLMD,$8.41,1441290096200,320,67% bullish,of 3 ratings,$20.50
GRMN,$37.39,1441290096227,"70,166",50% bullish,of 6 ratings,$46.50
GLPI,$30.8,1441290096255,"43,925",100% bearish,of 1 rating,$37.50
GPIC,$9.94,1441290096281,"2,746",100% bearish,of 1 rating,N/A
GGACU,NULL,1441290096306,0,Not yet rated,NULL,N/A
GGACR,NULL,1441290096356,0,100% bullish,of 1 rating,N/A
GGAC,NULL,1441290096498,0,100% bearish,of 1 rating,N/A
GGACW,NULL,1441290096628,0,Not yet rated,NULL,N/A
GENC,$9.18,1441290096663,419,100% bearish,of 1 rating,N/A
GFN,$3.82,1441290096690,501,100% bearish,of 2 ratings,$8
GNCMA,$17.04,1441290096711,"20,397",100% bearish,of 1 rating,$12
GARS,$14.45,1441290096742,"10,462",Not yet rated,NULL,$16
GFNCP,$88.06,1441290096910,110,Not yet rated,NULL,N/A
GFNSL,NULL,1441290097057,0,Not yet rated,NULL,N/A
GNMK,$9.73,1441290097084,"2,300",67% bullish,of 6 ratings,$14
GNTX,$15.75,1441290097218,"109,851",Not yet rated,NULL,$20
GNCA,$11.09,1441290097243,"10,737",100% bearish,of 1 rating,$20
GHDX,$25.96,1441290097277,"5,714",50% bullish,of 2 ratings,$30
THRM,$46.235,1441290097414,"25,485",75% bearish,of 4 ratings,$55.50
GNVC,$2.61,1441290097439,"13,732",90% bullish,of 10 ratings,$8.50
GENE,$2.3999,1441290097468,"9,917",100% bullish,of 12 ratings,N/A
GTWN,NULL,1441290097495,0,Not yet rated,NULL,N/A
GEOS,$17.94,1441290097522,"24,506",100% bearish,of 3 ratings,$21
GERN,$3.6,1441290097676,"4,467,792",88% bullish,of 16 ratings,$5.25
GABC,$28.74,1441290097712,420,Not yet rated,NULL,$31.50
GEVO,$2.4776,1441290097854,"192,224",75% bullish,of 12 ratings,$5
ROCK,$16.84,1441290098016,"6,141",80% bullish,of 5 ratings,$24
GIII,$70.81,1441290098044,"118,893",67% bullish,of 3 ratings,$75
GIGA,$1.4,1441290098072,"6,600",100% bearish,of 1 rating,N/A
GILT,$4.13,1441290098098,500,50% bullish,of 2 ratings,N/A
GIGM,$0.5231,1441290098143,"1,300",100% bullish,of 2 ratings,N/A
GILD,$104.08,1441290098228,"949,375",91% bullish,of 87 ratings,$129
GBCI,$25.86,1441290098253,"9,328",50% bullish,of 2 ratings,$31
GLADO,NULL,1441290098407,0,Not yet rated,NULL,N/A
GLAD,$8.74,1441290098439,"5,587",50% bullish,of 2 ratings,$8.75
GOODN,$25.5,1441290098479,500,Not yet rated,NULL,N/A
GOOD,$14.3299,1441290098539,"7,436",Not yet rated,NULL,$19
GOODP,NULL,1441290098622,0,Not yet rated,NULL,N/A
GAIN,$7.48,1441290098754,"6,906",100% bullish,of 2 ratings,$8.25
GOODO,NULL,1441290098850,0,Not yet rated,NULL,N/A
GAINN,$25.37,1441290098884,"21,850",Not yet rated,NULL,N/A
GAINO,NULL,1441290098983,0,Not yet rated,NULL,N/A
LAND,$9.13,1441290099052,"1,276",50% bullish,of 2 ratings,$13.75
GBT,$51.67,1441290099150,"12,925",100% bearish,of 1 rating,N/A
GLBZ,NULL,1441290099195,0,Not yet rated,NULL,N/A
GBLI,$27.37,1441290099238,"1,312",Not yet rated,NULL,N/A
GDEF,$10.6499,1441290099367,300,Not yet rated,NULL,N/A
GAINP,$25.64,1441290099401,"1,000",Not yet rated,NULL,N/A
ENT,$11.19,1441290099426,"54,481",100% bearish,of 1 rating,$18
GPACU,NULL,1441290099450,0,Not yet rated,NULL,N/A
GSOL,$8.25,1441290099508,911,100% bearish,of 1 rating,N/A
ACTX,NULL,1441290099609,0,100% bullish,of 1 rating,N/A
QQQC,$18.34,1441290099829,604,100% bearish,of 1 rating,N/A
SOCL,$17.3051,1441290099860,"1,469",100% bullish,of 2 ratings,N/A
SRET,NULL,1441290099888,0,Not yet rated,NULL,N/A
YLCO,$11.6326,1441290099913,"2,310",Not yet rated,NULL,N/A
ALTY,NULL,1441290099955,0,Not yet rated,NULL,N/A
GAI,$6.4,1441290100049,108,50% bullish,of 2 ratings,N/A
GBIM,$2.49,1441290100259,100,50% bullish,of 2 ratings,N/A
GSM,$14.005,1441290100367,"20,052",50% bullish,of 2 ratings,$22
GLBS,$1.04,1441290100397,100,67% bullish,of 3 ratings,N/A
GLUU,$4.485,1441290100418,"210,705",92% bullish,of 26 ratings,$9
GOGO,$16.16,1441290100448,"62,496",80% bullish,of 5 ratings,$25
GLRI,$1.04,1441290100469,"126,928",100% bearish,of 1 rating,$4.25
GLNG,$40.275,1441290100497,"69,461",83% bullish,of 6 ratings,$55.50
GLYC,$6.98,1441290100929,201,50% bullish,of 2 ratings,$14
GMLP,$21.085,1441290100991,"9,385",50% bullish,of 4 ratings,$29
GDEN,$9.15,1441290101093,600,50% bullish,of 2 ratings,N/A
GOGL,$3.03,1441290101118,"71,652",75% bullish,of 4 ratings,$5
GLDC,$4.0888,1441290101170,200,50% bullish,of 2 ratings,N/A
GTIM,$6.7338,1441290101195,950,Not yet rated,NULL,$11.50
GBDC,$17.05,1441290101263,"18,386",Not yet rated,NULL,$17.75
GPIA,NULL,1441290101611,0,100% bearish,of 1 rating,N/A
GOOG,$615,1441290101641,"195,611",88% bullish,of 73 ratings,$787.50
GPIAU,NULL,1441290101670,0,Not yet rated,NULL,N/A
GPRO,$40.2437,1441290101691,"2,104,415",78% bullish,of 58 ratings,$72
GOOGL,$647.49,1441290101826,"164,413",88% bullish,of 1082 ratings,$749
GMAN,$3.76,1441290101847,"3,300",60% bullish,of 5 ratings,$8.50
LOPE,$36.74,1441290101880,"11,966",100% bearish,of 2 ratings,$50
GPIAW,NULL,1441290101923,0,Not yet rated,NULL,N/A
GRVY,NULL,1441290102066,0,50% bullish,of 2 ratings,N/A
GBSN,$0.174,1441290102202,"3,771,257",50% bullish,of 2 ratings,$8.25
GBSNU,NULL,1441290102227,0,NULL,NULL,NULL
GNBC,$11.745,1441290102306,"1,051",100% bearish,of 1 rating,$16.50
GLDD,$5.55,1441290102382,"7,057",100% bearish,of 4 ratings,$7.75
GRBK,$12,1441290102510,"7,960",77% bullish,of 13 ratings,N/A
GSBC,$41,1441290102563,"1,500",100% bullish,of 1 rating,$44
GPP,$14.475,1441290102592,"2,900",Not yet rated,NULL,$20.50
GLRE,$25.19,1441290102617,"24,418",50% bullish,of 2 ratings,$34
GCBC,NULL,1441290102693,0,100% bullish,of 1 rating,N/A
GPRE,$20.73,1441290102788,"18,149",67% bullish,of 6 ratings,$28.50
GRIF,NULL,1441290102861,0,100% bearish,of 1 rating,N/A
GRFS,$31.36,1441290102966,"192,909",50% bullish,of 2 ratings,$35
OMAB,$41.14,1441290103044,"1,710",100% bullish,of 1 rating,$44
GGAL,$18.4685,1441290103184,"20,693",80% bullish,of 5 ratings,$40
GRPN,$4.3199,1441290103212,"522,208",61% bullish,of 71 ratings,$6.75
GSIG,$13,1441290103241,472,100% bearish,of 2 ratings,N/A
GSVC,$8.92,1441290103342,"7,510",50% bullish,of 2 ratings,$15.75
GSIT,$4.61,1441290103393,1,100% bearish,of 1 rating,N/A
GTXI,$0.9037,1441290103485,"1,652",100% bullish,of 5 ratings,$.75
GBNK,$15.96,1441290103542,"9,754",100% bearish,of 1 rating,$18
GFED,$14.64,1441290103575,200,Not yet rated,NULL,$17
GULTU,$0.31,1441290103783,"52,100",100% bearish,of 1 rating,N/A
GUID,$7.09,1441290103843,"1,492",100% bearish,of 3 ratings,$10
GPOR,$34.7425,1441290103915,"120,682",75% bullish,of 4 ratings,$54
GIFI,$12.605,1441290103944,"2,873",100% bearish,of 1 rating,$16
GURE,NULL,1441290103965,0,88% bullish,of 8 ratings,N/A
GWPH,$104.82,1441290103993,"22,251",78% bullish,of 9 ratings,$148.50
GWGH,NULL,1441290104384,0,100% bearish,of 1 rating,$15.05
GYRO,$30.38,1441290104443,299,100% bearish,of 1 rating,N/A
HBK,$13.8,1441290105647,1,50% bullish,of 2 ratings,N/A
HALL,$11.38,1441290105680,"3,047",Not yet rated,NULL,N/A
HMPR,$1.85,1441290105701,954,100% bullish,of 1 rating,N/A
HEES,$19.08,1441290105723,"82,526",67% bearish,of 3 ratings,$31
HNRG,$7.64,1441290105756,"10,252",100% bearish,of 1 rating,$10
HLG,NULL,1441290105779,0,100% bearish,of 1 rating,N/A
HALO,$17.8,1441290105804,"116,628",67% bullish,of 3 ratings,$22.50
HBHC,$27.33,1441290105831,"22,789",50% bullish,of 2 ratings,$30
HAFC,$23.94,1441290106334,"9,639",100% bullish,of 2 ratings,$28.50
HNH,$24.93,1441290106389,"4,050",100% bullish,of 1 rating,N/A
HQCL,$12.88,1441290106442,"3,587",67% bullish,of 3 ratings,$14
HNSN,$0.55,1441290106490,"14,600",88% bullish,of 8 ratings,$.40
HBHCL,$24.5,1441290106543,223,Not yet rated,NULL,N/A
HDNG,$10.02,1441290106685,"2,201",50% bullish,of 4 ratings,N/A
HRMN,NULL,1441290106710,0,Not yet rated,NULL,N/A
TINY,$2.46,1441290106784,"2,100",50% bullish,of 2 ratings,$5.26
HRMNU,NULL,1441290106870,0,Not yet rated,NULL,N/A
HLIT,$5.74,1441290106910,"40,456",100% bearish,of 1 rating,$6.50
HART,$1.16,1441290106936,"18,308",100% bearish,of 1 rating,N/A
HBIO,$4.5,1441290106961,"9,761",100% bearish,of 1 rating,$10
HRMNW,NULL,1441290106997,0,Not yet rated,NULL,N/A
HAS,$76.325,1441290107286,"286,495",63% bullish,of 8 ratings,$84.50
HCAP,$11.944,1441290107311,"1,146",50% bullish,of 2 ratings,$15
HCAPL,NULL,1441290107336,0,Not yet rated,NULL,N/A
HWBK,NULL,1441290107770,0,100% bearish,of 1 rating,N/A
HA,$23.83,1441290107832,"38,673",67% bullish,of 9 ratings,$27
HWKN,$38.57,1441290107875,256,Not yet rated,NULL,N/A
HIIQ,$4.84,1441290108116,"3,320",50% bullish,of 2 ratings,$7
HSTM,$24.35,1441290108143,"3,026",50% bullish,of 2 ratings,$33.75
HAYN,$39.23,1441290108164,"6,403",100% bearish,of 1 rating,$59
HCOM,$22.07,1441290108306,154,100% bearish,of 1 rating,$28
HQY,$29.39,1441290108587,"13,401",67% bullish,of 3 ratings,$35
HDS,$32.865,1441290108692,"135,834",100% bearish,of 2 ratings,$39.50
HWAY,$11.92,1441290108823,"6,836",100% bearish,of 1 rating,$15
HTLD,$20.09,1441290108849,"22,713",Not yet rated,NULL,$22.50
HCSG,$32.97,1441290108870,"20,690",50% bullish,of 4 ratings,$35
HTLF,$35.99,1441290109040,382,100% bullish,of 1 rating,$39.50
HTWR,$66.7575,1441290109171,"131,577",50% bullish,of 2 ratings,$104
HSII,$19.98,1441290109198,"1,164",100% bullish,of 3 ratings,$25
HTBX,$3.753,1441290109219,"19,562",50% bullish,of 2 ratings,$15.50
HMNY,NULL,1441290109248,0,100% bearish,of 1 rating,N/A
HELE,$85.217,1441290109397,"16,168",67% bearish,of 3 ratings,$100
HMTV,$13.4,1441290109423,388,100% bearish,of 1 rating,$16
HNNA,NULL,1441290109444,0,Not yet rated,NULL,N/A
HERO,NULL,1441290109936,0,NULL,NULL,NULL
HSIC,$135.86,1441290110008,"21,892",83% bullish,of 6 ratings,$146
HCACU,NULL,1441290110093,0,Not yet rated,NULL,N/A
HTBK,$10.46,1441290110636,"8,823",Not yet rated,NULL,$12
HFWA,$17.73,1441290111055,"1,700",100% bullish,of 1 rating,$20
HEOP,$7.81,1441290111140,"1,106",Not yet rated,NULL,$8.50
MLHR,$26.89,1441290111184,"31,733",50% bullish,of 2 ratings,$33.50
HRTX,$38.27,1441290111209,"158,295",57% bullish,of 7 ratings,$41
HCCI,$12.17,1441290111282,163,100% bearish,of 1 rating,$16.50
HIHO,$4.25,1441290111437,"5,798",Not yet rated,NULL,N/A
HSKA,$34.34,1441290111512,"12,635",100% bearish,of 1 rating,$38
HIBB,$38.8,1441290111567,"38,834",100% bearish,of 1 rating,$46.50
HFFC,$16,1441290111592,101,Not yet rated,NULL,N/A
HPJ,$2.19,1441290111643,600,75% bullish,of 4 ratings,$12.43
HIFS,$116,1441290111669,200,Not yet rated,NULL,N/A
HIMX,$7.03,1441290111799,"299,280",86% bullish,of 21 ratings,$8.50
HMNF,$11.49,1441290111841,102,Not yet rated,NULL,N/A
HMSY,$10.02,1441290111931,"39,938",67% bullish,of 3 ratings,$19.35
HSGX,$5.84,1441290111973,"3,301",100% bearish,of 1 rating,$17
HOLI,$17.04,1441290112544,"32,604",50% bullish,of 4 ratings,$27
HOLX,$38.59,1441290112736,"235,334",50% bullish,of 4 ratings,$42
HBCP,$24.8,1441290112900,457,Not yet rated,NULL,$29
HFBL,NULL,1441290112935,0,Not yet rated,NULL,N/A
AWAY,$28.6,1441290112999,"104,813",67% bullish,of 3 ratings,$36
HOMB,$37.38,1441290113028,"6,031",Not yet rated,NULL,$42
HMST,$21.85,1441290113080,"7,773",100% bullish,of 2 ratings,$27
HTBI,$18.17,1441290113132,"1,501",67% bullish,of 3 ratings,$18.625
HKTV,$4.28,1441290113205,200,100% bearish,of 1 rating,N/A
HMIN,$25.84,1441290113310,"1,618",100% bearish,of 2 ratings,$35
HFBC,$11.34,1441290114594,20,Not yet rated,NULL,N/A
HRZN,$10.45,1441290114620,140,50% bullish,of 2 ratings,$14.25
HZNP,$29.95,1441290114653,"140,893",85% bullish,of 20 ratings,$40
HOFT,$24.38,1441290114676,"8,248",100% bearish,of 1 rating,N/A
HBNC,$23.57,1441290114697,501,100% bullish,of 1 rating,$27
CETC,$0.7988,1441290114729,800,86% bullish,of 7 ratings,N/A
HMHC,$22.03,1441290115467,"40,821",Not yet rated,NULL,$27
ZINC,$7.505,1441290115497,"38,860",100% bearish,of 1 rating,$17
HDP,$23.44,1441290115568,"31,036",67% bearish,of 3 ratings,$30.50
HOVNP,$3.97,1441290115595,"1,250",100% bearish,of 1 rating,N/A
HWCC,$7.55,1441290115628,"1,102",100% bearish,of 1 rating,$9
HTGM,$5.64,1441290115724,750,100% bearish,of 1 rating,$19.50
HSNI,$60.31,1441290115749,"10,690",Not yet rated,NULL,$80
HUBG,$37.91,1441290115774,"13,879",100% bearish,of 1 rating,$43
HBMD,$13.98,1441290115954,3,100% bearish,of 1 rating,N/A
HBAN,$10.75,1441290116058,"407,192",76% bullish,of 17 ratings,$12.29
HDSN,$3.05,1441290116083,"6,630",100% bullish,of 1 rating,$6.25
HSON,$2.63,1441290116115,492,100% bearish,of 1 rating,$5
HURC,$29.32,1441290116152,620,100% bearish,of 1 rating,N/A
HBANP,$1330,1441290116218,8,100% bearish,of 1 rating,N/A
HURN,$73.015,1441290116244,"2,934",50% bullish,of 2 ratings,$80
HCBK,$9.29,1441290116283,"358,130",83% bullish,of 6 ratings,$8.61
HBP,NULL,1441290116586,0,100% bullish,of 1 rating,N/A
HTCH,$1.44,1441290116665,"7,057",100% bearish,of 1 rating,$3.50
HDRA,NULL,1441290116722,0,Not yet rated,NULL,N/A
HDRAU,NULL,1441290116742,0,Not yet rated,NULL,N/A
HDRAW,$0.264,1441290116776,1,Not yet rated,NULL,N/A
HDRAR,NULL,1441290116796,0,Not yet rated,NULL,N/A
HYGS,$8.83,1441290116831,"3,900",50% bullish,of 2 ratings,$13
IACI,$70.54,1441290116925,"20,859",80% bullish,of 5 ratings,$90
IDSY,$3.8,1441290117026,900,100% bearish,of 1 rating,$7
IBKC,$60.03,1441290117155,"14,129",100% bullish,of 1 rating,$70
IKGH,$1.5,1441290117245,"2,146",75% bullish,of 4 ratings,N/A
ICAD,$3.68,1441290117270,"2,100",50% bullish,of 2 ratings,$7.25
IEP,$69.4,1441290117415,"5,683",75% bullish,of 4 ratings,$99
ICFI,$34.19,1441290117443,924,50% bullish,of 2 ratings,$48.50
ICLR,$77.32,1441290117572,"33,430",100% bearish,of 3 ratings,$85
ICON,$13.29,1441290117651,"54,953",50% bullish,of 2 ratings,$18.50
IPWR,$7.425,1441290117730,101,100% bullish,of 1 rating,$15
ICUI,$111.44,1441290117781,"4,386",Not yet rated,NULL,$122
IDRA,$3.015,1441290117833,"157,747",89% bullish,of 9 ratings,$6.50
IDXX,$72.5,1441290117911,"63,391",100% bearish,of 1 rating,$76
INVE,$4.55,1441290117989,"1,452",75% bullish,of 4 ratings,$4
IROQ,$16.9,1441290118016,100,100% bullish,of 1 rating,N/A
DSKY,$10.88,1441290118053,"2,900",67% bullish,of 6 ratings,$11.50
RXDX,$14.85,1441290118247,"29,775",100% bullish,of 1 rating,$20
IRG,$4.97,1441290118273,9,100% bearish,of 1 rating,$4.25
KANG,$15.6,1441290118410,"32,055",50% bullish,of 2 ratings,$23.10
IIVI,$16.77,1441290118442,"11,434",100% bearish,of 1 rating,$22
IKAN,$2.74,1441290118463,"11,530",83% bullish,of 6 ratings,$5
IKNX,$12.2,1441290118492,1,100% bearish,of 1 rating,N/A
ILMN,$198.5455,1441290118543,"81,100",80% bullish,of 5 ratings,$245
ISNS,$4.1299,1441290118633,"2,748",50% bullish,of 2 ratings,N/A
IMMR,$11.81,1441290118703,"9,287",80% bullish,of 5 ratings,$15.50
IMGN,$13.48,1441290118808,"62,414",75% bullish,of 4 ratings,$17.50
IMNP,$1.3,1441290118838,"45,434",50% bullish,of 2 ratings,$6
ICCC,$6.82,1441290118863,300,100% bullish,of 1 rating,N/A
IMDZ,$16.98,1441290118888,"2,759",100% bearish,of 1 rating,$33
IPXL,$41.27,1441290119081,"37,317",67% bullish,of 3 ratings,$46.50
IMMU,$2.19,1441290119108,"76,033",86% bullish,of 7 ratings,$2
IMMY,$7.79,1441290119241,3,100% bearish,of 1 rating,$11
INCR,$42.93,1441290119298,"25,481",50% bullish,of 2 ratings,$53
INDB,$44.11,1441290119346,"12,888",Not yet rated,NULL,$44
SAAS,$7.299,1441290119370,"27,736",50% bullish,of 2 ratings,$15
INCY,$123.25,1441290119396,"125,543",50% bullish,of 6 ratings,$125.50
IBCP,$14.18,1441290119669,"3,532",100% bullish,of 1 rating,$14.50
IBTX,$40.45,1441290119703,888,100% bullish,of 2 ratings,$47.25
IDSA,$3.5375,1441290119742,100,Not yet rated,NULL,N/A
INFI,$8.96,1441290119772,"25,326",50% bullish,of 4 ratings,$16.50
INFN,$21.9699,1441290119800,"275,895",71% bullish,of 7 ratings,$28
IFON,$1.28,1441290119901,"3,370",75% bullish,of 4 ratings,N/A
III,$3.739,1441290119951,"24,171",57% bullish,of 7 ratings,$6
IPCC,$76.19,1441290119976,"7,952",Not yet rated,NULL,$77.50
IMKTA,$50.63,1441290120217,"5,618",100% bearish,of 1 rating,N/A
INWK,$7.134,1441290120274,"15,989",50% bullish,of 2 ratings,$10
INOD,$2.33,1441290120348,48,100% bearish,of 1 rating,N/A
INNL,NULL,1441290120373,0,100% bearish,of 1 rating,$16.50
INGN,$51.18,1441290120509,"15,520",100% bearish,of 1 rating,$50.50
ISSC,NULL,1441290120536,0,67% bearish,of 3 ratings,N/A
IOSP,$49.66,1441290120561,"10,625",100% bearish,of 1 rating,N/A
IPHS,$46.61,1441290120714,"6,216",100% bearish,of 1 rating,$60
ITEK,$13.5701,1441290120776,"118,169",100% bearish,of 3 ratings,$20
INOV,$21.675,1441290120803,"49,194",100% bearish,of 1 rating,$33
INO,$7.16,1441290120844,"132,186",89% bullish,of 18 ratings,$20
NSIT,$25.35,1441290120871,"12,948",50% bullish,of 2 ratings,N/A
ISIG,NULL,1441290120931,0,100% bearish,of 1 rating,N/A
INSM,$25.26,1441290121002,"18,295",71% bullish,of 7 ratings,$31.50
IIIN,$17.54,1441290121146,292,100% bearish,of 2 ratings,N/A
PODD,$28.77,1441290121185,"9,540",67% bearish,of 3 ratings,$35
INSY,$34.36,1441290121233,"24,899",75% bullish,of 4 ratings,$48
IART,$61.06,1441290121326,"29,151",100% bearish,of 2 ratings,$71.50
NTEC,$5.59,1441290121368,334,100% bearish,of 1 rating,N/A
IDTI,$19.3,1441290121513,"141,767",60% bullish,of 5 ratings,$25
IESC,NULL,1441290121538,0,100% bearish,of 1 rating,N/A
ISSI,$21.87,1441290121686,"4,109",67% bullish,of 3 ratings,$19.75
INTC,$29.23,1441290121905,"4,174,475",82% bullish,of 238 ratings,$36
IQNT,$18.72,1441290121938,"22,758",86% bullish,of 7 ratings,$20
IPAR,$25.09,1441290121965,980,67% bullish,of 3 ratings,$38
ININ,$35.335,1441290122040,"3,400",67% bearish,of 3 ratings,$57
IBKR,$37.95,1441290122062,"36,870",100% bullish,of 1 rating,N/A
IPCI,$2.32,1441290122104,"2,210",67% bullish,of 6 ratings,$8
ICPT,$191.165,1441290122136,"11,159",70% bullish,of 10 ratings,$359.50
ICLD,$1.8801,1441290122339,"13,504",75% bullish,of 4 ratings,N/A
ICLDW,NULL,1441290122408,0,100% bearish,of 1 rating,N/A
IDCC,$49.0325,1441290122436,"13,711",80% bullish,of 5 ratings,$63
IMI,$2.01,1441290122502,"3,251",67% bullish,of 3 ratings,$2.22
TILE,$24.44,1441290122575,"24,235",100% bearish,of 3 ratings,$27
INAP,$9.26,1441290122672,"55,731",75% bullish,of 4 ratings,$11
ISCA,$32.8075,1441290122698,"3,402",100% bearish,of 1 rating,N/A
IBOC,$25.09,1441290122831,"3,922",100% bearish,of 1 rating,N/A
IGLD,$7.49,1441290122853,675,50% bullish,of 2 ratings,N/A
IIJI,$9.14,1441290122934,100,50% bullish,of 2 ratings,$12.50
XENT,$25.78,1441290123079,"7,784",50% bullish,of 2 ratings,$36.50
INPH,$0.307,1441290123105,200,50% bullish,of 2 ratings,N/A
PTNT,$3.03,1441290123235,108,Not yet rated,NULL,N/A
ISIL,$10.59,1441290123266,"83,201",50% bullish,of 6 ratings,$15
IILG,$19.67,1441290123298,"2,910",100% bearish,of 1 rating,$29
INTX,$1.98,1441290123323,850,67% bullish,of 3 ratings,N/A
IVAC,$4.68,1441290123366,"2,016",100% bearish,of 1 rating,$6.625
INTLL,NULL,1441290123816,0,Not yet rated,NULL,N/A
INTL,$25.98,1441290123837,"14,104",67% bearish,of 3 ratings,N/A
ITCI,$27.94,1441290123866,"83,366",75% bearish,of 4 ratings,$40
INTU,$86.75,1441290123921,"156,743",86% bullish,of 7 ratings,$107.50
IIN,$6.59,1441290124023,1,100% bearish,of 1 rating,$12
ISRG,$516.68,1441290124099,"12,123",67% bullish,of 3 ratings,$600
SNAK,$8.5299,1441290124124,"3,159",50% bullish,of 2 ratings,$14
ISTR,$15.5201,1441290124328,140,100% bearish,of 1 rating,$18.50
ITIC,$71.25,1441290124355,200,100% bearish,of 2 ratings,N/A
INVT,$0.34,1441290124376,"31,860",67% bullish,of 3 ratings,N/A
NVIV,$9.69,1441290124397,"30,269",50% bullish,of 4 ratings,$24.50
ISBC,$11.685,1441290124440,"163,384",100% bullish,of 1 rating,$13.25
IPAS,$1.01,1441290124533,"4,000",67% bullish,of 3 ratings,N/A
DTUL,NULL,1441290124627,0,Not yet rated,NULL,N/A
IVTY,$13.64,1441290124678,"1,100",Not yet rated,NULL,$18
DFVL,NULL,1441290124770,0,Not yet rated,NULL,N/A
IPCM,$79.39,1441290125023,"58,527",50% bullish,of 2 ratings,$80.125
IPGP,$84.96,1441290125053,"16,366",67% bearish,of 3 ratings,$109.50
IRBT,$29.61,1441290125080,"15,692",67% bullish,of 6 ratings,$37
IRMD,$23.8499,1441290125111,"1,274",67% bearish,of 3 ratings,$25
IRDM,$7.01,1441290125132,"52,771",60% bullish,of 5 ratings,$11.50
IRDMB,NULL,1441290125167,0,67% bearish,of 3 ratings,N/A
IRIX,$6.9125,1441290125196,"5,508",100% bearish,of 1 rating,N/A
IRCP,NULL,1441290125272,0,100% bullish,of 2 ratings,N/A
GNMA,$50.06,1441290125455,1,Not yet rated,NULL,N/A
IRWD,$11.06,1441290125481,"58,398",100% bearish,of 1 rating,$13
COMT,$33.722,1441290125510,482,100% bearish,of 1 rating,N/A
FCHI,NULL,1441290125530,0,NULL,NULL,NULL
IFAS,NULL,1441290125608,0,NULL,NULL,NULL
IFEU,NULL,1441290125839,0,Not yet rated,NULL,N/A
IFNA,NULL,1441290125869,0,NULL,NULL,NULL
AAXJ,$52.765,1441290126012,"68,014",Not yet rated,NULL,N/A
ACWX,$40.31,1441290126043,"37,410",100% bearish,of 1 rating,N/A
AXJS,NULL,1441290126111,0,NULL,NULL,NULL
IFGL,$28,1441290126137,"10,251",Not yet rated,NULL,N/A
AAIT,NULL,1441290126159,0,NULL,NULL,NULL
EEMA,$49.71,1441290126368,"3,200",Not yet rated,NULL,N/A
EMDI,NULL,1441290126439,0,NULL,NULL,NULL
EEME,NULL,1441290126542,0,NULL,NULL,NULL
EGRW,NULL,1441290126644,0,NULL,NULL,NULL
EMEY,NULL,1441290126710,0,NULL,NULL,NULL
EEML,NULL,1441290126852,0,Not yet rated,NULL,N/A
EVAL,NULL,1441290126931,0,NULL,NULL,NULL
IEUS,$45.21,1441290127038,319,100% bearish,of 1 rating,N/A
EUFN,$21.582,1441290127068,"9,698",100% bearish,of 1 rating,N/A
QAT,NULL,1441290127104,0,Not yet rated,NULL,N/A
ACWI,$55.54,1441290127125,"57,110",Not yet rated,NULL,N/A
UAE,$17.94,1441290127200,500,Not yet rated,NULL,N/A
IBB,$347.62,1441290127227,"350,083",63% bullish,of 8 ratings,N/A
SOXX,$83.44,1441290127474,"35,857",50% bullish,of 2 ratings,N/A
EMIF,$27.94,1441290127521,100,Not yet rated,NULL,N/A
ICLN,$9.2791,1441290127546,"95,900",50% bullish,of 2 ratings,N/A
WOOD,$47.78,1441290127690,"4,485",50% bullish,of 2 ratings,N/A
ISIS,$52.148,1441290127720,"138,663",53% bullish,of 15 ratings,$67
INDY,$27.19,1441290127741,"11,090",50% bullish,of 2 ratings,N/A
ISHG,$79.4199,1441290127818,500,100% bearish,of 1 rating,N/A
IGOV,$90.88,1441290127883,"1,939",100% bearish,of 1 rating,N/A
ISLE,$19.45,1441290127914,"69,684",50% bullish,of 4 ratings,$16
ISRL,$127.94,1441290127946,22,100% bearish,of 1 rating,N/A
ITRI,$29.63,1441290128013,"6,985",100% bearish,of 1 rating,$37
XXIA,$15.16,1441290128083,"35,562",71% bullish,of 7 ratings,$14.625
ITRN,$23.63,1441290128113,871,50% bullish,of 2 ratings,N/A
ITUS,$3.9599,1441290128134,400,Not yet rated,NULL,N/A
JJSF,$114.51,1441290128381,"2,261",100% bearish,of 1 rating,N/A
IXYS,$11.63,1441290128460,"13,836",50% bullish,of 4 ratings,N/A
MAYS,NULL,1441290128485,0,Not yet rated,NULL,N/A
JCOM,$67.29,1441290128567,"87,239",100% bullish,of 2 ratings,$77
JASO,$8.15,1441290128668,"114,371",82% bullish,of 17 ratings,$10
JBHT,$74.63,1441290128761,"159,623",50% bullish,of 4 ratings,$89.50
JKHY,$67.49,1441290128789,"14,392",67% bearish,of 3 ratings,$72
JAXB,$13,1441290128815,100,100% bullish,of 1 rating,N/A
JACK,$78.45,1441290128836,"29,867",71% bullish,of 7 ratings,$105
JMBA,$14.59,1441290129111,"24,475",75% bullish,of 4 ratings,$18
JAGX,$3.28,1441290129144,"3,400",Not yet rated,NULL,$10.50
JAKK,$9.27,1441290129208,"40,354",60% bearish,of 5 ratings,$11
JXSB,$24,1441290129248,"1,815",Not yet rated,NULL,N/A
ERW,NULL,1441290129272,0,Not yet rated,NULL,N/A
JASN,$4.85,1441290129308,207,50% bullish,of 2 ratings,$9.50
JRVR,$27.9399,1441290129349,"8,721",Not yet rated,NULL,$32
JBLU,$23.6898,1441290129704,"771,362",94% bullish,of 18 ratings,$27
JD,$24.95,1441290129733,"764,258",75% bullish,of 16 ratings,$36
JASNW,NULL,1441290129759,0,50% bullish,of 2 ratings,N/A
JAZZ,$168.04,1441290129784,"14,495",80% bullish,of 15 ratings,$206.50
JCTCF,$9.6,1441290129818,100,100% bullish,of 1 rating,N/A
JTPY,$2.95,1441290129839,1,100% bearish,of 1 rating,N/A
DATE,$6.25,1441290129860,"6,200",75% bullish,of 4 ratings,$9
JST,$3.7962,1441290130002,"1,400",75% bullish,of 4 ratings,N/A
JIVE,$4.625,1441290130174,"13,797",75% bullish,of 4 ratings,$5
WYIGU,NULL,1441290130203,0,100% bearish,of 1 rating,N/A
JBSS,$50.04,1441290130305,"1,742",67% bearish,of 3 ratings,N/A
JOEZ,$0.1856,1441290130333,"81,558",92% bullish,of 12 ratings,N/A
JOUT,$24.25,1441290130436,"1,954",100% bearish,of 1 rating,$34
JNP,$13.0999,1441290130480,"68,682",100% bullish,of 3 ratings,$15
JUNO,$36.167,1441290130508,"121,048",73% bullish,of 11 ratings,$71.50
KTWO,$21.17,1441290130567,"5,102",100% bearish,of 1 rating,$28.50
KBIO,$2.31,1441290130595,"84,958",50% bullish,of 4 ratings,N/A
KALU,$83.13,1441290130733,"20,896",67% bearish,of 3 ratings,$91
KMDA,$3.47,1441290130759,"6,755",50% bullish,of 2 ratings,$8
KNDI,$6.37,1441290130833,"13,628",86% bullish,of 22 ratings,N/A
KCLI,$46.5999,1441290130862,"2,630",Not yet rated,NULL,N/A
KBSF,NULL,1441290130933,0,100% bullish,of 1 rating,N/A
KPTI,$14.75,1441290131005,"35,032",67% bearish,of 3 ratings,$39
KCAP,$4.7,1441290131108,"21,627",75% bullish,of 4 ratings,$6
KRNY,$11.3,1441290131532,"22,744",100% bearish,of 1 rating,$12
KELYA,$14.55,1441290131553,"2,670",67% bullish,of 6 ratings,$20
KELYB,NULL,1441290131592,0,50% bullish,of 2 ratings,N/A
GMCR,$58.225,1441290131622,"278,584",71% bullish,of 42 ratings,$64
KFFB,NULL,1441290131647,0,100% bearish,of 1 rating,N/A
KERX,$5.58,1441290131679,"483,254",82% bullish,of 11 ratings,$12
KMPH,$19.8561,1441290131706,"2,035",100% bearish,of 2 ratings,$22
KEQU,$16.64,1441290131731,100,100% bullish,of 1 rating,N/A
KTEC,$12.05,1441290131939,7,Not yet rated,NULL,N/A
KTCC,NULL,1441290132006,0,100% bearish,of 1 rating,$16
KFRC,$26.85,1441290132042,"49,238",100% bullish,of 2 ratings,$29
KBAL,$10.6,1441290132089,"3,922",50% bullish,of 2 ratings,N/A
KE,$11.43,1441290132118,"1,892",67% bearish,of 3 ratings,$16
KIN,$6.04,1441290132222,15,50% bullish,of 2 ratings,$6.25
KGJI,$0.6601,1441290132259,400,89% bullish,of 9 ratings,N/A
KINS,$8.7055,1441290132366,"1,350",100% bullish,of 1 rating,N/A
KONE,NULL,1441290132438,0,Not yet rated,NULL,N/A
KLAC,$49.56,1441290132499,"90,058",100% bearish,of 1 rating,$61.50
KIRK,$22.71,1441290132529,"8,977",50% bullish,of 2 ratings,$32
KITE,$53.998,1441290132606,"50,867",89% bullish,of 9 ratings,$85
KLXI,$39,1441290132661,"16,987",100% bearish,of 1 rating,$48.50
KZ,$6.4,1441290132750,"5,430",60% bearish,of 5 ratings,N/A
KONA,$18.64,1441290132791,"4,588",50% bullish,of 2 ratings,$28
KOPN,$3.1,1441290132957,"17,238",50% bullish,of 2 ratings,$4.50
KRNT,NULL,1441290133045,0,50% bullish,of 2 ratings,$18
KWEB,$29.72,1441290133084,"3,215",Not yet rated,NULL,N/A
KOSS,$2.52,1441290133113,200,100% bearish,of 2 ratings,N/A
KTOS,$4.68,1441290133180,"56,404",50% bullish,of 2 ratings,$8.50
KLIC,$10.81,1441290133213,"23,653",80% bullish,of 5 ratings,$13
KUTV,$0.76,1441290133353,"5,995",50% bullish,of 2 ratings,N/A
KVHI,$10.84,1441290133379,431,100% bearish,of 1 rating,$16
KYTH,$74.73,1441290133400,"27,420",100% bullish,of 3 ratings,$66
LJPC,$35.09,1441290133538,"25,226",87% bullish,of 15 ratings,$32
FSTR,$16.91,1441290133566,"3,306",100% bearish,of 1 rating,$40.50
LSBK,NULL,1441290133595,0,Not yet rated,NULL,N/A
LSBG,$14.52,1441290133636,560,Not yet rated,NULL,N/A
LBAI,$11.02,1441290133698,760,Not yet rated,NULL,$13.25
LAKE,$9.12,1441290133964,596,57% bullish,of 7 ratings,$19
