Symbol,Price,Date,Volume,Rating,RatingVoteCount,OneYearEstimate
TFSCW,NULL,1440177302869,0,100% bearish,of 1 rating,N/A
FLWS,$9.285,1440177302895,"94,746",100% bullish,of 5 ratings,$15
TFSC,NULL,1440177302923,0,100% bearish,of 1 rating,N/A
PIH,$7.19,1440177302947,"11,800",100% bearish,of 1 rating,N/A
FCCY,NULL,1440177302973,0,100% bullish,of 1 rating,$13
FCTY,$7.63,1440177302999,100,100% bullish,of 1 rating,$8.50
SRCE,$30.13,1440177303242,"27,716",100% bullish,of 3 ratings,$33
TWOU,$34,1440177303308,"411,351",50% bullish,of 2 ratings,$39
DGLD,$76.07,1440177303337,"11,535",100% bullish,of 1 rating,N/A
UGLD,$9.92,1440177303381,"196,007",100% bearish,of 1 rating,N/A
DSLV,$60.58,1440177303466,"11,396",100% bearish,of 1 rating,N/A
VNET,$19.51,1440177303518,"303,825",60% bullish,of 5 ratings,$29.50
USLV,$14.693,1440177303610,"142,896",86% bullish,of 7 ratings,N/A
JOBS,$25.97,1440177303711,"95,040",50% bullish,of 4 ratings,$36
SIXD,$1.5,1440177303913,"193,521",Not yet rated,NULL,N/A
EGHT,$8.24,1440177303987,"212,383",82% bullish,of 17 ratings,$11
CAFD,$15.33,1440177304053,"237,104",Not yet rated,NULL,$25
AVHI,$13.93,1440177304121,"22,823",100% bearish,of 1 rating,$19
AAON,$21.55,1440177304152,"94,313",100% bearish,of 1 rating,$24
SHLM,$33.79,1440177304180,"52,839",100% bearish,of 1 rating,$50
ABGB,$4.0701,1440177304307,"16,552",67% bullish,of 3 ratings,$5.50
ABY,$20.0064,1440177304412,"706,012",100% bearish,of 2 ratings,$46
ABAX,$47.09,1440177304467,"62,095",100% bearish,of 1 rating,$60
ABEO,$4.85,1440177304565,"107,592",67% bullish,of 3 ratings,$15.50
ABEOW,$2.007,1440177304635,"1,247",100% bullish,of 1 rating,N/A
ABMD,$95.75,1440177304660,"568,437",75% bullish,of 4 ratings,$100.50
ACHC,$73.47,1440177304925,"444,584",50% bullish,of 2 ratings,$92
AXAS,$1.575,1440177305030,"384,497",78% bullish,of 9 ratings,$3.50
ACTG,$8.76,1440177305092,"153,542",67% bullish,of 3 ratings,$18.50
ACST,$0.34,1440177305122,"29,768",100% bullish,of 2 ratings,N/A
TFSCR,NULL,1440177305143,0,Not yet rated,NULL,N/A
TFSCU,NULL,1440177305174,0,Not yet rated,NULL,N/A
ACAD,$35.7245,1440177305438,"588,388",80% bullish,of 20 ratings,$48
ANCX,$18.88,1440177305465,"18,761",Not yet rated,NULL,$19
ARAY,$6.7,1440177305486,"2,374,754",100% bearish,of 1 rating,$10.50
VXDN,$11.35,1440177305612,"9,150",Not yet rated,NULL,N/A
VXUP,$20,1440177305713,"26,956",Not yet rated,NULL,N/A
ACET,$24.28,1440177305889,"80,758",75% bullish,of 4 ratings,$30
ACRX,$4.0601,1440177305920,"270,986",67% bearish,of 6 ratings,$5.50
AKAO,$6.9772,1440177305948,"36,975",75% bullish,of 4 ratings,$15
ACIW,$21.93,1440177306024,"276,521",50% bullish,of 2 ratings,$24
ACHN,$8.0099,1440177306083,"982,076",90% bullish,of 21 ratings,$16
ACNB,$20.17,1440177306109,500,Not yet rated,NULL,N/A
ACPW,$1.83,1440177306375,"40,748",100% bullish,of 4 ratings,$3.50
ACOR,$30.07,1440177306401,"365,777",67% bearish,of 3 ratings,$38.50
ACTS,$1.33,1440177306428,"21,355",100% bearish,of 1 rating,N/A
ATVI,$27.37,1440177306564,"2,823,013",68% bullish,of 84 ratings,$31.50
ACTA,$13.88,1440177306661,"79,206",67% bearish,of 3 ratings,$25
ACUR,$0.62,1440177306711,"24,864",100% bullish,of 5 ratings,$1
ADMP,$3.4499,1440177306844,"10,206",50% bullish,of 2 ratings,$10
ACXM,$20.26,1440177306877,"188,228",67% bullish,of 3 ratings,N/A
ADMS,$19.7,1440177306898,"38,290",100% bearish,of 2 ratings,$36
ADUS,$29.765,1440177306978,"18,575",100% bearish,of 1 rating,$31
ADEP,$6.7816,1440177307246,"19,481",50% bullish,of 2 ratings,$10.75
AEY,$2.31,1440177307277,"10,904",100% bearish,of 2 ratings,N/A
AXDX,$18.0701,1440177307305,"100,878",100% bearish,of 1 rating,N/A
ADMA,$9.2,1440177307349,"1,642",Not yet rated,NULL,$19
ADBE,$79.77,1440177307453,"2,064,530",65% bullish,of 17 ratings,$90
ADTN,$15.54,1440177307479,"145,418",67% bullish,of 3 ratings,$17.125
ADRO,$19.13,1440177307670,"161,936",80% bullish,of 5 ratings,$45.50
AMD,$1.725,1440177307724,"3,690,256",83% bullish,of 103 ratings,$2
AEIS,$25.049,1440177307757,"104,779",50% bullish,of 2 ratings,$32.50
ADXS,$14.469,1440177307855,"537,275",64% bullish,of 14 ratings,$27
ADXSW,$10.17,1440177307927,"2,616",100% bullish,of 1 rating,N/A
YPRO,$23.25,1440177308030,"3,162",100% bearish,of 1 rating,N/A
MULT,NULL,1440177308195,0,100% bearish,of 1 rating,N/A
AEGN,$18.05,1440177308328,"86,062",100% bearish,of 1 rating,$21
AEHR,$2.111,1440177308355,"2,764",50% bullish,of 2 ratings,N/A
AEGR,$18.7,1440177308380,"189,110",50% bullish,of 6 ratings,$26
AMTX,$3.21,1440177308410,"5,534",50% bullish,of 2 ratings,$26.11
AEPI,$57.73,1440177308583,"11,503",100% bearish,of 1 rating,N/A
AVAV,$24.3,1440177308713,"80,766",50% bullish,of 4 ratings,$31
AEZS,$0.1052,1440177308746,"2,702,092",90% bullish,of 21 ratings,$1.50
AERI,$15.87,1440177308847,"214,995",75% bullish,of 4 ratings,$31.50
AEMD,$6.6201,1440177308875,"69,971",Not yet rated,NULL,$27.50
AFFX,$9.544,1440177309125,"288,850",80% bullish,of 5 ratings,$12
AGYS,$9.65,1440177309233,"11,874",100% bearish,of 1 rating,N/A
AGEN,$6.97,1440177309260,"611,662",85% bullish,of 13 ratings,$14
AGRX,$8.4599,1440177309290,"24,718",100% bearish,of 1 rating,$17.50
XLRN,$28.54,1440177309321,"67,152",50% bullish,of 2 ratings,$57
AGFS,$9.76,1440177309388,"35,679",100% bearish,of 1 rating,N/A
AGFSW,$1.72,1440177309646,"22,797",100% bearish,of 2 ratings,N/A
AGIO,$88.3,1440177309677,"322,718",88% bullish,of 8 ratings,$114
AIMT,$22.03,1440177309704,"88,338",Not yet rated,NULL,N/A
AIRM,$36.63,1440177309783,"120,990",80% bearish,of 5 ratings,$53
AIXG,$5.96,1440177310120,"30,837",67% bearish,of 3 ratings,$5.25
AKBA,$6.5875,1440177310154,"113,990",100% bearish,of 1 rating,$18
AMCN,$4.7801,1440177310176,"300,384",83% bullish,of 6 ratings,N/A
ATSG,$9.08,1440177310198,"109,663",67% bullish,of 3 ratings,$13
AIRT,$22.46,1440177310236,50,100% bullish,of 1 rating,N/A
AKER,$2.54,1440177310263,"85,894",Not yet rated,NULL,N/A
AKAM,$68.95,1440177310459,"778,783",63% bullish,of 8 ratings,$77
AKRX,$40.405,1440177310563,"488,601",78% bullish,of 9 ratings,$56
ALRM,$16.4221,1440177310588,"189,549",100% bearish,of 1 rating,$22
ALSK,$2.1,1440177310722,"58,157",78% bullish,of 18 ratings,$2
AMRI,$19.72,1440177310824,"97,126",75% bearish,of 4 ratings,$24
ADHD,$8.22,1440177310885,"123,775",50% bullish,of 4 ratings,$18
ABDC,$12.5978,1440177310910,"14,306",Not yet rated,NULL,$15
ALDX,$7.54,1440177310964,"5,663",100% bearish,of 1 rating,$14.50
ALDR,$37.17,1440177311072,"234,009",67% bearish,of 3 ratings,$62
ALXN,$177.3,1440177311130,"703,632",88% bullish,of 8 ratings,$223
ALXA,$1.1099,1440177311201,"16,199",83% bullish,of 6 ratings,$2.125
ALGN,$57.12,1440177311331,"161,951",100% bearish,of 2 ratings,$73
ALCO,$42.6,1440177311357,"17,037",50% bullish,of 2 ratings,N/A
ALIM,$3.22,1440177311498,"97,882",80% bullish,of 5 ratings,$10
ALKS,$60.82,1440177311630,"298,802",67% bullish,of 3 ratings,$75
ALGT,$214.71,1440177311659,"84,074",100% bearish,of 1 rating,$235
ALLB,$23.1601,1440177311760,"1,104",Not yet rated,NULL,N/A
AFOP,$17.45,1440177311792,"78,618",75% bullish,of 8 ratings,$21
AHGP,$36.49,1440177311974,"12,572",67% bullish,of 3 ratings,N/A
ARLP,$24.68,1440177312006,"65,318",67% bearish,of 3 ratings,$32
AIQ,$14.71,1440177312035,"7,406",67% bullish,of 3 ratings,N/A
AHPI,NULL,1440177312109,0,50% bullish,of 2 ratings,N/A
AMOT,$17.05,1440177312249,"52,790",100% bearish,of 1 rating,N/A
ALQA,$4.4461,1440177312325,"25,185",75% bullish,of 4 ratings,$8.50
ALLT,$5.061,1440177312398,"39,832",75% bullish,of 4 ratings,$6.25
MDRX,$13.6,1440177312534,"384,979",60% bullish,of 5 ratings,$16
AFAM,$46.392,1440177312640,"38,700",50% bullish,of 2 ratings,$44
ALNY,$102.3147,1440177312707,"231,081",67% bullish,of 3 ratings,$148.50
AOSL,$7.3,1440177312733,"42,606",67% bullish,of 3 ratings,$9
ALTR,$48.32,1440177312799,"1,632,884",80% bearish,of 5 ratings,$54
SMCP,$22.56,1440177312928,"1,500",Not yet rated,NULL,N/A
ATEC,$0.59,1440177312956,"14,849",100% bullish,of 1 rating,$2
ASPS,$29.22,1440177313105,"115,252",67% bullish,of 3 ratings,$46.50
AIMC,$25.35,1440177313144,"47,772",100% bearish,of 1 rating,$28.50
AMRN,$2.05,1440177313328,"494,739",85% bullish,of 39 ratings,$8
AMAG,$60.65,1440177313359,"246,585",100% bullish,of 2 ratings,$77.50
AMZN,$503.13,1440177313464,"2,066,729",81% bullish,of 263 ratings,$646
AMRK,$10.59,1440177313489,"3,720",50% bullish,of 2 ratings,$14
AYA,$21.57,1440177313550,"50,939",100% bearish,of 1 rating,$40
AMBA,$89.199,1440177313682,"3,522,649",83% bullish,of 12 ratings,$102.50
AMBCW,$7.0532,1440177313710,"1,178",100% bearish,of 1 rating,N/A
AMBC,$15.66,1440177313732,"112,896",100% bearish,of 1 rating,$16.50
EPAX,$2.71,1440177313867,"72,247",100% bearish,of 1 rating,N/A
AMCX,$68.42,1440177313970,"303,890",67% bullish,of 3 ratings,$85.50
AMDA,$0.4729,1440177314021,"828,685",90% bullish,of 10 ratings,$1
DOX,$58.08,1440177314046,"62,496",50% bullish,of 2 ratings,$60
UHAL,$360.76,1440177314261,"7,853",100% bullish,of 2 ratings,$393.50
AMED,$40.21,1440177314294,"154,987",100% bearish,of 1 rating,$42
AAL,$40.1599,1440177314393,"5,332,098",93% bullish,of 87 ratings,$57
AMOV,$17.75,1440177314434,"1,516",100% bearish,of 1 rating,N/A
ATAX,$5.21,1440177314462,"125,601",100% bullish,of 1 rating,$6.50
ASBI,$22.57,1440177314523,100,Not yet rated,NULL,N/A
AGNC,$19.7438,1440177314653,"1,808,599",75% bullish,of 28 ratings,$22
MTGE,$15.71,1440177314849,"229,713",75% bullish,of 4 ratings,$19.50
AGNCB,$24.27,1440177314875,"11,025",Not yet rated,NULL,N/A
AGNCP,$25.3301,1440177314903,"1,511",Not yet rated,NULL,N/A
MTGEP,NULL,1440177314940,0,Not yet rated,NULL,N/A
ACAS,$13.765,1440177315194,"693,315",60% bullish,of 5 ratings,$16.75
ACSF,$12.24,1440177315254,"26,614",100% bearish,of 1 rating,$15
AETI,NULL,1440177315280,0,67% bearish,of 3 ratings,N/A
ANCI,$1.42,1440177315323,"5,568",100% bearish,of 1 rating,N/A
AMIC,NULL,1440177315411,0,Not yet rated,NULL,N/A
AMNB,$22.8894,1440177315543,"7,599",Not yet rated,NULL,$25.50
ANAT,$101.25,1440177315603,"7,129",100% bullish,of 1 rating,N/A
APEI,$21.38,1440177315759,"42,980",100% bearish,of 1 rating,$25.50
AMRB,$10,1440177315813,"1,154",Not yet rated,NULL,$11
ARII,$38.6,1440177315901,"89,572",67% bearish,of 3 ratings,$45
ASEI,$39.25,1440177315975,"24,937",100% bearish,of 1 rating,$52.50
AMSWA,$9.13,1440177316031,"32,509",100% bearish,of 2 ratings,$10.75
AMSC,$3.59,1440177316106,"13,643",50% bullish,of 4 ratings,N/A
AMWD,$67.18,1440177316132,"142,575",50% bullish,of 2 ratings,$58
ABCB,$27.59,1440177316272,"84,579",Not yet rated,NULL,$31
CRMT,$38.17,1440177316374,"73,710",100% bearish,of 1 rating,$49
AMSF,$49.76,1440177316478,"50,849",Not yet rated,NULL,$57.50
ASRVP,NULL,1440177316573,0,Not yet rated,NULL,N/A
ASRV,$3.23,1440177316605,202,100% bullish,of 2 ratings,N/A
FOLD,$14.3,1440177316874,"1,663,081",56% bullish,of 9 ratings,$21
AMGN,$158.61,1440177316904,"1,989,884",89% bullish,of 19 ratings,$185
ATLO,$23.44,1440177317006,"12,638",Not yet rated,NULL,N/A
AMKR,$4.33,1440177317085,"873,086",100% bearish,of 2 ratings,$5
AMPH,$13.9,1440177317151,"88,014",50% bullish,of 2 ratings,$20
AMSG,$81.5199,1440177317254,"179,495",100% bearish,of 1 rating,$85.50
AMSGP,NULL,1440177317343,0,Not yet rated,NULL,N/A
ASYS,$5.21,1440177317475,"24,582",67% bullish,of 3 ratings,$12
AFSI,$59.69,1440177317505,"504,185",60% bullish,of 5 ratings,$72
AMRS,$1.631,1440177317607,"47,014",70% bullish,of 10 ratings,N/A
ANAD,$0.36,1440177317755,"79,511",100% bullish,of 2 ratings,$.50
ANAC,$130.46,1440177317857,"338,397",80% bullish,of 5 ratings,$180.50
ALOG,$82.48,1440177317883,"36,542",100% bearish,of 2 ratings,$100.50
ADI,$54.81,1440177317919,"1,791,862",67% bullish,of 3 ratings,$69
ANCB,NULL,1440177318074,0,Not yet rated,NULL,$23
ABCW,$39.79,1440177318103,"5,934",67% bullish,of 3 ratings,N/A
AMCF,$0.26,1440177318306,"7,820",100% bullish,of 7 ratings,N/A
ANGI,$4.56,1440177318386,"375,523",64% bullish,of 11 ratings,$5.50
ANGO,$14.78,1440177318415,"52,072",67% bullish,of 3 ratings,$19
ANIP,$50.225,1440177318544,"141,268",89% bullish,of 19 ratings,$66
ANIK,$34.778,1440177318603,"50,876",60% bullish,of 5 ratings,$51.25
ANSS,$92.0833,1440177318631,"199,300",100% bearish,of 1 rating,$100
ATRS,$1.803,1440177318760,"405,148",92% bullish,of 12 ratings,$4.50
ANTH,$6.97,1440177318789,"1,279,282",80% bullish,of 10 ratings,$13
ABAC,$0.6701,1440177319036,"22,347",100% bearish,of 1 rating,N/A
APIC,$6.36,1440177319082,"104,185",100% bearish,of 1 rating,$19
ATNY,$2.369,1440177319108,"1,353",50% bullish,of 2 ratings,$3.75
APOG,$51.34,1440177319244,"105,417",100% bullish,of 1 rating,$67
APOL,$10.955,1440177319277,"499,784",87% bearish,of 68 ratings,$14
AINV,$6.4448,1440177319302,"625,243",50% bullish,of 4 ratings,$8
AAPL,$108.175,1440177319532,"42,785,176",86% bullish,of 2336 ratings,$150
APPF,$16.4,1440177319558,"35,394",50% bullish,of 2 ratings,$22
ARCI,$1.19,1440177319780,"1,204",Not yet rated,NULL,N/A
APDNW,$1.2301,1440177319827,"1,600",Not yet rated,NULL,N/A
APDN,$3.17,1440177319853,"33,216",Not yet rated,NULL,$9
AGTC,$15.35,1440177319925,"37,078",50% bullish,of 2 ratings,$33
AMAT,$15.6699,1440177319983,"5,825,672",82% bullish,of 11 ratings,$23
AMCC,$5.37,1440177320120,"581,667",80% bullish,of 5 ratings,$8
AAOI,$19.81,1440177320198,"174,655",50% bullish,of 4 ratings,$26
AREX,$2.045,1440177320256,"520,914",100% bearish,of 1 rating,$3
APRI,$1.28,1440177320332,"122,219",83% bullish,of 6 ratings,$4.86
APTO,$4.68,1440177320428,"1,263",Not yet rated,NULL,$17
AQMS,$4.93,1440177320487,"3,401",Not yet rated,NULL,N/A
AQXP,$17.6,1440177320703,"330,135",50% bullish,of 2 ratings,$2
AUMAU,$10,1440177320739,100,Not yet rated,NULL,N/A
AUMA,NULL,1440177320768,0,Not yet rated,NULL,N/A
ARDM,$7.02,1440177320930,"4,008",100% bullish,of 1 rating,$26
AUMAW,NULL,1440177320955,0,Not yet rated,NULL,N/A
ARCW,$3.43,1440177321170,"24,409",100% bearish,of 2 ratings,$10.50
PETX,$17.06,1440177321230,"181,433",100% bearish,of 2 ratings,$26
ABIO,$0.895,1440177321261,"68,314",50% bullish,of 2 ratings,$3.75
ABUS,$7.215,1440177321356,"340,382",86% bullish,of 14 ratings,$23
ARCB,$29.55,1440177321433,"109,519",50% bullish,of 2 ratings,$39.50
RKDA,$5.215,1440177321461,"12,987",100% bearish,of 2 ratings,$10
ACAT,$26.43,1440177321701,"188,504",100% bearish,of 3 ratings,$33
ACGL,$71.03,1440177321831,"89,409",50% bullish,of 2 ratings,$72
ARCC,$15.46,1440177321960,"822,725",67% bearish,of 3 ratings,$17.875
ARNA,$2.94,1440177322011,"2,220,261",90% bullish,of 77 ratings,$5.50
ARDX,$17.13,1440177322062,"72,400",50% bullish,of 2 ratings,$24.50
AGII,$57.74,1440177322142,"74,094",Not yet rated,NULL,$59.50
ARGS,$5.964,1440177322277,"43,261",50% bullish,of 2 ratings,$19.50
ARIS,$3.22,1440177322444,"2,500",Not yet rated,NULL,$4.50
AGIIL,$25.46,1440177322498,"4,414",Not yet rated,NULL,N/A
ARIA,$6.76,1440177322594,"1,740,607",87% bullish,of 46 ratings,$9
ARMH,$40.74,1440177322624,"670,265",54% bearish,of 13 ratings,$61
ARKR,$25.055,1440177322650,514,50% bullish,of 2 ratings,N/A
ARWA,NULL,1440177322891,0,Not yet rated,NULL,N/A
ARTX,$1.48,1440177322929,"61,294",88% bullish,of 16 ratings,$4.50
ARWAW,NULL,1440177323065,0,Not yet rated,NULL,N/A
ARWAU,NULL,1440177323124,0,100% bullish,of 1 rating,N/A
ARWAR,NULL,1440177323196,0,Not yet rated,NULL,N/A
ARQL,$1.66,1440177323223,"171,486",75% bullish,of 4 ratings,$5
ARRY,$5.4699,1440177323357,"678,010",100% bullish,of 7 ratings,$10
ARRS,$26.7,1440177323487,"519,536",50% bullish,of 2 ratings,$38
AROW,$26.79,1440177323621,"19,271",Not yet rated,NULL,N/A
ARWR,$5.58,1440177323684,"567,719",75% bullish,of 4 ratings,$10.50
DWAT,$9.9599,1440177323750,"45,811",100% bearish,of 1 rating,N/A
ARTNA,$22.7,1440177323784,"15,837",100% bearish,of 1 rating,$29
ARTW,$4.35,1440177323883,"2,904",75% bearish,of 4 ratings,N/A
ASBB,$24.65,1440177323908,200,Not yet rated,NULL,N/A
ASNA,$11.345,1440177324183,"1,305,959",50% bullish,of 2 ratings,$18
ASCMA,$28.64,1440177324317,"52,416",100% bearish,of 1 rating,$45
ASND,$17.91,1440177324348,"13,623",100% bullish,of 1 rating,$30
ASTI,$0.13,1440177324378,"1,035,438",83% bullish,of 6 ratings,$3
APWC,$1.9,1440177324450,400,100% bearish,of 1 rating,N/A
ASMI,NULL,1440177324474,0,NULL,NULL,NULL
ASML,$87.01,1440177324726,"486,500",67% bullish,of 3 ratings,$127
ASFI,$8.92,1440177324830,"2,342",100% bullish,of 1 rating,N/A
ASMB,$12.25,1440177324856,"57,160",67% bullish,of 3 ratings,N/A
AZPN,$38.26,1440177324918,"449,585",50% bullish,of 2 ratings,$42
ASTE,$36.37,1440177325046,"44,469",100% bearish,of 1 rating,$48
ALOT,$13.37,1440177325132,533,100% bearish,of 1 rating,N/A
ATRO,$52.89,1440177325263,"46,937",100% bearish,of 2 ratings,$80
ATRA,$42.04,1440177325482,"98,812",50% bullish,of 2 ratings,$68
ASUR,$5.5,1440177325513,"8,129",100% bearish,of 1 rating,$8
ATAI,$2.8192,1440177325539,"28,146",100% bearish,of 1 rating,N/A
ASTC,$2.2091,1440177325566,"31,454",100% bullish,of 5 ratings,N/A
ATHN,$133.08,1440177325591,"64,491",67% bearish,of 3 ratings,$153
AFCB,$28.01,1440177325961,168,Not yet rated,NULL,N/A
ATHX,$1.1969,1440177326032,"169,503",89% bullish,of 9 ratings,$5
AAPC,$10.21,1440177326113,197,Not yet rated,NULL,N/A
ATNI,$74.16,1440177326167,"33,034",100% bearish,of 1 rating,$69.50
AAME,$3.6399,1440177326194,831,Not yet rated,NULL,N/A
ACFC,$5.953,1440177326216,"77,461",Not yet rated,NULL,$6.50
ATLC,$3.9399,1440177326553,"2,800",67% bullish,of 3 ratings,N/A
AAWW,$41.91,1440177326584,"195,707",50% bullish,of 2 ratings,$65
AFH,$16.5,1440177326682,"59,462",Not yet rated,NULL,$21.50
ATML,$7.11,1440177326716,"1,184,770",78% bullish,of 9 ratings,$9.50
ATOS,$0.852,1440177326753,"136,677",100% bullish,of 7 ratings,$7
ATRC,$25.67,1440177326820,"94,420",100% bullish,of 1 rating,$30
ATRI,$388.75,1440177326977,"2,178",Not yet rated,NULL,N/A
ATTU,$13.95,1440177327189,"26,379",100% bearish,of 1 rating,$20.50
LIFE,$14.04,1440177327293,"23,123",86% bullish,of 7 ratings,$43
AUBN,$27.0001,1440177327423,502,Not yet rated,NULL,N/A
AUPH,$3.18,1440177327491,"8,461",100% bearish,of 1 rating,$8
ATRM,$2.89,1440177327574,200,50% bullish,of 2 ratings,N/A
AUDC,$3.18,1440177327625,"36,482",80% bullish,of 5 ratings,$5
EARS,$4.8,1440177327709,"9,901",100% bearish,of 2 ratings,$11.50
ADAT,$0.1259,1440177327765,"19,367",100% bullish,of 2 ratings,N/A
ABTL,$17.69,1440177327893,"46,896",100% bullish,of 4 ratings,$20.25
ADSK,$52.24,1440177327973,"1,054,150",83% bullish,of 6 ratings,$69.50
ADP,$80.5368,1440177328001,"875,595",100% bearish,of 1 rating,$88
AVGO,$112.685,1440177328177,"1,943,677",88% bullish,of 8 ratings,$160
AAVL,$10.75,1440177328321,"134,130",100% bearish,of 1 rating,$20
AVNU,NULL,1440177328398,0,Not yet rated,NULL,$14
AVNW,$1.2,1440177328453,"81,937",50% bullish,of 2 ratings,$2.20
AVEO,$1.33,1440177328505,"921,379",75% bullish,of 8 ratings,$3
AVID,$7.99,1440177328678,"322,268",100% bearish,of 1 rating,$20
CAR,$42.004,1440177328765,"952,571",80% bullish,of 5 ratings,$60
AVGR,$14.47,1440177328854,"12,869",100% bearish,of 1 rating,$20
AWRE,$3.12,1440177328959,"2,460",67% bullish,of 3 ratings,N/A
AXPW,$1.1372,1440177328987,"28,401",83% bullish,of 6 ratings,N/A
ACLS,$3.3,1440177329025,"336,957",67% bullish,of 6 ratings,$4.75
AXPWW,NULL,1440177329210,0,Not yet rated,NULL,N/A
AXGN,$3.9599,1440177329343,"11,394",Not yet rated,NULL,$5
AXTI,$2.16,1440177329473,"13,380",50% bullish,of 2 ratings,$2.75
BOSC,$2.2101,1440177329650,617,50% bullish,of 2 ratings,N/A
BEAV,$48.72,1440177329699,"281,720",67% bearish,of 3 ratings,$59
RILY,$10,1440177329725,500,Not yet rated,NULL,N/A
BCOM,NULL,1440177329753,0,100% bearish,of 1 rating,N/A
BCPC,$57.66,1440177330003,"67,876",100% bearish,of 1 rating,$75
BIDU,$154.79,1440177330050,"2,209,958",81% bullish,of 88 ratings,$210
BLDP,$1.24,1440177330091,"359,847",91% bullish,of 22 ratings,$2.50
BWINA,NULL,1440177330136,0,Not yet rated,NULL,N/A
BWINB,$23,1440177330193,"17,394",Not yet rated,NULL,N/A
BANF,$61.1928,1440177330323,"11,784",Not yet rated,NULL,$68
BANFP,NULL,1440177330416,0,Not yet rated,NULL,N/A
BKMU,$7.1,1440177330620,"73,425",Not yet rated,NULL,$8
BOCH,$5.7704,1440177330647,"14,207",Not yet rated,NULL,$6.50
BMRC,$48.85,1440177330776,"10,154",Not yet rated,NULL,$52
BKSC,$15.58,1440177330802,137,Not yet rated,NULL,N/A
BOTJ,$11.15,1440177330867,"2,966",Not yet rated,NULL,N/A
BFIN,$12.16,1440177330949,"17,398",Not yet rated,NULL,$13
BWFG,$18.08,1440177331094,205,100% bearish,of 1 rating,N/A
OZRK,$40.52,1440177331165,"255,149",67% bullish,of 3 ratings,$49.50
BANR,$45.51,1440177331196,"44,203",100% bullish,of 3 ratings,$50
TAPR,$29.38,1440177331301,"4,450",100% bearish,of 1 rating,N/A
BZUN,$5.826,1440177331328,"249,394",50% bullish,of 2 ratings,$12.60
BHAC,NULL,1440177331549,0,Not yet rated,NULL,N/A
BHACR,NULL,1440177331647,0,Not yet rated,NULL,N/A
BHACU,NULL,1440177331698,0,Not yet rated,NULL,N/A
BBSI,$34.49,1440177331779,"44,143",67% bearish,of 3 ratings,$62.50
BSET,$29.03,1440177331909,"25,912",100% bearish,of 1 rating,$35
BHACW,NULL,1440177331934,0,Not yet rated,NULL,N/A
BYBK,$5.09,1440177331994,878,100% bearish,of 1 rating,N/A
BYLK,$12.95,1440177332129,300,Not yet rated,NULL,$14
BV,$5.16,1440177332155,"155,243",67% bullish,of 6 ratings,$9
BCBP,$11.74,1440177332289,"8,495",Not yet rated,NULL,N/A
BBCN,$14.83,1440177332348,"148,698",100% bearish,of 1 rating,$16
BDCV,$4.92,1440177332377,"3,808",100% bearish,of 1 rating,$10.19
BECN,$35.6,1440177332577,"166,682",50% bullish,of 2 ratings,$40
BSF,$8.65,1440177332628,"10,509",Not yet rated,NULL,N/A
BBGI,NULL,1440177332784,0,100% bearish,of 1 rating,N/A
BELFA,$15.5,1440177332922,100,100% bearish,of 1 rating,N/A
BEBE,$1.75,1440177332955,"53,861",75% bullish,of 4 ratings,$3.075
BBBY,$62.02,1440177332977,"985,583",71% bullish,of 7 ratings,$75
BLPH,$5.0671,1440177333054,"19,817",100% bearish,of 1 rating,$12.50
BELFB,$18.0098,1440177333147,"29,352",100% bearish,of 1 rating,N/A
BLCM,$17.44,1440177333361,"369,861",50% bullish,of 4 ratings,$40
BNCL,$12.72,1440177333451,"196,763",100% bullish,of 3 ratings,$12.50
BNFT,$37.17,1440177333479,"47,757",67% bullish,of 3 ratings,$46
BNTC,$7.92,1440177333549,"23,942",100% bullish,of 1 rating,N/A
BGMD,$0.8301,1440177333644,"96,934",100% bullish,of 10 ratings,N/A
BGCP,$8.9,1440177333830,"899,574",88% bullish,of 8 ratings,$14
BIND,$4.62,1440177333909,"34,614",67% bullish,of 3 ratings,$13.50
BGFV,$10.96,1440177333965,"78,422",57% bullish,of 7 ratings,$12
ORPN,$5.25,1440177334011,"11,707",100% bullish,of 1 rating,$28.50
BASI,$1.32,1440177334036,"4,146",Not yet rated,NULL,N/A
BCDA,NULL,1440177334227,0,Not yet rated,NULL,N/A
BIOC,$2.09,1440177334358,"352,495",83% bullish,of 6 ratings,$3.85
BCRX,$12.073,1440177334441,"308,796",63% bullish,of 8 ratings,$18
BIOD,$0.677,1440177334502,"81,621",80% bullish,of 5 ratings,$4
BDSI,$6.59,1440177334586,"535,952",88% bullish,of 8 ratings,$17
BIOL,$1.5,1440177334839,"2,852",Not yet rated,NULL,N/A
BLRX,$1.4528,1440177334887,"183,024",100% bullish,of 12 ratings,$5
BMRN,$127.84,1440177334916,"454,390",80% bullish,of 5 ratings,$160
BLFS,$2.0899,1440177334938,"45,376",100% bearish,of 1 rating,$4.75
BIIB,$305.877,1440177334960,"795,685",88% bullish,of 16 ratings,$400
BVXV,$3.92,1440177335093,"5,192",Not yet rated,NULL,N/A
BRLI,NULL,1440177335193,0,NULL,NULL,NULL
BVXVW,NULL,1440177335330,0,100% bearish,of 1 rating,N/A
BPTH,$1.1,1440177335357,"34,254",100% bullish,of 2 ratings,$5
BIOS,$1.81,1440177335533,"533,382",71% bullish,of 7 ratings,$4
BBP,$32.3401,1440177335701,"67,239",Not yet rated,NULL,N/A
BBC,$30.6575,1440177335785,"50,056",Not yet rated,NULL,N/A
BSTC,$50.12,1440177335831,"50,200",100% bearish,of 1 rating,$76
BSPM,$0.656,1440177335865,"6,900",50% bullish,of 2 ratings,N/A
TECH,$102.92,1440177335917,"38,462",100% bullish,of 1 rating,$117
BOTA,$2.24,1440177335961,"23,069",88% bullish,of 8 ratings,N/A
BITI,$17.66,1440177336162,"28,094",100% bullish,of 1 rating,$28
BDMS,NULL,1440177336228,0,100% bearish,of 1 rating,N/A
BEAT,$13.56,1440177336254,"141,471",67% bearish,of 3 ratings,$15
BJRI,$44.73,1440177336387,"94,129",50% bullish,of 2 ratings,$55
BBOX,$15.39,1440177336470,"33,169",100% bearish,of 1 rating,N/A
BDE,$7.4,1440177336630,"114,265",50% bullish,of 2 ratings,$9
BLKB,$58.14,1440177336663,"97,269",100% bearish,of 2 ratings,$66
BBRY,$7.1428,1440177336690,"2,895,809",61% bullish,of 330 ratings,$9
HAWK,$41.63,1440177336736,"265,343",90% bullish,of 10 ratings,$49
BKCC,$9.05,1440177336891,"227,704",100% bullish,of 2 ratings,$10
ADRA,$27.05,1440177336917,400,Not yet rated,NULL,N/A
ADRD,$22.13,1440177337052,"5,622",100% bearish,of 1 rating,N/A
ADRE,$29.7552,1440177337110,"41,013",Not yet rated,NULL,N/A
ADRU,$22.0101,1440177337241,748,100% bearish,of 1 rating,N/A
BLMN,$20.19,1440177337334,"1,109,647",83% bullish,of 6 ratings,$27.50
BCOR,$13.53,1440177337525,"109,950",57% bullish,of 7 ratings,$15
BLBD,$11.67,1440177337554,"3,504",Not yet rated,NULL,N/A
BHBK,$14.08,1440177337684,"73,029",100% bullish,of 1 rating,$14.50
BUFF,$26.75,1440177337710,"287,891",83% bullish,of 12 ratings,$31.50
BBLU,$0.8801,1440177337756,"83,349",100% bullish,of 2 ratings,$4.43
NILE,$34.09,1440177337839,"35,153",50% bullish,of 2 ratings,$34
BLUE,$124.99,1440177338030,"269,421",71% bullish,of 7 ratings,$217.50
BKEP,$6.53,1440177338103,"25,518",100% bearish,of 1 rating,$8.50
BKEPP,$7.865,1440177338132,100,100% bearish,of 1 rating,N/A
BPMC,$26.1,1440177338153,"28,668",50% bullish,of 2 ratings,$47.50
BNCN,$21.265,1440177338288,"47,782",Not yet rated,NULL,$23
BOBE,$44.201,1440177338449,"70,601",75% bullish,of 4 ratings,$57
BOFI,$124.31,1440177338610,"208,514",100% bullish,of 6 ratings,$144
WIFI,$7.96,1440177338637,"227,063",50% bullish,of 2 ratings,$13.50
BOKF,$61.77,1440177338665,"47,784",100% bearish,of 1 rating,$70.50
BOJA,$20.5553,1440177338687,"63,411",100% bullish,of 1 rating,$30
BONA,$11.79,1440177338835,"108,378",75% bullish,of 4 ratings,$8.50
BAMM,$3.21,1440177339073,"3,939",60% bullish,of 5 ratings,N/A
BPFH,$12.1,1440177339103,"132,490",100% bearish,of 1 rating,$14
BNSO,$1.35,1440177339158,"4,980",100% bearish,of 1 rating,N/A
BPFHP,$25.75,1440177339203,200,100% bearish,of 1 rating,N/A
BPFHW,$5.5,1440177339290,558,100% bearish,of 1 rating,N/A
EPAY,$25.53,1440177339488,"69,364",100% bearish,of 2 ratings,$30
BCLI,$2.97,1440177339520,"46,837",80% bullish,of 5 ratings,$12
BDBD,$8.48,1440177339541,"293,683",60% bullish,of 5 ratings,$10
BBRG,$12.48,1440177339571,"38,349",67% bullish,of 3 ratings,$14.50
BBEPP,$13.49,1440177339700,"60,966",100% bearish,of 1 rating,N/A
BBEP,$2.249,1440177339731,"1,017,255",69% bullish,of 13 ratings,$5.625
BLIN,$1.2,1440177339951,"6,400",50% bullish,of 2 ratings,$2.20
BDGE,$27.08,1440177339977,"13,633",Not yet rated,NULL,$31.75
BRID,$8.01,1440177340129,120,100% bearish,of 1 rating,N/A
BSFT,$30.9,1440177340288,"80,558",57% bullish,of 7 ratings,$40.50
BCOV,$5.25,1440177340313,"79,447",67% bullish,of 3 ratings,$10.20
BRCM,$49.01,1440177340340,"2,207,055",75% bullish,of 12 ratings,$56
BVSN,$5.5275,1440177340468,"12,025",60% bearish,of 5 ratings,N/A
BWEN,$3.3,1440177340602,"13,185",100% bullish,of 3 ratings,$8
BYFC,NULL,1440177340648,0,50% bullish,of 2 ratings,N/A
BRCD,$10.635,1440177340704,"6,697,851",92% bullish,of 13 ratings,$12.50
BRKS,$10.38,1440177340730,"118,023",67% bullish,of 3 ratings,$15.25
BRKL,$10.78,1440177340781,"162,277",100% bearish,of 1 rating,$10.75
BMTC,$29.45,1440177341020,"35,443",Not yet rated,NULL,$34
BRKR,$19.06,1440177341046,"78,252",100% bearish,of 2 ratings,$22
BSQR,$6.0399,1440177341186,"59,487",67% bullish,of 3 ratings,N/A
BLMT,$20.73,1440177341214,"11,567",Not yet rated,NULL,N/A
BWLD,$190.23,1440177341236,"153,272",82% bullish,of 11 ratings,$205
BLDR,$14.705,1440177341512,"438,842",50% bullish,of 2 ratings,$22
CFFI,$36,1440177341541,"3,500",100% bearish,of 1 rating,N/A
CA,$27.72,1440177341640,"1,211,617",50% bullish,of 4 ratings,$33
BUR,$1.84,1440177341670,"2,200",100% bearish,of 1 rating,$8
CCMP,$44.42,1440177341698,"54,185",50% bullish,of 2 ratings,$59
CHRW,$67.4197,1440177341734,"370,446",Not yet rated,NULL,$72
CDNS,$20.01,1440177341907,"540,331",75% bullish,of 4 ratings,$22.50
CACQ,$7.13,1440177342077,"72,777",100% bearish,of 1 rating,$12.25
CDZI,$7.4,1440177342146,"15,322",100% bearish,of 1 rating,N/A
CZR,$7.82,1440177342219,"816,095",60% bearish,of 5 ratings,$10.50
CSTE,$43.3101,1440177342278,"180,340",100% bearish,of 1 rating,$65
PRSS,$4.4712,1440177342422,"1,733",80% bullish,of 5 ratings,$4.50
CLMS,$11.47,1440177342471,"45,160",Not yet rated,NULL,$10.50
CHI,$10.682,1440177342554,"180,805",100% bearish,of 1 rating,N/A
CLBS,$1.33,1440177342609,"109,193",79% bullish,of 14 ratings,$4
CCD,$19.8,1440177342712,"85,912",Not yet rated,NULL,N/A
CHY,$11.55,1440177342740,"180,996",Not yet rated,NULL,N/A
CFGE,NULL,1440177342901,0,Not yet rated,NULL,N/A
CHW,$7.5601,1440177342992,"177,192",100% bearish,of 1 rating,N/A
CGO,$12.048,1440177343038,"17,359",100% bearish,of 1 rating,N/A
CSQ,$9.86,1440177343288,"370,015",Not yet rated,NULL,N/A
CVGW,$54.66,1440177343418,"68,707",50% bullish,of 2 ratings,$58.50
CALA,$4.97,1440177343452,"214,838",100% bullish,of 3 ratings,$19.50
CALD,$15.38,1440177343483,"207,932",100% bearish,of 1 rating,$20.50
CAMP,$15.82,1440177343505,"146,888",88% bullish,of 8 ratings,$25
CFNB,$13.4,1440177343589,105,100% bearish,of 1 rating,N/A
CALM,$49.51,1440177343693,"283,551",80% bullish,of 5 ratings,$65
ABCD,$4.7,1440177343862,"88,962",83% bullish,of 6 ratings,N/A
CAMB,NULL,1440177343889,0,Not yet rated,NULL,N/A
CLMT,$25.2521,1440177343910,"250,576",75% bullish,of 8 ratings,$31
CAMBU,NULL,1440177344069,0,100% bearish,of 1 rating,N/A
CAC,$40.39,1440177344329,"12,471",Not yet rated,NULL,N/A
CAMT,$2.77,1440177344462,"12,512",73% bullish,of 11 ratings,$4
CPHC,$10.44,1440177344490,"1,400",100% bearish,of 1 rating,N/A
CSIQ,$17.91,1440177344516,"1,980,047",86% bullish,of 28 ratings,$45
CAMBW,NULL,1440177344542,0,Not yet rated,NULL,N/A
CBNJ,$10.6,1440177344786,"29,162",100% bullish,of 1 rating,N/A
CGIX,$9.3036,1440177344812,"28,899",67% bullish,of 3 ratings,$14.375
CCBG,$15.23,1440177344948,"18,195",Not yet rated,NULL,$17.25
CBF,$30.05,1440177344977,"67,146",Not yet rated,NULL,$32
CPLP,$6.85,1440177345048,"179,669",71% bullish,of 7 ratings,$11
CPLA,$48.77,1440177345113,"35,140",50% bullish,of 2 ratings,$65
CSWC,$47.4,1440177345217,"7,632",Not yet rated,NULL,N/A
CPTA,$14.3789,1440177345245,"28,490",Not yet rated,NULL,$18.50
CFFN,$11.99,1440177345457,"393,941",Not yet rated,NULL,$12.75
CAPN,$1.9351,1440177345617,"188,217",100% bullish,of 1 rating,$10.85
CPST,$0.37,1440177345649,"614,032",95% bullish,of 22 ratings,$1.25
CAPR,$3.8,1440177345676,"1,317",Not yet rated,NULL,$12
CAPNW,$0.6199,1440177345752,615,Not yet rated,NULL,N/A
CARA,$20.79,1440177345918,"137,299",50% bullish,of 4 ratings,$25
CARB,$11.4,1440177345989,"49,872",75% bullish,of 4 ratings,$12
CRDC,$0.39,1440177346048,"7,650",100% bullish,of 1 rating,$1.25
CBYL,$6.47,1440177346078,"28,980",100% bearish,of 1 rating,$20
CFNL,$22.4,1440177346179,"71,394",Not yet rated,NULL,$24
CRME,$9.275,1440177346311,"12,488",89% bullish,of 9 ratings,$11.25
CSII,$24.29,1440177346357,"334,290",100% bearish,of 2 ratings,$42.125
CATM,$34.76,1440177346554,"166,084",100% bearish,of 1 rating,$44
CDNA,$6.44,1440177346580,"4,400",100% bearish,of 1 rating,$9
CECO,$3.535,1440177346731,"246,724",67% bearish,of 3 ratings,$6
CTRE,$12,1440177346803,"96,301",50% bullish,of 2 ratings,N/A
CLBH,$12.76,1440177346864,200,Not yet rated,NULL,$16.50
CKEC,$21.88,1440177346896,"183,980",50% bullish,of 2 ratings,$35.915
CARO,$15.35,1440177346998,500,100% bearish,of 1 rating,$19
CART,NULL,1440177347104,0,100% bearish,of 1 rating,N/A
CRZO,$31.5,1440177347130,"527,185",67% bearish,of 3 ratings,$57
TAST,$11.88,1440177347396,"138,646",Not yet rated,NULL,$14.25
CRTN,NULL,1440177347450,0,100% bearish,of 1 rating,N/A
CARV,$5.61,1440177347476,200,50% bullish,of 2 ratings,N/A
CASM,$1.072,1440177347607,"1,327",100% bullish,of 1 rating,$3.50
CACB,$5.43,1440177347635,"50,441",Not yet rated,NULL,$5.50
CSCD,$14.06,1440177347661,"43,582",100% bullish,of 2 ratings,$17
CWST,$6.05,1440177347954,"153,278",50% bullish,of 2 ratings,$7
CASY,$104.81,1440177347983,"154,135",50% bullish,of 2 ratings,$99.50
CASS,$47.98,1440177348117,"27,483",100% bearish,of 1 rating,N/A
CATB,$11.36,1440177348147,"55,336",100% bearish,of 1 rating,$28
CASI,$1.42,1440177348177,"5,714",100% bullish,of 1 rating,$3.50
CPRX,$3.71,1440177348253,"665,208",71% bullish,of 7 ratings,$7
CATY,$30.23,1440177348519,"284,417",100% bearish,of 1 rating,$33.50
CATYW,$10.54,1440177348550,100,100% bearish,of 1 rating,N/A
CVCO,$72.85,1440177348601,"25,262",100% bearish,of 1 rating,N/A
CNLM,$9.97,1440177348734,"1,292",Not yet rated,NULL,N/A
CBFV,$20.56,1440177348763,"3,764",Not yet rated,NULL,N/A
CAVM,$66.85,1440177348790,"259,122",67% bearish,of 3 ratings,$72
CNLMR,NULL,1440177349076,0,Not yet rated,NULL,N/A
CNLMU,NULL,1440177349109,0,100% bullish,of 1 rating,N/A
CNLMW,NULL,1440177349136,0,Not yet rated,NULL,N/A
CBOE,$61.77,1440177349206,"172,927",Not yet rated,NULL,$60
CDK,$48.295,1440177349310,"197,560",67% bearish,of 3 ratings,$50
CDW,$38.75,1440177349361,"356,434",75% bullish,of 4 ratings,$44
CELG,$121.84,1440177349622,"2,399,153",92% bullish,of 13 ratings,$155.50
CECE,$9.62,1440177349651,"57,635",50% bullish,of 2 ratings,$16
CELGZ,$1.76,1440177349679,"5,100",80% bullish,of 5 ratings,N/A
CPXX,$2.16,1440177349754,"49,983",100% bullish,of 2 ratings,$7
CLDN,$1.0399,1440177349814,"115,764",71% bullish,of 7 ratings,$3
CLRBW,$0.94,1440177350030,200,Not yet rated,NULL,N/A
CLDX,$13.749,1440177350060,"1,233,532",89% bullish,of 9 ratings,$36
CLRB,$3.1419,1440177350081,"1,907",100% bearish,of 1 rating,N/A
CBMG,$22.3401,1440177350234,"31,356",50% bullish,of 2 ratings,N/A
CLLS,$30.18,1440177350278,"76,953",75% bullish,of 4 ratings,$51.50
CLSN,$1.9199,1440177350304,"90,120",80% bullish,of 10 ratings,$7.50
CLTX,$3.23,1440177350463,"1,943,925",100% bullish,of 2 ratings,N/A
CYAD,$53.25,1440177350624,573,100% bullish,of 1 rating,$87.50
CEMP,$36.1701,1440177350689,"492,689",71% bullish,of 7 ratings,$52
CETV,$2.03,1440177350815,"127,275",67% bullish,of 3 ratings,$2.80
CSFL,$14.04,1440177350884,"93,023",Not yet rated,NULL,$15
CFBK,$1.37,1440177350938,"5,800",Not yet rated,NULL,N/A
CETX,$2.52,1440177351012,"9,100",Not yet rated,NULL,$5.60
CENT,$11.96,1440177351099,"16,833",Not yet rated,NULL,$10
CENX,$5.14,1440177351288,"806,066",67% bullish,of 6 ratings,$9
CVCY,$10.96,1440177351313,5,Not yet rated,NULL,$12
CENTA,$12.62,1440177351370,"96,069",Not yet rated,NULL,N/A
CNTY,$6.14,1440177351544,"2,906",80% bullish,of 5 ratings,$7.75
CNBKA,$40.59,1440177351571,"4,119",100% bullish,of 1 rating,N/A
CPHD,$48.02,1440177351599,"313,739",50% bullish,of 2 ratings,$66.50
CERE,$1.11,1440177351869,"314,908",88% bullish,of 8 ratings,N/A
CRNT,$1.3501,1440177351969,"205,157",50% bullish,of 2 ratings,$2
CERU,$3.37,1440177352000,"14,164",75% bullish,of 4 ratings,$15
CERN,$62.22,1440177352053,"855,477",67% bullish,of 3 ratings,$79
CERS,$4.77,1440177352079,"394,153",75% bullish,of 4 ratings,$7
CEVA,$18.28,1440177352155,"26,552",100% bearish,of 1 rating,$25
KOOL,$0.71,1440177352362,"5,936",100% bullish,of 5 ratings,$7
CYOU,$20.08,1440177352464,"295,257",50% bullish,of 6 ratings,$24
HOTR,$1.3699,1440177352508,"120,551",100% bullish,of 2 ratings,$5
CTHR,$1.2,1440177352543,"43,940",50% bullish,of 2 ratings,$2.50
HOTRW,NULL,1440177352597,0,Not yet rated,NULL,N/A
GTLS,$22.36,1440177352796,"199,501",50% bullish,of 4 ratings,$40
CHTR,$178.09,1440177352927,"377,853",100% bearish,of 2 ratings,$196
CHFN,$12.48,1440177352957,"23,070",Not yet rated,NULL,$14
CHEKW,NULL,1440177353057,0,Not yet rated,NULL,N/A
CHEK,$3.02,1440177353085,700,Not yet rated,NULL,$7.75
CHKP,$77.31,1440177353112,"480,932",50% bullish,of 4 ratings,$92
CEMI,$4.25,1440177353258,"4,139",50% bullish,of 2 ratings,$7.50
CCXI,$6.81,1440177353477,"52,412",67% bullish,of 3 ratings,$14
CHFC,$31.95,1440177353548,"51,862",100% bearish,of 1 rating,$36
CHMG,$26.6,1440177353606,700,Not yet rated,NULL,$30
CHEV,$14.3501,1440177353678,"6,050",Not yet rated,NULL,N/A
CHKE,$25.2,1440177353705,"19,551",100% bearish,of 1 rating,$32.50
CHMA,$23.87,1440177353750,"100,859",Not yet rated,NULL,$40
PLCE,$58.74,1440177354030,"228,376",100% bearish,of 1 rating,$71
CBNK,$16.51,1440177354064,215,100% bearish,of 1 rating,N/A
CADC,NULL,1440177354093,0,78% bullish,of 9 ratings,N/A
CMRX,$46.87,1440177354119,"220,691",50% bullish,of 2 ratings,$57
CALI,$0.9172,1440177354171,"7,036",67% bullish,of 3 ratings,N/A
CAAS,$6.5,1440177354303,"29,370",93% bullish,of 14 ratings,$11.50
CBAK,$1.9,1440177354463,"28,159",67% bullish,of 9 ratings,N/A
CBPO,$99.55,1440177354568,"159,740",75% bullish,of 8 ratings,$140.50
CCCL,$0.8601,1440177354672,"1,030",100% bullish,of 6 ratings,N/A
CCCR,$0.82,1440177354724,"18,852",67% bearish,of 3 ratings,N/A
JRJC,$3.87,1440177354830,"142,292",82% bullish,of 11 ratings,N/A
CHOP,$1.21,1440177354889,"51,942",50% bullish,of 2 ratings,N/A
HGSH,$1.83,1440177354959,"12,300",67% bullish,of 3 ratings,N/A
CHLN,$2.05,1440177355046,"5,703",67% bullish,of 3 ratings,N/A
CNIT,$1.51,1440177355126,"23,120",67% bullish,of 6 ratings,N/A
HTHT,$24.85,1440177355263,"50,274",50% bullish,of 2 ratings,$28
CJJD,$1.8681,1440177355295,"43,376",100% bullish,of 1 rating,N/A
CHNR,$2.0373,1440177355430,600,100% bearish,of 1 rating,N/A
CPGI,$6.9,1440177355602,800,Not yet rated,NULL,N/A
CREG,$0.7,1440177355628,"75,383",100% bullish,of 3 ratings,N/A
CSUN,$1.35,1440177355788,"9,489",80% bullish,of 5 ratings,N/A
CNTF,$0.8601,1440177355839,"105,801",Not yet rated,NULL,N/A
CXDC,$6.19,1440177355889,"88,100",67% bullish,of 3 ratings,N/A
CNYD,$3.09,1440177355939,"6,200",67% bullish,of 3 ratings,N/A
CNET,$0.8826,1440177356043,"27,543",50% bullish,of 2 ratings,N/A
CCIH,$5.8,1440177356069,"596,041",67% bullish,of 6 ratings,$12.65
CHSCL,$27.1187,1440177356343,"20,353",Not yet rated,NULL,N/A
IMOS,$15.97,1440177356373,"93,133",60% bullish,of 5 ratings,$21.50
CHSCM,$25.8991,1440177356414,"20,976",Not yet rated,NULL,N/A
CHSCN,$27.0643,1440177356509,"2,725",Not yet rated,NULL,N/A
CHSCO,$28.3592,1440177356534,"7,347",Not yet rated,NULL,N/A
CHSCP,$30.3399,1440177356837,854,Not yet rated,NULL,N/A
CHDN,$132.78,1440177356869,"35,514",Not yet rated,NULL,$165
CHUY,$32,1440177356968,"101,798",50% bullish,of 2 ratings,$34
CMCT,$15.02,1440177357026,"2,610",100% bearish,of 1 rating,N/A
CDTX,$14.08,1440177357053,"6,853",Not yet rated,NULL,$22
CIFC,$6.9,1440177357081,"7,398",Not yet rated,NULL,N/A
CMPR,$67.88,1440177357339,"235,433",50% bullish,of 2 ratings,$72.50
CINF,$54.395,1440177357518,"233,941",50% bullish,of 4 ratings,$50.50
CTAS,$85.55,1440177357548,"187,320",100% bearish,of 1 rating,$91
CIDM,$0.648,1440177357591,"52,026",50% bullish,of 2 ratings,$2.10
CPHR,$6.2,1440177357644,"1,100",100% bearish,of 1 rating,$16
CRUS,$27.87,1440177357747,"527,509",75% bullish,of 12 ratings,$44.50
CSCO,$26.9501,1440177358009,"15,524,911",84% bullish,of 208 ratings,$32
CTRN,$27.6499,1440177358064,"70,542",100% bearish,of 1 rating,$31.50
CZNC,$19.68,1440177358092,"8,887",Not yet rated,NULL,N/A
CZWI,NULL,1440177358113,0,Not yet rated,NULL,N/A
CZFC,$12.7378,1440177358148,100,Not yet rated,NULL,N/A
CIZN,$19.49,1440177358311,129,Not yet rated,NULL,N/A
CTXS,$74.665,1440177358477,"546,526",86% bullish,of 7 ratings,$80
CHCO,$47.63,1440177358525,"29,641",Not yet rated,NULL,$46
CLFD,$16.8753,1440177358865,"35,104",67% bullish,of 3 ratings,$18
CIVB,$10.3,1440177358894,"5,137",Not yet rated,NULL,$11
CLNT,$1.64,1440177358928,"51,800",75% bullish,of 8 ratings,N/A
AFMD,$9.812,1440177359033,"123,693",50% bullish,of 4 ratings,$15
CIVBP,NULL,1440177359054,0,Not yet rated,NULL,N/A
CBLI,$3.9,1440177359083,"30,290",60% bullish,of 5 ratings,N/A
CLIR,$4.9806,1440177359286,"3,743",100% bullish,of 3 ratings,N/A
CSBK,$13.73,1440177359390,"34,810",Not yet rated,NULL,N/A
CLNE,$4.1,1440177359529,"597,667",80% bullish,of 15 ratings,$9
CDTI,$1.52,1440177359561,"47,938",75% bullish,of 4 ratings,$3.20
CLVS,$72.88,1440177359588,"222,544",60% bullish,of 5 ratings,$101.50
CME,$93.23,1440177359665,"629,304",67% bullish,of 3 ratings,$102
CCNE,$17.19,1440177359835,"17,958",50% bullish,of 2 ratings,$21.50
CNV,$4.6,1440177360075,"7,150",50% bullish,of 2 ratings,$7.15
CWAY,$11.26,1440177360144,304,Not yet rated,NULL,N/A
CMFN,$11.7001,1440177360173,"9,059",100% bearish,of 1 rating,$15.50
CISG,$7.7,1440177360205,"97,173",100% bullish,of 5 ratings,$10
COBZ,$13,1440177360231,"79,920",100% bullish,of 1 rating,$14
COKE,$154.65,1440177360304,"19,024",79% bullish,of 19 ratings,N/A
CDRB,$11.53,1440177360651,"4,706",67% bullish,of 3 ratings,N/A
CDXS,$3.945,1440177360725,"24,688",64% bullish,of 11 ratings,$6
JVA,$4.6,1440177360782,"15,624",83% bullish,of 6 ratings,$7
CVLY,$20.55,1440177360855,"4,369",Not yet rated,NULL,N/A
CCOI,$28.38,1440177360933,"146,389",50% bullish,of 4 ratings,$35
CGNT,$1.63,1440177361131,"14,146",100% bullish,of 2 ratings,$2
CGNX,$35.62,1440177361183,"349,871",50% bullish,of 2 ratings,$47
CTSH,$64.2,1440177361221,"1,340,562",90% bullish,of 10 ratings,$75
COHR,$57.43,1440177361317,"67,642",50% bullish,of 2 ratings,$72
COHU,$9.65,1440177361347,"66,162",100% bearish,of 1 rating,$14.25
CHRS,$30.635,1440177361446,"96,182",67% bearish,of 3 ratings,$37
CLCT,$18.06,1440177361599,"40,189",100% bearish,of 1 rating,N/A
CLRX,$0.5098,1440177361683,"50,369",50% bullish,of 2 ratings,N/A
COLL,$14.82,1440177361742,"25,548",100% bearish,of 1 rating,$26
CIGI,$44.3963,1440177361948,"2,708",100% bearish,of 1 rating,$52
CLCD,$7.2004,1440177362007,"9,825",100% bearish,of 1 rating,$20.50
CBAN,$8.75,1440177362113,400,Not yet rated,NULL,N/A
COLB,$31.157,1440177362143,"127,940",Not yet rated,NULL,$36
COLM,$63.13,1440177362170,"105,759",100% bearish,of 1 rating,$71
CMCO,$19.5,1440177362246,"56,794",60% bullish,of 5 ratings,$28
CBMX,$1.16,1440177362438,"10,447",83% bullish,of 6 ratings,$3.15
CMCSA,$57.46,1440177362469,"6,912,796",66% bullish,of 35 ratings,$69.50
CBSHP,$25.1901,1440177362601,916,100% bearish,of 1 rating,N/A
CBSH,$45.32,1440177362629,"127,867",50% bullish,of 2 ratings,$46
CMCSK,$58.16,1440177362653,"1,402,783",Not yet rated,NULL,$84
CSAL,$21.26,1440177363021,"293,970",75% bullish,of 4 ratings,$30
CUBN,$13.8,1440177363050,"1,185",Not yet rated,NULL,N/A
CVGI,$4.68,1440177363077,"50,366",50% bullish,of 2 ratings,$6
ESXB,$5.0856,1440177363156,"10,683",Not yet rated,NULL,N/A
COMM,$29.3,1440177363212,"410,727",67% bearish,of 3 ratings,$35
CYHHZ,$0.011,1440177363264,"4,075",100% bullish,of 1 rating,N/A
CTBI,$34.65,1440177363506,"25,439",Not yet rated,NULL,$36
JCS,NULL,1440177363533,0,67% bullish,of 3 ratings,N/A
CWBC,$6.79,1440177363663,"2,010",Not yet rated,NULL,N/A
COB,$10.55,1440177363723,"18,098",100% bullish,of 1 rating,$11.75
CVLT,$36.23,1440177363748,"179,442",75% bullish,of 4 ratings,$44.50
CIZ,$33.4275,1440177363973,"4,774",100% bearish,of 1 rating,N/A
CIL,$33.88,1440177364002,100,Not yet rated,NULL,N/A
CID,$33.93,1440177364069,100,Not yet rated,NULL,N/A
CSA,NULL,1440177364099,0,Not yet rated,NULL,N/A
CDC,$35.37,1440177364233,"16,348",Not yet rated,NULL,N/A
CSF,$36.89,1440177364300,"3,206",100% bearish,of 1 rating,N/A
CFO,$35.86,1440177364457,"11,055",100% bearish,of 1 rating,N/A
CFA,$36.0701,1440177364486,"1,606",100% bearish,of 1 rating,N/A
CDL,NULL,1440177364525,0,Not yet rated,NULL,N/A
CGEN,$5.1,1440177364678,"59,600",50% bullish,of 2 ratings,$11
CSB,NULL,1440177364776,0,Not yet rated,NULL,N/A
CTG,$6.6301,1440177364922,"11,106",100% bearish,of 1 rating,$8.50
CHCI,$0.5921,1440177364994,"14,000",50% bullish,of 2 ratings,N/A
CPSI,$45.22,1440177365054,"35,939",100% bearish,of 1 rating,$45.50
CNSI,$18.76,1440177365200,"105,845",100% bearish,of 2 ratings,$29
CMTL,$26.39,1440177365232,"32,400",100% bearish,of 2 ratings,$37
SCOR,$57.345,1440177365271,"238,112",100% bearish,of 1 rating,$66
CNAT,$4.03,1440177365437,"99,914",83% bullish,of 6 ratings,$13
CNCE,$15.59,1440177365477,"136,892",75% bullish,of 4 ratings,$22
CXRX,$72.68,1440177365692,"3,494",Not yet rated,NULL,$90
CDOR,$1.4004,1440177365725,"5,049",100% bullish,of 1 rating,N/A
CDORP,$6.7921,1440177365823,800,100% bearish,of 1 rating,N/A
CDORO,NULL,1440177365848,0,100% bearish,of 1 rating,N/A
CCUR,$5.2,1440177365874,"6,878",75% bullish,of 4 ratings,N/A
CNFR,$10.325,1440177366133,"10,956",Not yet rated,NULL,N/A
CNMD,$54.85,1440177366162,"67,413",Not yet rated,NULL,$59
CFMS,$21.17,1440177366192,"186,551",Not yet rated,NULL,$27
CTWS,$35.14,1440177366326,"23,136",100% bearish,of 1 rating,$44
CNOB,$19.55,1440177366371,"86,890",100% bullish,of 1 rating,$23.50
CNXR,$6.27,1440177366397,"14,500",100% bearish,of 1 rating,$12
CONN,$31.28,1440177366575,"166,808",67% bullish,of 3 ratings,$48.50
CNSL,$19.98,1440177366709,"135,407",100% bearish,of 1 rating,$23
CWCO,$10.6399,1440177366744,"103,024",67% bullish,of 3 ratings,$14.50
CTCT,$24.19,1440177366903,"142,794",67% bullish,of 3 ratings,$37
CPSS,$5.47,1440177366931,"25,363",100% bullish,of 1 rating,$10
CFRX,$4.9,1440177366958,"14,835",Not yet rated,NULL,$14
CFRXW,$1.89,1440177367067,"1,275",100% bearish,of 1 rating,N/A
CFRXZ,$0.481,1440177367269,400,Not yet rated,NULL,N/A
CTRV,$3.7399,1440177367373,"17,483",Not yet rated,NULL,$6.40
CTRL,$7.805,1440177367399,"81,666",50% bullish,of 2 ratings,$11
CPRT,$34.82,1440177367437,"112,467",67% bearish,of 3 ratings,$40
CRBP,$2.04,1440177367611,"669,158",100% bullish,of 2 ratings,$6.25
BVA,$3.6999,1440177367795,"3,592",50% bullish,of 2 ratings,N/A
CORT,$4.62,1440177367827,"266,854",67% bullish,of 3 ratings,$12
CORE,$61.29,1440177367870,"43,454",100% bearish,of 1 rating,$72
CSOD,$37.11,1440177367898,"222,554",50% bullish,of 2 ratings,$42
CORI,$11.02,1440177367926,"27,900",100% bearish,of 1 rating,$18
CRVL,$32.25,1440177368169,"17,798",100% bearish,of 1 rating,N/A
COSI,$1.12,1440177368197,"55,228",100% bullish,of 1 rating,N/A
CSGP,$182.48,1440177368231,"21,914",50% bullish,of 2 ratings,$235
COST,$140.22,1440177368415,"1,199,095",79% bullish,of 24 ratings,$154.50
CPAH,$0.4625,1440177368546,300,50% bullish,of 2 ratings,N/A
CVTI,$22.43,1440177368683,"45,811",67% bearish,of 3 ratings,$39
COVS,$2.58,1440177368705,"62,898",67% bullish,of 3 ratings,N/A
ICBK,$18.24,1440177368741,116,Not yet rated,NULL,$21
COWN,$5.1864,1440177368787,"493,118",75% bullish,of 4 ratings,$7
COWNL,$27.19,1440177368838,"3,000",Not yet rated,NULL,N/A
CPSH,NULL,1440177368987,0,Not yet rated,NULL,N/A
CRAI,$22.32,1440177369150,"18,710",Not yet rated,NULL,$36
BREW,$7.3597,1440177369217,"34,899",67% bullish,of 6 ratings,$15
CBRL,$143.77,1440177369251,"214,807",50% bullish,of 2 ratings,$155
CACC,$192.02,1440177369435,"59,783",50% bullish,of 2 ratings,$158.50
CRAY,$20.88,1440177369495,"140,979",83% bullish,of 6 ratings,$38.50
CREE,$25.17,1440177369651,"421,787",65% bullish,of 17 ratings,$29.50
GLDI,$11.129,1440177369678,"31,770",100% bearish,of 1 rating,N/A
CRESY,$10.24,1440177369702,"9,398",100% bearish,of 1 rating,$19
SLVO,$10.46,1440177369734,"2,000",100% bearish,of 1 rating,N/A
CRTO,$45.04,1440177370026,"345,090",67% bullish,of 6 ratings,$64
CROX,$13.99,1440177370060,"597,426",63% bullish,of 8 ratings,$16.50
CCRN,$14.25,1440177370156,"93,706",100% bearish,of 1 rating,$14.25
CRDS,$1.02,1440177370183,"11,160",50% bullish,of 4 ratings,$4.50
CRWS,$8.0272,1440177370366,"1,515",Not yet rated,NULL,$10
CYRX,$3.16,1440177370512,"1,600",Not yet rated,NULL,$9
CYRXW,$0.97,1440177370541,400,Not yet rated,NULL,N/A
CSGS,$31.03,1440177370638,"87,114",Not yet rated,NULL,$40
CRWN,$4.59,1440177370692,"93,451",75% bullish,of 4 ratings,N/A
CCLP,$14.0675,1440177370745,"45,282",67% bearish,of 3 ratings,$21
CTCM,$1.68,1440177370969,"112,051",80% bearish,of 5 ratings,$3.90
CSPI,$6.0801,1440177371046,"2,700",67% bullish,of 3 ratings,N/A
CTIC,$1.685,1440177371127,"1,284,651",84% bullish,of 76 ratings,$5.75
CTIB,NULL,1440177371153,0,100% bearish,of 1 rating,N/A
CTRP,$64.14,1440177371475,"873,224",75% bullish,of 8 ratings,$92
CUI,$4.85,1440177371504,"38,081",50% bullish,of 2 ratings,$10
CUNB,$22.05,1440177371537,"28,038",Not yet rated,NULL,$24.50
CMLS,$1.265,1440177371564,"610,771",50% bullish,of 4 ratings,$6
CRIS,$2.58,1440177371632,"303,402",100% bullish,of 8 ratings,$6
CPIX,$5.87,1440177371659,"2,615",Not yet rated,NULL,N/A
CVBF,$16.61,1440177371907,"258,680",Not yet rated,NULL,$18
CUTR,$14.28,1440177371938,"33,656",67% bearish,of 3 ratings,$18
CVV,$11.6,1440177372075,"19,776",100% bullish,of 5 ratings,N/A
CYAN,$7.1008,1440177372114,940,100% bearish,of 1 rating,N/A
CYBR,$51.34,1440177372408,"1,371,038",86% bullish,of 7 ratings,$66
CYBX,$65.77,1440177372510,"330,342",50% bullish,of 4 ratings,$70
CYCC,$0.555,1440177372535,"106,507",73% bullish,of 11 ratings,N/A
CBAY,$2.67,1440177372561,"32,728",100% bullish,of 1 rating,$4
CYBE,$5.94,1440177372593,"5,350",100% bearish,of 1 rating,N/A
CYCCP,NULL,1440177372697,0,100% bearish,of 1 rating,N/A
CYNA,$16.15,1440177372833,"17,505",100% bullish,of 1 rating,$31.50
CY,$9.37,1440177372977,"1,701,080",80% bullish,of 10 ratings,$15.50
CYNO,$31.85,1440177373010,"151,863",67% bearish,of 3 ratings,$45.50
CYRN,$1.65,1440177373077,"216,735",67% bullish,of 3 ratings,$4
CONE,$33.39,1440177373104,"249,434",67% bearish,of 3 ratings,$35
CYTK,$6.63,1440177373442,"123,136",71% bullish,of 14 ratings,$13.50
CYTX,$0.3736,1440177373668,"475,953",83% bullish,of 12 ratings,$5.50
DAEG,$0.3594,1440177373699,"4,100",100% bearish,of 1 rating,N/A
TVIZ,$14.3227,1440177373720,"1,660",100% bearish,of 1 rating,N/A
CYTR,$2.22,1440177373742,"492,204",67% bullish,of 6 ratings,$10
CTSO,$6.9901,1440177373775,"39,043",Not yet rated,NULL,$15.625
XIV,$38.42,1440177374164,"15,192,621",75% bearish,of 4 ratings,N/A
ZIV,$46.9762,1440177374200,"61,439",Not yet rated,NULL,N/A
DJCO,$199.96,1440177374222,"1,530",Not yet rated,NULL,N/A
DAKT,$11.58,1440177374260,"85,005",50% bullish,of 2 ratings,$14
TVIX,$8.35,1440177374281,"12,156,825",81% bullish,of 16 ratings,N/A
DARA,$0.8725,1440177374354,"35,261",83% bullish,of 6 ratings,$1.50
DAIO,$2.58,1440177374691,"3,412",Not yet rated,NULL,N/A
DTLK,$5.53,1440177374749,"68,237",100% bearish,of 1 rating,$9
DRAM,NULL,1440177374823,0,78% bullish,of 9 ratings,N/A
PLAY,$34.29,1440177374848,"146,191",100% bullish,of 5 ratings,$42
DWCH,$5.01,1440177374908,"18,067",75% bullish,of 4 ratings,$8.25
DBVT,$39.37,1440177375014,"66,166",100% bearish,of 1 rating,$53
DWSN,$3.97,1440177375206,"18,539",67% bullish,of 3 ratings,$6
DHRM,$1.78,1440177375279,700,Not yet rated,NULL,N/A
DTEA,$13.7799,1440177375438,"70,279",100% bearish,of 2 ratings,$24
TRAK,$62.93,1440177375571,"590,028",50% bullish,of 2 ratings,$62.50
DFRG,$14.6,1440177375596,"120,623",100% bearish,of 1 rating,$20
TACO,$12.98,1440177375771,"106,475",100% bullish,of 3 ratings,$20
TACOW,$4.1,1440177375807,"1,350",100% bullish,of 1 rating,N/A
DCTH,$0.48,1440177376023,"59,242",78% bullish,of 9 ratings,N/A
DELTW,NULL,1440177376347,0,Not yet rated,NULL,N/A
DGAS,$20.24,1440177376385,"1,113",67% bearish,of 3 ratings,N/A
DENN,$11.79,1440177376575,"247,843",100% bullish,of 3 ratings,$15
DELT,NULL,1440177376626,0,Not yet rated,NULL,N/A
DEPO,$29.04,1440177376653,"632,679",60% bullish,of 5 ratings,$29
XRAY,$54.115,1440177376705,"279,242",100% bullish,of 1 rating,$58
DSCI,$6.455,1440177377003,"33,370",50% bullish,of 2 ratings,$16
DEST,$11.77,1440177377029,"17,172",50% bullish,of 2 ratings,N/A
DERM,$24.16,1440177377174,"192,198",100% bearish,of 1 rating,$33.50
DSWL,$1.7501,1440177377341,"6,825",100% bullish,of 1 rating,N/A
DXLG,$4.56,1440177377402,"38,955",100% bearish,of 1 rating,$8
DXCM,$90.12,1440177377588,"547,021",57% bullish,of 7 ratings,$98
DHXM,NULL,1440177377655,0,Not yet rated,NULL,N/A
DMND,$30.17,1440177377683,"110,148",75% bullish,of 12 ratings,$32
DXM,$0.3001,1440177377812,"18,874",50% bullish,of 2 ratings,N/A
ADAP,$12.73,1440177377838,"122,058",67% bullish,of 3 ratings,$22
DHIL,$187,1440177378063,"5,881",Not yet rated,NULL,N/A
DCIX,$1.73,1440177378459,"21,625",50% bullish,of 4 ratings,$3.50
DRNA,$10.45,1440177378489,"66,074",67% bearish,of 3 ratings,$25
FANG,$66.96,1440177378511,"440,683",50% bullish,of 2 ratings,$86
DGII,$9.99,1440177378541,"50,265",100% bearish,of 1 rating,$10
DRAD,$3.89,1440177378685,"8,759",100% bullish,of 1 rating,$5.25
DMRC,$36.05,1440177378747,"41,292",100% bearish,of 1 rating,$44
DGLY,$6.75,1440177378961,"146,071",50% bullish,of 6 ratings,$20
APPS,$2.375,1440177379088,"121,280",100% bearish,of 1 rating,$10.25
DIOD,$19.51,1440177379115,"105,966",75% bearish,of 4 ratings,$24
DCOM,$16.75,1440177379137,"61,434",100% bearish,of 2 ratings,$16.50
DPRX,$12.17,1440177379193,"12,243",100% bullish,of 2 ratings,$27.75
DISCA,$26.97,1440177379347,"1,431,559",67% bullish,of 3 ratings,$34
DISCB,NULL,1440177379476,0,100% bearish,of 1 rating,$35
DISCK,$25.7975,1440177379503,"977,213",100% bearish,of 1 rating,$32
DSCO,$0.418,1440177379635,"64,420",83% bullish,of 6 ratings,$2.75
DISH,$61.55,1440177379685,"706,775",69% bullish,of 13 ratings,$73
DVCR,$10.4798,1440177379718,"13,006",100% bullish,of 1 rating,N/A
BAGR,$3.0711,1440177379815,"10,775",100% bearish,of 1 rating,$6
DLHC,$2.34,1440177379850,"5,316",100% bearish,of 1 rating,N/A
DLTR,$77.1,1440177380127,"1,206,541",82% bullish,of 11 ratings,$88
DNBF,$27.45,1440177380259,"6,927",Not yet rated,NULL,$27.50
DGICB,NULL,1440177380580,0,100% bearish,of 1 rating,N/A
DORM,$50.17,1440177380610,"129,303",100% bearish,of 1 rating,$56
DMLP,$13.7001,1440177380637,"26,164",100% bearish,of 1 rating,N/A
DGICA,$14.15,1440177380666,"11,810",100% bearish,of 1 rating,$17
DRWI,$0.2651,1440177380940,"141,016",60% bullish,of 5 ratings,$.45
DRWIW,$0.062,1440177380990,110,Not yet rated,NULL,N/A
HILL,$9.68,1440177381074,"1,006,013",60% bearish,of 5 ratings,$9.75
DSKX,$3.36,1440177381220,"67,948",100% bullish,of 1 rating,N/A
DRYS,$0.355,1440177381314,"976,130",77% bullish,of 31 ratings,$.60
DWA,$18.88,1440177381373,"419,882",63% bullish,of 8 ratings,$26
DSPG,$8.56,1440177381447,"40,829",100% bearish,of 1 rating,$13.50
CADT,$10.02,1440177381645,103,Not yet rated,NULL,N/A
CADTR,NULL,1440177381676,0,Not yet rated,NULL,N/A
CADTU,NULL,1440177381709,0,Not yet rated,NULL,N/A
CADTW,NULL,1440177381806,0,Not yet rated,NULL,N/A
DTSI,$25.99,1440177381838,"52,894",100% bearish,of 2 ratings,$39.50
DRRX,$2.02,1440177381869,"227,134",50% bullish,of 6 ratings,$3
DNKN,$50.03,1440177381939,"650,323",67% bullish,of 15 ratings,$56.50
DXPE,$28.21,1440177382115,"53,501",50% bullish,of 2 ratings,N/A
DYAX,$22.48,1440177382220,"384,580",89% bullish,of 9 ratings,$30
BOOM,$9.88,1440177382265,"18,199",67% bullish,of 3 ratings,$12
DYNT,$2.86,1440177382453,100,75% bullish,of 4 ratings,N/A
DYSL,$1.5,1440177382480,"86,414",100% bullish,of 2 ratings,N/A
DVAX,$27.7553,1440177382506,"223,812",70% bullish,of 10 ratings,$40
ETFC,$25.74,1440177382683,"1,301,613",57% bullish,of 14 ratings,$33
EGBN,$42.91,1440177382861,"49,192",Not yet rated,NULL,$48
EBMT,$11.487,1440177382889,"16,954",Not yet rated,NULL,$13.50
EGLE,$6.08,1440177382918,"33,451",60% bullish,of 5 ratings,N/A
EGRX,$65.31,1440177383077,"234,976",67% bullish,of 3 ratings,$97
EROC,$1.0999,1440177383161,"274,645",50% bullish,of 2 ratings,$3
ELNK,$8.59,1440177383221,"461,646",60% bullish,of 5 ratings,$9.50
EWBC,$41.65,1440177383294,"482,787",100% bearish,of 1 rating,$50
EML,$16.7501,1440177383499,"4,369",Not yet rated,NULL,N/A
EVBS,$6.45,1440177383633,"2,384",Not yet rated,NULL,$7
EACQU,NULL,1440177383659,0,Not yet rated,NULL,N/A
EBAY,$26.05,1440177383936,"5,354,618",81% bullish,of 117 ratings,$48
EBIX,$28.45,1440177383961,"192,678",69% bullish,of 13 ratings,$40
ELON,$0.5427,1440177384165,"53,369",50% bullish,of 2 ratings,N/A
ECTE,$1.52,1440177384216,"45,902",75% bullish,of 4 ratings,N/A
ECHO,$25.1576,1440177384258,"215,814",67% bearish,of 3 ratings,$35.50
SATS,$44.14,1440177384291,"65,728",50% bullish,of 2 ratings,$60
ECACU,$10.05,1440177384387,"1,319",Not yet rated,NULL,N/A
EEI,$11.13,1440177384420,"4,719",67% bearish,of 3 ratings,N/A
EDAP,$3.1675,1440177384627,"108,291",60% bullish,of 5 ratings,$4.50
EDGW,$7.09,1440177384665,"1,009",100% bearish,of 1 rating,N/A
EFUT,NULL,1440177384830,0,Not yet rated,NULL,N/A
EGAN,$3.44,1440177384863,"6,366",50% bullish,of 2 ratings,$6.25
EDUC,$4.7599,1440177384890,"5,855",100% bearish,of 1 rating,N/A
EGLT,$11.45,1440177385022,"11,307",50% bullish,of 2 ratings,$21
ESES,$3.2,1440177385051,"7,707",100% bearish,of 1 rating,$7
LOCO,$12.03,1440177385203,"644,398",69% bullish,of 13 ratings,$20
EHTH,$14.07,1440177385337,"83,972",50% bullish,of 4 ratings,$16.50
ESLT,$80.51,1440177385364,"1,652",100% bullish,of 2 ratings,N/A
EMITF,$1.286,1440177385390,"4,100",75% bullish,of 4 ratings,N/A
ERI,$9.572,1440177385533,"88,423",100% bearish,of 1 rating,$10
ELRC,$10.4201,1440177385599,"41,111",100% bearish,of 1 rating,N/A
ESIO,$4.56,1440177385668,"19,796",50% bullish,of 2 ratings,$10
EA,$66.21,1440177385730,"1,777,656",77% bullish,of 35 ratings,$80
ELSE,$4.02,1440177385862,"1,000",60% bullish,of 5 ratings,N/A
EFII,$43.99,1440177385891,"114,642",80% bullish,of 5 ratings,$55
ELEC,NULL,1440177386021,0,Not yet rated,NULL,N/A
ELECU,NULL,1440177386151,0,Not yet rated,NULL,N/A
ELECW,NULL,1440177386195,0,Not yet rated,NULL,N/A
RDEN,$10.35,1440177386222,"62,151",100% bearish,of 4 ratings,$15
EBIO,$3.5646,1440177386244,"713,949",100% bearish,of 2 ratings,$8.35
CAPX,$23.0299,1440177386389,100,Not yet rated,NULL,N/A
ESBK,$19.37,1440177386444,726,Not yet rated,NULL,N/A
LONG,$17.1,1440177386582,"7,664",67% bullish,of 3 ratings,$15.75
ELTK,$1.116,1440177386609,"3,601",67% bearish,of 3 ratings,N/A
EMCI,$23.07,1440177386636,"10,099",Not yet rated,NULL,N/A
EMCF,NULL,1440177386765,0,100% bearish,of 1 rating,N/A
EMMS,$1.25,1440177386797,"1,500",67% bullish,of 6 ratings,N/A
EMKR,$7.03,1440177386895,"43,355",75% bullish,of 4 ratings,$8.50
EMMSP,$3.5,1440177387139,100,100% bearish,of 1 rating,N/A
ENTA,$39.97,1440177387207,"72,358",50% bullish,of 2 ratings,$42
NYNY,$4.0007,1440177387238,"56,147",50% bullish,of 2 ratings,N/A
ERS,$2.9,1440177387260,300,Not yet rated,NULL,N/A
ECPG,$38.87,1440177387342,"69,163",100% bullish,of 2 ratings,$52
ENDP,$77.61,1440177387395,"770,497",50% bullish,of 6 ratings,$104
WIRE,$32.84,1440177387445,"69,459",100% bearish,of 1 rating,$37
ELGX,$13.11,1440177388166,"326,736",75% bullish,of 4 ratings,$17
ECYT,$5.21,1440177388301,"159,958",83% bullish,of 6 ratings,$12
EIGI,$15.37,1440177388431,"485,145",67% bearish,of 3 ratings,$22.50
WATT,$6.86,1440177388490,"43,190",50% bullish,of 2 ratings,$13
EFOI,$16.21,1440177388730,"245,393",50% bullish,of 2 ratings,$20.50
ERII,$2.83,1440177389562,"41,112",80% bullish,of 5 ratings,$2.50
ENOC,$8.06,1440177389667,"122,522",75% bullish,of 4 ratings,$18
ENG,$1,1440177389693,"1,603",100% bullish,of 3 ratings,N/A
EXXI,$1.455,1440177389723,"1,027,270",86% bullish,of 7 ratings,$3.50
ESGR,$151.262,1440177389827,"31,688",100% bearish,of 1 rating,$185
ENPH,$4.405,1440177389909,"293,035",75% bullish,of 4 ratings,$11
ENFC,NULL,1440177390017,0,Not yet rated,NULL,N/A
ENTG,$13.82,1440177390086,"243,382",100% bearish,of 1 rating,$18
ETRM,$0.2323,1440177390242,"293,788",69% bearish,of 35 ratings,$1.625
EFSC,$24.61,1440177390274,"31,893",Not yet rated,NULL,$27
ENTL,$21.1801,1440177390296,"9,192",Not yet rated,NULL,$28
EBTC,$20.3,1440177390335,"5,915",Not yet rated,NULL,N/A
EGT,$2.089,1440177390363,"1,400",100% bullish,of 1 rating,N/A
ENZN,$1.0189,1440177390529,"525,065",100% bullish,of 9 ratings,N/A
ENVI,$1.81,1440177390555,"14,104",67% bullish,of 3 ratings,N/A
EPRS,$4.665,1440177390892,"42,654",82% bullish,of 11 ratings,$15
EQIX,$275.37,1440177390922,"299,576",67% bullish,of 3 ratings,$312.50
EPIQ,$13.77,1440177390953,"55,255",100% bearish,of 1 rating,$18
EQFN,$8.32,1440177390983,100,Not yet rated,NULL,N/A
EPZM,$16.22,1440177391020,"148,090",60% bullish,of 5 ratings,$34
ENZY,$8.882,1440177391048,"6,876",67% bullish,of 3 ratings,$9.50
EAC,$3.7,1440177391084,"6,602",100% bearish,of 1 rating,$8
ERIC,$9.8636,1440177391316,"1,150,728",63% bullish,of 8 ratings,$12.20
ERIE,$85.21,1440177391405,"10,847",Not yet rated,NULL,$73
ESCA,$18.4,1440177391435,"17,295",100% bearish,of 1 rating,$22
PLUS,$78.22,1440177391462,"72,508",50% bullish,of 2 ratings,$88
ESCR,$0.185,1440177391538,"25,843",50% bullish,of 2 ratings,N/A
ESCRP,$1.6101,1440177391597,"2,977",100% bearish,of 1 rating,N/A
EPIX,NULL,1440177391900,0,Not yet rated,NULL,N/A
ESMC,$1.3,1440177391944,354,Not yet rated,NULL,N/A
ESND,$35.12,1440177391970,"43,750",100% bearish,of 2 ratings,$40
ESSA,$12.78,1440177392031,"2,489",100% bearish,of 1 rating,N/A
ESPR,$56.65,1440177392062,"901,589",67% bearish,of 9 ratings,$123
ESSX,$0.487,1440177392098,"5,690",50% bullish,of 2 ratings,N/A
ETSY,$13.68,1440177392163,"492,319",80% bullish,of 5 ratings,$16
EEFT,$64.64,1440177392363,"129,412",100% bearish,of 1 rating,$67.50
CLWT,NULL,1440177392525,0,100% bearish,of 1 rating,N/A
ESEA,$6.2899,1440177392565,"1,602",100% bullish,of 1 rating,$15
EVK,$3.6718,1440177392631,201,75% bearish,of 4 ratings,N/A
EVEP,$7.1884,1440177392661,"191,960",50% bullish,of 2 ratings,$15
EVLV,$2.15,1440177392763,"29,503",60% bullish,of 5 ratings,$6.50
EVOL,$5.95,1440177392790,"7,174",75% bullish,of 4 ratings,$10
EVOK,$4.02,1440177392817,"74,569",100% bearish,of 1 rating,$13.375
EXA,$10.74,1440177393064,"13,225",100% bearish,of 1 rating,$13
EXAS,$20.5,1440177393128,"819,179",78% bullish,of 9 ratings,$31
EXEL,$5.28,1440177393206,"3,681,712",81% bullish,of 16 ratings,$6
EXFO,$2.9,1440177393235,"1,100",67% bearish,of 3 ratings,$3.95
EXAC,$18.98,1440177393262,"33,690",100% bearish,of 1 rating,$22.50
EXLS,$36.58,1440177393289,"49,131",100% bullish,of 1 rating,$41
EXPE,$115.85,1440177393471,"492,923",64% bullish,of 11 ratings,$130
EXPD,$48.36,1440177393713,"661,792",80% bullish,of 5 ratings,$51.50
ESRX,$86.13,1440177393846,"1,670,758",67% bearish,of 6 ratings,$101
EXTR,$2.92,1440177393975,"521,781",80% bullish,of 5 ratings,$3
EXLP,$18.3,1440177394001,"55,591",100% bearish,of 1 rating,$27
EYEG,$4.0951,1440177394023,"13,305",Not yet rated,NULL,N/A
EYEGW,$1.24,1440177394058,700,Not yet rated,NULL,N/A
EXPO,$42.74,1440177394079,"52,621",100% bearish,of 1 rating,$45.50
EZPW,$6.045,1440177394251,"101,267",50% bullish,of 4 ratings,$7.50
EZCH,$21.54,1440177394313,"62,748",75% bullish,of 8 ratings,$19.50
FB,$87.4965,1440177394380,"24,003,480",73% bullish,of 1065 ratings,$111
FRP,$16.94,1440177394448,"29,245",100% bearish,of 1 rating,$18
FCS,$13.31,1440177394475,"607,272",67% bearish,of 3 ratings,$17
FFIV,$124.9201,1440177394498,"344,854",63% bullish,of 8 ratings,$132
FWM,$2.2314,1440177394671,"108,051",100% bearish,of 2 ratings,$3.20
FALC,$1.632,1440177394848,"3,359",63% bearish,of 8 ratings,N/A
FARM,$22.44,1440177394876,"8,030",100% bearish,of 1 rating,$35
DAVE,$14.16,1440177394934,"12,630",100% bearish,of 1 rating,$15.50
FFKT,$26.76,1440177394964,"7,070",Not yet rated,NULL,$29
FMNB,$8.0812,1440177395009,700,Not yet rated,NULL,N/A
FARO,$38.3581,1440177395063,"56,144",50% bullish,of 2 ratings,$48
FAST,$39.345,1440177395168,"1,498,178",80% bullish,of 5 ratings,$46
FBSS,NULL,1440177395366,0,Not yet rated,NULL,N/A
FATE,$6.1,1440177395397,"31,961",50% bullish,of 2 ratings,$11
FBRC,$22.47,1440177395424,"21,302",100% bearish,of 1 rating,$29
FDML,$8.96,1440177395450,"127,271",50% bullish,of 4 ratings,$14
FNHC,$21.8582,1440177395526,"46,881",100% bearish,of 1 rating,$35
FEIC,$78.4073,1440177395630,"188,382",50% bullish,of 2 ratings,$95.50
FENX,$9.71,1440177395826,"32,563",100% bullish,of 1 rating,$14.25
FHCO,$1.39,1440177395859,"11,844",50% bullish,of 4 ratings,N/A
FGEN,$23.015,1440177395918,"256,133",100% bearish,of 1 rating,$39
FCSC,$5.68,1440177395948,"117,627",100% bearish,of 1 rating,$8.125
ONEQ,$187.45,1440177395978,"26,242",100% bullish,of 1 rating,N/A
LION,$19.15,1440177396086,"63,828",100% bullish,of 1 rating,$20
FSC,$6.38,1440177396391,"477,149",75% bullish,of 4 ratings,$8
FSAM,$8.71,1440177396423,"4,512",100% bearish,of 1 rating,$11
FRGI,$52.04,1440177396455,"83,371",50% bullish,of 2 ratings,$70
FSCFL,$24.8273,1440177396476,"4,264",Not yet rated,NULL,N/A
FDUS,$14.47,1440177396522,"43,659",100% bullish,of 1 rating,$18
FSFR,$8.96,1440177396550,"78,041",100% bearish,of 1 rating,$11.50
FNGN,$33.42,1440177396860,"222,616",67% bullish,of 3 ratings,$47
FITB,$19.96,1440177396890,"3,195,048",54% bullish,of 13 ratings,$22
FISI,$24.79,1440177396929,"32,215",100% bullish,of 2 ratings,$24.50
FITBI,$27.67,1440177396959,"3,072",Not yet rated,NULL,N/A
FNJN,$1.6701,1440177397023,"9,381",100% bearish,of 1 rating,$5
FNTC,NULL,1440177397051,0,Not yet rated,NULL,N/A
FNSR,$15.5,1440177397074,"624,299",71% bullish,of 7 ratings,$24.50
FNTCU,NULL,1440177397397,0,Not yet rated,NULL,N/A
FNTCW,NULL,1440177397434,0,Not yet rated,NULL,N/A
FNLC,$18.34,1440177397502,"9,092",100% bullish,of 1 rating,N/A
FEYE,$37.805,1440177397565,"4,449,900",87% bullish,of 15 ratings,$55.50
FBNC,$16.86,1440177397591,"27,320",100% bullish,of 1 rating,$20
FRBA,$6.0388,1440177397659,481,Not yet rated,NULL,$8
BUSE,$6.2892,1440177397731,"124,470",Not yet rated,NULL,$6.875
FCVA,$4.58,1440177397797,"1,000",Not yet rated,NULL,N/A
FBIZ,$43.96,1440177397863,"18,881",100% bearish,of 2 ratings,$52
FCAP,NULL,1440177397927,0,Not yet rated,NULL,N/A
FCNCA,$241.36,1440177398040,"12,654",Not yet rated,NULL,N/A
FCLF,NULL,1440177398067,0,Not yet rated,NULL,N/A
FCBC,$17.78,1440177398144,"28,182",Not yet rated,NULL,$18
FCFS,$37.54,1440177398233,"72,869",100% bearish,of 2 ratings,$48
FCCO,$11.92,1440177398279,196,Not yet rated,NULL,$13.25
FCFP,$6.9,1440177398545,"1,000",Not yet rated,NULL,N/A
FDEF,$38.02,1440177398680,"22,059",Not yet rated,NULL,$38
FFNM,$6.31,1440177398711,"2,890",Not yet rated,NULL,N/A
THFF,$32.93,1440177398733,"19,468",Not yet rated,NULL,$35
FBNK,$16.72,1440177398763,"33,989",100% bearish,of 1 rating,$17.50
FFBCW,NULL,1440177398789,0,100% bearish,of 1 rating,N/A
FFIN,$30.99,1440177398815,"170,524",50% bullish,of 2 ratings,$31.75
FFBC,$18.71,1440177400238,"93,937",67% bearish,of 3 ratings,$20.25
FFWM,$21.32,1440177400396,"7,508",Not yet rated,NULL,$24
FFNW,$12.34,1440177400469,"9,340",Not yet rated,NULL,$14
INBK,$32.11,1440177400619,"11,283",50% bullish,of 2 ratings,$37
FIBK,$26.9275,1440177400824,"48,437",Not yet rated,NULL,$32
FMBH,NULL,1440177400849,0,Not yet rated,NULL,N/A
FMBI,$17.75,1440177400904,"175,222",Not yet rated,NULL,$20
FRME,$25.16,1440177400931,"108,389",Not yet rated,NULL,$26.50
FNBC,$34.365,1440177400953,"56,296",Not yet rated,NULL,$41.50
FNFG,$9.21,1440177401092,"815,492",80% bullish,of 5 ratings,$9
FSGI,$2.46,1440177401122,"1,000",Not yet rated,NULL,N/A
FSFG,$30.1754,1440177401263,729,Not yet rated,NULL,N/A
FSLR,$46.08,1440177401349,"1,008,756",74% bullish,of 39 ratings,$65
FNWB,$12.0824,1440177401375,"4,510",Not yet rated,NULL,N/A
FSBK,$7.77,1440177401406,"1,000",100% bullish,of 1 rating,N/A
BICK,$19.6,1440177401509,"1,198",100% bullish,of 1 rating,N/A
FCAN,$23.85,1440177401698,322,Not yet rated,NULL,N/A
FTCS,$36.8945,1440177401792,"14,918",Not yet rated,NULL,N/A
IFV,$17.7,1440177401830,"1,353,675",100% bearish,of 1 rating,N/A
FBZ,NULL,1440177401857,0,Not yet rated,NULL,N/A
FCA,$20.2754,1440177401888,"2,187",Not yet rated,NULL,N/A
FV,$23.394,1440177401988,"2,435,374",Not yet rated,NULL,N/A
FEMB,NULL,1440177402070,0,Not yet rated,NULL,N/A
FTSM,$59.9014,1440177402120,"7,031",100% bearish,of 1 rating,N/A
TDIV,$24.74,1440177402302,"255,260",100% bearish,of 1 rating,N/A
FEUZ,$31.16,1440177402328,"2,590",Not yet rated,NULL,N/A
MDIV,$19.2701,1440177402350,"390,717",Not yet rated,NULL,N/A
FTGC,$22.1,1440177402511,"107,806",Not yet rated,NULL,N/A
FTHI,$19.76,1440177402541,"5,399",Not yet rated,NULL,N/A
FGM,$35.0992,1440177402639,"40,053",Not yet rated,NULL,N/A
HYLS,$49.3559,1440177402697,"24,642",100% bearish,of 1 rating,N/A
FHK,$32.913,1440177402828,"89,163",Not yet rated,NULL,N/A
FPXI,NULL,1440177402861,0,Not yet rated,NULL,N/A
YDIV,$16.66,1440177402961,"1,892",Not yet rated,NULL,N/A
CU,$12.7601,1440177402993,"8,670",100% bearish,of 1 rating,N/A
SKYY,$29.0225,1440177403103,"50,199",100% bullish,of 1 rating,N/A
PLTM,$6.6208,1440177403293,"1,862",100% bearish,of 1 rating,N/A
FJP,$46.505,1440177403352,"33,936",Not yet rated,NULL,N/A
FTLB,$19.523,1440177403460,"2,357",100% bearish,of 1 rating,N/A
FMB,NULL,1440177403520,0,Not yet rated,NULL,N/A
LMBS,$50.41,1440177403595,900,Not yet rated,NULL,N/A
CIBR,$18.154,1440177403721,"105,631",Not yet rated,NULL,N/A
FONE,$34.89,1440177403801,600,Not yet rated,NULL,N/A
QCLN,$14.653,1440177403830,"9,476",Not yet rated,NULL,N/A
QABA,$37.8731,1440177403857,"27,629",100% bearish,of 1 rating,N/A
GRID,$33.62,1440177403999,24,100% bearish,of 1 rating,N/A
RDVY,$21.63,1440177404025,"58,418",Not yet rated,NULL,N/A
CARZ,$34.7444,1440177404055,"4,257",100% bearish,of 1 rating,N/A
QQXT,$40.8144,1440177404229,"46,023",Not yet rated,NULL,N/A
QQEW,$41.685,1440177404357,"229,180",Not yet rated,NULL,N/A
QTEC,$39.7553,1440177404462,"131,370",Not yet rated,NULL,N/A
AIRR,$16.31,1440177404541,"7,858",100% bearish,of 1 rating,N/A
QINC,$20.94,1440177404670,"1,500",Not yet rated,NULL,N/A
FTSL,$48.74,1440177404720,"22,192",100% bearish,of 1 rating,N/A
FKO,$22.07,1440177404766,"2,500",Not yet rated,NULL,N/A
FDIV,$47.6983,1440177404799,"5,048",100% bearish,of 1 rating,N/A
FSZ,$39.0401,1440177404827,"44,990",Not yet rated,NULL,N/A
FTW,NULL,1440177404957,0,Not yet rated,NULL,N/A
TUSA,$24.9001,1440177405086,"4,820",Not yet rated,NULL,N/A
SVVC,$10.33,1440177405135,"23,958",100% bullish,of 1 rating,$26
FUNC,$8.23,1440177405166,"3,236",Not yet rated,NULL,N/A
FKU,$41.88,1440177405269,"52,699",Not yet rated,NULL,N/A
FSV,$31.98,1440177405403,"9,400",Not yet rated,NULL,$33.60
FMER,$17.425,1440177405474,"784,113",50% bullish,of 2 ratings,$20
FISV,$85.92,1440177405504,"463,507",100% bearish,of 3 ratings,$90
FPRX,$18.59,1440177405793,"185,548",50% bullish,of 2 ratings,$35
FIVE,$35.48,1440177405878,"210,966",75% bearish,of 4 ratings,$44
FIVN,$4.09,1440177405926,"118,015",100% bullish,of 1 rating,$8.50
FLML,$21.05,1440177405953,"80,592",50% bullish,of 2 ratings,$30
FLKS,$13.11,1440177406023,"41,414",50% bullish,of 2 ratings,$27
FLXN,$24.2,1440177406053,"58,997",100% bearish,of 1 rating,$40
SKOR,$50.348,1440177406089,500,Not yet rated,NULL,N/A
MBSD,NULL,1440177406274,0,Not yet rated,NULL,N/A
FLXS,$31.02,1440177406345,"16,563",100% bearish,of 2 ratings,N/A
FLEX,$10.525,1440177406419,"1,009,842",63% bullish,of 8 ratings,$12
FLIR,$29.12,1440177406478,"274,015",100% bearish,of 1 rating,$38.50
FLDM,$12.54,1440177406551,"450,570",67% bearish,of 3 ratings,$21.50
FFIC,$20.25,1440177406610,"24,563",Not yet rated,NULL,$21
FOGO,$19.02,1440177406740,"49,311",50% bullish,of 2 ratings,$25.50
FONR,$9.54,1440177406877,"13,634",100% bullish,of 1 rating,N/A
FOMX,$9.55,1440177406907,"69,268",50% bullish,of 2 ratings,$23.50
FORTY,$32.07,1440177406928,488,Not yet rated,NULL,N/A
FES,$0.93,1440177406962,"4,145",50% bullish,of 2 ratings,$1
FORM,$6.065,1440177407065,"150,840",67% bullish,of 3 ratings,$10.50
FTNT,$43.15,1440177407133,"1,098,236",80% bullish,of 10 ratings,$52
FORR,$32.22,1440177407268,"25,693",Not yet rated,NULL,N/A
FBIO,$2.66,1440177407340,"122,107",83% bullish,of 6 ratings,N/A
FWRD,$46.93,1440177407398,"180,250",100% bearish,of 1 rating,$50
FORD,$0.98,1440177407424,"57,337",50% bullish,of 2 ratings,N/A
FWP,$25.33,1440177407612,"18,058",100% bearish,of 1 rating,$45
FOSL,$59.93,1440177407638,"295,860",50% bullish,of 4 ratings,$80
FMI,$21.55,1440177407688,"249,110",100% bearish,of 2 ratings,$27.50
FOXF,$15.28,1440177407785,"38,086",100% bearish,of 1 rating,$19
FXCB,$17.28,1440177407819,"14,198",Not yet rated,NULL,$19
FRED,$14.53,1440177407917,"118,689",50% bullish,of 2 ratings,$16.50
FREE,$0.45,1440177408049,"732,094",92% bullish,of 12 ratings,N/A
FRAN,$10.245,1440177408075,"203,893",50% bullish,of 4 ratings,$15
FELE,$28.99,1440177408133,"143,287",50% bullish,of 4 ratings,$33
RAIL,$20.845,1440177408267,"79,727",100% bearish,of 1 rating,$24.50
FEIM,$11.11,1440177408402,"4,244",100% bearish,of 1 rating,N/A
FRPT,$13.01,1440177408433,"215,988",67% bearish,of 3 ratings,$23.50
FTR,$5.115,1440177408460,"11,234,111",78% bullish,of 27 ratings,$6.25
FTRPR,$101.045,1440177408532,"55,914",100% bearish,of 1 rating,N/A
FRPH,$30.65,1440177408638,"8,706",100% bearish,of 1 rating,N/A
FTD,$29.69,1440177408770,"50,289",100% bearish,of 1 rating,$40
FSYS,$6.3,1440177408809,"21,626",67% bullish,of 3 ratings,$10
FSBW,$23.2,1440177408843,"1,700",Not yet rated,NULL,N/A
FCEL,$0.7349,1440177408939,"1,078,992",88% bullish,of 40 ratings,$2.65
FTEK,$2.155,1440177408966,"15,912",75% bullish,of 4 ratings,N/A
FULL,$3.15,1440177409257,"39,683",67% bearish,of 3 ratings,$4.25
FULLL,$25.33,1440177409958,900,Not yet rated,NULL,N/A
FLL,$1.49,1440177410088,"9,500",75% bullish,of 4 ratings,$2.825
FULT,$12.4,1440177410188,"612,050",100% bearish,of 1 rating,$13
FSNN,$2.5,1440177410259,"1,100",67% bullish,of 3 ratings,$6
FXENP,$16.28,1440177410451,700,100% bearish,of 1 rating,N/A
FXEN,$0.861,1440177410509,"74,460",75% bullish,of 4 ratings,$1.10
FFHL,NULL,1440177410589,0,50% bullish,of 4 ratings,N/A
GK,$69.71,1440177410639,"33,977",Not yet rated,NULL,$78
WILC,$5.13,1440177410666,375,100% bullish,of 2 ratings,N/A
GAIA,$5.88,1440177410696,"15,205",50% bullish,of 2 ratings,$8.50
GALT,$1.9095,1440177410723,"55,971",80% bullish,of 5 ratings,N/A
GLPG,$62.01,1440177410850,"19,779",100% bullish,of 1 rating,$75
GALTU,NULL,1440177410904,0,100% bearish,of 1 rating,N/A
GALTW,NULL,1440177411114,0,100% bullish,of 1 rating,N/A
GALE,$1.33,1440177411140,"950,126",89% bullish,of 47 ratings,$4
GGAC,NULL,1440177411353,0,100% bearish,of 1 rating,N/A
GRMN,$38.56,1440177411382,"729,386",50% bullish,of 6 ratings,$48
GLMD,$8.5,1440177411407,"4,407",67% bullish,of 3 ratings,$20.50
GPIC,NULL,1440177411439,0,100% bearish,of 1 rating,N/A
GLPI,$31.875,1440177411466,"258,092",100% bearish,of 1 rating,$37.50
GGACR,NULL,1440177411516,0,100% bullish,of 1 rating,N/A
GGACU,NULL,1440177411647,0,Not yet rated,NULL,N/A
GGACW,$0.12,1440177411773,274,Not yet rated,NULL,N/A
GENC,$9.4,1440177411806,"1,228",100% bearish,of 1 rating,N/A
GNCMA,$16.64,1440177411832,"82,050",100% bearish,of 1 rating,$12
GARS,$14.83,1440177411903,"15,996",Not yet rated,NULL,$16
GFN,$3.53,1440177412035,"21,876",100% bearish,of 2 ratings,$8
GFNCP,NULL,1440177412190,0,Not yet rated,NULL,N/A
GFNSL,$25.8,1440177412322,"1,200",Not yet rated,NULL,N/A
GNMK,$9.15,1440177412353,"113,093",67% bullish,of 6 ratings,$14
GENE,$2.393,1440177412375,"103,444",100% bullish,of 12 ratings,N/A
GNCA,$12.6,1440177412461,"109,038",100% bearish,of 1 rating,$20
GNTX,$15.21,1440177412507,"637,914",Not yet rated,NULL,$20
GHDX,$25.15,1440177412532,"53,694",50% bullish,of 2 ratings,$30
GNVC,$2.4,1440177412795,"22,657",90% bullish,of 10 ratings,$8.50
GTWN,NULL,1440177412829,0,Not yet rated,NULL,N/A
GEOS,$15.34,1440177412932,"39,139",100% bearish,of 3 ratings,$25.50
GABC,$29.535,1440177413063,"20,965",Not yet rated,NULL,$31.50
GERN,$3.0968,1440177413099,"1,407,097",88% bullish,of 16 ratings,$5.25
GEVO,$2.31,1440177413134,"175,148",75% bullish,of 12 ratings,$5
THRM,$44.09,1440177413160,"150,188",75% bearish,of 4 ratings,$55.50
GIGA,$1.3699,1440177413297,"19,093",100% bearish,of 1 rating,N/A
GIGM,$0.615,1440177413326,"50,495",100% bullish,of 2 ratings,N/A
ROCK,$17.45,1440177413402,"99,953",80% bullish,of 5 ratings,$24
GILT,$4.47,1440177413573,"1,923",50% bullish,of 2 ratings,N/A
GIII,$64.68,1440177413604,"156,632",67% bullish,of 3 ratings,$75
GBCI,$26.2,1440177413738,"165,053",50% bullish,of 2 ratings,$31
GILD,$107.13,1440177413767,"7,447,722",91% bullish,of 86 ratings,$129
GLAD,$8.5416,1440177413789,"111,444",50% bullish,of 2 ratings,$8.75
GLADO,$25.49,1440177413941,"2,000",Not yet rated,NULL,N/A
GOOD,$15.313,1440177414143,"63,619",Not yet rated,NULL,$19
GOODO,$25.1001,1440177414170,601,Not yet rated,NULL,N/A
GAIN,$7.48,1440177414218,"165,788",100% bullish,of 2 ratings,$8.25
GOODP,NULL,1440177414302,0,Not yet rated,NULL,N/A
GOODN,$25.64,1440177414329,286,Not yet rated,NULL,N/A
GAINN,NULL,1440177414485,0,Not yet rated,NULL,N/A
LAND,$9.461,1440177414514,"7,100",50% bullish,of 2 ratings,$13.75
GAINP,$26.0001,1440177414541,"1,800",Not yet rated,NULL,N/A
GAINO,$25.3201,1440177414567,913,Not yet rated,NULL,N/A
GLBZ,NULL,1440177414807,0,Not yet rated,NULL,N/A
GBT,$44.8101,1440177414889,"148,860",100% bearish,of 1 rating,N/A
GDEF,NULL,1440177414977,0,Not yet rated,NULL,N/A
GPACU,NULL,1440177415034,0,Not yet rated,NULL,N/A
ENT,$11.57,1440177415062,"104,688",100% bearish,of 1 rating,$18
GBLI,$26.03,1440177415083,"9,374",Not yet rated,NULL,N/A
GSOL,$8.38,1440177415215,"9,650",100% bearish,of 1 rating,N/A
ACTX,$13.53,1440177415373,400,100% bullish,of 1 rating,N/A
ALTY,$14.5684,1440177415436,200,Not yet rated,NULL,N/A
SRET,$13.6001,1440177415465,"3,074",Not yet rated,NULL,N/A
YLCO,$11.8536,1440177415493,134,Not yet rated,NULL,N/A
SOCL,$17.3599,1440177415525,"60,456",100% bullish,of 2 ratings,N/A
QQQC,$19.6055,1440177415626,"3,350",100% bearish,of 1 rating,N/A
GAI,$5.31,1440177415838,"2,810",50% bullish,of 2 ratings,N/A
GSM,$13.06,1440177415864,"180,045",50% bullish,of 2 ratings,$24.50
GLBS,$1.16,1440177416016,100,67% bullish,of 3 ratings,N/A
GLRI,$1.17,1440177416044,"52,405",100% bearish,of 1 rating,$6
GBIM,$2.2439,1440177416074,"29,863",50% bullish,of 2 ratings,N/A
GLUU,$4.38,1440177416177,"1,517,482",92% bullish,of 26 ratings,$9
GLNG,$35.44,1440177416365,"328,638",83% bullish,of 6 ratings,$58
GLYC,$7.17,1440177416391,"5,999",50% bullish,of 2 ratings,$14
GMLP,$19,1440177416546,"65,387",50% bullish,of 4 ratings,$32.50
GLDC,$4.07,1440177416580,"4,230",50% bullish,of 2 ratings,N/A
GOGO,$15.64,1440177416610,"270,258",80% bullish,of 5 ratings,$25
GDEN,$8.74,1440177416639,"8,213",50% bullish,of 2 ratings,N/A
GOGL,$2.9999,1440177416673,"274,121",75% bullish,of 4 ratings,$5
GBDC,$16.5,1440177416809,"58,582",Not yet rated,NULL,$17.75
GTIM,$6.1,1440177417034,"53,618",Not yet rated,NULL,$11.50
GOOG,$627.93,1440177417060,"1,035,023",89% bullish,of 66 ratings,$825
GOOGL,$660.3751,1440177417138,"1,031,480",88% bullish,of 1079 ratings,$749
GPRO,$48.9115,1440177417206,"3,653,307",78% bullish,of 58 ratings,$72
GMAN,$4.4018,1440177417236,"40,565",60% bullish,of 5 ratings,$8
GPIA,NULL,1440177417338,0,Not yet rated,NULL,N/A
GPIAU,NULL,1440177417369,0,Not yet rated,NULL,N/A
LOPE,$36.53,1440177417470,"201,083",100% bearish,of 2 ratings,$50
GPIAW,NULL,1440177417601,0,Not yet rated,NULL,N/A
GRVY,$3.381,1440177417656,"1,000",50% bullish,of 2 ratings,N/A
GBSN,$1.42,1440177417687,"471,422",100% bearish,of 1 rating,$8.25
GBSNU,$16.99,1440177417718,"13,231",Not yet rated,NULL,N/A
GLDD,$5.36,1440177417821,"183,869",100% bearish,of 4 ratings,$7.75
GSBC,$40.46,1440177417985,"17,940",100% bullish,of 1 rating,$44
GNBC,$12.25,1440177418167,"10,264",100% bearish,of 1 rating,$17
GPP,$14.75,1440177418211,"21,642",Not yet rated,NULL,$20.50
GPRE,$18.87,1440177418253,"424,229",67% bullish,of 6 ratings,$28.50
GRBK,$13.291,1440177418344,"102,046",77% bullish,of 13 ratings,N/A
GLRE,$24.96,1440177418384,"125,946",50% bullish,of 2 ratings,$41
GCBC,NULL,1440177418415,0,100% bullish,of 1 rating,N/A
GRFS,$30.55,1440177418515,"101,060",50% bullish,of 2 ratings,$35
GRPN,$4.09,1440177418557,"4,038,310",61% bullish,of 71 ratings,$6.75
GRIF,$30.38,1440177418583,151,100% bearish,of 1 rating,N/A
GGAL,$17.55,1440177418806,"190,098",80% bullish,of 5 ratings,$40
OMAB,$39.55,1440177418838,"14,848",100% bullish,of 1 rating,$44
GSIT,$5,1440177418935,"9,084",100% bearish,of 1 rating,N/A
GSIG,$13.115,1440177418966,"40,148",100% bearish,of 2 ratings,N/A
GSVC,$8.8901,1440177419114,"86,782",50% bullish,of 2 ratings,$14.50
GTXI,$0.9051,1440177419258,"22,296",100% bullish,of 5 ratings,$.75
GFED,NULL,1440177419393,0,Not yet rated,NULL,$17
GIFI,$12.03,1440177419460,"10,078",100% bearish,of 1 rating,$16
GUID,$7.2,1440177419489,"132,717",100% bearish,of 3 ratings,$10
GBNK,$15.8,1440177419511,"26,084",100% bearish,of 1 rating,$18
GURE,$1.6993,1440177419544,"61,086",88% bullish,of 8 ratings,N/A
GULTU,$0.2976,1440177419566,"54,984",100% bearish,of 1 rating,N/A
GWGH,$7.43,1440177419831,984,100% bearish,of 1 rating,$15.05
GPOR,$33.69,1440177419929,"348,618",75% bullish,of 4 ratings,$55
HEES,$16.19,1440177419989,"140,276",67% bearish,of 3 ratings,$31
GWPH,$104.7101,1440177420017,"122,911",78% bullish,of 9 ratings,$148.50
GYRO,$2.86,1440177420039,"48,304",100% bearish,of 1 rating,N/A
HNRG,$7.26,1440177420207,"78,279",100% bearish,of 1 rating,$10
HLG,$9.64,1440177420240,"3,000",100% bearish,of 1 rating,N/A
HALL,$11.4904,1440177420341,"19,726",Not yet rated,NULL,N/A
HALO,$17.36,1440177420371,"815,466",67% bullish,of 3 ratings,$22.50
HBK,NULL,1440177420431,0,50% bullish,of 2 ratings,N/A
HBHC,$26.82,1440177420470,"256,307",50% bullish,of 2 ratings,$30
HMPR,$1.87,1440177420533,"71,392",100% bullish,of 1 rating,N/A
HBHCL,$24.45,1440177420627,"10,622",Not yet rated,NULL,N/A
HNH,$28.21,1440177420759,"18,881",100% bullish,of 1 rating,N/A
HNSN,$0.4978,1440177420974,"31,714",88% bullish,of 8 ratings,$.40
HAFC,$24.6,1440177421000,"40,247",100% bullish,of 2 ratings,$28.50
HQCL,$9.01,1440177421248,"12,800",67% bullish,of 3 ratings,N/A
HRMN,NULL,1440177421311,0,Not yet rated,NULL,N/A
HLIT,$5.58,1440177421336,"186,266",100% bearish,of 1 rating,$6.50
HDNG,$9.9755,1440177421377,"6,030",50% bullish,of 4 ratings,N/A
HRMNU,NULL,1440177421410,0,Not yet rated,NULL,N/A
TINY,$2.49,1440177421513,"13,910",50% bullish,of 2 ratings,$5.26
HRMNW,NULL,1440177421542,0,Not yet rated,NULL,N/A
HBIO,$4.35,1440177421715,"61,366",Not yet rated,NULL,$10
HART,$0.7125,1440177421741,"82,249",100% bearish,of 1 rating,N/A
HCAPL,$25.41,1440177421801,"1,573",Not yet rated,NULL,N/A
HCAP,$12.0292,1440177421826,"19,808",50% bullish,of 2 ratings,$15
HAS,$75.56,1440177422050,"450,854",63% bullish,of 8 ratings,$84.50
HA,$23.55,1440177422207,"478,683",67% bullish,of 9 ratings,$27
HCOM,$22.555,1440177422236,"19,498",100% bearish,of 1 rating,$28
HWKN,$36.81,1440177422257,"15,324",Not yet rated,NULL,N/A
HAYN,$38.31,1440177422279,"19,592",100% bearish,of 1 rating,$59
HDS,$33.13,1440177422320,"637,869",100% bearish,of 2 ratings,$39.50
HWBK,NULL,1440177422412,0,100% bearish,of 1 rating,N/A
HCSG,$33.63,1440177422634,"186,879",50% bullish,of 4 ratings,$35
HIIQ,$4.5801,1440177422675,"20,958",50% bullish,of 2 ratings,$7
HSTM,$24.79,1440177422714,"93,625",50% bullish,of 2 ratings,$33.75
HQY,$29.465,1440177422741,"228,605",67% bullish,of 3 ratings,$31
HTLF,$35.95,1440177423037,"35,865",100% bullish,of 1 rating,$39.50
HTLD,$20.0401,1440177423064,"238,751",Not yet rated,NULL,$22.50
HWAY,$12.3723,1440177423111,"106,606",100% bearish,of 1 rating,$15
HTWR,$83.495,1440177423144,"109,992",50% bullish,of 2 ratings,$103
HELE,$87.5701,1440177423243,"79,009",67% bearish,of 3 ratings,$100
HTBX,$5.3808,1440177423272,"18,916",50% bullish,of 2 ratings,$15.50
HSII,$20.13,1440177423302,"38,172",100% bullish,of 3 ratings,$25
HMTV,$12.82,1440177423472,"7,976",100% bearish,of 1 rating,$16
HMNY,$2.1929,1440177423499,"2,178",100% bearish,of 1 rating,N/A
HNNA,$24.46,1440177423649,"10,651",Not yet rated,NULL,N/A
HCACU,$10.0043,1440177423681,"2,000",Not yet rated,NULL,N/A
HSIC,$139.15,1440177423817,"177,108",83% bullish,of 6 ratings,$146
HTBK,$11.01,1440177423880,"71,609",Not yet rated,NULL,$12
HERO,$0.071,1440177423908,"609,329",81% bullish,of 16 ratings,$.75
HFWA,$17.76,1440177424056,"42,006",100% bullish,of 1 rating,$20
HEOP,$7.87,1440177424114,"16,324",Not yet rated,NULL,$8.50
HCCI,$11.68,1440177424141,"16,630",100% bearish,of 1 rating,$16.50
MLHR,$28.18,1440177424212,"122,236",50% bullish,of 2 ratings,$33.50
HSKA,$32.96,1440177424299,"20,718",100% bearish,of 1 rating,$38
HIBB,$38.29,1440177424586,"614,022",100% bearish,of 1 rating,$48.50
HFFC,$16.2,1440177424612,832,Not yet rated,NULL,N/A
HRTX,$35.3707,1440177424668,"515,640",67% bullish,of 6 ratings,$41
HPJ,$2.2329,1440177424767,"100,832",75% bullish,of 4 ratings,$12.43
HIHO,$3.95,1440177424898,"7,479",Not yet rated,NULL,N/A
HIMX,$6.4,1440177424944,"736,646",86% bullish,of 21 ratings,$8.50
HIFS,$118.59,1440177424970,"1,569",Not yet rated,NULL,N/A
HSGX,$5.9699,1440177425102,"23,005",100% bearish,of 1 rating,$17
HMNF,$11.1,1440177425129,"2,410",Not yet rated,NULL,N/A
HMSY,$8.75,1440177425269,"718,808",67% bullish,of 3 ratings,$19.35
HOLX,$39.93,1440177425295,"943,725",67% bullish,of 3 ratings,$42
HBCP,$24.23,1440177425471,"28,018",Not yet rated,NULL,$29
HOMB,$39.05,1440177425498,"212,879",Not yet rated,NULL,$41
HOLI,$16.87,1440177425543,"105,190",50% bullish,of 4 ratings,$27
HFBL,$22,1440177425630,"1,100",Not yet rated,NULL,N/A
HMIN,$29.1,1440177425891,"33,114",100% bearish,of 2 ratings,$35
AWAY,$29.2,1440177425952,"311,869",67% bullish,of 3 ratings,$36
HMST,$21.47,1440177425995,"63,334",100% bullish,of 2 ratings,$27
HTBI,$18.39,1440177426076,"40,676",67% bullish,of 3 ratings,$18.625
HKTV,$4.8,1440177426106,811,100% bearish,of 1 rating,N/A
CETC,$0.8147,1440177426132,"27,722",86% bullish,of 7 ratings,N/A
HOFT,$24.355,1440177426186,"34,941",100% bearish,of 1 rating,N/A
HBNC,$24,1440177426289,"21,589",100% bullish,of 1 rating,$27
HFBC,$11.63,1440177426384,"2,329",Not yet rated,NULL,N/A
HZNP,$29.5,1440177426518,"1,608,537",85% bullish,of 20 ratings,$40
HRZN,$10.6401,1440177426544,"25,497",100% bearish,of 1 rating,$14.25
ZINC,$7.14,1440177426967,"309,023",100% bearish,of 1 rating,$17
HMHC,$22.43,1440177426999,"456,984",Not yet rated,NULL,$27
HOVNP,NULL,1440177427034,0,100% bearish,of 1 rating,N/A
HDP,$25.07,1440177427068,"110,352",67% bearish,of 3 ratings,$30.50
HWCC,$7.2,1440177427099,"34,129",100% bearish,of 1 rating,$9
HBMD,$13.46,1440177427169,300,100% bearish,of 1 rating,N/A
HTGM,$5.77,1440177427228,"4,202",100% bearish,of 1 rating,$19.50
HSNI,$61.11,1440177427445,"150,476",Not yet rated,NULL,$80
HUBG,$39.17,1440177427651,"100,690",100% bearish,of 1 rating,$43
HCBK,$9.71,1440177427677,"1,025,518",83% bullish,of 6 ratings,$8.61
HSON,$2.8,1440177427813,"8,799",100% bearish,of 1 rating,$5
HBAN,$11.085,1440177427853,"3,213,058",76% bullish,of 17 ratings,$12.29
HDSN,$2.81,1440177427879,"21,316",100% bullish,of 1 rating,$6.25
HBANP,$1335,1440177428127,10,100% bearish,of 1 rating,N/A
HURC,$30,1440177428152,"8,869",100% bearish,of 1 rating,N/A
HTCH,$1.6101,1440177428354,"27,403",100% bearish,of 1 rating,$3.50
HURN,$73.06,1440177428450,"59,190",50% bullish,of 2 ratings,$80
HBP,NULL,1440177428477,0,100% bullish,of 1 rating,N/A
HDRA,NULL,1440177428507,0,Not yet rated,NULL,N/A
HDRAW,NULL,1440177428608,0,Not yet rated,NULL,N/A
HDRAR,NULL,1440177428640,0,Not yet rated,NULL,N/A
HDRAU,NULL,1440177428668,0,Not yet rated,NULL,N/A
IACI,$71.13,1440177428885,"398,902",75% bullish,of 4 ratings,$90
IDSY,$3.86,1440177428953,"2,621",100% bearish,of 1 rating,$7
HYGS,$7.55,1440177429015,"20,907",50% bullish,of 2 ratings,$13
IKGH,$1.85,1440177429208,"4,100",75% bullish,of 4 ratings,N/A
ICAD,$3.47,1440177429364,"6,100",50% bullish,of 2 ratings,$7.25
IEP,$67.35,1440177429400,"88,385",75% bullish,of 4 ratings,$99
IBKC,$60.5,1440177429458,"114,098",100% bullish,of 1 rating,$70
ICLR,$77.63,1440177430022,"147,244",100% bearish,of 3 ratings,$85
ICON,$12.2601,1440177430053,"349,040",50% bullish,of 2 ratings,$18.50
ICUI,$115.57,1440177430075,"67,841",Not yet rated,NULL,$122
ICFI,$35.53,1440177430111,"52,583",50% bullish,of 2 ratings,$48.50
IPWR,$7.35,1440177430217,147,100% bullish,of 1 rating,$15
INVE,$4.6,1440177430277,"79,762",75% bullish,of 4 ratings,$4
IDRA,$2.545,1440177430347,"719,038",89% bullish,of 9 ratings,$6.50
IDXX,$74.59,1440177430551,"210,360",100% bearish,of 1 rating,$77
IRG,$4.8,1440177430680,"6,516",100% bearish,of 1 rating,$4.50
DSKY,$12,1440177430710,"139,825",67% bullish,of 6 ratings,$11.50
IROQ,$16.5,1440177430756,500,100% bullish,of 1 rating,N/A
RXDX,$12.69,1440177430813,"73,319",100% bullish,of 1 rating,$20
KANG,$15,1440177430840,"160,037",50% bullish,of 2 ratings,$22.55
IIVI,$17.63,1440177430922,"104,678",100% bearish,of 1 rating,$22
IKAN,$2.73,1440177430983,"14,259",83% bullish,of 6 ratings,$5
IKNX,$11.98,1440177431272,522,100% bearish,of 1 rating,N/A
ISNS,$3.889,1440177431301,"34,636",50% bullish,of 2 ratings,N/A
ILMN,$200.13,1440177431327,"471,215",80% bullish,of 5 ratings,$240
IMMR,$11.15,1440177431369,"132,141",80% bullish,of 5 ratings,$15.50
ICCC,$8.0601,1440177431512,"5,129",100% bullish,of 1 rating,N/A
IMDZ,$15.58,1440177431538,"35,926",100% bearish,of 1 rating,$33
IMMU,$1.91,1440177431773,"572,600",86% bullish,of 7 ratings,$2
IMGN,$13.48,1440177431805,"605,751",75% bullish,of 4 ratings,$17.50
IPXL,$43.61,1440177431831,"363,216",67% bullish,of 3 ratings,$46.50
IMNP,$1.36,1440177431853,"71,225",50% bullish,of 2 ratings,$6
IMMY,$7.3799,1440177431892,"5,603",100% bearish,of 1 rating,$11
INCR,$42.31,1440177431989,"140,349",50% bullish,of 2 ratings,$53
SAAS,$7.68,1440177432074,"255,794",50% bullish,of 2 ratings,$15
INCY,$104.9964,1440177432280,"372,003",50% bullish,of 6 ratings,$125.50
INDB,$46.46,1440177432555,"32,902",Not yet rated,NULL,$44
IDSA,$3.53,1440177432582,200,Not yet rated,NULL,N/A
IBTX,$43.29,1440177432616,"29,138",100% bullish,of 2 ratings,$47.25
IBCP,$14.1641,1440177432643,"29,943",100% bullish,of 1 rating,$14.50
INFI,$9.64,1440177432712,"353,592",50% bullish,of 4 ratings,$18
INFN,$21.12,1440177432737,"1,418,753",71% bullish,of 7 ratings,$28
IPCC,$80.18,1440177432879,"20,738",Not yet rated,NULL,$77.50
IFON,$1.22,1440177433012,"38,143",75% bullish,of 4 ratings,N/A
IMKTA,$53.32,1440177433095,"48,335",100% bearish,of 1 rating,N/A
III,$4.185,1440177433133,"83,131",57% bullish,of 7 ratings,$6
INNL,NULL,1440177433161,0,100% bearish,of 1 rating,$16.50
INWK,$7.28,1440177433183,"84,556",50% bullish,of 2 ratings,$10
INOD,$2.49,1440177433228,"5,782",100% bearish,of 1 rating,N/A
IPHS,$47.84,1440177433431,"43,986",100% bearish,of 1 rating,$60
IOSP,$49.2001,1440177433537,"440,627",100% bearish,of 1 rating,N/A
INGN,$49.1,1440177433742,"67,166",100% bearish,of 1 rating,$50.50
ISSC,$2.8984,1440177433768,"5,182",67% bearish,of 3 ratings,N/A
INOV,$20.94,1440177433826,"180,312",100% bearish,of 1 rating,$33
INO,$7.05,1440177433899,"621,308",89% bullish,of 18 ratings,$20
ISIG,$2.6,1440177433958,"3,839",100% bearish,of 1 rating,N/A
NSIT,$25.65,1440177433985,"83,928",50% bullish,of 2 ratings,N/A
ITEK,$13.78,1440177434006,"393,068",100% bearish,of 3 ratings,$20
IIIN,$17.54,1440177434199,"20,194",100% bearish,of 2 ratings,N/A
INSM,$24.9,1440177434252,"194,885",71% bullish,of 7 ratings,$31.50
INSY,$32.66,1440177434283,"376,935",75% bullish,of 4 ratings,$48
PODD,$28.7,1440177434383,"178,960",50% bullish,of 2 ratings,$35
NTEC,$6,1440177434421,"16,200",Not yet rated,NULL,N/A
IART,$60.46,1440177434552,"70,911",100% bearish,of 1 rating,$71.50
IDTI,$17.51,1440177434649,"1,121,230",60% bullish,of 5 ratings,$25
INTC,$27.07,1440177434753,"17,744,307",82% bullish,of 238 ratings,$36
IESC,$7.25,1440177434782,900,100% bearish,of 1 rating,N/A
ISSI,$22.26,1440177434859,"121,823",67% bullish,of 3 ratings,$19.75
IPCI,$2.14,1440177434918,"19,315",67% bullish,of 6 ratings,$7.75
IPAR,$27.23,1440177434988,"28,569",67% bullish,of 3 ratings,$38
IQNT,$18.9275,1440177435055,"141,711",86% bullish,of 7 ratings,$20
ININ,$37.91,1440177435149,"45,474",67% bearish,of 3 ratings,$57
IBKR,$39.17,1440177435178,"273,159",100% bullish,of 1 rating,N/A
ICLD,$1.84,1440177435354,"295,342",75% bullish,of 4 ratings,N/A
ICPT,$193.43,1440177435406,"181,316",70% bullish,of 10 ratings,$359.50
ICLDW,NULL,1440177435508,0,100% bearish,of 1 rating,N/A
TILE,$24.48,1440177435612,"264,325",67% bearish,of 3 ratings,$27
IDCC,$47.83,1440177435745,"139,621",80% bullish,of 5 ratings,$63
IMI,$2.05,1440177435799,"5,787",67% bullish,of 3 ratings,$2.22
INAP,$8.32,1440177435825,"101,419",75% bullish,of 4 ratings,$11
ISCA,$31.715,1440177436129,"32,452",100% bearish,of 1 rating,N/A
IGLD,$7.091,1440177436350,"1,977",50% bullish,of 2 ratings,N/A
IIJI,$8.83,1440177436442,100,50% bullish,of 2 ratings,$11.50
IBOC,$25.965,1440177436526,"108,778",100% bearish,of 1 rating,N/A
PTNT,$2.991,1440177436658,"1,050",Not yet rated,NULL,N/A
XENT,$27.5,1440177436691,"80,562",50% bullish,of 2 ratings,$36.50
INPH,$0.3,1440177436718,"8,240",50% bullish,of 2 ratings,N/A
INTX,$2.57,1440177436801,"15,866",67% bullish,of 3 ratings,N/A
IILG,$20.04,1440177437120,"143,586",100% bearish,of 1 rating,$30.50
ISIL,$10.3,1440177437157,"507,535",50% bullish,of 6 ratings,$15
ITCI,$29.351,1440177437250,"242,720",75% bearish,of 4 ratings,$40
IVAC,$4.91,1440177437288,"3,225",Not yet rated,NULL,$6.625
INTLL,$25.8266,1440177437316,200,Not yet rated,NULL,N/A
INTL,$26.25,1440177437347,"56,280",67% bearish,of 3 ratings,N/A
IIN,$6.4,1440177437446,"1,700",100% bearish,of 1 rating,$12
INTU,$90.895,1440177437543,"3,384,611",100% bullish,of 7 ratings,$110.50
ISRG,$507.5,1440177437570,"91,164",67% bullish,of 3 ratings,$600
INVT,$0.2712,1440177437703,"16,271",67% bullish,of 3 ratings,N/A
ISBC,$11.855,1440177437847,"1,322,885",100% bullish,of 1 rating,$13.25
ISTR,$15.51,1440177437872,442,100% bearish,of 1 rating,$18.50
SNAK,$8.52,1440177437903,"198,870",50% bullish,of 2 ratings,$14
ITIC,NULL,1440177438100,0,100% bearish,of 2 ratings,N/A
NVIV,$9.73,1440177438169,"246,497",50% bullish,of 4 ratings,$24.50
IVTY,$13.05,1440177438301,"3,125",Not yet rated,NULL,$18
IPAS,$1.0401,1440177438369,"29,370",67% bullish,of 3 ratings,N/A
IPCM,$79.46,1440177438458,"365,308",50% bullish,of 2 ratings,$80.125
DFVL,NULL,1440177438541,0,Not yet rated,NULL,N/A
DTUL,NULL,1440177438598,0,Not yet rated,NULL,N/A
IPGP,$85.92,1440177438624,"56,373",100% bearish,of 2 ratings,$109.50
IRIX,$7.15,1440177438810,"5,195",100% bearish,of 1 rating,N/A
IRMD,$24.8856,1440177438889,"10,434",67% bearish,of 3 ratings,$25
IRDM,$6.6199,1440177438944,"286,740",60% bullish,of 5 ratings,$11.50
IRDMB,$267.54,1440177439081,300,67% bearish,of 3 ratings,N/A
IRBT,$29.8516,1440177439111,"101,103",67% bullish,of 6 ratings,$37
IRWD,$11.16,1440177439216,"585,247",100% bearish,of 1 rating,$13
IRCP,$32.13,1440177439321,101,100% bullish,of 2 ratings,N/A
GNMA,$50.25,1440177439411,400,Not yet rated,NULL,N/A
COMT,$32.25,1440177439480,"9,036",100% bearish,of 1 rating,N/A
FCHI,$47.89,1440177439554,"1,550",Not yet rated,NULL,N/A
IFEU,$38.73,1440177439656,"5,808",Not yet rated,NULL,N/A
IFNA,$56.26,1440177439874,1,Not yet rated,NULL,N/A
IFGL,$29.0642,1440177439927,"98,411",Not yet rated,NULL,N/A
IFAS,$28.69,1440177439955,"6,392",Not yet rated,NULL,N/A
ACWI,$56.0601,1440177440113,"512,238",Not yet rated,NULL,N/A
AAXJ,$52.66,1440177440198,"823,449",Not yet rated,NULL,N/A
AAIT,NULL,1440177440327,0,100% bullish,of 1 rating,N/A
ACWX,$40.6455,1440177440352,"220,257",100% bearish,of 1 rating,N/A
AXJS,NULL,1440177440382,0,Not yet rated,NULL,N/A
EEMA,$49.44,1440177440409,"348,854",Not yet rated,NULL,N/A
EMDI,NULL,1440177440569,0,Not yet rated,NULL,N/A
EEME,$38.42,1440177440619,256,100% bearish,of 1 rating,N/A
EMEY,NULL,1440177440712,0,Not yet rated,NULL,N/A
EEML,NULL,1440177440869,0,Not yet rated,NULL,N/A
EGRW,$48.49,1440177440900,100,Not yet rated,NULL,N/A
EVAL,$36.64,1440177440926,"1,400",Not yet rated,NULL,N/A
IEUS,$45.7299,1440177441170,"4,723",100% bearish,of 1 rating,N/A
EUFN,$21.97,1440177441303,"102,544",100% bearish,of 1 rating,N/A
QAT,$20.45,1440177441329,"23,245",Not yet rated,NULL,N/A
UAE,$17.8399,1440177441358,630,Not yet rated,NULL,N/A
IBB,$345.92,1440177441404,"1,331,819",63% bullish,of 8 ratings,N/A
SOXX,$79.59,1440177441503,"460,814",50% bullish,of 2 ratings,N/A
ICLN,$9.3859,1440177441600,"27,585",50% bullish,of 2 ratings,N/A
WOOD,$49.0305,1440177441699,"47,566",50% bullish,of 2 ratings,N/A
EMIF,$28.49,1440177441786,"2,949",Not yet rated,NULL,N/A
ISHG,$79.9,1440177441890,206,100% bearish,of 1 rating,N/A
INDY,$28.1,1440177441935,"584,948",50% bullish,of 2 ratings,N/A
IGOV,$92.405,1440177441960,"13,014",100% bearish,of 1 rating,N/A
ISIS,$46.48,1440177442190,"668,792",53% bullish,of 15 ratings,$67
ISRL,$129.9,1440177442226,545,100% bearish,of 1 rating,N/A
ISLE,$16.6,1440177442260,"193,965",50% bullish,of 4 ratings,$16
ITRI,$32.07,1440177442390,"149,884",Not yet rated,NULL,$37
ITUS,$4.1225,1440177442420,"5,070",Not yet rated,NULL,N/A
ITRN,$24.73,1440177442525,"5,053",50% bullish,of 2 ratings,N/A
XXIA,$15.46,1440177442552,"160,598",71% bullish,of 7 ratings,$14.625
IXYS,$10.63,1440177442683,"138,807",50% bullish,of 4 ratings,N/A
JJSF,$113.74,1440177442729,"49,331",100% bearish,of 1 rating,N/A
MAYS,NULL,1440177442873,0,Not yet rated,NULL,N/A
JBHT,$76.23,1440177442899,"486,330",50% bullish,of 4 ratings,$89.50
JCOM,$70.1,1440177443055,"115,680",100% bullish,of 2 ratings,$77
JASO,$7.28,1440177443937,"857,571",82% bullish,of 17 ratings,$10
JACK,$82.42,1440177443966,"315,949",83% bullish,of 6 ratings,$105
JKHY,$68.92,1440177444029,"82,334",50% bullish,of 2 ratings,$72
JXSB,$24.06,1440177444314,542,Not yet rated,NULL,N/A
JAGX,$2.46,1440177444345,"6,780",Not yet rated,NULL,N/A
JAXB,$12.76,1440177444367,"1,300",100% bullish,of 1 rating,N/A
JAKK,$9.185,1440177444388,"190,920",60% bearish,of 5 ratings,$11
JMBA,$13.22,1440177444524,"44,605",75% bullish,of 4 ratings,$18
ERW,NULL,1440177444593,0,Not yet rated,NULL,N/A
JRVR,$26.14,1440177444623,"20,500",Not yet rated,NULL,$32
JASN,$4.9,1440177444754,"21,338",50% bullish,of 2 ratings,$9.50
JAZZ,$173.31,1440177444784,"171,862",80% bullish,of 15 ratings,$206.50
JASNW,$0.25,1440177444806,"9,800",50% bullish,of 2 ratings,N/A
JBLU,$21.85,1440177444939,"4,174,578",94% bullish,of 16 ratings,$27
JD,$25.06,1440177445179,"6,230,707",75% bullish,of 16 ratings,$36
JCTCF,NULL,1440177445210,0,100% bullish,of 1 rating,N/A
JTPY,$3.03,1440177445243,"4,065",100% bearish,of 1 rating,N/A
DATE,$6.48,1440177445269,"134,906",75% bullish,of 4 ratings,$9
JST,$4.04,1440177445309,"16,800",75% bullish,of 4 ratings,N/A
WYIGU,$10.0227,1440177445351,100,Not yet rated,NULL,N/A
JIVE,$4.1,1440177445453,"178,531",75% bullish,of 4 ratings,$5
JNP,$9.83,1440177445799,"1,792",100% bullish,of 3 ratings,$15
JOUT,$23.498,1440177445827,"13,368",100% bearish,of 1 rating,$34
JBSS,$47.54,1440177445853,"74,378",67% bearish,of 3 ratings,N/A
JOEZ,$0.18,1440177445880,"20,156",92% bullish,of 12 ratings,N/A
KBIO,$1.838,1440177446156,"16,869",50% bullish,of 4 ratings,N/A
JUNO,$37.84,1440177446185,"784,394",73% bullish,of 11 ratings,$71.50
KALU,$82.3,1440177446214,"56,230",67% bearish,of 3 ratings,$91
KMDA,$3.59,1440177446241,"7,980",50% bullish,of 2 ratings,$8
KTWO,$21.87,1440177446273,"86,029",100% bearish,of 1 rating,$28.50
KNDI,$6.8776,1440177446381,"402,415",86% bullish,of 22 ratings,N/A
KCLI,$46.3,1440177446450,"16,311",Not yet rated,NULL,N/A
