Symbol,Price,Date,Volume,Rating,RatingVoteCount,OneYearEstimate
TFSCU,NULL,1439831402271,0,Not yet rated,NULL,N/A
FLWS,$9.66,1439831402303,"34,589",100% bullish,of 5 ratings,$15
TFSCW,NULL,1439831402403,0,100% bearish,of 1 rating,N/A
TFSCR,NULL,1439831402443,0,Not yet rated,NULL,N/A
TFSC,NULL,1439831402469,0,100% bearish,of 1 rating,N/A
FCCY,$11.78,1439831402533,"3,640",100% bullish,of 1 rating,$13
PIH,$7.66,1439831402610,"5,900",100% bearish,of 1 rating,N/A
SRCE,$31.47,1439831402690,"7,112",100% bullish,of 3 ratings,$33
FCTY,NULL,1439831402719,0,100% bullish,of 1 rating,$8.50
VNET,$21.35,1439831402816,"393,587",60% bullish,of 5 ratings,$29.50
DGLD,$84.78,1439831402847,894,100% bullish,of 1 rating,N/A
DSLV,$61.7899,1439831402878,"3,692",100% bearish,of 1 rating,N/A
TWOU,$35.86,1439831402911,"333,170",50% bullish,of 2 ratings,$39
JOBS,$28.5,1439831403075,"26,848",50% bullish,of 4 ratings,$36
USLV,$14.79,1439831403173,"75,512",86% bullish,of 7 ratings,N/A
UGLD,$8.95,1439831403231,"37,488",100% bearish,of 1 rating,N/A
AVHI,$14.2275,1439831403447,"11,582",100% bearish,of 1 rating,$19
EGHT,$8.69,1439831403485,"67,126",82% bullish,of 17 ratings,$11
CAFD,$15.78,1439831403512,"42,368",Not yet rated,NULL,$25
SHLM,$35.46,1439831403650,"26,604",100% bearish,of 1 rating,$50
SIXD,$3.4201,1439831403685,"42,168",Not yet rated,NULL,N/A
ABY,$22.35,1439831403712,"242,220",100% bearish,of 2 ratings,$46
ABGB,$4.8254,1439831403778,"23,181",67% bullish,of 3 ratings,$5.50
ABEO,$5.49,1439831403806,"56,124",67% bullish,of 3 ratings,$15.50
AAON,$23,1439831404033,"23,601",100% bearish,of 1 rating,$24
ABEOW,$2.1,1439831404060,"1,100",100% bullish,of 1 rating,N/A
ABMD,$106.03,1439831404084,"215,263",75% bullish,of 4 ratings,$86
AXAS,$1.79,1439831404226,"269,098",78% bullish,of 9 ratings,$3.50
ABAX,$48.31,1439831404252,"32,660",100% bearish,of 1 rating,$60
ACTG,$8.62,1439831404424,"47,937",67% bullish,of 3 ratings,$18.50
ACHC,$82.15,1439831404450,"258,266",50% bullish,of 2 ratings,$92
ACST,$0.3872,1439831404527,"29,704",100% bullish,of 2 ratings,N/A
ACAD,$38.58,1439831404660,"266,052",85% bullish,of 20 ratings,$48
AXDX,$19.11,1439831404794,"69,966",100% bearish,of 1 rating,N/A
XLRN,$32.32,1439831404893,"48,450",50% bullish,of 2 ratings,$57
ANCX,$19.12,1439831404960,"16,615",Not yet rated,NULL,$19
VXUP,$17,1439831404994,"8,875",Not yet rated,NULL,N/A
VXDN,$17.03,1439831405090,"2,210",Not yet rated,NULL,N/A
ARAY,$6.0901,1439831405116,"192,459",100% bearish,of 1 rating,$10.50
ACRX,$4.5,1439831405257,"110,689",67% bearish,of 6 ratings,$5.50
AKAO,$7.2428,1439831405284,"62,904",75% bullish,of 4 ratings,$15
ACET,$25.3,1439831405364,"30,920",75% bullish,of 4 ratings,$30
ACIW,$23.05,1439831405493,"42,703",50% bullish,of 2 ratings,$24
ACNB,$20.2,1439831405530,200,Not yet rated,NULL,N/A
ACOR,$32.135,1439831405597,"71,581",67% bearish,of 3 ratings,$38.50
ACTS,$1.51,1439831405825,"29,935",100% bearish,of 1 rating,N/A
ACHN,$8.19,1439831405851,"1,919,092",90% bullish,of 21 ratings,$16
ACPW,$1.9,1439831405992,"5,979",100% bullish,of 4 ratings,$3.50
ATVI,$29.17,1439831406024,"1,303,933",68% bullish,of 84 ratings,$31.50
ACTA,$13.925,1439831406073,"30,675",67% bearish,of 3 ratings,$25
ADMS,$22,1439831406133,"21,982",100% bearish,of 2 ratings,$36
ACXM,$21.08,1439831406266,"99,313",67% bullish,of 3 ratings,N/A
ADAP,$15.67,1439831406404,"39,142",67% bullish,of 3 ratings,$22
ADMA,$9.49,1439831406449,"4,612",Not yet rated,NULL,$19
AEY,$2.26,1439831406483,"8,285",100% bearish,of 2 ratings,N/A
ADMP,$3.56,1439831406509,"16,838",50% bullish,of 2 ratings,$10
ADUS,$28.88,1439831406585,"25,991",100% bearish,of 1 rating,$31
ADBE,$86.45,1439831406656,"396,841",65% bullish,of 17 ratings,$90
ADEP,$7.37,1439831406682,"8,593",50% bullish,of 2 ratings,$10.75
ADTN,$16.25,1439831406939,"78,129",67% bullish,of 3 ratings,$17.125
ADRO,$21.4,1439831406975,"58,140",80% bullish,of 5 ratings,$45.50
ACUR,$0.6308,1439831407017,"85,745",100% bullish,of 5 ratings,$1
AMD,$1.842,1439831407107,"3,732,861",83% bullish,of 102 ratings,$2
AEIS,$26.48,1439831407302,"104,205",50% bullish,of 2 ratings,$32.50
ADXSW,$11.8131,1439831407381,"1,485",100% bullish,of 1 rating,N/A
MULT,NULL,1439831407410,0,100% bearish,of 1 rating,N/A
YPRO,$23.09,1439831407435,349,100% bearish,of 1 rating,N/A
AEGR,$18.17,1439831407462,"114,062",50% bullish,of 6 ratings,$26
ADXS,$16.83,1439831407483,"342,788",64% bullish,of 14 ratings,$27
AEGN,$18.87,1439831407621,"21,431",100% bearish,of 1 rating,$21
AEHR,$2.25,1439831407673,312,50% bullish,of 2 ratings,N/A
AVAV,$26.23,1439831407986,"51,630",50% bullish,of 4 ratings,$31
AMTX,$3.3201,1439831408008,"2,465",50% bullish,of 2 ratings,$26.11
AEPI,$57.29,1439831408084,"11,553",100% bearish,of 1 rating,N/A
AERI,$15.91,1439831408187,"66,079",75% bullish,of 4 ratings,$31.50
AEMD,$6.7,1439831408222,"13,613",Not yet rated,NULL,$27.50
AEZS,$0.132,1439831408319,"4,128,834",90% bullish,of 21 ratings,$1.625
AFFX,$9.74,1439831408344,"246,547",80% bullish,of 5 ratings,$12
AGIO,$94.76,1439831408486,"97,145",88% bullish,of 8 ratings,$114
AGRX,$8.74,1439831408573,"6,267",100% bearish,of 1 rating,$18
AGFSW,$2.44,1439831408641,"9,800",100% bearish,of 1 rating,N/A
AGFS,$11.01,1439831408703,"29,899",100% bearish,of 1 rating,N/A
AGYS,$9.42,1439831408785,"4,266",100% bearish,of 1 rating,N/A
AIMT,$24.5299,1439831408919,"107,119",Not yet rated,NULL,N/A
AGEN,$7.71,1439831408967,"346,042",85% bullish,of 13 ratings,$14
AIRM,$40.27,1439831409054,"51,511",80% bearish,of 5 ratings,$53
ATSG,$9.83,1439831409102,"27,242",67% bullish,of 3 ratings,$13
AFMD,$11.84,1439831409159,"73,416",50% bullish,of 4 ratings,$15
AIRT,$23.2499,1439831409210,907,100% bullish,of 1 rating,N/A
AMCN,$5.01,1439831409339,"212,843",83% bullish,of 6 ratings,N/A
AKBA,$7.38,1439831409364,"56,913",100% bearish,of 1 rating,$18
AKAM,$73.19,1439831409423,"247,964",63% bullish,of 8 ratings,$77
AKER,$3.8299,1439831409555,954,Not yet rated,NULL,N/A
AIXG,$6.03,1439831409581,"1,902",67% bearish,of 3 ratings,$6
AKRX,$44.18,1439831409607,"99,664",78% bullish,of 9 ratings,$56
ALRM,$16.92,1439831409716,"28,541",100% bearish,of 1 rating,$22
AMRI,$20.83,1439831409742,"41,281",75% bearish,of 4 ratings,$24
ALSK,$2.11,1439831409888,"42,336",78% bullish,of 18 ratings,$2
ABDC,$12.98,1439831409923,"19,053",Not yet rated,NULL,$15
ADHD,$9.3,1439831409989,"212,271",50% bullish,of 4 ratings,$18
ALDX,$8.0201,1439831410139,"4,600",100% bearish,of 1 rating,$14.50
ALXN,$188.67,1439831410299,"164,606",88% bullish,of 8 ratings,$223
ALDR,$38.86,1439831410485,"277,919",67% bearish,of 3 ratings,$62
ALGN,$60.765,1439831410585,"166,762",100% bearish,of 2 ratings,$73
ALKS,$67.65,1439831410611,"193,247",67% bullish,of 3 ratings,$75
ALLB,$23.89,1439831410637,"1,748",Not yet rated,NULL,N/A
ALCO,$43.55,1439831410667,"3,934",50% bullish,of 2 ratings,N/A
ALGT,$235.24,1439831410692,"40,618",100% bearish,of 1 rating,$235
ALIM,$3.99,1439831410770,"20,454",80% bullish,of 5 ratings,$10
AFOP,$19.085,1439831411004,"25,573",75% bullish,of 8 ratings,$21
AIQ,$15.24,1439831411059,"3,448",67% bullish,of 3 ratings,N/A
AHGP,$36.1,1439831411084,"21,874",67% bullish,of 3 ratings,N/A
AHPI,$1.45,1439831411222,700,50% bullish,of 2 ratings,N/A
ARLP,$24.95,1439831411248,"64,769",67% bearish,of 3 ratings,$32
AMOT,$18.03,1439831411403,"9,681",100% bearish,of 1 rating,N/A
ALQA,$4.634,1439831411571,"20,954",75% bullish,of 4 ratings,$8.50
AFAM,$49.9417,1439831411606,"29,449",50% bullish,of 2 ratings,$44
ALLT,$5.11,1439831411733,"41,390",75% bullish,of 4 ratings,$6.25
SMCP,NULL,1439831411785,0,Not yet rated,NULL,N/A
ALNY,$109.4,1439831411813,"120,250",67% bullish,of 3 ratings,$148.50
ALXA,$1.16,1439831411839,"6,700",83% bullish,of 6 ratings,$2.125
ATEC,$0.68,1439831412017,"13,342",100% bullish,of 1 rating,$2
AOSL,$7.44,1439831412048,"7,503",67% bullish,of 3 ratings,$9
ALTR,$49.36,1439831412123,"330,822",80% bearish,of 5 ratings,$54
MDRX,$14.24,1439831412171,"776,247",60% bullish,of 5 ratings,$16
ASPS,$30.58,1439831412326,"31,346",67% bullish,of 3 ratings,$46.50
AMAG,$63.845,1439831412374,"197,803",100% bullish,of 2 ratings,$75
AMRN,$2.34,1439831412406,"315,895",85% bullish,of 39 ratings,$8
AMRK,$10.46,1439831412507,"1,412",50% bullish,of 2 ratings,$14
AIMC,$26.67,1439831412567,"29,076",100% bearish,of 1 rating,$28.50
AMBC,$16.9085,1439831412840,"72,253",100% bearish,of 1 rating,$16.50
AYA,$22.9,1439831412868,"10,896",100% bearish,of 1 rating,$40
EPAX,$2.64,1439831413000,"121,145",100% bearish,of 1 rating,N/A
AMBA,$108.0337,1439831413057,"493,505",83% bullish,of 12 ratings,$102.50
AMZN,$537.44,1439831413131,"677,377",81% bullish,of 261 ratings,$646
AMBCW,$8.63,1439831413183,976,100% bearish,of 1 rating,N/A
AMCX,$75.91,1439831413290,"174,129",67% bullish,of 3 ratings,$85.50
AMED,$45.5,1439831413396,"40,983",100% bearish,of 1 rating,$42
DOX,$60.4,1439831413423,"84,574",100% bullish,of 2 ratings,$60
ASBI,$22.74,1439831413489,899,Not yet rated,NULL,N/A
ATAX,$5.32,1439831413554,"24,304",100% bullish,of 1 rating,$6.50
AMDA,$0.4902,1439831413582,"733,420",90% bullish,of 10 ratings,$1
UHAL,$385.56,1439831413658,"8,660",100% bullish,of 2 ratings,$393.50
AAL,$43.829,1439831413901,"2,679,189",93% bullish,of 87 ratings,$57
AMOV,$18.63,1439831413927,"9,822",100% bearish,of 1 rating,N/A
AGNC,$19.9,1439831414006,"1,422,895",75% bullish,of 28 ratings,$22
AGNCB,$24.1776,1439831414139,"2,700",Not yet rated,NULL,N/A
MTGE,$15.97,1439831414197,"168,658",75% bullish,of 4 ratings,$19.50
MTGEP,$24.2587,1439831414477,400,Not yet rated,NULL,N/A
ACAS,$14.37,1439831414506,"580,183",60% bullish,of 5 ratings,$16.75
AETI,$3.84,1439831414535,"4,135",67% bearish,of 3 ratings,N/A
ACSF,$12.7801,1439831414562,"14,331",100% bearish,of 1 rating,$15
AMNB,$23.68,1439831414609,"1,500",Not yet rated,NULL,$25.50
AMIC,$10.1,1439831414665,236,Not yet rated,NULL,N/A
ANAT,$104.75,1439831414946,"4,546",100% bullish,of 1 rating,N/A
APEI,$22.11,1439831415015,"23,816",100% bearish,of 1 rating,$29
AGNCP,$25.27,1439831415046,"5,375",Not yet rated,NULL,N/A
ASEI,$39.87,1439831415182,"11,226",100% bearish,of 1 rating,$52.50
AMRB,$10.098,1439831415230,"34,379",Not yet rated,NULL,$11
AMSWA,$9.34,1439831415256,"2,865",100% bearish,of 2 ratings,$10.75
AMSC,$4.12,1439831415472,"8,826",50% bullish,of 4 ratings,N/A
ANCI,$1.69,1439831415606,800,100% bearish,of 1 rating,N/A
ABCB,$28.89,1439831415647,"48,864",Not yet rated,NULL,$30.50
AMSF,$50.8,1439831415694,"8,203",Not yet rated,NULL,$57.50
CRMT,$45.68,1439831415738,"1,000",100% bearish,of 1 rating,$49
AMWD,$65.68,1439831415774,"32,371",50% bullish,of 2 ratings,$58
ASRV,$3.35,1439831415799,"7,509",100% bullish,of 2 ratings,N/A
ARII,$40.7744,1439831415867,"85,272",67% bearish,of 3 ratings,$45
ASRVP,NULL,1439831416034,0,Not yet rated,NULL,N/A
ATLO,$23.9,1439831416166,"2,112",Not yet rated,NULL,N/A
AMGN,$169.29,1439831416431,"584,488",89% bullish,of 19 ratings,$185
ASYS,$5.8,1439831416587,"23,308",67% bullish,of 3 ratings,$12
AMSG,$86.13,1439831416617,"85,757",100% bearish,of 1 rating,$85.50
AMKR,$4.57,1439831416720,"319,800",100% bearish,of 2 ratings,$5
AMPH,$14.6,1439831416746,"72,339",50% bullish,of 2 ratings,$20
ANAC,$135.465,1439831416776,"179,237",80% bullish,of 5 ratings,$180.50
FOLD,$16.348,1439831416805,"304,097",56% bullish,of 9 ratings,$21
ANAD,$0.36,1439831416876,"430,179",100% bullish,of 2 ratings,$.50
AMSGP,NULL,1439831416903,0,Not yet rated,NULL,N/A
AFSI,$63.01,1439831417156,"324,219",60% bullish,of 5 ratings,$72
ADI,$59.31,1439831417258,"425,934",67% bullish,of 3 ratings,$68
ALOG,$81.3,1439831417294,"31,228",100% bearish,of 2 ratings,$100.50
AMRS,$1.65,1439831417323,"27,495",70% bullish,of 10 ratings,N/A
ANCB,$22.75,1439831417426,100,Not yet rated,NULL,$23
ANGI,$4.42,1439831417644,"160,412",64% bullish,of 11 ratings,$5.50
ABCW,$41.58,1439831417705,"4,686",67% bullish,of 3 ratings,N/A
ANGO,$15.12,1439831417778,"14,214",67% bullish,of 3 ratings,$19
ANIP,$56.25,1439831417806,"129,455",89% bullish,of 19 ratings,$66
ANSS,$96.29,1439831417832,"171,727",100% bearish,of 1 rating,$100
ANIK,$36.13,1439831417966,"30,745",60% bullish,of 5 ratings,$51.25
ATRS,$1.865,1439831418098,"353,558",92% bullish,of 12 ratings,$4.50
ABAC,$0.885,1439831418126,"22,547",100% bearish,of 1 rating,N/A
ATNY,$2.39,1439831418258,"2,589",50% bullish,of 2 ratings,$3.75
ANTH,$9.55,1439831418306,"220,463",80% bullish,of 10 ratings,$13
APIC,$7.97,1439831418365,"40,780",100% bearish,of 1 rating,$19
APOG,$54.2717,1439831418435,"64,821",100% bullish,of 1 rating,$62
APPF,$17.2401,1439831418570,"44,559",50% bullish,of 2 ratings,$22
APOL,$11.89,1439831418599,"240,893",87% bearish,of 68 ratings,$14
AINV,$6.5,1439831418674,"2,137,881",50% bullish,of 4 ratings,$8
AAPL,$117.41,1439831418699,"14,154,355",86% bullish,of 2331 ratings,$150
ARCI,$1.2301,1439831418886,"1,340",Not yet rated,NULL,N/A
APDN,$3.32,1439831418911,"27,444",Not yet rated,NULL,$9
AMCF,$0.2799,1439831418938,"13,200",100% bullish,of 7 ratings,N/A
APDNW,$1.3501,1439831418966,"6,000",Not yet rated,NULL,N/A
AGTC,$15.73,1439831419071,"9,523",50% bullish,of 2 ratings,$33
AMAT,$16.94,1439831419241,"4,380,764",82% bullish,of 11 ratings,$23.50
AAOI,$21.76,1439831419334,"1,310,482",50% bullish,of 4 ratings,$26
AMCC,$5.91,1439831419412,"308,123",80% bullish,of 5 ratings,$8
APRI,$1.1899,1439831419437,"25,247",83% bullish,of 6 ratings,$4.86
APTO,$5.08,1439831419597,"2,002",Not yet rated,NULL,$17
AREX,$2.66,1439831419683,"75,439",100% bearish,of 1 rating,$3
AUMA,$9.75,1439831419853,"99,314",Not yet rated,NULL,N/A
AQMS,$5.51,1439831419885,"17,500",Not yet rated,NULL,N/A
AUMAU,NULL,1439831419988,0,Not yet rated,NULL,N/A
ARDM,$7.4,1439831420014,530,100% bullish,of 1 rating,$26
AQXP,$20.77,1439831420051,"595,095",50% bullish,of 2 ratings,$2
ABUS,$8.65,1439831420081,"149,437",86% bullish,of 14 ratings,$23
AUMAW,NULL,1439831420150,0,Not yet rated,NULL,N/A
PETX,$17.1,1439831420178,"77,025",100% bearish,of 2 ratings,$26
ARCW,$3.6547,1439831420392,"4,476",100% bearish,of 2 ratings,$10.50
ABIO,$0.9031,1439831420417,"85,101",50% bullish,of 2 ratings,$3.75
ARCB,$32.73,1439831420581,"44,544",50% bullish,of 2 ratings,$39.50
ACAT,$30.04,1439831420743,"35,926",100% bearish,of 3 ratings,$33
ARCC,$16.025,1439831420798,"267,407",67% bearish,of 3 ratings,$17.875
RKDA,$4.88,1439831420826,"6,661",100% bearish,of 2 ratings,$10
AGII,$57.67,1439831420851,"77,624",Not yet rated,NULL,$58
ACGL,$73.78,1439831420876,"39,378",50% bullish,of 2 ratings,$72
ARNA,$3.4,1439831421007,"456,768",90% bullish,of 77 ratings,$5.50
AGIIL,$25.32,1439831421053,501,Not yet rated,NULL,N/A
ARDX,$18.89,1439831421113,"47,727",50% bullish,of 2 ratings,$22
ARGS,$4.48,1439831421321,"11,436",50% bullish,of 2 ratings,$19.50
ARKR,NULL,1439831421353,0,50% bullish,of 2 ratings,N/A
ARIA,$7.41,1439831421379,"399,668",87% bullish,of 46 ratings,$9
ARMH,$42.95,1439831421421,"1,249,205",54% bearish,of 13 ratings,$61
ARIS,$3.29,1439831421446,827,Not yet rated,NULL,$4.50
ARTX,$1.563,1439831421737,"41,753",88% bullish,of 16 ratings,$4.50
ARWAR,NULL,1439831421817,0,Not yet rated,NULL,N/A
ARWAU,NULL,1439831421846,0,100% bullish,of 1 rating,N/A
ARWA,NULL,1439831421878,0,Not yet rated,NULL,N/A
DWAT,$10.21,1439831421951,"8,406",100% bearish,of 1 rating,N/A
ARWAW,NULL,1439831421977,0,Not yet rated,NULL,N/A
AROW,$27.36,1439831422109,"4,690",Not yet rated,NULL,N/A
ARQL,$1.7108,1439831422134,"9,329",75% bullish,of 4 ratings,$5
ARRY,$5.815,1439831422209,"198,466",100% bullish,of 7 ratings,$10
ARRS,$27.88,1439831422301,"231,992",50% bullish,of 2 ratings,$38
ARTW,$4.44,1439831422447,"1,102",75% bearish,of 4 ratings,N/A
ARTNA,$22.5,1439831422469,"2,651",100% bearish,of 1 rating,$29
ASBB,$23.3,1439831422550,"2,925",Not yet rated,NULL,N/A
ARWR,$5.5999,1439831422598,"398,484",75% bullish,of 4 ratings,$10.50
ASND,$17.11,1439831422731,"47,543",100% bullish,of 1 rating,$30
ASNA,$12.42,1439831422793,"317,496",50% bullish,of 2 ratings,$18
ASTI,$0.1719,1439831422863,"1,764,711",83% bullish,of 6 ratings,$3
ASMI,$38.94,1439831422890,300,50% bullish,of 2 ratings,N/A
APWC,$2.09,1439831422924,20,100% bearish,of 1 rating,N/A
ASCMA,$30.31,1439831423020,"52,060",100% bearish,of 1 rating,$45
AZPN,$39.195,1439831423158,"448,652",50% bullish,of 2 ratings,$42
ASMB,$13.92,1439831423225,"10,023",67% bullish,of 3 ratings,N/A
ASFI,$9.17,1439831423250,"7,400",100% bullish,of 1 rating,N/A
ASML,$92.91,1439831423312,"300,176",67% bullish,of 3 ratings,$127
ASTE,$38.52,1439831423450,"39,046",100% bearish,of 1 rating,$48
ATRO,$57.225,1439831423585,"68,087",100% bearish,of 2 ratings,$80
ASTC,$2.4,1439831423617,659,100% bullish,of 5 ratings,N/A
ALOT,NULL,1439831423649,0,100% bearish,of 1 rating,N/A
ATAI,$3.08,1439831423716,"34,889",100% bearish,of 1 rating,N/A
ATHN,$140.66,1439831423743,"54,065",67% bearish,of 3 ratings,$153
ATRA,$48.77,1439831423930,"53,615",50% bullish,of 2 ratings,$68
ASUR,$5.9685,1439831424002,"2,490",Not yet rated,NULL,$8
AFCB,NULL,1439831424030,0,Not yet rated,NULL,N/A
ATHX,$1.21,1439831424077,"88,475",89% bullish,of 9 ratings,$5
AAPC,$10.19,1439831424162,44,Not yet rated,NULL,N/A
ACFC,$6.48,1439831424315,"148,930",Not yet rated,NULL,$6.50
AAME,$3.54,1439831424344,831,Not yet rated,NULL,N/A
ATNI,$74.92,1439831424447,"39,268",100% bearish,of 1 rating,$69.50
AAWW,$45.18,1439831424472,"68,681",50% bullish,of 2 ratings,$65
ATLC,$3.94,1439831424502,"1,900",67% bullish,of 3 ratings,N/A
AFH,$17.2799,1439831424601,"2,237",Not yet rated,NULL,$21.50
ATML,$7.87,1439831424799,"924,850",78% bullish,of 9 ratings,$9.50
ATRI,$398.02,1439831424825,618,Not yet rated,NULL,N/A
ATRC,$27.523,1439831424902,"38,758",100% bullish,of 1 rating,$30
ATOS,$0.9527,1439831424961,"17,525",100% bullish,of 7 ratings,$7
ATTU,$14.84,1439831424989,"8,824",100% bearish,of 1 rating,$20.50
ATRM,$3,1439831425032,"1,032",50% bullish,of 2 ratings,N/A
LIFE,$16.19,1439831425121,"49,181",86% bullish,of 7 ratings,$43
AUPH,$3.5,1439831425337,"8,845",100% bearish,of 1 rating,$8
EARS,$5.01,1439831425443,"9,063",100% bearish,of 2 ratings,$12
AUDC,$3.27,1439831425503,"38,891",80% bullish,of 5 ratings,$5
ABTL,$19.8331,1439831425572,"20,907",100% bullish,of 4 ratings,$20.25
ADAT,$0.1187,1439831425603,"4,799",100% bullish,of 2 ratings,N/A
ADSK,$55.07,1439831425644,"158,329",83% bullish,of 6 ratings,$69.50
AVGO,$124.55,1439831425702,"560,533",88% bullish,of 8 ratings,$160
AUBN,NULL,1439831425735,0,Not yet rated,NULL,N/A
ADP,$84.37,1439831425829,"836,134",100% bearish,of 1 rating,$88
AAVL,$11.025,1439831425871,"853,011",100% bearish,of 1 rating,$20
AVEO,$1.76,1439831426090,"16,174,679",75% bullish,of 8 ratings,$3
AVNW,$1.12,1439831426168,"22,311",50% bullish,of 2 ratings,$2.20
CAR,$46.875,1439831426229,"1,419,240",80% bullish,of 5 ratings,$60
AVNU,NULL,1439831426257,0,Not yet rated,NULL,$14
AVID,$9.21,1439831426278,"66,463",100% bearish,of 1 rating,$20
AVGR,$15.5,1439831426413,"8,674",100% bearish,of 1 rating,$20
AWRE,$3.2685,1439831426482,300,67% bullish,of 3 ratings,N/A
AXPWW,$1.47,1439831426573,192,Not yet rated,NULL,N/A
ACLS,$3.23,1439831426613,"129,568",67% bullish,of 6 ratings,$4.75
AXTI,$2.23,1439831426749,"11,160",50% bullish,of 2 ratings,$2.75
AXGN,$3.8499,1439831426777,"8,645",Not yet rated,NULL,$5
BCOM,$19.98,1439831426804,516,100% bearish,of 1 rating,N/A
AXPW,$1.329,1439831426849,"25,972",83% bullish,of 6 ratings,N/A
BOSC,$2.3699,1439831426953,"7,276",50% bullish,of 2 ratings,N/A
RILY,$10,1439831427005,50,Not yet rated,NULL,N/A
BEAV,$50.84,1439831427135,"142,895",67% bearish,of 3 ratings,$59
BIDU,$167.485,1439831427162,"1,064,039",81% bullish,of 88 ratings,$215
BWINA,NULL,1439831427291,0,Not yet rated,NULL,N/A
BCPC,$60.57,1439831427320,"56,712",100% bearish,of 1 rating,$75
BANFP,NULL,1439831427495,0,Not yet rated,NULL,N/A
BLDP,$1.33,1439831427532,"67,121",91% bullish,of 22 ratings,$2.50
BANF,$63.55,1439831427558,900,Not yet rated,NULL,$68
BWINB,$23.5,1439831427627,"13,584",Not yet rated,NULL,N/A
BOCH,$5.79,1439831427652,"2,028",Not yet rated,NULL,$6.50
BKMU,$7.455,1439831427694,"6,732",Not yet rated,NULL,$8
BKSC,NULL,1439831427842,0,Not yet rated,NULL,N/A
BMRC,$48.72,1439831427890,605,Not yet rated,NULL,$52
BWFG,$18.22,1439831428069,692,100% bearish,of 1 rating,N/A
OZRK,$43.85,1439831428206,"88,179",67% bullish,of 3 ratings,$49.50
BOTJ,$11.14,1439831428287,"1,756",Not yet rated,NULL,N/A
BZUN,$7.76,1439831428318,"26,167",50% bullish,of 2 ratings,$13.85
BANR,$47.88,1439831428346,"9,940",100% bullish,of 3 ratings,$50
BFIN,$12.483,1439831428372,"4,220",Not yet rated,NULL,$13
TAPR,$31.2,1439831428417,26,100% bearish,of 1 rating,N/A
BHAC,NULL,1439831428507,0,Not yet rated,NULL,N/A
BHACU,NULL,1439831428536,0,Not yet rated,NULL,N/A
BHACW,NULL,1439831428798,0,Not yet rated,NULL,N/A
BYBK,$5.09,1439831428894,300,100% bearish,of 1 rating,N/A
BHACR,NULL,1439831428921,0,Not yet rated,NULL,N/A
BSET,$31.72,1439831428992,"36,338",100% bearish,of 1 rating,$35
BBSI,$37.52,1439831429053,"16,979",67% bearish,of 3 ratings,$62.50
BYLK,$12.95,1439831429082,"3,824",Not yet rated,NULL,$14
BV,$5.35,1439831429186,"67,302",67% bullish,of 6 ratings,$9
BBCN,$15.61,1439831429257,"49,623",100% bearish,of 1 rating,$16
BECN,$35.96,1439831429316,"61,041",50% bullish,of 2 ratings,$40
BDCV,$4.9834,1439831429389,203,100% bearish,of 1 rating,$10.19
BEBE,$1.85,1439831429453,"14,398",75% bullish,of 4 ratings,$3.075
BCBP,$11.75,1439831429485,"4,003",Not yet rated,NULL,N/A
BELFA,$17.23,1439831429626,506,100% bearish,of 1 rating,N/A
BBBY,$63.31,1439831429701,"360,421",71% bullish,of 7 ratings,$75
BSF,$9.11,1439831429729,230,Not yet rated,NULL,N/A
BBGI,$4.85,1439831429789,157,100% bearish,of 1 rating,N/A
BELFB,$20.07,1439831429978,"4,841",100% bearish,of 1 rating,N/A
BLPH,$4.294,1439831430056,"12,080",100% bearish,of 1 rating,$12.50
BNFT,$40.34,1439831430116,"41,241",67% bullish,of 3 ratings,$46
BGMD,$0.8551,1439831430193,"141,560",100% bullish,of 10 ratings,N/A
BIND,$4.555,1439831430326,"17,576",67% bullish,of 3 ratings,$13.50
BNTC,NULL,1439831430358,0,100% bullish,of 1 rating,N/A
BGCP,$9.47,1439831430385,"191,188",88% bullish,of 8 ratings,$14
BLCM,$18.83,1439831430460,"117,529",50% bullish,of 4 ratings,$40
BNCL,$12.97,1439831430528,"44,486",100% bullish,of 3 ratings,$12.50
BGFV,$11.22,1439831430687,"54,348",57% bullish,of 7 ratings,$12
BASI,$1.65,1439831430715,750,Not yet rated,NULL,N/A
BCDA,NULL,1439831430745,0,Not yet rated,NULL,N/A
ORPN,$5.7,1439831430775,"7,210",100% bullish,of 1 rating,$28.50
BIOC,$1.8701,1439831430883,"131,153",83% bullish,of 6 ratings,$3.70
BCRX,$12.035,1439831431013,"137,349",63% bullish,of 8 ratings,$18
BIIB,$314.21,1439831431042,"335,485",88% bullish,of 16 ratings,$400
BIOD,$0.6815,1439831431109,"193,741",80% bullish,of 5 ratings,$4
BMRN,$137.66,1439831431190,"153,271",80% bullish,of 5 ratings,$160
BDSI,$6.74,1439831431218,"416,836",88% bullish,of 8 ratings,$17
BLFS,$2.13,1439831431246,"2,103",100% bearish,of 1 rating,$4.75
BIOL,$1.64,1439831431272,"18,785",Not yet rated,NULL,N/A
BLRX,$1.5325,1439831431433,"143,135",100% bullish,of 12 ratings,$7
BVXV,$4.2001,1439831431563,"26,331",Not yet rated,NULL,N/A
BVXVW,NULL,1439831431637,0,100% bearish,of 1 rating,N/A
BPTH,$1.15,1439831431774,"16,182",100% bullish,of 2 ratings,$5
BBC,$33.135,1439831431912,"4,141",Not yet rated,NULL,N/A
BIOS,$1.5,1439831431939,"878,157",71% bullish,of 7 ratings,$4
BRLI,$35.44,1439831432014,"59,108",83% bullish,of 6 ratings,$32
BSTC,$52.23,1439831432068,"25,803",100% bearish,of 1 rating,$76
BSPM,$0.66,1439831432099,"11,674",50% bullish,of 2 ratings,N/A
TECH,$106.1,1439831432127,"52,913",100% bullish,of 1 rating,$117
BBP,$34.16,1439831432199,"11,226",Not yet rated,NULL,N/A
BOTA,$2.31,1439831432331,"33,807",86% bullish,of 7 ratings,N/A
BITI,$19.46,1439831432463,"20,681",100% bullish,of 1 rating,$28
BEAT,$12.319,1439831432493,"91,484",67% bearish,of 3 ratings,$15
BDMS,NULL,1439831432515,0,100% bearish,of 1 rating,N/A
BJRI,$46.75,1439831432543,"63,320",50% bullish,of 2 ratings,$55
BBOX,$16.09,1439831432677,"12,828",100% bearish,of 1 rating,N/A
BLKB,$63.72,1439831432826,"27,182",100% bearish,of 2 ratings,$66
BBRY,$7.6,1439831432929,"1,113,152",61% bullish,of 330 ratings,$9
BDE,$7.715,1439831432963,"36,819",50% bullish,of 2 ratings,$9
HAWK,$44.28,1439831433023,"204,722",90% bullish,of 10 ratings,$49
BKCC,$9.48,1439831433056,"74,870",100% bullish,of 2 ratings,$10
ADRD,$23.4025,1439831433086,764,100% bearish,of 1 rating,N/A
ADRE,$31.33,1439831433188,"7,660",Not yet rated,NULL,N/A
ADRU,$23.113,1439831433259,"1,800",100% bearish,of 1 rating,N/A
BCOR,$13.65,1439831433453,"23,129",57% bullish,of 7 ratings,$15
BLMN,$21.99,1439831433486,"265,833",83% bullish,of 6 ratings,$27.50
BLBD,$13.02,1439831433517,"4,400",Not yet rated,NULL,N/A
ADRA,NULL,1439831433589,0,Not yet rated,NULL,N/A
BUFF,$26.26,1439831433616,"274,951",83% bullish,of 12 ratings,N/A
BBLU,$0.89,1439831433643,"23,308",100% bullish,of 2 ratings,$4.43
NILE,$34.81,1439831433939,"33,958",50% bullish,of 2 ratings,$34
BLUE,$131,1439831433985,"233,316",86% bullish,of 7 ratings,$217.50
BHBK,$14.43,1439831434011,"12,782",100% bullish,of 1 rating,$14.50
BPMC,$28.0204,1439831434077,"172,983",50% bullish,of 2 ratings,$47.50
BKEP,$6.901,1439831434115,"15,328",100% bearish,of 1 rating,$8.50
BKEPP,NULL,1439831434209,0,100% bearish,of 1 rating,N/A
BNCN,$22.07,1439831434236,"25,218",Not yet rated,NULL,$22
BOBE,$46.48,1439831434257,"30,485",75% bullish,of 4 ratings,$57
BOFI,$131.57,1439831434427,"46,496",100% bullish,of 6 ratings,$137.50
BOKF,$66.39,1439831434650,"23,374",100% bearish,of 1 rating,$71
WIFI,$9.29,1439831434676,"135,732",50% bullish,of 2 ratings,$13.50
BOJA,$22.6925,1439831434729,"105,761",100% bullish,of 1 rating,$30
BNSO,$1.43,1439831434758,"54,624",100% bearish,of 1 rating,N/A
BAMM,$3.2101,1439831434862,"3,057",60% bullish,of 5 ratings,N/A
BONA,$12.26,1439831434940,"214,513",75% bullish,of 4 ratings,$8.50
BDBD,$9.18,1439831435114,"216,078",60% bullish,of 5 ratings,$10
BPFHW,$6.4,1439831435173,"1,278",100% bearish,of 1 rating,N/A
BPFH,$12.55,1439831435199,"15,083",100% bearish,of 1 rating,$14
BCLI,$2.8799,1439831435256,"38,927",80% bullish,of 5 ratings,$12
BBRG,$13.275,1439831435330,"36,033",67% bullish,of 3 ratings,$14.50
BBEP,$2.6,1439831435414,"890,014",69% bullish,of 13 ratings,$5.625
BPFHP,$25.36,1439831435484,"1,100",100% bearish,of 1 rating,N/A
EPAY,$26.305,1439831435563,"18,870",100% bearish,of 2 ratings,$30
BDGE,$28.07,1439831435691,"1,828",Not yet rated,NULL,$31.75
BBEPP,$14.324,1439831435718,"13,034",100% bearish,of 1 rating,N/A
BLIN,$1.355,1439831435856,"2,500",50% bullish,of 2 ratings,$2.80
BRCM,$51.17,1439831435877,"552,952",75% bullish,of 12 ratings,$56
BRID,NULL,1439831435922,0,100% bearish,of 1 rating,N/A
BSFT,$34,1439831436013,"29,270",57% bullish,of 7 ratings,$40.50
BVSN,$6.05,1439831436206,"1,326",60% bearish,of 5 ratings,N/A
BWEN,$3.6,1439831436239,"8,559",100% bullish,of 3 ratings,$8
BCOV,$5.43,1439831436266,"15,446",67% bullish,of 3 ratings,$10.20
BYFC,$1.45,1439831436295,300,50% bullish,of 2 ratings,N/A
BRKL,$10.9,1439831436349,"59,334",100% bearish,of 1 rating,$10.75
BRCD,$10.05,1439831436398,"466,829",92% bullish,of 13 ratings,$12.50
BRKS,$11.06,1439831436615,"46,605",67% bullish,of 3 ratings,$15.25
BLMT,$21.24,1439831436710,450,Not yet rated,NULL,N/A
BMTC,$29.93,1439831436858,"21,397",Not yet rated,NULL,$34
BRKR,$20.27,1439831436917,"67,122",100% bearish,of 2 ratings,$22
BLDR,$14.43,1439831436945,"167,641",50% bullish,of 2 ratings,$22
BSQR,$7.44,1439831436989,"154,458",67% bullish,of 3 ratings,N/A
BWLD,$196.72,1439831437014,"37,424",82% bullish,of 11 ratings,$205
BUR,$2.09,1439831437077,"1,400",100% bearish,of 1 rating,$8
CFFI,$37.03,1439831437148,"4,750",100% bearish,of 1 rating,N/A
CHRW,$69.34,1439831437387,"242,695",Not yet rated,NULL,$72
CCMP,$45.71,1439831437455,"7,164",50% bullish,of 2 ratings,$59
CA,$29.55,1439831437480,"350,275",50% bullish,of 4 ratings,$33
CDZI,$7.27,1439831437609,"12,802",100% bearish,of 1 rating,N/A
CZR,$7.48,1439831437707,"357,581",60% bearish,of 5 ratings,$10.50
CDNS,$21.78,1439831437735,"367,026",75% bullish,of 4 ratings,$22.50
CACQ,$7.52,1439831437813,"4,462",100% bearish,of 1 rating,$12.25
PRSS,$4.71,1439831438003,"7,532",80% bullish,of 5 ratings,$4.50
CLMS,$11.94,1439831438047,"24,601",Not yet rated,NULL,$10.50
CCD,$21.15,1439831438133,"58,026",Not yet rated,NULL,N/A
CSTE,$47.55,1439831438162,"296,479",100% bearish,of 1 rating,$65
CHY,$11.86,1439831438183,"141,170",Not yet rated,NULL,N/A
CLBS,$1.39,1439831438205,"111,821",79% bullish,of 14 ratings,$4
CHI,$11.1101,1439831438408,"115,969",100% bearish,of 1 rating,N/A
CFGE,$11.0699,1439831438484,"2,000",Not yet rated,NULL,N/A
CHW,$8.12,1439831438510,"93,422",100% bearish,of 1 rating,N/A
CAMP,$16.53,1439831438563,"67,922",86% bullish,of 7 ratings,$25
CGO,$12.83,1439831438640,"19,355",100% bearish,of 1 rating,N/A
CSQ,$10.61,1439831438717,"148,104",Not yet rated,NULL,N/A
CALD,$16.4605,1439831438817,"93,152",100% bearish,of 1 rating,$20.50
CALA,$5.4805,1439831438951,"104,830",100% bullish,of 3 ratings,$19.50
CFNB,NULL,1439831438978,0,100% bearish,of 1 rating,N/A
CLMT,$26.8204,1439831439043,"155,601",75% bullish,of 8 ratings,$31
CVGW,$54.7556,1439831439110,"26,008",50% bullish,of 2 ratings,$58.50
CAMB,NULL,1439831439142,0,Not yet rated,NULL,N/A
CALM,$52.24,1439831439178,"189,353",80% bullish,of 5 ratings,$65
ABCD,$4.57,1439831439249,"35,281",83% bullish,of 6 ratings,N/A
CAMBW,NULL,1439831439543,0,Not yet rated,NULL,N/A
CAMBU,NULL,1439831439567,0,100% bearish,of 1 rating,N/A
CAMT,$2.9,1439831439595,"19,476",73% bullish,of 11 ratings,$4
CGIX,$11.315,1439831439783,"12,152",67% bullish,of 3 ratings,$14.375
CAC,$40.41,1439831439813,"2,200",Not yet rated,NULL,N/A
CSIQ,$24.355,1439831439839,"912,309",86% bullish,of 28 ratings,$45
CBNJ,$10.98,1439831439916,"27,562",100% bullish,of 1 rating,N/A
CPLA,$49.89,1439831440047,"20,797",50% bullish,of 2 ratings,$65
CBF,$30.62,1439831440076,"3,472",Not yet rated,NULL,$32
CPHC,NULL,1439831440097,0,100% bearish,of 1 rating,N/A
CPTA,$15.25,1439831440264,"55,512",Not yet rated,NULL,$18.50
CCBG,$15.12,1439831440290,"2,221",Not yet rated,NULL,$17.25
CPLP,$7.3,1439831440316,"173,135",71% bullish,of 7 ratings,$11
CSWC,$49.84,1439831440362,"7,792",Not yet rated,NULL,N/A
CFFN,$12.25,1439831440527,"88,951",Not yet rated,NULL,$12.75
CAPN,$2.48,1439831440658,"358,608",100% bullish,of 1 rating,$10.85
CAPNW,NULL,1439831440739,0,Not yet rated,NULL,N/A
CAPR,$4.0201,1439831440839,"4,304",Not yet rated,NULL,$12
CBYL,$6.6,1439831440921,"10,766",100% bearish,of 1 rating,$20
CPST,$0.406,1439831440973,"303,002",95% bullish,of 22 ratings,$1
CRDC,$0.38,1439831441002,"62,436",100% bullish,of 1 rating,$1.25
CARB,$11.59,1439831441023,"34,838",75% bullish,of 4 ratings,$12
CARA,$21.85,1439831441055,"120,655",50% bullish,of 4 ratings,$27.50
CRME,$9.73,1439831441225,"3,612",89% bullish,of 9 ratings,$11.25
CSII,$23.95,1439831441251,"59,971",100% bearish,of 2 ratings,$42.125
CDNA,$6.2301,1439831441392,160,100% bearish,of 1 rating,$9
CFNL,$23.61,1439831441467,"31,800",Not yet rated,NULL,$24
CATM,$35.28,1439831441570,"77,072",100% bearish,of 1 rating,$44
CECO,$3.97,1439831441637,"147,602",67% bearish,of 3 ratings,$6
CKEC,$24,1439831441702,"28,856",50% bullish,of 2 ratings,$35.915
CTRE,$11.42,1439831441769,"116,603",50% bullish,of 2 ratings,N/A
CRZO,$34.68,1439831442015,"165,738",67% bearish,of 3 ratings,$57
TAST,$13.18,1439831442041,"51,938",Not yet rated,NULL,$14.25
CRTN,NULL,1439831442195,0,100% bearish,of 1 rating,N/A
CSCD,$14,1439831442516,"11,404",100% bullish,of 2 ratings,$17
CLBH,NULL,1439831442650,0,Not yet rated,NULL,$16.50
CART,$5.49,1439831442675,159,100% bearish,of 1 rating,N/A
CARV,$5.85,1439831442921,200,50% bullish,of 2 ratings,N/A
CASM,$1.1,1439831443021,"9,062",100% bullish,of 1 rating,$3.50
CARO,$15.67,1439831443053,"21,784",100% bearish,of 1 rating,$19
CACB,$5.54,1439831443079,"7,181",Not yet rated,NULL,$5.50
CASY,$107.37,1439831443120,"71,660",50% bullish,of 2 ratings,$99.50
CWST,$6.43,1439831443148,"21,007",50% bullish,of 2 ratings,$7
CASI,$1.4601,1439831443174,211,100% bullish,of 1 rating,$3.50
CATB,$12.005,1439831443311,"12,125",100% bearish,of 1 rating,$28
CASS,$51.43,1439831443351,"4,004",100% bearish,of 1 rating,N/A
CPRX,$4.25,1439831443454,"187,538",71% bullish,of 7 ratings,$7
CATY,$32.26,1439831443581,"75,263",100% bearish,of 1 rating,$33.50
CVCO,$73.57,1439831443624,"7,219",100% bearish,of 1 rating,N/A
CATYW,NULL,1439831443658,0,100% bearish,of 1 rating,N/A
CAVM,$73.36,1439831443686,"161,709",67% bearish,of 3 ratings,$72
CNLM,NULL,1439831443898,0,Not yet rated,NULL,N/A
CNLMW,NULL,1439831444051,0,Not yet rated,NULL,N/A
CDK,$51.121,1439831444083,"95,076",67% bearish,of 3 ratings,$50
CBOE,$64.3,1439831444190,"144,452",Not yet rated,NULL,$60
CBFV,NULL,1439831444220,0,Not yet rated,NULL,N/A
CDW,$39.73,1439831444288,"387,745",75% bullish,of 4 ratings,$44
CNLMU,NULL,1439831444315,0,100% bullish,of 1 rating,N/A
CECE,$10.135,1439831444346,"43,690",50% bullish,of 2 ratings,$16
CNLMR,NULL,1439831444375,0,Not yet rated,NULL,N/A
CPXX,$2.2123,1439831444477,"42,443",100% bullish,of 2 ratings,$7
CELGZ,$2.07,1439831444635,"2,000",80% bullish,of 5 ratings,N/A
CLDX,$16.14,1439831444742,"619,022",89% bullish,of 9 ratings,$36
CLDN,$1.055,1439831444790,"81,648",71% bullish,of 7 ratings,$3
CELG,$130.48,1439831444816,"634,104",92% bullish,of 13 ratings,$155.50
CLRB,NULL,1439831445015,0,100% bearish,of 1 rating,N/A
CLLS,$32.69,1439831445062,"26,103",75% bullish,of 4 ratings,$51.50
CLRBW,NULL,1439831445087,0,Not yet rated,NULL,N/A
CLSN,$2.21,1439831445243,"54,784",80% bullish,of 10 ratings,$7.50
CBMG,$23,1439831445303,"23,558",50% bullish,of 2 ratings,N/A
CLTX,$0.6,1439831445329,"4,130",100% bullish,of 2 ratings,N/A
CYAD,$55.11,1439831445474,200,100% bullish,of 1 rating,$87.50
CEMP,$36.73,1439831445522,"284,010",71% bullish,of 7 ratings,$48.50
CETV,$2.255,1439831445550,"14,087",67% bullish,of 3 ratings,$2.80
CETX,$2.64,1439831445623,"15,814",Not yet rated,NULL,$5.60
CSFL,$14.36,1439831445649,"33,827",Not yet rated,NULL,$15
CFBK,NULL,1439831445723,0,Not yet rated,NULL,N/A
CENT,$11.59,1439831445855,"29,823",Not yet rated,NULL,$10
CENTA,$12.36,1439831445929,"21,535",Not yet rated,NULL,N/A
CENX,$5.78,1439831445998,"585,372",67% bullish,of 6 ratings,$9
CVCY,$11.15,1439831446028,911,Not yet rated,NULL,$12
CPHD,$51.05,1439831446133,"238,595",50% bullish,of 2 ratings,$67
CRNT,$1.46,1439831446340,"312,619",50% bullish,of 2 ratings,$2
CNBKA,$41.56,1439831446365,692,100% bullish,of 1 rating,N/A
CNTY,$6.42,1439831446418,"29,392",80% bullish,of 5 ratings,$7.75
CERN,$64.55,1439831446505,"694,314",67% bullish,of 3 ratings,$79
CERE,$1.5601,1439831446550,"424,020",88% bullish,of 8 ratings,N/A
CERU,$3.34,1439831446575,"95,686",75% bullish,of 4 ratings,$15
CERS,$4.78,1439831446601,"179,024",75% bullish,of 4 ratings,$7
KOOL,$0.72,1439831446860,"12,315",100% bullish,of 5 ratings,$7
HOTR,$1.5,1439831446911,"576,284",100% bullish,of 2 ratings,$5
CEVA,$19.22,1439831446948,"35,080",100% bearish,of 1 rating,$25
CTHR,$1.22,1439831447049,"4,315",50% bullish,of 2 ratings,$2.50
CYOU,$20,1439831447080,"128,956",50% bullish,of 6 ratings,$24
HOTRW,NULL,1439831447100,0,Not yet rated,NULL,N/A
GTLS,$24.9201,1439831447185,"90,848",50% bullish,of 4 ratings,$40
CHTR,$182.9,1439831447357,"234,661",100% bearish,of 2 ratings,$196
CHFN,$12.54,1439831447440,"3,099",Not yet rated,NULL,$14
CHKP,$81.9701,1439831447549,"215,191",50% bullish,of 4 ratings,$92
CHEKW,$1.11,1439831447583,"1,000",Not yet rated,NULL,N/A
CHEK,NULL,1439831447652,0,Not yet rated,NULL,$7.75
CHFC,$33.08,1439831447681,"11,617",100% bearish,of 1 rating,$36
CEMI,$4.73,1439831447741,"2,700",50% bullish,of 2 ratings,$7.50
CCXI,$6.62,1439831447905,"15,628",67% bullish,of 3 ratings,$14
CHMG,$26.5,1439831447931,150,Not yet rated,NULL,$30
CHEV,$14.4227,1439831448145,"1,157",Not yet rated,NULL,N/A
CBNK,$16.62,1439831448176,100,100% bearish,of 1 rating,N/A
CHMA,$28.05,1439831448198,"297,337",Not yet rated,NULL,$40
CHKE,$27.82,1439831448235,"2,719",100% bearish,of 1 rating,$32.50
CMRX,$51.29,1439831448277,"36,037",50% bullish,of 2 ratings,$57
PLCE,$60.06,1439831448332,"62,920",100% bearish,of 1 rating,$71
CADC,NULL,1439831448469,0,78% bullish,of 9 ratings,N/A
CAAS,$6.84,1439831448518,"32,391",93% bullish,of 14 ratings,$11.50
CCCL,NULL,1439831448661,0,100% bullish,of 6 ratings,N/A
CBAK,$2.34,1439831448794,"15,247",67% bullish,of 9 ratings,N/A
CCCR,$0.6599,1439831448822,"11,653",67% bearish,of 3 ratings,N/A
CBPO,$110.22,1439831448847,"69,174",75% bullish,of 8 ratings,$140.50
CALI,$1.0035,1439831448872,"13,000",67% bullish,of 3 ratings,N/A
JRJC,$4.45,1439831449070,"11,350",82% bullish,of 11 ratings,N/A
HGSH,$1.74,1439831449126,"6,313",67% bullish,of 3 ratings,N/A
CHOP,$1.31,1439831449156,749,50% bullish,of 2 ratings,N/A
CJJD,$2.27,1439831449264,"43,676",100% bullish,of 1 rating,N/A
CNIT,$1.85,1439831449297,"120,025",67% bullish,of 6 ratings,N/A
CHLN,$1.38,1439831449392,928,67% bullish,of 3 ratings,N/A
CHNR,NULL,1439831449420,0,100% bearish,of 1 rating,N/A
HTHT,$24.2,1439831449449,"151,807",50% bullish,of 2 ratings,$28
CREG,$0.808,1439831449584,"31,788",100% bullish,of 3 ratings,N/A
CNTF,$0.9499,1439831449862,"12,026",Not yet rated,NULL,N/A
CPGI,$6.98,1439831449913,24,Not yet rated,NULL,N/A
CNYD,$3.18,1439831450019,"2,498",67% bullish,of 3 ratings,N/A
CSUN,$1.5498,1439831450048,"1,200",80% bullish,of 5 ratings,N/A
CNET,$0.81,1439831450157,"79,763",50% bullish,of 2 ratings,N/A
CHSCL,$27.182,1439831450288,"26,725",Not yet rated,NULL,N/A
CCIH,$10.4,1439831450317,"31,869",67% bullish,of 6 ratings,$12.65
CXDC,$6.2,1439831450348,"12,498",67% bullish,of 3 ratings,N/A
IMOS,$16.49,1439831450425,"70,916",60% bullish,of 5 ratings,$21.50
CHSCM,$26.34,1439831450484,"6,583",Not yet rated,NULL,N/A
CHSCN,$27.3781,1439831450558,"6,589",Not yet rated,NULL,N/A
CHSCO,$28.5,1439831450585,"2,001",Not yet rated,NULL,N/A
CHUY,$33.91,1439831450762,"39,303",50% bullish,of 2 ratings,$34
CHSCP,$30.8,1439831450816,"1,166",Not yet rated,NULL,N/A
CHDN,$137.08,1439831450843,"47,538",Not yet rated,NULL,$165
CDTX,$14.6,1439831451063,"15,415",Not yet rated,NULL,$22
CIFC,$7.3,1439831451089,3,Not yet rated,NULL,N/A
CIDM,$0.6999,1439831451122,"193,331",50% bullish,of 2 ratings,$2.10
CMCT,NULL,1439831451218,0,100% bearish,of 1 rating,N/A
CMPR,$70.4301,1439831451248,"78,436",50% bullish,of 2 ratings,$72.50
CINF,$56.66,1439831451275,"78,662",50% bullish,of 4 ratings,$50.50
CPHR,$6.94,1439831451300,"6,720",100% bearish,of 1 rating,$16
CSCO,$28.9,1439831451493,"8,081,770",84% bullish,of 208 ratings,$32.50
CTRN,$22.81,1439831451626,"19,506",100% bearish,of 1 rating,$29.50
CTAS,$88.64,1439831451654,"69,379",100% bearish,of 1 rating,$91
CRUS,$29.62,1439831451695,"137,034",75% bullish,of 12 ratings,$44.50
CZWI,NULL,1439831451786,0,Not yet rated,NULL,N/A
CZNC,$20.3,1439831451841,651,Not yet rated,NULL,N/A
CIZN,$19.44,1439831451976,200,Not yet rated,NULL,N/A
CTXS,$77.66,1439831452010,"184,387",86% bullish,of 7 ratings,$80
CHCO,$48.76,1439831452107,"10,752",Not yet rated,NULL,$46
CZFC,NULL,1439831452132,0,Not yet rated,NULL,N/A
CIVB,$10.26,1439831452160,106,Not yet rated,NULL,$11
CIVBP,NULL,1439831452311,0,Not yet rated,NULL,N/A
CLNT,$2,1439831452407,"32,900",75% bullish,of 8 ratings,N/A
CDTI,$1.68,1439831452469,"107,905",75% bullish,of 4 ratings,$3.25
CLFD,$18.1,1439831452512,"9,857",67% bullish,of 3 ratings,$18
CLNE,$4.87,1439831452576,"460,459",80% bullish,of 15 ratings,$9
CLRO,$11.83,1439831452613,"2,489",50% bullish,of 2 ratings,$14.25
CLIR,$5.08,1439831452802,"42,588",100% bullish,of 3 ratings,N/A
CSBK,$14.05,1439831452982,"15,642",Not yet rated,NULL,N/A
CBLI,$3.78,1439831453074,"27,232",60% bullish,of 5 ratings,N/A
CLVS,$78.39,1439831453102,"96,696",60% bullish,of 5 ratings,$101.50
CMFN,$11.558,1439831453131,"17,035",100% bearish,of 1 rating,$15.50
CME,$98.01,1439831453153,"244,951",67% bullish,of 3 ratings,$102
CCNE,$17.56,1439831453332,"3,815",50% bullish,of 2 ratings,$21.50
CWAY,$11.5,1439831453360,500,Not yet rated,NULL,N/A
CISG,$8.48,1439831453388,"30,833",100% bullish,of 5 ratings,$10
COKE,$165.992,1439831453517,"4,606",79% bullish,of 19 ratings,N/A
COBZ,$12.79,1439831453582,"39,956",100% bullish,of 1 rating,$14
CNV,$4.73,1439831453621,"12,415",50% bullish,of 2 ratings,$7.15
CDRB,$12.25,1439831453658,"7,803",67% bullish,of 3 ratings,N/A
CVLY,NULL,1439831454109,0,Not yet rated,NULL,N/A
CGNX,$36.9775,1439831454139,"223,302",50% bullish,of 2 ratings,$47
CHRS,$33.545,1439831454160,"30,516",67% bearish,of 3 ratings,$37
JVA,$4.755,1439831454184,875,83% bullish,of 6 ratings,$7
CDXS,$3.92,1439831454223,"50,292",64% bullish,of 11 ratings,$6
CTSH,$67.17,1439831454250,"793,853",90% bullish,of 10 ratings,$74.50
CCOI,$29.4,1439831454271,"138,849",50% bullish,of 4 ratings,$35
COHR,$59.09,1439831454318,"22,493",50% bullish,of 2 ratings,$72
CLRX,$0.4961,1439831454532,"14,773",50% bullish,of 2 ratings,$1.85
COHU,$9.48,1439831454661,"20,251",100% bearish,of 1 rating,$14.25
CGNT,$1.6,1439831454688,"34,659",100% bullish,of 2 ratings,$2
CLCT,$19.83,1439831454713,"2,752",100% bearish,of 1 rating,N/A
CLCD,$8.01,1439831454951,"22,151",100% bearish,of 1 rating,$20.50
CIGI,$47.83,1439831455009,"3,228",100% bearish,of 1 rating,$52
COLL,$15.93,1439831455034,"13,450",100% bearish,of 1 rating,$26
CBMX,$1.322,1439831455187,"13,438",83% bullish,of 6 ratings,$3.15
COLB,$33.6,1439831455263,"47,398",Not yet rated,NULL,$36
CMCO,$21.81,1439831455398,"7,828",60% bullish,of 5 ratings,$28
CMCSK,$60.355,1439831455435,"946,456",Not yet rated,NULL,$84
CBAN,NULL,1439831455465,0,Not yet rated,NULL,N/A
CMCSA,$59.95,1439831455496,"2,822,177",66% bullish,of 35 ratings,$69.50
COLM,$65.96,1439831455527,"32,242",100% bearish,of 1 rating,$71
CBSH,$47.79,1439831455552,"60,975",50% bullish,of 2 ratings,$46
CBSHP,$25.26,1439831455730,"2,904",100% bearish,of 1 rating,N/A
CUBN,$13.71,1439831455861,"9,923",Not yet rated,NULL,N/A
CSAL,$23.26,1439831456127,"220,294",75% bullish,of 4 ratings,$30
JCS,$9.8,1439831456157,"1,053",67% bullish,of 3 ratings,N/A
CYHHZ,$0.0115,1439831456178,"97,900",100% bullish,of 1 rating,N/A
COMM,$31.78,1439831456208,"238,195",67% bearish,of 3 ratings,$35
CVGI,$4.75,1439831456231,"93,658",50% bullish,of 2 ratings,$6
ESXB,$5.07,1439831456360,"25,213",Not yet rated,NULL,N/A
CWBC,NULL,1439831456426,0,Not yet rated,NULL,N/A
CTBI,$35.38,1439831456459,"7,730",Not yet rated,NULL,$36
CVLT,$38.35,1439831456523,"187,299",75% bullish,of 4 ratings,$44.50
CIL,NULL,1439831456593,0,Not yet rated,NULL,N/A
CID,NULL,1439831456726,0,Not yet rated,NULL,N/A
CIZ,$35.18,1439831456759,"1,442",100% bearish,of 1 rating,N/A
COB,$10.8,1439831456783,"1,289",100% bullish,of 1 rating,$11.50
CSA,NULL,1439831456861,0,Not yet rated,NULL,N/A
CDC,$36.84,1439831457003,"1,200",Not yet rated,NULL,N/A
CFA,$37.5399,1439831457316,250,100% bearish,of 1 rating,N/A
CSB,NULL,1439831457388,0,Not yet rated,NULL,N/A
CGEN,$5.762,1439831457419,"29,356",50% bullish,of 2 ratings,$11
CSF,NULL,1439831457440,0,100% bearish,of 1 rating,N/A
CTG,$6.585,1439831457471,"24,752",100% bearish,of 1 rating,$8.50
CPSI,$46.94,1439831457500,"16,142",100% bearish,of 1 rating,$45.50
CFO,$37.638,1439831457530,"2,080",100% bearish,of 1 rating,N/A
CDL,NULL,1439831457634,0,Not yet rated,NULL,N/A
SCOR,$64.4,1439831457769,"92,514",100% bearish,of 1 rating,$66
CHCI,$0.55,1439831457858,"26,400",50% bullish,of 2 ratings,N/A
CNSI,$19.44,1439831457901,"29,117",100% bearish,of 2 ratings,$29
CNAT,$4.26,1439831457933,"45,127",83% bullish,of 6 ratings,$13
CMTL,$28.29,1439831457962,"19,847",100% bearish,of 2 ratings,$37
CNCE,$17.005,1439831458008,"63,236",75% bullish,of 4 ratings,$22
CXRX,$77.365,1439831458369,"2,855",Not yet rated,NULL,$90
CCUR,$5.14,1439831458425,"5,000",75% bullish,of 4 ratings,N/A
CDORO,$19.55,1439831458452,350,100% bearish,of 1 rating,N/A
CFMS,$22.0401,1439831458514,"82,148",Not yet rated,NULL,$27
CDOR,$1.4999,1439831458539,"8,882",100% bullish,of 1 rating,N/A
CNMD,$56.89,1439831458694,"13,822",Not yet rated,NULL,$59
CDORP,$7.25,1439831458722,600,100% bearish,of 1 rating,N/A
CNFR,$10.599,1439831458766,"17,725",Not yet rated,NULL,N/A
CNXR,$6.79,1439831458902,"12,080",100% bearish,of 1 rating,$12
CTWS,$35.28,1439831458929,"3,844",100% bearish,of 1 rating,$44
CNOB,$20.47,1439831458950,"10,045",100% bullish,of 1 rating,$23.50
CONN,$34.63,1439831459092,"65,125",67% bullish,of 3 ratings,$48.50
CNSL,$20.67,1439831459227,"28,961",100% bearish,of 1 rating,$23
CWCO,$12.12,1439831459356,"25,512",67% bullish,of 3 ratings,$14.50
CPSS,$5.7,1439831459383,"10,428",100% bullish,of 1 rating,$10
CTCT,$24.64,1439831459409,"56,797",67% bullish,of 3 ratings,$37
CFRX,$5.1,1439831459440,"64,799",Not yet rated,NULL,$14
CFRXW,$1.86,1439831459548,"12,100",100% bearish,of 1 rating,N/A
CFRXZ,$0.5,1439831459592,"29,180",Not yet rated,NULL,N/A
CTRV,$4.641,1439831459657,"10,401",Not yet rated,NULL,$6.40
CTRL,$8.75,1439831459737,"50,294",50% bullish,of 2 ratings,$11
CORT,$5.45,1439831459822,"73,382",67% bullish,of 3 ratings,$12
CPRT,$36.535,1439831459883,"48,328",67% bearish,of 3 ratings,$40
CRBP,$1.9,1439831459955,"32,416",100% bullish,of 1 rating,$6.25
BVA,$3.9,1439831460014,101,50% bullish,of 2 ratings,N/A
CORE,$64.4,1439831460039,"39,363",100% bearish,of 1 rating,$72
CSOD,$38.53,1439831460281,"135,214",50% bullish,of 2 ratings,$42
COSI,$1.2,1439831460337,"41,103",100% bullish,of 1 rating,N/A
COST,$145.87,1439831460464,"220,793",83% bullish,of 24 ratings,$154.50
ICBK,$18.22,1439831460501,"1,180",Not yet rated,NULL,$21
CORI,$11.72,1439831460529,"18,867",100% bearish,of 1 rating,$18
CSGP,$194.91,1439831460566,"27,807",50% bullish,of 2 ratings,$235
CRVL,$33.705,1439831460616,"2,801",100% bearish,of 1 rating,N/A
CPAH,$0.451,1439831460659,"2,485",50% bullish,of 2 ratings,N/A
CVTI,$25.89,1439831460745,"27,693",67% bearish,of 3 ratings,$39
COWN,$5.505,1439831460793,"429,768",75% bullish,of 4 ratings,$7
COVS,$2.83,1439831461000,"70,729",67% bullish,of 3 ratings,N/A
CPSH,NULL,1439831461027,0,Not yet rated,NULL,N/A
COWNL,NULL,1439831461079,0,Not yet rated,NULL,N/A
CRAI,$23.47,1439831461108,"6,186",Not yet rated,NULL,$36
CBRL,$151.505,1439831461159,"68,995",50% bullish,of 2 ratings,$155
BREW,$8.33,1439831461301,"20,667",67% bullish,of 6 ratings,$15
CACC,$205.37,1439831461406,"28,002",50% bullish,of 2 ratings,$158.50
CRAY,$22.51,1439831461434,"55,797",83% bullish,of 6 ratings,$38.50
CREE,$27.57,1439831461563,"368,311",65% bullish,of 17 ratings,$28.50
SLVO,$10.58,1439831461776,"2,214",100% bearish,of 1 rating,N/A
CRESY,$11.43,1439831461830,"4,389",100% bearish,of 1 rating,$19
CROX,$14.92,1439831461875,"289,098",63% bullish,of 8 ratings,$16.50
GLDI,$10.97,1439831461906,"1,482",100% bearish,of 1 rating,N/A
CRTO,$46.48,1439831461938,"107,220",67% bullish,of 6 ratings,$64
CRDS,$1.15,1439831462009,"6,739",50% bullish,of 4 ratings,$4.50
CRWS,$8.18,1439831462036,"5,539",Not yet rated,NULL,$10
CCRN,$14.14,1439831462064,"90,729",100% bearish,of 1 rating,$14.25
CRWN,$4.75,1439831462271,"23,321",75% bullish,of 4 ratings,N/A
CYRXW,$0.9399,1439831462354,"7,110",Not yet rated,NULL,N/A
CYRX,$3.0299,1439831462411,"12,942",Not yet rated,NULL,$9
CSGS,$32.25,1439831462437,"33,945",Not yet rated,NULL,$40
CCLP,$14.97,1439831462459,"19,719",67% bearish,of 3 ratings,$21
CTCM,$1.7699,1439831462703,"96,308",80% bearish,of 5 ratings,$3.90
CSPI,$6.11,1439831462761,"4,300",67% bullish,of 3 ratings,N/A
CTIC,$1.78,1439831462905,"155,363",84% bullish,of 76 ratings,$5.75
CUNB,$22.65,1439831462935,500,Not yet rated,NULL,$24.50
CTRP,$71.12,1439831462990,"239,342",75% bullish,of 8 ratings,$92
CUI,$5.57,1439831463038,"32,062",50% bullish,of 2 ratings,$10
CTIB,NULL,1439831463063,0,100% bearish,of 1 rating,N/A
CPIX,$5.98,1439831463122,"7,200",Not yet rated,NULL,N/A
CMLS,$1.295,1439831463680,"252,993",50% bullish,of 4 ratings,$6
CUTR,$14.98,1439831463781,"11,899",67% bearish,of 3 ratings,$18
CRIS,$2.88,1439831463807,"134,894",100% bullish,of 8 ratings,$6
CVV,$12.94,1439831464048,"124,314",100% bullish,of 5 ratings,N/A
CYAN,$7.85,1439831464077,"1,110",100% bearish,of 1 rating,N/A
CYBR,$59.26,1439831464111,"608,937",86% bullish,of 7 ratings,$66
CVBF,$17.61,1439831464180,"44,520",Not yet rated,NULL,$18
CYBE,$5.6925,1439831464527,834,100% bearish,of 1 rating,N/A
CYCC,$0.58,1439831464579,"38,390",73% bullish,of 11 ratings,N/A
CYBX,$59.27,1439831464605,"74,295",50% bullish,of 4 ratings,$70
CYCCP,NULL,1439831464859,0,100% bearish,of 1 rating,N/A
CYRN,$1.65,1439831464945,"114,138",67% bullish,of 3 ratings,$4
CY,$10.3,1439831465007,"1,272,770",80% bullish,of 10 ratings,$15.50
CYNA,$15.0086,1439831465038,"4,204",100% bullish,of 1 rating,$33
CYNO,$34.11,1439831465065,"46,566",67% bearish,of 3 ratings,$45.50
CONE,$34.99,1439831465090,"386,259",67% bearish,of 3 ratings,$35
CBAY,$2.6,1439831465139,"19,185",100% bullish,of 1 rating,$4
CYTK,$6.69,1439831465266,"89,537",71% bullish,of 14 ratings,$13.50
CYTX,$0.3933,1439831465307,"277,487",83% bullish,of 12 ratings,$5.50
CYTR,$2.45,1439831465480,"277,139",67% bullish,of 6 ratings,$10
CTSO,$7.55,1439831465513,"125,621",Not yet rated,NULL,$15.625
TVIZ,NULL,1439831465617,0,100% bearish,of 1 rating,N/A
DAEG,$0.36,1439831465642,"32,900",100% bearish,of 1 rating,N/A
TVIX,$5.525,1439831465777,"1,969,224",81% bullish,of 16 ratings,N/A
ZIV,$50.0767,1439831465907,"42,649",Not yet rated,NULL,N/A
XIV,$48.4,1439831465964,"3,448,777",75% bearish,of 4 ratings,N/A
DTLK,$5.94,1439831466123,"16,768",100% bearish,of 1 rating,$9
DAKT,$12.18,1439831466148,"37,044",50% bullish,of 2 ratings,$14
DAIO,$2.6,1439831466177,12,Not yet rated,NULL,N/A
DARA,$0.9,1439831466206,"43,903",83% bullish,of 6 ratings,$1.50
DJCO,$210.25,1439831466307,"4,715",Not yet rated,NULL,N/A
DRAM,$1.494,1439831466333,100,78% bullish,of 9 ratings,N/A
PLAY,$37.48,1439831466603,"35,926",100% bullish,of 5 ratings,$42
DTEA,$14.38,1439831466629,"91,950",100% bearish,of 2 ratings,$24
DWCH,$5.249,1439831466817,"13,061",75% bullish,of 4 ratings,$8.25
DWSN,$5.03,1439831466865,"9,006",67% bullish,of 3 ratings,$6
DBVT,$41.96,1439831466953,"31,654",100% bearish,of 1 rating,$53
TACO,$13.5,1439831467020,"166,276",100% bullish,of 3 ratings,$20
TRAK,$62.24,1439831467082,"36,899",50% bullish,of 2 ratings,$62.50
TACOW,$4.38,1439831467114,"11,509",100% bullish,of 1 rating,N/A
DFRG,$15.33,1439831467135,"35,870",100% bearish,of 1 rating,$20
DHRM,$1.73,1439831467273,75,Not yet rated,NULL,N/A
DELT,$2.4999,1439831467321,535,Not yet rated,NULL,N/A
DCTH,$0.49,1439831467463,"122,120",78% bullish,of 9 ratings,N/A
DENN,$12.5551,1439831467503,"100,059",100% bullish,of 3 ratings,$15
DGAS,$20.278,1439831467609,250,67% bearish,of 3 ratings,N/A
DELTW,$0.17,1439831467661,"2,500",Not yet rated,NULL,N/A
XRAY,$56.83,1439831467796,"97,281",100% bullish,of 1 rating,$58
DEPO,$31.06,1439831467931,"223,446",60% bullish,of 5 ratings,$32
DERM,$25.25,1439831468005,"54,565",100% bearish,of 1 rating,$23
DXLG,$4.87,1439831468143,"2,283",100% bearish,of 1 rating,$8
DXM,$0.3201,1439831468179,"50,995",50% bullish,of 2 ratings,N/A
DSCI,$6.7,1439831468205,"53,059",50% bullish,of 2 ratings,$16
DSWL,NULL,1439831468275,0,100% bullish,of 1 rating,N/A
DHXM,NULL,1439831468364,0,Not yet rated,NULL,N/A
DEST,$11.94,1439831468406,"10,647",50% bullish,of 2 ratings,N/A
DXCM,$97.62,1439831468434,"281,899",57% bullish,of 7 ratings,$98
FANG,$72.03,1439831468650,"242,210",50% bullish,of 2 ratings,$86
DMND,$32.18,1439831468680,"27,228",75% bullish,of 12 ratings,$32
DHIL,$191.17,1439831468707,485,Not yet rated,NULL,N/A
DCIX,$1.92,1439831468786,"14,648",50% bullish,of 4 ratings,$3.50
DGII,$10.07,1439831468950,"13,682",100% bearish,of 1 rating,$10
DRNA,$11,1439831469014,"27,926",67% bearish,of 3 ratings,$25
DMRC,$37.52,1439831469252,"19,843",100% bearish,of 1 rating,$44
DCOM,$17.34,1439831469348,"19,556",100% bearish,of 2 ratings,$16.50
APPS,$2.35,1439831469408,"35,525",100% bearish,of 1 rating,$10.25
DRAD,$4.02,1439831469437,"6,400",100% bullish,of 1 rating,$5.25
DGLY,$7.75,1439831469464,"63,882",50% bullish,of 6 ratings,$20
DIOD,$20.315,1439831469491,"38,751",75% bearish,of 4 ratings,$24
DPRX,$14.42,1439831469640,"10,902",100% bullish,of 2 ratings,$27.75
DISCB,NULL,1439831469669,0,100% bearish,of 1 rating,$35
DISCA,$29.15,1439831469690,"520,372",67% bullish,of 3 ratings,$34
DISCK,$27.56,1439831469893,"324,943",100% bearish,of 1 rating,$40
DISH,$66.93,1439831470080,"242,041",69% bullish,of 13 ratings,$73
DLHC,$2.51,1439831470126,50,100% bearish,of 1 rating,N/A
DSCO,$0.4886,1439831470155,"182,676",83% bullish,of 6 ratings,$2.75
DNBF,NULL,1439831470182,0,Not yet rated,NULL,$27.50
DVCR,$11.85,1439831470212,"2,237",100% bullish,of 1 rating,N/A
BAGR,$2.96,1439831470261,"10,372",100% bearish,of 1 rating,$6
DLTR,$78.25,1439831470311,"344,628",82% bullish,of 11 ratings,$88
DMLP,$14.6,1439831470595,"16,705",100% bearish,of 1 rating,N/A
DGICA,$14.72,1439831470629,"6,946",100% bearish,of 1 rating,$17
HILL,$5.44,1439831470650,"114,060",60% bearish,of 5 ratings,$8
DGICB,$21.37,1439831470725,4,100% bearish,of 1 rating,N/A
DORM,$52.36,1439831470795,"47,997",100% bearish,of 1 rating,$56
DRWIW,NULL,1439831470824,0,Not yet rated,NULL,N/A
DWA,$19.52,1439831470851,"91,914",63% bullish,of 8 ratings,$26
DRWI,$0.3051,1439831470879,"51,200",60% bullish,of 5 ratings,$.45
DRYS,$0.3676,1439831471287,"1,330,053",77% bullish,of 31 ratings,$.60
CADT,NULL,1439831471347,0,Not yet rated,NULL,N/A
DSKX,$3.509,1439831471372,"1,028,946",100% bullish,of 1 rating,N/A
DTSI,$27.58,1439831471397,"34,346",100% bearish,of 2 ratings,$39.50
CADTR,$0.195,1439831471424,300,Not yet rated,NULL,N/A
DSPG,$9.04,1439831471445,"8,094",100% bearish,of 1 rating,$13.50
CADTU,NULL,1439831471476,0,Not yet rated,NULL,N/A
DYAX,$22.98,1439831471834,"174,390",89% bullish,of 9 ratings,$30
CADTW,NULL,1439831471864,0,Not yet rated,NULL,N/A
DNKN,$52.65,1439831471895,"120,879",67% bullish,of 15 ratings,$56.50
DYSL,NULL,1439831471922,0,100% bullish,of 2 ratings,N/A
DRRX,$2.22,1439831471997,"67,749",50% bullish,of 6 ratings,$3
DXPE,$29.92,1439831472056,"35,830",50% bullish,of 2 ratings,N/A
DYNT,$3,1439831472077,"3,050",75% bullish,of 4 ratings,N/A
BOOM,$10.1,1439831472126,"14,603",67% bullish,of 3 ratings,$12
DVAX,$29.7601,1439831472229,"105,232",70% bullish,of 10 ratings,$40
ETFC,$28.55,1439831472422,"498,135",57% bullish,of 14 ratings,$33
EGRX,$70.3,1439831472522,"174,169",67% bullish,of 3 ratings,$97
EGLE,$7.86,1439831472548,"8,250",60% bullish,of 5 ratings,N/A
EBMT,NULL,1439831472625,0,Not yet rated,NULL,$13.50
ELNK,$9.24,1439831472680,"279,359",80% bullish,of 5 ratings,$9.50
EWBC,$45.21,1439831472709,"357,586",100% bearish,of 1 rating,$50
EROC,$1.54,1439831472730,"131,245",50% bullish,of 2 ratings,$3
EGBN,$44.87,1439831472762,"53,225",Not yet rated,NULL,$48
EML,$17.19,1439831472976,"2,350",Not yet rated,NULL,N/A
EACQU,$10.05,1439831473105,900,Not yet rated,NULL,N/A
EVBS,NULL,1439831473178,0,Not yet rated,NULL,$7
EBAY,$28.16,1439831473205,"2,714,079",81% bullish,of 117 ratings,$48
ELON,$0.54,1439831473227,"35,729",50% bullish,of 2 ratings,N/A
ECHO,$25.19,1439831473358,"70,430",67% bearish,of 3 ratings,$36
ECTE,$1.5,1439831473526,"14,852",75% bullish,of 4 ratings,N/A
EBIX,$31.08,1439831473607,"25,269",69% bullish,of 13 ratings,$40
SATS,$46.65,1439831473680,"12,795",50% bullish,of 2 ratings,$60
ECACU,$10.02,1439831474344,"1,100",Not yet rated,NULL,N/A
EDAP,$3.65,1439831474374,"17,953",60% bullish,of 5 ratings,$4.50
EDGW,$7.1,1439831474516,258,100% bearish,of 1 rating,N/A
ESES,$3.53,1439831474542,"4,727",100% bearish,of 1 rating,$7
EEI,$11.1475,1439831474568,"1,284",67% bearish,of 3 ratings,N/A
EFUT,$4.65,1439831474854,"2,899",Not yet rated,NULL,N/A
EDUC,$4.652,1439831475122,"1,800",100% bearish,of 1 rating,N/A
EGLT,$12.89,1439831475229,"32,380",50% bullish,of 2 ratings,$21
ERI,$9.8701,1439831475362,"90,187",100% bearish,of 1 rating,$10
EMITF,$1.299,1439831475506,"8,708",75% bullish,of 4 ratings,N/A
LOCO,$14.76,1439831475587,"977,188",69% bullish,of 13 ratings,$23
ESIO,$4.55,1439831475644,"48,576",50% bullish,of 2 ratings,$10
EA,$73.095,1439831475747,"865,885",77% bullish,of 35 ratings,$80
ELEC,NULL,1439831475803,0,Not yet rated,NULL,N/A
ELSE,$4.22,1439831475882,"5,148",60% bullish,of 5 ratings,N/A
ELRC,$10.33,1439831475937,"3,490",100% bearish,of 1 rating,N/A
EGAN,$3.5,1439831476010,"73,941",50% bullish,of 2 ratings,$6.25
EHTH,$14.87,1439831476174,"56,372",50% bullish,of 4 ratings,$16.50
ELECW,NULL,1439831476203,0,Not yet rated,NULL,N/A
ESLT,$81.7305,1439831476234,"3,827",100% bullish,of 2 ratings,N/A
ELECU,NULL,1439831476256,0,Not yet rated,NULL,N/A
EFII,$46.02,1439831476388,"31,334",80% bullish,of 5 ratings,$55
EBIO,$4.06,1439831476443,"856,693",100% bearish,of 2 ratings,$8.35
RDEN,$10.3,1439831476647,"23,082",100% bearish,of 4 ratings,$15
CAPX,NULL,1439831476679,0,Not yet rated,NULL,N/A
ESBK,NULL,1439831476835,0,Not yet rated,NULL,N/A
LONG,$17.12,1439831476934,"77,390",67% bullish,of 3 ratings,$15.75
EMCF,NULL,1439831476963,0,100% bearish,of 1 rating,N/A
ELTK,$1.1415,1439831476989,"2,195",67% bearish,of 3 ratings,N/A
EMMS,$1.2299,1439831477025,"29,395",67% bullish,of 6 ratings,N/A
EMCI,$24.45,1439831477046,"4,129",Not yet rated,NULL,N/A
EMKR,$7.35,1439831477120,"343,063",75% bullish,of 4 ratings,$8.50
EMMSP,NULL,1439831477181,0,100% bearish,of 1 rating,N/A
NYNY,$4.52,1439831477256,"11,451",50% bullish,of 2 ratings,N/A
ENTA,$41.24,1439831477390,"38,972",50% bullish,of 2 ratings,$42
ERS,$3.05,1439831477456,"5,034",Not yet rated,NULL,N/A
ECPG,$40.48,1439831477547,"42,726",100% bullish,of 2 ratings,$52
ENDP,$86.28,1439831477702,"419,259",50% bullish,of 6 ratings,$104
EIGI,$16.31,1439831477797,"167,304",67% bearish,of 3 ratings,$20
WIRE,$33.99,1439831477838,"19,082",100% bearish,of 1 rating,$41
ECYT,$5.39,1439831477872,"82,051",83% bullish,of 6 ratings,$12
WATT,$7.03,1439831477900,"62,908",50% bullish,of 2 ratings,$13
ELGX,$12.97,1439831477937,"293,329",75% bullish,of 4 ratings,$17
EFOI,$16.32,1439831477966,"598,519",50% bullish,of 2 ratings,$17
ERII,$2.9,1439831478189,"32,404",80% bullish,of 5 ratings,$2.50
ENPH,$5.52,1439831478323,"133,344",75% bullish,of 4 ratings,$11
ENG,$1.0801,1439831478365,"7,617",100% bullish,of 3 ratings,N/A
ENOC,$9.08,1439831478390,"64,009",75% bullish,of 4 ratings,$18
ESGR,$161.26,1439831478418,"13,909",100% bearish,of 1 rating,$185
EXXI,$1.7045,1439831478461,"373,403",86% bullish,of 7 ratings,$3.50
ENFC,NULL,1439831478611,0,Not yet rated,NULL,N/A
ENTG,$14.74,1439831478790,"183,920",100% bearish,of 1 rating,$18
EFSC,$24.83,1439831478926,"6,585",Not yet rated,NULL,$27
ETRM,$0.2684,1439831478961,"477,030",69% bearish,of 35 ratings,$1.625
EBTC,$20.98,1439831478989,306,Not yet rated,NULL,N/A
ENTL,$22.595,1439831479058,"2,313",Not yet rated,NULL,$28
ENVI,$1.81,1439831479087,"18,600",67% bullish,of 3 ratings,N/A
EGT,$2.21,1439831479193,253,100% bullish,of 1 rating,N/A
ENZN,$1.1,1439831479247,"602,493",100% bullish,of 9 ratings,N/A
ENZY,$8.48,1439831479298,"16,159",67% bullish,of 3 ratings,$9.50
EPRS,$5.2001,1439831479477,"20,144",82% bullish,of 11 ratings,$15
EPZM,$18.06,1439831479538,"62,674",60% bullish,of 5 ratings,$34
EPIQ,$14.05,1439831479577,"7,918",100% bearish,of 1 rating,$18
PLUS,$74,1439831479706,"37,706",50% bullish,of 2 ratings,$88
EQIX,$283.43,1439831479809,"65,085",67% bullish,of 3 ratings,$312.50
ERIE,$86.43,1439831479843,"5,512",Not yet rated,NULL,$73
ERIC,$10.3975,1439831479872,"539,121",63% bullish,of 8 ratings,$13.30
EQFN,$8.3601,1439831479945,"2,000",Not yet rated,NULL,N/A
EAC,$3.46,1439831479973,"1,179",100% bearish,of 1 rating,$7.50
ESCA,$18.75,1439831480005,"3,066",100% bearish,of 1 rating,$22
ESCR,$0.2241,1439831480103,"6,055",50% bullish,of 2 ratings,N/A
ESCRP,$1.6592,1439831480181,"5,485",100% bearish,of 1 rating,N/A
ESMC,$1.31,1439831480317,606,Not yet rated,NULL,N/A
ESSA,$12.79,1439831480369,"2,699",100% bearish,of 1 rating,N/A
ESPR,$75.2,1439831480395,"720,529",56% bearish,of 9 ratings,$130
EPIX,NULL,1439831480526,0,Not yet rated,NULL,N/A
ESND,$36.67,1439831480582,"17,328",100% bearish,of 1 rating,$40
ESSX,$0.46,1439831480658,"25,063",50% bullish,of 2 ratings,N/A
CLWT,$2.45,1439831480821,110,100% bearish,of 1 rating,N/A
EEFT,$68.59,1439831480884,"26,380",100% bearish,of 1 rating,$67.50
EVEP,$9.1899,1439831480915,"209,745",50% bullish,of 2 ratings,$15
ETSY,$17.54,1439831480957,"378,198",80% bullish,of 5 ratings,$16
EVOK,$4.62,1439831481015,"3,566",100% bearish,of 1 rating,$13.75
ESEA,$6.45,1439831481104,279,100% bullish,of 1 rating,$15
EVK,$3.96,1439831481129,"2,284",75% bearish,of 4 ratings,N/A
EVLV,$2.245,1439831481273,"25,601",60% bullish,of 5 ratings,$6.50
EXAS,$23.53,1439831481470,"172,098",78% bullish,of 9 ratings,$31
EXEL,$5.98,1439831481530,"644,317",81% bullish,of 16 ratings,$6
EXA,$10.56,1439831481559,"9,540",100% bearish,of 1 rating,$13
EXAC,$19.145,1439831481606,"23,833",100% bearish,of 1 rating,$22.50
EVOL,$6.325,1439831481663,"9,510",75% bullish,of 4 ratings,$10
EXPE,$122.19,1439831481735,"173,725",64% bullish,of 11 ratings,$130
EXLS,$37.4,1439831481824,"14,145",100% bullish,of 1 rating,$41
EXFO,$2.91,1439831481855,"1,400",67% bearish,of 3 ratings,$3.95
EXPD,$49.23,1439831481882,"177,013",80% bullish,of 5 ratings,$50.50
ESRX,$89.04,1439831481956,"526,591",67% bearish,of 6 ratings,$101
EXPO,$44.05,1439831482016,"13,321",100% bearish,of 1 rating,$45.50
EXTR,$3.02,1439831482154,"196,150",80% bullish,of 5 ratings,$3
EXLP,$20.694,1439831482222,"52,571",100% bearish,of 1 rating,$27
EYEGW,NULL,1439831482310,0,Not yet rated,NULL,N/A
EYEG,$4,1439831482357,"23,997",Not yet rated,NULL,N/A
EZCH,$21.64,1439831482492,"79,576",75% bullish,of 8 ratings,$19.50
EZPW,$6.14,1439831482565,"63,943",50% bullish,of 4 ratings,$7.50
FFIV,$133.99,1439831482628,"151,577",71% bullish,of 7 ratings,$132
FB,$93.88,1439831482656,"6,956,938",73% bullish,of 1063 ratings,$111
FALC,$1.68,1439831482684,"31,043",63% bearish,of 8 ratings,N/A
DAVE,$14.9,1439831482710,"29,522",100% bearish,of 1 rating,$15.50
FWM,$2.39,1439831482853,"82,112",100% bearish,of 2 ratings,$3.20
FCS,$14.51,1439831482895,"141,411",67% bearish,of 3 ratings,$17
FARM,$23.58,1439831483041,"6,760",100% bearish,of 1 rating,$35
FMNB,$8.13,1439831483081,"9,968",Not yet rated,NULL,N/A
FFKT,$27.23,1439831483210,"9,106",Not yet rated,NULL,$29
FRP,$17.69,1439831483274,"51,373",100% bearish,of 1 rating,$18
FAST,$40.46,1439831483342,"274,536",80% bullish,of 5 ratings,$46
FARO,$42.35,1439831483368,"35,371",50% bullish,of 2 ratings,$48
FATE,$7.49,1439831483400,"6,903",100% bearish,of 1 rating,$11
FBRC,$23.08,1439831483425,"3,004",100% bearish,of 1 rating,$29
FBSS,NULL,1439831483504,0,Not yet rated,NULL,N/A
FNHC,$24.39,1439831483701,"20,154",100% bearish,of 1 rating,$35
FDML,$9.84,1439831483732,"34,643",50% bullish,of 4 ratings,$14
FHCO,$1.52,1439831483861,"13,984",50% bullish,of 4 ratings,N/A
FEIC,$81.44,1439831484051,"128,574",50% bullish,of 2 ratings,$95.50
FGEN,$24.97,1439831484133,"242,001",100% bearish,of 1 rating,$39
FCSC,$6.66,1439831484209,"33,368",100% bearish,of 1 rating,$8.125
FENX,$9.945,1439831484276,"32,149",100% bullish,of 1 rating,$14.25
LION,$20.77,1439831484342,"81,823",100% bullish,of 1 rating,$20
FSC,$6.53,1439831484440,"202,150",75% bullish,of 4 ratings,$8
FRGI,$55.61,1439831484469,"78,186",50% bullish,of 2 ratings,$70
ONEQ,$199.62,1439831484494,"5,770",100% bullish,of 1 rating,N/A
FDUS,$14.84,1439831484522,"16,082",100% bullish,of 1 rating,$18
FSAM,$8.68,1439831484548,"6,773",100% bearish,of 1 rating,$11
FITB,$21.175,1439831484680,"1,056,892",54% bullish,of 13 ratings,$22
FSCFL,$24.6873,1439831484781,"1,400",Not yet rated,NULL,N/A
FITBI,$27.83,1439831484878,"6,211",Not yet rated,NULL,N/A
FNGN,$36.65,1439831484926,"69,169",67% bullish,of 3 ratings,$47
FSFR,$9.159,1439831484972,"58,443",100% bearish,of 1 rating,$11.50
FISI,$24.5,1439831485106,"2,836",100% bullish,of 2 ratings,$24.50
FNSR,$17.71,1439831485137,"309,593",83% bullish,of 6 ratings,$25
FNTCU,NULL,1439831485239,0,Not yet rated,NULL,N/A
FNTC,NULL,1439831485268,0,Not yet rated,NULL,N/A
FNTCW,NULL,1439831485368,0,Not yet rated,NULL,N/A
FEYE,$43.53,1439831485436,"921,484",87% bullish,of 15 ratings,$55.50
FNJN,$1.79,1439831485462,"15,933",100% bearish,of 1 rating,$5
FBNC,$17.25,1439831485609,"6,200",100% bullish,of 1 rating,$20
FNLC,$18.82,1439831485658,"7,300",100% bullish,of 1 rating,N/A
BUSE,$6.43,1439831485743,"14,852",Not yet rated,NULL,$6.875
FRBA,$6.0599,1439831485790,"4,050",Not yet rated,NULL,$8
FBIZ,$44,1439831485815,"3,315",100% bearish,of 2 ratings,$52
FCVA,NULL,1439831485874,0,Not yet rated,NULL,N/A
FCAP,$26.12,1439831486103,"4,166",Not yet rated,NULL,N/A
FCFS,$38.22,1439831486194,"25,666",100% bearish,of 2 ratings,$48
FCNCA,$252.88,1439831486279,"3,989",Not yet rated,NULL,N/A
FCLF,$9.2,1439831486328,"1,200",Not yet rated,NULL,N/A
FCBC,$18.09,1439831486357,"7,248",Not yet rated,NULL,$17
FCFP,$7,1439831486391,"1,400",Not yet rated,NULL,N/A
FCCO,$12,1439831486412,101,Not yet rated,NULL,$13.25
FBNK,$16.3,1439831486490,"2,983",100% bearish,of 1 rating,$17.50
FFNM,$6.42,1439831486718,400,Not yet rated,NULL,N/A
FDEF,$37.52,1439831486745,"9,291",Not yet rated,NULL,$38
FFBCW,NULL,1439831486839,0,100% bearish,of 1 rating,N/A
FFIN,$32.9,1439831486876,"7,741",50% bullish,of 2 ratings,$31.75
FFBC,$19.1,1439831486944,"45,330",67% bearish,of 3 ratings,$20.25
THFF,$33.985,1439831487013,"4,360",Not yet rated,NULL,$35
FFNW,$12.52,1439831487039,"2,776",Not yet rated,NULL,$14
FIBK,$28.09,1439831487164,"14,909",Not yet rated,NULL,$32
FFWM,$21.42,1439831487265,792,Not yet rated,NULL,$24
INBK,$36.245,1439831487350,"14,624",50% bullish,of 2 ratings,$37
FRME,$26.22,1439831487413,"159,548",Not yet rated,NULL,$26.50
FNFG,$9.78,1439831487482,"436,942",80% bullish,of 5 ratings,$9
FNBC,$36.92,1439831487512,"25,695",Not yet rated,NULL,$41
FMBI,$18.57,1439831487541,"34,052",Not yet rated,NULL,$20
FMBH,$21.86,1439831487566,"3,157",Not yet rated,NULL,N/A
FNWB,$12.29,1439831487819,"2,000",Not yet rated,NULL,N/A
FSFG,$31.49,1439831488013,"4,568",Not yet rated,NULL,N/A
FSLR,$51.71,1439831488038,"439,376",74% bullish,of 39 ratings,$65
BICK,NULL,1439831488070,0,100% bullish,of 1 rating,N/A
FBZ,NULL,1439831488201,0,Not yet rated,NULL,N/A
FSGI,$2.5,1439831488227,400,Not yet rated,NULL,N/A
FSBK,$7.8,1439831488279,"1,536",100% bullish,of 1 rating,N/A
FCAN,$25.7291,1439831488363,500,Not yet rated,NULL,N/A
FTCS,$38.77,1439831488421,"11,057",Not yet rated,NULL,N/A
FCA,$22.87,1439831488446,"1,402",Not yet rated,NULL,N/A
IFV,$18.847,1439831488493,"308,496",100% bearish,of 1 rating,N/A
FV,$24.8496,1439831488518,"570,229",Not yet rated,NULL,N/A
FTSM,$59.935,1439831488652,"9,309",100% bearish,of 1 rating,N/A
FEMB,NULL,1439831488784,0,Not yet rated,NULL,N/A
TDIV,$26.1199,1439831488847,"15,958",100% bearish,of 1 rating,N/A
FEUZ,$32.5,1439831488872,100,Not yet rated,NULL,N/A
MDIV,$19.9199,1439831489010,"63,794",Not yet rated,NULL,N/A
FTGC,$22.8699,1439831489041,"159,108",Not yet rated,NULL,N/A
FGM,$37.39,1439831489113,"2,106",Not yet rated,NULL,N/A
HYLS,$49.8263,1439831489246,"161,787",100% bearish,of 1 rating,N/A
FHK,$35.95,1439831489302,"1,839",Not yet rated,NULL,N/A
CU,$13.3449,1439831489378,"1,212",100% bearish,of 1 rating,N/A
FPXI,NULL,1439831489432,0,Not yet rated,NULL,N/A
SKYY,$30.6479,1439831489513,"24,862",100% bullish,of 1 rating,N/A
PLTM,$6.53,1439831489543,"1,053",100% bearish,of 1 rating,N/A
YDIV,$17.206,1439831489572,"1,175",Not yet rated,NULL,N/A
FTHI,$20.57,1439831489613,"1,106",Not yet rated,NULL,N/A
FJP,$50.4675,1439831489714,"17,669",Not yet rated,NULL,N/A
FTLB,NULL,1439831489894,0,100% bearish,of 1 rating,N/A
FONE,$36.47,1439831490053,160,Not yet rated,NULL,N/A
GRID,$34.6299,1439831490097,107,100% bearish,of 1 rating,N/A
LMBS,NULL,1439831490122,0,Not yet rated,NULL,N/A
FMB,$51.2,1439831490183,204,Not yet rated,NULL,N/A
CIBR,$19.72,1439831490254,"46,695",Not yet rated,NULL,N/A
QABA,$39.72,1439831490314,"10,650",100% bearish,of 1 rating,N/A
CARZ,$36.8622,1439831490387,332,100% bearish,of 1 rating,N/A
RDVY,$22.47,1439831490454,"4,564",Not yet rated,NULL,N/A
QCLN,$16.2,1439831490483,"6,441",Not yet rated,NULL,N/A
QQEW,$44.2946,1439831490513,"10,215",Not yet rated,NULL,N/A
QQXT,$42.9399,1439831490584,"2,796",Not yet rated,NULL,N/A
AIRR,$17.09,1439831490650,"12,197",100% bearish,of 1 rating,N/A
QTEC,$42.46,1439831490782,"68,947",Not yet rated,NULL,N/A
QINC,$21.6399,1439831490860,"5,689",Not yet rated,NULL,N/A
FTSL,$48.92,1439831490920,"17,465",100% bearish,of 1 rating,N/A
FKO,NULL,1439831490996,0,Not yet rated,NULL,N/A
FDIV,$47.6,1439831491048,"5,139",100% bearish,of 1 rating,N/A
FSZ,$40.7,1439831491155,474,Not yet rated,NULL,N/A
FTW,$31.1,1439831491180,251,Not yet rated,NULL,N/A
FUNC,$8.3,1439831491205,500,Not yet rated,NULL,N/A
SVVC,$10.58,1439831491389,"7,952",100% bullish,of 1 rating,$26
FKU,$43.9799,1439831491416,"1,807",Not yet rated,NULL,N/A
FMER,$18.77,1439831491452,"343,959",50% bullish,of 2 ratings,$20
FSV,$32.79,1439831491479,"2,763",Not yet rated,NULL,$33.60
TUSA,$26.3974,1439831491547,110,Not yet rated,NULL,N/A
FIVE,$37.78,1439831491647,"151,458",75% bearish,of 4 ratings,$44
FISV,$89.94,1439831491707,"175,831",100% bearish,of 3 ratings,$90
FLML,$21.33,1439831491901,"114,714",50% bullish,of 2 ratings,$30
FPRX,$19.08,1439831491939,"97,379",50% bullish,of 2 ratings,$35
FIVN,$4.49,1439831492009,"59,269",100% bullish,of 1 rating,$8.50
FLKS,$14.63,1439831492070,"11,108",50% bullish,of 2 ratings,$27
FLXN,$23.9,1439831492117,"9,450",100% bearish,of 1 rating,$39.50
FLXS,$41.363,1439831492177,"9,368",100% bearish,of 2 ratings,N/A
SKOR,$50.43,1439831492250,20,Not yet rated,NULL,N/A
MBSD,NULL,1439831492357,0,Not yet rated,NULL,N/A
FLEX,$11.185,1439831492397,"542,061",63% bullish,of 8 ratings,$12
FLIR,$30.59,1439831492430,"61,022",100% bearish,of 1 rating,$38.50
FLDM,$12.65,1439831492461,"117,851",67% bearish,of 3 ratings,$21.50
FFIC,$21.06,1439831492563,"7,638",Not yet rated,NULL,$21
FOMX,$10.43,1439831492630,"43,647",50% bullish,of 2 ratings,$23.50
FOGO,$18.6172,1439831492834,"58,738",50% bullish,of 2 ratings,$25.50
FES,$1.0099,1439831492979,920,50% bullish,of 2 ratings,$1
FORM,$6.67,1439831493012,"35,705",67% bullish,of 3 ratings,$10.50
FORTY,$35,1439831493033,500,Not yet rated,NULL,N/A
FONR,$9.52,1439831493063,"1,138",100% bullish,of 1 rating,N/A
FORR,$32.36,1439831493109,"11,131",Not yet rated,NULL,N/A
FTNT,$47.8,1439831493195,"304,304",80% bullish,of 10 ratings,$52
FORD,$1.13,1439831493353,"458,184",50% bullish,of 2 ratings,N/A
FBIO,$3.08,1439831493379,"36,601",83% bullish,of 6 ratings,N/A
FWP,$25.5,1439831493414,"9,859",100% bearish,of 1 rating,$45
FWRD,$48.61,1439831493454,"47,251",100% bearish,of 1 rating,$50
FMI,$20.31,1439831493512,"72,435",100% bearish,of 2 ratings,$27.50
FOSL,$61.77,1439831493539,"206,652",50% bullish,of 4 ratings,$70
FXCB,$17.69,1439831493673,412,Not yet rated,NULL,$19
FRAN,$11.27,1439831493808,"234,174",50% bullish,of 4 ratings,$15
FOXF,$15.84,1439831493883,"11,928",100% bearish,of 1 rating,$19
FRED,$14.41,1439831493948,"21,119",50% bullish,of 2 ratings,$16.50
FELE,$30.19,1439831494014,"53,034",50% bullish,of 4 ratings,$33
FREE,$0.53,1439831494048,"905,759",92% bullish,of 12 ratings,N/A
FEIM,$10.98,1439831494143,500,100% bearish,of 1 rating,N/A
FTR,$5.605,1439831494173,"5,466,561",78% bullish,of 27 ratings,$6.25
RAIL,$22.34,1439831494278,"36,661",100% bearish,of 1 rating,$24.50
FRPT,$14.52,1439831494314,"88,743",67% bearish,of 3 ratings,$23.50
FTRPR,$109.28,1439831494353,"106,340",100% bearish,of 1 rating,N/A
FRPH,$31.06,1439831494410,606,100% bearish,of 1 rating,N/A
FSBW,$23.741,1439831494489,600,Not yet rated,NULL,N/A
FSYS,$6.7401,1439831494541,"13,129",67% bullish,of 3 ratings,$10
FTEK,$2.31,1439831494595,"22,475",75% bullish,of 4 ratings,N/A
FTD,$30.53,1439831494616,"15,178",100% bearish,of 1 rating,$40
FCEL,$0.8072,1439831494766,"196,673",88% bullish,of 40 ratings,$2.65
FULT,$13.145,1439831495027,"97,878",100% bearish,of 1 rating,$13
FULLL,$25.5,1439831495058,300,Not yet rated,NULL,N/A
FULL,$3.21,1439831495120,"38,134",67% bearish,of 3 ratings,$4.25
WILC,$5.2149,1439831495150,"3,793",100% bullish,of 2 ratings,N/A
FSNN,$2.6,1439831495177,"1,088",67% bullish,of 3 ratings,$6
FLL,$1.585,1439831495203,"2,700",75% bullish,of 4 ratings,$2.825
GK,$72.3,1439831495255,"20,687",Not yet rated,NULL,$78
FXENP,$16.5,1439831495344,350,100% bearish,of 1 rating,N/A
FFHL,$0.88,1439831495453,30,50% bullish,of 4 ratings,N/A
FXEN,$1.02,1439831495510,"142,157",75% bullish,of 4 ratings,$1.10
GLPG,$60.25,1439831495643,"4,705",100% bullish,of 1 rating,$75
GALT,$2.28,1439831495775,"102,974",80% bullish,of 5 ratings,N/A
GAIA,$6.13,1439831495822,"12,519",50% bullish,of 2 ratings,$8.50
GALTW,$0.7131,1439831495909,999,100% bullish,of 1 rating,N/A
GALTU,NULL,1439831495934,0,100% bearish,of 1 rating,N/A
GALE,$1.4401,1439831495979,"228,860",89% bullish,of 47 ratings,$4
GLMD,$9.0501,1439831496170,"8,751",67% bullish,of 3 ratings,$20.50
GGAC,$9.82,1439831496224,200,100% bearish,of 1 rating,N/A
GLPI,$33.54,1439831496329,"70,611",100% bearish,of 1 rating,$37.50
GPIC,$10.27,1439831496390,864,100% bearish,of 1 rating,N/A
GGACW,NULL,1439831496419,0,Not yet rated,NULL,N/A
GGACR,NULL,1439831496440,0,100% bullish,of 1 rating,N/A
GRMN,$40.27,1439831496472,"135,769",50% bullish,of 6 ratings,$48
GGACU,NULL,1439831496603,0,Not yet rated,NULL,N/A
GARS,$14.95,1439831496641,"6,565",Not yet rated,NULL,$16
GENC,$9.49,1439831496785,125,100% bearish,of 1 rating,N/A
GNCMA,$18.2786,1439831496887,"24,407",100% bearish,of 1 rating,$12
GFN,$4.1,1439831497033,"24,850",100% bearish,of 2 ratings,$8
GFNSL,$26,1439831497095,200,Not yet rated,NULL,N/A
GFNCP,$93.77,1439831497125,100,Not yet rated,NULL,N/A
GENE,$2.8,1439831497159,"82,936",100% bullish,of 12 ratings,N/A
GHDX,$26.49,1439831497228,"69,472",50% bullish,of 2 ratings,$30
GNMK,$9.64,1439831497255,"24,229",67% bullish,of 6 ratings,$14
GNCA,$13.07,1439831497287,"33,267",100% bearish,of 1 rating,$20
GNTX,$15.999,1439831497470,"445,698",Not yet rated,NULL,$20
THRM,$48.48,1439831497551,"54,250",75% bearish,of 4 ratings,$55.50
GNVC,$2.43,1439831497585,"2,407",90% bullish,of 10 ratings,$8.50
GTWN,NULL,1439831497611,0,Not yet rated,NULL,N/A
GABC,$29.85,1439831497683,"4,555",Not yet rated,NULL,$31.50
GEOS,$16,1439831497746,"28,186",100% bearish,of 3 ratings,$25.50
GERN,$3.31,1439831497886,"627,784",88% bullish,of 16 ratings,$5.25
GEVO,$2.17,1439831498019,"104,543",75% bullish,of 12 ratings,N/A
ROCK,$18.67,1439831498050,"135,937",80% bullish,of 5 ratings,$24
GIGM,$0.6591,1439831498153,"31,885",100% bullish,of 2 ratings,N/A
GIGA,$1.4301,1439831498179,"7,914",100% bearish,of 1 rating,N/A
GIII,$69.94,1439831498209,"32,746",67% bullish,of 3 ratings,$75
GBCI,$28.29,1439831498309,"17,216",50% bullish,of 2 ratings,$31
GLAD,$8.318,1439831498369,"42,882",50% bullish,of 2 ratings,$8.75
GILD,$116.025,1439831498409,"1,950,961",91% bullish,of 86 ratings,$129
GILT,$4.564,1439831498437,"5,044",50% bullish,of 2 ratings,N/A
GOOD,$15.99,1439831498612,"26,653",Not yet rated,NULL,$19
GLADO,$25.59,1439831498669,"2,190",Not yet rated,NULL,N/A
GOODO,$25.2267,1439831498773,450,Not yet rated,NULL,N/A
GOODN,$25.6,1439831498963,500,Not yet rated,NULL,N/A
GOODP,$25.2699,1439831499020,400,Not yet rated,NULL,N/A
GAINN,$25.44,1439831499045,"66,595",Not yet rated,NULL,N/A
GAIN,$7.9741,1439831499122,"76,535",100% bullish,of 2 ratings,$8.25
GAINO,$25.4801,1439831499207,915,Not yet rated,NULL,N/A
GLBZ,NULL,1439831499237,0,Not yet rated,NULL,N/A
GAINP,$26.148,1439831499259,"1,342",Not yet rated,NULL,N/A
LAND,$9.65,1439831499290,"4,385",50% bullish,of 2 ratings,$13.75
GPACU,NULL,1439831499710,0,Not yet rated,NULL,N/A
GSOL,$8.43,1439831499771,"9,186",100% bearish,of 1 rating,N/A
GBT,$53.5,1439831499801,"240,231",Not yet rated,NULL,N/A
GBLI,$27.2,1439831499843,"2,004",Not yet rated,NULL,N/A
GDEF,$10.54,1439831499868,1,Not yet rated,NULL,N/A
ENT,$12.5,1439831499904,"46,471",100% bearish,of 1 rating,$18
ACTX,NULL,1439831499998,0,100% bullish,of 1 rating,N/A
QQQC,$21.4453,1439831500081,"7,702",100% bearish,of 1 rating,N/A
ALTY,NULL,1439831500106,0,Not yet rated,NULL,N/A
SOCL,$18.6701,1439831500163,"13,283",100% bullish,of 2 ratings,N/A
SRET,$13.8935,1439831500260,"3,225",Not yet rated,NULL,N/A
GSM,$14.11,1439831500309,"69,708",50% bullish,of 2 ratings,$24.50
GAI,$5.51,1439831500391,812,50% bullish,of 2 ratings,N/A
GBIM,$2.25,1439831500442,"20,413",50% bullish,of 2 ratings,N/A
YLCO,$12.3,1439831500472,915,Not yet rated,NULL,N/A
GLBS,$1.21,1439831500575,"3,218",67% bullish,of 3 ratings,N/A
GOGO,$16.415,1439831500838,"148,812",80% bullish,of 5 ratings,$25
GLRI,$1.2,1439831500871,"4,662",100% bearish,of 1 rating,$6
GLDC,NULL,1439831500910,0,50% bullish,of 2 ratings,N/A
GLYC,$7.48,1439831500967,"8,276",50% bullish,of 2 ratings,$14
GDEN,$9.11,1439831501002,400,50% bullish,of 2 ratings,N/A
GLUU,$4.795,1439831501072,"693,752",92% bullish,of 26 ratings,$9
GMLP,$20.6741,1439831501144,"32,305",50% bullish,of 4 ratings,$33
GBDC,$16.6531,1439831501181,"30,859",Not yet rated,NULL,$17.75
GOGL,$3.6,1439831501225,"67,151",75% bullish,of 4 ratings,$5
GLNG,$38.21,1439831501277,"398,805",83% bullish,of 6 ratings,$58
GOOG,$657.99,1439831501309,"275,656",89% bullish,of 64 ratings,$795
GOOGL,$690.13,1439831501486,"285,784",88% bullish,of 1078 ratings,$747
GPRO,$58.8063,1439831501546,"1,264,858",79% bullish,of 58 ratings,$72
GTIM,$7.29,1439831501630,"25,649",Not yet rated,NULL,$11.50
GMAN,$4.69,1439831501787,"43,022",60% bullish,of 5 ratings,$8
GPIAU,NULL,1439831501812,0,Not yet rated,NULL,N/A
GPIA,NULL,1439831501842,0,Not yet rated,NULL,N/A
GRVY,$3.41,1439831501942,100,50% bullish,of 2 ratings,N/A
GPIAW,NULL,1439831501968,0,Not yet rated,NULL,N/A
LOPE,$39.31,1439831502000,"59,600",100% bearish,of 2 ratings,$50
GBSN,$2.47,1439831502028,"32,439",100% bearish,of 1 rating,$8.25
GBSNU,$16.5,1439831502281,"8,100",Not yet rated,NULL,N/A
GNBC,$13.5,1439831502306,"2,714",100% bearish,of 1 rating,$17
GLDD,$5.59,1439831502377,"32,662",100% bearish,of 4 ratings,$7.75
GSBC,$42.62,1439831502443,"8,317",100% bullish,of 1 rating,$44
GRBK,$14.35,1439831502476,"103,862",77% bullish,of 13 ratings,N/A
GPP,$14.9433,1439831502531,"4,476",Not yet rated,NULL,$20.50
GPRE,$23.08,1439831502695,"153,667",67% bullish,of 6 ratings,$28.50
GCBC,NULL,1439831502817,0,100% bullish,of 1 rating,N/A
GRFS,$32.0175,1439831502849,"116,723",50% bullish,of 2 ratings,$35
GGAL,$20.84,1439831502950,"75,196",80% bullish,of 5 ratings,$40
OMAB,$43.25,1439831502976,"8,742",100% bullish,of 1 rating,$44
GRIF,NULL,1439831503035,0,100% bearish,of 1 rating,N/A
GSIT,$5.0201,1439831503107,"4,588",100% bearish,of 1 rating,N/A
GLRE,$26.6541,1439831503134,"26,310",100% bullish,of 1 rating,$41
GSIG,$13.69,1439831503161,"2,282",100% bearish,of 2 ratings,N/A
GRPN,$4.49,1439831503334,"3,400,056",61% bullish,of 71 ratings,$6.75
GTXI,$0.9799,1439831503465,"9,696",100% bullish,of 5 ratings,$.75
GBNK,$16.3,1439831503495,"3,140",100% bearish,of 1 rating,$18
GSVC,$9.5305,1439831503571,"15,371",50% bullish,of 2 ratings,$14.50
GFED,NULL,1439831503632,0,Not yet rated,NULL,$17
GULTU,$0.375,1439831503657,"11,850",100% bearish,of 1 rating,N/A
GUID,$9.1631,1439831503719,"24,522",100% bearish,of 3 ratings,$10
GURE,$1.86,1439831503899,"39,490",88% bullish,of 8 ratings,N/A
GIFI,$11.84,1439831503929,"13,007",100% bearish,of 1 rating,$16
GPOR,$35.67,1439831503951,"747,526",75% bullish,of 4 ratings,$55.50
GYRO,$2.85,1439831504103,600,100% bearish,of 1 rating,N/A
HEES,$17.299,1439831504129,"78,298",67% bearish,of 3 ratings,$31
GWGH,NULL,1439831504162,0,100% bearish,of 1 rating,$15.05
GWPH,$114.16,1439831504259,"64,796",78% bullish,of 9 ratings,$148.50
HLG,$9.44,1439831504348,153,100% bearish,of 1 rating,N/A
HNRG,$7.69,1439831504394,"42,890",100% bearish,of 1 rating,$10
HALO,$19.528,1439831504559,"444,359",67% bullish,of 3 ratings,$22.50
HALL,$11.79,1439831504609,"24,501",Not yet rated,NULL,N/A
HBK,$13.5,1439831504708,600,50% bullish,of 2 ratings,N/A
HBHCL,$24.65,1439831504765,"7,856",Not yet rated,NULL,N/A
HNH,$28.77,1439831504811,583,100% bullish,of 1 rating,N/A
HMPR,$2.01,1439831504898,"2,300",100% bullish,of 1 rating,N/A
HBHC,$29.23,1439831504946,"58,623",50% bullish,of 2 ratings,$30
HNSN,$0.527,1439831504978,"106,893",88% bullish,of 8 ratings,$.40
HQCL,$11.17,1439831505081,"2,510",67% bullish,of 3 ratings,N/A
HAFC,$25.88,1439831505108,"16,518",100% bullish,of 2 ratings,$28.50
HDNG,$9.4501,1439831505152,"3,020",50% bullish,of 4 ratings,N/A
HRMN,NULL,1439831505326,0,Not yet rated,NULL,N/A
HLIT,$5.81,1439831505352,"182,657",100% bearish,of 1 rating,$6.50
HRMNU,NULL,1439831505382,0,Not yet rated,NULL,N/A
TINY,$2.6,1439831505482,"7,201",50% bullish,of 2 ratings,$5.26
HRMNW,NULL,1439831505508,0,Not yet rated,NULL,N/A
HBIO,$4.56,1439831505714,"37,276",Not yet rated,NULL,$10
HCAPL,$25.7,1439831505739,200,Not yet rated,NULL,N/A
HCAP,$12.518,1439831505934,"6,474",50% bullish,of 2 ratings,$15
HCOM,$23.32,1439831505961,"3,750",100% bearish,of 1 rating,$28
HART,$0.6751,1439831506005,"141,003",100% bearish,of 1 rating,N/A
HA,$25.72,1439831506032,"369,035",67% bullish,of 9 ratings,$27
HAS,$80.64,1439831506096,"157,125",63% bullish,of 8 ratings,$84.50
HWKN,$37.785,1439831506122,"4,512",Not yet rated,NULL,N/A
HWBK,NULL,1439831506289,0,100% bearish,of 1 rating,N/A
HAYN,$40.83,1439831506394,"21,339",100% bearish,of 1 rating,$59
HDS,$34.6,1439831506527,"301,137",100% bearish,of 2 ratings,$39.50
HIIQ,$4.79,1439831506555,"21,423",50% bullish,of 2 ratings,$7
HSTM,$25.81,1439831506586,"31,077",50% bullish,of 2 ratings,$33.75
HCSG,$34.9,1439831506607,"39,509",50% bullish,of 4 ratings,$35
HQY,$33.88,1439831506629,"87,856",67% bullish,of 3 ratings,$31
HWAY,$12.49,1439831506828,"61,069",100% bearish,of 1 rating,$15
HTLD,$21.37,1439831506938,"60,393",Not yet rated,NULL,$22.50
HTBX,$5.69,1439831507043,"10,606",50% bullish,of 2 ratings,$15.50
HTLF,$37.68,1439831507068,"9,817",100% bullish,of 1 rating,$39.50
HTWR,$89.82,1439831507095,"71,855",50% bullish,of 2 ratings,$103
HSII,$20.5,1439831507226,"25,720",100% bullish,of 3 ratings,$25
HMNY,NULL,1439831507256,0,100% bearish,of 1 rating,N/A
HELE,$91.4,1439831507288,"24,362",67% bearish,of 3 ratings,$100
HMTV,$13.52,1439831507365,"1,241",100% bearish,of 1 rating,$16
HCACU,NULL,1439831507393,0,Not yet rated,NULL,N/A
HSIC,$145.59,1439831507524,"107,961",83% bullish,of 6 ratings,$146
HNNA,$23.21,1439831507555,200,Not yet rated,NULL,N/A
HTBK,$11.15,1439831507620,"10,400",Not yet rated,NULL,$12
HERO,$0.0748,1439831507651,"923,960",81% bullish,of 16 ratings,$.75
HEOP,$8,1439831507845,"8,304",Not yet rated,NULL,$8.50
HFWA,$18.36,1439831507933,"4,010",100% bullish,of 1 rating,$20
HCCI,$13.21,1439831507981,"10,350",100% bearish,of 1 rating,$16.50
MLHR,$29.25,1439831508018,"76,632",100% bullish,of 1 rating,$33.50
HSKA,$34.96,1439831508179,"13,409",100% bearish,of 1 rating,$38
HRTX,$31.74,1439831508209,"115,232",67% bullish,of 6 ratings,$41
HFFC,$16.51,1439831508234,302,Not yet rated,NULL,N/A
HPJ,$2.7631,1439831508271,"6,026",75% bullish,of 4 ratings,$12.43
HIBB,$41.19,1439831508339,"42,492",100% bearish,of 1 rating,$48.50
HIHO,$4.01,1439831508529,"10,757",Not yet rated,NULL,N/A
HIMX,$6.87,1439831508560,"354,431",85% bullish,of 20 ratings,$8.50
HIFS,$118.02,1439831508581,304,Not yet rated,NULL,N/A
HSGX,$6.81,1439831508617,"6,299",100% bearish,of 1 rating,$17
HMNF,$11.5,1439831508713,20,Not yet rated,NULL,N/A
HOLI,$18.53,1439831508745,"233,599",50% bullish,of 4 ratings,$27
HMSY,$9.695,1439831508911,"471,198",67% bullish,of 3 ratings,$19.35
HOLX,$42.71,1439831509014,"799,752",67% bullish,of 3 ratings,$42
HOMB,$41.19,1439831509042,"86,437",Not yet rated,NULL,$41
HBCP,NULL,1439831509072,0,Not yet rated,NULL,$29
HFBL,NULL,1439831509142,0,Not yet rated,NULL,N/A
AWAY,$30.939,1439831509175,"122,383",67% bullish,of 3 ratings,$36
HMIN,$29.77,1439831509310,"24,262",100% bearish,of 2 ratings,$35
HMST,$22.135,1439831509336,"10,240",100% bullish,of 2 ratings,$27
HKTV,$5.23,1439831509494,968,100% bearish,of 1 rating,N/A
HFBC,$11.71,1439831509567,"1,102",Not yet rated,NULL,N/A
HOFT,$25.43,1439831509604,"10,457",100% bearish,of 1 rating,N/A
HTBI,$18.697,1439831509625,"15,102",67% bullish,of 3 ratings,$18.625
HBNC,$24.71,1439831509701,"4,945",100% bullish,of 1 rating,$27
CETC,$1,1439831509730,"56,952",86% bullish,of 7 ratings,N/A
HZNP,$31.55,1439831509830,"770,131",85% bullish,of 20 ratings,$40
HRZN,$11.25,1439831509927,"12,026",100% bearish,of 1 rating,$14.25
ZINC,$8.78,1439831510075,"98,371",100% bearish,of 1 rating,$17
HDP,$26,1439831510101,"143,817",67% bearish,of 3 ratings,$30.50
HWCC,$7.27,1439831510234,"46,554",100% bearish,of 1 rating,$9
HMHC,$23.63,1439831510299,"94,503",Not yet rated,NULL,$27
HOVNP,$5.1501,1439831510326,"1,202",100% bearish,of 1 rating,N/A
HSNI,$63.31,1439831510364,"124,754",Not yet rated,NULL,$80
HBMD,$14.88,1439831510571,100,100% bearish,of 1 rating,N/A
HUBG,$41.65,1439831510600,"22,883",100% bearish,of 1 rating,$43
HCBK,$10.345,1439831510627,"286,735",83% bullish,of 6 ratings,$8.61
HTGM,$5.97,1439831510660,"12,227",100% bearish,of 1 rating,$19.50
HBAN,$11.825,1439831510757,"3,008,533",76% bullish,of 17 ratings,$12.50
HSON,$2.9,1439831510788,"30,584",100% bearish,of 1 rating,$5
HDSN,$3.18,1439831510851,"8,000",100% bullish,of 1 rating,$6.25
HURC,$31.02,1439831510885,"5,957",100% bearish,of 1 rating,N/A
HBANP,$1357,1439831511115,40,100% bearish,of 1 rating,N/A
HBP,$3.2,1439831511152,"19,399",100% bullish,of 1 rating,N/A
HURN,$75.73,1439831511221,"40,302",50% bullish,of 2 ratings,$80
HTCH,$1.66,1439831511247,"15,138",100% bearish,of 1 rating,$3.50
HDRA,NULL,1439831511403,0,Not yet rated,NULL,N/A
HDRAW,NULL,1439831511431,0,Not yet rated,NULL,N/A
HDRAR,NULL,1439831511459,0,Not yet rated,NULL,N/A
HDRAU,NULL,1439831511514,0,Not yet rated,NULL,N/A
IDSY,$4.08,1439831511590,"1,475",100% bearish,of 1 rating,$7
HYGS,$7.7,1439831511649,"13,068",50% bullish,of 2 ratings,$13
IKGH,$1.67,1439831511827,"22,196",75% bullish,of 4 ratings,N/A
IBKC,$63.95,1439831511855,"32,108",100% bullish,of 1 rating,$70
IEP,$73.54,1439831511896,"64,771",75% bullish,of 4 ratings,$99
IACI,$74.925,1439831512047,"128,574",75% bullish,of 4 ratings,$90
ICFI,$35.69,1439831512072,"13,116",50% bullish,of 2 ratings,$48.50
ICAD,$3.51,1439831512131,"10,106",50% bullish,of 2 ratings,$7.25
ICON,$13.735,1439831512213,"249,832",50% bullish,of 2 ratings,$18.50
ICUI,$122.04,1439831512262,"34,237",Not yet rated,NULL,$122
ICLR,$79.7,1439831512351,"1,058,111",100% bearish,of 3 ratings,$82
IDRA,$2.7159,1439831512399,"471,257",89% bullish,of 9 ratings,$6.50
IPWR,$7.81,1439831512431,"1,445",100% bullish,of 1 rating,$15
INVE,$4.52,1439831512538,"96,087",75% bullish,of 4 ratings,$4
IDXX,$78.4,1439831512598,"104,450",100% bearish,of 1 rating,$77
IROQ,$16.5,1439831512627,"1,034",100% bullish,of 1 rating,N/A
DSKY,$12.47,1439831512724,"62,177",67% bullish,of 6 ratings,$11.50
RXDX,$13.86,1439831512827,"75,322",100% bullish,of 1 rating,$20
IRG,$4.58,1439831512898,"2,000",100% bearish,of 1 rating,$4.50
IIVI,$17.79,1439831513035,"54,537",100% bearish,of 1 rating,$22
IKNX,$11.4,1439831513098,970,100% bearish,of 1 rating,N/A
IKAN,$2.73,1439831513133,"11,151",83% bullish,of 6 ratings,$5
ILMN,$208.605,1439831513203,"200,380",80% bullish,of 5 ratings,$240
KANG,$16.735,1439831513231,"52,124",50% bullish,of 2 ratings,$22.55
ISNS,$4.17,1439831513252,"6,600",50% bullish,of 2 ratings,N/A
IMMR,$12.56,1439831513285,"25,595",80% bullish,of 5 ratings,$15.50
IMDZ,$16.815,1439831513538,"20,721",100% bearish,of 1 rating,$33
ICCC,$8.9018,1439831513564,"5,222",100% bullish,of 1 rating,N/A
IPXL,$45.985,1439831513627,"187,269",67% bullish,of 3 ratings,$46.50
IMNP,$1.6199,1439831513730,"57,154",50% bullish,of 2 ratings,$6
IMGN,$14.14,1439831513835,"344,351",75% bullish,of 4 ratings,$17.50
IMMU,$1.84,1439831513880,"111,295",86% bullish,of 7 ratings,$2
INCY,$106.66,1439831514036,"227,450",50% bullish,of 6 ratings,$125.50
INCR,$44.51,1439831514063,"234,620",50% bullish,of 2 ratings,$53
IBCP,$14.63,1439831514084,"15,611",100% bullish,of 1 rating,$14.50
IMMY,$7.66,1439831514117,"10,950",100% bearish,of 1 rating,$11
SAAS,$8.02,1439831514138,"186,734",50% bullish,of 2 ratings,$15
INDB,$49.02,1439831514319,"16,605",Not yet rated,NULL,$44
IDSA,$3.743,1439831514425,"8,799",Not yet rated,NULL,N/A
INFI,$9.535,1439831514495,"146,662",50% bullish,of 4 ratings,$18
INFN,$24.47,1439831514530,"614,790",71% bullish,of 7 ratings,$27.50
IBTX,$43.83,1439831514558,"4,408",100% bullish,of 2 ratings,$47.25
III,$4.2,1439831514855,"12,728",57% bullish,of 7 ratings,$6
INWK,$7.84,1439831514914,"25,994",50% bullish,of 2 ratings,$10
IFON,$1.3899,1439831514986,"66,713",75% bullish,of 4 ratings,N/A
IPCC,$78.6,1439831515119,"9,207",Not yet rated,NULL,$77
IPHS,$51.71,1439831515147,"42,902",100% bearish,of 1 rating,$60
INOD,$2.5425,1439831515183,"1,465",100% bearish,of 1 rating,N/A
IMKTA,$55.57,1439831515213,"36,446",100% bearish,of 1 rating,N/A
INNL,$11.96,1439831515285,"1,400",100% bearish,of 1 rating,$16.50
IOSP,$46.62,1439831515320,"22,762",100% bearish,of 1 rating,N/A
INGN,$51.05,1439831515417,"173,346",100% bearish,of 1 rating,$50.50
ISSC,$3,1439831515481,"3,300",67% bearish,of 3 ratings,N/A
INOV,$21.2,1439831515769,"58,408",100% bearish,of 1 rating,$33
INSM,$26.95,1439831515799,"93,493",71% bullish,of 7 ratings,$32
ISIG,$2.69,1439831515832,600,100% bearish,of 1 rating,N/A
ITEK,$15.23,1439831515868,"942,700",67% bearish,of 3 ratings,$20
NSIT,$26.74,1439831515901,"24,355",50% bullish,of 2 ratings,N/A
INO,$7.83,1439831516031,"443,568",89% bullish,of 18 ratings,$20
IIIN,$17.91,1439831516114,904,100% bearish,of 2 ratings,N/A
PODD,$30.58,1439831516160,"195,683",50% bullish,of 2 ratings,$35
INSY,$35.34,1439831516249,"271,124",75% bullish,of 4 ratings,$48
IART,$62.35,1439831516280,"66,299",100% bearish,of 1 rating,$71.50
NTEC,$6.05,1439831516382,"8,905",Not yet rated,NULL,N/A
IDTI,$19.39,1439831516464,"329,118",60% bullish,of 5 ratings,$25
IESC,$7.23,1439831516564,"4,466",100% bearish,of 1 rating,N/A
INTC,$29.115,1439831516590,"5,029,890",82% bullish,of 238 ratings,$36
ISSI,$22.4,1439831516625,"63,952",67% bullish,of 3 ratings,$19.75
IQNT,$17.77,1439831516788,"37,728",86% bullish,of 7 ratings,$20
IPAR,$28.64,1439831516817,"47,117",67% bullish,of 3 ratings,$38
IPCI,$2.3,1439831516859,"41,054",67% bullish,of 6 ratings,$7.75
ININ,$40.28,1439831516990,"7,601",67% bearish,of 3 ratings,$57
ICLD,$2,1439831517019,"1,117,225",75% bullish,of 4 ratings,N/A
ICPT,$212.71,1439831517041,"50,168",70% bullish,of 10 ratings,$363
IBKR,$42.3399,1439831517072,"94,213",100% bullish,of 1 rating,N/A
ICLDW,$1.06,1439831517202,1,100% bearish,of 1 rating,N/A
IDCC,$50.145,1439831517269,"74,988",75% bullish,of 4 ratings,$63
TILE,$25.95,1439831517372,"260,579",67% bearish,of 3 ratings,$27
IMI,$2.07,1439831517470,"8,057",67% bullish,of 3 ratings,$2.22
IBOC,$27.69,1439831517614,"24,396",100% bearish,of 1 rating,N/A
INAP,$8.88,1439831517720,"17,542",75% bullish,of 4 ratings,$11
PTNT,$3.06,1439831517778,300,Not yet rated,NULL,N/A
IGLD,$7.73,1439831517805,"3,300",50% bullish,of 2 ratings,N/A
ISCA,$33.7375,1439831517850,"15,214",100% bearish,of 1 rating,N/A
XENT,$28.63,1439831517878,"32,962",50% bullish,of 2 ratings,$36.50
IIJI,NULL,1439831517905,0,50% bullish,of 2 ratings,$11.50
INPH,$0.3363,1439831518100,"4,452",50% bullish,of 2 ratings,N/A
ISIL,$11.02,1439831518125,"92,674",50% bullish,of 6 ratings,$15
IILG,$21.48,1439831518167,"14,292",100% bearish,of 1 rating,$30.50
INTX,$2.51,1439831518310,"19,473",67% bullish,of 3 ratings,N/A
INTL,$28.94,1439831518338,"19,224",67% bearish,of 3 ratings,N/A
IVAC,$5.14,1439831518369,"4,434",Not yet rated,NULL,$6.625
INTLL,$25.7,1439831518472,"1,500",Not yet rated,NULL,N/A
IIN,NULL,1439831518602,0,100% bearish,of 1 rating,$12
INTU,$105.52,1439831518658,"176,159",100% bullish,of 7 ratings,$107.50
ITCI,$30.98,1439831518731,"225,287",75% bearish,of 4 ratings,$40
SNAK,$8.83,1439831518759,"19,711",50% bullish,of 2 ratings,$14
INVT,$0.3,1439831518900,"51,296",67% bullish,of 3 ratings,N/A
ISBC,$12.39,1439831518954,"404,428",100% bullish,of 1 rating,$13.25
ISTR,$15.8999,1439831519086,629,100% bearish,of 1 rating,$18.50
ITIC,$71.18,1439831519123,48,100% bearish,of 2 ratings,N/A
ISRG,$531.07,1439831519221,"36,064",67% bullish,of 3 ratings,$600
IVTY,$11.63,1439831519252,"5,700",Not yet rated,NULL,$18
NVIV,$12.41,1439831519273,"93,018",50% bullish,of 4 ratings,$24.50
IPAS,$1.07,1439831519414,"11,166",67% bullish,of 3 ratings,N/A
DTUL,NULL,1439831519442,0,Not yet rated,NULL,N/A
IPGP,$91.925,1439831519666,"54,018",100% bearish,of 2 ratings,$109.50
DFVL,NULL,1439831519692,0,Not yet rated,NULL,N/A
IPCM,$79.4,1439831519749,"36,642",50% bullish,of 2 ratings,$80.125
IRMD,$26.21,1439831519820,"5,688",67% bearish,of 3 ratings,$25
IRIX,$6.9626,1439831519846,"2,826",100% bearish,of 1 rating,N/A
IRDMB,NULL,1439831519907,0,67% bearish,of 3 ratings,N/A
IRDM,$7.02,1439831519975,"118,144",60% bullish,of 5 ratings,$11.50
IRCP,NULL,1439831520074,0,100% bullish,of 2 ratings,N/A
IRWD,$11.67,1439831520102,"380,450",100% bearish,of 1 rating,$13
IRBT,$31.47,1439831520134,"50,300",67% bullish,of 6 ratings,$37
GNMA,$49.9001,1439831520234,"2,930",Not yet rated,NULL,N/A
IFAS,$29.05,1439831520294,200,Not yet rated,NULL,N/A
FCHI,$50.4573,1439831520320,250,Not yet rated,NULL,N/A
COMT,$33.6001,1439831520345,"1,205",100% bearish,of 1 rating,N/A
IFGL,$30.1001,1439831520625,"73,758",Not yet rated,NULL,N/A
IFEU,$40.4499,1439831520654,"6,568",Not yet rated,NULL,N/A
IFNA,NULL,1439831520759,0,Not yet rated,NULL,N/A
ACWX,$43.145,1439831520804,"280,186",100% bearish,of 1 rating,N/A
AAXJ,$56.4,1439831520975,"181,589",Not yet rated,NULL,N/A
AXJS,NULL,1439831521345,0,Not yet rated,NULL,N/A
ACWI,$59.3,1439831521370,"181,745",Not yet rated,NULL,N/A
AAIT,$30.622,1439831521585,200,100% bullish,of 1 rating,N/A
EEMA,$53.2484,1439831521659,"10,193",Not yet rated,NULL,N/A
EMDI,NULL,1439831521800,0,Not yet rated,NULL,N/A
EEME,$40.2,1439831521934,"2,920",100% bearish,of 1 rating,N/A
EMEY,$25.71,1439831521964,214,Not yet rated,NULL,N/A
EEML,$28.885,1439831522067,556,Not yet rated,NULL,N/A
EGRW,$49.7489,1439831522139,"3,904",Not yet rated,NULL,N/A
EUFN,$23.2248,1439831522169,"77,643",100% bearish,of 1 rating,N/A
EVAL,$37.1,1439831522196,335,Not yet rated,NULL,N/A
QAT,$22.05,1439831522269,"1,300",Not yet rated,NULL,N/A
IEUS,$47.35,1439831522323,"4,274",100% bearish,of 1 rating,N/A
UAE,$19.3332,1439831522350,850,Not yet rated,NULL,N/A
EMIF,$30.34,1439831522558,"2,375",Not yet rated,NULL,N/A
IBB,$368.6086,1439831522589,"323,373",63% bullish,of 8 ratings,N/A
ICLN,$10.25,1439831522626,"31,141",50% bullish,of 2 ratings,N/A
SOXX,$86.11,1439831522700,"98,669",50% bullish,of 2 ratings,N/A
WOOD,$51.4,1439831522802,"2,943",50% bullish,of 2 ratings,N/A
INDY,$29.675,1439831522870,"205,067",100% bullish,of 1 rating,N/A
ISHG,$78.7699,1439831522903,484,100% bearish,of 1 rating,N/A
ISIS,$51.0426,1439831523049,"278,951",53% bullish,of 15 ratings,$67
IGOV,$90.1912,1439831523108,"2,945",100% bearish,of 1 rating,N/A
ISLE,$19.16,1439831523280,"86,833",50% bullish,of 4 ratings,$16
ITRI,$33.63,1439831523341,"36,033",Not yet rated,NULL,$37
ISRL,NULL,1439831523410,0,100% bearish,of 1 rating,N/A
ITRN,$25.84,1439831523437,"5,583",50% bullish,of 2 ratings,N/A
ITUS,$3.99,1439831523469,"1,013",Not yet rated,NULL,N/A
XXIA,$15.68,1439831523570,"128,710",71% bullish,of 7 ratings,$14.625
IXYS,$11.11,1439831523612,"26,434",50% bullish,of 4 ratings,N/A
JJSF,$118.52,1439831523700,"8,009",100% bearish,of 1 rating,N/A
JCOM,$73.75,1439831523859,"70,392",100% bullish,of 2 ratings,$77
JBHT,$80.29,1439831523927,"94,912",50% bullish,of 4 ratings,$89.50
JASO,$8.2838,1439831523988,"665,018",82% bullish,of 17 ratings,$10
MAYS,NULL,1439831524131,0,Not yet rated,NULL,N/A
JACK,$87.78,1439831524160,"59,678",83% bullish,of 6 ratings,$105
JXSB,NULL,1439831524201,0,Not yet rated,NULL,N/A
JKHY,$71.46,1439831524231,"72,141",50% bullish,of 2 ratings,$72
JAXB,NULL,1439831524265,0,100% bullish,of 1 rating,N/A
JAGX,$2.883,1439831524333,800,Not yet rated,NULL,N/A
JAKK,$9.83,1439831524466,"86,780",60% bearish,of 5 ratings,$10.50
ERW,$51.83,1439831524695,20,Not yet rated,NULL,N/A
JASN,$5.3,1439831524765,"15,340",50% bullish,of 2 ratings,$9.50
JMBA,$14.06,1439831524794,"63,241",75% bullish,of 4 ratings,$18
JRVR,$27.265,1439831524816,"6,214",Not yet rated,NULL,$27
JAZZ,$186.39,1439831524850,"42,555",80% bullish,of 15 ratings,$206.50
JASNW,$0.3985,1439831524871,"3,050",50% bullish,of 2 ratings,N/A
JBLU,$24.385,1439831525077,"2,215,708",94% bullish,of 16 ratings,$27
DATE,$6.54,1439831525217,"53,452",75% bullish,of 4 ratings,$9
JCTCF,NULL,1439831525321,0,100% bullish,of 1 rating,N/A
JTPY,$3,1439831525351,317,100% bearish,of 1 rating,N/A
JD,$27.6,1439831525384,"3,225,432",75% bullish,of 16 ratings,$36
JST,$4.4,1439831525456,"8,662",75% bullish,of 4 ratings,N/A
JIVE,$4.13,1439831525481,"99,784",75% bullish,of 4 ratings,$5
WYIGU,$10.05,1439831525616,200,Not yet rated,NULL,N/A
JOEZ,$0.194,1439831525695,"105,104",92% bullish,of 12 ratings,N/A
JOUT,$25.3,1439831525773,"3,966",100% bearish,of 1 rating,$34
JBSS,$47.98,1439831525800,"17,677",67% bearish,of 3 ratings,N/A
JNP,$9.91,1439831525831,"11,712",100% bullish,of 3 ratings,$15
JUNO,$41.676,1439831525882,"571,181",73% bullish,of 11 ratings,$70
KTWO,$21.44,1439831525937,"11,929",100% bearish,of 1 rating,$28.50
KALU,$86.03,1439831526085,"29,617",67% bearish,of 3 ratings,$91
KBIO,$2.04,1439831526119,"8,187",50% bullish,of 4 ratings,N/A
KMDA,$3.91,1439831526278,"1,300",50% bullish,of 2 ratings,$8
KNDI,$7,1439831526410,"107,449",86% bullish,of 22 ratings,N/A
KCLI,$47.83,1439831526565,"4,527",Not yet rated,NULL,N/A
KCAP,$4.944,1439831526595,"31,737",75% bullish,of 4 ratings,$6.75
KPTI,$14.095,1439831526633,"422,215",67% bearish,of 3 ratings,$41
KELYA,$14.78,1439831526661,"22,264",67% bullish,of 6 ratings,$20
KRNY,$11.758,1439831526700,"492,190",100% bearish,of 1 rating,$12
KBSF,$4.15,1439831526733,"8,550",100% bullish,of 1 rating,N/A
KELYB,NULL,1439831526841,0,50% bullish,of 2 ratings,N/A
KMPH,$23.54,1439831526901,"117,992",100% bearish,of 2 ratings,$22
KERX,$6.4,1439831527123,"484,763",82% bullish,of 11 ratings,$12
GMCR,$50.8,1439831527162,"525,009",71% bullish,of 42 ratings,$64
KEQU,$16.92,1439831527188,400,100% bullish,of 1 rating,N/A
KFFB,$8.34,1439831527225,"2,984",100% bearish,of 1 rating,N/A
KTEC,NULL,1439831527368,0,Not yet rated,NULL,N/A
KTCC,$10.42,1439831527398,"7,272",100% bearish,of 1 rating,$15
