Symbol,Price,Date,Volume,Rating,RatingVoteCount,OneYearEstimate
TFSCR,NULL,1440187802436,0,Not yet rated,NULL,N/A
PIH,$7.2,1440187802466,"15,400",100% bearish,of 1 rating,N/A
FLWS,$9.36,1440187802495,"219,624",100% bullish,of 5 ratings,$15
TFSCU,NULL,1440187802520,0,Not yet rated,NULL,N/A
FCTY,$7.63,1440187802552,200,100% bullish,of 1 rating,$8.50
TFSC,NULL,1440187802572,0,100% bearish,of 1 rating,N/A
TFSCW,NULL,1440187802601,0,100% bearish,of 1 rating,N/A
SRCE,$30.03,1440187802627,"54,634",100% bullish,of 3 ratings,$33
TWOU,$33.9693,1440187802828,"669,737",50% bullish,of 2 ratings,$39
FCCY,$11.6,1440187802891,354,100% bullish,of 1 rating,$13
VNET,$19.27,1440187802919,"733,790",60% bullish,of 5 ratings,$29.50
JOBS,$25.35,1440187802956,"172,084",50% bullish,of 4 ratings,$36
UGLD,$9.94,1440187802983,"251,649",100% bearish,of 1 rating,N/A
USLV,$14.59,1440187803005,"218,982",86% bullish,of 7 ratings,N/A
DGLD,$76.08,1440187803026,"21,135",100% bullish,of 1 rating,N/A
DSLV,$61.29,1440187803158,"18,785",100% bearish,of 1 rating,N/A
SIXD,$1.47,1440187803383,"250,142",Not yet rated,NULL,N/A
CAFD,$15.52,1440187803483,"330,925",Not yet rated,NULL,$25
ABGB,$4.09,1440187803510,"34,916",67% bullish,of 3 ratings,$5.50
ABY,$19.8881,1440187803578,"1,098,189",100% bearish,of 2 ratings,$46
EGHT,$8.215,1440187803643,"432,296",82% bullish,of 17 ratings,$11
AAON,$21.67,1440187803686,"161,713",100% bearish,of 1 rating,$24
ABAX,$47.5638,1440187803712,"137,935",100% bearish,of 1 rating,$60
AVHI,$13.95,1440187803740,"37,391",100% bearish,of 1 rating,$19
SHLM,$34.067,1440187803787,"121,293",100% bearish,of 1 rating,$50
ABEO,$4.83,1440187803892,"140,421",67% bullish,of 3 ratings,$15.50
ABMD,$97.1285,1440187803933,"827,788",75% bullish,of 4 ratings,$100.50
ACTG,$8.87,1440187804028,"320,992",67% bullish,of 3 ratings,$18.50
ABEOW,$1.76,1440187804057,"2,525",100% bullish,of 1 rating,N/A
AXAS,$1.56,1440187804109,"856,475",78% bullish,of 9 ratings,$3.50
ACHC,$73.9063,1440187804239,"813,917",50% bullish,of 2 ratings,$92
ACST,$0.361,1440187804397,"68,223",100% bullish,of 2 ratings,N/A
ACAD,$35.6821,1440187804532,"915,208",80% bullish,of 20 ratings,$48
AXDX,$17.93,1440187804561,"219,869",100% bearish,of 1 rating,N/A
ANCX,$18.76,1440187804592,"31,525",Not yet rated,NULL,$19
ACRX,$4.05,1440187804623,"360,043",67% bearish,of 6 ratings,$5.50
XLRN,$28.36,1440187804647,"109,902",50% bullish,of 2 ratings,$57
VXDN,$7.9,1440187804678,"38,791",Not yet rated,NULL,N/A
VXUP,$23.51,1440187804705,"45,656",Not yet rated,NULL,N/A
ARAY,$6.6,1440187804947,"3,370,456",100% bearish,of 1 rating,$10.50
AKAO,$6.89,1440187804974,"55,600",75% bullish,of 4 ratings,$15
ACET,$24.41,1440187805000,"125,762",75% bullish,of 4 ratings,$30
ACIW,$21.89,1440187805046,"525,925",50% bullish,of 2 ratings,$24
ACHN,$7.9,1440187805072,"1,729,631",90% bullish,of 21 ratings,$16
ACOR,$29.9637,1440187805223,"617,000",67% bearish,of 3 ratings,$38.50
ATVI,$27.4586,1440187805358,"5,098,053",68% bullish,of 84 ratings,$31.50
ACTS,$1.3,1440187805387,"51,585",100% bearish,of 1 rating,N/A
ACNB,$20.33,1440187805414,"1,076",Not yet rated,NULL,N/A
ACUR,$0.6182,1440187805445,"65,134",100% bullish,of 5 ratings,$1
ACTA,$13.89,1440187805519,"111,493",67% bearish,of 3 ratings,$25
ACPW,$1.76,1440187805581,"65,137",100% bullish,of 4 ratings,$3.50
ACXM,$20.13,1440187805608,"346,015",67% bullish,of 3 ratings,N/A
ADMS,$20.07,1440187805639,"78,389",100% bearish,of 2 ratings,$36
ADMP,$3.65,1440187805774,"21,417",50% bullish,of 2 ratings,$10
ADAP,$12.53,1440187805801,"216,853",67% bullish,of 3 ratings,$22
ADEP,$6.75,1440187806051,"33,889",50% bullish,of 2 ratings,$10.75
ADUS,$29.83,1440187806082,"59,552",100% bearish,of 1 rating,$31
ADBE,$80.096,1440187806109,"4,231,535",65% bullish,of 17 ratings,$90
AEY,$2.29,1440187806153,"39,023",100% bearish,of 2 ratings,N/A
ADMA,$9.3,1440187806185,"3,500",Not yet rated,NULL,$19
ADRO,$19.44,1440187806245,"251,767",80% bullish,of 5 ratings,$45.50
AMD,$1.76,1440187806285,"7,887,967",83% bullish,of 103 ratings,$2
AEIS,$25.055,1440187806422,"196,879",50% bullish,of 2 ratings,$32.50
ADXS,$14.5,1440187806449,"915,794",64% bullish,of 14 ratings,$27
ADXSW,$10.15,1440187806477,"5,206",100% bullish,of 1 rating,N/A
ADTN,$15.5683,1440187806504,"340,690",67% bullish,of 3 ratings,$17.125
MULT,NULL,1440187806644,0,100% bearish,of 1 rating,N/A
AEGR,$18.2764,1440187806672,"384,249",50% bullish,of 6 ratings,$26
YPRO,$23.29,1440187806709,"4,120",100% bearish,of 1 rating,N/A
AEHR,$2.24,1440187806870,"7,972",50% bullish,of 2 ratings,N/A
AEGN,$18.2491,1440187806898,"168,690",100% bearish,of 1 rating,$21
AMTX,$3.09,1440187806975,"17,221",50% bullish,of 2 ratings,$26.11
AEPI,$57.13,1440187807037,"21,790",100% bearish,of 1 rating,N/A
AVAV,$24.38,1440187807107,"141,380",50% bullish,of 4 ratings,$31
AERI,$15.9817,1440187807135,"355,190",75% bullish,of 4 ratings,$31.50
AEZS,$0.1011,1440187807165,"5,367,874",90% bullish,of 21 ratings,$1.50
AFMD,$9.78,1440187807192,"173,434",50% bullish,of 4 ratings,$15
AEMD,$7.22,1440187807273,"187,619",Not yet rated,NULL,$27.50
AGEN,$7.04,1440187807404,"925,736",85% bullish,of 13 ratings,$14
AFFX,$9.4334,1440187807459,"580,831",80% bullish,of 5 ratings,$12
AGRX,$8.17,1440187807489,"49,507",100% bearish,of 1 rating,$17.50
AGYS,$9.63,1440187807517,"32,249",100% bearish,of 1 rating,N/A
AGIO,$85.7271,1440187807544,"509,130",88% bullish,of 8 ratings,$114
AGFS,$9.77,1440187807686,"73,006",100% bearish,of 1 rating,N/A
AGFSW,$1.79,1440187807825,"28,997",100% bearish,of 2 ratings,N/A
AIMT,$21.1,1440187807956,"120,787",Not yet rated,NULL,N/A
AIRM,$36.55,1440187807986,"284,008",80% bearish,of 5 ratings,$53
ATSG,$9.1,1440187808091,"262,655",67% bullish,of 3 ratings,$13
AKAM,$68.3,1440187808223,"1,554,771",63% bullish,of 8 ratings,$77
AMCN,$4.9,1440187808253,"424,894",83% bullish,of 6 ratings,N/A
AIRT,$22.94,1440187808283,51,100% bullish,of 1 rating,N/A
AIXG,$5.87,1440187808313,"33,877",67% bearish,of 3 ratings,$5.25
AKRX,$40.2962,1440187808386,"928,309",78% bullish,of 9 ratings,$56
AKBA,$6.65,1440187808418,"180,762",100% bearish,of 1 rating,$18
AKER,$2.62,1440187808449,"93,096",Not yet rated,NULL,N/A
ALSK,$2.11,1440187808558,"112,029",78% bullish,of 18 ratings,$2
ABDC,$12.7,1440187808624,"21,785",Not yet rated,NULL,$15
AMRI,$19.7399,1440187808655,"243,743",75% bearish,of 4 ratings,$24
ALRM,$16.46,1440187808689,"358,434",100% bearish,of 1 rating,$22
ADHD,$8.31,1440187808787,"220,062",50% bullish,of 4 ratings,$18
ALDX,$7.62,1440187809080,"6,759",100% bearish,of 1 rating,$14.50
ALXA,$1.07,1440187809106,"26,737",83% bullish,of 6 ratings,$2.125
ALCO,$42.36,1440187809139,"23,963",50% bullish,of 2 ratings,N/A
ALDR,$36.9315,1440187809163,"467,944",67% bearish,of 3 ratings,$62
ALXN,$174.7333,1440187809185,"1,526,999",88% bullish,of 8 ratings,$223
ALGN,$56.5008,1440187809223,"421,572",100% bearish,of 2 ratings,$73
ALKS,$60.02,1440187809253,"701,926",67% bullish,of 3 ratings,$75
ALIM,$3.14,1440187809330,"166,483",80% bullish,of 5 ratings,$10
ALLB,$23.48,1440187809533,"1,820",Not yet rated,NULL,N/A
AIQ,$14.7,1440187809562,"29,690",67% bullish,of 3 ratings,N/A
AFOP,$17.47,1440187809587,"138,177",75% bullish,of 8 ratings,$21
ALGT,$216.198,1440187809613,"163,395",100% bearish,of 1 rating,$235
AHGP,$36.6344,1440187809639,"31,919",67% bullish,of 3 ratings,N/A
ARLP,$24.62,1440187809796,"151,719",67% bearish,of 3 ratings,$32
AHPI,$1.46,1440187809983,435,50% bullish,of 2 ratings,N/A
ALQA,$4.43,1440187810012,"36,237",75% bullish,of 4 ratings,$8.50
ALLT,$5.04,1440187810072,"71,089",75% bullish,of 4 ratings,$6.25
AFAM,$46.8634,1440187810104,"72,154",50% bullish,of 2 ratings,$44
AMOT,$17.09,1440187810133,"80,052",100% bearish,of 1 rating,N/A
ALNY,$99.9399,1440187810179,"411,667",67% bullish,of 3 ratings,$148.50
AOSL,$7.21,1440187810207,"60,013",67% bullish,of 3 ratings,$9
MDRX,$13.5322,1440187810237,"1,221,083",60% bullish,of 5 ratings,$16
SMCP,$22.56,1440187810550,"1,500",Not yet rated,NULL,N/A
ATEC,$0.5768,1440187810613,"46,618",100% bullish,of 1 rating,$2
ASPS,$29.1466,1440187810644,"200,775",67% bullish,of 3 ratings,$46.50
AMAG,$60.004,1440187810678,"474,630",100% bullish,of 2 ratings,$77.50
AMRN,$2.03,1440187810746,"741,425",85% bullish,of 39 ratings,$8
ALTR,$48.113,1440187810772,"2,889,410",80% bearish,of 5 ratings,$54
AIMC,$25.28,1440187810798,"90,988",100% bearish,of 1 rating,$28.50
AMRK,$10.57,1440187810938,"4,627",50% bullish,of 2 ratings,$14
AMZN,$495.2,1440187810971,"3,692,673",81% bullish,of 263 ratings,$646
AYA,$21.62,1440187811046,"63,923",100% bearish,of 1 rating,$40
AMBC,$15.6,1440187811081,"243,483",100% bearish,of 1 rating,$16.50
AMBA,$89.4822,1440187811110,"5,035,451",83% bullish,of 12 ratings,$102.50
EPAX,$2.69,1440187811182,"74,357",100% bearish,of 1 rating,N/A
AMBCW,$7.0532,1440187811209,"1,178",100% bearish,of 1 rating,N/A
DOX,$58.0782,1440187811347,"277,303",50% bullish,of 2 ratings,$60
AMCX,$67.884,1440187811374,"686,771",67% bullish,of 3 ratings,$85.50
AMDA,$0.463,1440187811456,"1,233,767",90% bullish,of 10 ratings,$1
AMED,$40.5,1440187811533,"288,822",100% bearish,of 1 rating,$42
UHAL,$363.52,1440187811635,"14,879",100% bullish,of 2 ratings,$393.50
ASBI,$22.55,1440187811696,154,Not yet rated,NULL,N/A
ATAX,$5.22,1440187811722,"155,087",100% bullish,of 1 rating,$6.50
AAL,$39.79,1440187811765,"11,077,596",93% bullish,of 87 ratings,$57
AMOV,$17.65,1440187811795,"5,863",100% bearish,of 1 rating,N/A
AGNC,$19.53,1440187811857,"3,940,991",75% bullish,of 28 ratings,$22
AGNCB,$24.23,1440187812157,"21,668",Not yet rated,NULL,N/A
MTGE,$15.7,1440187812182,"400,212",75% bullish,of 4 ratings,$19.50
AGNCP,$25.34,1440187812315,"7,150",Not yet rated,NULL,N/A
ACSF,$12.225,1440187812341,"33,060",100% bearish,of 1 rating,$15
MTGEP,$24.12,1440187812387,"1,127",Not yet rated,NULL,N/A
ACAS,$13.7237,1440187812545,"1,555,708",60% bullish,of 5 ratings,$16.75
AETI,$4.28,1440187812643,2,67% bearish,of 3 ratings,N/A
ANCI,$1.59,1440187812702,"10,070",100% bearish,of 1 rating,N/A
AMIC,$10.21,1440187812746,16,Not yet rated,NULL,N/A
AMNB,$22.8,1440187812776,"17,290",Not yet rated,NULL,$25.50
APEI,$21.26,1440187812884,"129,667",100% bearish,of 1 rating,$25.50
ANAT,$100,1440187812914,"19,040",100% bullish,of 1 rating,N/A
ARII,$38.75,1440187812945,"183,423",67% bearish,of 3 ratings,$45
ASEI,$39.7492,1440187812986,"53,123",100% bearish,of 1 rating,$52.50
AMSWA,$9.06,1440187813081,"85,635",100% bearish,of 2 ratings,$10.75
AMRB,$10,1440187813115,"2,054",Not yet rated,NULL,$11
AMSC,$3.48,1440187813335,"36,442",50% bullish,of 4 ratings,N/A
AMWD,$68.2839,1440187813365,"271,520",50% bullish,of 2 ratings,$58
CRMT,$37.91,1440187813469,"120,133",100% bearish,of 1 rating,$49
ABCB,$27.64,1440187813528,"188,102",Not yet rated,NULL,$31
AMSF,$49.68,1440187813558,"105,772",Not yet rated,NULL,$57.50
ASRV,$3.27,1440187813622,840,100% bullish,of 2 ratings,N/A
ASRVP,NULL,1440187813657,0,Not yet rated,NULL,N/A
AMGN,$155.3297,1440187813790,"4,633,948",89% bullish,of 19 ratings,$185
ATLO,$23.31,1440187813824,"15,488",Not yet rated,NULL,N/A
FOLD,$14.0742,1440187813863,"2,607,967",56% bullish,of 9 ratings,$21
AMKR,$4.39,1440187813922,"1,539,958",100% bearish,of 2 ratings,$5
AMSG,$81.5734,1440187814001,"308,427",100% bearish,of 1 rating,$85.50
AMSGP,NULL,1440187814057,0,Not yet rated,NULL,N/A
AMPH,$13.79,1440187814084,"165,005",50% bullish,of 2 ratings,$20
AFSI,$58.44,1440187814358,"1,008,297",60% bullish,of 5 ratings,$72
AMRS,$1.63,1440187814386,"53,848",70% bullish,of 10 ratings,N/A
ASYS,$5.18,1440187814416,"35,518",67% bullish,of 3 ratings,$12
ANAD,$0.333,1440187814448,"132,364",100% bullish,of 2 ratings,$.50
ALOG,$83.13,1440187814474,"74,506",100% bearish,of 2 ratings,$100.50
ANAC,$130.127,1440187814516,"604,610",80% bullish,of 5 ratings,$180.50
ADI,$54.4202,1440187814606,"3,852,916",67% bullish,of 3 ratings,$69
ANCB,$22.3001,1440187814907,500,Not yet rated,NULL,$23
ABCW,$39.96,1440187814944,"10,020",67% bullish,of 3 ratings,N/A
ANGO,$14.71,1440187814994,"98,129",67% bullish,of 3 ratings,$19
ANGI,$4.64,1440187815041,"909,799",64% bullish,of 11 ratings,$5.50
ANIP,$49.3916,1440187815099,"246,896",89% bullish,of 19 ratings,$66
ANIK,$34.8974,1440187815231,"105,418",60% bullish,of 5 ratings,$51.25
AMCF,$0.26,1440187815259,"9,503",100% bullish,of 7 ratings,N/A
ANSS,$92.1558,1440187815291,"388,557",100% bearish,of 1 rating,$100
ATRS,$1.81,1440187815324,"530,155",92% bullish,of 12 ratings,$4.50
ANTH,$7.04,1440187815392,"1,782,077",80% bullish,of 10 ratings,$13
ABAC,$0.73,1440187815421,"36,221",100% bearish,of 1 rating,N/A
ATNY,$2.37,1440187815475,"2,775",50% bullish,of 2 ratings,$3.75
APOL,$10.9977,1440187815624,"985,204",87% bearish,of 68 ratings,$14
APOG,$51.6258,1440187815651,"210,629",100% bullish,of 1 rating,$67
APIC,$6.49,1440187815723,"180,465",100% bearish,of 1 rating,$19
AINV,$6.45,1440187815891,"1,104,163",50% bullish,of 4 ratings,$8
APPF,$16.92,1440187815923,"52,701",50% bullish,of 2 ratings,$22
ARCI,$1.33,1440187815950,"3,906",Not yet rated,NULL,N/A
AAPL,$106.57,1440187815976,"80,083,517",86% bullish,of 2336 ratings,$150
APDNW,$1.15,1440187816023,"2,800",Not yet rated,NULL,N/A
APDN,$3.22,1440187816155,"61,834",Not yet rated,NULL,$9
AGTC,$15.74,1440187816183,"119,478",50% bullish,of 2 ratings,$33
AMAT,$15.48,1440187816207,"12,755,806",82% bullish,of 11 ratings,$23
AMCC,$5.35,1440187816348,"958,556",80% bullish,of 5 ratings,$8
AREX,$2.02,1440187816429,"889,009",100% bearish,of 1 rating,$3
APTO,$5.09,1440187816455,"8,208",Not yet rated,NULL,$17
AAOI,$19.89,1440187816477,"282,925",50% bullish,of 4 ratings,$26
APRI,$1.33,1440187816622,"155,441",83% bullish,of 6 ratings,$4.86
AQMS,$5,1440187816683,"19,025",Not yet rated,NULL,N/A
AQXP,$18.21,1440187816818,"468,618",50% bullish,of 2 ratings,$2
AUMA,NULL,1440187816849,0,Not yet rated,NULL,N/A
AUMAU,$9.94,1440187816949,"1,200",Not yet rated,NULL,N/A
PETX,$17.4,1440187816982,"306,490",100% bearish,of 2 ratings,$26
AUMAW,NULL,1440187817004,0,Not yet rated,NULL,N/A
ABUS,$7.21,1440187817056,"502,243",86% bullish,of 14 ratings,$23
ARDM,$7.03,1440187817084,"4,708",100% bullish,of 1 rating,$26
ABIO,$0.9,1440187817326,"131,271",50% bullish,of 2 ratings,$3.75
ARCW,$3.48,1440187817391,"25,137",100% bearish,of 2 ratings,$10.50
ARCB,$29.4847,1440187817424,"206,383",50% bullish,of 2 ratings,$39.50
RKDA,$5.76,1440187817445,"18,996",100% bearish,of 2 ratings,$10
ACGL,$70.9891,1440187817523,"411,561",50% bullish,of 2 ratings,$72
ARDX,$17.41,1440187817828,"91,237",50% bullish,of 2 ratings,$24.50
ACAT,$26.9034,1440187817908,"257,119",100% bearish,of 3 ratings,$33
ARNA,$2.97,1440187818219,"4,113,908",90% bullish,of 77 ratings,$5.50
ARCC,$15.39,1440187818349,"1,613,201",67% bearish,of 3 ratings,$17.875
AGIIL,$25.45,1440187818425,"5,893",Not yet rated,NULL,N/A
AGII,$57.69,1440187818537,"139,681",Not yet rated,NULL,$59.50
ARGS,$6.17,1440187818602,"116,903",50% bullish,of 2 ratings,$19.50
ARIA,$6.63,1440187818635,"3,144,277",87% bullish,of 46 ratings,$9
ARIS,$3.3,1440187818663,"8,290",Not yet rated,NULL,$4.50
ARMH,$40.25,1440187818689,"1,326,414",54% bearish,of 13 ratings,$61
ARKR,$25.36,1440187818848,552,50% bullish,of 2 ratings,N/A
ARTX,$1.48,1440187818938,"86,252",88% bullish,of 16 ratings,$4.50
ARWA,NULL,1440187819134,0,Not yet rated,NULL,N/A
ARWAU,NULL,1440187819160,0,100% bullish,of 1 rating,N/A
ARQL,$1.67,1440187819237,"200,267",75% bullish,of 4 ratings,$5
ARWAR,NULL,1440187819265,0,Not yet rated,NULL,N/A
ARWAW,NULL,1440187819290,0,Not yet rated,NULL,N/A
ARRY,$5.4549,1440187819490,"1,190,532",100% bullish,of 7 ratings,$10
ARRS,$26.5951,1440187819563,"1,057,125",50% bullish,of 2 ratings,$38
AROW,$27.24,1440187819778,"41,111",Not yet rated,NULL,N/A
DWAT,$9.92,1440187819808,"46,463",100% bearish,of 1 rating,N/A
ARWR,$5.57,1440187819844,"808,218",75% bullish,of 4 ratings,$10.50
ARTNA,$22.48,1440187819872,"42,242",100% bearish,of 1 rating,$29
ARTW,$4.45,1440187819945,"3,048",75% bearish,of 4 ratings,N/A
ASBB,$25.05,1440187819979,372,Not yet rated,NULL,N/A
ASNA,$11.18,1440187820081,"8,807,403",50% bullish,of 2 ratings,$18
ASND,$18.23,1440187820237,"38,275",100% bullish,of 1 rating,$30
ASCMA,$28.6,1440187820263,"150,728",100% bearish,of 1 rating,$45
ASTI,$0.1277,1440187820401,"1,805,239",83% bullish,of 6 ratings,$3
APWC,$1.9,1440187820533,406,100% bearish,of 1 rating,N/A
ASMI,NULL,1440187820557,0,NULL,NULL,NULL
ASML,$85.91,1440187820641,"1,127,838",67% bullish,of 3 ratings,$127
ASFI,$8.95,1440187820775,"3,732",100% bullish,of 1 rating,N/A
ASMB,$12.44,1440187820800,"80,194",67% bullish,of 3 ratings,N/A
AZPN,$38.4355,1440187820955,"978,029",50% bullish,of 2 ratings,$42
ALOT,$13.51,1440187821027,"1,011",100% bearish,of 1 rating,N/A
ASTE,$36.2981,1440187821159,"86,250",100% bearish,of 1 rating,$48
ATRO,$53.15,1440187821197,"97,449",100% bearish,of 2 ratings,$80
ASTC,$2.2,1440187821226,"39,970",100% bullish,of 5 ratings,N/A
ASUR,$5.76,1440187821301,"10,939",100% bearish,of 1 rating,$8
ATAI,$2.7499,1440187821387,"31,993",100% bearish,of 1 rating,N/A
ATRA,$42.01,1440187821686,"183,368",50% bullish,of 2 ratings,$68
ATHN,$133.0585,1440187821859,"193,181",67% bearish,of 3 ratings,$153
ATHX,$1.17,1440187821907,"238,940",89% bullish,of 9 ratings,$5
AFCB,$28.01,1440187821962,249,Not yet rated,NULL,N/A
ACFC,$6.11,1440187821993,"95,163",Not yet rated,NULL,$6.50
AAME,$3.58,1440187822015,"1,090",Not yet rated,NULL,N/A
AAPC,$10.21,1440187822046,394,Not yet rated,NULL,N/A
ATNI,$73.8868,1440187822097,"65,628",100% bearish,of 1 rating,$69.50
ATLC,$3.9,1440187822372,"17,113",67% bullish,of 3 ratings,N/A
AFH,$16.545,1440187822415,"74,840",Not yet rated,NULL,$21.50
ATML,$6.99,1440187822444,"2,894,798",78% bullish,of 9 ratings,$9.50
AAWW,$41.8009,1440187822508,"358,913",50% bullish,of 2 ratings,$65
ATRC,$25.6961,1440187822538,"197,253",100% bullish,of 1 rating,$30
ATOS,$0.85,1440187822560,"182,378",100% bullish,of 7 ratings,$7
ATRI,$389.5,1440187822749,"4,365",Not yet rated,NULL,N/A
ATRM,$2.89,1440187822815,"1,200",50% bullish,of 2 ratings,N/A
AUBN,$27.68,1440187822994,948,Not yet rated,NULL,N/A
ATTU,$13.55,1440187823026,"51,302",100% bearish,of 1 rating,$20.50
LIFE,$14.04,1440187823123,"31,959",86% bullish,of 7 ratings,$43
AUDC,$3.18,1440187823152,"55,482",80% bullish,of 5 ratings,$5
AUPH,$3.19,1440187823221,"14,987",100% bearish,of 1 rating,$8
EARS,$4.845,1440187823307,"14,045",100% bearish,of 2 ratings,$11.50
ADAT,$0.12,1440187823358,"123,764",100% bullish,of 2 ratings,N/A
ADSK,$51.84,1440187823466,"2,315,332",83% bullish,of 6 ratings,$69.50
ABTL,$18.05,1440187823510,"70,992",100% bullish,of 4 ratings,$20.25
ADP,$80.5372,1440187823611,"2,424,713",100% bearish,of 1 rating,$88
AVGO,$111.5503,1440187823671,"3,291,149",88% bullish,of 8 ratings,$160
AVEO,$1.37,1440187823710,"1,358,941",75% bullish,of 8 ratings,$3
AVNU,$12.7,1440187823809,506,Not yet rated,NULL,$14
AAVL,$10.62,1440187823836,"239,996",100% bearish,of 1 rating,$20
AVNW,$1.22,1440187824014,"131,594",50% bullish,of 2 ratings,$2.20
AVID,$8.01,1440187824079,"534,670",100% bearish,of 1 rating,$20
AVGR,$14.23,1440187824158,"21,077",100% bearish,of 1 rating,$20
AWRE,$3.14,1440187824241,"20,820",67% bullish,of 3 ratings,N/A
CAR,$42.2978,1440187824293,"1,831,424",80% bullish,of 5 ratings,$60
ACLS,$3.29,1440187824320,"552,924",67% bullish,of 6 ratings,$4.75
AXPW,$1.14,1440187824350,"55,972",83% bullish,of 6 ratings,N/A
AXPWW,NULL,1440187824518,0,Not yet rated,NULL,N/A
AXGN,$3.94,1440187824546,"27,034",Not yet rated,NULL,$5
AXTI,$2.15,1440187824723,"35,695",50% bullish,of 2 ratings,$2.75
RILY,$10,1440187824751,600,Not yet rated,NULL,N/A
BCOM,NULL,1440187824777,0,100% bearish,of 1 rating,N/A
BOSC,$2.37,1440187824803,"1,317",50% bullish,of 2 ratings,N/A
BEAV,$48.57,1440187824964,"741,314",67% bearish,of 3 ratings,$59
BIDU,$153.5,1440187825023,"3,787,314",81% bullish,of 88 ratings,$210
BWINA,NULL,1440187825390,0,Not yet rated,NULL,N/A
BCPC,$57.8431,1440187825455,"123,999",100% bearish,of 1 rating,$75
BLDP,$1.24,1440187825489,"470,551",91% bullish,of 22 ratings,$2.50
BKMU,$7.1936,1440187825519,"404,705",Not yet rated,NULL,$8
BWINB,$23.01,1440187825546,"24,864",Not yet rated,NULL,N/A
BANFP,NULL,1440187825568,0,Not yet rated,NULL,N/A
BANF,$60.97,1440187825609,"17,766",Not yet rated,NULL,$68
BOCH,$5.76,1440187825631,"16,925",Not yet rated,NULL,$6.50
BKSC,$15.6,1440187826087,705,Not yet rated,NULL,N/A
BMRC,$48.75,1440187826113,"17,706",Not yet rated,NULL,$52
BOTJ,$11.15,1440187826251,"3,090",Not yet rated,NULL,N/A
BANR,$45.64,1440187826285,"83,916",100% bullish,of 3 ratings,$50
BHAC,NULL,1440187826312,0,Not yet rated,NULL,N/A
BFIN,$12.01,1440187826358,"29,125",Not yet rated,NULL,$13
TAPR,$29.38,1440187826383,"4,550",100% bearish,of 1 rating,N/A
BWFG,$18.03,1440187826409,"3,688",100% bearish,of 1 rating,N/A
BZUN,$5.65,1440187826622,"399,133",50% bullish,of 2 ratings,$12.60
BHACR,$0.25,1440187826655,700,Not yet rated,NULL,N/A
OZRK,$40.71,1440187826678,"548,750",67% bullish,of 3 ratings,$49.50
BHACU,NULL,1440187826707,0,Not yet rated,NULL,N/A
BHACW,NULL,1440187826746,0,Not yet rated,NULL,N/A
BSET,$29.1,1440187826811,"48,446",100% bearish,of 1 rating,$35
BYBK,$5.02,1440187826846,"1,546",100% bearish,of 1 rating,N/A
BBSI,$34.87,1440187826873,"70,989",67% bearish,of 3 ratings,$62.50
BCBP,$11.73,1440187827321,"8,625",Not yet rated,NULL,N/A
BV,$5.08,1440187827347,"367,225",67% bullish,of 6 ratings,$9
BYLK,$12.95,1440187827384,"4,701",Not yet rated,NULL,$14
BEBE,$1.81,1440187827418,"149,630",75% bullish,of 4 ratings,$3.075
BECN,$35.48,1440187827446,"288,414",50% bullish,of 2 ratings,$40
BDCV,$4.84,1440187827474,"9,821",100% bearish,of 1 rating,$10.19
BBGI,$4.68,1440187827505,6,100% bearish,of 1 rating,N/A
BBCN,$14.81,1440187827533,"305,149",100% bearish,of 1 rating,$16
BSF,$8.62,1440187827774,"18,300",Not yet rated,NULL,N/A
BELFA,$15.5,1440187827878,100,100% bearish,of 1 rating,N/A
BLPH,$5.01,1440187828011,"26,371",100% bearish,of 1 rating,$12.50
BELFB,$17.929,1440187828045,"69,768",100% bearish,of 1 rating,N/A
BBBY,$62.1479,1440187828072,"2,653,452",71% bullish,of 7 ratings,$75
BLCM,$17.46,1440187828142,"694,036",50% bullish,of 4 ratings,$40
BNFT,$36.3,1440187828170,"94,078",67% bullish,of 3 ratings,$46
BNTC,$8.6562,1440187828695,"29,198",100% bullish,of 1 rating,N/A
BGMD,$0.8536,1440187828728,"210,316",100% bullish,of 10 ratings,N/A
BNCL,$12.675,1440187828759,"389,020",100% bullish,of 3 ratings,$12.50
BIND,$4.56,1440187828785,"42,392",67% bullish,of 3 ratings,$13.50
ORPN,$5.34,1440187828807,"18,329",100% bullish,of 1 rating,$28.50
BASI,$1.39,1440187828851,"12,876",Not yet rated,NULL,N/A
BGFV,$10.8654,1440187828936,"166,551",57% bullish,of 7 ratings,$12
BGCP,$8.8,1440187828964,"1,808,053",88% bullish,of 8 ratings,$14
BCDA,NULL,1440187829125,0,Not yet rated,NULL,N/A
BIOC,$2.08,1440187829298,"466,899",83% bullish,of 6 ratings,$3.85
BIOD,$0.6899,1440187829403,"144,374",80% bullish,of 5 ratings,$4
BMRN,$126.2836,1440187829483,"801,965",80% bullish,of 5 ratings,$160
BLRX,$1.42,1440187829574,"228,173",100% bullish,of 12 ratings,$5
BCRX,$11.99,1440187829618,"632,348",63% bullish,of 8 ratings,$18
BIIB,$295.88,1440187829647,"2,222,416",88% bullish,of 16 ratings,$400
BIOL,$1.46,1440187829681,"36,518",Not yet rated,NULL,N/A
BDSI,$6.52,1440187829703,"1,000,052",88% bullish,of 8 ratings,$17
BLFS,$2.03,1440187829787,"86,446",100% bearish,of 1 rating,$4.75
BRLI,NULL,1440187829828,0,NULL,NULL,NULL
BVXVW,$0.77,1440187829924,908,100% bearish,of 1 rating,N/A
BVXV,$3.86,1440187829977,"7,057",Not yet rated,NULL,N/A
BPTH,$1.13,1440187830031,"64,428",100% bullish,of 2 ratings,$5
BBC,$30.48,1440187830193,"62,013",Not yet rated,NULL,N/A
BIOS,$1.84,1440187830219,"1,028,225",71% bullish,of 7 ratings,$4
BSPM,$0.72,1440187830424,"10,225",50% bullish,of 2 ratings,N/A
BBP,$32.07,1440187830453,"91,659",Not yet rated,NULL,N/A
BSTC,$49.71,1440187830558,"65,798",100% bearish,of 1 rating,$76
BOTA,$2.2,1440187830633,"47,009",88% bullish,of 8 ratings,N/A
BEAT,$13.69,1440187830697,"337,915",67% bearish,of 3 ratings,$15
TECH,$101.6014,1440187830733,"128,366",100% bullish,of 1 rating,$117
BITI,$17.33,1440187830760,"31,694",100% bullish,of 1 rating,$28
BDMS,NULL,1440187830830,0,100% bearish,of 1 rating,N/A
BBOX,$15.4477,1440187830962,"67,955",100% bearish,of 1 rating,N/A
BJRI,$44.7487,1440187831015,"214,037",50% bullish,of 2 ratings,$55
BDE,$7.5,1440187831107,"219,717",50% bullish,of 2 ratings,$9
BLKB,$58.91,1440187831234,"222,244",100% bearish,of 2 ratings,$66
HAWK,$42.07,1440187831259,"522,914",90% bullish,of 10 ratings,$49
BBRY,$7.11,1440187831285,"5,419,447",61% bullish,of 330 ratings,$9
BKCC,$9.1,1440187831325,"332,315",100% bullish,of 2 ratings,$10
ADRA,$27.52,1440187831353,"1,065",Not yet rated,NULL,N/A
ADRE,$29.55,1440187831515,"44,928",Not yet rated,NULL,N/A
ADRU,$21.85,1440187831694,"2,468",100% bearish,of 1 rating,N/A
BUFF,$26.91,1440187831766,"472,572",83% bullish,of 12 ratings,$31.50
BCOR,$13.4067,1440187831793,"248,348",57% bullish,of 7 ratings,$15
BLMN,$20.2534,1440187831821,"1,552,325",83% bullish,of 6 ratings,$27.50
ADRD,$22.12,1440187831851,"8,231",100% bearish,of 1 rating,N/A
BLBD,$11.53,1440187831879,"7,651",Not yet rated,NULL,N/A
BBLU,$0.89,1440187831957,"120,329",100% bullish,of 2 ratings,$4.43
BHBK,$14.06,1440187832198,"102,156",100% bullish,of 1 rating,$14.50
BLUE,$124.4247,1440187832328,"503,720",71% bullish,of 7 ratings,$217.50
BKEPP,$7.773,1440187832354,"1,100",100% bearish,of 1 rating,N/A
BKEP,$6.6,1440187832380,"42,067",100% bearish,of 1 rating,$8.50
BPMC,$25.74,1440187832406,"43,464",50% bullish,of 2 ratings,$47.50
NILE,$34.29,1440187832608,"89,640",50% bullish,of 2 ratings,$34
BNCN,$21.26,1440187832707,"104,483",Not yet rated,NULL,$23
BOBE,$44.5,1440187832786,"143,635",75% bullish,of 4 ratings,$57
BOFI,$124.052,1440187832846,"363,258",100% bullish,of 6 ratings,$144
BOJA,$20.83,1440187832880,"194,491",100% bullish,of 1 rating,$30
BNSO,$1.38,1440187832906,"6,280",100% bearish,of 1 rating,N/A
WIFI,$7.83,1440187832938,"398,851",50% bullish,of 2 ratings,$13.50
BOKF,$61.82,1440187832959,"135,350",100% bearish,of 1 rating,$70.50
BONA,$11.82,1440187833146,"182,491",75% bullish,of 4 ratings,$8.50
BPFH,$12.1611,1440187833344,"298,401",100% bearish,of 1 rating,$14
BAMM,$3.21,1440187833404,"12,873",60% bullish,of 5 ratings,N/A
BPFHP,$25,1440187833460,"1,571",100% bearish,of 1 rating,N/A
EPAY,$25.46,1440187833482,"152,285",100% bearish,of 2 ratings,$30
BPFHW,$5.5,1440187833513,837,100% bearish,of 1 rating,N/A
BDBD,$8.43,1440187833534,"497,353",60% bullish,of 5 ratings,$10
BCLI,$2.92,1440187833566,"80,439",80% bullish,of 5 ratings,$12
BBEP,$2.26,1440187833737,"2,113,660",69% bullish,of 13 ratings,$5.625
BBRG,$12.58,1440187833767,"82,416",67% bullish,of 3 ratings,$14.50
BCOV,$5.22,1440187833908,"119,258",67% bullish,of 3 ratings,$10.20
BDGE,$27.4,1440187833978,"32,431",Not yet rated,NULL,$31.75
BLIN,$1.15,1440187834006,"21,500",50% bullish,of 2 ratings,$2.20
BRID,$8.62,1440187834035,146,100% bearish,of 1 rating,N/A
BRCM,$48.718,1440187834061,"5,080,993",75% bullish,of 12 ratings,$56
BBEPP,$13.24,1440187834087,"73,231",100% bearish,of 1 rating,N/A
BSFT,$30.87,1440187834335,"132,215",57% bullish,of 7 ratings,$40.50
BRCD,$10.7991,1440187834525,"10,740,077",92% bullish,of 13 ratings,$12.50
BRKS,$10.37,1440187834562,"187,906",67% bullish,of 3 ratings,$15.25
BRKL,$10.765,1440187834597,"378,868",100% bearish,of 1 rating,$10.75
BWEN,$3.26,1440187834618,"21,709",100% bullish,of 3 ratings,$8
BVSN,$5.54,1440187834640,"12,787",60% bearish,of 5 ratings,N/A
BYFC,$1.37,1440187834680,200,50% bullish,of 2 ratings,N/A
BRKR,$19.07,1440187834777,"228,016",100% bearish,of 2 ratings,$22
BMTC,$29.5,1440187834930,"88,508",Not yet rated,NULL,$34
BWLD,$190.9609,1440187835032,"258,013",82% bullish,of 11 ratings,$205
BLMT,$20.8,1440187835059,"13,849",Not yet rated,NULL,N/A
BSQR,$6.03,1440187835084,"89,784",67% bullish,of 3 ratings,N/A
BLDR,$14.95,1440187835110,"997,351",50% bullish,of 2 ratings,$22
CFFI,$36,1440187835308,"6,616",100% bearish,of 1 rating,N/A
BUR,$1.85,1440187835345,"2,443",100% bearish,of 1 rating,$8
CA,$27.8109,1440187835375,"2,861,914",50% bullish,of 4 ratings,$33
CDNS,$19.8,1440187835451,"1,512,497",75% bullish,of 4 ratings,$22.50
CHRW,$67.3005,1440187835485,"1,116,306",Not yet rated,NULL,$72
CACQ,$7.1,1440187835513,"98,822",100% bearish,of 1 rating,$12.25
CCMP,$44.4,1440187835595,"87,519",50% bullish,of 2 ratings,$59
CDZI,$7.53,1440187835647,"30,147",100% bearish,of 1 rating,N/A
CSTE,$45.02,1440187835726,"523,274",100% bearish,of 1 rating,$65
CZR,$8.02,1440187835780,"1,342,694",60% bearish,of 5 ratings,$10.50
PRSS,$4.42,1440187836020,"18,224",80% bullish,of 5 ratings,$4.50
CLBS,$1.33,1440187836047,"263,782",79% bullish,of 14 ratings,$4
CHY,$11.51,1440187836082,"256,541",Not yet rated,NULL,N/A
CHI,$10.67,1440187836181,"301,618",100% bearish,of 1 rating,N/A
CLMS,$11.4357,1440187836211,"83,522",Not yet rated,NULL,$10.50
CCD,$19.57,1440187836241,"275,211",Not yet rated,NULL,N/A
CFGE,NULL,1440187836344,0,Not yet rated,NULL,N/A
CHW,$7.59,1440187836399,"273,520",100% bearish,of 1 rating,N/A
CGO,$11.92,1440187836485,"30,892",100% bearish,of 1 rating,N/A
CAMP,$15.71,1440187836580,"333,745",88% bullish,of 8 ratings,$25
CSQ,$9.88,1440187836624,"547,189",Not yet rated,NULL,N/A
CVGW,$54.5172,1440187836649,"145,663",50% bullish,of 2 ratings,$58.50
CFNB,$13.73,1440187836712,143,100% bearish,of 1 rating,N/A
CALA,$5.13,1440187836867,"380,870",100% bullish,of 3 ratings,$19.50
CALD,$15.56,1440187836917,"393,945",100% bearish,of 1 rating,$20.50
CLMT,$26.34,1440187837058,"367,347",75% bullish,of 8 ratings,$31
CALM,$49.6948,1440187837083,"533,449",80% bullish,of 5 ratings,$65
CAMBU,NULL,1440187837141,0,100% bearish,of 1 rating,N/A
CAMB,NULL,1440187837168,0,Not yet rated,NULL,N/A
ABCD,$4.64,1440187837193,"122,119",83% bullish,of 6 ratings,N/A
CAMBW,$0.14,1440187837301,200,Not yet rated,NULL,N/A
CAC,$40.79,1440187837408,"24,727",Not yet rated,NULL,N/A
CSIQ,$17.5,1440187837615,"3,504,521",86% bullish,of 28 ratings,$45
CAMT,$2.76,1440187837670,"17,958",73% bullish,of 11 ratings,$4
CPHC,$10.66,1440187837717,"2,320",100% bearish,of 1 rating,N/A
CGIX,$9.21,1440187837743,"38,415",67% bullish,of 3 ratings,$14.375
CPLA,$48.57,1440187837802,"84,243",50% bullish,of 2 ratings,$65
CBNJ,$10.65,1440187837827,"60,681",100% bullish,of 1 rating,N/A
CPLP,$7.07,1440187837880,"470,786",71% bullish,of 7 ratings,$11
CCBG,$15.17,1440187838012,"26,389",Not yet rated,NULL,$17.25
CBF,$30.13,1440187838107,"101,045",Not yet rated,NULL,$32
CPTA,$14.22,1440187838202,"52,411",Not yet rated,NULL,$18.50
CAPNW,$0.6199,1440187838233,615,Not yet rated,NULL,N/A
CAPN,$1.99,1440187838261,"269,769",100% bullish,of 1 rating,$10.85
CSWC,$46.68,1440187838282,"16,339",Not yet rated,NULL,N/A
CFFN,$12.0221,1440187838412,"677,453",Not yet rated,NULL,$12.75
CAPR,$3.95,1440187838504,"6,718",Not yet rated,NULL,$12
CPST,$0.3777,1440187838607,"956,493",95% bullish,of 22 ratings,$1.25
CARB,$11.43,1440187838681,"84,294",75% bullish,of 4 ratings,$12
CBYL,$6.29,1440187838741,"38,107",100% bearish,of 1 rating,$20
CRDC,$0.38,1440187838781,"10,734",100% bullish,of 1 rating,$1.25
CARA,$21.01,1440187838810,"282,965",50% bullish,of 4 ratings,$25
CFNL,$22.47,1440187838835,"112,813",Not yet rated,NULL,$24
CRME,$9.535,1440187839015,"32,837",89% bullish,of 9 ratings,$11.25
CDNA,$6.47,1440187839175,"6,286",100% bearish,of 1 rating,$9
CATM,$34.54,1440187839203,"276,975",100% bearish,of 1 rating,$44
CECO,$3.63,1440187839260,"473,850",67% bearish,of 3 ratings,$6
CTRE,$12.009,1440187839289,"400,718",50% bullish,of 2 ratings,N/A
CSII,$24.13,1440187839333,"473,250",100% bearish,of 2 ratings,$42.125
CLBH,$12.79,1440187839422,288,Not yet rated,NULL,$16.50
CKEC,$21.5,1440187839464,"282,581",50% bullish,of 2 ratings,$35.915
CART,NULL,1440187839717,0,100% bearish,of 1 rating,N/A
CARO,$15.34,1440187839744,"1,800",100% bearish,of 1 rating,$19
CRZO,$31.3757,1440187839770,"948,085",67% bearish,of 3 ratings,$57
CASM,$1.09,1440187839902,"4,748",100% bullish,of 1 rating,$3.50
TAST,$11.91,1440187839928,"218,998",Not yet rated,NULL,$14.25
CRTN,$2.66,1440187839955,103,100% bearish,of 1 rating,N/A
CARV,$5.51,1440187840118,"1,750",50% bullish,of 2 ratings,N/A
CSCD,$14.23,1440187840148,"99,919",100% bullish,of 2 ratings,$17
CWST,$6.31,1440187840170,"269,488",50% bullish,of 2 ratings,$7
CACB,$5.43,1440187840192,"110,152",Not yet rated,NULL,$5.50
CASY,$105.1369,1440187840422,"365,777",50% bullish,of 2 ratings,$99.50
CATB,$11.26,1440187840455,"70,464",100% bearish,of 1 rating,$28
CASI,$1.42,1440187840492,"13,082",100% bullish,of 1 rating,$3.50
CPRX,$3.66,1440187840562,"834,784",71% bullish,of 7 ratings,$7
CASS,$47.46,1440187840589,"45,684",100% bearish,of 1 rating,N/A
CATY,$30.29,1440187840641,"483,409",100% bearish,of 1 rating,$33.50
CATYW,$10.54,1440187840891,100,100% bearish,of 1 rating,N/A
CNLM,$9.97,1440187840927,"1,883",Not yet rated,NULL,N/A
CAVM,$66.6943,1440187841000,"451,721",67% bearish,of 3 ratings,$72
CVCO,$73.17,1440187841034,"62,490",100% bearish,of 1 rating,N/A
CBFV,$20.75,1440187841102,"4,266",Not yet rated,NULL,N/A
CNLMR,NULL,1440187841130,0,Not yet rated,NULL,N/A
CNLMU,NULL,1440187841191,0,100% bullish,of 1 rating,N/A
CNLMW,NULL,1440187841262,0,Not yet rated,NULL,N/A
CDK,$48.5,1440187841392,"516,809",67% bearish,of 3 ratings,$50
CBOE,$61.78,1440187841456,"472,571",Not yet rated,NULL,$60
CDW,$38.73,1440187841526,"1,414,241",75% bullish,of 4 ratings,$44
CECE,$9.45,1440187841606,"123,348",50% bullish,of 2 ratings,$16
CPXX,$2.13,1440187841638,"85,814",100% bullish,of 2 ratings,$7
CELG,$119,1440187841742,"5,454,960",92% bullish,of 13 ratings,$155.50
CLDN,$1.05,1440187841822,"324,646",71% bullish,of 7 ratings,$3
CELGZ,$1.81,1440187841849,"14,200",80% bullish,of 5 ratings,N/A
CLDX,$13.6093,1440187841999,"2,052,033",89% bullish,of 9 ratings,$36
CLRB,$3.05,1440187842037,"5,111",100% bearish,of 1 rating,N/A
CLRBW,$0.94,1440187842065,300,Not yet rated,NULL,N/A
CLLS,$29.95,1440187842205,"102,793",75% bullish,of 4 ratings,$51.50
CLTX,$3,1440187842260,"2,656,829",100% bullish,of 2 ratings,N/A
CBMG,$22.65,1440187842287,"40,370",50% bullish,of 2 ratings,N/A
CLSN,$2,1440187842347,"140,086",80% bullish,of 10 ratings,$7.50
CYAD,$50.47,1440187842421,"5,476",100% bullish,of 1 rating,$87.50
CEMP,$35.532,1440187842562,"681,170",71% bullish,of 7 ratings,$52
CETX,$2.47,1440187842648,"12,950",Not yet rated,NULL,$5.60
CETV,$2.02,1440187842782,"174,568",67% bullish,of 3 ratings,$2.80
CSFL,$14.06,1440187842813,"145,415",Not yet rated,NULL,$15
CENT,$11.93,1440187842835,"28,453",Not yet rated,NULL,$10
CFBK,$1.38,1440187842866,"6,308",Not yet rated,NULL,N/A
CENTA,$12.5763,1440187842917,"236,746",Not yet rated,NULL,N/A
CENX,$5.1726,1440187843333,"1,651,346",67% bullish,of 6 ratings,$9
CVCY,$11.19,1440187843364,675,Not yet rated,NULL,$12
CNBKA,$40.33,1440187843478,"9,691",100% bullish,of 1 rating,N/A
CNTY,$6.02,1440187843505,"6,571",80% bullish,of 5 ratings,$7.75
CPHD,$47.853,1440187843533,"531,279",50% bullish,of 2 ratings,$66.50
CRNT,$1.37,1440187843566,"280,066",50% bullish,of 2 ratings,$2
CERE,$1.1,1440187843592,"479,152",88% bullish,of 8 ratings,N/A
CERN,$61.7755,1440187843670,"1,870,120",67% bullish,of 3 ratings,$79
KOOL,$0.6998,1440187843915,"19,783",100% bullish,of 5 ratings,$7
CERU,$3.42,1440187843941,"35,178",75% bullish,of 4 ratings,$15
CERS,$4.73,1440187843998,"645,680",75% bullish,of 4 ratings,$7
CEVA,$18.37,1440187844076,"69,897",100% bearish,of 1 rating,$25
CYOU,$20.01,1440187844108,"456,479",50% bullish,of 6 ratings,$24
HOTR,$1.5,1440187844211,"212,526",100% bullish,of 2 ratings,$5
HOTRW,NULL,1440187844238,0,Not yet rated,NULL,N/A
GTLS,$22.4112,1440187844408,"324,963",50% bullish,of 4 ratings,$40
CHTR,$177.557,1440187844435,"954,965",100% bearish,of 2 ratings,$196
CTHR,$1.23,1440187844464,"48,304",50% bullish,of 2 ratings,$2.50
CHKP,$77.9442,1440187844493,"1,041,244",50% bullish,of 4 ratings,$92
CHFN,$12.45,1440187844519,"34,387",Not yet rated,NULL,$14
CHEK,$3.16,1440187844702,"1,665",Not yet rated,NULL,$7.75
CEMI,$4.25,1440187844763,"5,139",50% bullish,of 2 ratings,$7.50
CHEKW,NULL,1440187844788,0,Not yet rated,NULL,N/A
CHFC,$31.81,1440187844815,"98,645",100% bearish,of 1 rating,$36
CHKE,$25.42,1440187844944,"26,229",100% bearish,of 1 rating,$32.50
CHMG,$26.6,1440187844994,700,Not yet rated,NULL,$30
CCXI,$6.66,1440187845074,"124,163",67% bullish,of 3 ratings,$14
CHMA,$24.05,1440187845152,"123,730",Not yet rated,NULL,$40
CMRX,$46.4818,1440187845206,"338,887",50% bullish,of 2 ratings,$57
CBNK,$16.48,1440187845234,297,100% bearish,of 1 rating,N/A
CHEV,$14.63,1440187845262,"8,266",Not yet rated,NULL,N/A
PLCE,$58.5293,1440187845290,"371,784",100% bearish,of 1 rating,$71
CADC,NULL,1440187845474,0,78% bullish,of 9 ratings,N/A
CAAS,$6.48,1440187845585,"52,022",93% bullish,of 14 ratings,$11.50
CBAK,$1.8,1440187845683,"39,266",67% bullish,of 9 ratings,N/A
CALI,$0.87,1440187845709,"7,037",67% bullish,of 3 ratings,N/A
CBPO,$97.5633,1440187845736,"275,264",75% bullish,of 8 ratings,$140.50
CCCL,$0.85,1440187845873,"10,030",100% bullish,of 6 ratings,N/A
JRJC,$3.87,1440187845978,"166,421",82% bullish,of 11 ratings,N/A
CHOP,$1.2,1440187846007,"146,084",50% bullish,of 2 ratings,N/A
CCCR,$0.89,1440187846035,"36,566",67% bearish,of 3 ratings,N/A
HGSH,$1.89,1440187846065,"13,900",67% bullish,of 3 ratings,N/A
CHLN,$2.05,1440187846170,"8,803",67% bullish,of 3 ratings,N/A
CNIT,$1.54,1440187846201,"31,123",67% bullish,of 6 ratings,N/A
HTHT,$24.5,1440187846315,"81,284",50% bullish,of 2 ratings,$28
CJJD,$1.9,1440187846393,"52,186",100% bullish,of 1 rating,N/A
CHNR,$2.01,1440187846420,"1,911",100% bearish,of 1 rating,N/A
CREG,$0.7,1440187846442,"109,561",100% bullish,of 3 ratings,N/A
CPGI,$6.94,1440187846623,"2,888",Not yet rated,NULL,N/A
CXDC,$6.21,1440187846795,"128,308",67% bullish,of 3 ratings,N/A
CNTF,$0.85,1440187846828,"130,860",Not yet rated,NULL,N/A
CNET,$0.8899,1440187846856,"36,501",50% bullish,of 2 ratings,N/A
CCIH,$5.59,1440187846884,"995,524",67% bullish,of 6 ratings,$12.65
IMOS,$16.05,1440187846917,"207,767",60% bullish,of 5 ratings,$21.50
CSUN,$1.38,1440187846944,"19,180",80% bullish,of 5 ratings,N/A
CNYD,$3.17,1440187847016,"7,840",67% bullish,of 3 ratings,N/A
CHSCL,$27.06,1440187847119,"26,654",Not yet rated,NULL,N/A
CHSCM,$25.86,1440187847202,"33,418",Not yet rated,NULL,N/A
CHSCN,$27.02,1440187847305,"3,839",Not yet rated,NULL,N/A
CHSCP,$30.29,1440187847387,"3,905",Not yet rated,NULL,N/A
CHSCO,$28.32,1440187847494,"9,147",Not yet rated,NULL,N/A
CHUY,$31.27,1440187847526,"229,118",50% bullish,of 2 ratings,$34
CHDN,$134.37,1440187847547,"56,685",Not yet rated,NULL,$165
CDTX,$14.04,1440187847597,"21,413",Not yet rated,NULL,$22
CIFC,$6.85,1440187847624,"10,052",Not yet rated,NULL,N/A
CMCT,$15,1440187847769,"2,992",100% bearish,of 1 rating,N/A
CMPR,$67.75,1440187847796,"486,770",50% bullish,of 2 ratings,$72.50
CIDM,$0.62,1440187847930,"87,510",50% bullish,of 2 ratings,$2.10
CPHR,$6.2,1440187848062,"1,500",100% bearish,of 1 rating,$16
CTAS,$84.9464,1440187848134,"513,510",100% bearish,of 1 rating,$91
CINF,$53.9085,1440187848191,"972,861",50% bullish,of 4 ratings,$50.50
CRUS,$27.5584,1440187848222,"967,161",75% bullish,of 12 ratings,$44.50
CTRN,$27.9426,1440187848291,"141,338",100% bearish,of 1 rating,$31.50
CSCO,$26.6,1440187848318,"33,179,649",84% bullish,of 208 ratings,$32
CZWI,$9.09,1440187848457,10,Not yet rated,NULL,N/A
CZNC,$19.63,1440187848510,"13,319",Not yet rated,NULL,N/A
CZFC,$12.7201,1440187848538,700,Not yet rated,NULL,N/A
CHCO,$47.47,1440187848560,"71,461",Not yet rated,NULL,$46
CTXS,$73.9765,1440187848595,"1,201,417",86% bullish,of 7 ratings,$80
CIVB,$10.29,1440187848735,"5,841",Not yet rated,NULL,$11
CIZN,$19.55,1440187848786,"1,220",Not yet rated,NULL,N/A
CIVBP,NULL,1440187848813,0,Not yet rated,NULL,N/A
CDTI,$1.56,1440187849047,"65,316",75% bullish,of 4 ratings,$3.20
CLNE,$4.02,1440187849096,"1,098,844",80% bullish,of 15 ratings,$9
CLNT,$1.69,1440187849178,"56,834",75% bullish,of 8 ratings,N/A
CLFD,$16.89,1440187849210,"49,601",67% bullish,of 3 ratings,$18
CLRO,$11.74,1440187849236,"4,663",50% bullish,of 2 ratings,$14.25
CSBK,$13.76,1440187849284,"61,441",Not yet rated,NULL,N/A
CLIR,$5.07,1440187849312,"32,472",100% bullish,of 3 ratings,N/A
CLVS,$73.1881,1440187849384,"345,195",60% bullish,of 5 ratings,$101.50
CBLI,$3.82,1440187849472,"47,562",60% bullish,of 5 ratings,N/A
CISG,$7.78,1440187849673,"151,935",100% bullish,of 5 ratings,$10
CME,$92.0645,1440187849700,"2,814,187",67% bullish,of 3 ratings,$102
CMFN,$11.79,1440187849727,"14,093",100% bearish,of 1 rating,$15.50
CCNE,$17.08,1440187849749,"21,382",50% bullish,of 2 ratings,$21.50
COBZ,$13,1440187849947,"153,943",100% bullish,of 1 rating,$14
CWAY,$11.36,1440187849986,502,Not yet rated,NULL,N/A
CDRB,$11.18,1440187850076,"10,988",67% bullish,of 3 ratings,N/A
CNV,$4.72,1440187850104,"20,202",50% bullish,of 2 ratings,$7.15
COKE,$154.15,1440187850135,"30,731",79% bullish,of 19 ratings,N/A
CVLY,$20.55,1440187850175,"8,047",Not yet rated,NULL,N/A
JVA,$4.57,1440187850269,"28,204",83% bullish,of 6 ratings,$7
CDXS,$3.96,1440187850302,"51,237",64% bullish,of 11 ratings,$6
CCOI,$28.31,1440187850489,"313,344",50% bullish,of 4 ratings,$35
CGNT,$1.66,1440187850571,"34,152",100% bullish,of 2 ratings,$2
CGNX,$35.6,1440187850626,"694,143",50% bullish,of 2 ratings,$47
CTSH,$62.97,1440187850655,"3,664,182",90% bullish,of 10 ratings,$75
COHR,$57.3786,1440187850762,"129,404",50% bullish,of 2 ratings,$72
COHU,$9.8949,1440187850789,"184,100",100% bearish,of 1 rating,$14.25
CHRS,$29.87,1440187850833,"163,586",67% bearish,of 3 ratings,$37
CLRX,$0.4901,1440187850973,"59,544",50% bullish,of 2 ratings,N/A
CIGI,$44.35,1440187851050,"9,835",100% bearish,of 1 rating,$52
COLL,$15.25,1440187851108,"33,553",100% bearish,of 1 rating,$26
CBAN,$8.95,1440187851139,520,Not yet rated,NULL,N/A
CLCT,$18.06,1440187851241,"73,848",100% bearish,of 1 rating,N/A
COLB,$31.17,1440187851340,"228,719",Not yet rated,NULL,$36
CLCD,$6.91,1440187851369,"23,570",100% bearish,of 1 rating,$20.50
CMCO,$19.42,1440187851469,"117,786",60% bullish,of 5 ratings,$28
COLM,$62.63,1440187851496,"168,379",100% bearish,of 1 rating,$71
CMCSA,$57.334,1440187851567,"14,769,598",66% bullish,of 35 ratings,$69.50
CBMX,$1.21,1440187851702,"39,549",83% bullish,of 6 ratings,$3.15
CMCSK,$58.0917,1440187851741,"4,103,273",Not yet rated,NULL,$84
CBSH,$45.35,1440187851776,"374,084",50% bullish,of 2 ratings,$46
CVGI,$4.69,1440187851806,"103,790",50% bullish,of 2 ratings,$6
CUBN,$13.6,1440187851874,"2,416",Not yet rated,NULL,N/A
COMM,$29.31,1440187851909,"1,029,490",67% bearish,of 3 ratings,$35
CBSHP,$25.25,1440187852010,"1,462",100% bearish,of 1 rating,N/A
ESXB,$5.12,1440187852145,"12,099",Not yet rated,NULL,N/A
JCS,$9.21,1440187852176,626,67% bullish,of 3 ratings,N/A
CSAL,$21.1396,1440187852275,"714,411",75% bullish,of 4 ratings,$30
COB,$10.42,1440187852443,"20,945",100% bullish,of 1 rating,$11.75
CWBC,$6.78,1440187852474,"5,828",Not yet rated,NULL,N/A
CYHHZ,$0.011,1440187852496,"5,341",100% bullish,of 1 rating,N/A
CTBI,$34.8,1440187852517,"46,405",Not yet rated,NULL,$36
CVLT,$36.3782,1440187852557,"367,354",75% bullish,of 4 ratings,$44.50
CIZ,$33.33,1440187852660,"5,278",100% bearish,of 1 rating,N/A
CSA,$33.32,1440187852687,"2,560",Not yet rated,NULL,N/A
CIL,$33.53,1440187852713,500,Not yet rated,NULL,N/A
CID,$33.93,1440187852849,200,Not yet rated,NULL,N/A
CSF,$36.84,1440187852926,"5,120",100% bearish,of 1 rating,N/A
CDC,$35.22,1440187852993,"23,106",Not yet rated,NULL,N/A
CFO,$35.7,1440187853032,"16,998",100% bearish,of 1 rating,N/A
CFA,$35.77,1440187853163,"2,458",100% bearish,of 1 rating,N/A
CDL,$34.42,1440187853223,"7,600",Not yet rated,NULL,N/A
CSB,NULL,1440187853294,0,Not yet rated,NULL,N/A
CTG,$6.63,1440187853322,"46,409",100% bearish,of 1 rating,$8.50
CPSI,$45.08,1440187853358,"86,792",100% bearish,of 1 rating,$45.50
CGEN,$5.15,1440187853380,"114,043",50% bullish,of 2 ratings,$11
SCOR,$56.5283,1440187853410,"459,483",100% bearish,of 1 rating,$66
CMTL,$26.49,1440187853455,"88,496",100% bearish,of 2 ratings,$37
CHCI,$0.6,1440187853557,"23,882",50% bullish,of 2 ratings,N/A
CNAT,$4,1440187853711,"134,269",83% bullish,of 6 ratings,$13
CNCE,$15.39,1440187853857,"215,786",75% bullish,of 4 ratings,$22
CXRX,$71.01,1440187853887,"3,584",Not yet rated,NULL,$90
CNSI,$18.7198,1440187853990,"159,899",100% bearish,of 2 ratings,$29
CDOR,$1.47,1440187854117,"5,359",100% bullish,of 1 rating,N/A
CDORO,NULL,1440187854151,0,100% bearish,of 1 rating,N/A
CDORP,$6.7921,1440187854173,800,100% bearish,of 1 rating,N/A
CCUR,$5.18,1440187854207,"18,754",75% bullish,of 4 ratings,N/A
CNMD,$54.8,1440187854235,"171,344",Not yet rated,NULL,$59
CNFR,$10.42,1440187854263,"16,866",Not yet rated,NULL,N/A
CFMS,$21.32,1440187854284,"241,608",Not yet rated,NULL,$27
CTWS,$35.1,1440187854561,"48,700",100% bearish,of 1 rating,$44
CNOB,$19.6,1440187854595,"152,585",100% bullish,of 1 rating,$23.50
CNXR,$6.26,1440187854622,"22,174",100% bearish,of 1 rating,$12
CONN,$31.3628,1440187854697,"381,565",67% bullish,of 3 ratings,$48.50
CNSL,$20.0759,1440187854723,"231,579",100% bearish,of 1 rating,$23
CWCO,$10.65,1440187854922,"128,978",67% bullish,of 3 ratings,$14.50
CFRXZ,$0.531,1440187855034,"2,550",Not yet rated,NULL,N/A
CPSS,$5.64,1440187855066,"88,625",100% bullish,of 1 rating,$10
CTCT,$24.2629,1440187855102,"280,686",67% bullish,of 3 ratings,$37
CTRL,$7.91,1440187855135,"124,320",50% bullish,of 2 ratings,$11
CFRX,$5.14,1440187855165,"29,285",Not yet rated,NULL,$14
CFRXW,$1.87,1440187855203,"4,588",100% bearish,of 1 rating,N/A
CTRV,$3.55,1440187855233,"57,680",Not yet rated,NULL,$6.40
CPRT,$34.59,1440187855467,"269,507",67% bearish,of 3 ratings,$40
CRBP,$2.05,1440187855599,"925,366",100% bullish,of 2 ratings,$6.25
BVA,$3.75,1440187855649,"3,794",50% bullish,of 2 ratings,N/A
CORT,$4.57,1440187855675,"392,222",67% bullish,of 3 ratings,$12
CORE,$59.8,1440187855823,"93,319",100% bearish,of 1 rating,$72
CORI,$10.8,1440187855850,"63,120",100% bearish,of 1 rating,$18
COSI,$1.11,1440187855871,"87,642",100% bullish,of 1 rating,N/A
CRVL,$32.1,1440187855908,"47,078",100% bearish,of 1 rating,N/A
COST,$139.1151,1440187856001,"2,472,679",79% bullish,of 24 ratings,$154.50
CSOD,$36.95,1440187856028,"364,627",50% bullish,of 2 ratings,$42
CPAH,$0.4625,1440187856089,"11,752",50% bullish,of 2 ratings,N/A
CSGP,$181.61,1440187856162,"73,683",50% bullish,of 2 ratings,$235
ICBK,$18.6,1440187856230,418,Not yet rated,NULL,$21
COVS,$2.56,1440187856304,"72,882",67% bullish,of 3 ratings,N/A
CVTI,$22.53,1440187856334,"148,548",67% bearish,of 3 ratings,$39
COWN,$5.1,1440187856355,"825,233",75% bullish,of 4 ratings,$7
CPSH,$2.36,1440187856629,300,Not yet rated,NULL,N/A
COWNL,$27.19,1440187856657,"3,700",Not yet rated,NULL,N/A
CRAI,$22.39,1440187856813,"55,427",Not yet rated,NULL,$36
SLVO,$10.46,1440187856842,"9,370",100% bearish,of 1 rating,N/A
CACC,$193.6267,1440187856864,"121,406",50% bullish,of 2 ratings,$158.50
BREW,$7.3,1440187856901,"59,355",67% bullish,of 6 ratings,$15
CBRL,$144.5117,1440187856923,"280,694",50% bullish,of 2 ratings,$155
CRAY,$20.6318,1440187857001,"280,968",83% bullish,of 6 ratings,$38.50
CREE,$25.3286,1440187857156,"1,071,604",65% bullish,of 17 ratings,$29.50
GLDI,$11.09,1440187857182,"41,785",100% bearish,of 1 rating,N/A
CRESY,$10.29,1440187857253,"38,860",100% bearish,of 1 rating,$19
CRTO,$43.49,1440187857285,"541,125",67% bullish,of 6 ratings,$64
CROX,$14.49,1440187857326,"1,356,848",63% bullish,of 8 ratings,$16.50
CCRN,$14.41,1440187857386,"187,413",100% bearish,of 1 rating,$14.25
CRDS,$1.05,1440187857654,"13,476",50% bullish,of 4 ratings,$4.50
CRWS,$8.03,1440187857685,"2,485",Not yet rated,NULL,$10
CRWN,$4.56,1440187857720,"129,067",75% bullish,of 4 ratings,N/A
CYRX,$2.83,1440187857750,"35,137",Not yet rated,NULL,$9
CSGS,$31.06,1440187857776,"167,178",Not yet rated,NULL,$40
CYRXW,$0.86,1440187857804,"41,500",Not yet rated,NULL,N/A
CSPI,$6.18,1440187857831,"3,803",67% bullish,of 3 ratings,N/A
CCLP,$13.8063,1440187857968,"64,248",67% bearish,of 3 ratings,$21
CTCM,$1.71,1440187858071,"364,523",80% bearish,of 5 ratings,$3.90
CTIC,$1.68,1440187858249,"1,701,341",84% bullish,of 76 ratings,$5.75
CTRP,$63.27,1440187858327,"1,548,767",75% bullish,of 8 ratings,$92
CTIB,NULL,1440187858385,0,100% bearish,of 1 rating,N/A
CUNB,$22.03,1440187858430,"48,888",Not yet rated,NULL,$24.50
CPIX,$5.87,1440187858464,"3,515",Not yet rated,NULL,N/A
CUI,$4.7,1440187858486,"119,660",50% bullish,of 2 ratings,$10
CRIS,$2.57,1440187858565,"437,658",100% bullish,of 8 ratings,$6
CMLS,$1.3,1440187858621,"964,213",50% bullish,of 4 ratings,$6
CVBF,$16.66,1440187858696,"604,480",Not yet rated,NULL,$18
CUTR,$14.4,1440187858771,"56,879",67% bearish,of 3 ratings,$18
CYBR,$52,1440187858854,"1,997,533",86% bullish,of 7 ratings,$66
CVV,$11.44,1440187858880,"25,260",100% bullish,of 5 ratings,N/A
CYAN,$7.3,1440187858910,"5,900",100% bearish,of 1 rating,N/A
CYBX,$66.48,1440187859017,"548,731",50% bullish,of 4 ratings,$70
CYBE,$5.96,1440187859342,"9,802",100% bearish,of 1 rating,N/A
CYCCP,NULL,1440187859372,0,100% bearish,of 1 rating,N/A
CYCC,$0.5699,1440187859393,"125,541",73% bullish,of 11 ratings,N/A
CBAY,$2.69,1440187859435,"42,788",100% bullish,of 1 rating,$4
CYNA,$16.08,1440187859457,"23,175",100% bullish,of 1 rating,$31.50
CYNO,$32.006,1440187859524,"239,315",67% bearish,of 3 ratings,$45.50
CYRN,$1.64,1440187859555,"253,906",67% bullish,of 3 ratings,$4
CY,$9.3011,1440187859583,"3,375,286",80% bullish,of 10 ratings,$15.50
CYTK,$6.54,1440187859796,"191,751",71% bullish,of 14 ratings,$13.50
CONE,$33.0124,1440187859827,"451,606",67% bearish,of 3 ratings,$35
CYTX,$0.375,1440187859930,"766,187",83% bullish,of 12 ratings,$5.50
CYTR,$2.18,1440187859982,"752,681",67% bullish,of 6 ratings,$10
CTSO,$6.95,1440187860066,"54,249",Not yet rated,NULL,$15.625
DAEG,$0.3443,1440187860093,"4,306",100% bearish,of 1 rating,N/A
TVIX,$9.11,1440187860115,"19,488,898",81% bullish,of 16 ratings,N/A
TVIZ,$14.69,1440187860175,"3,240",100% bearish,of 1 rating,N/A
XIV,$36.27,1440187860244,"24,970,454",75% bearish,of 4 ratings,N/A
DJCO,$197.2,1440187860393,"1,920",Not yet rated,NULL,N/A
ZIV,$46.39,1440187860461,"149,070",Not yet rated,NULL,N/A
DAKT,$11.6696,1440187860531,"197,162",50% bullish,of 2 ratings,$14
DARA,$0.9,1440187860561,"39,987",83% bullish,of 6 ratings,$1.50
DTLK,$5.5,1440187860590,"90,590",100% bearish,of 1 rating,$9
DAIO,$2.55,1440187860663,"4,354",Not yet rated,NULL,N/A
DRAM,$1.4,1440187860834,"5,900",78% bullish,of 9 ratings,N/A
PLAY,$34.47,1440187860896,"227,262",100% bullish,of 5 ratings,$42
DTEA,$13.49,1440187860964,"126,308",100% bearish,of 2 ratings,$24
DWCH,$4.97,1440187860996,"77,045",75% bullish,of 4 ratings,$8.25
DWSN,$4.02,1440187861027,"43,597",67% bullish,of 3 ratings,$6
TRAK,$62.9201,1440187861096,"1,031,295",50% bullish,of 2 ratings,$62.50
DBVT,$38.55,1440187861127,"108,672",100% bearish,of 1 rating,$53
DHRM,$1.68,1440187861226,"4,586",Not yet rated,NULL,N/A
DFRG,$14.7449,1440187861383,"198,003",100% bearish,of 1 rating,$20
TACO,$13.13,1440187861411,"216,919",100% bullish,of 3 ratings,$20
DCTH,$0.48,1440187861437,"110,038",78% bullish,of 9 ratings,N/A
TACOW,$4.01,1440187861467,"3,151",100% bullish,of 1 rating,N/A
DELT,$2.59,1440187861566,"2,349",Not yet rated,NULL,N/A
DGAS,$20.24,1440187861595,"1,955",67% bearish,of 3 ratings,N/A
DENN,$11.8,1440187861792,"541,328",100% bullish,of 3 ratings,$15
DEPO,$28.859,1440187861843,"1,106,540",60% bullish,of 5 ratings,$29
DELTW,NULL,1440187861868,0,Not yet rated,NULL,N/A
XRAY,$53.6783,1440187861894,"829,397",100% bullish,of 1 rating,$58
DSCI,$6.45,1440187862090,"49,351",50% bullish,of 2 ratings,$16
DXLG,$4.5,1440187862219,"64,224",100% bearish,of 1 rating,$8
DERM,$24.15,1440187862249,"253,089",100% bearish,of 1 rating,$33.50
DSWL,$1.75,1440187862277,"9,425",100% bullish,of 1 rating,N/A
DEST,$11.83,1440187862299,"39,808",50% bullish,of 2 ratings,N/A
DXM,$0.32,1440187862329,"22,270",50% bullish,of 2 ratings,N/A
DXCM,$89.9389,1440187862461,"951,629",57% bullish,of 7 ratings,$98
DHXM,NULL,1440187862486,0,Not yet rated,NULL,N/A
DMND,$30.41,1440187862544,"179,983",75% bullish,of 12 ratings,$32
DHIL,$190.8,1440187862646,"18,363",Not yet rated,NULL,N/A
DCIX,$1.74,1440187862750,"92,529",50% bullish,of 4 ratings,$3.50
FANG,$66.5833,1440187862783,"1,039,696",50% bullish,of 2 ratings,$86
DRNA,$10.34,1440187863042,"89,052",67% bearish,of 3 ratings,$25
DMRC,$36.52,1440187863072,"70,596",100% bearish,of 1 rating,$44
DGLY,$6.75,1440187863101,"241,709",50% bullish,of 6 ratings,$20
DRAD,$3.88,1440187863130,"12,681",100% bullish,of 1 rating,$5.25
DGII,$9.955,1440187863174,"76,885",100% bearish,of 1 rating,$10
DCOM,$16.82,1440187863352,"145,611",100% bearish,of 2 ratings,$16.50
DIOD,$19.3098,1440187863403,"250,351",75% bearish,of 4 ratings,$24
APPS,$2.36,1440187863457,"202,292",100% bearish,of 1 rating,$10.25
DPRX,$11.95,1440187863608,"18,525",100% bullish,of 2 ratings,$27.75
DISCK,$25.979,1440187863702,"2,864,095",100% bearish,of 1 rating,$32
DISCA,$27.0531,1440187863728,"3,006,865",67% bullish,of 3 ratings,$34
DISCB,NULL,1440187863803,0,100% bearish,of 1 rating,$35
DVCR,$10.25,1440187863932,"18,982",100% bullish,of 1 rating,N/A
BAGR,$3.01,1440187863958,"16,511",100% bearish,of 1 rating,$6
DISH,$60.95,1440187863987,"1,725,793",69% bullish,of 13 ratings,$73
DLHC,$2.5,1440187864093,"6,270",100% bearish,of 1 rating,N/A
DNBF,$27.15,1440187864130,"8,727",Not yet rated,NULL,$27.50
DSCO,$0.4055,1440187864157,"156,711",83% bullish,of 6 ratings,$2.75
DGICA,$14.4,1440187864289,"16,194",100% bearish,of 1 rating,$17
DLTR,$76.4187,1440187864320,"2,400,999",82% bullish,of 11 ratings,$88
DGICB,NULL,1440187864421,0,100% bearish,of 1 rating,N/A
DMLP,$13.9,1440187864515,"47,201",100% bearish,of 1 rating,N/A
DORM,$49.7,1440187864540,"304,383",100% bearish,of 1 rating,$56
HILL,$9.67,1440187864749,"2,311,630",60% bearish,of 5 ratings,$9.75
DWA,$19.07,1440187864781,"874,719",63% bullish,of 8 ratings,$26
DRWIW,$0.0589,1440187864807,"1,581",Not yet rated,NULL,N/A
DRWI,$0.2625,1440187864833,"193,656",60% bullish,of 5 ratings,$.45
DSKX,$3.44,1440187864889,"117,971",100% bullish,of 1 rating,N/A
CADT,$10.02,1440187864996,206,Not yet rated,NULL,N/A
DRYS,$0.3511,1440187865067,"1,480,898",77% bullish,of 31 ratings,$.60
DSPG,$8.595,1440187865199,"66,201",100% bearish,of 1 rating,$13.50
CADTU,NULL,1440187865231,0,Not yet rated,NULL,N/A
CADTW,NULL,1440187865260,0,Not yet rated,NULL,N/A
CADTR,NULL,1440187865289,0,Not yet rated,NULL,N/A
DTSI,$26.068,1440187865391,"124,204",100% bearish,of 2 ratings,$39.50
DNKN,$49.88,1440187865523,"1,290,272",67% bullish,of 15 ratings,$56.50
DRRX,$1.99,1440187865552,"341,244",50% bullish,of 6 ratings,$3
DXPE,$28.6043,1440187865580,"146,571",50% bullish,of 2 ratings,N/A
BOOM,$9.64,1440187865709,"57,962",67% bullish,of 3 ratings,$12
DYSL,$1.55,1440187865737,"180,829",100% bullish,of 2 ratings,N/A
DVAX,$27.7633,1440187865801,"346,390",70% bullish,of 10 ratings,$40
DYAX,$22.6423,1440187865826,"842,734",89% bullish,of 9 ratings,$30
DYNT,$2.86,1440187865894,"3,500",75% bullish,of 4 ratings,N/A
ETFC,$25.54,1440187865978,"2,467,262",57% bullish,of 14 ratings,$33
EBMT,$11.53,1440187866110,"19,207",Not yet rated,NULL,$13.50
EGBN,$43.2,1440187866184,"88,315",Not yet rated,NULL,$48
EGLE,$6,1440187866280,"59,444",60% bullish,of 5 ratings,N/A
ELNK,$8.58,1440187866347,"805,585",60% bullish,of 5 ratings,$9.50
EROC,$1.1,1440187866377,"356,235",50% bullish,of 2 ratings,$3
EGRX,$65.45,1440187866407,"388,495",67% bullish,of 3 ratings,$97
EWBC,$41.615,1440187866450,"1,062,070",100% bearish,of 1 rating,$50
EACQU,NULL,1440187866612,0,Not yet rated,NULL,N/A
EVBS,$6.45,1440187866643,"6,522",Not yet rated,NULL,$7
EML,$16.81,1440187866664,"6,029",Not yet rated,NULL,N/A
EBAY,$25.7932,1440187866800,"11,724,707",81% bullish,of 117 ratings,$48
EBIX,$28.1855,1440187866826,"436,589",69% bullish,of 13 ratings,$40
ELON,$0.545,1440187866852,"64,729",50% bullish,of 2 ratings,N/A
ECHO,$24.82,1440187866877,"408,462",67% bearish,of 3 ratings,$35.50
ECTE,$1.63,1440187867132,"79,784",75% bullish,of 4 ratings,N/A
SATS,$43.81,1440187867264,"154,531",50% bullish,of 2 ratings,$60
EEI,$11.09,1440187867349,"4,741",67% bearish,of 3 ratings,N/A
EDGW,$7.14,1440187867383,"35,959",100% bearish,of 1 rating,N/A
EDAP,$3.08,1440187867411,"136,353",60% bullish,of 5 ratings,$4.50
ECACU,$10.1,1440187867432,"1,738",Not yet rated,NULL,N/A
ESES,$3.45,1440187867464,"8,309",100% bearish,of 1 rating,$7
EDUC,$4.59,1440187867491,"7,183",100% bearish,of 1 rating,N/A
EFUT,NULL,1440187867744,0,Not yet rated,NULL,N/A
EHTH,$14.0805,1440187867816,"412,810",50% bullish,of 4 ratings,$16.50
EGAN,$3.47,1440187867905,"10,092",50% bullish,of 2 ratings,$6.25
LOCO,$12.26,1440187867935,"1,077,587",69% bullish,of 13 ratings,$20
EGLT,$11.42,1440187867957,"23,570",50% bullish,of 2 ratings,$21
ESLT,$80.34,1440187867986,"5,249",100% bullish,of 2 ratings,N/A
EMITF,$1.29,1440187868015,"7,100",75% bullish,of 4 ratings,N/A
ELRC,$10.65,1440187868202,"75,236",100% bearish,of 1 rating,N/A
ERI,$9.6,1440187868228,"123,053",100% bearish,of 1 rating,$10
EA,$65.58,1440187868261,"3,681,573",77% bullish,of 35 ratings,$80
ESIO,$4.58,1440187868289,"41,988",50% bullish,of 2 ratings,$10
EFII,$43.91,1440187868311,"249,106",80% bullish,of 5 ratings,$55
ELSE,$4.02,1440187868443,"1,000",60% bullish,of 5 ratings,N/A
ELEC,NULL,1440187868472,0,Not yet rated,NULL,N/A
ELECU,NULL,1440187868577,0,Not yet rated,NULL,N/A
ELECW,NULL,1440187868681,0,Not yet rated,NULL,N/A
EBIO,$3.39,1440187868707,"858,193",100% bearish,of 2 ratings,$8.35
RDEN,$10.38,1440187868774,"92,722",100% bearish,of 4 ratings,$15
CAPX,$22.63,1440187868881,"1,168",Not yet rated,NULL,N/A
ELTK,$1.04,1440187868984,"50,704",67% bearish,of 3 ratings,N/A
ESBK,$19.8,1440187869010,879,Not yet rated,NULL,N/A
LONG,$17.39,1440187869036,"18,568",67% bullish,of 3 ratings,$15.75
EMCI,$23,1440187869068,"15,490",Not yet rated,NULL,N/A
EMMS,$1.28,1440187869176,"12,299",67% bullish,of 6 ratings,N/A
EMCF,NULL,1440187869205,0,100% bearish,of 1 rating,N/A
EMKR,$7.16,1440187869232,"128,619",75% bullish,of 4 ratings,$8.50
EMMSP,$3.25,1440187869259,400,100% bearish,of 1 rating,N/A
NYNY,$4.06,1440187869432,"73,501",50% bullish,of 2 ratings,N/A
ERS,$2.86,1440187869459,"1,336",Not yet rated,NULL,N/A
ENTA,$40.22,1440187869649,"166,037",50% bullish,of 2 ratings,$42
ECYT,$5.2,1440187869721,"251,047",83% bullish,of 6 ratings,$12
WIRE,$32.7879,1440187869749,"123,697",100% bearish,of 1 rating,$37
ECPG,$39.21,1440187869780,"121,376",100% bullish,of 2 ratings,$52
ELGX,$13.15,1440187869893,"545,070",75% bullish,of 4 ratings,$17
ENDP,$76.6789,1440187869923,"2,087,540",50% bullish,of 6 ratings,$104
WATT,$6.74,1440187869961,"108,831",50% bullish,of 2 ratings,$13
EIGI,$15.18,1440187869996,"784,513",67% bearish,of 3 ratings,$22.50
EFOI,$15.8,1440187870097,"328,386",50% bullish,of 2 ratings,$20.50
ERII,$2.89,1440187870125,"84,939",80% bullish,of 5 ratings,$2.50
EXXI,$1.44,1440187870158,"1,722,122",86% bullish,of 7 ratings,$3.50
ENOC,$8.08,1440187870261,"204,557",75% bullish,of 4 ratings,$18
ENPH,$4.37,1440187870329,"558,075",75% bullish,of 4 ratings,$11
ENG,$1.02,1440187870392,"5,407",100% bullish,of 3 ratings,N/A
ESGR,$151,1440187870491,"69,159",100% bearish,of 1 rating,$185
ENTG,$13.72,1440187870647,"432,057",100% bearish,of 1 rating,$18
ENFC,$18.34,1440187870677,"2,236",Not yet rated,NULL,N/A
ETRM,$0.2331,1440187870778,"441,727",69% bearish,of 35 ratings,$1.625
ENTL,$21.44,1440187870815,"15,627",Not yet rated,NULL,$28
EBTC,$20.07,1440187870881,"7,797",Not yet rated,NULL,N/A
EFSC,$24.75,1440187870909,"68,986",Not yet rated,NULL,$27
EGT,$2.09,1440187870941,"1,500",100% bullish,of 1 rating,N/A
ENVI,$1.85,1440187870967,"15,528",67% bullish,of 3 ratings,N/A
ENZN,$1.01,1440187871102,"759,755",100% bullish,of 9 ratings,N/A
ENZY,$8.98,1440187871246,"9,946",67% bullish,of 3 ratings,$9.50
EPIQ,$13.87,1440187871283,"90,676",100% bearish,of 1 rating,$18
EPRS,$4.76,1440187871379,"74,298",82% bullish,of 11 ratings,$15
EPZM,$15.9484,1440187871411,"277,338",60% bullish,of 5 ratings,$34
PLUS,$78.1005,1440187871438,"922,732",50% bullish,of 2 ratings,$88
EQIX,$271.5542,1440187871617,"561,252",67% bullish,of 3 ratings,$312.50
ERIC,$9.9086,1440187871719,"2,357,761",63% bullish,of 8 ratings,$12.20
EQFN,$8.3,1440187871756,200,Not yet rated,NULL,N/A
EAC,$3.67,1440187871784,"15,388",100% bearish,of 1 rating,$8
ESCR,$0.14,1440187871819,"63,314",50% bullish,of 2 ratings,N/A
ESCA,$18.35,1440187871850,"25,215",100% bearish,of 1 rating,$22
ESCRP,$1.65,1440187871878,"5,017",100% bearish,of 1 rating,N/A
ERIE,$84.8607,1440187871912,"24,592",Not yet rated,NULL,$73
ESMC,$1.33,1440187872048,502,Not yet rated,NULL,N/A
ESPR,$54.519,1440187872186,"1,348,706",67% bearish,of 9 ratings,$123
ESSA,$12.45,1440187872290,"16,679",100% bearish,of 1 rating,N/A
EPIX,$6.1,1440187872438,"1,200",Not yet rated,NULL,N/A
ESSX,$0.5249,1440187872470,"6,504",50% bullish,of 2 ratings,N/A
ESND,$35.1125,1440187872491,"123,032",100% bearish,of 2 ratings,$40
ETSY,$13.46,1440187872526,"788,889",80% bullish,of 5 ratings,$16
ESEA,$6.15,1440187872571,"3,082",100% bullish,of 1 rating,$15
CLWT,NULL,1440187872625,0,100% bearish,of 1 rating,N/A
EVK,$3.74,1440187872774,982,75% bearish,of 4 ratings,N/A
EVEP,$7.26,1440187872880,"294,425",50% bullish,of 2 ratings,$15
EEFT,$65.216,1440187872911,"233,458",100% bearish,of 1 rating,$67.50
EVOK,$4,1440187872939,"114,285",100% bearish,of 1 rating,$13.375
EXA,$10.73,1440187872965,"22,120",100% bearish,of 1 rating,$13
EVOL,$5.85,1440187872996,"13,690",75% bullish,of 4 ratings,$10
EVLV,$2.14,1440187873018,"83,074",60% bullish,of 5 ratings,$6.50
EXAS,$20.31,1440187873336,"1,226,218",78% bullish,of 9 ratings,$31
EXFO,$2.9,1440187873393,"3,400",67% bearish,of 3 ratings,$3.95
EXEL,$5.25,1440187873419,"5,408,583",81% bullish,of 16 ratings,$6
EXAC,$18.17,1440187873441,"98,124",100% bearish,of 1 rating,$22.50
EXPE,$114.6131,1440187873599,"1,226,376",64% bullish,of 11 ratings,$130
EXLS,$36.55,1440187873626,"175,936",100% bullish,of 1 rating,$41
EXPD,$48.2,1440187873682,"1,794,077",80% bullish,of 5 ratings,$51.50
EXLP,$18.2,1440187873921,"94,731",100% bearish,of 1 rating,$27
EXPO,$42.8,1440187873946,"127,698",100% bearish,of 1 rating,$45.50
EXTR,$2.85,1440187873975,"801,523",80% bullish,of 5 ratings,$3
ESRX,$84.8863,1440187874010,"5,083,529",67% bearish,of 6 ratings,$101
EYEG,$4.17,1440187874104,"19,980",Not yet rated,NULL,N/A
EYEGW,$1.24,1440187874136,800,Not yet rated,NULL,N/A
EZCH,$21.31,1440187874162,"126,057",75% bullish,of 8 ratings,$19.50
EZPW,$6.083,1440187874329,"349,537",50% bullish,of 4 ratings,$7.50
FFIV,$122.6203,1440187874397,"835,799",63% bullish,of 8 ratings,$132
FB,$86.17,1440187874486,"39,139,944",73% bullish,of 1065 ratings,$111
FWM,$2.25,1440187874622,"177,540",100% bearish,of 2 ratings,$3.20
FRP,$16.9,1440187874651,"49,814",100% bearish,of 1 rating,$18
FCS,$13.1967,1440187874686,"1,077,164",67% bearish,of 3 ratings,$17
FALC,$1.65,1440187874728,"10,845",63% bearish,of 8 ratings,N/A
FARM,$22.62,1440187874786,"20,723",100% bearish,of 1 rating,$35
DAVE,$14.36,1440187874811,"19,659",100% bearish,of 1 rating,$15.50
FARO,$38.92,1440187874942,"117,549",50% bullish,of 2 ratings,$48
FMNB,$8.03,1440187874971,"3,462",Not yet rated,NULL,N/A
FAST,$39.19,1440187875040,"2,976,764",80% bullish,of 5 ratings,$46
FFKT,$26.79,1440187875234,"20,120",Not yet rated,NULL,$29
FATE,$6.24,1440187875291,"82,980",50% bullish,of 2 ratings,$11
FBSS,NULL,1440187875316,0,Not yet rated,NULL,N/A
FBRC,$22.24,1440187875362,"44,108",100% bearish,of 1 rating,$29
FDML,$8.96,1440187875461,"229,053",50% bullish,of 4 ratings,$14
FEIC,$77.57,1440187875503,"342,007",50% bullish,of 2 ratings,$95.50
FHCO,$1.43,1440187875541,"18,402",50% bullish,of 4 ratings,N/A
FNHC,$21.9415,1440187875605,"79,526",100% bearish,of 1 rating,$35
FGEN,$22.96,1440187875819,"371,984",100% bearish,of 1 rating,$39
FCSC,$5.86,1440187875855,"211,154",100% bearish,of 1 rating,$8.125
FENX,$9.84,1440187875912,"58,352",100% bullish,of 1 rating,$14.25
ONEQ,$185.63,1440187875946,"41,902",100% bullish,of 1 rating,N/A
LION,$19.31,1440187875974,"106,716",100% bullish,of 1 rating,$20
FDUS,$14.42,1440187876007,"64,363",100% bullish,of 1 rating,$18
FRGI,$51.57,1440187876103,"146,882",50% bullish,of 2 ratings,$70
FSAM,$8.56,1440187876201,"20,209",100% bearish,of 1 rating,$11
FSC,$6.42,1440187876228,"839,385",75% bullish,of 4 ratings,$8
FSCFL,$24.7,1440187876373,"11,419",Not yet rated,NULL,N/A
FSFR,$8.92,1440187876406,"131,626",100% bearish,of 1 rating,$11.50
FITB,$19.8228,1440187876479,"7,056,852",54% bullish,of 13 ratings,$22
FNGN,$33.4022,1440187876505,"480,322",67% bullish,of 3 ratings,$47
FITBI,$27.68,1440187876535,"5,800",Not yet rated,NULL,N/A
FISI,$24.75,1440187876639,"40,469",100% bullish,of 2 ratings,$24.50
FNSR,$15.33,1440187876665,"1,131,337",71% bullish,of 7 ratings,$24.50
FNJN,$1.66,1440187876904,"15,161",100% bearish,of 1 rating,$5
FNTC,NULL,1440187876964,0,Not yet rated,NULL,N/A
FNTCU,NULL,1440187876991,0,Not yet rated,NULL,N/A
FBNC,$16.81,1440187877072,"59,128",100% bullish,of 1 rating,$20
FEYE,$36.85,1440187877121,"7,323,254",87% bullish,of 15 ratings,$55.50
FNTCW,NULL,1440187877147,0,Not yet rated,NULL,N/A
FNLC,$18.46,1440187877307,"16,962",100% bullish,of 1 rating,N/A
FRBA,$6.02,1440187877451,611,Not yet rated,NULL,$8
BUSE,$6.37,1440187877480,"194,311",Not yet rated,NULL,$6.875
FBIZ,$44,1440187877512,"28,282",100% bearish,of 2 ratings,$52
FCVA,$4.75,1440187877535,"1,132",Not yet rated,NULL,N/A
FCFS,$38.15,1440187877612,"154,532",100% bearish,of 2 ratings,$48
FCAP,$26.55,1440187877671,226,Not yet rated,NULL,N/A
FCNCA,$241.45,1440187877777,"17,556",Not yet rated,NULL,N/A
FCLF,$9.08,1440187877804,110,Not yet rated,NULL,N/A
FCBC,$17.88,1440187877997,"60,139",Not yet rated,NULL,$18
FCCO,$12.11,1440187878097,202,Not yet rated,NULL,$13.25
FDEF,$38.3,1440187878195,"42,012",Not yet rated,NULL,$38
FBNK,$16.65,1440187878229,"59,460",100% bearish,of 1 rating,$17.50
FFBC,$18.76,1440187878260,"171,985",67% bearish,of 3 ratings,$20.25
FFNM,$6.32,1440187878286,"3,040",Not yet rated,NULL,N/A
FFBCW,NULL,1440187878323,0,100% bearish,of 1 rating,N/A
FCFP,$6.9,1440187878358,"2,500",Not yet rated,NULL,N/A
FFIN,$31.13,1440187878498,"283,435",50% bullish,of 2 ratings,$31.75
FFNW,$12.33,1440187878532,"20,887",Not yet rated,NULL,$14
THFF,$33.27,1440187878632,"47,106",Not yet rated,NULL,$35
FFWM,$21.44,1440187878662,"10,014",Not yet rated,NULL,$24
INBK,$32.43,1440187878795,"13,595",50% bullish,of 2 ratings,$37
FIBK,$26.83,1440187878822,"82,782",Not yet rated,NULL,$32
FMBH,NULL,1440187878977,0,Not yet rated,NULL,N/A
FMBI,$17.8489,1440187879076,"360,515",Not yet rated,NULL,$20
FRME,$25.47,1440187879104,"196,794",Not yet rated,NULL,$26.50
FNBC,$34.45,1440187879134,"115,292",Not yet rated,NULL,$41.50
FNWB,$12.08,1440187879170,"8,662",Not yet rated,NULL,N/A
FSFG,$30.1754,1440187879260,729,Not yet rated,NULL,N/A
FSGI,$2.45,1440187879287,"4,889",Not yet rated,NULL,N/A
FSLR,$45.36,1440187879364,"2,159,642",74% bullish,of 39 ratings,$65
FSBK,$7.93,1440187879446,"1,541",100% bullish,of 1 rating,N/A
BICK,$19.6,1440187879574,"1,801",100% bullish,of 1 rating,N/A
FNFG,$9.23,1440187879602,"1,650,136",80% bullish,of 5 ratings,$9
FBZ,NULL,1440187879628,0,Not yet rated,NULL,N/A
FTCS,$36.65,1440187879764,"33,745",Not yet rated,NULL,N/A
FCAN,$24.47,1440187879789,964,Not yet rated,NULL,N/A
FV,$23.2,1440187879958,"4,139,653",Not yet rated,NULL,N/A
FCA,$20,1440187879997,"2,607",Not yet rated,NULL,N/A
IFV,$17.6,1440187880022,"2,040,199",100% bearish,of 1 rating,N/A
TDIV,$24.46,1440187880156,"449,109",100% bearish,of 1 rating,N/A
FEMB,NULL,1440187880182,0,Not yet rated,NULL,N/A
FTSM,$59.9,1440187880207,"20,701",100% bearish,of 1 rating,N/A
FEUZ,$30.69,1440187880238,"5,731",Not yet rated,NULL,N/A
MDIV,$19.22,1440187880367,"565,706",Not yet rated,NULL,N/A
FTGC,$22.05,1440187880432,"122,767",Not yet rated,NULL,N/A
FTHI,$19.4,1440187880521,"10,468",Not yet rated,NULL,N/A
FGM,$35.03,1440187880563,"69,317",Not yet rated,NULL,N/A
HYLS,$49.22,1440187880692,"102,494",100% bearish,of 1 rating,N/A
FHK,$32.72,1440187880744,"128,700",Not yet rated,NULL,N/A
FPXI,$27.51,1440187880883,"1,318",Not yet rated,NULL,N/A
PLTM,$6.66,1440187880983,"3,862",100% bearish,of 1 rating,N/A
SKYY,$28.68,1440187881010,"76,557",100% bullish,of 1 rating,N/A
YDIV,$16.62,1440187881034,"2,670",Not yet rated,NULL,N/A
CU,$12.76,1440187881066,"13,066",100% bearish,of 1 rating,N/A
FJP,$46.13,1440187881092,"49,025",Not yet rated,NULL,N/A
FTLB,$19.28,1440187881292,"2,451",100% bearish,of 1 rating,N/A
LMBS,$50.49,1440187881318,962,Not yet rated,NULL,N/A
FMB,$51.195,1440187881368,"1,778",Not yet rated,NULL,N/A
QABA,$38.13,1440187881458,"44,503",100% bearish,of 1 rating,N/A
CIBR,$18.04,1440187881518,"162,032",Not yet rated,NULL,N/A
FONE,$34.05,1440187881794,"1,800",Not yet rated,NULL,N/A
QCLN,$14.54,1440187881821,"17,473",Not yet rated,NULL,N/A
CARZ,$34.42,1440187881842,"11,011",100% bearish,of 1 rating,N/A
QQEW,$41.97,1440187881887,"313,108",Not yet rated,NULL,N/A
RDVY,$21.64,1440187881908,"318,494",Not yet rated,NULL,N/A
QQXT,$40.09,1440187881979,"60,503",Not yet rated,NULL,N/A
GRID,$33.62,1440187882010,834,100% bearish,of 1 rating,N/A
QTEC,$39.35,1440187882034,"147,804",Not yet rated,NULL,N/A
AIRR,$16.37,1440187882286,"9,058",100% bearish,of 1 rating,N/A
FTSL,$48.8,1440187882322,"33,452",100% bearish,of 1 rating,N/A
QINC,$20.71,1440187882418,"1,700",Not yet rated,NULL,N/A
FKO,$22.32,1440187882563,"3,700",Not yet rated,NULL,N/A
FTW,$29.425,1440187882590,"1,534",Not yet rated,NULL,N/A
FSZ,$38.85,1440187882611,"76,690",Not yet rated,NULL,N/A
FDIV,$47.59,1440187882645,"6,143",100% bearish,of 1 rating,N/A
TUSA,$25.08,1440187882753,"4,920",Not yet rated,NULL,N/A
FUNC,$8.33,1440187882782,"3,636",Not yet rated,NULL,N/A
FKU,$41.6,1440187882808,"86,339",Not yet rated,NULL,N/A
FMER,$17.66,1440187882941,"1,788,178",50% bullish,of 2 ratings,$20
FISV,$84.9464,1440187883070,"1,447,883",100% bearish,of 3 ratings,$90
FSV,$31.87,1440187883100,"12,538",Not yet rated,NULL,$33.60
FIVE,$35.34,1440187883205,"405,181",75% bearish,of 4 ratings,$44
FPRX,$18.2718,1440187883261,"300,333",50% bullish,of 2 ratings,$35
SVVC,$10.15,1440187883282,"36,001",100% bullish,of 1 rating,$26
FLXN,$24.39,1440187883773,"85,769",100% bearish,of 1 rating,$40
FIVN,$4.11,1440187883804,"184,252",100% bullish,of 1 rating,$8.50
FLML,$21.2907,1440187883825,"132,986",50% bullish,of 2 ratings,$30
FLKS,$13.13,1440187883855,"55,394",50% bullish,of 2 ratings,$27
SKOR,$50.52,1440187883916,"1,000",Not yet rated,NULL,N/A
MBSD,NULL,1440187884023,0,Not yet rated,NULL,N/A
FLIR,$28.75,1440187884102,"714,545",100% bearish,of 1 rating,$38.50
FLXS,$30.45,1440187884207,"36,358",100% bearish,of 2 ratings,N/A
FOGO,$18.84,1440187884241,"114,696",50% bullish,of 2 ratings,$25.50
FLDM,$12.55,1440187884276,"684,464",67% bearish,of 3 ratings,$21.50
FFIC,$20.38,1440187884308,"67,863",Not yet rated,NULL,$21
FOMX,$9.79,1440187884344,"133,009",50% bullish,of 2 ratings,$23.50
FLEX,$10.5363,1440187884378,"2,453,207",63% bullish,of 8 ratings,$12
FONR,$9.54,1440187884405,"18,526",100% bullish,of 1 rating,N/A
FES,$0.92,1440187884559,"4,841",50% bullish,of 2 ratings,$1
FORM,$6,1440187884662,"264,765",67% bullish,of 3 ratings,$10.50
FORTY,$32.4,1440187884822,"4,710",Not yet rated,NULL,N/A
FORR,$32.21,1440187884860,"51,545",Not yet rated,NULL,N/A
FTNT,$42.84,1440187884927,"1,924,182",80% bullish,of 10 ratings,$52
FBIO,$2.51,1440187884955,"188,268",83% bullish,of 6 ratings,N/A
FWRD,$46.8234,1440187885026,"302,768",100% bearish,of 1 rating,$50
FXCB,$17.3,1440187885155,"16,946",Not yet rated,NULL,$19
FORD,$1.04,1440187885181,"120,974",50% bullish,of 2 ratings,N/A
FWP,$25.67,1440187885211,"46,088",100% bearish,of 1 rating,$45
FMI,$21.61,1440187885346,"384,888",100% bearish,of 2 ratings,$27.50
FOSL,$60.4023,1440187885377,"1,007,045",50% bullish,of 4 ratings,$80
FOXF,$15.25,1440187885407,"64,928",100% bearish,of 1 rating,$19
FELE,$28.92,1440187885509,"336,746",50% bullish,of 4 ratings,$33
FRAN,$10.2372,1440187885607,"618,363",50% bullish,of 4 ratings,$15
FRED,$14.5123,1440187885638,"340,534",50% bullish,of 2 ratings,$16.50
FREE,$0.43,1440187885915,"823,292",92% bullish,of 12 ratings,N/A
FEIM,$11.17,1440187886046,"8,777",100% bearish,of 1 rating,N/A
RAIL,$20.87,1440187886096,"125,322",100% bearish,of 1 rating,$24.50
FTR,$5.16,1440187886121,"19,399,325",78% bullish,of 27 ratings,$6.25
FTRPR,$102.05,1440187886257,"61,829",100% bearish,of 1 rating,N/A
FRPT,$13,1440187886286,"488,634",67% bearish,of 3 ratings,$23.50
FRPH,$30.33,1440187886312,"14,278",100% bearish,of 1 rating,N/A
FSBW,$23.34,1440187886441,"2,200",Not yet rated,NULL,N/A
FSYS,$6.38,1440187886470,"45,792",67% bullish,of 3 ratings,$10
FTEK,$2.16,1440187886512,"40,018",75% bullish,of 4 ratings,N/A
FCEL,$0.7366,1440187886541,"1,647,623",88% bullish,of 40 ratings,$2.65
FTD,$29.45,1440187886571,"148,310",100% bearish,of 1 rating,$40
FULLL,$25.3,1440187886726,"2,099",Not yet rated,NULL,N/A
FULL,$3.14,1440187886859,"56,049",67% bearish,of 3 ratings,$4.25
FULT,$12.395,1440187887041,"1,348,168",100% bearish,of 1 rating,$13
FLL,$1.58,1440187887092,"14,473",75% bullish,of 4 ratings,$2.825
FSNN,$2.61,1440187887146,"1,800",67% bullish,of 3 ratings,$6
FXEN,$0.82,1440187887278,"170,889",75% bullish,of 4 ratings,$1.10
FFHL,NULL,1440187887468,0,50% bullish,of 4 ratings,N/A
FXENP,$15.9,1440187887494,"2,740",100% bearish,of 1 rating,N/A
WILC,$5.06,1440187887686,"5,846",100% bullish,of 2 ratings,N/A
GK,$70.1368,1440187887716,"71,323",Not yet rated,NULL,$78
GAIA,$5.86,1440187887821,"23,978",50% bullish,of 2 ratings,$8.50
GLPG,$61.54,1440187887889,"27,887",100% bullish,of 1 rating,$75
GALTU,NULL,1440187888095,0,100% bearish,of 1 rating,N/A
GALE,$1.34,1440187888286,"1,290,118",89% bullish,of 47 ratings,$4
GALT,$1.99,1440187888318,"104,198",80% bullish,of 5 ratings,N/A
GALTW,NULL,1440187888369,0,100% bullish,of 1 rating,N/A
GLMD,$8.52,1440187888597,"9,143",67% bullish,of 3 ratings,$20.50
GLPI,$31.63,1440187888839,"491,220",100% bearish,of 1 rating,$37.50
GRMN,$38.26,1440187888869,"1,589,496",50% bullish,of 6 ratings,$48
GGAC,NULL,1440187888902,0,100% bearish,of 1 rating,N/A
GGACR,NULL,1440187888932,0,100% bullish,of 1 rating,N/A
GPIC,$11.09,1440187888965,16,100% bearish,of 1 rating,N/A
GGACU,NULL,1440187889031,0,Not yet rated,NULL,N/A
GGACW,$0.12,1440187889058,330,Not yet rated,NULL,N/A
GARS,$14.82,1440187889127,"25,735",Not yet rated,NULL,$16
GFN,$3.59,1440187889259,"35,382",100% bearish,of 2 ratings,$8
GNCMA,$16.7584,1440187889329,"176,813",100% bearish,of 1 rating,$12
GENC,$9.48,1440187889360,"1,326",100% bearish,of 1 rating,N/A
GFNSL,$25.8,1440187889463,"1,200",Not yet rated,NULL,N/A
GFNCP,NULL,1440187889505,0,Not yet rated,NULL,N/A
GNMK,$9.4,1440187889531,"144,370",67% bullish,of 6 ratings,$14
GENE,$2.36,1440187889558,"148,645",100% bullish,of 12 ratings,N/A
GNCA,$12.48,1440187889839,"167,885",100% bearish,of 1 rating,$20
GNTX,$15.215,1440187889861,"1,719,300",Not yet rated,NULL,$20
GHDX,$25.37,1440187889895,"135,495",50% bullish,of 2 ratings,$30
THRM,$44.1292,1440187889940,"307,677",75% bearish,of 4 ratings,$55.50
GEOS,$15.3318,1440187889993,"113,335",100% bearish,of 3 ratings,$25.50
GNVC,$2.24,1440187890021,"34,482",90% bullish,of 10 ratings,$8.50
GABC,$29.73,1440187890085,"46,510",Not yet rated,NULL,$31.50
GTWN,NULL,1440187890110,0,Not yet rated,NULL,N/A
GERN,$3.08,1440187890348,"2,152,470",88% bullish,of 16 ratings,$5.25
GEVO,$2.29,1440187890507,"240,735",75% bullish,of 12 ratings,$5
ROCK,$17.5788,1440187890548,"234,405",80% bullish,of 5 ratings,$24
GIGM,$0.6,1440187890652,"112,719",100% bullish,of 2 ratings,N/A
GIGA,$1.42,1440187890786,"46,287",100% bearish,of 1 rating,N/A
GIII,$64.8024,1440187890815,"268,679",67% bullish,of 3 ratings,$75
GILD,$105.8,1440187890915,"15,196,581",91% bullish,of 86 ratings,$129
GBCI,$26.4382,1440187890942,"327,094",50% bullish,of 2 ratings,$31
GILT,$4.47,1440187890970,"2,023",50% bullish,of 2 ratings,N/A
GLAD,$8.51,1440187890992,"155,251",50% bullish,of 2 ratings,$8.75
GLADO,$25.59,1440187891027,"3,000",Not yet rated,NULL,N/A
GOODN,$25.64,1440187891309,426,Not yet rated,NULL,N/A
GOOD,$15.44,1440187891407,"97,400",Not yet rated,NULL,$19
GOODP,$25.14,1440187891439,"1,250",Not yet rated,NULL,N/A
GAIN,$7.47,1440187891541,"246,309",100% bullish,of 2 ratings,$8.25
GOODO,$25.1,1440187891567,865,Not yet rated,NULL,N/A
GAINN,$25.2379,1440187891593,150,Not yet rated,NULL,N/A
GAINO,$25.31,1440187891849,"1,726",Not yet rated,NULL,N/A
GLBZ,NULL,1440187891910,0,Not yet rated,NULL,N/A
GBT,$45.6,1440187891932,"252,164",100% bearish,of 1 rating,N/A
LAND,$9.5,1440187891963,"16,739",50% bullish,of 2 ratings,$13.75
ENT,$11.73,1440187891995,"194,382",100% bearish,of 1 rating,$18
GAINP,$25.85,1440187892029,"3,950",Not yet rated,NULL,N/A
GDEF,$10.5401,1440187892095,100,Not yet rated,NULL,N/A
GBLI,$26.25,1440187892123,"15,809",Not yet rated,NULL,N/A
GSOL,$8.26,1440187892284,"15,789",100% bearish,of 1 rating,N/A
GPACU,$10.1,1440187892313,"2,954",Not yet rated,NULL,N/A
ACTX,$13.25,1440187892415,600,100% bullish,of 1 rating,N/A
QQQC,$19.26,1440187892558,"4,950",100% bearish,of 1 rating,N/A
SOCL,$17.18,1440187892588,"100,120",100% bullish,of 2 ratings,N/A
ALTY,$14.587,1440187892614,700,Not yet rated,NULL,N/A
YLCO,$11.75,1440187892640,"1,235",Not yet rated,NULL,N/A
SRET,$13.6,1440187892696,"4,194",Not yet rated,NULL,N/A
GAI,$5.27,1440187892773,"3,415",50% bullish,of 2 ratings,N/A
GBIM,$2.26,1440187893200,"43,964",50% bullish,of 2 ratings,N/A
GLBS,$1.06,1440187893230,"10,500",67% bullish,of 3 ratings,N/A
GSM,$13.25,1440187893331,"377,162",50% bullish,of 2 ratings,$24.50
GLYC,$7.26,1440187893415,"7,663",50% bullish,of 2 ratings,$14
GLRI,$1.1,1440187893440,"80,101",100% bearish,of 1 rating,$6
GLUU,$4.37,1440187893469,"2,312,445",92% bullish,of 26 ratings,$9
GOGO,$15.48,1440187893495,"477,578",80% bullish,of 5 ratings,$25
GMLP,$19.13,1440187893734,"137,627",50% bullish,of 4 ratings,$32.50
GLNG,$35.4577,1440187893765,"792,567",83% bullish,of 6 ratings,$58
GLDC,$4.13,1440187893804,"4,680",50% bullish,of 2 ratings,N/A
GDEN,$8.88,1440187893873,"11,421",50% bullish,of 2 ratings,N/A
GOGL,$2.92,1440187893936,"537,866",75% bullish,of 4 ratings,$5
GBDC,$16.52,1440187893964,"144,609",Not yet rated,NULL,$17.75
GOOG,$614.9,1440187893992,"2,210,910",89% bullish,of 66 ratings,$825
GTIM,$6.47,1440187894038,"80,995",Not yet rated,NULL,$11.50
GPRO,$48.541,1440187894226,"5,799,855",78% bullish,of 58 ratings,$72
GOOGL,$645.09,1440187894265,"2,420,208",88% bullish,of 1079 ratings,$749
GMAN,$4.4,1440187894314,"71,999",60% bullish,of 5 ratings,$8
GPIA,NULL,1440187894400,0,Not yet rated,NULL,N/A
GPIAU,NULL,1440187894549,0,Not yet rated,NULL,N/A
LOPE,$37.2,1440187894580,"397,157",100% bearish,of 2 ratings,$50
GPIAW,NULL,1440187894611,0,Not yet rated,NULL,N/A
GRVY,$3.43,1440187894683,"1,202",50% bullish,of 2 ratings,N/A
GBSN,$1.41,1440187894712,"747,456",100% bearish,of 1 rating,$8.25
GBSNU,$16,1440187894769,"22,548",Not yet rated,NULL,N/A
GLDD,$5.39,1440187894843,"280,828",100% bearish,of 4 ratings,$7.75
GSBC,$40.6,1440187894938,"35,772",100% bullish,of 1 rating,$44
GRBK,$13.48,1440187895017,"147,945",77% bullish,of 13 ratings,N/A
GNBC,$12.08,1440187895078,"33,303",100% bearish,of 1 rating,$17
GPRE,$18.8394,1440187895211,"819,957",67% bullish,of 6 ratings,$28.50
GPP,$14.93,1440187895238,"24,630",Not yet rated,NULL,$20.50
GCBC,NULL,1440187895265,0,100% bullish,of 1 rating,N/A
GLRE,$24.86,1440187895486,"247,748",50% bullish,of 2 ratings,$41
GRIF,$30.945,1440187895514,209,100% bearish,of 1 rating,N/A
GRPN,$4.1,1440187895536,"7,012,837",61% bullish,of 71 ratings,$6.75
GGAL,$18.3,1440187895573,"411,309",80% bullish,of 5 ratings,$40
GRFS,$30.34,1440187895595,"179,643",50% bullish,of 2 ratings,$35
OMAB,$39.57,1440187895729,"24,030",100% bullish,of 1 rating,$44
GSIG,$13.11,1440187895762,"69,945",100% bearish,of 2 ratings,N/A
GSIT,$4.97,1440187895784,"9,824",100% bearish,of 1 rating,N/A
GSVC,$8.85,1440187895910,"118,274",50% bullish,of 2 ratings,$14.50
GTXI,$0.83,1440187895948,"68,416",100% bullish,of 5 ratings,$.75
GBNK,$15.76,1440187896120,"51,443",100% bearish,of 1 rating,$18
GIFI,$11.976,1440187896207,"46,838",100% bearish,of 1 rating,$16
GUID,$7.29,1440187896235,"186,403",100% bearish,of 3 ratings,$10
GURE,$1.62,1440187896262,"151,052",88% bullish,of 8 ratings,N/A
GPOR,$33.8369,1440187896399,"928,982",75% bullish,of 4 ratings,$55
GULTU,$0.2905,1440187896421,"102,116",100% bearish,of 1 rating,N/A
GFED,$14.94,1440187896456,10,Not yet rated,NULL,$17
GWPH,$104.37,1440187896497,"199,692",78% bullish,of 9 ratings,$148.50
HEES,$16.4139,1440187896557,"304,623",67% bearish,of 3 ratings,$31
GWGH,$7.35,1440187896693,"1,284",100% bearish,of 1 rating,$15.05
GYRO,$2.85,1440187896763,"76,416",100% bearish,of 1 rating,N/A
HNRG,$7.22,1440187896864,"120,382",100% bearish,of 1 rating,$10
HALL,$11.67,1440187896897,"36,068",Not yet rated,NULL,N/A
HLG,$9.64,1440187896923,"5,100",100% bearish,of 1 rating,N/A
HALO,$17.3456,1440187896953,"1,198,917",67% bullish,of 3 ratings,$22.50
HBK,$13.8,1440187897083,8,50% bullish,of 2 ratings,N/A
HMPR,$1.89,1440187897108,"117,276",100% bullish,of 1 rating,N/A
HBHCL,$24.49,1440187897353,"18,426",Not yet rated,NULL,N/A
HNH,$27.82,1440187897384,"21,390",100% bullish,of 1 rating,N/A
HAFC,$24.565,1440187897417,"115,146",100% bullish,of 2 ratings,$28.50
HBHC,$26.87,1440187897453,"447,938",50% bullish,of 2 ratings,$30
HQCL,$8.63,1440187897512,"24,293",67% bullish,of 3 ratings,N/A
HNSN,$0.501,1440187897543,"78,898",88% bullish,of 8 ratings,$.40
HLIT,$5.58,1440187897570,"327,009",100% bearish,of 1 rating,$6.50
HDNG,$9.98,1440187897698,"11,225",50% bullish,of 4 ratings,N/A
HRMNU,NULL,1440187897878,0,Not yet rated,NULL,N/A
HRMNW,NULL,1440187897904,0,Not yet rated,NULL,N/A
HRMN,NULL,1440187897925,0,Not yet rated,NULL,N/A
HBIO,$4.39,1440187898060,"79,964",Not yet rated,NULL,$10
HART,$0.775,1440187898092,"213,330",100% bearish,of 1 rating,N/A
TINY,$2.45,1440187898120,"20,315",50% bullish,of 2 ratings,$5.26
HCAP,$12.17,1440187898196,"24,008",50% bullish,of 2 ratings,$15
HAS,$75.18,1440187898325,"1,046,439",63% bullish,of 8 ratings,$84.50
HCOM,$22.51,1440187898356,"36,872",100% bearish,of 1 rating,$28
HCAPL,$25.4,1440187898386,"1,773",Not yet rated,NULL,N/A
HA,$23.41,1440187898456,"923,703",67% bullish,of 9 ratings,$27
HWKN,$36.84,1440187898546,"28,664",Not yet rated,NULL,N/A
HDS,$33.08,1440187898630,"1,295,325",100% bearish,of 2 ratings,$39.50
HWBK,$13.8,1440187898991,674,100% bearish,of 1 rating,N/A
HAYN,$37.88,1440187899023,"48,279",100% bearish,of 1 rating,$59
HCSG,$33.55,1440187899080,"302,382",50% bullish,of 4 ratings,$35
HQY,$29.27,1440187899102,"390,447",67% bullish,of 3 ratings,$31
HIIQ,$4.48,1440187899130,"28,731",50% bullish,of 2 ratings,$7
HSTM,$24.87,1440187899165,"218,768",50% bullish,of 2 ratings,$33.75
HWAY,$12.48,1440187899187,"381,750",100% bearish,of 1 rating,$15
HTLD,$20.1751,1440187899235,"489,460",Not yet rated,NULL,$22.50
HTLF,$36.24,1440187899411,"47,609",100% bullish,of 1 rating,$39.50
HTWR,$83.2467,1440187899467,"236,607",50% bullish,of 2 ratings,$103
HTBX,$5.31,1440187899553,"21,712",50% bullish,of 2 ratings,$15.50
HSII,$20.1801,1440187899578,"58,537",100% bullish,of 3 ratings,$25
HELE,$87.974,1440187899632,"148,895",67% bearish,of 3 ratings,$100
HMNY,$2.2261,1440187899845,"2,878",100% bearish,of 1 rating,N/A
HNNA,$24.57,1440187899873,"15,081",Not yet rated,NULL,N/A
HCACU,$10.0043,1440187899895,"2,000",Not yet rated,NULL,N/A
HMTV,$12.84,1440187899933,"12,420",100% bearish,of 1 rating,$16
HERO,$0.058,1440187899960,"5,839,443",81% bullish,of 16 ratings,$.75
HTBK,$11.1,1440187900029,"92,972",Not yet rated,NULL,$12
HFWA,$17.74,1440187900159,"61,449",100% bullish,of 1 rating,$20
HSIC,$139.526,1440187900187,"459,795",83% bullish,of 6 ratings,$146
HEOP,$7.68,1440187900347,"26,084",Not yet rated,NULL,$8.50
MLHR,$28.2,1440187900374,"235,332",50% bullish,of 2 ratings,$33.50
HCCI,$11.65,1440187900403,"26,740",100% bearish,of 1 rating,$16.50
HRTX,$35.05,1440187900576,"827,499",67% bullish,of 6 ratings,$41
HFFC,$16.27,1440187900607,946,Not yet rated,NULL,N/A
HSKA,$33.2,1440187900676,"28,318",100% bearish,of 1 rating,$38
HIMX,$6.29,1440187900712,"1,170,901",86% bullish,of 21 ratings,$8.50
HIBB,$37.37,1440187900738,"1,127,653",100% bearish,of 1 rating,$48.50
HIHO,$4,1440187900764,"9,057",Not yet rated,NULL,N/A
HPJ,$2.25,1440187900807,"130,395",75% bullish,of 4 ratings,$12.43
HIFS,$118.1,1440187900997,"8,678",Not yet rated,NULL,N/A
HMSY,$8.8939,1440187901089,"1,307,059",67% bullish,of 3 ratings,$19.35
HMNF,$11.42,1440187901114,"2,480",Not yet rated,NULL,N/A
HSGX,$5.92,1440187901142,"24,278",100% bearish,of 1 rating,$17
HOLX,$39.8246,1440187901271,"2,122,075",67% bullish,of 3 ratings,$42
HOLI,$16.76,1440187901296,"227,431",50% bullish,of 4 ratings,$27
HBCP,$24.4,1440187901439,"41,618",Not yet rated,NULL,$29
HOMB,$39.2496,1440187901469,"316,469",Not yet rated,NULL,$41
HFBL,$21.69,1440187901513,"1,800",Not yet rated,NULL,N/A
HMIN,$29.096,1440187901538,"61,111",100% bearish,of 2 ratings,$35
AWAY,$29.3721,1440187901569,"938,683",67% bullish,of 3 ratings,$36
HMST,$21.4698,1440187901618,"118,064",100% bullish,of 2 ratings,$27
HKTV,$4.68,1440187901748,"7,455",100% bearish,of 1 rating,N/A
HTBI,$18.39,1440187901822,"69,505",67% bullish,of 3 ratings,$18.625
CETC,$0.77,1440187901882,"45,584",86% bullish,of 7 ratings,N/A
HOFT,$24.43,1440187901954,"62,448",100% bearish,of 1 rating,N/A
HFBC,$11.61,1440187902037,"2,835",Not yet rated,NULL,N/A
HBNC,$24.075,1440187902089,"37,937",100% bullish,of 1 rating,$27
HZNP,$29.0051,1440187902117,"2,446,115",85% bullish,of 20 ratings,$40
HRZN,$10.59,1440187902265,"54,947",100% bearish,of 1 rating,$14.25
ZINC,$7.12,1440187902294,"615,934",100% bearish,of 1 rating,$17
HDP,$25.2793,1440187902327,"230,878",67% bearish,of 3 ratings,$30.50
HMHC,$22.4,1440187902356,"915,626",Not yet rated,NULL,$27
HWCC,$7.22,1440187902426,"136,206",100% bearish,of 1 rating,$9
HOVNP,NULL,1440187902454,0,100% bearish,of 1 rating,N/A
HBMD,$14.95,1440187902591,502,100% bearish,of 1 rating,N/A
HTGM,$5.59,1440187902727,"9,721",100% bearish,of 1 rating,$19.50
HUBG,$39.1996,1440187902754,"202,881",100% bearish,of 1 rating,$43
HSNI,$61.209,1440187902794,"237,717",Not yet rated,NULL,$80
HCBK,$9.5886,1440187902926,"2,399,160",83% bullish,of 6 ratings,$8.61
HBAN,$11,1440187902958,"6,912,369",76% bullish,of 17 ratings,$12.29
HDSN,$2.81,1440187902985,"30,286",100% bullish,of 1 rating,$6.25
HSON,$2.8,1440187903013,"20,391",100% bearish,of 1 rating,$5
HBANP,$1337,1440187903201,12,100% bearish,of 1 rating,N/A
HURN,$73.02,1440187903235,"107,683",50% bullish,of 2 ratings,$80
HTCH,$1.58,1440187903268,"60,402",100% bearish,of 1 rating,$3.50
HURC,$29.88,1440187903332,"26,667",100% bearish,of 1 rating,N/A
HBP,$3.09,1440187903363,"1,457",100% bullish,of 1 rating,N/A
HDRA,NULL,1440187903396,0,Not yet rated,NULL,N/A
HDRAR,NULL,1440187903432,0,Not yet rated,NULL,N/A
HDRAU,$10.06,1440187903641,100,Not yet rated,NULL,N/A
HDRAW,NULL,1440187903739,0,Not yet rated,NULL,N/A
HYGS,$7.48,1440187903783,"42,666",50% bullish,of 2 ratings,$13
IDSY,$3.85,1440187903808,"6,888",100% bearish,of 1 rating,$7
IACI,$71.294,1440187903874,"766,566",75% bullish,of 4 ratings,$90
IEP,$67.3,1440187904043,"123,367",75% bullish,of 4 ratings,$99
IKGH,$1.81,1440187904084,"12,492",75% bullish,of 4 ratings,N/A
ICAD,$3.54,1440187904110,"22,041",50% bullish,of 2 ratings,$7.25
ICFI,$35.71,1440187904183,"103,226",50% bullish,of 2 ratings,$48.50
ICLR,$77.7483,1440187904280,"297,830",100% bearish,of 3 ratings,$85
ICON,$12.2561,1440187904310,"746,070",50% bullish,of 2 ratings,$18.50
ICUI,$115.5473,1440187904337,"145,175",Not yet rated,NULL,$122
IBKC,$60.35,1440187904359,"189,308",100% bullish,of 1 rating,$70
IPWR,$7.36,1440187904491,"3,392",100% bullish,of 1 rating,$15
INVE,$4.66,1440187904598,"109,550",75% bullish,of 4 ratings,$4
IDRA,$2.54,1440187904625,"1,111,738",89% bullish,of 9 ratings,$6.50
IDXX,$74.8121,1440187904766,"437,385",100% bearish,of 1 rating,$77
DSKY,$12.1367,1440187904797,"291,194",67% bullish,of 6 ratings,$11.50
IROQ,$16.68,1440187904868,502,100% bullish,of 1 rating,N/A
RXDX,$12.57,1440187904955,"106,476",100% bullish,of 1 rating,$20
IRG,$4.73,1440187904998,"29,774",100% bearish,of 1 rating,$4.50
IIVI,$17.6388,1440187905087,"233,301",100% bearish,of 1 rating,$22
IKNX,$11.46,1440187905144,722,100% bearish,of 1 rating,N/A
IKAN,$2.73,1440187905219,"14,561",83% bullish,of 6 ratings,$5
ILMN,$200.13,1440187905248,"1,003,627",80% bullish,of 5 ratings,$240
KANG,$15,1440187905271,"344,010",50% bullish,of 2 ratings,$22.55
ISNS,$3.82,1440187905434,"67,780",50% bullish,of 2 ratings,N/A
IMMR,$11.3557,1440187905473,"214,334",80% bullish,of 5 ratings,$15.50
ICCC,$8.05,1440187905602,"7,929",100% bullish,of 1 rating,N/A
IMNP,$1.38,1440187905632,"103,462",50% bullish,of 2 ratings,$6
IMGN,$13.1867,1440187905699,"1,099,802",75% bullish,of 4 ratings,$17.50
IMDZ,$15.49,1440187905738,"54,444",100% bearish,of 1 rating,$33
IMMU,$1.87,1440187905887,"970,908",86% bullish,of 7 ratings,$2
IPXL,$43.4417,1440187905929,"688,709",67% bullish,of 3 ratings,$46.50
IMMY,$7.49,1440187905985,"6,448",100% bearish,of 1 rating,$11
INCY,$104.4039,1440187906211,"700,396",50% bullish,of 6 ratings,$125.50
INCR,$42.3575,1440187906240,"1,095,182",50% bullish,of 2 ratings,$53
INDB,$46.44,1440187906270,"85,444",Not yet rated,NULL,$44
SAAS,$7.71,1440187906297,"475,297",50% bullish,of 2 ratings,$15
IBCP,$14.21,1440187906327,"65,778",100% bullish,of 1 rating,$14.50
IBTX,$42.68,1440187906371,"38,826",100% bullish,of 2 ratings,$47.25
IDSA,$3.64,1440187906430,274,Not yet rated,NULL,N/A
INFN,$21.0675,1440187906647,"2,776,229",71% bullish,of 7 ratings,$28
INFI,$9.44,1440187906704,"817,655",50% bullish,of 4 ratings,$18
III,$4.14,1440187906737,"158,901",57% bullish,of 7 ratings,$6
IMKTA,$52.95,1440187906812,"112,622",100% bearish,of 1 rating,N/A
IFON,$1.23,1440187906839,"45,196",75% bullish,of 4 ratings,N/A
IPCC,$80.01,1440187906885,"41,912",Not yet rated,NULL,$77.50
INNL,NULL,1440187906974,0,100% bearish,of 1 rating,$16.50
INWK,$7.33,1440187907077,"162,780",50% bullish,of 2 ratings,$10
INOD,$2.48,1440187907106,"19,784",100% bearish,of 1 rating,N/A
IPHS,$47.91,1440187907241,"88,446",100% bearish,of 1 rating,$60
IOSP,$48.9994,1440187907269,"4,230,854",100% bearish,of 1 rating,N/A
ISSC,$2.92,1440187907292,"6,140",67% bearish,of 3 ratings,N/A
INGN,$49.98,1440187907437,"167,439",100% bearish,of 1 rating,$50.50
INOV,$20.95,1440187907466,"349,401",100% bearish,of 1 rating,$33
ITEK,$13.06,1440187907488,"777,260",100% bearish,of 3 ratings,$20
ISIG,$2.5899,1440187907643,"12,103",100% bearish,of 1 rating,N/A
INO,$7.07,1440187907673,"979,855",89% bullish,of 18 ratings,$20
NSIT,$25.953,1440187907703,"159,974",50% bullish,of 2 ratings,N/A
INSM,$24.29,1440187907726,"372,160",71% bullish,of 7 ratings,$31.50
PODD,$28.8212,1440187907869,"369,758",50% bullish,of 2 ratings,$35
INSY,$32.5293,1440187907897,"739,214",75% bullish,of 4 ratings,$48
IIIN,$18,1440187907928,"114,431",100% bearish,of 2 ratings,N/A
IART,$60.6987,1440187908029,"230,544",100% bearish,of 1 rating,$71.50
NTEC,$5.94,1440187908060,"22,000",Not yet rated,NULL,N/A
IDTI,$17.341,1440187908199,"2,419,514",60% bullish,of 5 ratings,$25
IESC,$7.27,1440187908278,"1,500",100% bearish,of 1 rating,N/A
ISSI,$22.2813,1440187908308,"295,279",67% bullish,of 3 ratings,$19.75
IQNT,$19.28,1440187908342,"251,034",86% bullish,of 7 ratings,$20
INTC,$26.75,1440187908411,"35,923,689",82% bullish,of 238 ratings,$36
IPCI,$2.12,1440187908542,"35,773",67% bullish,of 6 ratings,$7.75
IPAR,$27.27,1440187908569,"58,714",67% bullish,of 3 ratings,$38
ICLD,$1.87,1440187908698,"413,066",75% bullish,of 4 ratings,N/A
ININ,$37,1440187908731,"112,699",67% bearish,of 3 ratings,$57
IBKR,$38.84,1440187908763,"572,497",100% bullish,of 1 rating,N/A
ICPT,$191.5872,1440187908837,"262,996",70% bullish,of 10 ratings,$359.50
ICLDW,$0.9601,1440187908870,"1,250",100% bearish,of 1 rating,N/A
TILE,$24.33,1440187908939,"571,726",67% bearish,of 3 ratings,$27
IDCC,$47.7608,1440187908967,"291,706",80% bullish,of 5 ratings,$63
INAP,$8.27,1440187909160,"154,828",75% bullish,of 4 ratings,$11
IMI,$2.13,1440187909189,"9,131",67% bullish,of 3 ratings,$2.22
IBOC,$26.0559,1440187909224,"197,081",100% bearish,of 1 rating,N/A
IGLD,$7.15,1440187909362,"2,377",50% bullish,of 2 ratings,N/A
IIJI,$8.9299,1440187909397,"1,000",50% bullish,of 2 ratings,$11.50
PTNT,$3.05,1440187909422,"4,282",Not yet rated,NULL,N/A
ISCA,$31.7707,1440187909470,"74,199",100% bearish,of 1 rating,N/A
INPH,$0.3099,1440187909502,"9,140",50% bullish,of 2 ratings,N/A
XENT,$27.5083,1440187909602,"195,360",50% bullish,of 2 ratings,$36.50
INTX,$2.44,1440187909842,"40,947",67% bullish,of 3 ratings,N/A
ISIL,$10.2,1440187909882,"902,089",50% bullish,of 6 ratings,$15
IVAC,$4.89,1440187909912,"16,408",Not yet rated,NULL,$6.625
IILG,$20.1372,1440187909943,"263,625",100% bearish,of 1 rating,$30.50
INTL,$25.88,1440187910017,"106,057",67% bearish,of 3 ratings,N/A
INTLL,$25.77,1440187910046,"1,100",Not yet rated,NULL,N/A
ITCI,$28.8541,1440187910084,"399,213",75% bearish,of 4 ratings,$40
INTU,$89.28,1440187910215,"5,216,719",100% bullish,of 7 ratings,$110.50
ISRG,$507.1277,1440187910266,"235,529",67% bullish,of 3 ratings,$600
IIN,$6.38,1440187910294,"6,399",100% bearish,of 1 rating,$12
SNAK,$8.47,1440187910427,"285,178",50% bullish,of 2 ratings,$14
ISTR,$15.85,1440187910455,"2,506",100% bearish,of 1 rating,$18.50
INVT,$0.2713,1440187910479,"28,221",67% bullish,of 3 ratings,N/A
ISBC,$11.92,1440187910517,"2,135,434",100% bullish,of 1 rating,$13.25
NVIV,$9.84,1440187910618,"457,161",50% bullish,of 4 ratings,$24.50
ITIC,$71.35,1440187910643,32,100% bearish,of 2 ratings,N/A
IPAS,$1.01,1440187910807,"153,876",67% bullish,of 3 ratings,N/A
IVTY,$12.69,1440187910882,"13,088",Not yet rated,NULL,$18
DFVL,NULL,1440187910949,0,Not yet rated,NULL,N/A
DTUL,NULL,1440187911014,0,Not yet rated,NULL,N/A
IPGP,$85.4947,1440187911039,"195,670",100% bearish,of 2 ratings,$109.50
IRMD,$25.1,1440187911090,"13,378",67% bearish,of 3 ratings,$25
IRIX,$7.16,1440187911121,"14,066",100% bearish,of 1 rating,N/A
IPCM,$79.3295,1440187911142,"584,525",50% bullish,of 2 ratings,$80.125
IRDM,$6.6673,1440187911333,"595,656",60% bullish,of 5 ratings,$11.50
IRDMB,$266.65,1440187911470,"1,378",67% bearish,of 3 ratings,N/A
IRWD,$10.9599,1440187911501,"1,050,512",100% bearish,of 1 rating,$13
IRCP,$32,1440187911529,651,100% bullish,of 2 ratings,N/A
IRBT,$29.8463,1440187911551,"213,147",67% bullish,of 6 ratings,$37
COMT,$32.24,1440187911605,"20,256",100% bearish,of 1 rating,N/A
GNMA,$50.25,1440187911735,"2,022",Not yet rated,NULL,N/A
IFEU,$39.05,1440187911907,"52,081",Not yet rated,NULL,N/A
IFGL,$28.84,1440187911948,"124,298",Not yet rated,NULL,N/A
IFAS,$28.76,1440187911976,"9,892",Not yet rated,NULL,N/A
FCHI,$47.8,1440187912000,"4,334",Not yet rated,NULL,N/A
IFNA,$56.26,1440187912021,2,Not yet rated,NULL,N/A
ACWI,$55.59,1440187912060,"1,415,661",Not yet rated,NULL,N/A
ACWX,$40.28,1440187912088,"332,696",100% bearish,of 1 rating,N/A
AAIT,$30.53,1440187912346,"1,424",100% bullish,of 1 rating,N/A
AXJS,NULL,1440187912393,0,Not yet rated,NULL,N/A
AAXJ,$52.27,1440187912443,"1,955,125",Not yet rated,NULL,N/A
EMDI,$46.16,1440187912644,300,Not yet rated,NULL,N/A
EEMA,$48.76,1440187912677,"380,775",Not yet rated,NULL,N/A
EMEY,$24.77,1440187912736,200,Not yet rated,NULL,N/A
EGRW,$47,1440187912775,"2,678",Not yet rated,NULL,N/A
IEUS,$45.52,1440187912802,"8,328",100% bearish,of 1 rating,N/A
EEME,$38.47,1440187912830,"1,248",100% bearish,of 1 rating,N/A
EEML,$27.35,1440187912880,700,Not yet rated,NULL,N/A
EUFN,$21.91,1440187912964,"189,715",100% bearish,of 1 rating,N/A
EVAL,$36.84,1440187913064,"4,617",Not yet rated,NULL,N/A
IBB,$345.2773,1440187913167,"2,407,730",63% bullish,of 8 ratings,N/A
SOXX,$78.63,1440187913194,"710,879",50% bullish,of 2 ratings,N/A
QAT,$20.45,1440187913246,"23,345",Not yet rated,NULL,N/A
UAE,$17.61,1440187913329,"11,472",Not yet rated,NULL,N/A
EMIF,$28.27,1440187913513,"15,998",Not yet rated,NULL,N/A
ICLN,$9.42,1440187913569,"40,619",50% bullish,of 2 ratings,N/A
WOOD,$49.3,1440187913597,"53,527",50% bullish,of 2 ratings,N/A
ISHG,$80.2,1440187913618,"83,600",100% bearish,of 1 rating,N/A
IGOV,$92.29,1440187913750,"24,894",100% bearish,of 1 rating,N/A
ISRL,$128.55,1440187913782,965,100% bearish,of 1 rating,N/A
INDY,$27.85,1440187913803,"903,318",50% bullish,of 2 ratings,N/A
ISLE,$16.7554,1440187913837,"294,486",50% bullish,of 4 ratings,$16
ISIS,$46.4844,1440187913930,"1,318,521",53% bullish,of 15 ratings,$67
ITRI,$31.94,1440187914028,"251,723",Not yet rated,NULL,$37
ITRN,$24.7,1440187914053,"30,305",50% bullish,of 2 ratings,N/A
ITUS,$4.16,1440187914197,"6,967",Not yet rated,NULL,N/A
XXIA,$15.4238,1440187914231,"311,139",71% bullish,of 7 ratings,$14.625
IXYS,$10.6333,1440187914284,"246,182",50% bullish,of 4 ratings,N/A
JJSF,$113.9552,1440187914309,"98,787",100% bearish,of 1 rating,N/A
JBHT,$76.17,1440187914475,"887,127",50% bullish,of 4 ratings,$89.50
MAYS,NULL,1440187914503,0,Not yet rated,NULL,N/A
JCOM,$70.0335,1440187914580,"214,993",100% bullish,of 2 ratings,$77
JKHY,$68.9831,1440187914638,"280,861",50% bullish,of 2 ratings,$72
JACK,$81.32,1440187914664,"544,596",83% bullish,of 6 ratings,$105
JASO,$7.16,1440187914714,"1,435,675",82% bullish,of 17 ratings,$10
JXSB,$24.05,1440187914820,742,Not yet rated,NULL,N/A
JAXB,$12.76,1440187914869,"1,300",100% bullish,of 1 rating,N/A
JAGX,$2.69,1440187914931,"17,408",Not yet rated,NULL,N/A
JAKK,$9.07,1440187915036,"490,501",60% bearish,of 5 ratings,$11
JRVR,$26.32,1440187915062,"50,541",Not yet rated,NULL,$32
JMBA,$13.2255,1440187915090,"106,911",75% bullish,of 4 ratings,$18
ERW,NULL,1440187915301,0,Not yet rated,NULL,N/A
JAZZ,$172.5456,1440187915330,"485,913",80% bullish,of 15 ratings,$206.50
JASNW,$0.18,1440187915352,"12,833",50% bullish,of 2 ratings,N/A
JASN,$4.81,1440187915384,"34,092",50% bullish,of 2 ratings,$9.50
JD,$25.1155,1440187915511,"9,261,585",75% bullish,of 16 ratings,$36
JBLU,$22.0302,1440187915537,"7,438,740",94% bullish,of 16 ratings,$27
JTPY,$3.02,1440187915614,"5,165",100% bearish,of 1 rating,N/A
JCTCF,NULL,1440187915681,0,100% bullish,of 1 rating,N/A
DATE,$6.47,1440187915743,"197,033",75% bullish,of 4 ratings,$9
JST,$4,1440187915817,"43,984",75% bullish,of 4 ratings,N/A
