Symbol,Price,Date,Volume,Rating,RatingVoteCount,OneYearEstimate
PIH,NULL,1439907602596,0,100% bearish,of 1 rating,N/A
TFSC,NULL,1439907602621,0,100% bearish,of 1 rating,N/A
TFSCR,NULL,1439907602798,0,Not yet rated,NULL,N/A
TFSCW,$0.22,1439907602832,4,100% bearish,of 1 rating,N/A
TFSCU,NULL,1439907602936,0,Not yet rated,NULL,N/A
FCCY,NULL,1439907602963,0,100% bullish,of 1 rating,$13
FLWS,$9.71,1439907602992,"19,260",100% bullish,of 5 ratings,$15
SRCE,$31.53,1439907603038,719,100% bullish,of 3 ratings,$33
FCTY,NULL,1439907603089,0,100% bullish,of 1 rating,$8.50
VNET,$21.27,1439907603195,"35,362",60% bullish,of 5 ratings,$29.50
TWOU,$35.33,1439907603255,"46,848",50% bullish,of 2 ratings,$39
DGLD,$86.84,1439907603285,"1,740",100% bullish,of 1 rating,N/A
USLV,$13.15,1439907603384,"228,154",86% bullish,of 7 ratings,N/A
JOBS,$28.5,1439907603567,"11,163",50% bullish,of 4 ratings,$36
UGLD,$8.764,1439907603592,"66,749",100% bearish,of 1 rating,N/A
DSLV,$68.695,1439907603641,"19,798",100% bearish,of 1 rating,N/A
SIXD,$2.6001,1439907603780,"3,911",Not yet rated,NULL,N/A
CAFD,$15.5,1439907603866,"30,905",Not yet rated,NULL,$25
EGHT,$8.59,1439907603914,"23,133",82% bullish,of 17 ratings,$11
ABAX,$48.14,1439907604081,"7,429",100% bearish,of 1 rating,$60
SHLM,$36.4425,1439907604111,"34,123",100% bearish,of 1 rating,$50
AVHI,$13.89,1439907604214,"2,700",100% bearish,of 1 rating,$19
AAON,$23,1439907604291,"17,674",100% bearish,of 1 rating,$24
ABEOW,$2.46,1439907604347,2,100% bullish,of 1 rating,N/A
ABEO,$5.335,1439907604375,"11,258",67% bullish,of 3 ratings,$15.50
ABGB,$4.8181,1439907604407,"24,910",67% bullish,of 3 ratings,$5.50
ABMD,$106.16,1439907604433,"62,421",75% bullish,of 4 ratings,$86
ABY,$21.99,1439907604508,"57,382",100% bearish,of 2 ratings,$46
AXAS,$1.75,1439907604682,"51,011",78% bullish,of 9 ratings,$3.50
ACTG,$8.67,1439907604760,"37,935",67% bullish,of 3 ratings,$18.50
ACHC,$81.91,1439907604897,"35,913",50% bullish,of 2 ratings,$92
ACAD,$38.7,1439907604922,"72,704",85% bullish,of 20 ratings,$48
XLRN,$31.79,1439907604948,"23,986",50% bullish,of 2 ratings,$57
AXDX,$19.2575,1439907605090,"16,088",100% bearish,of 1 rating,N/A
ANCX,$19.38,1439907605127,"4,008",Not yet rated,NULL,$19
ACST,$0.3849,1439907605233,385,100% bullish,of 2 ratings,N/A
ARAY,$6.14,1439907605265,"79,790",100% bearish,of 1 rating,$10.50
ACET,$25.39,1439907605299,"3,575",75% bullish,of 4 ratings,$30
VXDN,$15.84,1439907605365,105,Not yet rated,NULL,N/A
ACRX,$4.45,1439907605397,"16,386",67% bearish,of 6 ratings,$5.50
VXUP,$16.8999,1439907605426,200,Not yet rated,NULL,N/A
AKAO,$7.22,1439907605607,"4,140",75% bullish,of 4 ratings,$15
ACIW,$23.045,1439907605763,"23,355",50% bullish,of 2 ratings,$24
ACHN,$8.5821,1439907605789,"744,791",90% bullish,of 21 ratings,$16
ACOR,$32.27,1439907605979,"18,396",67% bearish,of 3 ratings,$38.50
ACNB,NULL,1439907606049,0,Not yet rated,NULL,N/A
ACUR,$0.613,1439907606108,"3,400",100% bullish,of 5 ratings,$1
ACTS,NULL,1439907606135,0,100% bearish,of 1 rating,N/A
ACPW,$1.87,1439907606157,"1,400",100% bullish,of 4 ratings,$3.50
ATVI,$29.325,1439907606204,"693,127",68% bullish,of 84 ratings,$31.50
ADMS,$21.7794,1439907606230,"7,443",100% bearish,of 2 ratings,$36
ACTA,$13.84,1439907606438,"8,960",67% bearish,of 3 ratings,$25
ADMP,$3.85,1439907606474,"6,892",50% bullish,of 2 ratings,$10
ACXM,$21.11,1439907606530,"25,642",67% bullish,of 3 ratings,N/A
ADUS,$29.04,1439907606581,"9,208",100% bearish,of 1 rating,$31
ADAP,$15.58,1439907606624,"26,866",67% bullish,of 3 ratings,$22
AEY,$2.25,1439907606649,"1,998",100% bearish,of 2 ratings,N/A
ADEP,$7.39,1439907606894,"3,382",50% bullish,of 2 ratings,$10.75
ADBE,$86.77,1439907606948,"124,713",65% bullish,of 17 ratings,$90
ADMA,NULL,1439907607001,0,Not yet rated,NULL,$19
ADRO,$21.35,1439907607082,"28,752",80% bullish,of 5 ratings,$45.50
AEIS,$26.56,1439907607136,"12,959",50% bullish,of 2 ratings,$32.50
ADXS,$16.8048,1439907607283,"85,109",64% bullish,of 14 ratings,$27
AMD,$1.79,1439907607357,"768,314",83% bullish,of 102 ratings,$2
ADXSW,NULL,1439907607389,0,100% bullish,of 1 rating,N/A
ADTN,$16.26,1439907607411,"14,768",67% bullish,of 3 ratings,$17.125
MULT,NULL,1439907607490,0,100% bearish,of 1 rating,N/A
AEGN,$18.6,1439907607651,"5,914",100% bearish,of 1 rating,$21
YPRO,NULL,1439907607682,0,100% bearish,of 1 rating,N/A
AEGR,$18.6,1439907607788,"49,428",50% bullish,of 6 ratings,$26
AMTX,$3.35,1439907607843,335,50% bullish,of 2 ratings,$26.11
AEHR,$2.2,1439907607869,6,50% bullish,of 2 ratings,N/A
AEPI,$57.51,1439907608005,138,100% bearish,of 1 rating,N/A
AERI,$15.905,1439907608032,"22,288",75% bullish,of 4 ratings,$31.50
AVAV,$26.09,1439907608222,"17,771",50% bullish,of 4 ratings,$31
AEZS,$0.1164,1439907608255,"3,012,980",90% bullish,of 21 ratings,$1.625
AEMD,$6.94,1439907608290,"5,101",Not yet rated,NULL,$27.50
AFMD,$11.76,1439907608319,"22,966",50% bullish,of 4 ratings,$15
AFFX,$9.9375,1439907608360,"31,696",80% bullish,of 5 ratings,$12
AGEN,$7.67,1439907608462,"85,958",85% bullish,of 13 ratings,$14
AGRX,$8.88,1439907608535,"1,125",100% bearish,of 1 rating,$18
AGYS,$9.525,1439907608848,"1,770",100% bearish,of 1 rating,N/A
AGIO,$95.725,1439907608978,"18,350",88% bullish,of 8 ratings,$114
AGFS,$10.77,1439907609004,930,100% bearish,of 1 rating,N/A
AGFSW,NULL,1439907609059,0,100% bearish,of 1 rating,N/A
ATSG,$9.71,1439907609090,"1,958",67% bullish,of 3 ratings,$13
AIRM,$39.85,1439907609159,"11,050",80% bearish,of 5 ratings,$53
AIMT,$23.69,1439907609186,"29,929",Not yet rated,NULL,N/A
AMCN,$5.12,1439907609325,"74,823",83% bullish,of 6 ratings,N/A
AKAM,$73.6,1439907609470,"140,473",63% bullish,of 8 ratings,$77
AIRT,$22,1439907609602,518,100% bullish,of 1 rating,N/A
AKRX,$43.97,1439907609744,"38,003",78% bullish,of 9 ratings,$56
AIXG,$6,1439907609773,422,67% bearish,of 3 ratings,$6
AKER,$3.3,1439907609795,"32,757",Not yet rated,NULL,N/A
AKBA,$7.16,1439907609834,"21,400",100% bearish,of 1 rating,$18
ALRM,$17.05,1439907610285,"8,401",100% bearish,of 1 rating,$22
ADHD,$9.23,1439907610456,"38,955",50% bullish,of 4 ratings,$18
ALSK,$2.1,1439907610608,"11,342",78% bullish,of 18 ratings,$2
ALDX,$7.82,1439907610708,302,100% bearish,of 1 rating,$14.50
AMRI,$20.82,1439907610734,"18,327",75% bearish,of 4 ratings,$24
ALXA,$1.18,1439907610759,"5,053",83% bullish,of 6 ratings,$2.125
ALCO,$44.64,1439907610799,6,50% bullish,of 2 ratings,N/A
ALGN,$60.59,1439907610984,"30,327",100% bearish,of 2 ratings,$73
ABDC,$13.04,1439907611018,"5,880",Not yet rated,NULL,$15
ALDR,$37.96,1439907611186,"44,487",67% bearish,of 3 ratings,$62
ALXN,$189.94,1439907611511,"101,781",88% bullish,of 8 ratings,$223
ALLB,NULL,1439907611557,0,Not yet rated,NULL,N/A
ALKS,$68.21,1439907611693,"54,412",67% bullish,of 3 ratings,$75
ALIM,$3.9,1439907611726,434,80% bullish,of 5 ratings,$10
ALGT,$234.265,1439907611886,"18,640",100% bearish,of 1 rating,$235
AFOP,$18.98,1439907611978,"6,322",75% bullish,of 8 ratings,$21
ALQA,$4.64,1439907612373,"2,635",75% bullish,of 4 ratings,$8.50
AHPI,$1.45,1439907612423,300,50% bullish,of 2 ratings,N/A
AHGP,$35.77,1439907612458,"3,597",67% bullish,of 3 ratings,N/A
AMOT,$17.74,1439907612554,"1,566",100% bearish,of 1 rating,N/A
ALLT,$5.09,1439907612629,"8,428",75% bullish,of 4 ratings,$6.25
AIQ,$15.07,1439907612734,202,67% bullish,of 3 ratings,N/A
ARLP,$24.375,1439907612804,"8,990",67% bearish,of 3 ratings,$32
AFAM,$50.18,1439907612885,"10,982",50% bullish,of 2 ratings,$44
ALNY,$112.15,1439907612984,"49,399",67% bullish,of 3 ratings,$148.50
MDRX,$14.25,1439907613014,"208,501",60% bullish,of 5 ratings,$16
SMCP,NULL,1439907613117,0,Not yet rated,NULL,N/A
AOSL,$7.31,1439907613262,"4,472",67% bullish,of 3 ratings,$9
ATEC,$0.65,1439907613314,"12,630",100% bullish,of 1 rating,$2
ALTR,$49.31,1439907613420,"128,589",80% bearish,of 5 ratings,$54
AIMC,$26.5,1439907613484,"3,618",100% bearish,of 1 rating,$28.50
AMRN,$2.28,1439907613513,"84,857",85% bullish,of 39 ratings,$8
ASPS,$29.68,1439907613539,"17,246",67% bullish,of 3 ratings,$46.50
AMAG,$64.88,1439907613566,"36,724",100% bullish,of 2 ratings,$75
AYA,$22.89,1439907613795,"10,100",100% bearish,of 1 rating,$40
AMBA,$107.545,1439907613945,"210,265",83% bullish,of 12 ratings,$102.50
AMBCW,NULL,1439907613971,0,100% bearish,of 1 rating,N/A
AMZN,$537.05,1439907613992,"236,166",81% bullish,of 261 ratings,$646
AMRK,$10.46,1439907614033,"2,100",50% bullish,of 2 ratings,$14
AMBC,$16.62,1439907614126,"34,742",100% bearish,of 1 rating,$16.50
EPAX,$2.68,1439907614154,"11,594",100% bearish,of 1 rating,N/A
AMCX,$75.095,1439907614285,"93,221",67% bullish,of 3 ratings,$85.50
AMDA,$0.4934,1439907614555,"148,803",90% bullish,of 10 ratings,$1
DOX,$60.09,1439907614689,"33,226",100% bullish,of 2 ratings,$60
UHAL,$382,1439907614905,"2,883",100% bullish,of 2 ratings,$393.50
AAL,$44.09,1439907614990,"1,150,329",93% bullish,of 87 ratings,$57
AMOV,$18.53,1439907615058,550,100% bearish,of 1 rating,N/A
ASBI,NULL,1439907615091,0,Not yet rated,NULL,N/A
AGNC,$19.825,1439907615151,"531,625",75% bullish,of 28 ratings,$22
ATAX,$5.3,1439907615184,"11,406",100% bullish,of 1 rating,$6.50
AMED,$46.265,1439907615215,"16,044",100% bearish,of 1 rating,$42
AGNCP,$25.48,1439907615280,"5,245",Not yet rated,NULL,N/A
AGNCB,$24.22,1439907615349,"2,900",Not yet rated,NULL,N/A
MTGEP,$24.12,1439907615486,"1,300",Not yet rated,NULL,N/A
ACAS,$14.31,1439907615591,"112,799",60% bullish,of 5 ratings,$16.75
MTGE,$15.9,1439907615617,"28,435",75% bullish,of 4 ratings,$19.50
ACSF,$12.7899,1439907615644,"2,172",100% bearish,of 1 rating,$15
ANCI,NULL,1439907615791,0,100% bearish,of 1 rating,N/A
AETI,$3.8,1439907615938,4,67% bearish,of 3 ratings,N/A
ARII,$40.58,1439907616086,"10,992",67% bearish,of 3 ratings,$45
AMNB,$23.1205,1439907616120,"1,648",Not yet rated,NULL,$25.50
ANAT,$104.808,1439907616148,444,100% bullish,of 1 rating,N/A
AMIC,NULL,1439907616189,0,Not yet rated,NULL,N/A
ASEI,$39.3,1439907616215,"6,200",100% bearish,of 1 rating,$52.50
APEI,$22.205,1439907616286,"15,486",100% bearish,of 1 rating,$29
AMSWA,$9.34,1439907616315,"1,700",100% bearish,of 2 ratings,$10.75
AMRB,$10.12,1439907616418,404,Not yet rated,NULL,$11
AMWD,$66.69,1439907616716,"16,489",50% bullish,of 2 ratings,$58
CRMT,$45.4075,1439907616778,"2,190",100% bearish,of 1 rating,$49
AMSC,$4.01,1439907616804,"10,188",50% bullish,of 4 ratings,N/A
ASRV,$3.3,1439907616861,704,100% bullish,of 2 ratings,N/A
ABCB,$28.57,1439907616994,"4,144",Not yet rated,NULL,$30.50
ASRVP,NULL,1439907617055,0,Not yet rated,NULL,N/A
AMSF,$51.29,1439907617126,"8,578",Not yet rated,NULL,$57.50
AMGN,$169.19,1439907617210,"168,735",89% bullish,of 19 ratings,$185
AMKR,$4.365,1439907617260,"108,095",100% bearish,of 2 ratings,$5
FOLD,$16.67,1439907617287,"173,162",56% bullish,of 9 ratings,$21
AMPH,$14.62,1439907617355,"17,815",50% bullish,of 2 ratings,$20
ATLO,$24.23,1439907617420,4,Not yet rated,NULL,N/A
AMSGP,NULL,1439907617448,0,Not yet rated,NULL,N/A
ASYS,$5.72,1439907617618,"6,746",67% bullish,of 3 ratings,$12
AFSI,$63.22,1439907617678,"58,289",60% bullish,of 5 ratings,$72
AMSG,$86.58,1439907617882,"23,112",100% bearish,of 1 rating,$85.50
ANAC,$135.2,1439907617908,"43,376",80% bullish,of 5 ratings,$180.50
AMRS,$1.64,1439907617930,"6,490",70% bullish,of 10 ratings,N/A
ADI,$58.72,1439907618086,"355,042",67% bullish,of 3 ratings,$68
ABCW,$41.07,1439907618174,"2,012",67% bullish,of 3 ratings,N/A
ANGO,$15.0198,1439907618308,"3,162",67% bullish,of 3 ratings,$19
ANGI,$4.36,1439907618346,"35,490",64% bullish,of 11 ratings,$5.50
ANCB,NULL,1439907618367,0,Not yet rated,NULL,$23
ALOG,$83.83,1439907618405,"8,226",100% bearish,of 2 ratings,$100.50
ANAD,$0.36,1439907618438,"136,830",100% bullish,of 2 ratings,$.50
ANIP,$55.9,1439907618468,"26,500",89% bullish,of 19 ratings,$66
AMCF,NULL,1439907618499,0,100% bullish,of 7 ratings,N/A
ANIK,$36.09,1439907618649,"14,788",60% bullish,of 5 ratings,$51.25
ANSS,$97,1439907618867,"48,784",100% bearish,of 1 rating,$100
ATRS,$1.955,1439907618918,"50,997",92% bullish,of 12 ratings,$4.50
ABAC,NULL,1439907619023,0,100% bearish,of 1 rating,N/A
ANTH,$9.5445,1439907619104,"106,431",80% bullish,of 10 ratings,$13
APOG,$54.34,1439907619131,"27,887",100% bullish,of 1 rating,$62
APIC,$7.92,1439907619203,"9,018",100% bearish,of 1 rating,$19
ATNY,$2.34,1439907619232,"2,004",50% bullish,of 2 ratings,$3.75
AINV,$6.61,1439907619261,"362,045",50% bullish,of 4 ratings,$8
APOL,$11.77,1439907619359,"87,488",87% bearish,of 68 ratings,$14
ARCI,$1.27,1439907619447,470,Not yet rated,NULL,N/A
APDN,$3.3601,1439907619656,"31,866",Not yet rated,NULL,$9
AAPL,$116.8675,1439907619755,"5,492,979",86% bullish,of 2332 ratings,$150
AGTC,$16.02,1439907619783,"5,255",50% bullish,of 2 ratings,$33
AMAT,$16.77,1439907619814,"1,284,452",82% bullish,of 11 ratings,$23
APPF,$17.31,1439907619841,"6,873",50% bullish,of 2 ratings,$22
APDNW,$1.45,1439907619920,900,Not yet rated,NULL,N/A
AMCC,$5.71,1439907619975,"128,202",80% bullish,of 5 ratings,$8
AAOI,$21.93,1439907620138,"28,392",50% bullish,of 4 ratings,$26
APRI,$1.15,1439907620164,"9,757",83% bullish,of 6 ratings,$4.86
APTO,$5.03,1439907620203,3,Not yet rated,NULL,$17
AREX,$2.68,1439907620336,"53,638",100% bearish,of 1 rating,$3
AUMAU,NULL,1439907620524,0,Not yet rated,NULL,N/A
AUMA,NULL,1439907620558,0,Not yet rated,NULL,N/A
AQMS,$5.434,1439907620585,"9,830",Not yet rated,NULL,N/A
AUMAW,NULL,1439907620654,0,Not yet rated,NULL,N/A
AQXP,$19.9,1439907620680,"99,794",50% bullish,of 2 ratings,$2
ARDM,NULL,1439907620812,0,100% bullish,of 1 rating,$26
ABUS,$8.3,1439907620839,"44,972",86% bullish,of 14 ratings,$23
ABIO,$0.88,1439907620904,"31,000",50% bullish,of 2 ratings,$3.75
ARCW,$3.8199,1439907620971,"1,300",100% bearish,of 2 ratings,$10.50
RKDA,$5.35,1439907621056,"4,100",100% bearish,of 2 ratings,$10
ARDX,$19.6,1439907621230,"61,835",50% bullish,of 2 ratings,$22
ACGL,$73.91,1439907621264,"18,276",50% bullish,of 2 ratings,$72
PETX,$17.01,1439907621363,"18,356",100% bearish,of 2 ratings,$26
ACAT,$29.96,1439907621388,"5,826",100% bearish,of 3 ratings,$33
ARNA,$3.315,1439907621414,"225,552",90% bullish,of 77 ratings,$5.50
ARCB,$32.62,1439907621442,"8,944",50% bullish,of 2 ratings,$39.50
ARCC,$16.0401,1439907621590,"68,508",67% bearish,of 3 ratings,$17.875
AGIIL,$25.45,1439907621617,"5,111",Not yet rated,NULL,N/A
AGII,$57.87,1439907621784,"5,955",Not yet rated,NULL,$58
ARKR,NULL,1439907621854,0,50% bullish,of 2 ratings,N/A
ARIS,NULL,1439907621936,0,Not yet rated,NULL,$4.50
ARIA,$7.46,1439907621967,"187,076",87% bullish,of 46 ratings,$9
ARTX,$1.55,1439907621995,"25,400",88% bullish,of 16 ratings,$4.50
ARGS,$4.4501,1439907622067,850,50% bullish,of 2 ratings,$19.50
ARMH,$42.91,1439907622130,"647,047",54% bearish,of 13 ratings,$61
ARWA,NULL,1439907622208,0,Not yet rated,NULL,N/A
ARWAR,NULL,1439907622346,0,Not yet rated,NULL,N/A
ARWAU,NULL,1439907622373,0,100% bullish,of 1 rating,N/A
ARWAW,NULL,1439907622432,0,Not yet rated,NULL,N/A
ARRS,$27.69,1439907622563,"53,368",50% bullish,of 2 ratings,$38
ARRY,$5.84,1439907622588,"70,830",100% bullish,of 7 ratings,$10
ARWR,$5.98,1439907622631,"177,867",75% bullish,of 4 ratings,$10.50
DWAT,NULL,1439907622774,0,100% bearish,of 1 rating,N/A
ARQL,$1.72,1439907622875,"1,075",75% bullish,of 4 ratings,$5
AROW,$27.5201,1439907622903,"1,595",Not yet rated,NULL,N/A
ARTNA,$22.49,1439907622928,562,100% bearish,of 1 rating,$29
ASBB,NULL,1439907622958,0,Not yet rated,NULL,N/A
ARTW,$4.46,1439907623058,100,75% bearish,of 4 ratings,N/A
ASNA,$12.42,1439907623089,"156,953",50% bullish,of 2 ratings,$18
ASCMA,$28.35,1439907623234,"9,340",100% bearish,of 1 rating,$45
ASTI,$0.161,1439907623307,"459,878",83% bullish,of 6 ratings,$3
APWC,$2.07,1439907623438,100,100% bearish,of 1 rating,N/A
ASND,$17.14,1439907623498,"4,492",100% bullish,of 1 rating,$30
ASML,$93.63,1439907623567,"360,968",67% bullish,of 3 ratings,$127
ASMI,$39.03,1439907623592,590,50% bullish,of 2 ratings,N/A
ASMB,$13.84,1439907623618,"6,100",67% bullish,of 3 ratings,N/A
AZPN,$38.76,1439907623646,"109,355",50% bullish,of 2 ratings,$42
ASTE,$38.26,1439907623931,"8,393",100% bearish,of 1 rating,$48
ASFI,$9.15,1439907623956,205,100% bullish,of 1 rating,N/A
ASTC,$2.32,1439907624003,466,100% bullish,of 5 ratings,N/A
ASUR,$5.9,1439907624087,115,Not yet rated,NULL,$8
ATRA,$50.01,1439907624116,"20,460",50% bullish,of 2 ratings,$68
ALOT,NULL,1439907624176,0,100% bearish,of 1 rating,N/A
ATAI,$3.06,1439907624254,"1,050",100% bearish,of 1 rating,N/A
ATRO,$58.1,1439907624388,"13,014",100% bearish,of 2 ratings,$80
AFCB,NULL,1439907624520,0,Not yet rated,NULL,N/A
ATHN,$140.446,1439907624545,"20,692",67% bearish,of 3 ratings,$153
ATHX,$1.185,1439907624573,"4,188",89% bullish,of 9 ratings,$5
AAME,$3.51,1439907624734,100,Not yet rated,NULL,N/A
ATNI,$75.9,1439907624788,"12,583",100% bearish,of 1 rating,$69.50
ACFC,$6.5999,1439907624836,"17,458",Not yet rated,NULL,$6.50
AAPC,$10.18,1439907624893,14,Not yet rated,NULL,N/A
ATLC,$3.93,1439907624926,270,67% bullish,of 3 ratings,N/A
AAWW,$45.33,1439907625025,"15,632",50% bullish,of 2 ratings,$65
AFH,$17.2,1439907625105,"2,785",Not yet rated,NULL,$21.50
ATML,$7.7,1439907625158,"593,145",78% bullish,of 9 ratings,$9.50
ATOS,$0.97,1439907625238,"7,196",100% bullish,of 7 ratings,$7
ATRC,$27.38,1439907625319,"4,340",100% bullish,of 1 rating,$30
ATRM,NULL,1439907625419,0,50% bullish,of 2 ratings,N/A
ATRI,$396.6,1439907625519,"1,050",Not yet rated,NULL,N/A
LIFE,$15.59,1439907625650,"1,590",86% bullish,of 7 ratings,$43
AUDC,$3.32,1439907625737,"14,329",80% bullish,of 5 ratings,$5
EARS,NULL,1439907625781,0,100% bearish,of 2 ratings,$12
AUPH,$3.54,1439907625812,"11,964",100% bearish,of 1 rating,$8
ATTU,$15.17,1439907625842,"6,836",100% bearish,of 1 rating,$20.50
AUBN,NULL,1439907625917,0,Not yet rated,NULL,N/A
ADAT,$0.1155,1439907625952,"1,258",100% bullish,of 2 ratings,N/A
ADSK,$55.12,1439907626047,"78,868",83% bullish,of 6 ratings,$69.50
ABTL,$19.53,1439907626072,"7,030",100% bullish,of 4 ratings,$20.25
AVGO,$123.02,1439907626243,"170,988",88% bullish,of 8 ratings,$160
ADP,$84.461,1439907626272,"203,961",100% bearish,of 1 rating,$88
AAVL,$10.9842,1439907626303,"66,721",100% bearish,of 1 rating,$20
AVNU,$13,1439907626462,100,Not yet rated,NULL,$14
AVEO,$1.61,1439907626488,"1,184,664",75% bullish,of 8 ratings,$3
AVNW,$1.15,1439907626621,"3,488",50% bullish,of 2 ratings,$2.20
AVGR,$15.44,1439907626651,"2,848",100% bearish,of 1 rating,$20
CAR,$47.17,1439907626702,"248,493",80% bullish,of 5 ratings,$60
AWRE,$3.27,1439907626756,"5,200",67% bullish,of 3 ratings,N/A
AXPWW,NULL,1439907626943,0,Not yet rated,NULL,N/A
AVID,$8.755,1439907626981,"37,125",100% bearish,of 1 rating,$20
ACLS,$3.215,1439907627014,"84,771",67% bullish,of 6 ratings,$4.75
AXGN,$3.9,1439907627035,"6,168",Not yet rated,NULL,$5
AXTI,$2.21,1439907627070,432,50% bullish,of 2 ratings,$2.75
AXPW,$1.1801,1439907627100,"86,248",83% bullish,of 6 ratings,N/A
BCOM,$20,1439907627231,1,100% bearish,of 1 rating,N/A
RILY,NULL,1439907627422,0,Not yet rated,NULL,N/A
BEAV,$50.545,1439907627475,"41,854",67% bearish,of 3 ratings,$59
BOSC,$2.32,1439907627566,"1,050",50% bullish,of 2 ratings,N/A
BCPC,$61.73,1439907627613,"10,964",100% bearish,of 1 rating,$75
BWINA,NULL,1439907627742,0,Not yet rated,NULL,N/A
BLDP,$1.3198,1439907627769,"4,588",91% bullish,of 22 ratings,$2.50
BWINB,NULL,1439907627790,0,Not yet rated,NULL,N/A
BIDU,$167.27,1439907627835,"565,038",81% bullish,of 88 ratings,$215
BANF,$64.2,1439907627860,"1,410",Not yet rated,NULL,$68
BANFP,NULL,1439907627924,0,Not yet rated,NULL,N/A
BMRC,$49.08,1439907628005,402,Not yet rated,NULL,$52
BKMU,$7.4,1439907628137,"2,438",Not yet rated,NULL,$8
BKSC,$15.92,1439907628201,52,Not yet rated,NULL,N/A
BOCH,$5.73,1439907628227,"1,072",Not yet rated,NULL,$6.50
BWFG,NULL,1439907628506,0,100% bearish,of 1 rating,N/A
BANR,$48.09,1439907628533,"2,279",100% bullish,of 3 ratings,$50
BOTJ,$11.49,1439907628558,116,Not yet rated,NULL,N/A
BHAC,NULL,1439907628611,0,Not yet rated,NULL,N/A
BZUN,$7.65,1439907628708,"31,208",50% bullish,of 2 ratings,$13.85
BHACR,NULL,1439907628738,0,Not yet rated,NULL,N/A
OZRK,$43.73,1439907628768,"24,988",67% bullish,of 3 ratings,$49.50
BFIN,$12.33,1439907628841,300,Not yet rated,NULL,$13
BHACU,$10.15,1439907628897,"2,000",Not yet rated,NULL,N/A
BHACW,NULL,1439907628922,0,Not yet rated,NULL,N/A
TAPR,$32.0285,1439907629055,"1,787",100% bearish,of 1 rating,N/A
BBSI,$37.71,1439907629184,"9,908",67% bearish,of 3 ratings,$62.50
BSET,$31.95,1439907629288,"11,647",100% bearish,of 1 rating,$35
BYBK,$5.05,1439907629318,634,100% bearish,of 1 rating,N/A
BYLK,$12.92,1439907629345,"25,000",Not yet rated,NULL,$14
BV,$5.38,1439907629424,"39,421",67% bullish,of 6 ratings,$9
BBCN,$15.68,1439907629478,"17,130",100% bearish,of 1 rating,$16
BDCV,$5.03,1439907629589,"5,230",100% bearish,of 1 rating,$10.19
BSF,$9.09,1439907629729,100,Not yet rated,NULL,N/A
BBGI,$5,1439907629758,1,100% bearish,of 1 rating,N/A
BCBP,$11.78,1439907629789,856,Not yet rated,NULL,N/A
BBBY,$63.78,1439907629816,"208,599",71% bullish,of 7 ratings,$75
BECN,$36.27,1439907629893,"19,473",50% bullish,of 2 ratings,$40
BEBE,$1.825,1439907629950,"2,300",75% bullish,of 4 ratings,$3.075
BELFA,$17.02,1439907630051,10,100% bearish,of 1 rating,N/A
BELFB,$20.1,1439907630088,600,100% bearish,of 1 rating,N/A
BLPH,$4.8512,1439907630182,"13,675",100% bearish,of 1 rating,$12.50
BLCM,$18.96,1439907630354,"26,147",50% bullish,of 4 ratings,$40
BNCL,$12.97,1439907630446,"4,712",100% bullish,of 3 ratings,$12.50
BGCP,$9.6,1439907630486,"111,381",88% bullish,of 8 ratings,$14
ORPN,NULL,1439907630581,0,100% bullish,of 1 rating,$28.50
BNFT,$40.47,1439907630609,"14,798",67% bullish,of 3 ratings,$46
BNTC,NULL,1439907630635,0,100% bullish,of 1 rating,N/A
BIND,$4.51,1439907630661,"7,619",67% bullish,of 3 ratings,$13.50
BGFV,$11.22,1439907630691,"8,710",57% bullish,of 7 ratings,$12
BGMD,$0.8705,1439907630857,"109,774",100% bullish,of 10 ratings,N/A
BASI,$1.4601,1439907630883,"17,432",Not yet rated,NULL,N/A
BCDA,NULL,1439907630961,0,Not yet rated,NULL,N/A
BIOC,$1.8999,1439907631094,"55,005",83% bullish,of 6 ratings,$3.70
BCRX,$12.17,1439907631232,"46,019",63% bullish,of 8 ratings,$18
BDSI,$6.72,1439907631298,"117,376",88% bullish,of 8 ratings,$17
BIOD,$0.69,1439907631326,"20,725",80% bullish,of 5 ratings,$4
BLRX,$1.585,1439907631499,"41,644",100% bullish,of 12 ratings,$5
BIIB,$316.015,1439907631528,"113,030",88% bullish,of 16 ratings,$400
BIOL,$1.62,1439907631555,"19,980",Not yet rated,NULL,N/A
BLFS,$2.18,1439907631601,"1,416",100% bearish,of 1 rating,$4.75
BMRN,$139.25,1439907631659,"43,117",80% bullish,of 5 ratings,$160
BVXV,$4.1,1439907631806,200,Not yet rated,NULL,N/A
BVXVW,NULL,1439907631831,0,100% bearish,of 1 rating,N/A
BRLI,$35.89,1439907632019,"25,499",83% bullish,of 6 ratings,N/A
BIOS,$1.505,1439907632044,"148,462",71% bullish,of 7 ratings,$4
BPTH,$1.14,1439907632070,"16,000",100% bullish,of 2 ratings,$5
BBC,$33.46,1439907632098,"12,840",Not yet rated,NULL,N/A
BSTC,$53.11,1439907632272,"6,836",100% bearish,of 1 rating,$76
BSPM,$0.6501,1439907632300,"6,647",50% bullish,of 2 ratings,N/A
BBP,$34.99,1439907632321,"2,488",Not yet rated,NULL,N/A
BEAT,$12.45,1439907632455,"11,339",67% bearish,of 3 ratings,$15
BOTA,$2.35,1439907632545,"13,554",88% bullish,of 8 ratings,N/A
TECH,$106.43,1439907632610,"6,447",100% bullish,of 1 rating,$117
BITI,$19.65,1439907632641,904,100% bullish,of 1 rating,$28
BDMS,NULL,1439907632712,0,100% bearish,of 1 rating,N/A
BJRI,$47.26,1439907632741,"44,436",50% bullish,of 2 ratings,$55
BDE,$7.42,1439907632950,"12,610",50% bullish,of 2 ratings,$9
BBRY,$7.57,1439907633045,"480,960",61% bullish,of 330 ratings,$9
BKCC,$9.49,1439907633181,"16,715",100% bullish,of 2 ratings,$10
HAWK,$44.39,1439907633211,"75,901",90% bullish,of 10 ratings,$49
ADRA,NULL,1439907633307,0,Not yet rated,NULL,N/A
BBOX,$15.74,1439907633341,"2,001",100% bearish,of 1 rating,N/A
BLKB,$63.6625,1439907633409,"8,801",100% bearish,of 2 ratings,$66
ADRD,NULL,1439907633477,0,100% bearish,of 1 rating,N/A
BLMN,$21.93,1439907633579,"62,481",83% bullish,of 6 ratings,$27.50
ADRE,$31.19,1439907633608,908,Not yet rated,NULL,N/A
ADRU,NULL,1439907633629,0,100% bearish,of 1 rating,N/A
BCOR,$13.739,1439907633662,"22,536",57% bullish,of 7 ratings,$15
BBLU,$0.8778,1439907633953,"20,360",100% bullish,of 2 ratings,$4.43
BLBD,$13.08,1439907633996,"1,100",Not yet rated,NULL,N/A
NILE,$34.9,1439907634088,"14,026",50% bullish,of 2 ratings,$34
BUFF,$26.31,1439907634114,"85,475",83% bullish,of 12 ratings,$33
BHBK,$14.42,1439907634175,"1,156",100% bullish,of 1 rating,$14.50
BLUE,$132.66,1439907634201,"45,531",86% bullish,of 7 ratings,$217.50
BPMC,$29.38,1439907634335,"13,700",50% bullish,of 2 ratings,$47.50
BOBE,$46.56,1439907634467,"5,906",75% bullish,of 4 ratings,$57
BNCN,$22.05,1439907634600,"3,665",Not yet rated,NULL,$23
BKEPP,$7.8211,1439907634629,811,100% bearish,of 1 rating,N/A
BOJA,$22.68,1439907634651,"5,241",100% bullish,of 1 rating,$30
BKEP,$6.9999,1439907634700,"3,545",100% bearish,of 1 rating,$8.50
WIFI,$9.07,1439907634785,"46,221",50% bullish,of 2 ratings,$13.50
BOFI,$131.99,1439907634831,"13,226",100% bullish,of 6 ratings,$137.50
BOKF,$66.14,1439907634856,"1,973",100% bearish,of 1 rating,$71
BONA,$12.02,1439907635033,"31,302",75% bullish,of 4 ratings,$8.50
BNSO,NULL,1439907635078,0,100% bearish,of 1 rating,N/A
BAMM,$3.2199,1439907635211,"3,790",60% bullish,of 5 ratings,N/A
BPFH,$12.55,1439907635345,"34,915",100% bearish,of 1 rating,$14
BDBD,$9.087,1439907635409,"42,747",60% bullish,of 5 ratings,$10
EPAY,$26.835,1439907635477,"11,710",100% bearish,of 2 ratings,$30
BPFHW,NULL,1439907635544,0,100% bearish,of 1 rating,N/A
BPFHP,NULL,1439907635569,0,100% bearish,of 1 rating,N/A
BBEP,$2.53,1439907635598,"245,848",69% bullish,of 13 ratings,$5.625
BCLI,$3.2,1439907635728,"65,090",80% bullish,of 5 ratings,$12
BBEPP,$13.37,1439907635755,"4,150",100% bearish,of 1 rating,N/A
BBRG,$13.1,1439907635781,"3,426",67% bullish,of 3 ratings,$14.50
BDGE,$28.34,1439907635918,"5,345",Not yet rated,NULL,$31.75
BRID,$8.5,1439907635986,"2,788",100% bearish,of 1 rating,N/A
BLIN,NULL,1439907636193,0,50% bullish,of 2 ratings,$2.80
BCOV,$5.427,1439907636242,"4,918",67% bullish,of 3 ratings,$10.20
BSFT,$34,1439907636378,"11,054",57% bullish,of 7 ratings,$40.50
BVSN,$6,1439907636411,20,60% bearish,of 5 ratings,N/A
BWEN,$3.61,1439907636441,"3,548",100% bullish,of 3 ratings,$8
BRCM,$51.16,1439907636467,"290,154",75% bullish,of 12 ratings,$56
BRCD,$10.035,1439907636511,"290,822",92% bullish,of 13 ratings,$12.50
BYFC,NULL,1439907636537,0,50% bullish,of 2 ratings,N/A
BRKL,$10.86,1439907636816,"21,589",100% bearish,of 1 rating,$10.75
BRKS,$10.8,1439907636843,"14,402",67% bullish,of 3 ratings,$15.25
BLMT,$21.489,1439907636869,"1,200",Not yet rated,NULL,N/A
BRKR,$20.13,1439907636892,"23,674",100% bearish,of 2 ratings,$22
BMTC,$30.17,1439907636927,"2,170",Not yet rated,NULL,$34
BSQR,$7.36,1439907637027,"21,714",67% bullish,of 3 ratings,N/A
BLDR,$15.035,1439907637293,"187,934",50% bullish,of 2 ratings,$22
BUR,NULL,1439907637346,0,100% bearish,of 1 rating,$8
BWLD,$198.205,1439907637368,"12,718",82% bullish,of 11 ratings,$205
CA,$29.36,1439907637396,"160,484",50% bullish,of 4 ratings,$33
CFFI,NULL,1439907637422,0,100% bearish,of 1 rating,N/A
CDNS,$21.61,1439907637597,"297,663",75% bullish,of 4 ratings,$22.50
CCMP,$45.395,1439907637623,"13,350",50% bullish,of 2 ratings,$59
CZR,$7.66,1439907637676,"74,168",60% bearish,of 5 ratings,$10.50
CACQ,$7.47,1439907637765,950,100% bearish,of 1 rating,$12.25
CHRW,$70.2001,1439907637796,"260,031",Not yet rated,NULL,$72
CDZI,$7.23,1439907637825,"3,900",100% bearish,of 1 rating,N/A
CLBS,$1.4099,1439907637853,"19,773",79% bullish,of 14 ratings,$4
PRSS,NULL,1439907638086,0,80% bullish,of 5 ratings,$4.50
CLMS,$11.98,1439907638198,"5,464",Not yet rated,NULL,$10.50
CHY,$11.87,1439907638225,"44,495",Not yet rated,NULL,N/A
CSTE,$48.175,1439907638260,"84,759",100% bearish,of 1 rating,$65
CHI,$11.07,1439907638285,"60,421",100% bearish,of 1 rating,N/A
CFGE,$11.15,1439907638449,6,Not yet rated,NULL,N/A
CHW,$8.071,1439907638498,"55,988",100% bearish,of 1 rating,N/A
CCD,$21.1301,1439907638550,"11,818",Not yet rated,NULL,N/A
CGO,$12.88,1439907638633,"2,528",100% bearish,of 1 rating,N/A
CAMP,$16.375,1439907638661,"13,441",86% bullish,of 7 ratings,$25
CSQ,$10.58,1439907638791,"90,544",Not yet rated,NULL,N/A
CALD,$16.31,1439907638817,"24,680",100% bearish,of 1 rating,$20.50
CALA,$5.5,1439907638862,"18,170",100% bullish,of 3 ratings,$19.50
CVGW,$54.1499,1439907638952,"5,567",50% bullish,of 2 ratings,$58.50
CFNB,NULL,1439907639038,0,100% bearish,of 1 rating,N/A
CALM,$51.84,1439907639186,"47,002",80% bullish,of 5 ratings,$65
CLMT,$26.6101,1439907639216,"13,534",75% bullish,of 8 ratings,$31
CAMBW,NULL,1439907639255,0,Not yet rated,NULL,N/A
CAMBU,NULL,1439907639280,0,100% bearish,of 1 rating,N/A
ABCD,$4.7,1439907639317,"6,362",83% bullish,of 6 ratings,N/A
CAMB,NULL,1439907639511,0,Not yet rated,NULL,N/A
CAMT,$2.94,1439907639603,"7,736",73% bullish,of 11 ratings,$4
CAC,$40.9,1439907639658,601,Not yet rated,NULL,N/A
CBNJ,$10.86,1439907639740,"3,919",100% bullish,of 1 rating,N/A
CGIX,$10.85,1439907639766,"5,679",67% bullish,of 3 ratings,$14.375
CSIQ,$24.42,1439907639819,"271,321",86% bullish,of 28 ratings,$45
CPLA,$49.75,1439907640007,"6,233",50% bullish,of 2 ratings,$65
CPHC,NULL,1439907640042,0,100% bearish,of 1 rating,N/A
CBF,$30.63,1439907640069,"2,388",Not yet rated,NULL,$32
CCBG,$15.15,1439907640146,100,Not yet rated,NULL,$17.25
CSWC,$50,1439907640198,498,Not yet rated,NULL,N/A
CPLP,$7.2508,1439907640233,"38,012",71% bullish,of 7 ratings,$11
CPTA,$15.05,1439907640292,"24,254",Not yet rated,NULL,$18.50
CFFN,$12.22,1439907640420,"151,222",Not yet rated,NULL,$12.75
CAPN,$2.45,1439907640503,"143,399",100% bullish,of 1 rating,$10.85
CAPR,$4.31,1439907640632,"10,004",Not yet rated,NULL,$12
CAPNW,NULL,1439907640659,0,Not yet rated,NULL,N/A
CPST,$0.3819,1439907640681,"124,844",95% bullish,of 22 ratings,$1
CARA,$21.93,1439907640732,"34,519",50% bullish,of 4 ratings,$27.50
CBYL,$6.7169,1439907640814,411,100% bearish,of 1 rating,$20
CRDC,$0.3901,1439907640952,"13,086",100% bullish,of 1 rating,$1.25
CARB,$11.51,1439907640974,"14,534",75% bullish,of 4 ratings,$12
CRME,$9.72,1439907641054,200,89% bullish,of 9 ratings,$11.25
CFNL,$23.59,1439907641113,"10,992",Not yet rated,NULL,$24
CATM,$35.38,1439907641186,"4,262",100% bearish,of 1 rating,$44
CSII,$24,1439907641246,"36,548",100% bearish,of 2 ratings,$42.125
CECO,$3.8749,1439907641447,"19,468",67% bearish,of 3 ratings,$6
CTRE,$11.905,1439907641482,"84,632",50% bullish,of 2 ratings,N/A
CDNA,NULL,1439907641534,0,100% bearish,of 1 rating,$9
CLBH,NULL,1439907641575,0,Not yet rated,NULL,$16.50
CKEC,$23.52,1439907641601,"5,424",50% bullish,of 2 ratings,$35.915
CART,NULL,1439907641669,0,100% bearish,of 1 rating,N/A
CRZO,$34.695,1439907641737,"63,095",67% bearish,of 3 ratings,$57
CARO,$15.5,1439907641767,446,100% bearish,of 1 rating,$19
CRTN,NULL,1439907641969,0,100% bearish,of 1 rating,N/A
TAST,$13.23,1439907642023,"19,462",Not yet rated,NULL,$14.25
CASM,$1.1,1439907642075,87,100% bullish,of 1 rating,$3.50
CACB,$5.5,1439907642125,"2,539",Not yet rated,NULL,$5.50
CSCD,$14.1,1439907642231,"51,207",100% bullish,of 2 ratings,$17
CARV,NULL,1439907642296,0,50% bullish,of 2 ratings,N/A
CASY,$109.22,1439907642424,"19,856",50% bullish,of 2 ratings,$99.50
CWST,$6.4,1439907642453,"42,194",50% bullish,of 2 ratings,$7
CATB,$11.78,1439907642496,"6,437",100% bearish,of 1 rating,$28
CASI,$1.497,1439907642584,250,100% bullish,of 1 rating,$3.50
CPRX,$4.18,1439907642636,"67,414",71% bullish,of 7 ratings,$7
CASS,$51.8,1439907642672,100,100% bearish,of 1 rating,N/A
CATY,$32.33,1439907642775,"40,079",100% bearish,of 1 rating,$33.50
CATYW,NULL,1439907642869,0,100% bearish,of 1 rating,N/A
CAVM,$73.19,1439907642945,"28,320",67% bearish,of 3 ratings,$72
CVCO,$73.24,1439907642976,"4,801",100% bearish,of 1 rating,N/A
CBFV,NULL,1439907643080,0,Not yet rated,NULL,N/A
CNLMW,NULL,1439907643346,0,Not yet rated,NULL,N/A
CDK,$51.855,1439907643381,"45,304",67% bearish,of 3 ratings,$50
CNLMU,NULL,1439907643403,0,100% bullish,of 1 rating,N/A
CECE,$10.415,1439907643476,"3,278",50% bullish,of 2 ratings,$16
CNLMR,NULL,1439907643508,0,Not yet rated,NULL,N/A
CBOE,$64.18,1439907643556,"22,437",Not yet rated,NULL,$60
CNLM,NULL,1439907643581,0,Not yet rated,NULL,N/A
CDW,$39.59,1439907643613,"22,779",75% bullish,of 4 ratings,$44
CPXX,$2.25,1439907643743,"39,517",100% bullish,of 2 ratings,$7
CELG,$131.51,1439907643825,"293,486",92% bullish,of 13 ratings,$155.50
CELGZ,$1.98,1439907644026,"12,660",80% bullish,of 5 ratings,N/A
CLDX,$16.05,1439907644052,"266,629",89% bullish,of 9 ratings,$36
CLDN,$1.0801,1439907644127,"44,575",71% bullish,of 7 ratings,$3
CLLS,$33.1,1439907644259,"4,800",75% bullish,of 4 ratings,$51.50
CLRB,NULL,1439907644290,0,100% bearish,of 1 rating,N/A
CLTX,$0.9098,1439907644320,"690,912",100% bullish,of 2 ratings,N/A
CLRBW,NULL,1439907644348,0,Not yet rated,NULL,N/A
CBMG,$21.5,1439907644400,"25,850",50% bullish,of 2 ratings,N/A
CLSN,$2.1834,1439907644426,"19,422",80% bullish,of 10 ratings,$7.50
CYAD,$55.27,1439907644555,100,100% bullish,of 1 rating,$87.50
CETV,$2.23,1439907644681,"12,362",67% bullish,of 3 ratings,$2.80
CSFL,$14.29,1439907644710,"5,774",Not yet rated,NULL,$15
CETX,$2.4587,1439907644739,800,Not yet rated,NULL,$5.60
CEMP,$37.49,1439907644810,"32,724",71% bullish,of 7 ratings,$48.50
CFBK,NULL,1439907644992,0,Not yet rated,NULL,N/A
CENT,$11.6825,1439907645070,"2,767",Not yet rated,NULL,$10
CNBKA,$41.35,1439907645127,100,100% bullish,of 1 rating,N/A
CENX,$5.2,1439907645212,"1,093,946",67% bullish,of 6 ratings,$9
CVCY,NULL,1439907645292,0,Not yet rated,NULL,$12
CPHD,$51.55,1439907645347,"44,808",50% bullish,of 2 ratings,$66.50
CENTA,$12.396,1439907645393,"9,329",Not yet rated,NULL,N/A
CNTY,$6.33,1439907645420,"2,220",80% bullish,of 5 ratings,$7.75
CERE,$1.5625,1439907645554,"174,685",88% bullish,of 8 ratings,N/A
CERN,$64.6,1439907645588,"141,050",67% bullish,of 3 ratings,$79
CRNT,$1.491,1439907645609,"99,490",50% bullish,of 2 ratings,$2
CERS,$4.93,1439907645788,"89,796",75% bullish,of 4 ratings,$7
KOOL,$0.74,1439907645814,400,100% bullish,of 5 ratings,$7
CERU,$3.459,1439907645858,"3,794",75% bullish,of 4 ratings,$15
CEVA,$19.53,1439907645998,"9,283",100% bearish,of 1 rating,$25
CYOU,$19.96,1439907646085,"21,173",50% bullish,of 6 ratings,$24
HOTR,$1.48,1439907646265,"32,254",100% bullish,of 2 ratings,$5
CHTR,$187.166,1439907646296,"193,898",100% bearish,of 2 ratings,$196
GTLS,$24.77,1439907646318,"21,814",50% bullish,of 4 ratings,$40
CTHR,$1.22,1439907646349,2,50% bullish,of 2 ratings,$2.50
HOTRW,NULL,1439907646397,0,Not yet rated,NULL,N/A
CHKP,$82.715,1439907646489,"160,905",50% bullish,of 4 ratings,$92
CHFN,$12.56,1439907646619,"1,302",Not yet rated,NULL,$14
CHEK,$3.25,1439907646648,136,Not yet rated,NULL,$7.75
CHEKW,NULL,1439907646755,0,Not yet rated,NULL,N/A
CEMI,$4.67,1439907646784,204,50% bullish,of 2 ratings,$7.50
CHFC,$33.02,1439907646861,"1,346",100% bearish,of 1 rating,$36
CHMG,$26.6,1439907646921,"3,283",Not yet rated,NULL,$30
CCXI,$7.08,1439907646946,"37,108",67% bullish,of 3 ratings,$14
CHKE,$27.98,1439907647217,"3,767",100% bearish,of 1 rating,$32.50
CHMA,$27,1439907647243,"23,866",Not yet rated,NULL,$40
CHEV,$14.35,1439907647284,200,Not yet rated,NULL,N/A
CBNK,NULL,1439907647389,0,100% bearish,of 1 rating,N/A
PLCE,$60.85,1439907647462,"34,631",100% bearish,of 1 rating,$71
CMRX,$52.77,1439907647527,"39,414",50% bullish,of 2 ratings,$57
CALI,$1.0401,1439907647556,"42,268",67% bullish,of 3 ratings,N/A
CADC,NULL,1439907647592,0,78% bullish,of 9 ratings,N/A
CAAS,$6.9199,1439907647728,"3,740",93% bullish,of 14 ratings,$11.50
CBAK,$2.26,1439907647757,"6,297",67% bullish,of 9 ratings,N/A
CBPO,$110.55,1439907647783,"6,369",75% bullish,of 8 ratings,$140.50
CCCL,$0.9399,1439907647918,"21,784",100% bullish,of 6 ratings,N/A
CCCR,$0.66,1439907647943,"20,028",67% bearish,of 3 ratings,N/A
JRJC,$4.38,1439907648163,"40,007",82% bullish,of 11 ratings,N/A
CHOP,$1.3,1439907648195,200,50% bullish,of 2 ratings,N/A
CNIT,$1.73,1439907648226,"29,808",67% bullish,of 6 ratings,N/A
HGSH,$1.8627,1439907648301,500,67% bullish,of 3 ratings,N/A
CHNR,NULL,1439907648328,0,100% bearish,of 1 rating,N/A
CHLN,NULL,1439907648355,0,67% bullish,of 3 ratings,N/A
CJJD,$2.23,1439907648383,"1,234",100% bullish,of 1 rating,N/A
HTHT,$27.39,1439907648601,"71,254",50% bullish,of 2 ratings,$28
CSUN,$1.53,1439907648632,15,80% bullish,of 5 ratings,N/A
CPGI,$6.9601,1439907648662,485,Not yet rated,NULL,N/A
CXDC,$6.2,1439907648770,"2,700",67% bullish,of 3 ratings,N/A
CNTF,$0.9415,1439907648795,"6,218",Not yet rated,NULL,N/A
CREG,$0.8288,1439907648821,"6,939",100% bullish,of 3 ratings,N/A
CCIH,$9.88,1439907648952,"20,511",67% bullish,of 6 ratings,$12.65
CNYD,NULL,1439907648997,0,67% bullish,of 3 ratings,N/A
IMOS,$15.9475,1439907649191,"8,705",60% bullish,of 5 ratings,$21.50
CHSCM,$26.33,1439907649218,"11,875",Not yet rated,NULL,N/A
CHSCN,$27.31,1439907649239,20,Not yet rated,NULL,N/A
CNET,$0.8101,1439907649273,"9,354",50% bullish,of 2 ratings,N/A
CHSCL,$27.186,1439907649299,"2,800",Not yet rated,NULL,N/A
CHDN,$138.97,1439907649454,"24,178",Not yet rated,NULL,$165
CHSCO,NULL,1439907649494,0,Not yet rated,NULL,N/A
CHSCP,$30.4572,1439907649561,600,Not yet rated,NULL,N/A
CHUY,$33.46,1439907649765,"3,620",50% bullish,of 2 ratings,$34
CIFC,$7.25,1439907649791,"1,000",Not yet rated,NULL,N/A
CDTX,$14.5401,1439907649821,"5,711",Not yet rated,NULL,$22
CMCT,NULL,1439907649919,0,100% bearish,of 1 rating,N/A
CMPR,$69.72,1439907649991,"13,198",50% bullish,of 2 ratings,$72.50
CINF,$56.77,1439907650019,"22,669",50% bullish,of 4 ratings,$50.50
CTAS,$89.03,1439907650051,"35,715",100% bearish,of 1 rating,$91
CIDM,$0.65,1439907650186,"3,817",50% bullish,of 2 ratings,$2.10
CRUS,$29.32,1439907650214,"71,262",75% bullish,of 12 ratings,$44.50
CPHR,$6.93,1439907650235,"1,500",100% bearish,of 1 rating,$16
CSCO,$28.4755,1439907650418,"4,205,029",84% bullish,of 208 ratings,$32
CZNC,$20.26,1439907650447,202,Not yet rated,NULL,N/A
CTRN,$22.74,1439907650469,"27,851",100% bearish,of 1 rating,$29.50
CZFC,NULL,1439907650624,0,Not yet rated,NULL,N/A
CZWI,$9.1001,1439907650677,900,Not yet rated,NULL,N/A
CHCO,$48.63,1439907650860,"1,568",Not yet rated,NULL,$46
CDTI,$1.73,1439907650900,"12,604",75% bullish,of 4 ratings,$3.20
CIZN,NULL,1439907650999,0,Not yet rated,NULL,N/A
CLNT,$1.95,1439907651031,100,75% bullish,of 8 ratings,N/A
CIVBP,NULL,1439907651055,0,Not yet rated,NULL,N/A
CTXS,$78.09,1439907651087,"154,409",86% bullish,of 7 ratings,$80
CIVB,NULL,1439907651114,0,Not yet rated,NULL,$11
CLNE,$4.6,1439907651139,"288,013",80% bullish,of 15 ratings,$9
CLRO,$11.8305,1439907651411,550,50% bullish,of 2 ratings,$14.25
CLIR,$5.125,1439907651446,"7,704",100% bullish,of 3 ratings,N/A
CLFD,$18.1,1439907651493,"2,041",67% bullish,of 3 ratings,$18
CBLI,$3.6699,1439907651576,"4,612",60% bullish,of 5 ratings,N/A
CSBK,$14,1439907651601,"3,500",Not yet rated,NULL,N/A
CLVS,$80.21,1439907651663,"22,707",60% bullish,of 5 ratings,$101.50
CME,$98.38,1439907651793,"79,697",67% bullish,of 3 ratings,$102
CMFN,$11.1,1439907651893,"7,374",100% bearish,of 1 rating,$15.50
CISG,$8.35,1439907651923,"19,436",100% bullish,of 5 ratings,$10
CWAY,NULL,1439907652025,0,Not yet rated,NULL,N/A
CNV,$4.75,1439907652054,"1,901",50% bullish,of 2 ratings,$7.15
COBZ,$13.12,1439907652159,"4,458",100% bullish,of 1 rating,$14
CCNE,$17.61,1439907652217,913,50% bullish,of 2 ratings,$21.50
COKE,$164.47,1439907652268,686,79% bullish,of 19 ratings,N/A
CDRB,$12.947,1439907652401,"2,998",67% bullish,of 3 ratings,N/A
CDXS,$4.11,1439907652465,"23,869",64% bullish,of 11 ratings,$6
JVA,$4.77,1439907652491,"5,000",83% bullish,of 6 ratings,$7
CVLY,NULL,1439907652531,0,Not yet rated,NULL,N/A
CGNT,$1.61,1439907652706,"1,000",100% bullish,of 2 ratings,$2
CGNX,$36.86,1439907652758,"54,051",50% bullish,of 2 ratings,$47
CHRS,$33.11,1439907652839,"2,246",67% bearish,of 3 ratings,$37
CCOI,$28.99,1439907652868,"123,219",50% bullish,of 4 ratings,$35
CTSH,$67.67,1439907652896,"218,475",90% bullish,of 10 ratings,$74.50
COHR,$58.9,1439907652922,"7,328",50% bullish,of 2 ratings,$72
COHU,$9.325,1439907653087,"3,434",100% bearish,of 1 rating,$14.25
CLCT,$19.825,1439907653179,"2,394",100% bearish,of 1 rating,N/A
CLRX,$0.54,1439907653210,"4,653",50% bullish,of 2 ratings,$1.85
CBAN,NULL,1439907653282,0,Not yet rated,NULL,N/A
CIGI,NULL,1439907653309,0,100% bearish,of 1 rating,$52
COLL,$16.9,1439907653346,"13,988",100% bearish,of 1 rating,$26
CLCD,$8.14,1439907653534,"5,484",100% bearish,of 1 rating,$20.50
COLB,$33.41,1439907653570,"7,795",Not yet rated,NULL,$36
CBMX,$1.29,1439907653665,"7,750",83% bullish,of 6 ratings,$3.15
CMCO,$21.66,1439907653691,"2,300",60% bullish,of 5 ratings,$28
CMCSA,$60.345,1439907653828,"1,266,180",66% bullish,of 35 ratings,$69.50
COLM,$65.6,1439907653856,"10,558",100% bearish,of 1 rating,$71
CMCSK,$60.74,1439907653921,"282,395",Not yet rated,NULL,$84
CBSH,$47.705,1439907653990,"32,763",50% bullish,of 2 ratings,$46
CBSHP,$25.3227,1439907654062,"1,660",100% bearish,of 1 rating,N/A
CUBN,$14,1439907654122,362,Not yet rated,NULL,N/A
CVGI,$4.53,1439907654206,"30,751",50% bullish,of 2 ratings,$6
CSAL,$23.3,1439907654441,"54,395",75% bullish,of 4 ratings,$30
JCS,$9.89,1439907654470,"1,536",67% bullish,of 3 ratings,N/A
CYHHZ,$0.0126,1439907654542,"294,479",100% bullish,of 1 rating,N/A
CTBI,$35.5424,1439907654573,"1,412",Not yet rated,NULL,$36
COMM,$31.615,1439907654611,"35,478",67% bearish,of 3 ratings,$35
ESXB,NULL,1439907654676,0,Not yet rated,NULL,N/A
COB,NULL,1439907654706,0,100% bullish,of 1 rating,$11.50
CWBC,NULL,1439907654730,0,Not yet rated,NULL,N/A
CVLT,$37.42,1439907654840,"66,753",75% bullish,of 4 ratings,$44.50
CIL,NULL,1439907655012,0,Not yet rated,NULL,N/A
CIZ,$35.0713,1439907655147,690,100% bearish,of 1 rating,N/A
CID,NULL,1439907655179,0,Not yet rated,NULL,N/A
CDC,$36.6899,1439907655216,"2,640",Not yet rated,NULL,N/A
CSF,$38.664,1439907655245,100,100% bearish,of 1 rating,N/A
CSA,NULL,1439907655275,0,Not yet rated,NULL,N/A
CFO,$37.74,1439907655453,100,100% bearish,of 1 rating,N/A
CFA,NULL,1439907655487,0,100% bearish,of 1 rating,N/A
CDL,NULL,1439907655516,0,Not yet rated,NULL,N/A
CSB,$34.6299,1439907655588,225,Not yet rated,NULL,N/A
CPSI,$46.18,1439907655617,"5,465",100% bearish,of 1 rating,$45.50
CGEN,$5.69,1439907655643,"4,157",50% bullish,of 2 ratings,$11
CTG,$6.6,1439907655778,"16,762",100% bearish,of 1 rating,$8.50
SCOR,$64.5,1439907655803,"16,230",100% bearish,of 1 rating,$66
CHCI,$0.54,1439907655934,519,50% bullish,of 2 ratings,N/A
CNSI,$19.5,1439907656111,"3,252",100% bearish,of 2 ratings,$29
CMTL,$28.23,1439907656215,"3,010",100% bearish,of 2 ratings,$37
CNAT,$4.5601,1439907656285,"30,731",83% bullish,of 6 ratings,$13
CCUR,$5.11,1439907656343,"1,404",75% bullish,of 4 ratings,N/A
CXRX,$78.75,1439907656374,502,Not yet rated,NULL,$90
CNCE,$16.18,1439907656395,"67,845",75% bullish,of 4 ratings,$22
CDOR,$1.4756,1439907656427,410,100% bullish,of 1 rating,N/A
CDORO,$18.8999,1439907656563,480,100% bearish,of 1 rating,N/A
CDORP,NULL,1439907656653,0,100% bearish,of 1 rating,N/A
CFMS,$22.64,1439907656727,"37,313",Not yet rated,NULL,$27
CNMD,$56.91,1439907656794,"4,752",Not yet rated,NULL,$59
CTWS,$35.13,1439907656857,100,100% bearish,of 1 rating,$44
CNFR,$10.4501,1439907656886,"1,234",Not yet rated,NULL,N/A
CNOB,$20.44,1439907657016,"3,204",100% bullish,of 1 rating,$23.50
CNXR,$6.56,1439907657046,"4,046",100% bearish,of 1 rating,$12
CONN,$34,1439907657194,"36,785",67% bullish,of 3 ratings,$48.50
CNSL,$20.53,1439907657242,"16,681",100% bearish,of 1 rating,$23
CPSS,$5.63,1439907657267,"1,588",100% bullish,of 1 rating,$10
CWCO,$12.08,1439907657342,"12,030",67% bullish,of 3 ratings,$14.50
CFRX,$5.475,1439907657432,"19,144",Not yet rated,NULL,$14
CTCT,$24.44,1439907657471,"15,037",67% bullish,of 3 ratings,$37
CFRXZ,$0.77,1439907657499,"1,901",Not yet rated,NULL,N/A
CFRXW,$2.45,1439907657565,500,100% bearish,of 1 rating,N/A
CTRV,$4.63,1439907657757,"1,700",Not yet rated,NULL,$6.40
CPRT,$36.665,1439907657818,"19,480",67% bearish,of 3 ratings,$40
CTRL,$8.37,1439907657890,"9,590",50% bullish,of 2 ratings,$11
BVA,$3.78,1439907657966,100,50% bullish,of 2 ratings,N/A
CORT,$5.41,1439907658036,"19,821",67% bullish,of 3 ratings,$12
CORI,$11.57,1439907658067,"8,774",100% bearish,of 1 rating,$18
CRBP,$1.9137,1439907658100,"12,515",100% bullish,of 1 rating,$6.25
CORE,$64.11,1439907658199,"5,628",100% bearish,of 1 rating,$72
CSOD,$38.11,1439907658333,"47,655",50% bullish,of 2 ratings,$42
COSI,$1.19,1439907658363,"5,146",100% bullish,of 1 rating,N/A
CRVL,$33.655,1439907658393,"1,008",100% bearish,of 1 rating,N/A
CSGP,$195.25,1439907658499,"8,246",50% bullish,of 2 ratings,$235
COST,$146.0828,1439907658528,"145,130",83% bullish,of 24 ratings,$154.50
CVTI,$25.335,1439907658707,"3,890",67% bearish,of 3 ratings,$39
CPAH,$0.45,1439907658732,"2,915",50% bullish,of 2 ratings,N/A
ICBK,NULL,1439907658808,0,Not yet rated,NULL,$21
COWN,$5.53,1439907658874,"53,145",75% bullish,of 4 ratings,$7
COWNL,$27.36,1439907658905,190,Not yet rated,NULL,N/A
COVS,$2.78,1439907659016,"9,574",67% bullish,of 3 ratings,N/A
BREW,$8.1684,1439907659175,"3,909",67% bullish,of 6 ratings,$15
CRAI,$23.06,1439907659211,995,Not yet rated,NULL,$36
CPSH,NULL,1439907659242,0,Not yet rated,NULL,N/A
CBRL,$152.146,1439907659309,"19,694",50% bullish,of 2 ratings,$155
CRAY,$22.62,1439907659344,"11,954",83% bullish,of 6 ratings,$38.50
GLDI,$10.8,1439907659376,300,100% bearish,of 1 rating,N/A
CACC,$204.19,1439907659445,"6,968",50% bullish,of 2 ratings,$158.50
SLVO,$10.19,1439907659478,"5,468",100% bearish,of 1 rating,N/A
CREE,$27.42,1439907659581,"168,821",65% bullish,of 17 ratings,$28.50
CRESY,$11.63,1439907659743,"26,614",100% bearish,of 1 rating,$19
CRDS,NULL,1439907659822,0,50% bullish,of 4 ratings,$4.50
CRTO,$47.09,1439907659849,"18,953",67% bullish,of 6 ratings,$64
CCRN,$14.605,1439907660024,"20,065",100% bearish,of 1 rating,$14.25
CROX,$14.85,1439907660050,"74,144",63% bullish,of 8 ratings,$16.50
CRWS,NULL,1439907660093,0,Not yet rated,NULL,$10
CRWN,$4.8,1439907660119,"11,317",75% bullish,of 4 ratings,N/A
CYRX,$2.93,1439907660176,"5,471",Not yet rated,NULL,$9
CYRXW,$0.88,1439907660279,700,Not yet rated,NULL,N/A
CSGS,$32.2,1439907660361,"6,018",Not yet rated,NULL,$40
CTCM,$1.77,1439907660391,"151,484",80% bearish,of 5 ratings,$3.90
CCLP,$14.6159,1439907660438,"9,741",67% bearish,of 3 ratings,$21
CSPI,$6.14,1439907660567,945,67% bullish,of 3 ratings,N/A
CTIB,NULL,1439907660713,0,100% bearish,of 1 rating,N/A
CTIC,$1.8,1439907660738,"93,044",84% bullish,of 76 ratings,$5.75
CTRP,$70.41,1439907660778,"318,683",75% bullish,of 8 ratings,$92
CUNB,$22.53,1439907660878,100,Not yet rated,NULL,$24.50
CPIX,$5.99,1439907661010,3,Not yet rated,NULL,N/A
CMLS,$1.27,1439907661043,"75,835",50% bullish,of 4 ratings,$6
CUI,$5.53,1439907661065,"2,100",50% bullish,of 2 ratings,$10
CVBF,$17.595,1439907661153,"13,274",Not yet rated,NULL,$18
CUTR,$15.07,1439907661203,"3,839",67% bearish,of 3 ratings,$18
CVV,$12.5662,1439907661344,"3,260",100% bullish,of 5 ratings,N/A
CRIS,$2.84,1439907661402,"43,273",100% bullish,of 8 ratings,$6
CYAN,NULL,1439907661429,0,100% bearish,of 1 rating,N/A
CYBR,$59.565,1439907661458,"261,624",86% bullish,of 7 ratings,$66
CYBE,$5.74,1439907661600,"1,127",100% bearish,of 1 rating,N/A
CYBX,$59.735,1439907661676,"4,911",50% bullish,of 4 ratings,$70
CBAY,$2.73,1439907661853,"17,652",100% bullish,of 1 rating,$4
CYCCP,NULL,1439907661919,0,100% bearish,of 1 rating,N/A
CYNO,$34.84,1439907662018,"15,786",67% bearish,of 3 ratings,$45.50
CONE,$34.4,1439907662079,"25,558",67% bearish,of 3 ratings,$35
CYCC,$0.5811,1439907662105,"11,546",73% bullish,of 11 ratings,N/A
CYNA,$14.9,1439907662155,"2,634",100% bullish,of 1 rating,$33
CYRN,$1.6565,1439907662184,"117,773",67% bullish,of 3 ratings,$4
CY,$10.15,1439907662247,"825,908",80% bullish,of 10 ratings,$15.50
CYTK,$6.62,1439907662278,"9,175",71% bullish,of 14 ratings,$13.50
CYTX,$0.3867,1439907662330,"123,899",83% bullish,of 12 ratings,$5.50
TVIZ,NULL,1439907662510,0,100% bearish,of 1 rating,N/A
CTSO,$7.72,1439907662569,"24,013",Not yet rated,NULL,$15.625
DAEG,NULL,1439907662594,0,100% bearish,of 1 rating,N/A
CYTR,$2.37,1439907662652,"138,731",67% bullish,of 6 ratings,$10
TVIX,$5.49,1439907662739,"759,845",81% bullish,of 16 ratings,N/A
ZIV,$49.739,1439907662870,"9,560",Not yet rated,NULL,N/A
XIV,$48.52,1439907662899,"1,310,248",75% bearish,of 4 ratings,N/A
DAKT,$11.98,1439907662941,"28,443",50% bullish,of 2 ratings,$14
DARA,$0.91,1439907663038,"12,855",83% bullish,of 6 ratings,$1.50
DAIO,$2.69,1439907663069,72,Not yet rated,NULL,N/A
DJCO,NULL,1439907663094,0,Not yet rated,NULL,N/A
DTLK,$5.98,1439907663241,"2,664",100% bearish,of 1 rating,$9
DWCH,$5.3,1439907663349,"1,094",75% bullish,of 4 ratings,$8.25
PLAY,$37.03,1439907663402,"13,164",100% bullish,of 5 ratings,$42
DRAM,$1.4813,1439907663482,400,78% bullish,of 9 ratings,N/A
DTEA,$13.276,1439907663507,"8,891",100% bearish,of 2 ratings,$24
DBVT,$43.385,1439907663674,"23,173",100% bearish,of 1 rating,$53
DWSN,$5.0501,1439907663720,"5,799",67% bullish,of 3 ratings,$6
DHRM,$1.84,1439907663858,"1,000",Not yet rated,NULL,N/A
TACOW,$4.48,1439907663927,"1,488",100% bullish,of 1 rating,N/A
DCTH,$0.4904,1439907663959,"1,628",78% bullish,of 9 ratings,N/A
DFRG,$15.32,1439907663991,"8,804",100% bearish,of 1 rating,$20
TRAK,$62.25,1439907664015,"17,963",50% bullish,of 2 ratings,$62.50
TACO,$13.57,1439907664055,"32,423",100% bullish,of 3 ratings,$20
DGAS,$20.122,1439907664087,130,67% bearish,of 3 ratings,N/A
DENN,$12.39,1439907664384,"75,561",100% bullish,of 3 ratings,$15
DELTW,NULL,1439907664415,0,Not yet rated,NULL,N/A
DELT,NULL,1439907664436,0,Not yet rated,NULL,N/A
DEPO,$32.08,1439907664515,"108,731",60% bullish,of 5 ratings,$32
XRAY,$57.24,1439907664585,"127,370",100% bullish,of 1 rating,$58
DSCI,$6.49,1439907664756,"3,050",50% bullish,of 2 ratings,$16
DEST,$12.15,1439907664782,"2,208",50% bullish,of 2 ratings,N/A
DERM,$25.785,1439907664856,"5,810",100% bearish,of 1 rating,$33
DSWL,$1.75,1439907664948,"1,454",100% bullish,of 1 rating,N/A
DXM,$0.33,1439907664976,"23,186",50% bullish,of 2 ratings,N/A
DXCM,$98.15,1439907664998,"61,832",57% bullish,of 7 ratings,$98
DMND,$32.08,1439907665130,"4,752",75% bullish,of 12 ratings,$32
DXLG,$4.85,1439907665156,"1,100",100% bearish,of 1 rating,$8
DHIL,$193.89,1439907665307,336,Not yet rated,NULL,N/A
DHXM,$7.55,1439907665333,2,Not yet rated,NULL,N/A
FANG,$71.9899,1439907665559,"49,503",50% bullish,of 2 ratings,$86
DCIX,$1.89,1439907665620,"1,137",50% bullish,of 4 ratings,$3.50
DRAD,$4.032,1439907665763,704,100% bullish,of 1 rating,$5.25
DGLY,$7.555,1439907665799,"18,250",50% bullish,of 6 ratings,$20
DGII,$10.1,1439907665821,"13,333",100% bearish,of 1 rating,$10
DMRC,$37.71,1439907665855,"2,758",100% bearish,of 1 rating,$44
APPS,$2.3,1439907665876,"8,542",100% bearish,of 1 rating,$10.25
DRNA,$10.79,1439907665910,"16,582",67% bearish,of 3 ratings,$25
DCOM,$17.35,1439907666091,"5,286",100% bearish,of 2 ratings,$16.50
DPRX,$13.43,1439907666159,"2,413",100% bullish,of 2 ratings,$27.75
DIOD,$20,1439907666189,"27,806",75% bearish,of 4 ratings,$24
DISCA,$29.11,1439907666235,"160,461",67% bullish,of 3 ratings,$34
DISCK,$27.65,1439907666296,"183,661",100% bearish,of 1 rating,$40
DISCB,NULL,1439907666473,0,100% bearish,of 1 rating,$35
DSCO,$0.47,1439907666501,"29,346",83% bullish,of 6 ratings,$2.75
BAGR,$3.01,1439907666630,"3,671",100% bearish,of 1 rating,$6
DLTR,$79.14,1439907666655,"152,868",82% bullish,of 11 ratings,$88
DLHC,$2.51,1439907666687,300,100% bearish,of 1 rating,N/A
DISH,$67.04,1439907666716,"104,925",69% bullish,of 13 ratings,$73
DVCR,$11.716,1439907666794,"1,345",100% bullish,of 1 rating,N/A
DNBF,$26.5,1439907666854,1,Not yet rated,NULL,$27.50
DGICB,$18.23,1439907666937,2,100% bearish,of 1 rating,N/A
DGICA,$14.69,1439907667075,"1,364",100% bearish,of 1 rating,$17
DMLP,$14.74,1439907667156,"6,205",100% bearish,of 1 rating,N/A
DORM,$51.915,1439907667285,"10,312",100% bearish,of 1 rating,$56
DRWI,$0.2959,1439907667356,"1,300",60% bullish,of 5 ratings,$.45
DWA,$19.37,1439907667383,"21,060",63% bullish,of 8 ratings,$26
HILL,$5.45,1439907667405,"189,892",60% bearish,of 5 ratings,$8
DRYS,$0.3689,1439907667438,"305,848",77% bullish,of 31 ratings,$.60
DSPG,$8.74,1439907667657,"1,196",100% bearish,of 1 rating,$13.50
DRWIW,NULL,1439907667685,0,Not yet rated,NULL,N/A
CADTU,NULL,1439907667861,0,Not yet rated,NULL,N/A
CADT,NULL,1439907667895,0,Not yet rated,NULL,N/A
CADTR,NULL,1439907667959,0,Not yet rated,NULL,N/A
DSKX,$3.584,1439907667987,"49,676",100% bullish,of 1 rating,N/A
CADTW,NULL,1439907668055,0,Not yet rated,NULL,N/A
DTSI,$27.275,1439907668126,"5,760",100% bearish,of 2 ratings,$39.50
DNKN,$52.23,1439907668401,"64,898",67% bullish,of 15 ratings,$56.50
DXPE,$30,1439907668427,"47,265",50% bullish,of 2 ratings,N/A
DYAX,$23.73,1439907668562,"44,943",89% bullish,of 9 ratings,$30
DYNT,NULL,1439907668606,0,75% bullish,of 4 ratings,N/A
DRRX,$2.22,1439907668667,"16,532",50% bullish,of 6 ratings,$3
BOOM,$10.07,1439907668692,"5,506",67% bullish,of 3 ratings,$12
DYSL,NULL,1439907668823,0,100% bullish,of 2 ratings,N/A
DVAX,$30.3859,1439907668924,"48,024",70% bullish,of 10 ratings,$40
EBMT,NULL,1439907668953,0,Not yet rated,NULL,$13.50
ETFC,$28.65,1439907668996,"91,632",57% bullish,of 14 ratings,$33
EGBN,$45.22,1439907669024,"6,886",Not yet rated,NULL,$48
EGRX,$70.33,1439907669172,"33,061",67% bullish,of 3 ratings,$97
EGLE,$7.7465,1439907669267,900,60% bullish,of 5 ratings,N/A
EROC,$1.465,1439907669409,"33,734",50% bullish,of 2 ratings,$3
ELNK,$9.245,1439907669457,"168,104",80% bullish,of 5 ratings,$9.50
EWBC,$45.28,1439907669651,"58,329",100% bearish,of 1 rating,$50
EML,NULL,1439907669715,0,Not yet rated,NULL,N/A
EACQU,$10.12,1439907669745,18,Not yet rated,NULL,N/A
ELON,$0.58,1439907669844,407,50% bullish,of 2 ratings,N/A
EBIX,$30.03,1439907669875,"13,839",69% bullish,of 13 ratings,$40
EVBS,$6.45,1439907669909,234,Not yet rated,NULL,$7
EBAY,$28.14,1439907669930,"779,947",81% bullish,of 117 ratings,$48
ECHO,$25.97,1439907670010,"93,948",67% bearish,of 3 ratings,$35.50
SATS,$46.34,1439907670114,"7,815",50% bullish,of 2 ratings,$60
EEI,NULL,1439907670181,0,67% bearish,of 3 ratings,N/A
ECTE,$1.5351,1439907670335,"3,453",75% bullish,of 4 ratings,N/A
ESES,NULL,1439907670473,0,100% bearish,of 1 rating,$7
ECACU,NULL,1439907670509,0,Not yet rated,NULL,N/A
EDUC,$4.88,1439907670605,629,100% bearish,of 1 rating,N/A
EDGW,NULL,1439907670633,0,100% bearish,of 1 rating,N/A
EDAP,$3.5999,1439907670655,"4,080",60% bullish,of 5 ratings,$4.50
EFUT,$4.49,1439907670691,"8,307",Not yet rated,NULL,N/A
EGAN,$3.5,1439907670789,"1,300",50% bullish,of 2 ratings,$6.25
EHTH,$14.69,1439907670985,"5,362",50% bullish,of 4 ratings,$16.50
ESLT,$82.5199,1439907671016,"3,881",100% bullish,of 2 ratings,N/A
EMITF,$1.271,1439907671044,"4,571",75% bullish,of 4 ratings,N/A
LOCO,$14.51,1439907671066,"146,615",69% bullish,of 13 ratings,$23
EGLT,$12.83,1439907671120,"6,100",50% bullish,of 2 ratings,$21
ERI,$9.96,1439907671318,"10,710",100% bearish,of 1 rating,$10
ELRC,$10.23,1439907671446,600,100% bearish,of 1 rating,N/A
EA,$73.585,1439907671472,"313,244",77% bullish,of 35 ratings,$80
ELSE,NULL,1439907671505,0,60% bullish,of 5 ratings,N/A
EFII,$45.54,1439907671545,"104,010",80% bullish,of 5 ratings,$55
ESIO,$4.606,1439907671571,"2,296",50% bullish,of 2 ratings,$10
ELEC,NULL,1439907671598,0,Not yet rated,NULL,N/A
ELECU,NULL,1439907671888,0,Not yet rated,NULL,N/A
EBIO,$4.0099,1439907671917,"197,036",100% bearish,of 2 ratings,$8.35
RDEN,$10.25,1439907671947,"19,260",100% bearish,of 4 ratings,$15
ELECW,NULL,1439907671978,0,Not yet rated,NULL,N/A
CAPX,$23.93,1439907672053,2,Not yet rated,NULL,N/A
ESBK,NULL,1439907672110,0,Not yet rated,NULL,N/A
LONG,$17.095,1439907672190,"6,160",67% bullish,of 3 ratings,$15.75
ELTK,$1.13,1439907672253,800,67% bearish,of 3 ratings,N/A
EMCF,NULL,1439907672434,0,100% bearish,of 1 rating,N/A
EMMS,$1.21,1439907672567,"1,896",67% bullish,of 6 ratings,N/A
EMKR,$7.31,1439907672595,"13,491",75% bullish,of 4 ratings,$8.50
EMCI,$23.88,1439907672621,400,Not yet rated,NULL,N/A
EMMSP,NULL,1439907672673,0,100% bearish,of 1 rating,N/A
NYNY,$4.48,1439907672867,"1,900",50% bullish,of 2 ratings,N/A
ENTA,$41.01,1439907672897,"13,283",50% bullish,of 2 ratings,$42
ERS,$3,1439907672999,"1,800",Not yet rated,NULL,N/A
ENDP,$86.51,1439907673026,"62,238",50% bullish,of 6 ratings,$104
ECPG,$40.726,1439907673062,"23,113",100% bullish,of 2 ratings,$52
WIRE,$33.68,1439907673091,"14,267",100% bearish,of 1 rating,$37
ECYT,$5.46,1439907673160,"5,436",83% bullish,of 6 ratings,$12
ELGX,$13.14,1439907673182,"48,792",75% bullish,of 4 ratings,$17
EIGI,$16.12,1439907673263,"39,112",67% bearish,of 3 ratings,$20
WATT,$7.03,1439907673446,"2,821",50% bullish,of 2 ratings,$13
EFOI,$16,1439907673641,"51,301",50% bullish,of 2 ratings,$17
ERII,$2.92,1439907673732,"3,553",80% bullish,of 5 ratings,$2.50
EXXI,$1.63,1439907673758,"149,742",86% bullish,of 7 ratings,$3.50
ENOC,$8.75,1439907673779,"16,515",75% bullish,of 4 ratings,$18
ENG,$1.0999,1439907673808,"2,700",100% bullish,of 3 ratings,N/A
ESGR,$160.286,1439907673994,"6,931",100% bearish,of 1 rating,$185
ENPH,$5.465,1439907674023,"202,254",75% bullish,of 4 ratings,$11
ENTG,$14.62,1439907674053,"32,469",100% bearish,of 1 rating,$18
ETRM,$0.263,1439907674080,"235,774",69% bearish,of 35 ratings,$1.625
ENTL,$22.52,1439907674154,"5,341",Not yet rated,NULL,$28
EFSC,$24.94,1439907674211,"2,348",Not yet rated,NULL,$27
ENFC,NULL,1439907674242,0,Not yet rated,NULL,N/A
EBTC,$21.44,1439907674293,150,Not yet rated,NULL,N/A
EGT,$2.27,1439907674468,"5,650",100% bullish,of 1 rating,N/A
ENVI,$1.81,1439907674535,"4,900",67% bullish,of 3 ratings,N/A
ENZY,$8.79,1439907674715,"2,300",67% bullish,of 3 ratings,$9.50
ENZN,$1.0701,1439907674765,"149,887",100% bullish,of 9 ratings,N/A
EPIQ,$14.1,1439907674792,"6,515",100% bearish,of 1 rating,$18
PLUS,$75.498,1439907674940,"1,426",50% bullish,of 2 ratings,$88
EPZM,$17.73,1439907674987,"31,114",60% bullish,of 5 ratings,$34
EPRS,$5.01,1439907675078,"4,468",82% bullish,of 11 ratings,$15
EQIX,$284.76,1439907675116,"30,809",67% bullish,of 3 ratings,$312.50
ERIC,$10.525,1439907675211,"329,870",63% bullish,of 8 ratings,$13.30
EQFN,NULL,1439907675272,0,Not yet rated,NULL,N/A
ERIE,$87.7775,1439907675301,"2,810",Not yet rated,NULL,$73
ESCR,NULL,1439907675323,0,50% bullish,of 2 ratings,N/A
EAC,$3.5,1439907675351,"1,549",100% bearish,of 1 rating,$8
ESCRP,$1.795,1439907675567,913,100% bearish,of 1 rating,N/A
ESCA,$18.78,1439907675614,"2,900",100% bearish,of 1 rating,$22
ESMC,NULL,1439907675746,0,Not yet rated,NULL,N/A
ESPR,$73.35,1439907675772,"982,218",56% bearish,of 9 ratings,$130
EPIX,$7,1439907675903,120,Not yet rated,NULL,N/A
ESSA,$12.81,1439907675977,500,100% bearish,of 1 rating,N/A
EEFT,$68.535,1439907676043,"6,688",100% bearish,of 1 rating,$67.50
ESSX,$0.41,1439907676070,208,50% bullish,of 2 ratings,N/A
ESND,$35.93,1439907676112,"15,093",100% bearish,of 1 rating,$40
ETSY,$17.3,1439907676206,"59,761",80% bullish,of 5 ratings,$16
ESEA,NULL,1439907676245,0,100% bullish,of 1 rating,$15
CLWT,NULL,1439907676284,0,100% bearish,of 1 rating,N/A
EVEP,$8.97,1439907676395,"39,747",50% bullish,of 2 ratings,$15
EVLV,$2.24,1439907676427,"19,342",60% bullish,of 5 ratings,$6.50
EVK,NULL,1439907676465,0,75% bearish,of 4 ratings,N/A
EVOK,$5.33,1439907676706,"452,741",100% bearish,of 1 rating,$13.75
EXA,$10.76,1439907676839,"1,400",100% bearish,of 1 rating,$13
EXAS,$23.54,1439907676870,"78,959",78% bullish,of 9 ratings,$31
EXAC,$18.83,1439907676971,"4,258",100% bearish,of 1 rating,$22.50
EXEL,$5.92,1439907677000,"379,889",81% bullish,of 16 ratings,$6
EXLS,$37.44,1439907677033,"10,108",100% bullish,of 1 rating,$41
EXPD,$49.48,1439907677133,"89,685",80% bullish,of 5 ratings,$50.50
EXPE,$123.395,1439907677158,"105,302",64% bullish,of 11 ratings,$130
EVOL,$6.34,1439907677194,"10,059",75% bullish,of 4 ratings,$10
EXFO,NULL,1439907677340,0,67% bearish,of 3 ratings,$3.95
EXLP,$20.575,1439907677373,"5,354",100% bearish,of 1 rating,$27
ESRX,$89.558,1439907677478,"181,444",67% bearish,of 6 ratings,$101
EYEG,$4.55,1439907677559,"5,250",Not yet rated,NULL,N/A
EXPO,$44.28,1439907677610,"3,800",100% bearish,of 1 rating,$45.50
EXTR,$2.99,1439907677635,"56,731",80% bullish,of 5 ratings,$3
EZCH,$21.43,1439907677848,"35,164",75% bullish,of 8 ratings,$19.50
EYEGW,NULL,1439907677873,0,Not yet rated,NULL,N/A
EZPW,$6.12,1439907678011,"11,799",50% bullish,of 4 ratings,$7.50
FFIV,$133.99,1439907678044,"73,614",71% bullish,of 7 ratings,$132
FRP,$18.005,1439907678115,"8,150",100% bearish,of 1 rating,$18
FB,$95.36,1439907678145,"4,831,219",73% bullish,of 1063 ratings,$111
FCS,$14.38,1439907678222,"30,143",67% bearish,of 3 ratings,$17
FWM,$2.34,1439907678250,"27,477",100% bearish,of 2 ratings,$3.20
DAVE,$15.39,1439907678297,"2,500",100% bearish,of 1 rating,$15.50
FALC,$1.6899,1439907678392,"16,015",63% bearish,of 8 ratings,N/A
FFKT,$27.57,1439907678614,"1,396",Not yet rated,NULL,$29
FATE,$7.831,1439907678758,"15,141",100% bearish,of 1 rating,$11
FARO,$41.68,1439907678811,"7,290",50% bullish,of 2 ratings,$48
FMNB,$8.11,1439907678840,"8,497",Not yet rated,NULL,N/A
FAST,$40.62,1439907678893,"143,188",80% bullish,of 5 ratings,$46
FBSS,NULL,1439907678942,0,Not yet rated,NULL,N/A
FARM,$23.41,1439907678968,522,100% bearish,of 1 rating,$35
FDML,$9.74,1439907679033,"10,840",50% bullish,of 4 ratings,$14
FBRC,$23.66,1439907679178,"23,892",100% bearish,of 1 rating,$29
FNHC,$24,1439907679237,"4,896",100% bearish,of 1 rating,$35
FEIC,$81.845,1439907679535,"31,747",50% bullish,of 2 ratings,$95.50
FGEN,$24.852,1439907679635,"110,700",100% bearish,of 1 rating,$39
FCSC,$6.5,1439907679677,"12,372",100% bearish,of 1 rating,$8.125
FHCO,$1.52,1439907679703,"2,596",50% bullish,of 4 ratings,N/A
FENX,$9.77,1439907679766,"5,776",100% bullish,of 1 rating,$14.25
ONEQ,$200.125,1439907679938,"11,804",100% bullish,of 1 rating,N/A
FDUS,$15.1634,1439907680073,"8,438",100% bullish,of 1 rating,$18
FRGI,$55.59,1439907680094,"9,871",50% bullish,of 2 ratings,$70
FSAM,NULL,1439907680124,0,100% bearish,of 1 rating,$11
FSCFL,$25.03,1439907680177,"1,593",Not yet rated,NULL,N/A
FITB,$21.18,1439907680346,"431,618",54% bullish,of 13 ratings,$22
LION,$20.47,1439907680393,"12,112",100% bullish,of 1 rating,$20
FITBI,$27.805,1439907680422,"2,178",Not yet rated,NULL,N/A
FSC,$6.5257,1439907680451,"91,929",75% bullish,of 4 ratings,$8
FSFR,$9.133,1439907680480,"15,380",100% bearish,of 1 rating,$11.50
FNGN,$36.35,1439907680552,"53,826",67% bullish,of 3 ratings,$47
FISI,$24.9288,1439907680739,617,100% bullish,of 2 ratings,$24.50
FNJN,$1.76,1439907680880,"1,732",100% bearish,of 1 rating,$5
FNSR,$17.51,1439907680925,"161,799",86% bullish,of 7 ratings,$25
FNTCW,NULL,1439907680962,0,Not yet rated,NULL,N/A
FNTC,NULL,1439907681018,0,Not yet rated,NULL,N/A
FBNC,$17.2,1439907681056,560,100% bullish,of 1 rating,$20
FNTCU,NULL,1439907681102,0,Not yet rated,NULL,N/A
FEYE,$44.19,1439907681255,"733,053",87% bullish,of 15 ratings,$55.50
FNLC,$18.915,1439907681289,"1,400",100% bullish,of 1 rating,N/A
FRBA,$6,1439907681315,350,Not yet rated,NULL,$8
BUSE,$6.4488,1439907681388,"4,099",Not yet rated,NULL,$6.875
FCAP,NULL,1439907681444,0,Not yet rated,NULL,N/A
FBIZ,$44.01,1439907681543,123,100% bearish,of 2 ratings,$52
FCVA,NULL,1439907681686,0,Not yet rated,NULL,N/A
FCFS,$38.51,1439907681712,"13,083",100% bearish,of 2 ratings,$48
FCNCA,$249.66,1439907681845,702,Not yet rated,NULL,N/A
FCLF,NULL,1439907681889,0,Not yet rated,NULL,N/A
FCBC,$18.1,1439907682033,410,Not yet rated,NULL,$17
FCFP,NULL,1439907682059,0,Not yet rated,NULL,N/A
FCCO,$12.14,1439907682134,7,Not yet rated,NULL,$13.25
FDEF,$37.74,1439907682239,"1,524",Not yet rated,NULL,$38
FFBCW,NULL,1439907682378,0,100% bearish,of 1 rating,N/A
FBNK,$16.34,1439907682458,200,100% bearish,of 1 rating,$17.50
FFIN,$32.78,1439907682495,"5,094",50% bullish,of 2 ratings,$31.75
FFNM,$6.34,1439907682525,38,Not yet rated,NULL,N/A
FFBC,$19.39,1439907682587,"10,628",67% bearish,of 3 ratings,$20.25
THFF,$33.85,1439907682615,"9,799",Not yet rated,NULL,$35
FFNW,$12.52,1439907682643,200,Not yet rated,NULL,$14
FFWM,$21.34,1439907682789,408,Not yet rated,NULL,$24
INBK,$36.371,1439907682951,"1,749",50% bullish,of 2 ratings,$37
FIBK,$28.05,1439907683028,"5,094",Not yet rated,NULL,$32
FMBH,NULL,1439907683082,0,Not yet rated,NULL,N/A
FMBI,$18.76,1439907683111,"39,492",Not yet rated,NULL,$20
FRME,$26.33,1439907683217,"3,404",Not yet rated,NULL,$26.50
FNFG,$9.82,1439907683277,"346,604",80% bullish,of 5 ratings,$9
FNBC,$36.15,1439907683378,"14,229",Not yet rated,NULL,$41
FSFG,$31.2,1439907683438,102,Not yet rated,NULL,N/A
FNWB,$12.2501,1439907683464,"2,373",Not yet rated,NULL,N/A
FSLR,$51.83,1439907683509,"254,962",74% bullish,of 39 ratings,$65
FSGI,NULL,1439907683543,0,Not yet rated,NULL,N/A
BICK,NULL,1439907683593,0,100% bullish,of 1 rating,N/A
FSBK,$7.79,1439907683643,"3,957",100% bullish,of 1 rating,N/A
FBZ,NULL,1439907683791,0,Not yet rated,NULL,N/A
FCAN,NULL,1439907683855,0,Not yet rated,NULL,N/A
FTCS,$38.74,1439907683896,"5,579",Not yet rated,NULL,N/A
FCA,$22.05,1439907684097,395,Not yet rated,NULL,N/A
IFV,$18.7717,1439907684137,"39,295",100% bearish,of 1 rating,N/A
FEUZ,$32.79,1439907684280,30,Not yet rated,NULL,N/A
FEMB,NULL,1439907684326,0,Not yet rated,NULL,N/A
FV,$24.9799,1439907684387,"337,006",Not yet rated,NULL,N/A
FGM,$37.4,1439907684455,200,Not yet rated,NULL,N/A
FTSM,$59.9372,1439907684487,"6,122",100% bearish,of 1 rating,N/A
MDIV,$19.8632,1439907684585,"6,085",Not yet rated,NULL,N/A
TDIV,$25.945,1439907684623,"7,099",100% bearish,of 1 rating,N/A
FTGC,$22.6,1439907684720,"3,551",Not yet rated,NULL,N/A
FTHI,NULL,1439907684748,0,Not yet rated,NULL,N/A
HYLS,$49.8099,1439907684783,"212,462",100% bearish,of 1 rating,N/A
FHK,$35.27,1439907684809,514,Not yet rated,NULL,N/A
FPXI,NULL,1439907684974,0,Not yet rated,NULL,N/A
PLTM,$6.46,1439907685189,400,100% bearish,of 1 rating,N/A
FTLB,NULL,1439907685262,0,100% bearish,of 1 rating,N/A
YDIV,NULL,1439907685292,0,Not yet rated,NULL,N/A
SKYY,$30.596,1439907685314,"21,831",100% bullish,of 1 rating,N/A
CU,$13.12,1439907685349,800,100% bearish,of 1 rating,N/A
FJP,$50.1818,1439907685394,996,Not yet rated,NULL,N/A
LMBS,NULL,1439907685448,0,Not yet rated,NULL,N/A
FONE,$36.81,1439907685695,11,Not yet rated,NULL,N/A
QABA,$39.84,1439907685728,"1,658",100% bearish,of 1 rating,N/A
FMB,NULL,1439907685749,0,Not yet rated,NULL,N/A
CIBR,$19.69,1439907685785,"13,501",Not yet rated,NULL,N/A
GRID,NULL,1439907685826,0,100% bearish,of 1 rating,N/A
QCLN,$16.27,1439907685880,"3,005",Not yet rated,NULL,N/A
CARZ,$36.99,1439907685954,445,100% bearish,of 1 rating,N/A
RDVY,$22.5217,1439907686053,"1,154",Not yet rated,NULL,N/A
QQEW,$44.3005,1439907686142,872,Not yet rated,NULL,N/A
QQXT,$43.0399,1439907686245,"1,546",Not yet rated,NULL,N/A
AIRR,$17.12,1439907686274,514,100% bearish,of 1 rating,N/A
FDIV,NULL,1439907686406,0,100% bearish,of 1 rating,N/A
QTEC,$42.2494,1439907686450,"6,168",Not yet rated,NULL,N/A
QINC,$21.59,1439907686511,1,Not yet rated,NULL,N/A
FKO,$23.83,1439907686582,"1,300",Not yet rated,NULL,N/A
FTSL,$48.964,1439907686645,"6,821",100% bearish,of 1 rating,N/A
FSZ,NULL,1439907686711,0,Not yet rated,NULL,N/A
FTW,$31.242,1439907686737,450,Not yet rated,NULL,N/A
TUSA,NULL,1439907686962,0,Not yet rated,NULL,N/A
FKU,$44.0501,1439907687068,"2,510",Not yet rated,NULL,N/A
FSV,$34.1,1439907687138,"12,520",Not yet rated,NULL,$33.60
FUNC,$8.29,1439907687160,200,Not yet rated,NULL,N/A
FMER,$18.85,1439907687196,"173,845",50% bullish,of 2 ratings,$20
SVVC,$10.665,1439907687242,618,100% bullish,of 1 rating,$26
FISV,$90,1439907687294,"55,808",100% bearish,of 3 ratings,$90
FIVE,$37.86,1439907687387,"20,724",75% bearish,of 4 ratings,$44
FIVN,$4.25,1439907687572,"54,592",100% bullish,of 1 rating,$8.50
FLKS,$14.7,1439907687604,"4,510",50% bullish,of 2 ratings,$27
FPRX,$19.3,1439907687648,"36,170",50% bullish,of 2 ratings,$35
FLML,$21.6,1439907687674,"5,380",50% bullish,of 2 ratings,$30
FLXN,$24.1,1439907687702,"12,957",100% bearish,of 1 rating,$39.50
SKOR,$50.33,1439907687857,4,Not yet rated,NULL,N/A
MBSD,NULL,1439907687960,0,Not yet rated,NULL,N/A
FLXS,$41.6,1439907687989,350,100% bearish,of 2 ratings,N/A
FLIR,$30.65,1439907688016,"37,942",100% bearish,of 1 rating,$38.50
FLEX,$11.195,1439907688149,"175,530",63% bullish,of 8 ratings,$12
FLDM,$12.85,1439907688213,"25,735",67% bearish,of 3 ratings,$21.50
FFIC,$20.975,1439907688286,"1,424",Not yet rated,NULL,$21
FES,$0.919,1439907688527,"1,200",50% bullish,of 2 ratings,$1
FONR,$9.5,1439907688580,180,100% bullish,of 1 rating,N/A
FOMX,$10.88,1439907688669,"58,194",50% bullish,of 2 ratings,$23.50
FORM,$6.52,1439907688697,"32,140",67% bullish,of 3 ratings,$10.50
FOGO,$18.89,1439907688723,"11,140",50% bullish,of 2 ratings,$25.50
FTNT,$47.48,1439907688899,"93,241",80% bullish,of 10 ratings,$52
FORR,$32.42,1439907688945,835,Not yet rated,NULL,N/A
FBIO,$3.105,1439907689085,"13,104",83% bullish,of 6 ratings,N/A
FWP,$26.408,1439907689174,"34,046",100% bearish,of 1 rating,$45
FORTY,NULL,1439907689235,0,Not yet rated,NULL,N/A
FMI,$19.81,1439907689311,"21,009",100% bearish,of 2 ratings,$27.50
FWRD,$49.09,1439907689340,"17,511",100% bearish,of 1 rating,$50
FORD,$1.12,1439907689372,"20,163",50% bullish,of 2 ratings,N/A
FOSL,$61.89,1439907689417,"93,292",50% bullish,of 4 ratings,$70
FXCB,$17.51,1439907689475,10,Not yet rated,NULL,$19
FRAN,$10.76,1439907689615,"173,469",50% bullish,of 4 ratings,$15
FOXF,$15.72,1439907689711,"2,020",100% bearish,of 1 rating,$19
FELE,$30.16,1439907689743,"26,140",50% bullish,of 4 ratings,$33
FREE,$0.5202,1439907689911,"43,087",92% bullish,of 12 ratings,N/A
RAIL,$21.75,1439907689966,"6,926",100% bearish,of 1 rating,$24.50
FRED,$14.57,1439907690044,"5,560",50% bullish,of 2 ratings,$16.50
FEIM,$10.85,1439907690113,12,100% bearish,of 1 rating,N/A
FTR,$5.5,1439907690136,"2,289,644",78% bullish,of 27 ratings,$6.25
FRPT,$14.09,1439907690172,"41,076",67% bearish,of 3 ratings,$23.50
FTRPR,$107.97,1439907690216,500,100% bearish,of 1 rating,N/A
FRPH,NULL,1439907690271,0,100% bearish,of 1 rating,N/A
FSBW,$23.55,1439907690349,212,Not yet rated,NULL,N/A
FSYS,$6.66,1439907690524,900,67% bullish,of 3 ratings,$10
FTEK,$2.36,1439907690605,488,75% bullish,of 4 ratings,N/A
FCEL,$0.7947,1439907690687,"101,541",88% bullish,of 40 ratings,$2.65
FTD,$31.26,1439907690750,"17,251",100% bearish,of 1 rating,$40
FULL,$3.1902,1439907690930,"2,442",67% bearish,of 3 ratings,$4.25
FLL,$1.5801,1439907690960,"2,798",75% bullish,of 4 ratings,$2.825
FULLL,NULL,1439907691015,0,Not yet rated,NULL,N/A
FULT,$13.1999,1439907691043,"186,142",100% bearish,of 1 rating,$13
FFHL,NULL,1439907691209,0,50% bullish,of 4 ratings,N/A
FSNN,$2.57,1439907691374,50,67% bullish,of 3 ratings,$6
FXENP,$16.5,1439907691409,250,100% bearish,of 1 rating,N/A
FXEN,$1.02,1439907691435,"19,005",75% bullish,of 4 ratings,$1.10
WILC,$5.19,1439907691467,"1,208",100% bullish,of 2 ratings,N/A
GAIA,$5.64,1439907691507,"11,460",50% bullish,of 2 ratings,$8.50
GK,$72.425,1439907691538,"2,540",Not yet rated,NULL,$78
GLPG,$64.7673,1439907691638,"12,245",100% bullish,of 1 rating,$75
GALT,$2.189,1439907691805,"5,525",80% bullish,of 5 ratings,N/A
GALTU,NULL,1439907691934,0,100% bearish,of 1 rating,N/A
GALTW,$0.65,1439907691960,"18,100",100% bullish,of 1 rating,N/A
GALE,$1.4796,1439907691987,"201,332",89% bullish,of 47 ratings,$4
GLMD,$8.75,1439907692008,192,67% bullish,of 3 ratings,$20.50
GLPI,$33.63,1439907692151,"19,015",100% bearish,of 1 rating,$37.50
GPIC,NULL,1439907692285,0,100% bearish,of 1 rating,N/A
GGAC,$9.82,1439907692349,750,100% bearish,of 1 rating,N/A
GARS,$14.78,1439907692487,"6,802",Not yet rated,NULL,$16
GGACR,NULL,1439907692512,0,100% bullish,of 1 rating,N/A
GGACW,$0.1,1439907692544,"2,000",Not yet rated,NULL,N/A
GRMN,$40.3299,1439907692570,"67,691",50% bullish,of 6 ratings,$48
GGACU,NULL,1439907692639,0,Not yet rated,NULL,N/A
GNCMA,$18.0293,1439907692737,"11,219",100% bearish,of 1 rating,$12
GENC,NULL,1439907692804,0,100% bearish,of 1 rating,N/A
GFN,$4.03,1439907692952,628,100% bearish,of 2 ratings,$8
GFNCP,NULL,1439907693038,0,Not yet rated,NULL,N/A
GENE,$2.71,1439907693086,"10,961",100% bullish,of 12 ratings,N/A
GFNSL,$25.8,1439907693111,"2,000",Not yet rated,NULL,N/A
GNMK,$9.5,1439907693325,"10,430",67% bullish,of 6 ratings,$14
GNCA,$13.01,1439907693353,"5,890",100% bearish,of 1 rating,$20
THRM,$48.3,1439907693433,"14,725",75% bearish,of 4 ratings,$55.50
GEOS,$15.59,1439907693530,"7,389",100% bearish,of 3 ratings,$25.50
GHDX,$26.585,1439907693559,"19,316",50% bullish,of 2 ratings,$30
GNTX,$16,1439907693580,"507,450",Not yet rated,NULL,$20
GNVC,$2.47,1439907693619,123,90% bullish,of 10 ratings,$8.50
GTWN,NULL,1439907693712,0,Not yet rated,NULL,N/A
GABC,$29.75,1439907694035,800,Not yet rated,NULL,$31.50
GERN,$3.4299,1439907694111,"305,081",88% bullish,of 16 ratings,$5.25
ROCK,$18.7,1439907694219,"9,986",80% bullish,of 5 ratings,$24
GEVO,$2.185,1439907694283,"65,766",75% bullish,of 12 ratings,N/A
GIGM,$0.649,1439907694309,"11,450",100% bullish,of 2 ratings,N/A
GIGA,$1.4652,1439907694336,566,100% bearish,of 1 rating,N/A
GILD,$117.08,1439907694382,"701,361",91% bullish,of 86 ratings,$129
GILT,$4.6,1439907694465,"8,189",50% bullish,of 2 ratings,N/A
GIII,$69.84,1439907694605,"7,774",67% bullish,of 3 ratings,$75
GBCI,$28.3,1439907694637,"13,133",50% bullish,of 2 ratings,$31
GOODN,$25.67,1439907694706,61,Not yet rated,NULL,N/A
GLADO,NULL,1439907694739,0,Not yet rated,NULL,N/A
GLAD,$8.2998,1439907694768,"12,724",50% bullish,of 2 ratings,$8.75
GOOD,$15.77,1439907694837,"3,696",Not yet rated,NULL,$19
GOODO,NULL,1439907694901,0,Not yet rated,NULL,N/A
GOODP,$25.25,1439907695090,250,Not yet rated,NULL,N/A
GAIN,$7.9393,1439907695220,"30,334",100% bullish,of 2 ratings,$8.25
GAINO,NULL,1439907695260,0,Not yet rated,NULL,N/A
GAINN,$25.22,1439907695311,"1,000",Not yet rated,NULL,N/A
GAINP,$26.09,1439907695363,400,Not yet rated,NULL,N/A
LAND,$9.4325,1439907695448,"1,243",50% bullish,of 2 ratings,$13.75
ENT,$13.115,1439907695476,"25,348",100% bearish,of 1 rating,$18
GDEF,NULL,1439907695547,0,Not yet rated,NULL,N/A
GBT,$49.45,1439907695697,"142,111",Not yet rated,NULL,N/A
GBLI,$27.16,1439907695725,800,Not yet rated,NULL,N/A
GPACU,NULL,1439907695854,0,Not yet rated,NULL,N/A
ACTX,NULL,1439907695910,0,100% bullish,of 1 rating,N/A
GSOL,$8.54,1439907695989,"1,342",100% bearish,of 1 rating,N/A
GLBZ,$12.12,1439907696017,254,Not yet rated,NULL,N/A
QQQC,$21.45,1439907696181,962,100% bearish,of 1 rating,N/A
SOCL,$18.47,1439907696233,"17,765",100% bullish,of 2 ratings,N/A
SRET,NULL,1439907696389,0,Not yet rated,NULL,N/A
YLCO,$12.36,1439907696415,"2,002",Not yet rated,NULL,N/A
GBIM,$2.28,1439907696445,"4,757",50% bullish,of 2 ratings,N/A
ALTY,NULL,1439907696469,0,Not yet rated,NULL,N/A
GSM,$14.195,1439907696545,"28,365",50% bullish,of 2 ratings,$24.50
GLRI,$1.297,1439907696650,"1,000",100% bearish,of 1 rating,$6
GLBS,$1.3999,1439907696750,"3,500",67% bullish,of 3 ratings,N/A
GAI,$5.48,1439907696814,520,50% bullish,of 2 ratings,N/A
GOGO,$16.36,1439907696841,"33,502",80% bullish,of 5 ratings,$25
GLUU,$4.745,1439907696869,"986,019",92% bullish,of 26 ratings,$9
GLYC,NULL,1439907696894,0,50% bullish,of 2 ratings,$14
GLNG,$39.245,1439907697134,"57,693",83% bullish,of 6 ratings,$58
GDEN,NULL,1439907697215,0,50% bullish,of 2 ratings,N/A
GMLP,$20.82,1439907697264,"12,136",50% bullish,of 4 ratings,$32.50
GLDC,NULL,1439907697295,0,50% bullish,of 2 ratings,N/A
GOGL,$3.51,1439907697322,"39,698",75% bullish,of 4 ratings,$5
GTIM,$7.15,1439907697406,"1,300",Not yet rated,NULL,$11.50
GOOG,$658.93,1439907697542,"177,977",89% bullish,of 64 ratings,$795
GBDC,$16.6399,1439907697572,"6,809",Not yet rated,NULL,$17.75
GOOGL,$691.55,1439907697647,"163,746",88% bullish,of 1078 ratings,$747
GPRO,$57.895,1439907697730,"729,261",79% bullish,of 58 ratings,$72
GMAN,$4.7498,1439907697789,"6,400",60% bullish,of 5 ratings,$8
GPIA,NULL,1439907697816,0,Not yet rated,NULL,N/A
GPIAU,$10.08,1439907697837,200,Not yet rated,NULL,N/A
GPIAW,NULL,1439907698029,0,Not yet rated,NULL,N/A
GRVY,$3.57,1439907698165,174,50% bullish,of 2 ratings,N/A
GBSNU,$16.5,1439907698187,"5,210",Not yet rated,NULL,N/A
GSBC,$42.59,1439907698217,"2,197",100% bullish,of 1 rating,$44
LOPE,$38.96,1439907698348,"9,704",100% bearish,of 2 ratings,$50
GBSN,$2.2801,1439907698388,"28,370",100% bearish,of 1 rating,$8.25
GLDD,$5.545,1439907698419,"17,290",100% bearish,of 4 ratings,$7.75
GNBC,$13.5,1439907698447,"1,000",100% bearish,of 1 rating,$17
GPP,$14.73,1439907698618,"5,806",Not yet rated,NULL,$20.50
GPRE,$22.02,1439907698670,"39,866",67% bullish,of 6 ratings,$28.50
GRBK,$14.8,1439907698691,"32,660",77% bullish,of 13 ratings,N/A
GCBC,NULL,1439907698834,0,100% bullish,of 1 rating,N/A
GRFS,$32.985,1439907698879,"46,739",50% bullish,of 2 ratings,$35
GLRE,$26.495,1439907698966,"5,356",100% bullish,of 1 rating,$41
GRIF,NULL,1439907699014,0,100% bearish,of 1 rating,N/A
OMAB,$42.86,1439907699140,"2,108",100% bullish,of 1 rating,$44
GGAL,$20.53,1439907699207,"14,626",80% bullish,of 5 ratings,$40
GRPN,$4.355,1439907699243,"625,896",61% bullish,of 71 ratings,$6.75
GSIT,$5,1439907699268,680,100% bearish,of 1 rating,N/A
GBNK,$16.35,1439907699413,809,100% bearish,of 1 rating,$18
GSIG,$13.59,1439907699451,"1,100",100% bearish,of 2 ratings,N/A
GSVC,$9.4969,1439907699589,"2,150",50% bullish,of 2 ratings,$14.50
GTXI,NULL,1439907699720,0,100% bullish,of 5 ratings,$.75
GUID,$9.12,1439907699750,"1,328",100% bearish,of 3 ratings,$10
GFED,$14.8,1439907699819,1,Not yet rated,NULL,$17
GULTU,$0.3393,1439907699846,"1,300",100% bearish,of 1 rating,N/A
GIFI,$12.15,1439907699924,"5,260",100% bearish,of 1 rating,$16
GURE,$1.8365,1439907700025,"5,707",88% bullish,of 8 ratings,N/A
GWPH,$114.32,1439907700229,"16,573",78% bullish,of 9 ratings,$148.50
GWGH,$8.175,1439907700255,100,100% bearish,of 1 rating,$15.05
HLG,$9.39,1439907700281,2,100% bearish,of 1 rating,N/A
GPOR,$35.765,1439907700335,"65,561",75% bullish,of 4 ratings,$55.50
HNRG,$7.815,1439907700471,"13,246",100% bearish,of 1 rating,$10
GYRO,NULL,1439907700518,0,100% bearish,of 1 rating,N/A
HEES,$17.2352,1439907700546,"49,075",67% bearish,of 3 ratings,$31
HALL,$11.78,1439907700577,"1,934",Not yet rated,NULL,N/A
HALO,$19.555,1439907700707,"154,516",67% bullish,of 3 ratings,$22.50
HBK,NULL,1439907700910,0,50% bullish,of 2 ratings,N/A
HMPR,$1.98,1439907700948,"3,900",100% bullish,of 1 rating,N/A
HBHC,$28.98,1439907701124,"47,189",50% bullish,of 2 ratings,$30
HNH,$29.03,1439907701152,200,100% bullish,of 1 rating,N/A
HAFC,$25.995,1439907701179,"4,750",100% bullish,of 2 ratings,$28.50
HBHCL,$24.5756,1439907701228,"8,494",Not yet rated,NULL,N/A
HDNG,$10.46,1439907701309,"4,304",50% bullish,of 4 ratings,N/A
HQCL,$10.92,1439907701335,"4,112",67% bullish,of 3 ratings,N/A
HNSN,$0.5299,1439907701360,"16,200",88% bullish,of 8 ratings,$.40
HRMNU,NULL,1439907701575,0,Not yet rated,NULL,N/A
HART,$0.6612,1439907701679,"47,865",100% bearish,of 1 rating,N/A
TINY,$2.55,1439907701706,"5,962",50% bullish,of 2 ratings,$5.26
HLIT,$5.83,1439907701727,"46,148",100% bearish,of 1 rating,$6.50
HRMNW,NULL,1439907701762,0,Not yet rated,NULL,N/A
HRMN,NULL,1439907701859,0,Not yet rated,NULL,N/A
HBIO,$4.575,1439907701965,"15,628",Not yet rated,NULL,$10
HA,$25.73,1439907702109,"59,129",67% bullish,of 9 ratings,$27
HCAPL,NULL,1439907702154,0,Not yet rated,NULL,N/A
HCAP,$12.36,1439907702249,156,50% bullish,of 2 ratings,$15
HAS,$80.54,1439907702286,"65,912",63% bullish,of 8 ratings,$84.50
HWBK,NULL,1439907702321,0,100% bearish,of 1 rating,N/A
HWKN,$37.72,1439907702386,"4,435",Not yet rated,NULL,N/A
HCOM,NULL,1439907702414,0,100% bearish,of 1 rating,$28
HAYN,$40.135,1439907702450,"2,542",100% bearish,of 1 rating,$59
HDS,$34.83,1439907702651,"47,461",100% bearish,of 2 ratings,$39.50
HIIQ,$4.8368,1439907702682,"1,075",50% bullish,of 2 ratings,$7
HCSG,$34.67,1439907702708,"12,512",50% bullish,of 4 ratings,$35
HQY,$33.595,1439907702783,"8,166",67% bullish,of 3 ratings,$31
HWAY,$12.6,1439907702922,"31,586",100% bearish,of 1 rating,$15
HSTM,$25.8,1439907702948,"16,841",50% bullish,of 2 ratings,$33.75
HTWR,$88.8,1439907703078,"7,172",50% bullish,of 2 ratings,$103
HTLD,$21.35,1439907703161,"12,693",Not yet rated,NULL,$22.50
HTBX,$5.5699,1439907703187,"2,210",50% bullish,of 2 ratings,$15.50
HELE,$91.68,1439907703332,"14,055",67% bearish,of 3 ratings,$100
HTLF,$37.66,1439907703475,"2,206",100% bullish,of 1 rating,$39.50
HCACU,$9.98,1439907703528,"1,000",Not yet rated,NULL,N/A
HSII,$20.16,1439907703557,"9,193",100% bullish,of 3 ratings,$25
HMTV,$13.42,1439907703587,"2,102",100% bearish,of 1 rating,$16
HNNA,$23.26,1439907703616,"1,900",Not yet rated,NULL,N/A
HMNY,NULL,1439907703642,0,100% bearish,of 1 rating,N/A
HSIC,$146.87,1439907703719,"21,499",83% bullish,of 6 ratings,$146
HTBK,$11.13,1439907703887,"1,903",Not yet rated,NULL,$12
HFWA,$18.49,1439907704025,"3,976",100% bullish,of 1 rating,$20
HERO,$0.0709,1439907704052,"311,574",81% bullish,of 16 ratings,$.75
HEOP,$8.06,1439907704127,113,Not yet rated,NULL,$8.50
MLHR,$29.46,1439907704186,"26,404",50% bullish,of 2 ratings,$33.50
HCCI,$12.887,1439907704211,"1,130",100% bearish,of 1 rating,$16.50
HFFC,$16.3,1439907704345,2,Not yet rated,NULL,N/A
HSKA,$34.42,1439907704373,"1,211",100% bearish,of 1 rating,$38
HIMX,$6.885,1439907704559,"220,130",85% bullish,of 20 ratings,$8.50
HPJ,$2.8305,1439907704619,633,75% bullish,of 4 ratings,$12.43
HRTX,$31.98,1439907704654,"32,568",67% bullish,of 6 ratings,$41
HIBB,$40.71,1439907704714,"36,568",100% bearish,of 1 rating,$48.50
HSGX,$6.78,1439907704746,110,100% bearish,of 1 rating,$17
HIHO,$4.1724,1439907704777,"4,524",Not yet rated,NULL,N/A
HIFS,$120.7,1439907704875,704,Not yet rated,NULL,N/A
HMNF,NULL,1439907704941,0,Not yet rated,NULL,N/A
HMSY,$9.425,1439907705114,"152,024",67% bullish,of 3 ratings,$19.35
HOLX,$42.76,1439907705145,"132,542",67% bullish,of 3 ratings,$42
HBCP,NULL,1439907705219,0,Not yet rated,NULL,$29
HOLI,$18.5,1439907705245,"58,779",50% bullish,of 4 ratings,$27
HFBL,$22,1439907705325,1,Not yet rated,NULL,N/A
AWAY,$31.315,1439907705389,"103,629",67% bullish,of 3 ratings,$36
HOMB,$41.04,1439907705415,"16,047",Not yet rated,NULL,$41
HMIN,$29.54,1439907705467,"10,690",100% bearish,of 2 ratings,$35
HTBI,$18.63,1439907705558,482,67% bullish,of 3 ratings,$18.625
HMST,$22.08,1439907705626,"12,788",100% bullish,of 2 ratings,$27
CETC,$0.96,1439907705802,"2,642",86% bullish,of 7 ratings,N/A
HKTV,$5.17,1439907705828,"2,226",100% bearish,of 1 rating,N/A
HOFT,$25.25,1439907705903,"1,360",100% bearish,of 1 rating,N/A
HFBC,$11.7699,1439907705958,100,Not yet rated,NULL,N/A
HBNC,$24.84,1439907706036,"6,900",100% bullish,of 1 rating,$27
HZNP,$31.75,1439907706064,"170,282",85% bullish,of 20 ratings,$40
HRZN,$11.084,1439907706141,"4,849",100% bearish,of 1 rating,$14.25
ZINC,$8.38,1439907706213,"68,059",100% bearish,of 1 rating,$17
HMHC,$23.49,1439907706352,"29,078",Not yet rated,NULL,$27
HOVNP,$5.472,1439907706379,400,100% bearish,of 1 rating,N/A
HDP,$26.06,1439907706454,"24,782",67% bearish,of 3 ratings,$30.50
HWCC,$7.36,1439907706609,"53,162",100% bearish,of 1 rating,$9
HSNI,$63.85,1439907706639,"13,941",Not yet rated,NULL,$80
HBMD,$14.82,1439907706661,102,100% bearish,of 1 rating,N/A
HTGM,$5.93,1439907706687,"1,950",100% bearish,of 1 rating,$19.50
HUBG,$41.57,1439907706825,"8,050",100% bearish,of 1 rating,$43
HCBK,$10.39,1439907706910,"105,034",83% bullish,of 6 ratings,$8.61
HSON,$2.84,1439907706976,130,100% bearish,of 1 rating,$5
HBAN,$11.805,1439907707113,"861,682",76% bullish,of 17 ratings,$12.50
HDSN,$3.16,1439907707138,"1,603",100% bullish,of 1 rating,$6.25
HURN,$75.8,1439907707309,"4,147",50% bullish,of 2 ratings,$80
HBANP,NULL,1439907707365,0,100% bearish,of 1 rating,N/A
HURC,$30.59,1439907707400,722,100% bearish,of 1 rating,N/A
HBP,$3.09,1439907707438,520,100% bullish,of 1 rating,N/A
HDRAU,NULL,1439907707494,0,Not yet rated,NULL,N/A
HDRA,NULL,1439907707519,0,Not yet rated,NULL,N/A
HTCH,$1.68,1439907707552,"3,672",100% bearish,of 1 rating,$3.50
HDRAR,NULL,1439907707580,0,Not yet rated,NULL,N/A
HDRAW,NULL,1439907707725,0,Not yet rated,NULL,N/A
HYGS,$7.7499,1439907707982,"1,998",50% bullish,of 2 ratings,$13
IACI,$75.2175,1439907708050,"28,785",75% bullish,of 4 ratings,$90
IDSY,$4.05,1439907708113,"2,400",100% bearish,of 1 rating,$7
IBKC,$63.92,1439907708143,"8,124",100% bullish,of 1 rating,$70
ICAD,$3.65,1439907708207,"15,220",50% bullish,of 2 ratings,$7.25
IEP,$73.18,1439907708241,"2,303",75% bullish,of 4 ratings,$99
IKGH,$1.75,1439907708271,"5,900",75% bullish,of 4 ratings,N/A
ICLR,$80.307,1439907708374,"177,673",100% bearish,of 3 ratings,$85
ICFI,$35.23,1439907708555,"28,077",50% bullish,of 2 ratings,$48.50
ICON,$13.6199,1439907708583,"78,006",50% bullish,of 2 ratings,$18.50
ICUI,$122.35,1439907708615,"8,616",Not yet rated,NULL,$122
IDRA,$2.705,1439907708651,"115,072",89% bullish,of 9 ratings,$6.50
INVE,$4.72,1439907708677,"33,792",75% bullish,of 4 ratings,$4
IPWR,$8,1439907708714,"7,439",100% bullish,of 1 rating,$15
IDXX,$79.07,1439907708743,"65,073",100% bearish,of 1 rating,$77
DSKY,$12.44,1439907709165,"17,670",67% bullish,of 6 ratings,$11.50
IIVI,$17.71,1439907709193,"11,630",100% bearish,of 1 rating,$22
RXDX,$13.57,1439907709223,"18,129",100% bullish,of 1 rating,$20
IROQ,$16.6,1439907709323,100,100% bullish,of 1 rating,N/A
ILMN,$207.5185,1439907709395,"76,838",80% bullish,of 5 ratings,$240
KANG,$16.93,1439907709528,"29,324",50% bullish,of 2 ratings,$22.55
IKNX,NULL,1439907709557,0,100% bearish,of 1 rating,N/A
IKAN,$2.73,1439907709592,"1,000",83% bullish,of 6 ratings,$5
ICCC,$9.18,1439907709815,285,100% bullish,of 1 rating,N/A
IMMR,$12.41,1439907709841,"11,133",80% bullish,of 5 ratings,$15.50
ISNS,$4.1001,1439907709880,"15,470",50% bullish,of 2 ratings,N/A
IRG,$4.44,1439907709975,"2,800",100% bearish,of 1 rating,$4.50
IMNP,$1.59,1439907710007,"14,986",50% bullish,of 2 ratings,$6
IMDZ,$16.62,1439907710074,"13,435",100% bearish,of 1 rating,$33
IMGN,$14.0898,1439907710101,"120,833",75% bullish,of 4 ratings,$17.50
IMMU,$1.91,1439907710335,"134,262",86% bullish,of 7 ratings,$2
IPXL,$46.945,1439907710391,"31,740",67% bullish,of 3 ratings,$46.50
IMMY,$7.72,1439907710467,35,100% bearish,of 1 rating,$11
INCR,$44.47,1439907710498,"96,181",50% bullish,of 2 ratings,$53
IBCP,$14.69,1439907710557,"2,082",100% bullish,of 1 rating,$14.50
SAAS,$8.01,1439907710598,"31,998",50% bullish,of 2 ratings,$15
INCY,$115.17,1439907710632,"172,512",50% bullish,of 6 ratings,$125.50
IBTX,$44.09,1439907710739,"2,474",100% bullish,of 2 ratings,$47.25
INDB,$49.11,1439907710768,"1,576",Not yet rated,NULL,$44
IDSA,$3.74,1439907710870,"3,293",Not yet rated,NULL,N/A
INFN,$24.83,1439907711004,"363,338",71% bullish,of 7 ratings,$27.50
IPCC,$80.7,1439907711032,"9,223",Not yet rated,NULL,$77
INFI,$9.555,1439907711062,"19,470",50% bullish,of 4 ratings,$18
IFON,$1.34,1439907711162,"18,493",75% bullish,of 4 ratings,N/A
III,$4.1901,1439907711188,"5,088",57% bullish,of 7 ratings,$6
IMKTA,$55.4793,1439907711381,"12,097",100% bearish,of 1 rating,N/A
INWK,$7.715,1439907711472,"7,835",50% bullish,of 2 ratings,$10
INNL,NULL,1439907711529,0,100% bearish,of 1 rating,$16.50
IPHS,$50.84,1439907711602,"9,444",100% bearish,of 1 rating,$60
INGN,$50.49,1439907711673,"39,696",100% bearish,of 1 rating,$50.50
IOSP,$46.6,1439907711743,"8,094",100% bearish,of 1 rating,N/A
INOD,$2.54,1439907711806,200,100% bearish,of 1 rating,N/A
ISSC,$3.0383,1439907711874,"1,100",67% bearish,of 3 ratings,N/A
INO,$7.817,1439907711939,"128,542",89% bullish,of 18 ratings,$20
ITEK,$15.065,1439907711968,"125,289",67% bearish,of 3 ratings,$20
INOV,$22.75,1439907712005,"90,556",100% bearish,of 1 rating,$33
NSIT,$26.28,1439907712191,"5,494",50% bullish,of 2 ratings,N/A
PODD,$30.31,1439907712332,"27,435",50% bullish,of 2 ratings,$35
ISIG,NULL,1439907712363,0,100% bearish,of 1 rating,N/A
IIIN,$17.93,1439907712390,"1,300",100% bearish,of 2 ratings,N/A
INSY,$36.1,1439907712433,"59,027",75% bullish,of 4 ratings,$48
INSM,$27.43,1439907712459,"46,337",71% bullish,of 7 ratings,$32
NTEC,$6.06,1439907712591,802,Not yet rated,NULL,N/A
IART,$62.75,1439907712616,"9,105",100% bearish,of 1 rating,$71.50
IESC,$7.218,1439907712771,"5,100",100% bearish,of 1 rating,N/A
IQNT,$22.29,1439907712871,"434,521",86% bullish,of 7 ratings,$20
INTC,$28.9527,1439907712910,"3,521,494",82% bullish,of 238 ratings,$36
ISSI,$22.24,1439907712935,"16,373",67% bullish,of 3 ratings,$19.75
IPCI,$2.23,1439907713006,"2,557",67% bullish,of 6 ratings,$7.75
IDTI,$17.75,1439907713031,"1,595,529",60% bullish,of 5 ratings,$25
IPAR,$28.85,1439907713062,"12,115",67% bullish,of 3 ratings,$38
IBKR,$42.67,1439907713310,"22,758",100% bullish,of 1 rating,N/A
ICPT,$212.59,1439907713335,"10,871",70% bullish,of 10 ratings,$363
ININ,$40.24,1439907713374,"2,368",67% bearish,of 3 ratings,$57
ICLD,$1.9841,1439907713396,"36,141",75% bullish,of 4 ratings,N/A
IDCC,$50.26,1439907713475,"27,543",80% bullish,of 5 ratings,$63
ICLDW,NULL,1439907713503,0,100% bearish,of 1 rating,N/A
TILE,$26.1999,1439907713686,"26,814",67% bearish,of 3 ratings,$27
IMI,NULL,1439907713762,0,67% bullish,of 3 ratings,$2.22
INAP,$8.69,1439907713828,"14,615",75% bullish,of 4 ratings,$11
IIJI,NULL,1439907713857,0,50% bullish,of 2 ratings,$11.50
ISCA,$34.05,1439907713885,"10,875",100% bearish,of 1 rating,N/A
IBOC,$27.75,1439907713907,"8,585",100% bearish,of 1 rating,N/A
IGLD,$7.86,1439907713965,"2,300",50% bullish,of 2 ratings,N/A
PTNT,NULL,1439907714243,0,Not yet rated,NULL,N/A
INTX,$2.55,1439907714296,200,67% bullish,of 3 ratings,N/A
ISIL,$10.92,1439907714327,"62,844",50% bullish,of 6 ratings,$15
INPH,$0.31,1439907714348,"5,510",50% bullish,of 2 ratings,N/A
IILG,$21.57,1439907714383,"6,302",100% bearish,of 1 rating,$30.50
INTL,$28.405,1439907714489,"5,299",67% bearish,of 3 ratings,N/A
XENT,$29.71,1439907714519,"38,958",50% bullish,of 2 ratings,$36.50
IVAC,$5.01,1439907714565,500,Not yet rated,NULL,$6.625
INTLL,$25.7,1439907714706,"2,128",Not yet rated,NULL,N/A
IIN,$6.44,1439907714841,5,100% bearish,of 1 rating,$12
ITCI,$31.085,1439907714868,"70,621",75% bearish,of 4 ratings,$40
INTU,$106.148,1439907714898,"100,925",100% bullish,of 7 ratings,$107.50
INVT,$0.29,1439907714924,"30,054",67% bullish,of 3 ratings,N/A
SNAK,$8.75,1439907715001,"7,598",50% bullish,of 2 ratings,$14
ISRG,$530.585,1439907715179,"12,115",67% bullish,of 3 ratings,$600
ISTR,$15.75,1439907715229,2,100% bearish,of 1 rating,$18.50
NVIV,$11.76,1439907715277,"38,909",50% bullish,of 4 ratings,$24.50
ISBC,$12.375,1439907715371,"328,084",100% bullish,of 1 rating,$13.25
ITIC,NULL,1439907715401,0,100% bearish,of 2 ratings,N/A
IPAS,$1.0501,1439907715434,"2,256",67% bullish,of 3 ratings,N/A
IVTY,$12,1439907715460,"2,080",Not yet rated,NULL,$18
DTUL,$64.46,1439907715532,200,Not yet rated,NULL,N/A
DFVL,NULL,1439907715712,0,Not yet rated,NULL,N/A
IPCM,$79.38,1439907715839,"18,788",50% bullish,of 2 ratings,$80.125
IPGP,$91.66,1439907715881,"11,226",100% bearish,of 2 ratings,$109.50
IRMD,$26.26,1439907715926,950,67% bearish,of 3 ratings,$25
IRIX,$7,1439907715973,"1,500",100% bearish,of 1 rating,N/A
IRDMB,NULL,1439907716222,0,67% bearish,of 3 ratings,N/A
COMT,$33.43,1439907716248,728,100% bearish,of 1 rating,N/A
IRDM,$6.92,1439907716380,"23,863",60% bullish,of 5 ratings,$11.50
IFAS,NULL,1439907716414,0,Not yet rated,NULL,N/A
FCHI,$49.99,1439907716435,"1,200",Not yet rated,NULL,N/A
GNMA,$50.0529,1439907716456,"2,010",Not yet rated,NULL,N/A
IRBT,$31.02,1439907716496,"10,521",67% bullish,of 6 ratings,$37
IRCP,NULL,1439907716521,0,100% bullish,of 2 ratings,N/A
IRWD,$11.55,1439907716665,"39,522",100% bearish,of 1 rating,$13
IFEU,NULL,1439907716772,0,Not yet rated,NULL,N/A
IFGL,$30.0152,1439907716798,"6,338",Not yet rated,NULL,N/A
IFNA,NULL,1439907716965,0,Not yet rated,NULL,N/A
ACWI,$59.16,1439907717110,"90,383",Not yet rated,NULL,N/A
AXJS,NULL,1439907717139,0,Not yet rated,NULL,N/A
AAXJ,$55.85,1439907717170,"147,368",Not yet rated,NULL,N/A
AAIT,$31.3,1439907717237,"2,066",100% bullish,of 1 rating,N/A
ACWX,$42.96,1439907717265,"26,022",100% bearish,of 1 rating,N/A
EEMA,$52.65,1439907717296,"1,942",Not yet rated,NULL,N/A
EGRW,$48.52,1439907717400,200,Not yet rated,NULL,N/A
EMDI,NULL,1439907717430,0,Not yet rated,NULL,N/A
EEML,$28.8,1439907717561,173,Not yet rated,NULL,N/A
EVAL,$37,1439907717586,"1,118",Not yet rated,NULL,N/A
EMEY,NULL,1439907717770,0,Not yet rated,NULL,N/A
EUFN,$23.24,1439907717795,"14,197",100% bearish,of 1 rating,N/A
EEME,$39,1439907717845,16,100% bearish,of 1 rating,N/A
IBB,$371.79,1439907717929,"102,543",63% bullish,of 8 ratings,N/A
QAT,$21.95,1439907717955,145,Not yet rated,NULL,N/A
IEUS,$47.9742,1439907717992,"3,870",100% bearish,of 1 rating,N/A
ICLN,$10.26,1439907718188,351,50% bullish,of 2 ratings,N/A
SOXX,$85.28,1439907718216,"19,725",50% bullish,of 2 ratings,N/A
EMIF,NULL,1439907718243,0,Not yet rated,NULL,N/A
INDY,$29.58,1439907718460,"42,381",100% bullish,of 1 rating,N/A
WOOD,$51.02,1439907718493,923,50% bullish,of 2 ratings,N/A
ISHG,$78.59,1439907718541,"1,700",100% bearish,of 1 rating,N/A
UAE,$18.51,1439907718566,900,Not yet rated,NULL,N/A
IGOV,$89.99,1439907718647,"1,444",100% bearish,of 1 rating,N/A
ISIS,$52.0097,1439907718779,"97,651",53% bullish,of 15 ratings,$67
ISLE,$19.8,1439907718838,"75,018",50% bullish,of 4 ratings,$16
ISRL,NULL,1439907719078,0,100% bearish,of 1 rating,N/A
ITRN,$25.76,1439907719161,236,50% bullish,of 2 ratings,N/A
ITRI,$33.56,1439907719208,"22,684",Not yet rated,NULL,$37
JJSF,$118.64,1439907719238,428,100% bearish,of 1 rating,N/A
XXIA,$15.7,1439907719291,"42,007",71% bullish,of 7 ratings,$14.625
ITUS,NULL,1439907719319,0,Not yet rated,NULL,N/A
MAYS,NULL,1439907719372,0,Not yet rated,NULL,N/A
IXYS,$10.74,1439907719403,"9,125",50% bullish,of 4 ratings,N/A
JBHT,$80.43,1439907719558,"48,730",50% bullish,of 4 ratings,$89.50
JACK,$87.21,1439907719698,"55,418",83% bullish,of 6 ratings,$105
JKHY,$71.66,1439907719790,"9,889",50% bullish,of 2 ratings,$72
JCOM,$73.24,1439907719822,"43,745",100% bullish,of 2 ratings,$77
JASO,$8.5,1439907719864,"253,094",82% bullish,of 17 ratings,$10
JAXB,NULL,1439907719924,0,100% bullish,of 1 rating,N/A
JXSB,NULL,1439907719960,0,Not yet rated,NULL,N/A
JAGX,$2.87,1439907720106,"1,700",Not yet rated,NULL,N/A
JAKK,$9.755,1439907720368,"21,821",60% bearish,of 5 ratings,$10.50
JMBA,$14.23,1439907720411,"33,721",75% bullish,of 4 ratings,$18
ERW,NULL,1439907720442,0,Not yet rated,NULL,N/A
JASN,NULL,1439907720464,0,50% bullish,of 2 ratings,$9.50
JRVR,$27.01,1439907720499,"2,428",Not yet rated,NULL,$27
JASNW,NULL,1439907720520,0,50% bullish,of 2 ratings,N/A
JAZZ,$186.175,1439907720596,"13,664",80% bullish,of 15 ratings,$206.50
JD,$26.78,1439907720652,"1,573,865",75% bullish,of 16 ratings,$36
JCTCF,$9.54,1439907720879,20,100% bullish,of 1 rating,N/A
DATE,$6.56,1439907720931,"19,572",75% bullish,of 4 ratings,$9
JTPY,$2.96,1439907720958,100,100% bearish,of 1 rating,N/A
JST,$4.4,1439907720979,314,75% bullish,of 4 ratings,N/A
JIVE,$4.08,1439907721167,"153,087",75% bullish,of 4 ratings,$5
WYIGU,$10.02,1439907721312,997,Not yet rated,NULL,N/A
JBSS,$47.49,1439907721444,950,67% bearish,of 3 ratings,N/A
JUNO,$43.82,1439907721473,"319,474",73% bullish,of 11 ratings,$71.50
JOEZ,$0.1902,1439907721501,"53,947",92% bullish,of 12 ratings,N/A
JOUT,$25,1439907721560,"1,939",100% bearish,of 1 rating,$34
JNP,$9.84,1439907721587,"5,878",100% bullish,of 3 ratings,$15
JBLU,$24.36,1439907721620,"1,096,116",94% bullish,of 16 ratings,$27
KALU,$85.56,1439907721686,"13,333",67% bearish,of 3 ratings,$91
KTWO,$21.735,1439907721837,"15,111",100% bearish,of 1 rating,$28.50
KBIO,$1.9315,1439907721982,"3,200",50% bullish,of 4 ratings,N/A
KMDA,$3.94,1439907722053,"12,048",50% bullish,of 2 ratings,$8
KPTI,$14.0497,1439907722213,"114,657",67% bearish,of 3 ratings,$41
KBSF,NULL,1439907722301,0,100% bullish,of 1 rating,N/A
KCAP,$4.8565,1439907722342,"24,495",75% bullish,of 4 ratings,$6.75
KRNY,$11.8213,1439907722367,"100,050",100% bearish,of 1 rating,$12
KCLI,$47.9,1439907722398,"2,343",Not yet rated,NULL,N/A
KNDI,$7.0085,1439907722424,"55,030",86% bullish,of 22 ratings,N/A
KELYA,$14.88,1439907722450,"3,282",67% bullish,of 6 ratings,$20
KELYB,NULL,1439907722582,0,50% bullish,of 2 ratings,N/A
KMPH,$21.8904,1439907722712,"17,671",100% bearish,of 2 ratings,$22
KFFB,$8.65,1439907722737,"3,286",100% bearish,of 1 rating,N/A
KERX,$6.369,1439907722766,"119,958",82% bullish,of 11 ratings,$12
KEQU,$17,1439907722812,"4,498",100% bullish,of 1 rating,N/A
GMCR,$50.675,1439907722900,"160,345",71% bullish,of 42 ratings,$64
KTEC,$12.1,1439907723059,"1,172",Not yet rated,NULL,N/A
KGJI,$0.7997,1439907723217,"67,092",89% bullish,of 9 ratings,N/A
KFRC,$28.77,1439907723243,"11,827",100% bullish,of 2 ratings,$29
KE,$11.9,1439907723289,"1,281",67% bearish,of 3 ratings,$16
KTCC,$10.0023,1439907723324,174,100% bearish,of 1 rating,$15
KIN,$5.91,1439907723422,"2,718",50% bullish,of 2 ratings,$6.25
KINS,$8.7,1439907723452,"4,363",100% bullish,of 1 rating,N/A
KBAL,$11.38,1439907723600,"3,729",50% bullish,of 2 ratings,N/A
KONE,$4.17,1439907723626,"2,203",Not yet rated,NULL,N/A
KITE,$58.53,1439907723653,"159,395",88% bullish,of 8 ratings,$85
KIRK,$26.82,1439907723684,"13,898",50% bullish,of 2 ratings,$32
KLXI,$39.0051,1439907723900,"36,825",100% bearish,of 1 rating,$49
KLAC,$51.415,1439907723949,"80,225",100% bearish,of 1 rating,$61.50
KONA,$20.83,1439907723990,"1,400",50% bullish,of 2 ratings,$28
KZ,$7.1769,1439907724048,"19,282",60% bearish,of 5 ratings,N/A
KOPN,$2.84,1439907724147,"81,430",50% bullish,of 2 ratings,$4.50
KWEB,$33.33,1439907724200,"38,482",Not yet rated,NULL,N/A
KOSS,NULL,1439907724225,0,100% bearish,of 2 ratings,N/A
KRNT,$13,1439907724253,"3,499",50% bullish,of 2 ratings,$18
KTOS,$4.75,1439907724383,"13,562",50% bullish,of 2 ratings,$8.50
KLIC,$10.34,1439907724450,"46,364",80% bullish,of 5 ratings,$13
KVHI,$10.98,1439907724517,"1,296",100% bearish,of 1 rating,$16
KYTH,$74.76,1439907724622,"15,680",100% bullish,of 3 ratings,$66
KUTV,$0.7501,1439907724694,"4,000",50% bullish,of 2 ratings,N/A
LJPC,$26.7,1439907724863,"120,612",87% bullish,of 15 ratings,$32
LKFN,$42.45,1439907724933,"1,568",Not yet rated,NULL,$45
LSBG,$14.8601,1439907724958,100,Not yet rated,NULL,N/A
FSTR,$19.34,1439907724990,"5,726",100% bearish,of 1 rating,$40.50
