Symbol,Price,Date,Volume,Rating,RatingVoteCount,OneYearEstimate
TFSCU,NULL,1441214401974,0,Not yet rated,NULL,N/A
TFSCR,NULL,1441214401999,0,Not yet rated,NULL,N/A
FCCY,$11.74,1441214402026,150,100% bullish,of 1 rating,$13
TFSC,NULL,1441214402047,0,100% bearish,of 1 rating,N/A
FCTY,$7.7401,1441214402079,790,100% bullish,of 1 rating,$8.50
TFSCW,NULL,1441214402100,0,100% bearish,of 1 rating,N/A
PIH,NULL,1441214402121,0,100% bearish,of 1 rating,N/A
FLWS,$8.51,1441214402142,"120,084",80% bullish,of 5 ratings,$15
VNET,$16.65,1441214402311,"224,605",60% bullish,of 5 ratings,$35
DGLD,$81.0476,1441214402355,"3,975",100% bullish,of 1 rating,N/A
SRCE,$29.5,1441214402386,"5,508",100% bullish,of 3 ratings,$33
UGLD,$9.29,1441214402448,"91,178",100% bearish,of 1 rating,N/A
TWOU,$34.805,1441214402474,"45,650",50% bullish,of 2 ratings,$39
USLV,$12.81,1441214402504,"199,318",86% bullish,of 7 ratings,N/A
JOBS,$26.45,1441214402535,"50,024",50% bullish,of 4 ratings,$36
DSLV,$68.66,1441214402609,"15,540",100% bearish,of 1 rating,N/A
CAFD,$14.86,1441214402912,"82,240",Not yet rated,NULL,$24.50
AVHI,$13.86,1441214402973,"3,127",100% bearish,of 1 rating,$19
ABY,$22.41,1441214403003,"267,234",100% bearish,of 2 ratings,$46
EGHT,$7.67,1441214403069,"103,590",82% bullish,of 17 ratings,$11
SIXD,$2.6999,1441214403096,"13,577",Not yet rated,NULL,N/A
AAON,$20.2,1441214403118,"39,886",100% bearish,of 1 rating,$24
SHLM,$33.11,1441214403152,"46,170",100% bearish,of 1 rating,$47
ABEO,$4.85,1441214403182,"40,738",50% bullish,of 4 ratings,$15.50
ABGB,$5.22,1441214403255,"9,417",67% bullish,of 3 ratings,$5.50
ABMD,$94.71,1441214403286,"140,222",75% bullish,of 4 ratings,$100.50
ABAX,$46.9,1441214403321,"56,727",100% bearish,of 1 rating,$60
AXAS,$1.79,1441214403385,"266,454",78% bullish,of 9 ratings,$3.50
ABEOW,$1.8,1441214403418,400,100% bullish,of 1 rating,N/A
ACTG,$9.12,1441214403486,"225,243",67% bullish,of 3 ratings,$18.50
ACHC,$72.12,1441214403513,"97,950",50% bullish,of 2 ratings,$92
ACAD,$36.96,1441214403719,"291,628",80% bullish,of 20 ratings,$48
AXDX,$19.13,1441214403852,"34,703",100% bearish,of 1 rating,N/A
ANCX,$20.07,1441214403881,"8,357",Not yet rated,NULL,$20
ACST,$0.34,1441214403902,490,100% bullish,of 2 ratings,N/A
VXDN,$1.7688,1441214403923,"15,395",100% bearish,of 1 rating,N/A
ARAY,$6.6,1441214403962,"179,051",100% bearish,of 1 rating,$10.50
XLRN,$28.77,1441214403983,"30,699",50% bullish,of 2 ratings,$57
VXUP,$1.68,1441214404051,"18,472",100% bearish,of 1 rating,N/A
ACET,$21.73,1441214404209,"34,509",75% bullish,of 4 ratings,$30
ACIW,$21.06,1441214404235,"134,104",67% bearish,of 3 ratings,$24
ACRX,$4.5,1441214404263,"209,943",67% bearish,of 6 ratings,$5.50
ACNB,$19.8,1441214404294,268,Not yet rated,NULL,N/A
ACHN,$7.15,1441214404324,"1,066,424",90% bullish,of 21 ratings,$16
AKAO,$6.95,1441214404346,"26,183",75% bullish,of 4 ratings,$15
ACOR,$32.22,1441214404398,"225,037",67% bearish,of 3 ratings,$38.50
ACTA,$13.85,1441214404613,"34,972",67% bearish,of 3 ratings,$25
ACTS,$1.6,1441214404639,"7,448",100% bearish,of 1 rating,N/A
ATVI,$28.26,1441214404669,"4,573,487",67% bullish,of 84 ratings,$31.50
ACPW,$1.9592,1441214404709,"17,224",100% bullish,of 4 ratings,$3.25
ACUR,$2.81,1441214404771,"1,548",100% bullish,of 5 ratings,$5
ACXM,$20.41,1441214404798,"68,596",67% bullish,of 3 ratings,N/A
ADMP,$3.75,1441214404967,"2,100",50% bullish,of 2 ratings,$10
ADUS,$29.15,1441214405035,"14,799",100% bearish,of 1 rating,$31
ADMA,$9.03,1441214405060,"1,731",Not yet rated,NULL,$19
AEY,$2.3441,1441214405094,"1,220",100% bearish,of 2 ratings,N/A
ADBE,$76.41,1441214405125,"669,146",65% bullish,of 17 ratings,$90
ADMS,$19.27,1441214405146,"12,824",100% bearish,of 2 ratings,$36
ADEP,$6.75,1441214405166,"19,590",50% bullish,of 2 ratings,$10.75
ADAP,$11.16,1441214405226,"21,781",67% bullish,of 3 ratings,$22
ADRO,$18.99,1441214405371,"95,149",80% bullish,of 5 ratings,$45.50
ADTN,$15.75,1441214405401,"67,123",67% bullish,of 3 ratings,$17.125
AMD,$1.76,1441214405503,"2,459,516",83% bullish,of 103 ratings,$2
YPRO,$22.9,1441214405629,2,100% bearish,of 1 rating,N/A
AEIS,$24.12,1441214405707,"38,501",50% bullish,of 2 ratings,$32.50
AEGR,$17.68,1441214405740,"70,241",50% bullish,of 6 ratings,$26
ADXS,$13.31,1441214405775,"284,319",64% bullish,of 14 ratings,$27
MULT,NULL,1441214405795,0,100% bearish,of 1 rating,N/A
ADXSW,$9.01,1441214405816,"5,640",100% bullish,of 1 rating,N/A
AMTX,$2.785,1441214405858,"4,568",50% bullish,of 2 ratings,$26.11
AEHR,$2.27,1441214405884,"2,686",50% bullish,of 2 ratings,N/A
AEGN,$17.89,1441214405964,"25,616",100% bearish,of 2 ratings,$21
AEPI,$55.69,1441214406022,"2,908",100% bearish,of 1 rating,N/A
AERI,$15.28,1441214406096,"285,996",75% bullish,of 4 ratings,$31.50
AEZS,$0.0872,1441214406157,"4,589,522",90% bullish,of 21 ratings,$1.50
AVAV,$21.43,1441214406182,"466,284",50% bullish,of 4 ratings,$31
AFMD,$10.18,1441214406362,"60,239",50% bullish,of 4 ratings,$15
AEMD,$7.34,1441214406450,"10,398",Not yet rated,NULL,$27.50
AGEN,$6.97,1441214406479,"150,458",85% bullish,of 13 ratings,$14
AGRX,$8.34,1441214406507,"15,281",100% bearish,of 1 rating,$17.50
AFFX,$9.08,1441214406550,"88,266",80% bullish,of 5 ratings,$12.50
AGFSW,$1.98,1441214406579,200,100% bearish,of 2 ratings,N/A
AGFS,$9.7,1441214406642,"88,769",100% bearish,of 1 rating,N/A
AGYS,$9.83,1441214406676,"5,124",100% bearish,of 1 rating,N/A
AGIO,$86,1441214406768,"49,285",88% bullish,of 8 ratings,$114
AIMT,$21.76,1441214406845,"30,669",Not yet rated,NULL,$35.50
ATSG,$8.78,1441214406943,"59,909",67% bullish,of 3 ratings,$13
AIRM,$35.95,1441214406969,"50,105",80% bearish,of 5 ratings,$53
AIRT,$22.38,1441214407001,976,100% bullish,of 1 rating,N/A
AMCN,$4.45,1441214407027,"38,287",83% bullish,of 6 ratings,N/A
AKAM,$70.45,1441214407108,"461,675",63% bullish,of 8 ratings,$77.50
AIXG,$6.31,1441214407183,"3,600",67% bearish,of 3 ratings,$5.25
ALRM,$15.72,1441214407243,"85,818",100% bearish,of 1 rating,$22
AKBA,$7.55,1441214407277,"144,388",100% bearish,of 1 rating,$18
AKER,$2.6,1441214407380,"9,523",Not yet rated,NULL,N/A
AKRX,$39.01,1441214407411,"168,483",78% bullish,of 9 ratings,$56
AMRI,$19.775,1441214407444,"40,789",75% bearish,of 4 ratings,$24
ALSK,$2.21,1441214407466,"38,870",78% bullish,of 18 ratings,$2
ABDC,$12.85,1441214407495,"11,600",Not yet rated,NULL,$15
ADHD,$7.88,1441214407545,"91,605",50% bullish,of 4 ratings,$18
ALDX,$6.97,1441214407723,"5,859",100% bearish,of 1 rating,$14.50
ALXN,$172.68,1441214407804,"310,591",88% bullish,of 8 ratings,$223.50
ALCO,$41.4,1441214407855,"3,452",50% bullish,of 2 ratings,N/A
ALXA,$1.2,1441214407881,"3,100",83% bullish,of 6 ratings,$2.125
ALDR,$40.49,1441214407911,"331,210",67% bearish,of 3 ratings,$62
ALGN,$54.56,1441214408012,"212,720",100% bearish,of 2 ratings,$73
ALIM,$3.18,1441214408040,"25,974",80% bullish,of 5 ratings,$10
ALKS,$61.44,1441214408069,"328,476",67% bullish,of 3 ratings,$75
ALGT,$202.175,1441214408168,"62,394",100% bearish,of 2 ratings,$235
AFOP,$18.58,1441214408195,"61,486",75% bullish,of 8 ratings,$21
AHGP,$35.05,1441214408222,"12,737",67% bullish,of 3 ratings,N/A
ALLB,$22.66,1441214408252,300,Not yet rated,NULL,N/A
AHPI,$1.49,1441214408383,300,50% bullish,of 2 ratings,N/A
AIQ,$14.25,1441214408434,"2,207",67% bullish,of 3 ratings,N/A
ARLP,$24.61,1441214408455,"114,389",67% bearish,of 3 ratings,$32
ALQA,$4.64,1441214408650,"9,079",75% bullish,of 4 ratings,$8.50
AMOT,$18.09,1441214408678,"101,940",100% bearish,of 1 rating,N/A
ALLT,$5.08,1441214408713,"27,570",75% bullish,of 4 ratings,$6.25
MDRX,$13.225,1441214408739,"1,083,214",60% bullish,of 5 ratings,$16
AFAM,$44.78,1441214408813,"22,752",50% bullish,of 2 ratings,$44
ALNY,$98.55,1441214408840,"188,990",67% bullish,of 3 ratings,$151.50
AOSL,$8.02,1441214408869,"71,743",67% bullish,of 3 ratings,$9
SMCP,$22.84,1441214408920,211,Not yet rated,NULL,N/A
ATEC,$0.5808,1441214409002,"8,470",100% bullish,of 1 rating,$2
ALTR,$48.83,1441214409051,"593,287",80% bearish,of 5 ratings,$54
AMAG,$63.5699,1441214409098,"206,129",100% bullish,of 2 ratings,$75
AIMC,$23.55,1441214409123,"31,950",100% bearish,of 2 ratings,$28.50
ASPS,$25.73,1441214409150,"73,215",67% bullish,of 3 ratings,$46.50
AMZN,$506.2,1441214409405,"975,481",81% bullish,of 267 ratings,$646
AYA,$20.25,1441214409441,"15,532",100% bearish,of 1 rating,$40
AMRN,$2.285,1441214409466,"985,538",85% bullish,of 39 ratings,$8
AMRK,$10.5,1441214409491,800,50% bullish,of 2 ratings,$14
AMBC,$16.845,1441214409537,"145,607",100% bearish,of 1 rating,$16.50
AMBA,$78.422,1441214409562,"4,612,894",83% bullish,of 12 ratings,$102.50
AMBCW,$8.01,1441214409629,"2,700",100% bearish,of 1 rating,N/A
DOX,$56.1,1441214409812,"201,234",67% bearish,of 3 ratings,$60
AMCX,$68.98,1441214409841,"261,678",67% bullish,of 3 ratings,$87.50
EPAX,$2.68,1441214409868,"23,841",100% bearish,of 1 rating,N/A
AMDA,$0.469,1441214409889,"244,791",90% bullish,of 10 ratings,$1
UHAL,$367.72,1441214409923,"5,147",100% bullish,of 2 ratings,$393.50
ASBI,$22.73,1441214409974,200,Not yet rated,NULL,N/A
AMED,$40.76,1441214410069,"91,338",100% bearish,of 1 rating,$42
ATAX,$5.3,1441214410166,"14,068",100% bullish,of 1 rating,$6.50
AAL,$40.75,1441214410187,"5,930,868",93% bullish,of 88 ratings,$57
AMOV,$17.72,1441214410218,"4,553",100% bearish,of 1 rating,N/A
AGNC,$19.128,1441214410244,"673,896",71% bullish,of 28 ratings,$22
AGNCB,$24.266,1441214410270,"1,300",Not yet rated,NULL,N/A
AGNCP,$25.32,1441214410452,"5,518",Not yet rated,NULL,N/A
ACSF,$12.39,1441214410539,"9,323",100% bearish,of 1 rating,$15
MTGE,$15.287,1441214410578,"153,478",75% bullish,of 4 ratings,$19.50
MTGEP,$24.69,1441214410604,200,Not yet rated,NULL,N/A
ACAS,$13.56,1441214410639,"405,664",60% bullish,of 5 ratings,$16.75
ANCI,$1.54,1441214410667,300,100% bearish,of 1 rating,N/A
AETI,$3.95,1441214410691,300,67% bearish,of 3 ratings,N/A
AMIC,NULL,1441214410821,0,100% bearish,of 1 rating,N/A
AMNB,$23.36,1441214410851,"1,008",Not yet rated,NULL,$25.50
APEI,$21.4952,1441214410906,"11,509",100% bearish,of 1 rating,$25.50
AMRB,$10.13,1441214411012,"2,100",Not yet rated,NULL,$11
ASEI,$38.365,1441214411068,"8,695",100% bearish,of 1 rating,$52.50
ARII,$40.32,1441214411105,"69,633",67% bearish,of 3 ratings,$45
ANAT,$97.57,1441214411168,"9,058",100% bullish,of 1 rating,N/A
AMSC,$4.89,1441214411194,"26,969",50% bullish,of 4 ratings,N/A
AMSWA,$8.94,1441214411219,"21,312",100% bearish,of 2 ratings,$10.75
AMWD,$65.01,1441214411523,"39,299",50% bullish,of 2 ratings,$70
CRMT,$35.84,1441214411557,"20,316",100% bearish,of 1 rating,$39
ASRVP,NULL,1441214411578,0,Not yet rated,NULL,N/A
ASRV,$3.23,1441214411618,974,100% bullish,of 2 ratings,N/A
AMSF,$46.27,1441214411640,"5,761",Not yet rated,NULL,$57.50
ATLO,$23.64,1441214411669,"1,769",Not yet rated,NULL,N/A
ABCB,$26.28,1441214411711,"26,508",Not yet rated,NULL,$31
AMGN,$148.66,1441214411737,"1,000,328",89% bullish,of 19 ratings,$185
FOLD,$14.61,1441214411868,"433,543",56% bullish,of 9 ratings,$21
AMPH,$13.27,1441214411907,"36,607",50% bullish,of 2 ratings,$20
AMKR,$5.06,1441214411945,"489,382",100% bearish,of 2 ratings,$5
AMSG,$77,1441214412006,"48,122",100% bearish,of 1 rating,$85.50
AMSGP,$146.04,1441214412036,100,Not yet rated,NULL,N/A
ASYS,$5.38,1441214412139,"5,799",67% bullish,of 3 ratings,$12
AMRS,$1.67,1441214412269,"69,447",70% bullish,of 10 ratings,N/A
AFSI,$56.05,1441214412299,"129,828",60% bullish,of 5 ratings,$72
ANAC,$130.27,1441214412346,"121,615",80% bullish,of 5 ratings,$180.50
ADI,$54.05,1441214412373,"504,710",75% bullish,of 4 ratings,$69
ANAD,$0.31,1441214412394,"86,604",100% bullish,of 2 ratings,$.50
ALOG,$81.23,1441214412437,"16,947",100% bearish,of 2 ratings,$100.50
ANCB,$21.4,1441214412522,"1,300",Not yet rated,NULL,$23
ABCW,$40.044,1441214412548,"3,264",67% bullish,of 3 ratings,N/A
AMCF,NULL,1441214412567,0,NULL,NULL,NULL
ANGO,$14.605,1441214412700,"26,128",67% bullish,of 3 ratings,$19
ANGI,$5.11,1441214412725,"81,513",64% bullish,of 11 ratings,$5.50
ANIP,$50.12,1441214412773,"52,322",89% bullish,of 19 ratings,$66
ANIK,$35.22,1441214412907,"44,057",60% bullish,of 5 ratings,$51.25
ABAC,$0.798,1441214412964,"2,001",100% bearish,of 1 rating,N/A
ANSS,$87.58,1441214413001,"177,867",100% bearish,of 1 rating,$100
ANTH,$7.16,1441214413099,"299,441",80% bullish,of 10 ratings,$13
APOG,$50.66,1441214413128,"61,843",50% bullish,of 2 ratings,$67
ATRS,$1.86,1441214413155,"230,280",92% bullish,of 12 ratings,$4.50
APIC,$6.47,1441214413186,"33,638",100% bearish,of 1 rating,$19
APOL,$10.92,1441214413210,"303,466",87% bearish,of 68 ratings,$14
ATNY,$2.4,1441214413265,"1,100",50% bullish,of 2 ratings,$3.75
AINV,$6.36,1441214413342,"360,758",50% bullish,of 4 ratings,$8
ARCI,$1.26,1441214413440,"7,512",Not yet rated,NULL,N/A
APPF,$15.65,1441214413488,"13,463",50% bullish,of 2 ratings,$22
AAPL,$110.77,1441214413577,"18,207,604",86% bullish,of 2361 ratings,$150
APDN,$3.42,1441214413604,"22,539",Not yet rated,NULL,$9
APDNW,$1.46,1441214413662,700,Not yet rated,NULL,N/A
AMAT,$15.59,1441214413735,"4,297,629",82% bullish,of 11 ratings,$23
AGTC,$15.99,1441214413766,"18,737",50% bullish,of 2 ratings,$33
AMCC,$5.67,1441214413797,"156,019",80% bullish,of 5 ratings,$8
AAOI,$20.21,1441214413872,"73,318",50% bullish,of 4 ratings,$26
AREX,$2.255,1441214413897,"645,315",50% bullish,of 2 ratings,$3
APTO,$5.2827,1441214414035,"1,730",Not yet rated,NULL,$17
APRI,$1.6199,1441214414090,"257,821",83% bullish,of 6 ratings,$4.86
AQXP,$16.23,1441214414111,"88,472",50% bullish,of 2 ratings,$2
AQMS,$4.86,1441214414132,"1,902",Not yet rated,NULL,N/A
AUMA,NULL,1441214414170,0,Not yet rated,NULL,N/A
AUMAU,NULL,1441214414267,0,Not yet rated,NULL,N/A
AUMAW,NULL,1441214414346,0,Not yet rated,NULL,N/A
ABUS,$6.88,1441214414396,"333,087",86% bullish,of 14 ratings,$23
ARDM,NULL,1441214414426,0,100% bullish,of 1 rating,$26
ARCW,$3.24,1441214414478,"13,619",100% bearish,of 2 ratings,$10.50
PETX,$18.15,1441214414525,"128,768",100% bearish,of 2 ratings,$26
ABIO,$0.9072,1441214414619,"5,354",50% bullish,of 2 ratings,$3.75
ARCB,$27.8,1441214414683,"59,233",67% bearish,of 3 ratings,$39.50
RKDA,$5.96,1441214414708,"2,634",100% bearish,of 2 ratings,$10
ACGL,$68.268,1441214414742,"77,528",50% bullish,of 2 ratings,$72
ACAT,$25.71,1441214414768,"39,194",100% bearish,of 3 ratings,$33
ARNA,$2.67,1441214414840,"479,055",90% bullish,of 78 ratings,$5.50
AGII,$55.29,1441214414902,"12,236",Not yet rated,NULL,$59.50
ARDX,$18.82,1441214414982,"35,446",50% bullish,of 2 ratings,$24.50
ARCC,$15.355,1441214415035,"475,642",67% bearish,of 3 ratings,$17.75
ARGS,$6.22,1441214415112,"19,491",50% bullish,of 2 ratings,$19.50
AGIIL,$25.159,1441214415146,"5,116",Not yet rated,NULL,N/A
ARIA,$7.3001,1441214415244,"5,276,713",87% bullish,of 46 ratings,$9
ARIS,$3.654,1441214415271,"1,874",Not yet rated,NULL,$4.50
ARTX,$1.45,1441214415297,"25,191",88% bullish,of 16 ratings,$4.50
ARMH,$42.102,1441214415322,"411,343",54% bearish,of 13 ratings,$60
ARWAU,NULL,1441214415474,0,100% bullish,of 1 rating,N/A
ARKR,$25,1441214415504,"6,409",50% bullish,of 2 ratings,N/A
ARWAR,NULL,1441214415529,0,Not yet rated,NULL,N/A
ARWA,NULL,1441214415558,0,Not yet rated,NULL,N/A
ARQL,$1.64,1441214415588,"21,095",75% bullish,of 4 ratings,$5
ARWAW,$0.17,1441214415611,"7,500",Not yet rated,NULL,N/A
ARRY,$5.83,1441214415660,"402,159",100% bullish,of 7 ratings,$10
ARRS,$25.77,1441214415817,"339,704",50% bullish,of 2 ratings,$38
ARWR,$5.64,1441214415876,"572,374",75% bullish,of 4 ratings,$10.50
AROW,$27.06,1441214415905,"2,116",Not yet rated,NULL,N/A
DWAT,$9.73,1441214416010,"1,200",100% bearish,of 1 rating,N/A
ARTNA,$21.94,1441214416075,"2,441",100% bearish,of 1 rating,$29
ARTW,$4.11,1441214416109,"1,457",75% bearish,of 4 ratings,N/A
ASBB,$24.8,1441214416203,100,Not yet rated,NULL,N/A
ASNA,$12.19,1441214416237,"852,429",50% bullish,of 2 ratings,$18
ASND,$19.2,1441214416267,"7,847",50% bullish,of 2 ratings,$30
ASCMA,$27.7,1441214416301,"15,600",100% bearish,of 1 rating,$45
ASTI,$0.2697,1441214416331,"9,930,383",83% bullish,of 6 ratings,$3
ASMI,NULL,1441214416359,0,NULL,NULL,NULL
ASML,$89.99,1441214416465,"464,287",50% bullish,of 4 ratings,$127
AZPN,$37.06,1441214416571,"95,866",50% bullish,of 2 ratings,$42
APWC,$1.75,1441214416596,"1,068",100% bearish,of 1 rating,N/A
ASMB,$14.19,1441214416674,"15,402",67% bullish,of 3 ratings,N/A
ASFI,$8.87,1441214416734,879,100% bullish,of 1 rating,N/A
ASTE,$38.06,1441214416811,"39,691",100% bearish,of 1 rating,$49
ALOT,$13.77,1441214416877,200,100% bearish,of 1 rating,N/A
ASTC,$2.1,1441214416941,"7,100",100% bullish,of 5 ratings,N/A
ATRA,$42.25,1441214416973,"82,715",50% bullish,of 2 ratings,$68
ASUR,$5.49,1441214417046,"2,126",50% bullish,of 2 ratings,$8
ATRO,$49.925,1441214417077,"27,677",100% bearish,of 2 ratings,$80
ATAI,$2.38,1441214417109,"6,598",100% bearish,of 1 rating,N/A
ATHN,$130.47,1441214417140,"74,574",67% bearish,of 3 ratings,$153
AFCB,NULL,1441214417172,0,Not yet rated,NULL,N/A
ATHX,$1.1436,1441214417215,"43,677",89% bullish,of 9 ratings,$5
AAPC,NULL,1441214417244,0,Not yet rated,NULL,N/A
ACFC,$5.47,1441214417480,"12,383",100% bearish,of 1 rating,$6.50
ATNI,$71.58,1441214417532,"22,462",100% bearish,of 1 rating,$69.50
AAME,$3.6,1441214417580,1,Not yet rated,NULL,N/A
ATLC,$3.9,1441214417610,"9,457",67% bullish,of 3 ratings,N/A
AFH,$16.28,1441214417667,"22,829",Not yet rated,NULL,$21.50
ATRC,$24.31,1441214417696,"21,849",100% bullish,of 1 rating,$30
ATOS,$0.7933,1441214417721,"25,082",100% bullish,of 7 ratings,$7
AAWW,$38.43,1441214417751,"104,668",50% bullish,of 2 ratings,$65
ATRM,$2.83,1441214417827,800,50% bullish,of 2 ratings,N/A
ATRI,$382.94,1441214417902,300,Not yet rated,NULL,N/A
ATML,$7.8801,1441214418014,"1,791,099",78% bullish,of 9 ratings,$9.50
LIFE,$13.8,1441214418044,"20,756",86% bullish,of 7 ratings,$43
AUBN,$26.5,1441214418065,323,Not yet rated,NULL,N/A
ATTU,$13.22,1441214418089,"6,524",100% bearish,of 1 rating,$20.50
AUDC,$3.285,1441214418198,"16,730",80% bullish,of 5 ratings,$5
ADAT,$0.27,1441214418367,"84,174",100% bullish,of 2 ratings,N/A
EARS,$4.33,1441214418402,"16,404",100% bearish,of 2 ratings,$11
AUPH,$3.42,1441214418432,"10,560",100% bearish,of 1 rating,$8
ABTL,$17.73,1441214418459,"27,285",100% bullish,of 4 ratings,$20.25
AVGO,$121.535,1441214418492,"884,073",88% bullish,of 8 ratings,$165
ADSK,$45.38,1441214418520,"2,588,012",67% bullish,of 6 ratings,$66
ADP,$76.23,1441214418546,"541,659",100% bearish,of 1 rating,$88
AAVL,$10.48,1441214418593,"94,120",100% bearish,of 1 rating,$20
AVNU,$12.75,1441214418774,"86,404",Not yet rated,NULL,$14
AVNW,$1.195,1441214418805,"18,550",50% bullish,of 2 ratings,N/A
AVEO,$1.3388,1441214418833,"233,555",75% bullish,of 8 ratings,$3
AVID,$8.345,1441214418902,"140,869",100% bearish,of 1 rating,$20
AVGR,$14.75,1441214418968,"4,446",100% bearish,of 1 rating,$20
CAR,$42.77,1441214418998,"482,585",80% bullish,of 5 ratings,$60
AWRE,$3.22,1441214419100,"8,903",67% bullish,of 3 ratings,N/A
AXPW,$2.11,1441214419124,"2,247,039",86% bullish,of 7 ratings,N/A
BCOM,NULL,1441214419262,0,100% bearish,of 1 rating,N/A
AXGN,$4.74,1441214419292,"57,994",Not yet rated,NULL,$5
AXPWW,NULL,1441214419325,0,Not yet rated,NULL,N/A
AXTI,$2.14,1441214419346,"5,049",50% bullish,of 2 ratings,$2.75
ACLS,$3.22,1441214419376,"93,722",67% bullish,of 6 ratings,$4.75
RILY,NULL,1441214419423,0,Not yet rated,NULL,N/A
BOSC,$2.1,1441214419508,"1,100",50% bullish,of 2 ratings,N/A
BEAV,$48.49,1441214419565,"340,290",67% bearish,of 3 ratings,$59
BIDU,$146.06,1441214419650,"587,896",81% bullish,of 88 ratings,$210
BWINA,NULL,1441214419696,0,Not yet rated,NULL,N/A
BWINB,$22.54,1441214419790,"1,921",Not yet rated,NULL,N/A
BLDP,$1.305,1441214419839,"213,443",91% bullish,of 22 ratings,$2.50
BCPC,$57.8,1441214419883,"33,931",100% bearish,of 1 rating,$75
BANF,$59.74,1441214419913,"6,210",Not yet rated,NULL,$68
BKMU,$7.01,1441214419974,"5,334",Not yet rated,NULL,$8
BMRC,$47.91,1441214420009,"16,307",Not yet rated,NULL,$52
BANFP,NULL,1441214420055,0,Not yet rated,NULL,N/A
BOCH,$5.75,1441214420104,"4,947",Not yet rated,NULL,$6.50
BOTJ,NULL,1441214420250,0,Not yet rated,NULL,N/A
OZRK,$39.93,1441214420283,"173,948",67% bullish,of 3 ratings,$49.50
BKSC,$16.9,1441214420335,"3,126",Not yet rated,NULL,N/A
BFIN,$12.15,1441214420383,"15,557",Not yet rated,NULL,$13
BWFG,$18.23,1441214420409,"1,763",100% bearish,of 1 rating,N/A
BANR,$43.359,1441214420549,"4,145",100% bullish,of 3 ratings,$50
TAPR,$33.5299,1441214420570,"1,331",100% bearish,of 1 rating,N/A
BZUN,$4.97,1441214420599,"32,794",50% bullish,of 2 ratings,$11.50
BHAC,NULL,1441214420645,0,Not yet rated,NULL,N/A
BHACU,NULL,1441214420736,0,Not yet rated,NULL,N/A
BHACW,NULL,1441214420770,0,Not yet rated,NULL,N/A
BHACR,NULL,1441214420807,0,Not yet rated,NULL,N/A
BBSI,$34.41,1441214420865,"6,360",67% bearish,of 3 ratings,$62.50
BSET,$28.58,1441214420898,"28,602",100% bearish,of 1 rating,$35
BYBK,$4.95,1441214420923,200,100% bearish,of 1 rating,N/A
BYLK,$13.01,1441214421056,"2,816",Not yet rated,NULL,$14
BV,$4.96,1441214421131,"414,521",67% bullish,of 6 ratings,$8.75
BBCN,$14.04,1441214421190,"62,982",100% bearish,of 1 rating,$16
BDCV,$4.9,1441214421235,6,100% bearish,of 1 rating,$10.19
BCBP,$11.6599,1441214421260,627,Not yet rated,NULL,N/A
BBGI,$4.23,1441214421389,407,100% bearish,of 1 rating,N/A
BSF,$8.51,1441214421440,"2,407",Not yet rated,NULL,N/A
BECN,$35.8,1441214421467,"52,274",50% bullish,of 2 ratings,$40
BEBE,$1.27,1441214421498,"167,398",75% bullish,of 4 ratings,$2.125
BBBY,$61.72,1441214421530,"475,522",71% bullish,of 7 ratings,$75
BELFA,$15.1,1441214421556,907,100% bearish,of 1 rating,N/A
BELFB,$18.27,1441214421608,"4,778",100% bearish,of 1 rating,N/A
BLCM,$16.4,1441214421640,"37,225",50% bullish,of 4 ratings,$40
BLPH,$3.9355,1441214421739,"15,452",100% bearish,of 1 rating,$12.50
BNFT,$35.97,1441214421811,"41,370",67% bullish,of 3 ratings,$46
BNCL,$12.415,1441214421872,"140,253",100% bullish,of 3 ratings,$12.50
BNTC,$7.7499,1441214421902,"1,640",100% bullish,of 1 rating,N/A
BGMD,$0.6624,1441214422004,"65,134",100% bullish,of 10 ratings,N/A
BGCP,$8.7767,1441214422029,"162,251",88% bullish,of 8 ratings,$14
BIND,$4.81,1441214422099,"133,895",75% bullish,of 4 ratings,$13.50
BGFV,$11.32,1441214422128,"27,435",57% bullish,of 7 ratings,$12
BASI,$1.62,1441214422236,"6,400",Not yet rated,NULL,N/A
BIOC,$1.9299,1441214422273,"45,159",83% bullish,of 6 ratings,$3.85
BCDA,NULL,1441214422300,0,Not yet rated,NULL,N/A
BCRX,$11.38,1441214422366,"132,503",63% bullish,of 8 ratings,$18
BIOD,$0.7197,1441214422391,"61,878",80% bullish,of 5 ratings,$4
ORPN,$5.72,1441214422427,"1,540",100% bullish,of 1 rating,$28.50
BDSI,$6.23,1441214422528,"524,697",88% bullish,of 8 ratings,$17
BIIB,$301.645,1441214422601,"504,356",88% bullish,of 16 ratings,$400
BIOL,$1.57,1441214422663,"13,582",Not yet rated,NULL,N/A
BLFS,$2.3838,1441214422732,"168,535",100% bearish,of 1 rating,$4.75
BLRX,$1.5207,1441214422795,"128,743",100% bullish,of 12 ratings,$5
BMRN,$126.79,1441214422866,"109,897",80% bullish,of 5 ratings,$160
BVXVW,$0.8102,1441214422893,"77,645",100% bearish,of 1 rating,N/A
BVXV,$4.2797,1441214422925,"1,560,887",Not yet rated,NULL,N/A
BRLI,NULL,1441214422949,0,NULL,NULL,NULL
BPTH,$1.17,1441214423031,"112,837",100% bullish,of 2 ratings,$5
BIOS,$2.4,1441214423079,"222,792",71% bullish,of 7 ratings,$4
BBP,$32.2099,1441214423104,"4,930",Not yet rated,NULL,N/A
BBC,$31.11,1441214423238,"2,272",Not yet rated,NULL,N/A
BSPM,$0.6492,1441214423264,"10,066",50% bullish,of 2 ratings,N/A
BSTC,$50.33,1441214423285,"16,758",100% bearish,of 1 rating,$76
BOTA,$2.178,1441214423318,"2,420",88% bullish,of 8 ratings,N/A
TECH,$93.07,1441214423416,"43,779",100% bullish,of 1 rating,$117
BITI,$16.79,1441214423489,"9,197",100% bullish,of 1 rating,$28
BEAT,$15.63,1441214423571,"405,399",67% bearish,of 3 ratings,$15
BDMS,$12.89,1441214423629,350,100% bearish,of 1 rating,N/A
BLKB,$55.73,1441214423674,"17,221",100% bearish,of 2 ratings,$66
BJRI,$43.02,1441214423703,"47,657",50% bullish,of 2 ratings,$55
BBOX,$15.06,1441214423730,"11,558",100% bearish,of 1 rating,N/A
BDE,$7.35,1441214423756,"52,936",50% bullish,of 2 ratings,$9
BBRY,$7.37,1441214423784,"1,100,759",61% bullish,of 330 ratings,$9
BKCC,$9.21,1441214423939,"93,473",50% bullish,of 2 ratings,$10
HAWK,$38.36,1441214423970,"75,987",91% bullish,of 11 ratings,$49
ADRA,$26.41,1441214424041,"1,935",100% bearish,of 1 rating,N/A
ADRE,$29.04,1441214424070,"3,943",100% bearish,of 1 rating,N/A
ADRU,$21.47,1441214424177,12,100% bearish,of 1 rating,N/A
ADRD,$21.56,1441214424280,"7,398",100% bearish,of 1 rating,N/A
BLMN,$20.56,1441214424306,"262,884",83% bullish,of 6 ratings,$27.50
BLBD,$11.95,1441214424333,"11,600",Not yet rated,NULL,N/A
BUFF,$23.97,1441214424358,"118,929",83% bullish,of 12 ratings,$31.50
BCOR,$13.34,1441214424389,"39,537",57% bullish,of 7 ratings,$15
BBLU,$0.874,1441214424410,"102,748",100% bullish,of 2 ratings,$4.43
BHBK,$13.98,1441214424488,"20,553",100% bullish,of 1 rating,$14.50
BLUE,$129.32,1441214424676,"106,725",71% bullish,of 7 ratings,$217.50
NILE,$33.77,1441214424711,"73,896",50% bullish,of 2 ratings,$34
BKEP,$6.22,1441214424776,"18,542",100% bearish,of 1 rating,$8.50
BKEPP,$7.59,1441214424803,24,100% bearish,of 1 rating,N/A
BPMC,$27.76,1441214424830,"17,054",50% bullish,of 2 ratings,$47.50
BNCN,$20.6,1441214425029,"25,045",Not yet rated,NULL,$24
BOFI,$107,1441214425067,"208,785",100% bullish,of 6 ratings,$144
BOKF,$61.07,1441214425095,"61,368",100% bearish,of 1 rating,$69
WIFI,$7.435,1441214425129,"57,588",50% bullish,of 2 ratings,$13.50
BONA,$11.31,1441214425157,"19,917",75% bullish,of 4 ratings,$8.50
BOBE,$47.96,1441214425189,"406,419",75% bullish,of 4 ratings,$57
BOJA,$20.37,1441214425211,"53,107",100% bullish,of 1 rating,$30
BNSO,$1.2788,1441214425287,100,100% bearish,of 1 rating,N/A
BPFH,$11.54,1441214425375,"108,764",100% bearish,of 1 rating,$14
BAMM,$3.19,1441214425458,"1,975",60% bullish,of 5 ratings,N/A
BPFHP,$24.9999,1441214425486,"9,035",100% bearish,of 1 rating,N/A
BPFHW,NULL,1441214425516,0,100% bearish,of 1 rating,N/A
EPAY,$26.37,1441214425640,"51,352",100% bearish,of 2 ratings,$30
BBEP,$2.685,1441214425749,"620,821",69% bullish,of 13 ratings,$5.625
BCLI,$3.085,1441214425779,"33,415",80% bullish,of 5 ratings,$12
BBRG,$12.39,1441214425801,"8,797",67% bullish,of 3 ratings,$14.50
BBEPP,$14.03,1441214425836,"11,663",100% bearish,of 1 rating,N/A
BDBD,$8.29,1441214425857,"163,060",60% bullish,of 5 ratings,$10
BDGE,$26.25,1441214425894,"3,032",Not yet rated,NULL,$31.75
BRID,$8.4,1441214425989,"1,115",100% bearish,of 1 rating,N/A
BLIN,$1.3599,1441214426016,"5,778",100% bullish,of 2 ratings,$2.20
BCOV,$5.2,1441214426147,"24,038",67% bullish,of 3 ratings,$10.20
BRCM,$50.1,1441214426173,"1,029,903",69% bullish,of 13 ratings,$56
BVSN,$6.0499,1441214426257,166,60% bearish,of 5 ratings,N/A
BSFT,$31.33,1441214426362,"37,702",57% bullish,of 7 ratings,$40.50
BWEN,$3.1,1441214426438,"8,238",75% bullish,of 4 ratings,$8
BYFC,NULL,1441214426469,0,50% bullish,of 2 ratings,N/A
BRKL,$10.119,1441214426497,"192,692",100% bearish,of 1 rating,$10.75
BRKS,$10.24,1441214426523,"26,819",67% bullish,of 3 ratings,$15.25
BRCD,$10.155,1441214426550,"886,116",92% bullish,of 13 ratings,$12
BRKR,$17.86,1441214426582,"159,970",100% bearish,of 2 ratings,$22
BMTC,$28.83,1441214426688,"11,132",Not yet rated,NULL,$34
BLMT,$20.803,1441214426790,"1,054",Not yet rated,NULL,N/A
BWLD,$191.87,1441214426827,"84,880",82% bullish,of 11 ratings,$205
BLDR,$15.095,1441214426860,"343,233",67% bullish,of 3 ratings,$22
BSQR,$6.12,1441214426922,"16,408",67% bullish,of 3 ratings,N/A
BUR,NULL,1441214426948,0,100% bearish,of 1 rating,$8
CA,$26.87,1441214427101,"683,741",50% bullish,of 4 ratings,$33
CFFI,$35.59,1441214427129,200,100% bearish,of 1 rating,N/A
CHRW,$67.69,1441214427166,"495,596",Not yet rated,NULL,$72
CCMP,$42.41,1441214427202,"12,227",50% bullish,of 2 ratings,$59
CDNS,$19.66,1441214427297,"541,607",75% bullish,of 4 ratings,$22.50
CACQ,$7.278,1441214427331,"3,971",100% bearish,of 1 rating,$12.25
CZR,$8.85,1441214427359,"216,227",60% bearish,of 5 ratings,$10.50
CDZI,$7.69,1441214427434,"8,656",100% bearish,of 1 rating,N/A
CSTE,$38.45,1441214427466,"193,632",50% bullish,of 2 ratings,$65
PRSS,$4.4,1441214427494,"6,322",80% bullish,of 5 ratings,$4.50
CLBS,$1.6,1441214427567,"100,967",79% bullish,of 14 ratings,$4
CHY,$11.29,1441214427702,"124,358",Not yet rated,NULL,N/A
CLMS,$9.97,1441214427729,"25,459",Not yet rated,NULL,$10.50
CHW,$7.41,1441214427860,"114,890",100% bearish,of 1 rating,N/A
CCD,$19.2,1441214427889,"43,735",Not yet rated,NULL,N/A
CHI,$10.45,1441214427990,"120,814",100% bearish,of 1 rating,N/A
CFGE,$10.33,1441214428050,"2,400",Not yet rated,NULL,N/A
CSQ,$9.7699,1441214428083,"137,016",Not yet rated,NULL,N/A
CGO,$11.9572,1441214428121,"7,841",100% bearish,of 1 rating,N/A
CAMP,$16.07,1441214428188,"76,529",88% bullish,of 8 ratings,$25
CALA,$5.62,1441214428218,"138,605",67% bullish,of 3 ratings,$19.50
CFNB,$13.3,1441214428285,200,100% bearish,of 1 rating,N/A
CVGW,$57.005,1441214428310,"49,693",50% bullish,of 2 ratings,$62
CALM,$51.07,1441214428444,"235,119",80% bullish,of 5 ratings,$63.50
CLMT,$25.13,1441214428533,"150,067",75% bullish,of 8 ratings,$31
ABCD,$5,1441214428560,"32,253",83% bullish,of 6 ratings,N/A
CALD,$15.57,1441214428593,"106,253",100% bearish,of 1 rating,$21
CAMBU,NULL,1441214428693,0,100% bearish,of 1 rating,N/A
CAMB,$10.05,1441214428727,400,Not yet rated,NULL,N/A
CAMBW,$0.15,1441214428755,200,Not yet rated,NULL,N/A
CAMT,$2.59,1441214428831,"17,413",73% bullish,of 11 ratings,$4
CAC,$40.07,1441214428859,"2,182",Not yet rated,NULL,N/A
CSIQ,$17.95,1441214428914,"456,301",86% bullish,of 28 ratings,$42.50
CBNJ,$11.02,1441214429083,"21,462",100% bearish,of 1 rating,N/A
CGIX,$9.76,1441214429109,"6,353",67% bullish,of 3 ratings,$14.375
CPLA,$48.54,1441214429154,"25,344",67% bearish,of 3 ratings,$65
CPHC,$10.28,1441214429180,100,100% bearish,of 1 rating,N/A
CPLP,$7.1234,1441214429308,"81,273",71% bullish,of 7 ratings,$11
CCBG,$15.09,1441214429338,"6,414",Not yet rated,NULL,$17.25
CBF,$29.96,1441214429394,"14,156",Not yet rated,NULL,$32
CPTA,$13.68,1441214429438,"10,298",100% bearish,of 1 rating,$18.50
CFFN,$11.77,1441214429493,"258,652",Not yet rated,NULL,$12.75
CSWC,$44.5,1441214429519,"13,628",Not yet rated,NULL,N/A
CAPNW,$0.6789,1441214429556,100,Not yet rated,NULL,N/A
CAPR,$4.6,1441214429656,"9,625",Not yet rated,NULL,$12
CAPN,$2.1454,1441214429677,"57,253",100% bullish,of 1 rating,$10.85
CPST,$0.3797,1441214429709,"201,152",95% bullish,of 22 ratings,$1.25
CARA,$18.98,1441214429739,"59,160",50% bullish,of 4 ratings,$25
CARB,$11.1,1441214429840,"10,702",75% bullish,of 4 ratings,$12
CBYL,$4.7899,1441214429898,"31,975",100% bearish,of 1 rating,$20
CRDC,$0.3073,1441214430031,"95,505",100% bullish,of 1 rating,$1.25
CFNL,$21.87,1441214430059,"18,692",Not yet rated,NULL,$24
CDNA,NULL,1441214430090,0,100% bearish,of 1 rating,$9
CRME,$9.155,1441214430116,"6,280",89% bullish,of 9 ratings,$11.25
CATM,$34.01,1441214430198,"93,067",100% bearish,of 1 rating,$44
CSII,$23.21,1441214430250,"35,740",100% bearish,of 2 ratings,$42.125
CLBH,$12.7,1441214430386,300,Not yet rated,NULL,$16.50
CECO,$3.63,1441214430415,"64,615",67% bearish,of 3 ratings,$6
CTRE,$10.83,1441214430449,"117,757",50% bullish,of 2 ratings,$13.50
CKEC,$23.15,1441214430480,"28,712",50% bullish,of 2 ratings,$35.915
CRZO,$33.9599,1441214430551,"296,358",67% bearish,of 3 ratings,$54.50
CARO,$15.2499,1441214430582,300,100% bearish,of 1 rating,$19
CART,$5.39,1441214430603,"1,300",100% bearish,of 1 rating,N/A
CRTN,$2.5,1441214430803,402,100% bearish,of 1 rating,N/A
CARV,NULL,1441214430831,0,50% bullish,of 2 ratings,N/A
TAST,$12.71,1441214430882,"53,974",Not yet rated,NULL,$14.25
CASM,$1.19,1441214430907,"3,182",100% bullish,of 1 rating,$3.50
CASY,$105.12,1441214431064,"92,030",50% bullish,of 2 ratings,$99.50
CSCD,$15,1441214431118,"2,739",100% bullish,of 2 ratings,$17
CACB,$5.2699,1441214431145,"13,779",Not yet rated,NULL,$5.50
CWST,$6.2,1441214431167,"18,149",50% bullish,of 2 ratings,$7.25
CASI,$1.353,1441214431204,"2,100",100% bullish,of 1 rating,$3.50
CPRX,$3.65,1441214431254,"86,911",71% bullish,of 7 ratings,$7
CASS,$47.49,1441214431303,"1,897",100% bearish,of 1 rating,N/A
CATY,$28.62,1441214431351,"132,283",100% bearish,of 1 rating,$33.50
CATB,$11.2,1441214431379,"3,300",100% bearish,of 1 rating,$28
CAVM,$66.12,1441214431512,"75,933",67% bearish,of 3 ratings,$72
CATYW,NULL,1441214431539,0,100% bearish,of 1 rating,N/A
CVCO,$72.65,1441214431560,"8,034",100% bearish,of 1 rating,N/A
CBFV,$20.5601,1441214431697,407,Not yet rated,NULL,$25
CNLMR,NULL,1441214431788,0,Not yet rated,NULL,N/A
CNLMU,NULL,1441214431819,0,100% bullish,of 1 rating,N/A
CNLM,$9.92,1441214431850,100,Not yet rated,NULL,N/A
CBOE,$63.47,1441214431871,"225,011",Not yet rated,NULL,$60
CDW,$38.43,1441214431922,"210,044",75% bullish,of 4 ratings,$44
CDK,$48.08,1441214431948,"122,550",67% bearish,of 3 ratings,$50
CNLMW,NULL,1441214432000,0,Not yet rated,NULL,N/A
CECE,$9.61,1441214432084,"31,523",50% bullish,of 2 ratings,$16
CPXX,$2.15,1441214432162,"84,957",100% bullish,of 2 ratings,$7
CELGZ,$1.84,1441214432216,"3,010",80% bullish,of 5 ratings,N/A
CLDN,$1.15,1441214432245,"38,375",71% bullish,of 7 ratings,$3
CLRB,$3.09,1441214432297,600,100% bearish,of 1 rating,N/A
CELG,$117.49,1441214432346,"1,521,981",92% bullish,of 13 ratings,$156
CLDX,$14.51,1441214432373,"264,752",89% bullish,of 9 ratings,$36
CLRBW,$0.9201,1441214432430,"1,000",Not yet rated,NULL,N/A
CLLS,$31.83,1441214432571,"27,434",75% bullish,of 4 ratings,$51.50
CBMG,$23,1441214432601,"38,053",50% bullish,of 2 ratings,N/A
CLSN,$2.02,1441214432622,"7,770",80% bullish,of 10 ratings,$7.50
CEMP,$34.08,1441214432654,"134,958",71% bullish,of 7 ratings,$52
CLTX,$2.14,1441214432679,"133,660",100% bullish,of 2 ratings,N/A
CETX,$2.396,1441214432816,"3,962",Not yet rated,NULL,$5.60
CYAD,$48,1441214432843,"2,917",100% bullish,of 1 rating,$87.50
CSFL,$13.62,1441214432917,"28,840",Not yet rated,NULL,$15
CETV,$2.06,1441214432976,"9,393",67% bullish,of 3 ratings,$2.80
CENT,$12.92,1441214433048,"46,382",Not yet rated,NULL,$10
CFBK,$1.37,1441214433076,200,Not yet rated,NULL,N/A
CENTA,$13.23,1441214433097,"57,151",Not yet rated,NULL,N/A
CVCY,$11.75,1441214433150,900,Not yet rated,NULL,$12
CENX,$5.06,1441214433236,"840,504",67% bullish,of 6 ratings,$9
CNBKA,$41.33,1441214433284,101,50% bullish,of 2 ratings,N/A
CRNT,$1.3913,1441214433387,"50,900",50% bullish,of 2 ratings,$2
CNTY,$5.95,1441214433424,"8,117",80% bullish,of 5 ratings,$7.75
CPHD,$47.4,1441214433450,"115,903",67% bearish,of 3 ratings,$66.50
CERN,$60.79,1441214433476,"384,521",67% bullish,of 3 ratings,$79
CERU,$4.24,1441214433523,"16,825",75% bullish,of 4 ratings,$14
CERE,$1.07,1441214433550,"136,108",88% bullish,of 8 ratings,N/A
KOOL,$0.6818,1441214433694,"17,963",100% bullish,of 5 ratings,$7
CERS,$4.84,1441214433761,"147,176",75% bullish,of 4 ratings,$7
CEVA,$18.99,1441214433793,"8,886",100% bearish,of 1 rating,$25
HOTRW,NULL,1441214433853,0,Not yet rated,NULL,N/A
HOTR,$1.38,1441214433895,"49,387",100% bullish,of 2 ratings,$5
CYOU,$19.53,1441214433920,"63,363",50% bullish,of 6 ratings,$24
CTHR,$1.3,1441214433983,371,50% bullish,of 2 ratings,$2.50
GTLS,$22.885,1441214434056,"202,877",50% bullish,of 4 ratings,$40
CHTR,$178.41,1441214434163,"222,141",100% bearish,of 2 ratings,$202
CHFN,$12.4,1441214434199,"10,075",Not yet rated,NULL,$14
CHKP,$78.05,1441214434227,"508,251",50% bullish,of 4 ratings,$92
CHEK,$2.21,1441214434292,"3,781",Not yet rated,NULL,$7.75
CEMI,$4.23,1441214434318,"10,347",50% bullish,of 2 ratings,$7.50
CHEKW,$0.74,1441214434366,115,Not yet rated,NULL,N/A
CHFC,$30.74,1441214434471,"10,884",100% bearish,of 1 rating,$36
CCXI,$6.53,1441214434503,"10,455",67% bullish,of 3 ratings,$14
CHMG,$26.5,1441214434604,200,Not yet rated,NULL,$30
CHEV,$14.6,1441214434633,998,Not yet rated,NULL,N/A
CHKE,$25.57,1441214434661,"21,613",100% bearish,of 1 rating,$32.50
CHMA,$27.075,1441214434682,"72,360",Not yet rated,NULL,$40
CMRX,$49.11,1441214434813,"71,611",50% bullish,of 2 ratings,$57
PLCE,$59.25,1441214434840,"60,933",100% bearish,of 1 rating,$69
CBNK,NULL,1441214434914,0,100% bearish,of 1 rating,N/A
CALI,$0.8461,1441214435014,"22,235",67% bullish,of 3 ratings,N/A
CADC,$3.33,1441214435040,200,78% bullish,of 9 ratings,N/A
CAAS,$6.05,1441214435069,"4,783",93% bullish,of 14 ratings,$11.50
CBAK,$1.8258,1441214435099,"14,115",67% bullish,of 9 ratings,N/A
CBPO,$94.47,1441214435171,"51,584",75% bullish,of 8 ratings,$140.50
CCCR,$0.729,1441214435200,"1,400",67% bearish,of 3 ratings,N/A
CCCL,NULL,1441214435263,0,100% bullish,of 6 ratings,N/A
HGSH,$1.73,1441214435398,"6,003",67% bullish,of 3 ratings,N/A
CHOP,$1.1,1441214435431,10,50% bullish,of 2 ratings,N/A
JRJC,$3.4,1441214435452,"89,319",82% bullish,of 11 ratings,N/A
CHLN,$1.95,1441214435481,210,67% bullish,of 3 ratings,N/A
CNIT,$1.28,1441214435530,"15,866",67% bullish,of 6 ratings,N/A
CJJD,$1.8201,1441214435616,"3,578",100% bullish,of 1 rating,N/A
CHNR,$1.6199,1441214435724,585,100% bearish,of 1 rating,N/A
CREG,$0.66,1441214435785,500,100% bullish,of 3 ratings,N/A
HTHT,$25.53,1441214435814,"47,293",50% bullish,of 2 ratings,$28.40
CPGI,NULL,1441214435846,0,Not yet rated,NULL,N/A
CNTF,$0.8001,1441214435872,"19,022",Not yet rated,NULL,N/A
CSUN,$1.42,1441214435929,"4,326",80% bullish,of 5 ratings,N/A
CXDC,$5.79,1441214435957,"10,417",67% bearish,of 3 ratings,N/A
CCIH,$7.22,1441214436041,"24,873",67% bullish,of 6 ratings,$12.65
CNYD,$3.31,1441214436143,310,67% bullish,of 3 ratings,N/A
IMOS,$18.73,1441214436168,"108,192",60% bullish,of 5 ratings,$21.50
CHSCL,$27.15,1441214436194,"16,215",Not yet rated,NULL,N/A
CNET,$0.8326,1441214436330,"5,541",50% bullish,of 2 ratings,N/A
CHSCM,$26.3,1441214436355,"8,613",Not yet rated,NULL,N/A
CHSCO,$28.24,1441214436509,"1,082",Not yet rated,NULL,N/A
CHUY,$31.8,1441214436539,"79,093",50% bullish,of 2 ratings,$34
CHSCP,$30.4201,1441214436575,"1,500",Not yet rated,NULL,N/A
CHDN,$133.41,1441214436608,"12,806",Not yet rated,NULL,$165
CMCT,$15.5,1441214436638,225,100% bearish,of 1 rating,N/A
CDTX,$14.09,1441214436665,"3,501",Not yet rated,NULL,$22
CHSCN,$26.94,1441214436720,"9,558",Not yet rated,NULL,N/A
CIFC,$7.25,1441214436745,203,100% bearish,of 1 rating,N/A
CIDM,$0.5448,1441214436911,"8,806",50% bullish,of 2 ratings,$2.10
CMPR,$68.44,1441214436949,"78,474",50% bullish,of 2 ratings,$72.50
CINF,$51.8,1441214436978,"195,021",50% bullish,of 4 ratings,$50.50
CTAS,$84.11,1441214437005,"106,195",100% bearish,of 1 rating,$91
CPHR,$5.01,1441214437085,"9,039",100% bearish,of 1 rating,$17
CRUS,$29.19,1441214437218,"205,735",75% bullish,of 12 ratings,$44.50
CSCO,$25.34,1441214437243,"7,762,423",83% bullish,of 210 ratings,$32
CZFC,NULL,1441214437381,0,Not yet rated,NULL,N/A
CZWI,$8.95,1441214437412,307,Not yet rated,NULL,N/A
CZNC,$19.68,1441214437433,"1,306",Not yet rated,NULL,N/A
CTRN,$26.22,1441214437465,"23,462",100% bearish,of 1 rating,$31.50
CIZN,$19.62,1441214437489,100,Not yet rated,NULL,N/A
CHCO,$46.8,1441214437522,"7,492",Not yet rated,NULL,$46
CTXS,$65.95,1441214437621,"401,480",86% bullish,of 7 ratings,$80
CIVB,$9.861,1441214437723,351,Not yet rated,NULL,$11
CIVBP,NULL,1441214437770,0,Not yet rated,NULL,N/A
CDTI,$1.5,1441214437807,"70,071",75% bullish,of 4 ratings,$3.20
CLNE,$5.09,1441214437834,"312,309",80% bullish,of 15 ratings,$9
CLNT,$1.49,1441214437907,"9,126",75% bullish,of 8 ratings,N/A
CLRO,$11.16,1441214438011,"4,708",50% bullish,of 2 ratings,$14.25
CLFD,$17.13,1441214438070,"15,641",67% bullish,of 3 ratings,$18
CLIR,$4.82,1441214438144,"10,480",100% bullish,of 3 ratings,N/A
CSBK,$13.85,1441214438276,"10,237",Not yet rated,NULL,N/A
CBLI,$4.34,1441214438303,"238,329",60% bullish,of 5 ratings,N/A
CLVS,$80.75,1441214438328,"128,211",60% bullish,of 5 ratings,$101.50
CMFN,$11.2367,1441214438354,"6,727",100% bearish,of 1 rating,$15.50
CCNE,$17.0495,1441214438552,"4,372",50% bullish,of 2 ratings,$21.50
CME,$92.13,1441214438610,"387,869",67% bullish,of 3 ratings,$102
CNV,$4.37,1441214438754,"2,810",50% bullish,of 2 ratings,$7.15
CWAY,$11.09,1441214438841,"2,769",Not yet rated,NULL,N/A
CISG,$7.92,1441214438885,"12,236",100% bullish,of 5 ratings,$10
COBZ,$12.62,1441214438920,"19,271",100% bullish,of 1 rating,$14
COKE,$155.02,1441214438941,"5,820",79% bullish,of 19 ratings,N/A
CDXS,$3.59,1441214439019,"4,800",64% bullish,of 11 ratings,$6
JVA,$4.66,1441214439044,"6,232",83% bullish,of 6 ratings,$7
CDRB,$9.09,1441214439070,"148,153",67% bullish,of 3 ratings,N/A
CVLY,NULL,1441214439201,0,Not yet rated,NULL,N/A
CGNX,$34.6,1441214439228,"101,963",50% bullish,of 2 ratings,$47
CCOI,$27.155,1441214439282,"100,877",50% bullish,of 4 ratings,$35
CTSH,$61.7,1441214439308,"1,016,277",90% bullish,of 10 ratings,$75
COHR,$55.65,1441214439367,"32,300",50% bullish,of 2 ratings,$72
CGNT,$1.54,1441214439437,"4,900",100% bullish,of 2 ratings,$2
CHRS,$27.15,1441214439614,"13,492",67% bearish,of 3 ratings,$37
CLRX,$0.6301,1441214439751,"86,759",50% bullish,of 2 ratings,N/A
COHU,$9.53,1441214439811,"23,746",100% bearish,of 1 rating,$14.25
CLCT,$17.61,1441214439943,"15,315",100% bearish,of 1 rating,N/A
CIGI,$45.2,1441214439998,"27,750",100% bearish,of 1 rating,$52
COLL,$14.34,1441214440096,"63,753",100% bearish,of 1 rating,$26
CBAN,$8.8,1441214440121,201,Not yet rated,NULL,N/A
COLM,$59.9,1441214440146,"42,286",100% bearish,of 1 rating,$71
CLCD,$5.92,1441214440176,"31,173",100% bearish,of 1 rating,$20.50
COLB,$29.09,1441214440202,"35,411",Not yet rated,NULL,$36
CBMX,$1.1399,1441214440333,"7,764",83% bullish,of 6 ratings,$3.15
CMCSA,$55.645,1441214440360,"5,430,168",66% bullish,of 35 ratings,$69.50
CMCO,$18.9592,1441214440415,"28,716",60% bullish,of 5 ratings,$28
CMCSK,$56.875,1441214440512,"1,069,362",Not yet rated,NULL,$84
CBSH,$43.19,1441214440544,"86,096",50% bullish,of 2 ratings,$46
CBSHP,$25.45,1441214440576,"1,200",100% bearish,of 1 rating,N/A
CVGI,$5.01,1441214440795,"23,021",50% bullish,of 2 ratings,$6
COMM,$32.21,1441214440829,"481,016",67% bearish,of 3 ratings,$35
CUBN,$13.5,1441214440865,"1,368",Not yet rated,NULL,N/A
CSAL,$20.35,1441214440934,"199,848",75% bullish,of 4 ratings,$30
JCS,$9.0301,1441214440955,700,67% bullish,of 3 ratings,N/A
CYHHZ,$0.0101,1441214440989,"16,241",100% bullish,of 1 rating,N/A
ESXB,$5.09,1441214441010,101,Not yet rated,NULL,N/A
CTBI,$34.24,1441214441047,"6,628",Not yet rated,NULL,$36
CWBC,$6.85,1441214441144,"46,362",Not yet rated,NULL,N/A
CVLT,$35.25,1441214441280,"85,347",75% bullish,of 4 ratings,$44.50
COB,$10.38,1441214441309,"1,667",100% bullish,of 1 rating,$11.75
CIZ,NULL,1441214441383,0,100% bearish,of 1 rating,N/A
CIL,NULL,1441214441409,0,Not yet rated,NULL,N/A
CSA,NULL,1441214441587,0,Not yet rated,NULL,N/A
CID,NULL,1441214441618,0,Not yet rated,NULL,N/A
CSF,NULL,1441214441641,0,100% bearish,of 1 rating,N/A
CDC,$33.92,1441214441665,"7,300",Not yet rated,NULL,N/A
CFA,NULL,1441214441721,0,100% bearish,of 1 rating,N/A
CDL,$33.53,1441214441793,70,Not yet rated,NULL,N/A
CGEN,$4.99,1441214441854,"13,095",50% bullish,of 2 ratings,$11
CFO,$34.71,1441214441897,"2,167",100% bearish,of 1 rating,N/A
CSB,$32.83,1441214441958,72,Not yet rated,NULL,N/A
CPSI,$45.47,1441214442091,"30,497",100% bearish,of 1 rating,$45.50
SCOR,$43.895,1441214442344,"589,779",100% bearish,of 1 rating,$66
CTG,$6.66,1441214442405,"8,537",100% bearish,of 1 rating,$8.50
CMTL,$25.79,1441214442510,"19,366",100% bearish,of 2 ratings,$37
CHCI,$0.67,1441214442584,400,50% bullish,of 2 ratings,N/A
CNAT,$3.91,1441214442609,"59,198",83% bullish,of 6 ratings,$13
CNCE,$16.35,1441214442740,"41,360",75% bullish,of 4 ratings,$22
CNSI,$18.04,1441214442770,"21,054",100% bearish,of 2 ratings,$29
CXRX,$78.31,1441214442871,606,100% bearish,of 1 rating,$90
CCUR,$5.22,1441214442896,"10,751",75% bullish,of 4 ratings,N/A
CDORO,$19,1441214443148,160,100% bearish,of 1 rating,N/A
CDORP,$6.491,1441214443207,100,100% bearish,of 1 rating,N/A
CDOR,$1.2861,1441214443344,"1,980",100% bullish,of 1 rating,N/A
CFMS,$14.53,1441214443366,"163,538",100% bearish,of 1 rating,$26.50
CNFR,$10.21,1441214443408,"1,254",Not yet rated,NULL,N/A
CNMD,$50.45,1441214443442,"129,239",Not yet rated,NULL,$59
CTWS,$34.98,1441214444169,"5,036",100% bearish,of 1 rating,$44
CNXR,$7.07,1441214444307,"29,224",100% bearish,of 1 rating,$12
CWCO,$10.43,1441214444413,"23,222",67% bullish,of 3 ratings,$14.50
CONN,$27.52,1441214444434,"150,006",67% bullish,of 3 ratings,$48.50
CNOB,$19,1441214444492,"4,585",100% bullish,of 1 rating,$23.50
CFRX,$4.72,1441214444514,"8,898",Not yet rated,NULL,$14
CNSL,$19.31,1441214444535,"58,052",100% bearish,of 1 rating,$23
CTCT,$23.995,1441214444573,"65,772",67% bullish,of 3 ratings,$37
CPSS,$5.56,1441214444594,"8,758",100% bullish,of 1 rating,$10
CFRXW,NULL,1441214444666,0,100% bearish,of 1 rating,N/A
CFRXZ,$0.4,1441214444802,"1,000",Not yet rated,NULL,N/A
CPRT,$34.7,1441214444834,"100,878",67% bearish,of 3 ratings,$40
CTRL,$8.24,1441214444863,"25,790",50% bullish,of 2 ratings,$11
CORT,$4.985,1441214444890,"100,402",67% bullish,of 3 ratings,$12
CTRV,$3.7799,1441214444916,"5,063",Not yet rated,NULL,$6.40
CRBP,$1.86,1441214444945,"66,507",100% bullish,of 2 ratings,$6.25
BVA,NULL,1441214445235,0,50% bullish,of 2 ratings,N/A
CSOD,$35.87,1441214445262,"104,841",50% bullish,of 2 ratings,$42
CORI,$10.52,1441214445297,"21,933",100% bearish,of 1 rating,$18
CRVL,$31.12,1441214445397,"4,865",100% bearish,of 1 rating,N/A
CORE,$60.04,1441214445426,"33,707",100% bearish,of 1 rating,$72
COSI,$1.07,1441214445455,"18,551",100% bullish,of 1 rating,N/A
CSGP,$171.96,1441214445477,"49,399",50% bullish,of 2 ratings,$235
COST,$139.825,1441214445530,"487,366",79% bullish,of 24 ratings,$154.50
CPAH,$0.4305,1441214445623,400,50% bullish,of 2 ratings,N/A
ICBK,$18.7,1441214445658,500,Not yet rated,NULL,$21
CVTI,$22.63,1441214445724,"46,893",67% bearish,of 3 ratings,$39
COVS,$2.55,1441214445789,"32,549",67% bullish,of 3 ratings,N/A
COWNL,$26.447,1441214445820,"1,500",Not yet rated,NULL,N/A
CPSH,$2.36,1441214445850,"3,900",Not yet rated,NULL,N/A
COWN,$5.08,1441214445930,"184,761",75% bullish,of 4 ratings,$7
CRAI,$23.45,1441214446069,"18,910",100% bearish,of 1 rating,$36
CBRL,$144.88,1441214446122,"53,604",50% bullish,of 2 ratings,$155
BREW,$7.717,1441214446252,"4,349",67% bullish,of 6 ratings,$15
CRAY,$20.64,1441214446278,"58,547",83% bullish,of 6 ratings,$38.50
CACC,$199.9,1441214446303,"56,594",50% bullish,of 2 ratings,$158.50
GLDI,$11.03,1441214446331,"2,572",100% bearish,of 1 rating,N/A
SLVO,$10.2,1441214446356,"1,038",100% bearish,of 1 rating,N/A
CREE,$26.4,1441214446537,"278,841",65% bullish,of 17 ratings,$29.50
CROX,$14.1,1441214446562,"217,484",63% bullish,of 8 ratings,$16.50
CRTO,$38.14,1441214446598,"246,114",67% bullish,of 6 ratings,$64
CRESY,$10.17,1441214446698,"9,663",100% bearish,of 1 rating,$19
CCRN,$14.04,1441214446737,"56,793",100% bearish,of 1 rating,$14.25
CRDS,$0.96,1441214446764,"43,082",75% bullish,of 4 ratings,$4.50
CRWS,$7.99,1441214446832,"4,600",Not yet rated,NULL,$10
CRWN,$4.89,1441214447009,"103,050",75% bullish,of 4 ratings,N/A
CYRX,$2.95,1441214447168,113,Not yet rated,NULL,$9
CYRXW,$0.74,1441214447208,"6,600",Not yet rated,NULL,N/A
CSGS,$30.25,1441214447229,"53,151",Not yet rated,NULL,$40
CCLP,$14.11,1441214447299,"30,437",67% bearish,of 3 ratings,$20
CTIC,$1.56,1441214447328,"202,545",84% bullish,of 76 ratings,$5.75
CTRP,$65,1441214447349,"432,778",75% bullish,of 8 ratings,$92.50
CTCM,$1.68,1441214447385,"22,391",80% bearish,of 5 ratings,$3.90
CTIB,$3.7455,1441214447411,"1,000",100% bearish,of 1 rating,N/A
CSPI,$5.8,1441214447480,899,67% bullish,of 3 ratings,N/A
CUNB,$21.6,1441214447539,"9,426",Not yet rated,NULL,$24.50
CMLS,$1.325,1441214447617,"136,219",50% bullish,of 4 ratings,$6
CPIX,NULL,1441214447674,0,Not yet rated,NULL,N/A
CUI,$5.41,1441214447699,"14,489",50% bullish,of 2 ratings,$10
CRIS,$2.6,1441214447752,"57,688",100% bullish,of 8 ratings,$6
CUTR,$14.91,1441214447837,"19,728",67% bearish,of 3 ratings,$18
CVV,$11.57,1441214447971,"4,744",100% bullish,of 5 ratings,N/A
CVBF,$15.77,1441214448011,"81,098",Not yet rated,NULL,$18
CYAN,$6.5001,1441214448038,"1,650",100% bearish,of 1 rating,N/A
CYCC,$0.5494,1441214448099,"25,300",73% bullish,of 11 ratings,N/A
CYBR,$50.5291,1441214448126,"405,965",75% bullish,of 8 ratings,$68.50
CYBE,$6.77,1441214448147,"1,253",100% bearish,of 1 rating,N/A
CYCCP,NULL,1441214448196,0,100% bearish,of 1 rating,N/A
CYBX,$62.37,1441214448283,"87,197",50% bullish,of 4 ratings,$71.50
CYNO,$31.83,1441214448336,"54,279",67% bearish,of 3 ratings,$45.50
CYNA,$16.19,1441214448415,"14,149",50% bullish,of 2 ratings,$31.50
CY,$10.205,1441214448440,"4,243,185",80% bullish,of 10 ratings,$15.50
CBAY,$2.67,1441214448465,"8,938",100% bullish,of 1 rating,$4
CYRN,$1.767,1441214448610,"1,300",67% bullish,of 3 ratings,$4
CONE,$31.27,1441214448743,"71,895",67% bearish,of 3 ratings,$35.50
CYTK,$7.22,1441214448777,"89,779",71% bullish,of 14 ratings,$13.50
CYTX,$0.3518,1441214448803,"690,249",83% bullish,of 12 ratings,$5.50
CYTR,$2.36,1441214448829,"121,205",67% bullish,of 6 ratings,$10
CTSO,$7.3,1441214448861,"55,395",Not yet rated,NULL,$15.625
DAEG,$0.3699,1441214448890,620,100% bearish,of 1 rating,N/A
TVIZ,$23.37,1441214448968,"12,935",100% bearish,of 1 rating,N/A
ZIV,$35.7368,1441214449074,"66,084",Not yet rated,NULL,N/A
TVIX,$17.167,1441214449283,"6,962,786",81% bullish,of 16 ratings,N/A
XIV,$23.215,1441214449308,"8,813,358",75% bearish,of 4 ratings,N/A
DAKT,$8.57,1441214449346,"47,461",50% bullish,of 2 ratings,$12
DJCO,$196,1441214449371,202,Not yet rated,NULL,N/A
DAIO,$2.71,1441214449438,"1,854",Not yet rated,NULL,N/A
DARA,$0.86,1441214449467,"1,935",83% bullish,of 6 ratings,$1.50
DTLK,$5.6,1441214449488,"20,432",100% bearish,of 1 rating,$9
DWCH,$4.96,1441214449627,"6,886",75% bullish,of 4 ratings,$8.25
DRAM,$1.35,1441214449688,"5,092",78% bullish,of 9 ratings,N/A
PLAY,$35.29,1441214449765,"69,822",100% bullish,of 5 ratings,$42
DBVT,$37.604,1441214449817,"33,506",100% bearish,of 1 rating,$53
DWSN,$4.31,1441214449865,"5,153",67% bullish,of 3 ratings,N/A
DTEA,$12.92,1441214449890,"14,803",100% bearish,of 2 ratings,$24
TRAK,$62.79,1441214450051,"176,566",50% bullish,of 2 ratings,$62.50
DHRM,$1.64,1441214450108,890,Not yet rated,NULL,N/A
DFRG,$14.45,1441214450135,"70,187",100% bearish,of 1 rating,$20
TACOW,$3.54,1441214450161,700,100% bullish,of 1 rating,N/A
TACO,$12.52,1441214450186,"78,393",75% bullish,of 4 ratings,$20
DELTW,NULL,1441214450265,0,Not yet rated,NULL,N/A
DGAS,$20.68,1441214450328,810,67% bearish,of 3 ratings,N/A
DCTH,$0.4245,1441214450357,"74,648",78% bullish,of 9 ratings,N/A
DELT,$2.25,1441214450421,100,Not yet rated,NULL,N/A
DENN,$11.15,1441214450458,"138,154",100% bullish,of 3 ratings,$15
DEPO,$26.76,1441214450521,"188,047",60% bullish,of 5 ratings,$29
XRAY,$51.455,1441214450588,"146,081",100% bullish,of 1 rating,$58
DXLG,$6.26,1441214450793,"54,919",100% bearish,of 1 rating,$8
DEST,$10.815,1441214450823,"11,822",50% bullish,of 2 ratings,N/A
DERM,$25.99,1441214450845,"14,992",100% bearish,of 1 rating,$33.50
DSCI,$5.82,1441214450866,"27,625",50% bullish,of 2 ratings,$16
DXCM,$88.21,1441214450906,"161,868",57% bullish,of 7 ratings,$98
DHXM,$6.45,1441214450927,200,Not yet rated,NULL,N/A
DXM,$0.29,1441214451014,"197,072",50% bullish,of 2 ratings,N/A
DSWL,$1.5401,1441214451058,"9,104",100% bullish,of 1 rating,N/A
DCIX,$1.62,1441214451259,"18,577",50% bullish,of 4 ratings,$3.50
DHIL,$190.4,1441214451284,202,Not yet rated,NULL,N/A
DMRC,$37.9601,1441214451485,"10,885",100% bearish,of 1 rating,$44
DMND,$30.18,1441214451514,"51,061",75% bullish,of 12 ratings,$32
FANG,$65.17,1441214451535,"280,836",50% bullish,of 2 ratings,$86
DRNA,$11.21,1441214451573,"42,023",67% bearish,of 3 ratings,$25
DGII,$10.18,1441214451602,"4,242",100% bearish,of 1 rating,$11
DRAD,$3.78,1441214451670,"6,694",100% bullish,of 1 rating,$5.25
DGLY,$7.315,1441214451698,"139,939",50% bullish,of 6 ratings,$20
APPS,$2.2502,1441214451731,"241,642",100% bearish,of 1 rating,$10.25
DPRX,$14.77,1441214451867,"6,655",100% bullish,of 2 ratings,$27.75
DISCA,$26.21,1441214451895,"694,392",67% bullish,of 3 ratings,$34
DIOD,$19.37,1441214451923,"27,355",75% bearish,of 4 ratings,$24
DISCK,$25.06,1441214451952,"311,367",100% bearish,of 1 rating,$32
DCOM,$16.52,1441214452054,"14,255",100% bearish,of 2 ratings,$16
DISCB,NULL,1441214452086,0,100% bearish,of 1 rating,$35
DISH,$58.99,1441214452223,"371,566",69% bullish,of 13 ratings,$73
BAGR,$2.71,1441214452250,"9,200",100% bearish,of 1 rating,$6
DSCO,$0.4299,1441214452271,"132,060",83% bullish,of 6 ratings,$2.75
DNBF,$26.05,1441214452406,"1,128",Not yet rated,NULL,$27.50
DVCR,$10.93,1441214452440,"1,727",100% bullish,of 1 rating,N/A
DLHC,$2.5401,1441214452484,"2,521",100% bearish,of 1 rating,N/A
DLTR,$67.66,1441214452536,"4,256,049",82% bullish,of 11 ratings,$88
DGICB,NULL,1441214452567,0,100% bearish,of 1 rating,N/A
DMLP,$14.779,1441214452667,"28,146",100% bearish,of 1 rating,N/A
DGICA,$14.25,1441214452729,"7,234",100% bearish,of 1 rating,$17
DRWI,$0.2248,1441214452756,"770,250",60% bullish,of 5 ratings,$.45
DORM,$50.36,1441214452782,"97,416",100% bearish,of 1 rating,$56
DRWIW,NULL,1441214452912,0,Not yet rated,NULL,N/A
HILL,$9.68,1441214452937,"489,240",60% bearish,of 5 ratings,$9.75
DWA,$19.78,1441214452999,"670,733",63% bullish,of 8 ratings,$26
DRYS,$0.4336,1441214453029,"816,004",77% bullish,of 31 ratings,$.60
DSKX,$3.3962,1441214453136,"56,387",100% bullish,of 1 rating,N/A
DSPG,$8.82,1441214453162,"6,063",100% bearish,of 1 rating,$13.50
CADT,$10.02,1441214453191,100,Not yet rated,NULL,N/A
CADTR,NULL,1441214453295,0,Not yet rated,NULL,N/A
DNKN,$48.94,1441214453389,"507,194",67% bullish,of 15 ratings,$56.50
DTSI,$28.96,1441214453426,"100,974",100% bearish,of 2 ratings,$39.50
CADTW,NULL,1441214453460,0,Not yet rated,NULL,N/A
CADTU,NULL,1441214453480,0,Not yet rated,NULL,N/A
DRRX,$2.07,1441214453502,"61,110",50% bullish,of 6 ratings,$3
DXPE,$30.05,1441214453561,"51,500",50% bullish,of 2 ratings,N/A
BOOM,$10.82,1441214453695,"85,289",67% bullish,of 3 ratings,$12
DYAX,$22.34,1441214453760,"135,636",89% bullish,of 9 ratings,$30
DYNT,$3,1441214453790,"3,727",75% bullish,of 4 ratings,N/A
DVAX,$28.25,1441214453824,"70,394",70% bullish,of 10 ratings,$40
ETFC,$25.11,1441214453855,"846,215",57% bullish,of 14 ratings,$32.50
DYSL,$1.54,1441214453891,"10,021",100% bullish,of 2 ratings,N/A
EGBN,$40.38,1441214454025,"57,541",Not yet rated,NULL,$48
EGRX,$80.48,1441214454099,"64,400",67% bullish,of 3 ratings,$97
EGLE,$6.86,1441214454121,"6,608",60% bullish,of 5 ratings,N/A
EBMT,$11.69,1441214454156,"1,300",Not yet rated,NULL,$13.50
ELNK,$8.28,1441214454200,"172,322",60% bullish,of 5 ratings,$9.50
EROC,$1.4774,1441214454256,"107,724",50% bullish,of 2 ratings,$3
EACQU,$10.14,1441214454287,900,Not yet rated,NULL,N/A
EWBC,$38.53,1441214454345,"211,620",100% bearish,of 1 rating,$50
EML,$16.24,1441214454390,"2,689",Not yet rated,NULL,N/A
EBAY,$26.5947,1441214454485,"3,023,895",81% bullish,of 117 ratings,$34
EVBS,$6.67,1441214454525,300,Not yet rated,NULL,$7
ECHO,$22.23,1441214454690,"50,932",67% bearish,of 3 ratings,$34.50
ECTE,$1.5227,1441214454723,"2,660",75% bullish,of 4 ratings,N/A
EBIX,$28,1441214454759,"70,036",69% bullish,of 13 ratings,$40
SATS,$43.47,1441214454826,"35,138",50% bullish,of 2 ratings,$60
ELON,$0.5954,1441214454857,"8,895",50% bullish,of 2 ratings,N/A
ECACU,$10.1,1441214454879,200,Not yet rated,NULL,N/A
EEI,$11.7396,1441214454905,"1,200",67% bearish,of 3 ratings,N/A
ESES,NULL,1441214454940,0,100% bearish,of 1 rating,$7
EDAP,$3.62,1441214455043,"15,733",60% bullish,of 5 ratings,$4.50
EDGW,$7.16,1441214455144,"1,359",100% bearish,of 1 rating,N/A
EDUC,$6.54,1441214455179,"36,623",100% bearish,of 1 rating,N/A
EGAN,$3.67,1441214455210,"1,925",50% bullish,of 2 ratings,$6.25
EFUT,$4.66,1441214455236,"1,000",Not yet rated,NULL,N/A
EGLT,$12.45,1441214455314,"68,854",50% bullish,of 2 ratings,$21
ESLT,$78.51,1441214455452,"3,676",67% bullish,of 3 ratings,N/A
LOCO,$12.66,1441214455486,"149,772",69% bullish,of 13 ratings,$19.50
EHTH,$14.79,1441214455512,"55,842",50% bullish,of 4 ratings,$16.50
ELRC,$10.44,1441214455557,"10,353",100% bearish,of 1 rating,N/A
EMITF,$1.2058,1441214455585,572,75% bullish,of 4 ratings,N/A
ERI,$9.5,1441214455616,"34,354",100% bearish,of 1 rating,$10
EA,$64.47,1441214455642,"969,967",78% bullish,of 36 ratings,$80
ESIO,$4.5,1441214455844,"13,703",50% bullish,of 2 ratings,$10
ELSE,$3.9288,1441214455918,300,60% bullish,of 5 ratings,N/A
EFII,$43.13,1441214455948,"27,070",80% bullish,of 5 ratings,$55
ELEC,NULL,1441214456027,0,Not yet rated,NULL,N/A
ELECW,NULL,1441214456052,0,Not yet rated,NULL,N/A
ELECU,NULL,1441214456110,0,Not yet rated,NULL,N/A
EBIO,$3.46,1441214456139,"115,339",100% bearish,of 2 ratings,$8.35
CAPX,$22.74,1441214456241,1,Not yet rated,NULL,N/A
RDEN,$11.21,1441214456300,"30,961",100% bearish,of 4 ratings,$15
LONG,$16.9,1441214456400,"1,508",67% bullish,of 3 ratings,$15.75
EMCI,$22.43,1441214456429,"6,724",Not yet rated,NULL,N/A
ESBK,$19.85,1441214456457,639,Not yet rated,NULL,N/A
EMCF,NULL,1441214456484,0,100% bearish,of 1 rating,N/A
ELTK,$1.345,1441214456514,"22,760",67% bearish,of 3 ratings,N/A
EMMS,$1.19,1441214456540,"5,925",83% bullish,of 6 ratings,N/A
EMKR,$6.815,1441214456671,"25,112",75% bullish,of 4 ratings,$8.50
EMMSP,NULL,1441214456758,0,100% bearish,of 1 rating,N/A
ERS,$3.28,1441214456833,"7,265",Not yet rated,NULL,N/A
ENTA,$38.35,1441214456887,"46,022",50% bullish,of 2 ratings,$42
NYNY,$4.227,1441214456920,"11,153",50% bullish,of 2 ratings,N/A
ECPG,$38.39,1441214457021,"69,167",100% bullish,of 2 ratings,$52
ECYT,$5.22,1441214457047,"90,406",83% bullish,of 6 ratings,$12
ENDP,$73.87,1441214457083,"351,694",50% bullish,of 6 ratings,$101.50
WIRE,$31.75,1441214457106,"27,563",100% bearish,of 1 rating,$37
EIGI,$14.645,1441214457181,"96,958",67% bearish,of 3 ratings,$22.50
WATT,$7.06,1441214457209,"13,476",50% bullish,of 2 ratings,$13
ELGX,$12.6,1441214457242,"116,726",75% bullish,of 4 ratings,$17
ERII,$2.59,1441214457348,"8,450",80% bullish,of 5 ratings,$2.50
EXXI,$1.67,1441214457374,"666,487",86% bullish,of 7 ratings,$3.50
ENOC,$8.9,1441214457400,"62,188",75% bullish,of 4 ratings,$18
EFOI,$25.0645,1441214457425,"656,970",50% bullish,of 2 ratings,$24.50
ENPH,$4.39,1441214457642,"291,324",75% bullish,of 4 ratings,$11
ESGR,$148.3,1441214457713,"13,278",100% bearish,of 1 rating,$185
ENG,$1.01,1441214457783,"28,479",100% bullish,of 3 ratings,N/A
ENFC,$17.8,1441214457808,200,Not yet rated,NULL,N/A
EBTC,$21.65,1441214457839,310,Not yet rated,NULL,N/A
ENTL,$21.07,1441214457868,"12,170",Not yet rated,NULL,$28
ETRM,$0.285,1441214457889,"4,036,580",69% bearish,of 35 ratings,$1.625
EFSC,$23.89,1441214457924,"8,206",Not yet rated,NULL,$27
ENTG,$13.46,1441214458029,"68,674",100% bearish,of 1 rating,$18
EGT,$1.9999,1441214458139,"4,001",100% bullish,of 1 rating,N/A
ENVI,$1.86,1441214458206,"13,652",67% bullish,of 3 ratings,N/A
EPIQ,$12.7099,1441214458268,"18,485",100% bearish,of 1 rating,$18
ENZY,$10.18,1441214458298,"14,800",67% bullish,of 3 ratings,$9.50
EPRS,$5.03,1441214458401,"12,149",82% bullish,of 11 ratings,$15
ENZN,$0.9973,1441214458426,"123,593",100% bullish,of 9 ratings,N/A
EPZM,$20.125,1441214458450,"138,571",60% bullish,of 5 ratings,$34
EAC,$3.425,1441214458629,"3,467",100% bearish,of 1 rating,$8
PLUS,$72.88,1441214458674,"13,525",50% bullish,of 2 ratings,$88
EQFN,NULL,1441214458710,0,100% bearish,of 1 rating,N/A
ERIC,$9.6199,1441214458731,"646,139",67% bullish,of 9 ratings,$12.20
EQIX,$267.89,1441214458753,"239,142",75% bullish,of 4 ratings,$312.50
ERIE,$81.56,1441214458804,"3,854",Not yet rated,NULL,$73
ESCR,$0.1599,1441214458829,"45,453",50% bullish,of 2 ratings,N/A
ESCRP,NULL,1441214459010,0,100% bearish,of 1 rating,N/A
ESMC,$1.4,1441214459045,640,Not yet rated,NULL,N/A
ESCA,$18.227,1441214459095,"6,752",100% bearish,of 1 rating,$22
ESPR,$47.36,1441214459124,"392,514",70% bearish,of 10 ratings,$115
ESSA,$12.85,1441214459178,"4,765",100% bearish,of 1 rating,N/A
ESND,$33.26,1441214459308,"64,752",100% bearish,of 2 ratings,$40
ESSX,$0.4796,1441214459341,"1,809",50% bullish,of 2 ratings,N/A
ETSY,$14.31,1441214459391,"189,368",80% bullish,of 5 ratings,$16
EPIX,$5.95,1441214459442,100,Not yet rated,NULL,N/A
CLWT,NULL,1441214459473,0,100% bullish,of 1 rating,N/A
EVK,$3.95,1441214459502,200,75% bearish,of 4 ratings,N/A
EVEP,$8.59,1441214459581,"44,602",50% bullish,of 2 ratings,$15
EEFT,$63.62,1441214459635,"44,883",100% bearish,of 1 rating,$67.50
ESEA,$4.6342,1441214459683,"10,285",100% bullish,of 1 rating,$15
EVLV,$2.64,1441214459864,"36,597",60% bullish,of 5 ratings,$4.625
EVOK,$3.26,1441214459911,"12,744",100% bearish,of 1 rating,$13.375
EVOL,$5.85,1441214459943,"7,448",75% bullish,of 4 ratings,$10
EXAS,$21.8725,1441214459969,"341,657",78% bullish,of 9 ratings,$31
EXA,$10.45,1441214460005,"23,367",100% bearish,of 1 rating,$13
EXFO,$2.91,1441214460037,200,67% bearish,of 3 ratings,$3.95
EXAC,$19.21,1441214460063,"8,288",100% bearish,of 1 rating,$22.50
EXEL,$5.72,1441214460142,"2,042,035",81% bullish,of 16 ratings,$6
EXPE,$111.87,1441214460247,"233,804",64% bullish,of 11 ratings,$130
EXLS,$36.355,1441214460278,"40,270",50% bullish,of 2 ratings,$41
EXPD,$49.31,1441214460307,"444,995",80% bullish,of 5 ratings,$52
ESRX,$82.54,1441214460332,"754,643",67% bearish,of 6 ratings,$101
EXPO,$42.3,1441214460408,"28,242",100% bearish,of 1 rating,$45.50
EXLP,$19.39,1441214460462,"54,146",100% bearish,of 1 rating,$25
EXTR,$3.005,1441214460592,"165,996",80% bullish,of 5 ratings,$3
EYEGW,$1.0001,1441214460652,700,Not yet rated,NULL,N/A
EZCH,$22.56,1441214460734,"21,203",75% bullish,of 8 ratings,$19.50
FFIV,$119.42,1441214460770,"298,668",63% bullish,of 8 ratings,$132
EYEG,$3.87,1441214460798,"4,718",Not yet rated,NULL,N/A
FB,$88.93,1441214460819,"8,423,038",73% bullish,of 1074 ratings,$111
EZPW,$6.23,1441214460852,"102,571",50% bullish,of 4 ratings,$7
FCS,$13.36,1441214460878,"154,669",67% bearish,of 3 ratings,$17
FRP,$15.849,1441214461050,"18,136",100% bearish,of 1 rating,$18
FWM,$2.18,1441214461080,"52,764",100% bearish,of 2 ratings,$3.20
FARM,$21.86,1441214461184,"13,426",100% bearish,of 1 rating,$35
DAVE,$14.55,1441214461213,"4,663",100% bearish,of 1 rating,$15.50
FFKT,$26.05,1441214461239,"3,416",Not yet rated,NULL,$29
FALC,$1.75,1441214461314,"12,100",63% bearish,of 8 ratings,N/A
FMNB,$8.24,1441214461374,600,Not yet rated,NULL,N/A
FAST,$38.18,1441214461407,"584,272",80% bullish,of 5 ratings,$45.50
FARO,$37.565,1441214461435,"24,408",50% bullish,of 2 ratings,$48
FATE,$6.28,1441214461461,"6,449",50% bullish,of 2 ratings,$11
FBSS,NULL,1441214461517,0,Not yet rated,NULL,N/A
FBRC,$22.09,1441214461651,"20,402",100% bearish,of 1 rating,$29
FNHC,$22,1441214461694,"12,770",100% bearish,of 1 rating,$35
FEIC,$74.43,1441214461830,"80,833",50% bullish,of 2 ratings,$95.50
FDML,$8.68,1441214461857,"61,640",50% bullish,of 4 ratings,$14
FHCO,$1.38,1441214461896,"3,784",50% bullish,of 4 ratings,N/A
FGEN,$23.015,1441214462009,"56,671",100% bearish,of 1 rating,$39
FENX,$9.8,1441214462035,"25,371",100% bullish,of 1 rating,$14.25
FCSC,$5.56,1441214462056,"28,943",100% bearish,of 1 rating,$8.125
LION,$18.9,1441214462088,"16,339",100% bullish,of 1 rating,$20
ONEQ,$184.44,1441214462109,"13,315",100% bullish,of 1 rating,N/A
FSAM,$7.993,1441214462240,"1,751",100% bearish,of 1 rating,$10.25
FDUS,$14.921,1441214462279,"8,900",50% bullish,of 2 ratings,$18
FSCFL,$24.6328,1441214462372,"1,722",Not yet rated,NULL,N/A
FSC,$6.58,1441214462399,"224,047",60% bullish,of 5 ratings,$8
FRGI,$51.43,1441214462420,"33,748",50% bullish,of 2 ratings,$70
FSFR,$8.71,1441214462449,"85,893",100% bearish,of 1 rating,$11.50
FITB,$19.2,1441214462600,"1,327,963",54% bullish,of 13 ratings,$22
FITBI,$27.45,1441214462658,"10,296",Not yet rated,NULL,N/A
FNSR,$15.12,1441214462732,"216,661",71% bullish,of 7 ratings,$24
FNGN,$30.2801,1441214462768,"110,234",67% bullish,of 3 ratings,$47
FISI,$24.67,1441214462794,"1,261",100% bullish,of 2 ratings,$24.50
FNJN,$1.79,1441214462820,"1,300",100% bearish,of 1 rating,$5
FNTCU,NULL,1441214462861,0,Not yet rated,NULL,N/A
FNTC,NULL,1441214462886,0,Not yet rated,NULL,N/A
FNTCW,NULL,1441214463018,0,Not yet rated,NULL,N/A
FEYE,$36.93,1441214463044,"1,017,188",88% bullish,of 16 ratings,$55.50
FRBA,$6.1,1441214463101,"6,400",Not yet rated,NULL,$8
FNLC,$18.59,1441214463127,"2,306",100% bullish,of 1 rating,N/A
FBNC,$16.83,1441214463181,"2,015",100% bullish,of 1 rating,$20
BUSE,$6.31,1441214463287,"34,436",Not yet rated,NULL,$6.875
FCVA,$4.79,1441214463312,200,Not yet rated,NULL,N/A
FBIZ,$22.58,1441214463339,"32,836",100% bearish,of 2 ratings,$26
FCAP,$26.9,1441214463473,39,Not yet rated,NULL,N/A
FCNCA,$231.29,1441214463500,"1,507",Not yet rated,NULL,N/A
FCLF,$9.35,1441214463528,271,Not yet rated,NULL,N/A
FCFS,$39.63,1441214463555,"22,774",100% bearish,of 3 ratings,$47
FCCO,$12.34,1441214463693,300,Not yet rated,NULL,$13.25
FBNK,$16.84,1441214463756,"5,320",100% bearish,of 1 rating,$17.50
FCBC,$17.27,1441214463788,"2,327",Not yet rated,NULL,$18
FDEF,$36.48,1441214463814,"8,683",Not yet rated,NULL,$38
FCFP,NULL,1441214463841,0,Not yet rated,NULL,N/A
FFNM,NULL,1441214463888,0,Not yet rated,NULL,N/A
FFBC,$18.06,1441214464016,"29,487",67% bearish,of 3 ratings,$20.25
FFBCW,NULL,1441214464041,0,100% bearish,of 1 rating,N/A
FFNW,$12.12,1441214464171,"6,369",Not yet rated,NULL,$14
THFF,$32.49,1441214464222,"1,297",Not yet rated,NULL,$35
FFIN,$29.79,1441214464251,"35,692",50% bullish,of 2 ratings,$31.75
FFWM,$21.14,1441214464276,"2,946",Not yet rated,NULL,$24
INBK,$30.6,1441214464310,"6,433",50% bullish,of 2 ratings,$37
FIBK,$26.25,1441214464409,"25,548",Not yet rated,NULL,$32
FRME,$25.88,1441214464440,"50,844",Not yet rated,NULL,$26.50
FMBH,$22.35,1441214464546,382,Not yet rated,NULL,N/A
FNFG,$8.855,1441214464580,"582,498",80% bullish,of 5 ratings,$9
FMBI,$17.06,1441214464639,"95,637",Not yet rated,NULL,$20
FNBC,$34.05,1441214464680,"52,373",Not yet rated,NULL,$40
FNWB,$11.9882,1441214464707,"1,060",Not yet rated,NULL,N/A
FSFG,NULL,1441214464782,0,Not yet rated,NULL,N/A
FSGI,$2.445,1441214464842,"3,100",Not yet rated,NULL,N/A
FSLR,$47.39,1441214464914,"493,360",72% bullish,of 39 ratings,$65
FSBK,$7.68,1441214464982,"6,400",100% bullish,of 1 rating,N/A
BICK,NULL,1441214465082,0,100% bullish,of 1 rating,N/A
FCAN,$23.86,1441214465166,101,Not yet rated,NULL,N/A
FBZ,$9.44,1441214465300,200,Not yet rated,NULL,N/A
IFV,$17.4076,1441214465327,"110,003",100% bearish,of 1 rating,N/A
FV,$22.9399,1441214465355,"1,052,179",100% bearish,of 1 rating,N/A
FTCS,$35.6095,1441214465376,"252,499",100% bearish,of 1 rating,N/A
FCA,$18.866,1441214465407,107,Not yet rated,NULL,N/A
FEMB,NULL,1441214465505,0,Not yet rated,NULL,N/A
FTSM,$59.96,1441214465542,"18,500",100% bearish,of 1 rating,N/A
FEUZ,NULL,1441214465636,0,Not yet rated,NULL,N/A
TDIV,$24.4201,1441214465667,"45,916",100% bearish,of 1 rating,N/A
MDIV,$18.9699,1441214465695,"99,297",Not yet rated,NULL,N/A
FGM,$35.0601,1441214465770,"4,026",Not yet rated,NULL,N/A
FTGC,$22.1804,1441214465798,"118,100",Not yet rated,NULL,N/A
FTHI,$19.14,1441214465833,651,Not yet rated,NULL,N/A
FHK,$32.3001,1441214465995,"5,208",Not yet rated,NULL,N/A
HYLS,$49.54,1441214466027,"44,751",100% bearish,of 1 rating,N/A
FPXI,$26.4,1441214466079,200,Not yet rated,NULL,N/A
SKYY,$28.3,1441214466115,"20,125",100% bullish,of 1 rating,N/A
YDIV,$16.13,1441214466141,700,Not yet rated,NULL,N/A
PLTM,$6.17,1441214466211,700,100% bearish,of 1 rating,N/A
CU,$12.56,1441214466237,920,100% bearish,of 1 rating,N/A
FJP,$45.25,1441214466376,"14,421",Not yet rated,NULL,N/A
FTLB,$18.91,1441214466402,1,100% bearish,of 1 rating,N/A
LMBS,$50.37,1441214466429,"1,200",Not yet rated,NULL,N/A
FMB,$51.03,1441214466476,"4,836",Not yet rated,NULL,N/A
QABA,$36.5296,1441214466532,"2,744",100% bearish,of 1 rating,N/A
CIBR,$17.3873,1441214466580,"19,148",Not yet rated,NULL,N/A
GRID,$31.04,1441214466717,330,100% bearish,of 1 rating,N/A
QCLN,$14.85,1441214466741,"8,761",Not yet rated,NULL,N/A
RDVY,$20.65,1441214466771,"3,788",Not yet rated,NULL,N/A
FONE,NULL,1441214466808,0,Not yet rated,NULL,N/A
CARZ,$34.0399,1441214466910,291,100% bearish,of 1 rating,N/A
QQEW,$41,1441214466932,"150,018",Not yet rated,NULL,N/A
QQXT,$39.682,1441214466956,"9,247",Not yet rated,NULL,N/A
AIRR,$16.175,1441214467096,"4,279",100% bearish,of 1 rating,N/A
QTEC,$39.2626,1441214467124,"11,624",Not yet rated,NULL,N/A
QINC,NULL,1441214467152,0,Not yet rated,NULL,N/A
FTSL,$48.8404,1441214467252,"29,428",100% bearish,of 1 rating,N/A
FKO,NULL,1441214467290,0,Not yet rated,NULL,N/A
FDIV,$46.96,1441214467350,925,100% bearish,of 1 rating,N/A
FSZ,$38.3101,1441214467440,943,Not yet rated,NULL,N/A
FKU,$41.1401,1441214467480,"9,426",Not yet rated,NULL,N/A
TUSA,$24.3128,1441214467516,"2,737",Not yet rated,NULL,N/A
FTW,$31.445,1441214467571,158,Not yet rated,NULL,N/A
FUNC,$8.12,1441214467610,400,Not yet rated,NULL,N/A
SVVC,$9.21,1441214467639,"6,155",50% bullish,of 2 ratings,$26
FMER,$17.16,1441214467665,"175,587",50% bullish,of 2 ratings,$20
FISV,$84.13,1441214467793,"361,846",100% bearish,of 3 ratings,$90
FIVE,$37.57,1441214467859,"416,688",75% bearish,of 4 ratings,$44
FSV,$31.92,1441214467892,"5,747",Not yet rated,NULL,$33.60
FLML,$22.7215,1441214467988,"69,630",50% bullish,of 2 ratings,$30
FPRX,$18.54,1441214468013,"80,725",50% bullish,of 2 ratings,$35
FIVN,$3.9,1441214468072,"34,992",100% bullish,of 1 rating,$8.50
FLKS,$11.49,1441214468203,"22,359",50% bullish,of 2 ratings,$27
FLXN,$25.28,1441214468237,"73,578",100% bearish,of 1 rating,$40
MBSD,$24.91,1441214468267,315,Not yet rated,NULL,N/A
FLIR,$28.155,1441214468335,"324,894",100% bearish,of 2 ratings,$38.50
SKOR,NULL,1441214468361,0,Not yet rated,NULL,N/A
FLEX,$10.21,1441214468394,"498,546",63% bullish,of 8 ratings,$12
FLXS,$31.2,1441214468420,"4,802",100% bearish,of 2 ratings,N/A
FOMX,$9.99,1441214468499,"28,014",50% bullish,of 2 ratings,$23.50
FFIC,$19.42,1441214468555,"34,685",Not yet rated,NULL,$20.50
FLDM,$11.2975,1441214468576,"76,592",67% bearish,of 3 ratings,$15
FONR,$9.77,1441214468775,"1,610",100% bullish,of 1 rating,N/A
FOGO,$19.3,1441214468797,"28,631",50% bullish,of 2 ratings,$25.50
FES,$0.9,1441214468831,"31,529",50% bullish,of 2 ratings,$1
FORM,$6.49,1441214468876,"54,650",67% bullish,of 3 ratings,$10.50
FORR,$31.59,1441214468936,"10,291",Not yet rated,NULL,N/A
FTNT,$41.19,1441214468967,"279,308",80% bullish,of 10 ratings,$52
FORTY,$30.17,1441214468993,200,100% bearish,of 1 rating,N/A
FBIO,$2.58,1441214469074,"43,775",83% bullish,of 6 ratings,N/A
FWRD,$43.19,1441214469145,"70,675",100% bearish,of 1 rating,$50
FORD,$1.77,1441214469180,"1,563,755",67% bullish,of 3 ratings,N/A
FWP,$26.25,1441214469214,"17,797",100% bearish,of 1 rating,$45
FXCB,$17.17,1441214469281,"3,578",Not yet rated,NULL,$19
FMI,$23.08,1441214469311,"71,804",100% bearish,of 2 ratings,$27.50
FOSL,$60.04,1441214469416,"172,364",60% bearish,of 5 ratings,$80
FOXF,$15.06,1441214469725,"6,315",100% bearish,of 1 rating,$19
FRAN,$11.43,1441214469813,"197,523",50% bullish,of 4 ratings,$15
RAIL,$20.95,1441214469864,"27,043",100% bearish,of 1 rating,$24.50
FRED,$12.945,1441214469892,"37,465",50% bullish,of 2 ratings,$15.50
FELE,$27.71,1441214469913,"72,581",50% bullish,of 4 ratings,$33
FREE,$0.4151,1441214469941,"2,999,374",92% bullish,of 12 ratings,N/A
FRPH,$31.19,1441214470090,902,100% bearish,of 1 rating,N/A
FTR,$5.19,1441214470111,"6,500,999",78% bullish,of 27 ratings,$6.25
FEIM,$11.03,1441214470140,"1,900",100% bearish,of 1 rating,N/A
FRPT,$12.03,1441214470193,"160,651",67% bearish,of 3 ratings,$23.50
FTRPR,$101.83,1441214470387,"1,000",100% bearish,of 1 rating,N/A
FTD,$29.93,1441214470434,"13,218",100% bearish,of 1 rating,$40
FSYS,$6.55,1441214470462,"147,306",67% bullish,of 3 ratings,$10
FSBW,$22.99,1441214470489,"4,780",Not yet rated,NULL,N/A
FTEK,$1.99,1441214470510,"11,529",75% bullish,of 4 ratings,N/A
FCEL,$0.8358,1441214470655,"469,531",88% bullish,of 41 ratings,$2.65
FULL,$3.08,1441214470762,"4,298",67% bearish,of 3 ratings,$4.25
FULLL,NULL,1441214470794,0,Not yet rated,NULL,N/A
FLL,$1.4,1441214470826,"48,622",75% bullish,of 4 ratings,$3.50
FSNN,$2.1199,1441214470854,"3,900",67% bullish,of 3 ratings,$6
FULT,$11.72,1441214470875,"153,406",100% bearish,of 1 rating,$13
FXEN,$1.05,1441214470906,"99,908",75% bullish,of 4 ratings,$1.10
FFHL,$0.9947,1441214470936,870,50% bullish,of 4 ratings,N/A
GK,$67.03,1441214471085,"35,112",Not yet rated,NULL,$78
WILC,$4.88,1441214471144,"2,110",100% bullish,of 2 ratings,N/A
FXENP,NULL,1441214471168,0,100% bearish,of 1 rating,N/A
GAIA,$6,1441214471196,"170,490",50% bullish,of 2 ratings,$8.50
GLPG,$57.06,1441214471221,"7,858",100% bullish,of 1 rating,$75
GALTU,NULL,1441214471404,0,100% bearish,of 1 rating,N/A
GLMD,$8.53,1441214471475,"19,639",67% bullish,of 3 ratings,$20.50
GALTW,NULL,1441214471540,0,100% bullish,of 1 rating,N/A
GLPI,$30.82,1441214471574,"154,063",100% bearish,of 1 rating,$37.50
GALE,$1.61,1441214471595,"377,244",89% bullish,of 47 ratings,$4
GPIC,$9.76,1441214471627,100,100% bearish,of 1 rating,N/A
GALT,$2.1101,1441214471652,"19,764",80% bullish,of 5 ratings,N/A
GRMN,$37.15,1441214471688,"206,645",50% bullish,of 6 ratings,$46.50
GGAC,NULL,1441214471790,0,100% bearish,of 1 rating,N/A
GGACU,$10.24,1441214471921,100,Not yet rated,NULL,N/A
GGACW,$0.1436,1441214471949,"3,816",Not yet rated,NULL,N/A
GGACR,$0.26,1441214471970,"25,300",100% bullish,of 1 rating,N/A
GARS,$14.3,1441214472139,"16,636",Not yet rated,NULL,$16
GENC,NULL,1441214472171,0,100% bearish,of 1 rating,N/A
GFN,$3.87,1441214472193,"2,481",100% bearish,of 2 ratings,$8
GFNCP,NULL,1441214472229,0,Not yet rated,NULL,N/A
GNCMA,$16.725,1441214472267,"51,126",100% bearish,of 1 rating,$12
GFNSL,$26.1399,1441214472331,700,Not yet rated,NULL,N/A
GENE,$2.32,1441214472358,"29,057",100% bullish,of 12 ratings,N/A
GNMK,$9.63,1441214472390,"67,882",67% bullish,of 6 ratings,$14
GNTX,$15.42,1441214472492,"724,419",Not yet rated,NULL,$20
GHDX,$26.16,1441214472529,"66,879",50% bullish,of 2 ratings,$30
GNCA,$11.1,1441214472586,"31,575",100% bearish,of 1 rating,$20
THRM,$44.61,1441214472691,"52,668",75% bearish,of 4 ratings,$55.50
GTWN,$18.97,1441214472894,500,Not yet rated,NULL,N/A
GABC,$28.5512,1441214472949,"5,726",Not yet rated,NULL,$31
GNVC,$2.4599,1441214472981,"3,254",90% bullish,of 10 ratings,$8.50
GEVO,$2.33,1441214473009,"116,384",75% bullish,of 12 ratings,$5
GEOS,$17.1,1441214473030,"35,381",100% bearish,of 3 ratings,$21
ROCK,$16.52,1441214473062,"47,870",80% bullish,of 5 ratings,$24
GERN,$2.971,1441214473118,"512,035",88% bullish,of 16 ratings,$5.25
GIGM,$0.521,1441214473192,"3,379",100% bullish,of 2 ratings,N/A
GILD,$102.13,1441214473296,"2,668,196",91% bullish,of 87 ratings,$129
GIII,$65.12,1441214473322,"431,740",67% bullish,of 3 ratings,$75
GIGA,$1.41,1441214473361,"26,658",100% bearish,of 1 rating,N/A
GILT,$4.1714,1441214473393,"1,536",50% bullish,of 2 ratings,N/A
GBCI,$25.6,1441214473493,"134,853",50% bullish,of 2 ratings,$31
GLADO,$25.5,1441214473572,727,Not yet rated,NULL,N/A
GOOD,$14.21,1441214473601,"22,082",Not yet rated,NULL,$19
GLAD,$8.65,1441214473677,"63,477",50% bullish,of 2 ratings,$8.75
GOODN,$25.609,1441214473706,100,Not yet rated,NULL,N/A
GOODO,$25.4599,1441214473736,203,Not yet rated,NULL,N/A
GOODP,$25.1,1441214473783,712,Not yet rated,NULL,N/A
GAIN,$7.39,1441214473838,"41,820",100% bullish,of 2 ratings,$8.25
GAINN,$25.19,1441214473915,"15,796",Not yet rated,NULL,N/A
GAINO,$25.19,1441214473969,1,Not yet rated,NULL,N/A
GAINP,$25.6,1441214474052,"4,819",Not yet rated,NULL,N/A
GLBZ,NULL,1441214474104,0,Not yet rated,NULL,N/A
LAND,$9.1388,1441214474132,"15,266",50% bullish,of 2 ratings,$13.75
GBT,$50.02,1441214474185,"45,085",100% bearish,of 1 rating,N/A
GDEF,$10.65,1441214474258,400,Not yet rated,NULL,N/A
GBLI,$27.08,1441214474320,"6,774",Not yet rated,NULL,N/A
GPACU,NULL,1441214474357,0,Not yet rated,NULL,N/A
ENT,$10.94,1441214474420,"20,172",100% bearish,of 1 rating,$18
GSOL,$8.13,1441214474456,"12,919",100% bearish,of 1 rating,N/A
ACTX,$12.76,1441214474527,"2,000",100% bullish,of 1 rating,N/A
QQQC,$18.35,1441214474556,"6,300",100% bearish,of 1 rating,N/A
SOCL,$17.15,1441214474656,"33,378",100% bullish,of 2 ratings,N/A
ALTY,$14.04,1441214474683,660,Not yet rated,NULL,N/A
SRET,$12.95,1441214474712,"2,153",Not yet rated,NULL,N/A
YLCO,$11.66,1441214474819,600,Not yet rated,NULL,N/A
GAI,$6.03,1441214474925,100,50% bullish,of 2 ratings,N/A
GSM,$13.56,1441214474956,"84,361",50% bullish,of 2 ratings,$22
GLRI,$1.05,1441214475023,"34,357",100% bearish,of 1 rating,$4.25
GLUU,$4.245,1441214475090,"542,444",92% bullish,of 26 ratings,$9
GBIM,$2.47,1441214475118,"5,130",50% bullish,of 2 ratings,N/A
GLBS,$1.06,1441214475145,300,67% bullish,of 3 ratings,N/A
GLYC,$6.97,1441214475174,900,50% bullish,of 2 ratings,$14
GOGO,$16,1441214475277,"270,166",80% bullish,of 5 ratings,$25
GLNG,$38.05,1441214475408,"237,040",83% bullish,of 6 ratings,$55.50
GMLP,$19.88,1441214475464,"59,035",50% bullish,of 4 ratings,$29
GOGL,$2.98,1441214475489,"118,606",75% bullish,of 4 ratings,$5
GLDC,$4.0987,1441214475518,200,50% bullish,of 2 ratings,N/A
GDEN,$8.96,1441214475551,"1,100",50% bullish,of 2 ratings,N/A
GBDC,$16.9995,1441214475618,"95,367",Not yet rated,NULL,$17.75
GTIM,$6.77,1441214475645,"8,046",Not yet rated,NULL,$11.50
GOOGL,$639.86,1441214475775,"351,593",88% bullish,of 1082 ratings,$749
GOOG,$608.51,1441214475802,"579,116",88% bullish,of 73 ratings,$787.50
GPRO,$40.409,1441214475827,"8,655,290",78% bullish,of 58 ratings,$72
GPIA,NULL,1441214475879,0,100% bearish,of 1 rating,N/A
GPIAW,NULL,1441214475964,0,Not yet rated,NULL,N/A
GPIAU,$9.95,1441214475996,500,Not yet rated,NULL,N/A
GMAN,$3.66,1441214476021,"15,581",60% bullish,of 5 ratings,$8.50
LOPE,$36.48,1441214476097,"45,915",100% bearish,of 2 ratings,$50
GBSNU,NULL,1441214476180,0,NULL,NULL,NULL
GRVY,NULL,1441214476231,0,50% bullish,of 2 ratings,N/A
GBSN,$0.2688,1441214476261,"2,643,515",50% bullish,of 2 ratings,$8.25
GLDD,$5.48,1441214476327,"81,253",100% bearish,of 4 ratings,$7.75
GSBC,$40.46,1441214476361,"8,822",100% bullish,of 1 rating,$44
GNBC,$11.7,1441214476411,"2,996",100% bearish,of 1 rating,$16.50
GRBK,$11.74,1441214476541,"59,042",77% bullish,of 13 ratings,N/A
GPP,$14.25,1441214476566,"22,460",Not yet rated,NULL,$20.50
GCBC,$28.5,1441214476621,101,100% bullish,of 1 rating,N/A
GPRE,$20.044,1441214476649,"159,485",67% bullish,of 6 ratings,$28.50
GLRE,$25.12,1441214476674,"91,192",50% bullish,of 2 ratings,$41
GRIF,NULL,1441214476723,0,100% bearish,of 1 rating,N/A
GRFS,$29.73,1441214476775,"163,656",50% bullish,of 2 ratings,$35
GRPN,$4.29,1441214476882,"1,378,427",61% bullish,of 71 ratings,$6.75
GSIG,$12.75,1441214476932,"5,800",100% bearish,of 2 ratings,N/A
OMAB,$41.36,1441214476958,"11,186",100% bullish,of 1 rating,$44
GGAL,$18.8089,1441214476994,"45,468",80% bullish,of 5 ratings,$40
GSIT,$4.61,1441214477020,"3,600",100% bearish,of 1 rating,N/A
GSVC,$8.7752,1441214477086,"11,042",50% bullish,of 2 ratings,$15.75
GTXI,$0.898,1441214477112,"11,846",100% bullish,of 5 ratings,$.75
GBNK,$15.67,1441214477299,"4,313",100% bearish,of 1 rating,$18
GUID,$6.83,1441214477327,"15,913",100% bearish,of 3 ratings,$10
GULTU,$0.3274,1441214477394,"12,203",100% bearish,of 1 rating,N/A
GFED,$14.97,1441214477455,300,Not yet rated,NULL,$17
GURE,$1.6719,1441214477481,"23,348",88% bullish,of 8 ratings,N/A
GIFI,$12.6,1441214477524,"24,909",100% bearish,of 1 rating,$16
GWPH,$104.34,1441214477779,"43,686",78% bullish,of 9 ratings,$148.50
GPOR,$33.725,1441214477864,"295,551",75% bullish,of 4 ratings,$54
GYRO,$29.7,1441214477911,"2,600",100% bearish,of 1 rating,N/A
GWGH,$8.12,1441214477941,100,100% bearish,of 1 rating,$15.05
HEES,$18.703,1441214477970,"165,084",67% bearish,of 3 ratings,$31
HNRG,$7.5,1441214478042,"27,618",100% bearish,of 1 rating,$10
HALL,$11.37,1441214478140,"3,600",Not yet rated,NULL,N/A
HBK,NULL,1441214478269,0,50% bullish,of 2 ratings,N/A
HALO,$17.25,1441214478294,"222,281",67% bullish,of 3 ratings,$22.50
HMPR,$1.84,1441214478319,"6,799",100% bullish,of 1 rating,N/A
HBHC,$26.56,1441214478354,"86,070",50% bullish,of 2 ratings,$30
HBHCL,$24.5,1441214478484,"28,222",Not yet rated,NULL,N/A
HNSN,$0.522,1441214478571,"21,722",88% bullish,of 8 ratings,$.40
HAFC,$23.52,1441214478600,"24,346",100% bullish,of 2 ratings,$28.50
HDNG,$9.88,1441214478627,"3,672",50% bullish,of 4 ratings,N/A
HNH,$24.8899,1441214478648,"12,767",100% bullish,of 1 rating,N/A
HLIT,$5.67,1441214478781,"86,456",100% bearish,of 1 rating,$6.50
HQCL,$12.16,1441214478818,"3,534",67% bullish,of 3 ratings,$14
HLG,NULL,1441214478917,0,100% bearish,of 1 rating,N/A
HRMNU,NULL,1441214478970,0,Not yet rated,NULL,N/A
HRMN,NULL,1441214478991,0,Not yet rated,NULL,N/A
HRMNW,$0.4375,1441214479133,100,Not yet rated,NULL,N/A
TINY,$2.42,1441214479164,"6,838",50% bullish,of 2 ratings,$5.26
HART,$1.2,1441214479267,"137,150",100% bearish,of 1 rating,N/A
HBIO,$4.41,1441214479299,"30,457",100% bearish,of 1 rating,$10
HCAPL,$25.45,1441214479322,300,Not yet rated,NULL,N/A
HAS,$74.5,1441214479350,"673,058",63% bullish,of 8 ratings,$84.50
HCAP,$12.057,1441214479382,"1,737",50% bullish,of 2 ratings,$15
HWKN,$38,1441214479482,"3,256",Not yet rated,NULL,N/A
HCOM,$21.97,1441214479509,"2,613",100% bearish,of 1 rating,$28
HWBK,$13.56,1441214479650,300,100% bearish,of 1 rating,N/A
HAYN,$38.24,1441214479685,"9,016",100% bearish,of 1 rating,$59
HA,$23.38,1441214479713,"185,443",67% bullish,of 9 ratings,$27
HDS,$32.12,1441214479738,"577,860",100% bearish,of 2 ratings,$39.50
HIIQ,$4.8,1441214479877,"15,684",50% bullish,of 2 ratings,$7
HCSG,$32.76,1441214479906,"34,260",50% bullish,of 4 ratings,$35
HQY,$29.3,1441214479938,"68,292",67% bullish,of 3 ratings,$35
HSTM,$24.19,1441214479968,"23,671",50% bullish,of 2 ratings,$33.75
HWAY,$11.89,1441214480036,"70,065",100% bearish,of 1 rating,$15
HTLD,$20,1441214480065,"140,498",Not yet rated,NULL,$22.50
HTBX,$4.0923,1441214480202,"15,116",50% bullish,of 2 ratings,$15.50
HTWR,$65.98,1441214480236,"1,259,442",50% bullish,of 2 ratings,$103
HSII,$19.89,1441214480263,"12,384",100% bullish,of 3 ratings,$25
HTLF,$35.75,1441214480284,"2,975",100% bullish,of 1 rating,$39.50
HELE,$82.27,1441214480332,"45,904",67% bearish,of 3 ratings,$100
HMNY,NULL,1441214480418,0,100% bearish,of 1 rating,N/A
HNNA,$24.64,1441214480555,"4,394",Not yet rated,NULL,N/A
HCACU,$9.99,1441214480582,700,Not yet rated,NULL,N/A
HMTV,$13.4,1441214480610,"2,539",100% bearish,of 1 rating,$16
HSIC,$134.21,1441214480641,"90,288",83% bullish,of 6 ratings,$146
HERO,NULL,1441214480663,0,NULL,NULL,NULL
HTBK,$10.3,1441214480715,"14,658",Not yet rated,NULL,$12
HEOP,$7.63,1441214480856,"1,068",Not yet rated,NULL,$8.50
HFWA,$17.51,1441214480891,"77,417",100% bullish,of 1 rating,$20
MLHR,$26.68,1441214480963,"151,860",50% bullish,of 2 ratings,$33.50
HRTX,$35.985,1441214480989,"255,905",57% bullish,of 7 ratings,$41
HCCI,$11.8,1441214481016,"13,955",100% bearish,of 1 rating,$16.50
HSKA,$33.95,1441214481072,"28,968",100% bearish,of 1 rating,$38
HIMX,$6.55,1441214481392,"721,888",86% bullish,of 21 ratings,$8.50
HIBB,$38.39,1441214481427,"131,692",100% bearish,of 1 rating,$46.50
HIHO,$4.14,1441214481449,"6,680",Not yet rated,NULL,N/A
HIFS,$115.81,1441214481485,"2,767",Not yet rated,NULL,N/A
HPJ,$2.08,1441214481510,"19,810",75% bullish,of 4 ratings,$12.43
HSGX,$6.03,1441214481534,"1,104",100% bearish,of 1 rating,$17
HFFC,$16,1441214481568,"5,200",Not yet rated,NULL,N/A
HMNF,NULL,1441214481600,0,Not yet rated,NULL,N/A
HMSY,$9.84,1441214481704,"260,665",67% bullish,of 3 ratings,$19.35
HOLI,$16.66,1441214481835,"91,274",50% bullish,of 4 ratings,$27
HOLX,$37.4,1441214481863,"1,172,782",50% bullish,of 4 ratings,$42
HBCP,$24.76,1441214481970,7,Not yet rated,NULL,$29
AWAY,$27.93,1441214481998,"233,985",67% bullish,of 3 ratings,$36
HFBL,$22,1441214482029,700,Not yet rated,NULL,N/A
HOMB,$36.96,1441214482052,"31,590",Not yet rated,NULL,$42
HMIN,$25.49,1441214482082,"27,703",100% bearish,of 2 ratings,$35
HTBI,$18.06,1441214482129,"10,556",67% bullish,of 3 ratings,$18.625
HKTV,$4.38,1441214482180,"14,750",100% bearish,of 1 rating,N/A
HMST,$21.74,1441214482222,"71,099",100% bullish,of 2 ratings,$27
HOFT,$23.6,1441214482354,"37,806",100% bearish,of 1 rating,N/A
HFBC,$11.415,1441214482385,"2,000",Not yet rated,NULL,N/A
HBNC,$23.58,1441214482406,"1,550",100% bullish,of 1 rating,$27
CETC,$0.7556,1441214482439,"24,114",86% bullish,of 7 ratings,N/A
HZNP,$29.7301,1441214482494,"427,011",85% bullish,of 20 ratings,$40
HRZN,$10.43,1441214482673,"7,247",50% bullish,of 2 ratings,$14.25
ZINC,$7.21,1441214482702,"563,748",100% bearish,of 1 rating,$17
HDP,$23.4,1441214482730,"106,076",67% bearish,of 3 ratings,$30.50
HOVNP,$3.95,1441214482755,"1,700",100% bearish,of 1 rating,N/A
HMHC,$21.94,1441214482780,"424,175",Not yet rated,NULL,$27
HWCC,$7.65,1441214482806,"43,192",100% bearish,of 1 rating,$9
HBMD,$14.4,1441214482951,40,100% bearish,of 1 rating,N/A
HSNI,$59.9654,1441214482981,"32,891",Not yet rated,NULL,$80
HTGM,$5.75,1441214483007,"1,203",100% bearish,of 1 rating,$19.50
HUBG,$37.34,1441214483047,"38,815",100% bearish,of 1 rating,$43
HCBK,$8.94,1441214483138,"556,151",83% bullish,of 6 ratings,$8.61
HSON,$2.7,1441214483165,"11,273",100% bearish,of 1 rating,$5
HBAN,$10.5,1441214483186,"1,916,781",76% bullish,of 17 ratings,$12.29
HDSN,$3.13,1441214483215,"5,600",100% bullish,of 1 rating,$6.25
HURC,$29.33,1441214483371,"7,906",100% bearish,of 1 rating,N/A
HBANP,$1347,1441214483401,29,100% bearish,of 1 rating,N/A
HURN,$72.12,1441214483506,"29,725",50% bullish,of 2 ratings,$80
HBP,$3.14,1441214483534,"3,876",100% bullish,of 1 rating,N/A
HDRAU,$10.18,1441214483561,900,Not yet rated,NULL,N/A
HDRA,NULL,1441214483582,0,Not yet rated,NULL,N/A
HDRAR,NULL,1441214483613,0,Not yet rated,NULL,N/A
HTCH,$1.38,1441214483710,"50,488",100% bearish,of 1 rating,$3.50
HYGS,$8.793,1441214483815,"24,787",50% bullish,of 2 ratings,$13
IDSY,$3.67,1441214483889,"74,550",100% bearish,of 1 rating,$7
IACI,$69.74,1441214483957,"311,932",80% bullish,of 5 ratings,$90
HDRAW,NULL,1441214483978,0,Not yet rated,NULL,N/A
IBKC,$58.94,1441214484010,"26,006",100% bullish,of 1 rating,$70
IEP,$70.8101,1441214484052,"21,928",75% bullish,of 4 ratings,$99
IKGH,$1.475,1441214484077,"2,600",75% bullish,of 4 ratings,N/A
ICAD,$3.7811,1441214484245,"25,737",100% bullish,of 2 ratings,$7.25
ICFI,$34.28,1441214484305,"17,462",50% bullish,of 2 ratings,$48.50
ICLR,$75.42,1441214484345,"126,145",100% bearish,of 3 ratings,$85
ICON,$13.185,1441214484371,"186,406",50% bullish,of 2 ratings,$28
IPWR,$7.34,1441214484501,"7,098",100% bullish,of 1 rating,$15
ICUI,$110.89,1441214484531,"60,084",Not yet rated,NULL,$122
INVE,$4.38,1441214484562,"13,180",75% bullish,of 4 ratings,$4
IDXX,$71.91,1441214484685,"154,560",100% bearish,of 1 rating,$76
IRG,$4.99,1441214484747,"7,516",100% bearish,of 1 rating,$4.25
IDRA,$2.85,1441214484768,"199,461",89% bullish,of 9 ratings,$6.50
RXDX,$13.9,1441214484816,"50,571",100% bullish,of 1 rating,$20
IROQ,$16.83,1441214484845,100,100% bullish,of 1 rating,N/A
DSKY,$10.9096,1441214484873,"27,159",67% bullish,of 6 ratings,$11.50
IIVI,$16.35,1441214484949,"74,435",100% bearish,of 1 rating,$22
IKAN,$2.74,1441214485052,"13,792",83% bullish,of 6 ratings,$5
KANG,$15.75,1441214485079,"139,484",50% bullish,of 2 ratings,$23.10
IKNX,NULL,1441214485138,0,100% bearish,of 1 rating,N/A
ILMN,$195.6,1441214485208,"176,581",80% bullish,of 5 ratings,$245
ISNS,$4.1301,1441214485243,"1,890",50% bullish,of 2 ratings,N/A
IMMR,$11.55,1441214485270,"102,864",80% bullish,of 5 ratings,$15.50
ICCC,$6.531,1441214485300,"21,405",100% bullish,of 1 rating,N/A
IMDZ,$15.92,1441214485326,"21,133",100% bearish,of 1 rating,$33
IMNP,$1.24,1441214485410,"28,165",50% bullish,of 2 ratings,$6
IMGN,$13.21,1441214485462,"234,766",75% bullish,of 4 ratings,$17.50
IMMU,$2.1,1441214485831,"192,548",86% bullish,of 7 ratings,$2
IPXL,$40.71,1441214485863,"90,606",67% bullish,of 3 ratings,$46.50
SAAS,$7.115,1441214485960,"204,540",50% bullish,of 2 ratings,$15
IMMY,$7.6,1441214485985,"1,003",100% bearish,of 1 rating,$11
INCR,$41.975,1441214486010,"131,205",50% bullish,of 2 ratings,$53
INCY,$118.63,1441214486048,"582,567",50% bullish,of 6 ratings,$125.50
IBCP,$13.96,1441214486192,"25,794",100% bullish,of 1 rating,$14.50
INFN,$21.81,1441214486224,"225,072",71% bullish,of 7 ratings,$28
INDB,$43.9,1441214486258,"6,408",Not yet rated,NULL,$44
IDSA,NULL,1441214486283,0,Not yet rated,NULL,N/A
IPCC,$75.38,1441214486319,"9,949",Not yet rated,NULL,$77.50
IBTX,$39.7098,1441214486352,"5,956",100% bullish,of 2 ratings,$47.25
III,$3.7,1441214486418,"56,425",57% bullish,of 7 ratings,$6
INFI,$8.87,1441214486456,"85,647",50% bullish,of 4 ratings,$16.50
IMKTA,$49.52,1441214486591,"28,597",100% bearish,of 1 rating,N/A
INNL,NULL,1441214486780,0,100% bearish,of 1 rating,$16.50
INOD,$2.35,1441214486809,"1,237",100% bearish,of 1 rating,N/A
IFON,$1.3,1441214486838,"7,699",75% bullish,of 4 ratings,N/A
INWK,$6.99,1441214486860,"29,803",50% bullish,of 2 ratings,$10
IPHS,$46.62,1441214486919,"21,503",100% bearish,of 1 rating,$60
IOSP,$49.53,1441214486990,"108,844",100% bearish,of 1 rating,N/A
ISSC,$2.855,1441214487017,"12,900",67% bearish,of 3 ratings,N/A
ITEK,$12.38,1441214487047,"113,070",100% bearish,of 3 ratings,$20
NSIT,$24.56,1441214487151,"68,409",50% bullish,of 2 ratings,N/A
INGN,$49.19,1441214487182,"37,528",100% bearish,of 1 rating,$50.50
INO,$7.03,1441214487206,"272,609",89% bullish,of 18 ratings,$20
INOV,$21.75,1441214487241,"124,975",100% bearish,of 1 rating,$33
ISIG,$2.69,1441214487268,875,100% bearish,of 1 rating,N/A
INSM,$24.18,1441214487316,"79,433",71% bullish,of 7 ratings,$31.50
INSY,$33.57,1441214487511,"163,588",75% bullish,of 4 ratings,$48
IIIN,$17.63,1441214487541,"10,999",100% bearish,of 2 ratings,N/A
NTEC,$5.66,1441214487587,"4,620",100% bearish,of 1 rating,N/A
IART,$59.4,1441214487646,"85,989",100% bearish,of 2 ratings,$71.50
INTC,$28.485,1441214487677,"11,068,635",82% bullish,of 238 ratings,$36
PODD,$28.54,1441214487720,"65,518",67% bearish,of 3 ratings,$35
IDTI,$18.81,1441214487745,"443,447",60% bullish,of 5 ratings,$25
IESC,$7.21,1441214487826,"1,605",100% bearish,of 1 rating,N/A
ISSI,$21.96,1441214487880,"30,603",67% bullish,of 3 ratings,$19.75
IQNT,$18.41,1441214487929,"61,503",86% bullish,of 7 ratings,$20
IPCI,$2.22,1441214487956,"13,858",67% bullish,of 6 ratings,$8
IPAR,$24.91,1441214488014,"12,797",67% bullish,of 3 ratings,$38
IBKR,$37.04,1441214488045,"343,694",100% bullish,of 1 rating,N/A
ICPT,$184.9,1441214488145,"65,241",70% bullish,of 10 ratings,$359.50
ININ,$34.4953,1441214488218,"19,457",67% bearish,of 3 ratings,$57
ICLD,$1.87,1441214488249,"74,274",75% bullish,of 4 ratings,N/A
IDCC,$48.56,1441214488319,"49,278",80% bullish,of 5 ratings,$63
ICLDW,$1.17,1441214488345,200,100% bearish,of 1 rating,N/A
IMI,$2.02,1441214488423,"4,344",67% bullish,of 3 ratings,$2.22
TILE,$23.94,1441214488482,"147,681",100% bearish,of 3 ratings,$27
IBOC,$24.64,1441214488568,"22,421",100% bearish,of 1 rating,N/A
INAP,$9.03,1441214488608,"179,832",75% bullish,of 4 ratings,$11
IIJI,$9.14,1441214488694,100,50% bullish,of 2 ratings,$11.50
IGLD,$7.35,1441214488724,520,50% bullish,of 2 ratings,N/A
ISCA,$32.2,1441214488789,"13,661",100% bearish,of 1 rating,N/A
INPH,NULL,1441214488818,0,50% bullish,of 2 ratings,N/A
PTNT,$3.03,1441214488847,100,Not yet rated,NULL,N/A
XENT,$26,1441214488951,"28,293",50% bullish,of 2 ratings,$36.50
INTX,$2.125,1441214488982,"28,542",67% bullish,of 3 ratings,N/A
ISIL,$10.45,1441214489079,"255,446",50% bullish,of 6 ratings,$15
IILG,$19.53,1441214489179,"12,593",100% bearish,of 1 rating,$29
IVAC,$4.64,1441214489251,"10,584",100% bearish,of 1 rating,$6.625
INTLL,$25.9642,1441214489311,"2,600",Not yet rated,NULL,N/A
INTL,$25.16,1441214489345,"41,425",67% bearish,of 3 ratings,N/A
ITCI,$26.9801,1441214489370,"523,866",75% bearish,of 4 ratings,$40
ISRG,$506.01,1441214489443,"50,853",67% bullish,of 3 ratings,$600
IIN,NULL,1441214489472,0,100% bearish,of 1 rating,$12
INTU,$84.85,1441214489497,"588,198",86% bullish,of 7 ratings,$107.50
INVT,$0.329,1441214489526,"119,400",67% bullish,of 3 ratings,N/A
SNAK,$8.45,1441214489630,"18,205",50% bullish,of 2 ratings,$14
ISTR,$15.6101,1441214489656,749,100% bearish,of 1 rating,$18.50
ISBC,$11.48,1441214489683,"1,130,913",100% bullish,of 1 rating,$13.25
NVIV,$9.22,1441214489876,"52,236",50% bullish,of 4 ratings,$24.50
IVTY,$13.91,1441214489908,"5,700",Not yet rated,NULL,$18
ITIC,$71.12,1441214489939,400,100% bearish,of 2 ratings,N/A
IPAS,$1.06,1441214490008,"196,364",67% bullish,of 3 ratings,N/A
DFVL,NULL,1441214490044,0,Not yet rated,NULL,N/A
DTUL,NULL,1441214490088,0,Not yet rated,NULL,N/A
IPGP,$82.435,1441214490177,"102,598",67% bearish,of 3 ratings,$109.50
IPCM,$79.32,1441214490202,"128,202",50% bullish,of 2 ratings,$80.125
IRIX,$6.76,1441214490244,"1,400",100% bearish,of 1 rating,N/A
IRMD,$23.78,1441214490270,"6,058",67% bearish,of 3 ratings,$25
IRDMB,$265,1441214490403,"10,350",67% bearish,of 3 ratings,N/A
IRBT,$29.26,1441214490476,"64,196",67% bullish,of 6 ratings,$37
IRDM,$6.85,1441214490529,"222,413",60% bullish,of 5 ratings,$11.50
IRWD,$10.89,1441214490564,"190,287",100% bearish,of 1 rating,$13
IRCP,NULL,1441214490630,0,100% bullish,of 2 ratings,N/A
COMT,$32.98,1441214490663,"4,190",100% bearish,of 1 rating,N/A
GNMA,$50.0101,1441214490686,340,Not yet rated,NULL,N/A
FCHI,NULL,1441214490760,0,NULL,NULL,NULL
IFAS,NULL,1441214490786,0,NULL,NULL,NULL
IFEU,$37.71,1441214490887,"6,199",Not yet rated,NULL,N/A
IFNA,NULL,1441214490952,0,NULL,NULL,NULL
ACWI,$54.68,1441214490988,"617,227",Not yet rated,NULL,N/A
IFGL,$27.825,1441214491038,"15,850",Not yet rated,NULL,N/A
AXJS,NULL,1441214491089,0,NULL,NULL,NULL
AAIT,NULL,1441214491369,0,NULL,NULL,NULL
EEMA,$49.07,1441214491525,"23,926",Not yet rated,NULL,N/A
EMDI,NULL,1441214491547,0,NULL,NULL,NULL
EEME,NULL,1441214491610,0,NULL,NULL,NULL
ACWX,$39.75,1441214491699,"301,940",100% bearish,of 1 rating,N/A
EVAL,NULL,1441214491886,0,NULL,NULL,NULL
EEML,NULL,1441214491922,0,Not yet rated,NULL,N/A
EMEY,NULL,1441214491948,0,NULL,NULL,NULL
IEUS,$44.68,1441214491989,"4,006",100% bearish,of 1 rating,N/A
EUFN,$21.3504,1441214492016,"47,009",100% bearish,of 1 rating,N/A
AAXJ,$52.09,1441214492040,"358,841",Not yet rated,NULL,N/A
IBB,$338.8499,1441214492170,"301,228",63% bullish,of 8 ratings,N/A
QAT,$21.33,1441214492195,4,Not yet rated,NULL,N/A
UAE,$17.98,1441214492242,"9,379",Not yet rated,NULL,N/A
EGRW,NULL,1441214492265,0,NULL,NULL,NULL
EMIF,$27.6853,1441214492344,"3,134",Not yet rated,NULL,N/A
ICLN,$9.2,1441214492405,"6,558",50% bullish,of 2 ratings,N/A
SOXX,$81.14,1441214492478,"196,713",50% bullish,of 2 ratings,N/A
INDY,$26.6722,1441214492540,"34,891",50% bullish,of 2 ratings,N/A
WOOD,$47.13,1441214492569,"21,962",50% bullish,of 2 ratings,N/A
ISHG,$79.82,1441214492608,"11,007",100% bearish,of 1 rating,N/A
IGOV,$90.8,1441214492674,"46,318",100% bearish,of 1 rating,N/A
ISIS,$50.8,1441214492704,"426,498",53% bullish,of 15 ratings,$67
ISLE,$19.9,1441214492839,"462,887",50% bullish,of 4 ratings,$16
ITRN,$23.72,1441214492908,"1,407",50% bullish,of 2 ratings,N/A
ISRL,$126.18,1441214492977,2,100% bearish,of 1 rating,N/A
ITUS,$4.06,1441214493010,"3,400",Not yet rated,NULL,N/A
ITRI,$29.28,1441214493036,"75,072",100% bearish,of 1 rating,$37
XXIA,$15.16,1441214493082,"58,037",71% bullish,of 7 ratings,$14.625
IXYS,$11.23,1441214493107,"52,587",50% bullish,of 4 ratings,N/A
JBHT,$72.37,1441214493332,"190,950",50% bullish,of 4 ratings,$89.50
MAYS,NULL,1441214493360,0,Not yet rated,NULL,N/A
JCOM,$66.54,1441214493389,"81,330",100% bullish,of 2 ratings,$77
JASO,$7.87,1441214493418,"293,005",82% bullish,of 17 ratings,$10
JJSF,$112.845,1441214493443,"9,190",100% bearish,of 1 rating,N/A
JACK,$77.14,1441214493491,"138,201",71% bullish,of 7 ratings,$105
JKHY,$65.94,1441214493547,"154,633",67% bearish,of 3 ratings,$72
JAXB,NULL,1441214493677,0,100% bullish,of 1 rating,N/A
JXSB,NULL,1441214493708,0,Not yet rated,NULL,N/A
JAGX,$3.3999,1441214493744,"5,004",Not yet rated,NULL,$10.50
JAKK,$9.54,1441214493777,"105,618",60% bearish,of 5 ratings,$11
JMBA,$14.21,1441214493804,"25,968",75% bullish,of 4 ratings,$18
JRVR,$27.31,1441214493834,"15,237",Not yet rated,NULL,$32
JASN,$4.9,1441214494075,"4,797",50% bullish,of 2 ratings,$9.50
JBLU,$23.12,1441214494129,"2,773,361",94% bullish,of 18 ratings,$27
ERW,NULL,1441214494162,0,Not yet rated,NULL,N/A
JAZZ,$165.12,1441214494224,"61,427",80% bullish,of 15 ratings,$206.50
JD,$24.7,1441214494249,"2,299,872",75% bullish,of 16 ratings,$36
JTPY,NULL,1441214494290,0,100% bearish,of 1 rating,N/A
DATE,$6.2,1441214494432,"40,509",75% bullish,of 4 ratings,$9
JST,$3.7794,1441214494460,"3,005",75% bullish,of 4 ratings,N/A
JCTCF,$9.65,1441214494497,100,100% bullish,of 1 rating,N/A
JOEZ,$0.186,1441214494526,"122,486",92% bullish,of 12 ratings,N/A
WYIGU,NULL,1441214494596,0,100% bearish,of 1 rating,N/A
JBSS,$49.85,1441214494629,"12,234",67% bearish,of 3 ratings,N/A
JIVE,$4.6,1441214494700,"63,030",75% bullish,of 4 ratings,$5
JOUT,$23.85,1441214494727,"7,216",100% bearish,of 1 rating,$34
JNP,$11.62,1441214494867,"38,384",100% bullish,of 3 ratings,$15
JASNW,NULL,1441214494996,0,50% bullish,of 2 ratings,N/A
JUNO,$34.78,1441214495024,"325,028",73% bullish,of 11 ratings,$71.50
KTWO,$20.98,1441214495045,"26,680",100% bearish,of 1 rating,$28.50
KBIO,$2.08,1441214495088,"10,381",50% bullish,of 4 ratings,N/A
KNDI,$6.31,1441214495178,"103,561",86% bullish,of 22 ratings,N/A
KALU,$81.1,1441214495205,"40,253",67% bearish,of 3 ratings,$91
KMDA,$3.46,1441214495226,"1,800",50% bullish,of 2 ratings,$8
KCAP,$4.64,1441214495380,"20,534",75% bullish,of 4 ratings,$6
KCLI,$46.43,1441214495407,"8,155",Not yet rated,NULL,N/A
KBSF,NULL,1441214495427,0,100% bullish,of 1 rating,N/A
KPTI,$14.15,1441214495460,"111,427",67% bearish,of 3 ratings,$39
KELYA,$14.39,1441214495560,"24,295",67% bullish,of 6 ratings,$20
KRNY,$11.33,1441214495587,"129,972",100% bearish,of 1 rating,$12
KMPH,$20,1441214495723,"7,056",100% bearish,of 2 ratings,$22
KELYB,NULL,1441214495776,0,50% bullish,of 2 ratings,N/A
KFFB,$8.6346,1441214495802,740,100% bearish,of 1 rating,N/A
KEQU,$16.77,1441214495829,"1,050",100% bullish,of 1 rating,N/A
KERX,$5.91,1441214495857,"231,830",82% bullish,of 11 ratings,$12
GMCR,$56.41,1441214495883,"807,192",71% bullish,of 42 ratings,$64
KTEC,$12.14,1441214496080,200,Not yet rated,NULL,N/A
KFRC,$26.5,1441214496114,"40,185",100% bullish,of 2 ratings,$29
