Symbol,Price,Date,Volume,Rating,RatingVoteCount,OneYearEstimate
TFSCW,NULL,1440090602995,0,100% bearish,of 1 rating,N/A
TFSCR,NULL,1440090603029,0,Not yet rated,NULL,N/A
FCTY,NULL,1440090603057,0,100% bullish,of 1 rating,$8.50
TFSCU,NULL,1440090603084,0,Not yet rated,NULL,N/A
PIH,$7.49,1440090603114,"3,740",100% bearish,of 1 rating,N/A
FCCY,NULL,1440090603143,0,100% bullish,of 1 rating,$13
TFSC,NULL,1440090603164,0,100% bearish,of 1 rating,N/A
FLWS,$9.6183,1440090603218,"99,575",100% bullish,of 5 ratings,$15
SRCE,$30.085,1440090603351,"4,384",100% bullish,of 3 ratings,$33
DGLD,$77.461,1440090603477,"7,103",100% bullish,of 1 rating,N/A
VNET,$20.04,1440090603537,"183,144",60% bullish,of 5 ratings,$29.50
DSLV,$58.54,1440090603571,"8,517",100% bearish,of 1 rating,N/A
TWOU,$34.99,1440090603604,"104,962",50% bullish,of 2 ratings,$39
JOBS,$26.11,1440090603638,"69,363",50% bullish,of 4 ratings,$36
UGLD,$9.76,1440090603709,"160,907",100% bearish,of 1 rating,N/A
USLV,$15.2881,1440090603737,"239,674",86% bullish,of 7 ratings,N/A
EGHT,$8.33,1440090604026,"110,702",82% bullish,of 17 ratings,$11
CAFD,$15.58,1440090604083,"68,124",Not yet rated,NULL,$25
SIXD,$2.1,1440090604109,"52,787",Not yet rated,NULL,N/A
AAON,$22.5528,1440090604161,"22,603",100% bearish,of 1 rating,$24
AVHI,$13.86,1440090604213,"12,832",100% bearish,of 1 rating,$19
ABAX,$47.5,1440090604234,"57,540",100% bearish,of 1 rating,$60
ABGB,$4.03,1440090604368,"54,962",67% bullish,of 3 ratings,$5.50
ABY,$20.9899,1440090604394,"67,205",100% bearish,of 2 ratings,$46
ABEO,$5.01,1440090604462,"79,127",67% bullish,of 3 ratings,$15.50
ACTG,$8.725,1440090604532,"79,772",67% bullish,of 3 ratings,$18.50
ABEOW,$1.71,1440090604566,"1,450",100% bullish,of 1 rating,N/A
ABMD,$103.878,1440090604596,"129,030",75% bullish,of 4 ratings,$100.50
SHLM,$35.54,1440090604667,"36,544",100% bearish,of 1 rating,$50
AXAS,$1.66,1440090604768,"211,607",78% bullish,of 9 ratings,$3.50
ACHC,$77.2901,1440090604899,"210,317",50% bullish,of 2 ratings,$92
ACAD,$36.86,1440090604970,"371,837",80% bullish,of 20 ratings,$48
ARAY,$5.915,1440090605127,"525,590",100% bearish,of 1 rating,$10.50
ANCX,$18.89,1440090605163,"12,397",Not yet rated,NULL,$19
ACST,$0.3602,1440090605184,"30,900",100% bullish,of 2 ratings,N/A
AXDX,$18.69,1440090605218,"66,953",100% bearish,of 1 rating,N/A
VXDN,$13.7,1440090605260,"3,515",Not yet rated,NULL,N/A
XLRN,$29.2303,1440090605288,"30,334",50% bullish,of 2 ratings,$57
VXUP,$17.9,1440090605438,"16,570",Not yet rated,NULL,N/A
ACRX,$4.29,1440090605482,"116,503",67% bearish,of 6 ratings,$5.50
ACET,$24.9011,1440090605509,"35,007",75% bullish,of 4 ratings,$30
AKAO,$7.05,1440090605640,"45,713",75% bullish,of 4 ratings,$15
ACIW,$22.4,1440090605667,"113,057",50% bullish,of 2 ratings,$24
ACHN,$8.1,1440090605876,"498,894",90% bullish,of 21 ratings,$16
ACNB,$20.15,1440090605903,472,Not yet rated,NULL,N/A
ACOR,$29.49,1440090605941,"83,345",67% bearish,of 3 ratings,$38.50
ACTS,$1.35,1440090605968,"27,585",100% bearish,of 1 rating,N/A
ATVI,$28.21,1440090605995,"1,916,022",68% bullish,of 84 ratings,$31.50
ACTA,$13.42,1440090606032,"51,425",67% bearish,of 3 ratings,$25
ACPW,$1.8501,1440090606058,"6,235",100% bullish,of 4 ratings,$3.50
ACUR,$0.61,1440090606321,638,100% bullish,of 5 ratings,$1
ADMS,$20,1440090606380,"34,764",100% bearish,of 2 ratings,$36
ACXM,$20.48,1440090606411,"82,823",67% bullish,of 3 ratings,N/A
ADMP,$3.545,1440090606443,"4,038",50% bullish,of 2 ratings,$10
ADAP,$14.9501,1440090606465,"23,883",67% bullish,of 3 ratings,$22
ADUS,$29.38,1440090606511,"34,583",100% bearish,of 1 rating,$31
AEY,$2.3201,1440090606540,"3,024",100% bearish,of 2 ratings,N/A
ADBE,$83.72,1440090606751,"526,191",65% bullish,of 17 ratings,$90
ADEP,$7.08,1440090606777,"12,277",50% bullish,of 2 ratings,$10.75
ADMA,$9.5599,1440090606822,350,Not yet rated,NULL,$19
AMD,$1.72,1440090606854,"4,224,728",83% bullish,of 102 ratings,$2
ADRO,$20.4,1440090606914,"57,837",80% bullish,of 5 ratings,$45.50
AEIS,$25.43,1440090606952,"64,639",50% bullish,of 2 ratings,$32.50
ADTN,$15.6,1440090606980,"126,093",67% bullish,of 3 ratings,$17.125
ADXS,$14.15,1440090607214,"349,872",64% bullish,of 14 ratings,$27
MULT,NULL,1440090607265,0,100% bearish,of 1 rating,N/A
ADXSW,$9.97,1440090607346,"2,792",100% bullish,of 1 rating,N/A
YPRO,$23.24,1440090607379,200,100% bearish,of 1 rating,N/A
AEGN,$18.6025,1440090607436,"60,740",100% bearish,of 1 rating,$21
AMTX,$3.52,1440090607467,"10,899",50% bullish,of 2 ratings,$26.11
AEHR,$2.1364,1440090607494,"1,069",50% bullish,of 2 ratings,N/A
AEGR,$18.07,1440090607524,"110,308",50% bullish,of 6 ratings,$26
AEPI,$57.072,1440090607625,"2,536",100% bearish,of 1 rating,N/A
AERI,$15.94,1440090607716,"156,672",75% bullish,of 4 ratings,$31.50
AEZS,$0.1065,1440090607784,"4,104,326",90% bullish,of 21 ratings,$1.50
AEMD,$6.65,1440090607810,"17,018",Not yet rated,NULL,$27.50
AVAV,$24.7401,1440090607843,"48,698",50% bullish,of 4 ratings,$31
AFMD,$10.33,1440090607945,"105,348",50% bullish,of 4 ratings,$15
AGEN,$7.36,1440090608017,"232,283",85% bullish,of 13 ratings,$14
AFFX,$9.41,1440090608105,"84,824",80% bullish,of 5 ratings,$12
AGRX,$8.3,1440090608168,"20,182",100% bearish,of 1 rating,$17.50
AGFS,$9.6,1440090608211,"102,409",100% bearish,of 1 rating,N/A
AGYS,$9.59,1440090608254,"4,754",100% bearish,of 1 rating,N/A
AGFSW,$1.8375,1440090608316,"5,945",100% bearish,of 2 ratings,N/A
AGIO,$88.06,1440090608341,"128,126",88% bullish,of 8 ratings,$114
AIMT,$21.7718,1440090608475,"91,722",Not yet rated,NULL,N/A
AIRT,$22.5,1440090608643,"2,019",100% bullish,of 1 rating,N/A
AIRM,$37.7,1440090608676,"59,481",80% bearish,of 5 ratings,$53
ATSG,$9.32,1440090608710,"28,166",67% bullish,of 3 ratings,$13
AMCN,$4.905,1440090608777,"281,132",83% bullish,of 6 ratings,N/A
AKAM,$70.71,1440090608871,"595,330",63% bullish,of 8 ratings,$77
AIXG,$6.06,1440090608923,"5,978",67% bearish,of 3 ratings,$6
AKBA,$6.36,1440090609001,"135,102",100% bearish,of 1 rating,$18
AKRX,$41.85,1440090609186,"215,456",78% bullish,of 9 ratings,$56
AKER,$2.81,1440090609216,"4,227",Not yet rated,NULL,N/A
ALRM,$16.965,1440090609238,"113,900",100% bearish,of 1 rating,$22
AMRI,$19.973,1440090609281,"55,036",75% bearish,of 4 ratings,$24
ADHD,$8.392,1440090609371,"67,723",50% bullish,of 4 ratings,$18
ALSK,$2.13,1440090609402,"34,810",78% bullish,of 18 ratings,$2
ABDC,$12.9199,1440090609425,"5,086",Not yet rated,NULL,$15
ALDR,$37.31,1440090609604,"131,673",67% bearish,of 3 ratings,$62
ALXN,$181.75,1440090609735,"274,832",88% bullish,of 8 ratings,$223
ALCO,$42.61,1440090609807,"2,220",50% bullish,of 2 ratings,N/A
ALXA,$1.0401,1440090609834,"7,720",83% bullish,of 6 ratings,$2.125
ALDX,$7.75,1440090609867,"8,170",100% bearish,of 1 rating,$14.50
ALKS,$64.18,1440090609964,"195,426",67% bullish,of 3 ratings,$75
ALGN,$58.74,1440090609994,"162,175",100% bearish,of 2 ratings,$73
ALIM,$3.4499,1440090610020,"22,199",80% bullish,of 5 ratings,$10
AFOP,$17.76,1440090610198,"77,482",75% bullish,of 8 ratings,$21
ALGT,$220.2,1440090610299,"39,252",100% bearish,of 1 rating,$235
AIQ,$14.71,1440090610352,"3,925",67% bullish,of 3 ratings,N/A
AHPI,$1.44,1440090610429,700,50% bullish,of 2 ratings,N/A
AHGP,$37.19,1440090610459,"25,142",67% bullish,of 3 ratings,N/A
ALLB,$23.59,1440090610481,200,Not yet rated,NULL,N/A
ARLP,$24.97,1440090610516,"63,574",67% bearish,of 3 ratings,$32
AMOT,$16.34,1440090610543,"25,511",100% bearish,of 1 rating,N/A
ALQA,$4.46,1440090610677,"15,297",75% bullish,of 4 ratings,$8.50
ALNY,$104.8801,1440090610852,"236,448",67% bullish,of 3 ratings,$148.50
AFAM,$47.61,1440090610903,"21,768",50% bullish,of 2 ratings,$44
MDRX,$13.98,1440090610930,"547,257",60% bullish,of 5 ratings,$16
ALLT,$5.015,1440090610952,"27,405",75% bullish,of 4 ratings,$6.25
ATEC,$0.5901,1440090611094,"11,838",100% bullish,of 1 rating,$2
AOSL,$7.205,1440090611165,"16,672",67% bullish,of 3 ratings,$9
ALTR,$48.99,1440090611194,"626,708",80% bearish,of 5 ratings,$54
SMCP,NULL,1440090611269,0,Not yet rated,NULL,N/A
ASPS,$29.32,1440090611324,"27,962",67% bullish,of 3 ratings,$46.50
AIMC,$25.78,1440090611402,"8,440",100% bearish,of 1 rating,$28.50
AMAG,$62.21,1440090611428,"77,398",100% bullish,of 2 ratings,$77.50
AMRN,$2.009,1440090611459,"1,055,551",85% bullish,of 39 ratings,$8
AYA,$22.006,1440090611593,"17,141",100% bearish,of 1 rating,$40
AMRK,NULL,1440090611678,0,50% bullish,of 2 ratings,$14
AMZN,$517.65,1440090611728,"1,357,892",81% bullish,of 263 ratings,$646
AMBA,$99,1440090611859,"987,429",83% bullish,of 12 ratings,$102.50
AMBC,$15.835,1440090611919,"75,421",100% bearish,of 1 rating,$16.50
EPAX,$2.67,1440090612051,"29,013",100% bearish,of 1 rating,N/A
AMCX,$69.88,1440090612083,"360,792",67% bullish,of 3 ratings,$85.50
DOX,$59.16,1440090612111,"72,447",100% bullish,of 2 ratings,$60
AMBCW,$7.35,1440090612183,"1,600",100% bearish,of 1 rating,N/A
AMDA,$0.4896,1440090612239,"734,949",90% bullish,of 10 ratings,$1
UHAL,$373.43,1440090612317,"5,985",100% bullish,of 2 ratings,$393.50
ASBI,$22.65,1440090612343,600,Not yet rated,NULL,N/A
AMED,$41.09,1440090612404,"150,468",100% bearish,of 1 rating,$42
ATAX,$5.3136,1440090612555,"45,492",100% bullish,of 1 rating,$6.50
AAL,$42.3,1440090612586,"2,584,453",93% bullish,of 87 ratings,$57
AMOV,$18.38,1440090612608,"5,676",100% bearish,of 1 rating,N/A
AGNC,$20.01,1440090612758,"1,730,707",75% bullish,of 28 ratings,$22
AGNCP,$25.394,1440090612927,"1,672",Not yet rated,NULL,N/A
MTGEP,NULL,1440090612984,0,Not yet rated,NULL,N/A
AGNCB,$24.3,1440090613012,"11,400",Not yet rated,NULL,N/A
ACSF,$12.745,1440090613076,"4,376",100% bearish,of 1 rating,$15
MTGE,$15.97,1440090613108,"76,755",75% bullish,of 4 ratings,$19.50
AETI,NULL,1440090613139,0,67% bearish,of 3 ratings,N/A
ANCI,$1.5695,1440090613169,"2,100",100% bearish,of 1 rating,N/A
ACAS,$14.195,1440090613210,"547,538",60% bullish,of 5 ratings,$16.75
AMIC,NULL,1440090613311,0,Not yet rated,NULL,N/A
AMNB,$23.04,1440090613469,"1,944",Not yet rated,NULL,$25.50
ANAT,$102.48,1440090613495,"4,055",100% bullish,of 1 rating,N/A
APEI,$21.615,1440090613633,"22,673",100% bearish,of 1 rating,$25.50
ARII,$38.71,1440090613659,"72,950",67% bearish,of 3 ratings,$45
ASEI,$39.51,1440090613898,"39,257",100% bearish,of 1 rating,$52.50
AMSWA,$9.29,1440090614044,"4,244",100% bearish,of 2 ratings,$10.75
AMRB,$10.002,1440090614074,583,Not yet rated,NULL,$11
AMSC,$3.7688,1440090614176,"13,871",50% bullish,of 4 ratings,N/A
AMWD,$62.89,1440090614271,"56,325",50% bullish,of 2 ratings,$58
CRMT,$42.87,1440090614399,"9,990",100% bearish,of 1 rating,$49
AMSF,$50.48,1440090614489,"25,081",Not yet rated,NULL,$57.50
ABCB,$27.7725,1440090614636,"18,936",Not yet rated,NULL,$31
ASRV,$3.25,1440090614678,"1,160",100% bullish,of 2 ratings,N/A
ATLO,$23.6228,1440090614730,"2,259",Not yet rated,NULL,N/A
ASRVP,NULL,1440090614804,0,Not yet rated,NULL,N/A
AMGN,$162.82,1440090614830,"792,676",89% bullish,of 19 ratings,$185
FOLD,$15.48,1440090614907,"294,522",56% bullish,of 9 ratings,$21
AMPH,$14.2,1440090614999,"73,662",50% bullish,of 2 ratings,$20
AMSG,$82.39,1440090615026,"91,767",100% bearish,of 1 rating,$85.50
AMKR,$4.25,1440090615167,"367,987",100% bearish,of 2 ratings,$5
AMSGP,NULL,1440090615248,0,Not yet rated,NULL,N/A
ASYS,$5.572,1440090615277,"20,330",67% bullish,of 3 ratings,$12
ANAC,$130.81,1440090615336,"172,061",80% bullish,of 5 ratings,$180.50
AFSI,$63.89,1440090615362,"181,308",60% bullish,of 5 ratings,$72
AMRS,$1.6488,1440090615435,"34,205",70% bullish,of 10 ratings,N/A
ANAD,$0.38,1440090615616,"109,115",100% bullish,of 2 ratings,$.50
ADI,$55.41,1440090615772,"1,629,569",67% bullish,of 3 ratings,$69
ABCW,$39.84,1440090615908,"7,507",67% bullish,of 3 ratings,N/A
ALOG,$83.16,1440090615935,"20,202",100% bearish,of 2 ratings,$100.50
AMCF,$0.2599,1440090615957,"1,284",100% bullish,of 7 ratings,N/A
ANCB,NULL,1440090615987,0,Not yet rated,NULL,$23
ANGI,$4.25,1440090616125,"145,435",64% bullish,of 11 ratings,$5.50
ANIP,$52.5999,1440090616152,"94,352",89% bullish,of 19 ratings,$66
ANGO,$14.7,1440090616228,"13,826",67% bullish,of 3 ratings,$19
ANIK,$34.98,1440090616384,"27,618",60% bullish,of 5 ratings,$51.25
ABAC,$0.79,1440090616415,"6,310",100% bearish,of 1 rating,N/A
ATRS,$1.83,1440090616437,"149,957",92% bullish,of 12 ratings,$4.50
ANSS,$93.88,1440090616471,"134,630",100% bearish,of 1 rating,$100
ANTH,$8.3175,1440090616494,"394,252",80% bullish,of 10 ratings,$13
ATNY,$2.34,1440090616633,500,50% bullish,of 2 ratings,$3.75
APIC,$6.9199,1440090616719,"138,376",100% bearish,of 1 rating,$19
APOG,$51.75,1440090617007,"47,467",100% bullish,of 1 rating,$62
AINV,$6.525,1440090617137,"597,575",50% bullish,of 4 ratings,$8
APOL,$11.07,1440090617163,"373,013",87% bearish,of 68 ratings,$14
AAPL,$112.37,1440090617191,"22,446,684",86% bullish,of 2335 ratings,$150
ARCI,$1.25,1440090617238,200,Not yet rated,NULL,N/A
APDNW,NULL,1440090617366,0,Not yet rated,NULL,N/A
APDN,$3.23,1440090617394,"25,111",Not yet rated,NULL,$9
APPF,$16.78,1440090617423,"13,059",50% bullish,of 2 ratings,$22
AGTC,$15.27,1440090617558,"75,039",50% bullish,of 2 ratings,$33
AMAT,$16.08,1440090617730,"3,264,915",82% bullish,of 11 ratings,$23
APRI,$1.3,1440090617788,"310,225",83% bullish,of 6 ratings,$4.86
AMCC,$5.32,1440090617862,"127,049",80% bullish,of 5 ratings,$8
AAOI,$20.7201,1440090617895,"115,007",50% bullish,of 4 ratings,$26
AREX,$2.385,1440090617916,"210,972",100% bearish,of 1 rating,$3
APTO,$4.9226,1440090617949,"5,350",Not yet rated,NULL,$17
AQMS,$5.05,1440090617995,"5,582",Not yet rated,NULL,N/A
AQXP,$15.802,1440090618164,"268,827",50% bullish,of 2 ratings,$2
AUMA,NULL,1440090618196,0,Not yet rated,NULL,N/A
AUMAW,NULL,1440090618266,0,Not yet rated,NULL,N/A
AUMAU,NULL,1440090618291,0,Not yet rated,NULL,N/A
ARDM,$7.1307,1440090618431,"3,807",100% bullish,of 1 rating,$26
PETX,$16.95,1440090618459,"103,615",100% bearish,of 2 ratings,$26
ABUS,$7.55,1440090618508,"170,994",86% bullish,of 14 ratings,$23
ARCW,$3.59,1440090618642,995,100% bearish,of 2 ratings,$10.50
RKDA,$5.75,1440090618670,"3,804",100% bearish,of 2 ratings,$10
ARCB,$30.96,1440090618702,"71,857",50% bullish,of 2 ratings,$39.50
ABIO,$0.89,1440090618803,"52,519",50% bullish,of 2 ratings,$3.75
ARDX,$17.66,1440090618959,"32,357",50% bullish,of 2 ratings,$24.50
ACGL,$72.41,1440090618989,"72,540",50% bullish,of 2 ratings,$72
ARNA,$2.9099,1440090619015,"819,131",90% bullish,of 77 ratings,$5.50
ARCC,$15.825,1440090619043,"255,822",67% bearish,of 3 ratings,$17.875
ACAT,$27.97,1440090619068,"42,505",100% bearish,of 3 ratings,$33
AGII,$58.5,1440090619098,"40,938",Not yet rated,NULL,$59.50
AGIIL,$25.48,1440090619247,"1,217",Not yet rated,NULL,N/A
ARIS,$3.28,1440090619461,"2,625",Not yet rated,NULL,$4.50
ARIA,$6.9001,1440090619566,"869,640",87% bullish,of 46 ratings,$9
ARMH,$41.845,1440090619597,"685,847",54% bearish,of 13 ratings,$61
ARGS,$5.73,1440090619670,"69,890",50% bullish,of 2 ratings,$19.50
ARKR,NULL,1440090619701,0,50% bullish,of 2 ratings,N/A
ARWAU,NULL,1440090619799,0,100% bullish,of 1 rating,N/A
ARTX,$1.5201,1440090619849,"107,538",88% bullish,of 16 ratings,$4.50
ARWAR,NULL,1440090619879,0,Not yet rated,NULL,N/A
ARWA,NULL,1440090619908,0,Not yet rated,NULL,N/A
ARQL,$1.66,1440090620011,"84,261",75% bullish,of 4 ratings,$5
ARWAW,NULL,1440090620282,0,Not yet rated,NULL,N/A
ARRY,$5.435,1440090620310,"325,971",100% bullish,of 7 ratings,$10
ARRS,$27.38,1440090620336,"247,903",50% bullish,of 2 ratings,$38
DWAT,NULL,1440090620368,0,100% bearish,of 1 rating,N/A
AROW,$27.27,1440090620442,"5,903",Not yet rated,NULL,N/A
ARWR,$5.51,1440090620521,"286,096",75% bullish,of 4 ratings,$10.50
ARTNA,$22.62,1440090620654,"10,685",100% bearish,of 1 rating,$29
ARTW,$4.5099,1440090620681,300,75% bearish,of 4 ratings,N/A
ASNA,$11.625,1440090620810,"730,434",50% bullish,of 2 ratings,$18
ASBB,$23.72,1440090620837,305,Not yet rated,NULL,N/A
ASCMA,$27.8336,1440090620892,"35,395",100% bearish,of 1 rating,$45
ASND,$17.57,1440090620965,"13,455",100% bullish,of 1 rating,$30
ASTI,$0.122,1440090620999,"840,369",83% bullish,of 6 ratings,$3
APWC,$2,1440090621025,600,100% bearish,of 1 rating,N/A
ASML,$88.01,1440090621065,"502,684",67% bullish,of 3 ratings,$127
ASMI,$36.57,1440090621094,300,50% bullish,of 2 ratings,N/A
ASMB,$13,1440090621369,"36,096",67% bullish,of 3 ratings,N/A
AZPN,$38.625,1440090621397,"254,388",50% bullish,of 2 ratings,$42
ASTE,$36.63,1440090621467,"7,498",100% bearish,of 1 rating,$48
ASFI,$9.0101,1440090621601,"2,510",100% bullish,of 1 rating,N/A
ATRO,$53.82,1440090621711,"42,626",100% bearish,of 2 ratings,$80
ASUR,$5.8187,1440090621740,"2,758",100% bearish,of 1 rating,$8
ALOT,$13.14,1440090621762,"1,312",100% bearish,of 1 rating,N/A
ATRA,$43.8101,1440090621895,"42,648",50% bullish,of 2 ratings,$68
ASTC,$2.36,1440090621925,"9,358",100% bullish,of 5 ratings,N/A
ATAI,$3,1440090622028,"12,951",100% bearish,of 1 rating,N/A
ATHN,$135.76,1440090622088,"31,751",67% bearish,of 3 ratings,$153
ATHX,$1.19,1440090622117,"66,523",89% bullish,of 9 ratings,$5
AAPC,$10.2,1440090622146,170,Not yet rated,NULL,N/A
AFCB,NULL,1440090622168,0,Not yet rated,NULL,N/A
AAME,$3.44,1440090622398,104,Not yet rated,NULL,N/A
ACFC,$6.2,1440090622425,"40,893",Not yet rated,NULL,$6.50
ATNI,$73.68,1440090622490,"21,815",100% bearish,of 1 rating,$69.50
ATLC,$3.98,1440090622519,492,67% bullish,of 3 ratings,N/A
AAWW,$41.83,1440090622559,"196,361",50% bullish,of 2 ratings,$65
AFH,$16.94,1440090622622,"7,477",Not yet rated,NULL,$21.50
ATML,$7.37,1440090622706,"1,559,893",78% bullish,of 9 ratings,$9.50
ATOS,$0.924,1440090622836,"94,609",100% bullish,of 7 ratings,$7
ATRI,$394.45,1440090622887,501,Not yet rated,NULL,N/A
ATRC,$26.53,1440090622919,"28,775",100% bullish,of 1 rating,$30
ATRM,$2.87,1440090622950,690,50% bullish,of 2 ratings,N/A
ATTU,$14.51,1440090623023,"18,662",100% bearish,of 1 rating,$20.50
AUBN,$27.21,1440090623052,100,Not yet rated,NULL,N/A
LIFE,$14.66,1440090623127,"14,094",86% bullish,of 7 ratings,$43
AUDC,$3.2483,1440090623283,"41,677",80% bullish,of 5 ratings,$5
AUPH,$3.373,1440090623344,"2,900",100% bearish,of 1 rating,$8
EARS,$5.01,1440090623444,"34,845",100% bearish,of 2 ratings,$11.50
ADAT,$0.11,1440090623487,"50,455",100% bullish,of 2 ratings,N/A
ADSK,$53.3,1440090623514,"595,979",83% bullish,of 6 ratings,$69.50
ADP,$82.89,1440090623643,"650,178",100% bearish,of 1 rating,$88
AVGO,$116.73,1440090623741,"890,720",88% bullish,of 8 ratings,$160
AAVL,$10.52,1440090623849,"140,309",100% bearish,of 1 rating,$20
AVNU,$12.49,1440090623878,"1,220",Not yet rated,NULL,$14
ABTL,$18.505,1440090623900,"43,802",100% bullish,of 4 ratings,$20.25
AVNW,$1.12,1440090623938,"25,841",50% bullish,of 2 ratings,$2.20
AVEO,$1.42,1440090623963,"552,418",75% bullish,of 8 ratings,$3
AVID,$7.85,1440090624036,"76,893",100% bearish,of 1 rating,$20
AVGR,$15.2,1440090624112,"16,421",100% bearish,of 1 rating,$20
ACLS,$3.37,1440090624374,"441,698",67% bullish,of 6 ratings,$4.75
AWRE,$3.34,1440090624400,"7,594",67% bullish,of 3 ratings,N/A
CAR,$44.87,1440090624427,"537,138",80% bullish,of 5 ratings,$60
AXPW,$1.1,1440090624560,"27,751",83% bullish,of 6 ratings,N/A
BCOM,$19.98,1440090624597,187,100% bearish,of 1 rating,N/A
AXGN,$3.862,1440090624625,"15,759",Not yet rated,NULL,$5
AXTI,$2.18,1440090624653,"7,730",50% bullish,of 2 ratings,$2.75
AXPWW,NULL,1440090624692,0,Not yet rated,NULL,N/A
RILY,$9.8601,1440090624909,505,Not yet rated,NULL,N/A
BOSC,$2.25,1440090625016,"2,414",50% bullish,of 2 ratings,N/A
BWINA,NULL,1440090625043,0,Not yet rated,NULL,N/A
BCPC,$59.96,1440090625071,"38,297",100% bearish,of 1 rating,$75
BEAV,$50.005,1440090625092,"234,036",67% bearish,of 3 ratings,$59
BIDU,$158.24,1440090625124,"1,730,243",81% bullish,of 88 ratings,$215
BWINB,$23.13,1440090625267,148,Not yet rated,NULL,N/A
BLDP,$1.305,1440090625576,"134,398",91% bullish,of 22 ratings,$2.50
BKMU,$7.18,1440090625708,"25,127",Not yet rated,NULL,$8
BANF,$62.12,1440090625742,406,Not yet rated,NULL,$68
BMRC,$48.75,1440090625770,"3,268",Not yet rated,NULL,$52
BKSC,$15.83,1440090625859,800,Not yet rated,NULL,N/A
BOCH,$5.78,1440090625888,"12,190",Not yet rated,NULL,$6.50
BANFP,NULL,1440090625918,0,Not yet rated,NULL,N/A
BOTJ,NULL,1440090625993,0,Not yet rated,NULL,N/A
BANR,$45.6,1440090626171,"19,965",100% bullish,of 3 ratings,$50
BWFG,$18.25,1440090626202,"1,627",100% bearish,of 1 rating,N/A
BFIN,$12,1440090626226,"5,534",Not yet rated,NULL,$13
OZRK,$41.8,1440090626260,"64,171",67% bullish,of 3 ratings,$49.50
BZUN,$6.13,1440090626292,"342,403",50% bullish,of 2 ratings,$13.85
BHAC,NULL,1440090626391,0,Not yet rated,NULL,N/A
TAPR,$30.03,1440090626461,600,100% bearish,of 1 rating,N/A
BHACR,NULL,1440090626522,0,Not yet rated,NULL,N/A
BHACU,$10.19,1440090626825,200,Not yet rated,NULL,N/A
BSET,$30.57,1440090626886,"33,684",100% bearish,of 1 rating,$35
BBSI,$35.02,1440090626913,"40,503",67% bearish,of 3 ratings,$62.50
BYBK,NULL,1440090626942,0,100% bearish,of 1 rating,N/A
BYLK,$12.96,1440090626968,"1,904",Not yet rated,NULL,$14
BV,$5.185,1440090627002,"100,006",67% bullish,of 6 ratings,$9
BHACW,NULL,1440090627023,0,Not yet rated,NULL,N/A
BBCN,$15.18,1440090627103,"67,601",100% bearish,of 1 rating,$16
BCBP,$11.68,1440090627205,"4,354",Not yet rated,NULL,N/A
BECN,$36.47,1440090627340,"92,634",50% bullish,of 2 ratings,$40
BDCV,$5.04,1440090627367,"8,015",100% bearish,of 1 rating,$10.19
BSF,$8.85,1440090627395,"3,442",Not yet rated,NULL,N/A
BBGI,$4.8499,1440090627417,100,100% bearish,of 1 rating,N/A
BEBE,$1.82,1440090627650,"27,999",75% bullish,of 4 ratings,$3.075
BBBY,$63.2,1440090627680,"588,903",71% bullish,of 7 ratings,$75
BELFA,NULL,1440090627713,0,100% bearish,of 1 rating,N/A
BLCM,$17.71,1440090627780,"62,955",50% bullish,of 4 ratings,$40
BLPH,$5.66,1440090627810,"26,624",100% bearish,of 1 rating,$12.50
BELFB,$19.64,1440090627859,"7,664",100% bearish,of 1 rating,N/A
BNCL,$12.78,1440090627887,"122,096",100% bullish,of 3 ratings,$12.50
BNFT,$37.58,1440090627944,"26,403",67% bullish,of 3 ratings,$46
BNTC,$8.22,1440090628158,"76,278",100% bullish,of 1 rating,N/A
BGMD,$0.8084,1440090628193,"155,338",100% bullish,of 10 ratings,N/A
BGFV,$11.112,1440090628263,"34,181",57% bullish,of 7 ratings,$12
BGCP,$9.27,1440090628288,"254,073",88% bullish,of 8 ratings,$14
BIND,$4.64,1440090628576,"27,787",67% bullish,of 3 ratings,$13.50
BASI,$1.3,1440090628609,"6,406",Not yet rated,NULL,N/A
BCDA,NULL,1440090628705,0,Not yet rated,NULL,N/A
BIOC,$2.0172,1440090628736,"480,452",83% bullish,of 6 ratings,$3.85
ORPN,$5.43,1440090628782,"4,350",100% bullish,of 1 rating,$28.50
BDSI,$6.37,1440090628808,"243,766",88% bullish,of 8 ratings,$17
BCRX,$11.72,1440090628883,"131,702",63% bullish,of 8 ratings,$18
BIOD,$0.6454,1440090628941,"60,401",80% bullish,of 5 ratings,$4
BLFS,$2.08,1440090629030,"11,509",100% bearish,of 1 rating,$4.75
BIIB,$310.5,1440090629076,"382,189",88% bullish,of 16 ratings,$400
BLRX,$1.47,1440090629510,"105,901",100% bullish,of 12 ratings,$5
BIOL,$1.5,1440090629642,"41,674",Not yet rated,NULL,N/A
BPTH,$1.18,1440090629815,"6,944",100% bullish,of 2 ratings,$5
BVXV,$4,1440090629894,"6,358",Not yet rated,NULL,N/A
BVXVW,$0.7051,1440090629922,"3,000",100% bearish,of 1 rating,N/A
BMRN,$132.3,1440090629956,"274,110",80% bullish,of 5 ratings,$160
BRLI,NULL,1440090629977,0,83% bullish,of 6 ratings,N/A
BIOS,$1.625,1440090630008,"432,816",71% bullish,of 7 ratings,$4
BBC,$31,1440090630053,"8,932",Not yet rated,NULL,N/A
BSPM,$0.7002,1440090630136,"2,200",50% bullish,of 2 ratings,N/A
BBP,$33.05,1440090630208,"28,280",Not yet rated,NULL,N/A
BEAT,$13.0101,1440090630414,"220,038",67% bearish,of 3 ratings,$15
BOTA,$2.3699,1440090630444,"45,766",88% bullish,of 8 ratings,N/A
BSTC,$49.66,1440090630466,"38,415",100% bearish,of 1 rating,$76
BITI,$18.63,1440090630488,"22,625",100% bullish,of 1 rating,$28
TECH,$104.13,1440090630521,"24,125",100% bullish,of 1 rating,$117
BDMS,NULL,1440090630706,0,100% bearish,of 1 rating,N/A
BJRI,$46.29,1440090630765,"41,351",50% bullish,of 2 ratings,$55
BBRY,$7.3662,1440090630801,"2,074,812",61% bullish,of 330 ratings,$9
BBOX,$15.3,1440090630866,"13,111",100% bearish,of 1 rating,N/A
BDE,$7.52,1440090630893,"38,751",50% bullish,of 2 ratings,$9
HAWK,$44.03,1440090630957,"135,791",90% bullish,of 10 ratings,$49
BKCC,$9.3102,1440090631034,"51,568",100% bullish,of 2 ratings,$10
BLKB,$59.85,1440090631063,"41,643",100% bearish,of 2 ratings,$66
ADRA,$27.77,1440090631226,908,Not yet rated,NULL,N/A
ADRE,$30.4099,1440090631285,"4,067",Not yet rated,NULL,N/A
ADRD,$22.838,1440090631310,"1,838",100% bearish,of 1 rating,N/A
ADRU,$22.5308,1440090631369,208,100% bearish,of 1 rating,N/A
BLBD,$11.95,1440090631498,"1,800",Not yet rated,NULL,N/A
BCOR,$13.54,1440090631588,"58,885",57% bullish,of 7 ratings,$15
BUFF,$26.76,1440090631614,"100,425",83% bullish,of 12 ratings,$31.50
BLMN,$21.21,1440090631641,"283,024",83% bullish,of 6 ratings,$27.50
BHBK,$14.2,1440090631667,"19,482",100% bullish,of 1 rating,$14.50
BLUE,$123.35,1440090631875,"307,751",71% bullish,of 7 ratings,$217.50
NILE,$34.24,1440090631977,"18,868",50% bullish,of 2 ratings,$34
BBLU,$0.8719,1440090632005,"52,479",100% bullish,of 2 ratings,$4.43
BKEPP,$7.75,1440090632334,"9,900",100% bearish,of 1 rating,N/A
BNCN,$21.54,1440090632394,"21,666",Not yet rated,NULL,$23
BPMC,$26.5037,1440090632422,"42,979",50% bullish,of 2 ratings,$47.50
BKEP,$6.8999,1440090632444,"22,364",100% bearish,of 1 rating,$8.50
BOFI,$128.975,1440090632475,"71,255",100% bullish,of 6 ratings,$144
WIFI,$8.29,1440090632607,"159,651",50% bullish,of 2 ratings,$13.50
BOBE,$45.25,1440090632638,"24,971",75% bullish,of 4 ratings,$57
BOJA,$20.87,1440090632659,"98,947",100% bullish,of 1 rating,$30
BONA,$11.96,1440090632823,"115,099",75% bullish,of 4 ratings,$8.50
BPFH,$12.28,1440090632856,"150,368",100% bearish,of 1 rating,$14
BAMM,$3.2078,1440090632885,"1,958",60% bullish,of 5 ratings,N/A
BOKF,$63.39,1440090632912,"31,124",100% bearish,of 1 rating,$71
BNSO,$1.3816,1440090632979,"3,002",100% bearish,of 1 rating,N/A
BPFHP,NULL,1440090633059,0,100% bearish,of 1 rating,N/A
BPFHW,NULL,1440090633279,0,100% bearish,of 1 rating,N/A
EPAY,$26.1901,1440090633317,"45,367",100% bearish,of 2 ratings,$30
BCLI,$3.0401,1440090633412,"34,640",80% bullish,of 5 ratings,$12
BBRG,$12.98,1440090633440,"16,547",67% bullish,of 3 ratings,$14.50
BDBD,$8.5,1440090633463,"240,166",60% bullish,of 5 ratings,$10
BBEP,$2.34,1440090633497,"885,767",69% bullish,of 13 ratings,$5.625
BBEPP,$13.5099,1440090633522,"17,311",100% bearish,of 1 rating,N/A
BDGE,$27.335,1440090633598,"5,305",Not yet rated,NULL,$31.75
BLIN,$1.33,1440090633657,"19,477",50% bullish,of 2 ratings,$2.20
BRID,NULL,1440090633833,0,100% bearish,of 1 rating,N/A
BRCM,$50,1440090633863,"1,531,957",75% bullish,of 12 ratings,$56
BSFT,$31.87,1440090633913,"43,364",57% bullish,of 7 ratings,$40.50
BCOV,$5.2307,1440090633964,"50,928",67% bullish,of 3 ratings,$10.20
BVSN,$5.932,1440090633990,"1,608",60% bearish,of 5 ratings,N/A
BRCD,$9.855,1440090634298,"2,556,274",92% bullish,of 13 ratings,$12.50
BRKL,$10.84,1440090634325,"41,756",100% bearish,of 1 rating,$10.75
BYFC,$1.49,1440090634363,"13,810",50% bullish,of 2 ratings,N/A
BMTC,$29.49,1440090634392,"9,298",Not yet rated,NULL,$34
BRKS,$10.56,1440090634455,"50,815",67% bullish,of 3 ratings,$15.25
BWEN,$3.4,1440090634482,"12,211",100% bullish,of 3 ratings,$8
BRKR,$19.64,1440090634504,"302,686",100% bearish,of 2 ratings,$22
BLMT,$20.84,1440090634533,"3,042",Not yet rated,NULL,N/A
BSQR,$6.48,1440090634778,"53,433",67% bullish,of 3 ratings,N/A
BWLD,$193.92,1440090634807,"111,429",82% bullish,of 11 ratings,$205
BLDR,$15.17,1440090634911,"492,517",50% bullish,of 2 ratings,$22
CFFI,NULL,1440090635049,0,100% bearish,of 1 rating,N/A
BUR,$1.99,1440090635078,816,100% bearish,of 1 rating,$8
CA,$28.4525,1440090635142,"613,093",50% bullish,of 4 ratings,$33
CCMP,$44.4,1440090635218,"25,126",50% bullish,of 2 ratings,$59
CHRW,$69.65,1440090635246,"480,302",Not yet rated,NULL,$72
CDNS,$20.64,1440090635282,"495,558",75% bullish,of 4 ratings,$22.50
CDZI,$7.42,1440090635377,"8,383",100% bearish,of 1 rating,N/A
CACQ,$7.319,1440090635406,"10,605",100% bearish,of 1 rating,$12.25
CSTE,$43.46,1440090635435,"432,443",100% bearish,of 1 rating,$65
CZR,$7.04,1440090635486,"343,313",60% bearish,of 5 ratings,$10.50
CLBS,$1.37,1440090635625,"57,282",79% bullish,of 14 ratings,$4
PRSS,$4.348,1440090635657,"3,505",80% bullish,of 5 ratings,$4.50
CLMS,$11.71,1440090635757,"12,966",Not yet rated,NULL,$10.50
CHY,$11.79,1440090635847,"112,895",Not yet rated,NULL,N/A
CHI,$10.9801,1440090635891,"72,112",100% bearish,of 1 rating,N/A
CCD,$20.615,1440090635990,"29,000",Not yet rated,NULL,N/A
CFGE,NULL,1440090636021,0,Not yet rated,NULL,N/A
CHW,$7.84,1440090636085,"125,726",100% bearish,of 1 rating,N/A
CGO,$12.48,1440090636126,"14,085",100% bearish,of 1 rating,N/A
CAMP,$15.8548,1440090636255,"101,523",88% bullish,of 8 ratings,$25
CSQ,$10.2799,1440090636282,"152,336",Not yet rated,NULL,N/A
CVGW,$54.4699,1440090636306,"57,747",50% bullish,of 2 ratings,$58.50
CFNB,NULL,1440090636336,0,100% bearish,of 1 rating,N/A
CALA,$5.128,1440090636497,"134,963",100% bullish,of 3 ratings,$19.50
CALM,$50.345,1440090636524,"148,011",80% bullish,of 5 ratings,$65
CALD,$15.74,1440090636600,"65,516",100% bearish,of 1 rating,$20.50
ABCD,$4.8,1440090636733,"40,855",83% bullish,of 6 ratings,N/A
CLMT,$26.238,1440090636760,"64,341",75% bullish,of 8 ratings,$31
CAMB,$9.95,1440090636781,400,Not yet rated,NULL,N/A
CAMBW,NULL,1440090636919,0,Not yet rated,NULL,N/A
CSIQ,$19.16,1440090637010,"1,804,783",86% bullish,of 28 ratings,$45
CAC,$39.765,1440090637037,"1,596",Not yet rated,NULL,N/A
CAMT,$2.8,1440090637068,"16,370",73% bullish,of 11 ratings,$4
CAMBU,NULL,1440090637097,0,100% bearish,of 1 rating,N/A
CGIX,$9.87,1440090637166,"14,940",67% bullish,of 3 ratings,$14.375
CBNJ,$10.87,1440090637200,900,100% bullish,of 1 rating,N/A
CPHC,$10.53,1440090637267,196,100% bearish,of 1 rating,N/A
CBF,$30.06,1440090637671,"38,866",Not yet rated,NULL,$32
CPLA,$48.347,1440090637696,"23,797",50% bullish,of 2 ratings,$65
CCBG,$15.1,1440090637723,"3,265",Not yet rated,NULL,$17.25
CAPN,$2.2811,1440090637861,"126,044",100% bullish,of 1 rating,$10.85
CFFN,$12.05,1440090637988,"106,595",Not yet rated,NULL,$12.75
CSWC,$47.9,1440090638014,"6,199",Not yet rated,NULL,N/A
CPLP,$6.9,1440090638039,"311,476",71% bullish,of 7 ratings,$11
CPTA,$14.66,1440090638089,"27,563",Not yet rated,NULL,$18.50
CAPNW,$0.76,1440090638406,"3,300",Not yet rated,NULL,N/A
CAPR,$3.98,1440090638462,"13,413",Not yet rated,NULL,$12
CPST,$0.3901,1440090638511,"332,951",95% bullish,of 22 ratings,$1
CFNL,$22.69,1440090638542,"38,487",Not yet rated,NULL,$24
CARA,$21.39,1440090638579,"131,543",50% bullish,of 4 ratings,$25
CBYL,$6.93,1440090638600,"14,208",100% bearish,of 1 rating,$20
CARB,$11.27,1440090638633,"34,421",75% bullish,of 4 ratings,$12
CRDC,$0.39,1440090638671,"13,563",100% bullish,of 1 rating,$1.25
CATM,$35.26,1440090639002,"147,605",100% bearish,of 1 rating,$44
CRME,$9.35,1440090639029,"16,082",89% bullish,of 9 ratings,$11.25
CSII,$24.04,1440090639063,"79,500",100% bearish,of 2 ratings,$42.125
CDNA,$6.3694,1440090639159,"1,900",100% bearish,of 1 rating,$9
CARO,$15.43,1440090639185,"8,733",100% bearish,of 1 rating,$19
CTRE,$12,1440090639241,"159,007",50% bullish,of 2 ratings,N/A
CECO,$3.63,1440090639372,"84,900",67% bearish,of 3 ratings,$6
CKEC,$22.09,1440090639400,"62,511",50% bullish,of 2 ratings,$35.915
CLBH,NULL,1440090639421,0,Not yet rated,NULL,$16.50
CRZO,$33.26,1440090639457,"169,867",67% bearish,of 3 ratings,$57
CART,$5.45,1440090639483,"2,256",100% bearish,of 1 rating,N/A
CARV,$6.04,1440090639626,317,50% bullish,of 2 ratings,N/A
CRTN,$2.71,1440090639651,100,100% bearish,of 1 rating,N/A
TAST,$12.38,1440090639818,"79,145",Not yet rated,NULL,$14.25
CASM,$1.091,1440090639890,"36,048",100% bullish,of 1 rating,$3.50
CACB,$5.52,1440090639962,"21,733",Not yet rated,NULL,$5.50
CSCD,$14.3699,1440090640181,"37,094",100% bullish,of 2 ratings,$17
CASS,$49.68,1440090640211,"4,908",100% bearish,of 1 rating,N/A
CWST,$6.37,1440090640267,"23,001",50% bullish,of 2 ratings,$7
CASY,$107.35,1440090640289,"71,276",50% bullish,of 2 ratings,$99.50
CATB,$11.7801,1440090640323,"6,807",100% bearish,of 1 rating,$28
CASI,$1.49,1440090640373,"7,980",100% bullish,of 1 rating,$3.50
CVCO,$73.5,1440090640421,"5,886",100% bearish,of 1 rating,N/A
CATY,$30.8,1440090640475,"109,768",100% bearish,of 1 rating,$33.50
CATYW,NULL,1440090640512,0,100% bearish,of 1 rating,N/A
CAVM,$68.57,1440090640643,"121,783",67% bearish,of 3 ratings,$72
CPRX,$3.64,1440090640727,"413,640",71% bullish,of 7 ratings,$7
CBFV,$20.45,1440090640754,"2,573",Not yet rated,NULL,N/A
CNLM,$9.98,1440090640832,200,Not yet rated,NULL,N/A
CNLMR,NULL,1440090641041,0,Not yet rated,NULL,N/A
CNLMU,$10.4,1440090641076,100,100% bullish,of 1 rating,N/A
CDK,$48.185,1440090641107,"146,080",67% bearish,of 3 ratings,$50
CECE,$9.66,1440090641175,"63,344",50% bullish,of 2 ratings,$16
CBOE,$63.5175,1440090641203,"110,868",Not yet rated,NULL,$60
CELG,$126.2,1440090641230,"1,338,411",92% bullish,of 13 ratings,$155.50
CNLMW,NULL,1440090641260,0,Not yet rated,NULL,N/A
CELGZ,$1.81,1440090641488,"16,649",80% bullish,of 5 ratings,N/A
CLDN,$1.05,1440090641535,"83,423",71% bullish,of 7 ratings,$3
CPXX,$2.15,1440090641565,"22,375",100% bullish,of 2 ratings,$7
CLDX,$13.87,1440090641676,"633,291",89% bullish,of 9 ratings,$36
CDW,$39.03,1440090641703,"186,498",75% bullish,of 4 ratings,$44
CLRB,$3.08,1440090641776,500,100% bearish,of 1 rating,N/A
CBMG,$21.57,1440090641906,"56,133",50% bullish,of 2 ratings,N/A
CLLS,$30.7899,1440090641937,"45,252",75% bullish,of 4 ratings,$51.50
CLSN,$2.07,1440090641972,"20,344",80% bullish,of 10 ratings,$7.50
CLRBW,NULL,1440090641999,0,Not yet rated,NULL,N/A
CYAD,$53.29,1440090642073,"1,418",100% bullish,of 1 rating,$87.50
CLTX,$2.1799,1440090642099,"5,034,320",100% bullish,of 2 ratings,N/A
CETX,$2.5325,1440090642266,"7,752",Not yet rated,NULL,$5.60
CEMP,$36.201,1440090642302,"313,297",71% bullish,of 7 ratings,$52
CETV,$2.01,1440090642590,"30,118",67% bullish,of 3 ratings,$2.80
CSFL,$14.04,1440090642651,"51,002",Not yet rated,NULL,$15
CFBK,$1.372,1440090642782,100,Not yet rated,NULL,N/A
CENT,$12.1567,1440090642814,"15,437",Not yet rated,NULL,$10
CENTA,$12.87,1440090642836,"29,066",Not yet rated,NULL,N/A
CENX,$5.3,1440090642914,"935,114",67% bullish,of 6 ratings,$9
CVCY,NULL,1440090643007,0,Not yet rated,NULL,$12
CNTY,$6.2653,1440090643040,"5,468",80% bullish,of 5 ratings,$7.75
CPHD,$48.12,1440090643142,"112,244",50% bullish,of 2 ratings,$66.50
CNBKA,$41.1,1440090643177,34,100% bullish,of 1 rating,N/A
CERN,$63.56,1440090643218,"356,934",67% bullish,of 3 ratings,$79
CRNT,$1.44,1440090643273,"60,252",50% bullish,of 2 ratings,$2
CERE,$1.2,1440090643317,"234,224",88% bullish,of 8 ratings,N/A
CERU,$3.3496,1440090643404,"11,075",75% bullish,of 4 ratings,$15
CERS,$4.9,1440090643433,"143,596",75% bullish,of 4 ratings,$7
KOOL,$0.6866,1440090643456,"3,670",100% bullish,of 5 ratings,$7
HOTR,$1.3,1440090643767,"137,266",100% bullish,of 2 ratings,$5
HOTRW,$0.1399,1440090643825,"4,399",Not yet rated,NULL,N/A
CYOU,$19.84,1440090643867,"170,241",50% bullish,of 6 ratings,$24
CEVA,$18.71,1440090643901,"13,988",100% bearish,of 1 rating,$25
CTHR,$1.206,1440090643972,"80,663",50% bullish,of 2 ratings,$2.50
CHTR,$183.19,1440090644001,"402,180",100% bearish,of 2 ratings,$196
GTLS,$22.9651,1440090644027,"78,740",50% bullish,of 4 ratings,$40
CHFN,$12.47,1440090644055,"2,322",Not yet rated,NULL,$14
CHKP,$79.87,1440090644349,"323,726",50% bullish,of 4 ratings,$92
CHEKW,NULL,1440090644381,0,Not yet rated,NULL,N/A
CHFC,$32.12,1440090644408,"24,041",100% bearish,of 1 rating,$36
CHEK,$3.08,1440090644485,38,Not yet rated,NULL,$7.75
CHMG,$26.6,1440090644540,"3,212",Not yet rated,NULL,$30
CEMI,$4.41,1440090644569,"8,918",50% bullish,of 2 ratings,$7.50
CCXI,$6.995,1440090644618,"20,091",67% bullish,of 3 ratings,$14
CHKE,$26.14,1440090644643,"3,161",100% bearish,of 1 rating,$32.50
CBNK,$16.52,1440090644905,100,100% bearish,of 1 rating,N/A
CHEV,$14.67,1440090644935,400,Not yet rated,NULL,N/A
CHMA,$26.15,1440090645038,"49,349",Not yet rated,NULL,$40
PLCE,$60.31,1440090645080,"122,649",100% bearish,of 1 rating,$71
CMRX,$48.31,1440090645184,"48,795",50% bullish,of 2 ratings,$57
CADC,NULL,1440090645228,0,78% bullish,of 9 ratings,N/A
CAAS,$6.6599,1440090645257,"8,159",93% bullish,of 14 ratings,$11.50
CALI,$0.916,1440090645279,"4,592",67% bullish,of 3 ratings,N/A
CBAK,$2.04,1440090645481,"33,326",67% bullish,of 9 ratings,N/A
CBPO,$102.1101,1440090645507,"53,936",75% bullish,of 8 ratings,$140.50
CCCR,$0.8,1440090645567,"11,457",67% bearish,of 3 ratings,N/A
CHOP,$1.23,1440090645731,"4,600",50% bullish,of 2 ratings,N/A
JRJC,$4.21,1440090645757,"21,161",82% bullish,of 11 ratings,N/A
CCCL,$0.86,1440090645795,"1,972",100% bullish,of 6 ratings,N/A
CNIT,$1.61,1440090645928,"63,172",67% bullish,of 6 ratings,N/A
HGSH,NULL,1440090645954,0,67% bullish,of 3 ratings,N/A
CHLN,$1.86,1440090645985,"16,408",67% bullish,of 3 ratings,N/A
CJJD,$2.02,1440090646086,"9,763",100% bullish,of 1 rating,N/A
HTHT,$25.86,1440090646145,"17,145",50% bullish,of 2 ratings,$28
CHNR,NULL,1440090646225,0,100% bearish,of 1 rating,N/A
CREG,$0.7516,1440090646261,"8,926",100% bullish,of 3 ratings,N/A
CPGI,$6.7065,1440090646357,140,Not yet rated,NULL,N/A
CSUN,$1.3982,1440090646383,"11,789",80% bullish,of 5 ratings,N/A
CNTF,$0.92,1440090646446,"22,200",Not yet rated,NULL,N/A
CNYD,NULL,1440090646646,0,67% bullish,of 3 ratings,N/A
CCIH,$8.81,1440090646674,"50,592",67% bullish,of 6 ratings,$12.65
CHSCL,$27.0007,1440090646805,"11,283",Not yet rated,NULL,N/A
CNET,$0.8465,1440090646831,"22,597",50% bullish,of 2 ratings,N/A
CXDC,$6.21,1440090646863,"23,802",67% bullish,of 3 ratings,N/A
CHSCM,$26.15,1440090646890,"16,249",Not yet rated,NULL,N/A
IMOS,$15.33,1440090646969,"75,299",60% bullish,of 5 ratings,$21.50
CHSCN,$27.2401,1440090647114,"1,624",Not yet rated,NULL,N/A
CHSCO,$28.4,1440090647142,"1,900",Not yet rated,NULL,N/A
CHSCP,$30.3,1440090647171,"3,631",Not yet rated,NULL,N/A
CDTX,$14.12,1440090647314,"14,568",Not yet rated,NULL,$22
CHUY,$32.01,1440090647363,"61,382",50% bullish,of 2 ratings,$34
CHDN,$133.22,1440090647389,"30,699",Not yet rated,NULL,$165
CMCT,$15.384,1440090647606,100,100% bearish,of 1 rating,N/A
CINF,$55.82,1440090647635,"96,779",50% bullish,of 4 ratings,$50.50
CMPR,$68.91,1440090647665,"109,780",50% bullish,of 2 ratings,$72.50
CTAS,$86.86,1440090647766,"113,523",100% bearish,of 1 rating,$91
CRUS,$28.36,1440090647806,"511,404",75% bullish,of 12 ratings,$44.50
CPHR,$6.32,1440090647832,"6,853",100% bearish,of 1 rating,$16
CIDM,$0.6504,1440090647900,"48,182",50% bullish,of 2 ratings,$2.10
CSCO,$27.13,1440090648043,"8,819,262",84% bullish,of 208 ratings,$32
CTRN,$27.91,1440090648080,"87,935",100% bearish,of 1 rating,$30.50
CIFC,$7.09,1440090648142,"1,160",Not yet rated,NULL,N/A
CZNC,$19.9,1440090648170,"8,052",Not yet rated,NULL,N/A
CZFC,$12.75,1440090648209,700,Not yet rated,NULL,N/A
CZWI,NULL,1440090648302,0,Not yet rated,NULL,N/A
CIZN,NULL,1440090648374,0,Not yet rated,NULL,N/A
CTXS,$76.065,1440090648530,"248,531",86% bullish,of 7 ratings,$80
CHCO,$47.54,1440090648563,"17,079",Not yet rated,NULL,$46
CIVB,$10.3,1440090648697,"2,800",Not yet rated,NULL,$11
CIVBP,NULL,1440090648760,0,Not yet rated,NULL,N/A
CLNE,$4.21,1440090648859,"358,693",80% bullish,of 15 ratings,$9
CLNT,$1.9731,1440090648889,"5,654",75% bullish,of 8 ratings,N/A
CLRO,$12.25,1440090648915,"5,027",50% bullish,of 2 ratings,$14.25
CLFD,$17.22,1440090648942,"39,667",67% bullish,of 3 ratings,$18
CLIR,$5.1853,1440090649071,"19,427",100% bullish,of 3 ratings,N/A
CDTI,$1.5601,1440090649120,"56,528",75% bullish,of 4 ratings,$3.20
CBLI,$3.99,1440090649155,"7,821",60% bullish,of 5 ratings,N/A
CLVS,$74.4,1440090649282,"147,173",60% bullish,of 5 ratings,$101.50
CMFN,$11.69,1440090649382,"7,729",100% bearish,of 1 rating,$15.50
CSBK,$13.71,1440090649408,"21,431",Not yet rated,NULL,N/A
CCNE,$17.265,1440090649550,"1,364",50% bullish,of 2 ratings,$21.50
CME,$96.55,1440090649578,"366,547",67% bullish,of 3 ratings,$102
CISG,$8.11,1440090649600,"75,031",100% bullish,of 5 ratings,$10
CNV,$4.6,1440090649729,"66,937",50% bullish,of 2 ratings,$7.15
CWAY,$11.45,1440090649755,"5,300",Not yet rated,NULL,N/A
CVLY,NULL,1440090649940,0,Not yet rated,NULL,N/A
CDXS,$3.965,1440090649970,"17,355",64% bullish,of 11 ratings,$6
COBZ,$12.97,1440090649999,"46,465",100% bullish,of 1 rating,$14
CDRB,$11.845,1440090650020,"2,496",67% bullish,of 3 ratings,N/A
COKE,$157.875,1440090650173,"15,058",79% bullish,of 19 ratings,N/A
CCOI,$29.02,1440090650201,"75,150",50% bullish,of 4 ratings,$35
JVA,$4.6764,1440090650228,"4,554",83% bullish,of 6 ratings,$7
CTSH,$65.97,1440090650402,"1,145,595",90% bullish,of 10 ratings,$74.50
CGNT,$1.633,1440090650430,"12,021",100% bullish,of 2 ratings,$2
CGNX,$36.53,1440090650452,"180,525",50% bullish,of 2 ratings,$47
COHR,$57.81,1440090650582,"27,766",50% bullish,of 2 ratings,$72
COHU,$9.6808,1440090650609,"26,205",100% bearish,of 1 rating,$14.25
CHRS,$29.39,1440090650658,"42,118",67% bearish,of 3 ratings,$37
CLRX,$0.51,1440090650791,"17,077",50% bullish,of 2 ratings,N/A
COLL,$14.55,1440090650819,"21,144",100% bearish,of 1 rating,$26
CLCT,$19.1014,1440090650881,"2,881",100% bearish,of 1 rating,N/A
CLCD,$7.7,1440090650967,"6,910",100% bearish,of 1 rating,$20.50
COLB,$32.06,1440090651020,"93,474",Not yet rated,NULL,$36
CIGI,$45.78,1440090651098,"3,600",100% bearish,of 1 rating,$52
CBAN,$8.76,1440090651178,705,Not yet rated,NULL,N/A
CBMX,$1.1674,1440090651231,"5,080",83% bullish,of 6 ratings,$3.15
COLM,$64.27,1440090651264,"33,424",100% bearish,of 1 rating,$71
CMCO,$19.98,1440090651307,"155,633",60% bullish,of 5 ratings,$28
CMCSA,$58.17,1440090651398,"5,071,454",66% bullish,of 35 ratings,$69.50
CMCSK,$58.75,1440090651438,"1,319,696",Not yet rated,NULL,$84
CBSH,$46.06,1440090651711,"83,620",50% bullish,of 2 ratings,$46
CVGI,$4.62,1440090651739,"29,377",50% bullish,of 2 ratings,$6
CBSHP,$25.201,1440090651770,"2,992",100% bearish,of 1 rating,N/A
CUBN,NULL,1440090651792,0,Not yet rated,NULL,N/A
CSAL,$22.03,1440090651870,"146,650",75% bullish,of 4 ratings,$30
COMM,$30.65,1440090651937,"293,871",67% bearish,of 3 ratings,$35
JCS,$9.31,1440090651964,"5,100",67% bullish,of 3 ratings,N/A
ESXB,$5.1,1440090652020,"33,502",Not yet rated,NULL,N/A
CYHHZ,$0.011,1440090652226,"12,449",100% bullish,of 1 rating,N/A
CTBI,$34.76,1440090652274,"3,803",Not yet rated,NULL,$36
CWBC,$6.752,1440090652300,200,Not yet rated,NULL,N/A
CIZ,$34.0754,1440090652380,"4,910",100% bearish,of 1 rating,N/A
COB,$10.59,1440090652474,"1,900",100% bullish,of 1 rating,$11.75
CID,$34.7,1440090652499,"10,500",Not yet rated,NULL,N/A
CVLT,$36.83,1440090652525,"72,403",75% bullish,of 4 ratings,$44.50
CSF,$38.02,1440090652736,175,100% bearish,of 1 rating,N/A
CIL,$34.44,1440090652767,"1,400",Not yet rated,NULL,N/A
CSA,NULL,1440090652788,0,Not yet rated,NULL,N/A
CDC,$36.137,1440090652824,442,Not yet rated,NULL,N/A
CFO,$36.8299,1440090652845,"3,184",100% bearish,of 1 rating,N/A
CFA,$37.15,1440090652922,200,100% bearish,of 1 rating,N/A
CDL,NULL,1440090652985,0,Not yet rated,NULL,N/A
CPSI,$45.54,1440090653178,"10,579",100% bearish,of 1 rating,$45.50
SCOR,$60.965,1440090653241,"173,276",100% bearish,of 1 rating,$66
CGEN,$5.12,1440090653267,"90,635",50% bullish,of 2 ratings,$11
CSB,$34.01,1440090653309,"2,380",Not yet rated,NULL,N/A
CTG,$6.72,1440090653454,"7,818",100% bearish,of 1 rating,$8.50
CHCI,$0.612,1440090653493,"9,605",50% bullish,of 2 ratings,N/A
CMTL,$26.7,1440090653559,"10,723",100% bearish,of 2 ratings,$37
CNAT,$4.28,1440090653628,"20,875",83% bullish,of 6 ratings,$13
CDOR,$1.46,1440090653693,"3,012",100% bullish,of 1 rating,N/A
CNCE,$15.61,1440090653722,"106,547",75% bullish,of 4 ratings,$22
CNSI,$18.96,1440090653755,"8,948",100% bearish,of 2 ratings,$29
CXRX,$76.51,1440090653795,"1,262",Not yet rated,NULL,$90
CCUR,$5.11,1440090653929,"2,859",75% bullish,of 4 ratings,N/A
CDORO,NULL,1440090653974,0,100% bearish,of 1 rating,N/A
CFMS,$22.035,1440090654079,"57,186",Not yet rated,NULL,$27
CDORP,NULL,1440090654104,0,100% bearish,of 1 rating,N/A
CTWS,$34.9,1440090654351,"6,356",100% bearish,of 1 rating,$44
CNFR,$10.4,1440090654380,"14,960",Not yet rated,NULL,N/A
CNOB,$20.16,1440090654417,"7,028",100% bullish,of 1 rating,$23.50
CNMD,$55.87,1440090654511,"11,018",Not yet rated,NULL,$59
CWCO,$11.3116,1440090654540,"27,307",67% bullish,of 3 ratings,$14.50
CNXR,$6.35,1440090654562,"11,250",100% bearish,of 1 rating,$12
CONN,$31.86,1440090654623,"104,999",67% bullish,of 3 ratings,$48.50
CNSL,$20.1,1440090654649,"46,020",100% bearish,of 1 rating,$23
CTCT,$23.885,1440090654781,"81,328",67% bullish,of 3 ratings,$37
CPSS,$5.63,1440090654811,"8,820",100% bullish,of 1 rating,$10
CFRX,$5.12,1440090654872,"17,725",Not yet rated,NULL,$14
CFRXW,NULL,1440090654910,0,100% bearish,of 1 rating,N/A
CTRV,$4.111,1440090655081,"15,887",Not yet rated,NULL,$6.40
CFRXZ,$0.51,1440090655142,400,Not yet rated,NULL,N/A
CPRT,$35.635,1440090655182,"88,293",67% bearish,of 3 ratings,$40
CTRL,$7.805,1440090655319,"95,143",50% bullish,of 2 ratings,$11
CRBP,$2.15,1440090655351,"1,149,804",100% bullish,of 2 ratings,$6.25
CORT,$4.82,1440090655405,"89,873",67% bullish,of 3 ratings,$12
BVA,NULL,1440090655433,0,50% bullish,of 2 ratings,N/A
CORE,$62.94,1440090655462,"18,887",100% bearish,of 1 rating,$72
CRVL,$32.86,1440090655597,"2,683",100% bearish,of 1 rating,N/A
CSOD,$37.47,1440090655629,"179,368",50% bullish,of 2 ratings,$42
CORI,$11,1440090655665,"17,737",100% bearish,of 1 rating,$18
COSI,$1.1095,1440090655893,"125,392",100% bullish,of 1 rating,N/A
CSGP,$188.77,1440090655926,"32,579",50% bullish,of 2 ratings,$235
CPAH,$0.4673,1440090656021,"1,750",50% bullish,of 2 ratings,N/A
ICBK,NULL,1440090656113,0,Not yet rated,NULL,$21
COST,$143.3859,1440090656143,"408,431",83% bullish,of 24 ratings,$154.50
COWN,$5.275,1440090656170,"237,567",75% bullish,of 4 ratings,$7
CVTI,$24.05,1440090656192,"45,765",67% bearish,of 3 ratings,$39
COVS,$2.71,1440090656224,"42,475",67% bullish,of 3 ratings,N/A
COWNL,$27.21,1440090656400,"2,400",Not yet rated,NULL,N/A
CPSH,$2.4,1440090656505,"2,700",Not yet rated,NULL,N/A
CBRL,$147.51,1440090656564,"69,188",50% bullish,of 2 ratings,$155
CRAI,$22.57,1440090656590,"7,462",Not yet rated,NULL,$36
BREW,$7.83,1440090656642,"21,216",67% bullish,of 6 ratings,$15
CRAY,$21.43,1440090656725,"71,664",83% bullish,of 6 ratings,$38.50
CACC,$192.58,1440090656774,"47,366",50% bullish,of 2 ratings,$158.50
GLDI,$11.1,1440090656946,"2,528",100% bearish,of 1 rating,N/A
SLVO,$10.5599,1440090656978,"4,117",100% bearish,of 1 rating,N/A
CREE,$25.97,1440090657006,"328,085",65% bullish,of 17 ratings,$28.50
CRESY,$11.08,1440090657041,"78,273",100% bearish,of 1 rating,$19
CRTO,$45.54,1440090657063,"275,599",67% bullish,of 6 ratings,$64
CROX,$14.68,1440090657146,"252,818",63% bullish,of 8 ratings,$16.50
CCRN,$14.82,1440090657206,"98,995",100% bearish,of 1 rating,$14.25
CRDS,$1.06,1440090657291,"21,500",50% bullish,of 4 ratings,$4.50
CRWS,$8.08,1440090657453,665,Not yet rated,NULL,$10
CRWN,$4.68,1440090657523,"61,326",75% bullish,of 4 ratings,N/A
CYRX,$3.09,1440090657554,"8,838",Not yet rated,NULL,$9
CYRXW,$0.9,1440090657650,"10,200",Not yet rated,NULL,N/A
CCLP,$14.8516,1440090657706,"15,444",67% bearish,of 3 ratings,$21
CSGS,$31.66,1440090657733,"33,824",Not yet rated,NULL,$40
CSPI,$6.17,1440090657793,855,67% bullish,of 3 ratings,N/A
CTCM,$1.73,1440090657866,"128,736",80% bearish,of 5 ratings,$3.90
CTIC,$1.655,1440090657998,"818,701",84% bullish,of 76 ratings,$5.75
CTRP,$63.91,1440090658030,"1,185,236",75% bullish,of 8 ratings,$92
CTIB,$3.54,1440090658059,"2,475",100% bearish,of 1 rating,N/A
CUNB,$22.15,1440090658131,"3,190",Not yet rated,NULL,$24.50
CUI,$5.3,1440090658213,"34,620",50% bullish,of 2 ratings,$10
CPIX,$5.86,1440090658239,"3,789",Not yet rated,NULL,N/A
CMLS,$1.21,1440090658307,"302,548",50% bullish,of 4 ratings,$6
CRIS,$2.61,1440090658413,"124,504",100% bullish,of 8 ratings,$6
CUTR,$14.63,1440090658482,"10,221",67% bearish,of 3 ratings,$18
CVBF,$16.855,1440090658549,"142,801",Not yet rated,NULL,$18
CVV,$11.851,1440090658584,"21,370",100% bullish,of 5 ratings,N/A
CYBX,$64.5,1440090658718,"376,602",50% bullish,of 4 ratings,$70
CYAN,$7.5399,1440090658749,"3,690",100% bearish,of 1 rating,N/A
CYBR,$56.572,1440090658784,"897,717",86% bullish,of 7 ratings,$66
CYBE,$5.9399,1440090658852,"7,178",100% bearish,of 1 rating,N/A
CYCC,$0.591,1440090658882,"31,012",73% bullish,of 11 ratings,N/A
CYNA,$16.05,1440090658986,"14,807",100% bullish,of 1 rating,$31.50
CBAY,$2.6731,1440090659081,"32,596",100% bullish,of 1 rating,$4
CYCCP,NULL,1440090659113,0,100% bearish,of 1 rating,N/A
CYNO,$33.1236,1440090659215,"46,402",67% bearish,of 3 ratings,$45.50
CY,$9.54,1440090659254,"2,374,896",80% bullish,of 10 ratings,$15.50
CYRN,$1.725,1440090659318,"55,091",67% bullish,of 3 ratings,$4
CONE,$33.69,1440090659389,"133,832",67% bearish,of 3 ratings,$35
CYTK,$6.4,1440090659453,"86,593",71% bullish,of 14 ratings,$13.50
CTSO,$7.14,1440090659523,"40,645",Not yet rated,NULL,$15.625
CYTX,$0.3919,1440090659551,"361,281",83% bullish,of 12 ratings,$5.50
CYTR,$2.2701,1440090659624,"142,514",67% bullish,of 6 ratings,$10
TVIZ,$13.6,1440090659684,200,100% bearish,of 1 rating,N/A
DAEG,$0.33,1440090659712,"13,173",100% bearish,of 1 rating,N/A
TVIX,$6.76,1440090659737,"6,702,823",81% bullish,of 16 ratings,N/A
ZIV,$48,1440090659962,"49,453",Not yet rated,NULL,N/A
DJCO,$205.8,1440090659990,200,Not yet rated,NULL,N/A
XIV,$43.56,1440090660017,"8,431,551",75% bearish,of 4 ratings,N/A
DAKT,$11.82,1440090660150,"92,171",50% bullish,of 2 ratings,$14
DAIO,$2.6699,1440090660215,"21,180",Not yet rated,NULL,N/A
DRAM,$1.43,1440090660279,"1,012",78% bullish,of 9 ratings,N/A
DARA,$0.89,1440090660348,"19,322",83% bullish,of 6 ratings,$1.50
PLAY,$34.94,1440090660416,"109,201",100% bullish,of 5 ratings,$42
DTLK,$5.4,1440090660446,"39,749",100% bearish,of 1 rating,$9
DTEA,$12.25,1440090660553,"47,231",100% bearish,of 2 ratings,$24
DBVT,$40.99,1440090660613,"27,822",100% bearish,of 1 rating,$53
DWCH,$5.24,1440090660746,"26,603",75% bullish,of 4 ratings,$8.25
DWSN,$4.385,1440090660793,"6,130",67% bullish,of 3 ratings,$6
DFRG,$14.87,1440090660820,"33,289",100% bearish,of 1 rating,$20
TRAK,$62.99,1440090660849,"651,127",50% bullish,of 2 ratings,$62.50
DHRM,$1.8595,1440090660886,"5,738",Not yet rated,NULL,N/A
DCTH,$0.4985,1440090661106,"89,723",78% bullish,of 9 ratings,N/A
DELT,$2.79,1440090661239,"3,343",Not yet rated,NULL,N/A
TACO,$13.31,1440090661278,"58,489",100% bullish,of 3 ratings,$20
DENN,$12.1502,1440090661371,"129,866",100% bullish,of 3 ratings,$15
DELTW,NULL,1440090661398,0,Not yet rated,NULL,N/A
DGAS,$20.25,1440090661421,"7,258",67% bearish,of 3 ratings,N/A
XRAY,$55.825,1440090661453,"94,736",100% bullish,of 1 rating,$58
DSCI,$6.41,1440090661640,"19,046",50% bullish,of 2 ratings,$16
DEPO,$30.157,1440090661669,"301,514",60% bullish,of 5 ratings,$29
DXLG,$4.72,1440090661742,"10,888",100% bearish,of 1 rating,$8
DEST,$11.75,1440090661838,"13,545",50% bullish,of 2 ratings,N/A
DSWL,NULL,1440090661890,0,100% bullish,of 1 rating,N/A
DERM,$24.1101,1440090661917,"48,482",100% bearish,of 1 rating,$33.50
DXM,$0.3143,1440090662049,"64,427",50% bullish,of 2 ratings,N/A
DXCM,$90.75,1440090662077,"348,046",57% bullish,of 7 ratings,$98
TACOW,$4.43,1440090662289,"5,233",100% bullish,of 1 rating,N/A
DHXM,NULL,1440090662325,0,Not yet rated,NULL,N/A
DMND,$31.04,1440090662357,"114,785",75% bullish,of 12 ratings,$32
DHIL,$191.58,1440090662379,116,Not yet rated,NULL,N/A
FANG,$70.91,1440090662423,"259,413",50% bullish,of 2 ratings,$86
DCIX,$1.79,1440090662452,"14,943",50% bullish,of 4 ratings,$3.50
DGII,$10.07,1440090662524,"15,337",100% bearish,of 1 rating,$10
DRNA,$9.79,1440090662583,"41,613",67% bearish,of 3 ratings,$25
DRAD,$4,1440090662762,"6,220",100% bullish,of 1 rating,$5.25
DMRC,$35.9,1440090662792,"34,765",100% bearish,of 1 rating,$44
DGLY,$7.11,1440090662894,"62,873",50% bullish,of 6 ratings,$20
APPS,$2.34,1440090663024,"35,812",100% bearish,of 1 rating,$10.25
DCOM,$17.03,1440090663052,"39,101",100% bearish,of 2 ratings,$16.50
DPRX,$12.19,1440090663075,"71,018",100% bullish,of 2 ratings,$27.75
DIOD,$19.44,1440090663107,"42,025",75% bearish,of 4 ratings,$24
DISCA,$27.72,1440090663143,"2,312,606",67% bullish,of 3 ratings,$34
DISCK,$26.66,1440090663243,"2,858,062",100% bearish,of 1 rating,$32
DISCB,$30.53,1440090663279,50,100% bearish,of 1 rating,$35
DISH,$63.67,1440090663374,"631,680",69% bullish,of 13 ratings,$73
DSCO,$0.44,1440090663400,"71,357",83% bullish,of 6 ratings,$2.75
BAGR,$3.05,1440090663446,"5,056",100% bearish,of 1 rating,$6
DVCR,$11.15,1440090663473,"6,649",100% bullish,of 1 rating,N/A
DLHC,$2.5629,1440090663637,"1,204",100% bearish,of 1 rating,N/A
DNBF,$26.71,1440090663782,"1,238",Not yet rated,NULL,$27.50
DLTR,$80.77,1440090663813,"559,170",82% bullish,of 11 ratings,$88
DGICB,NULL,1440090663844,0,100% bearish,of 1 rating,N/A
DMLP,$13.95,1440090663944,"39,538",100% bearish,of 1 rating,N/A
DORM,$50.31,1440090663974,"32,731",100% bearish,of 1 rating,$56
HILL,$9.67,1440090664000,"3,612,009",60% bearish,of 5 ratings,$9
DRWI,$0.2499,1440090664076,"363,272",60% bullish,of 5 ratings,$.45
DGICA,$14.41,1440090664204,"3,190",100% bearish,of 1 rating,$17
DRWIW,$0.068,1440090664235,200,Not yet rated,NULL,N/A
DRYS,$0.3471,1440090664416,"1,959,866",77% bullish,of 31 ratings,$.60
DWA,$18.13,1440090664448,"177,947",63% bullish,of 8 ratings,$26
DSKX,$3.236,1440090664470,"91,240",100% bullish,of 1 rating,N/A
CADTR,NULL,1440090664545,0,Not yet rated,NULL,N/A
CADT,NULL,1440090664600,0,Not yet rated,NULL,N/A
DSPG,$8.78,1440090664626,"19,345",100% bearish,of 1 rating,$13.50
CADTU,NULL,1440090664838,0,Not yet rated,NULL,N/A
DTSI,$27.07,1440090664865,"26,360",100% bearish,of 2 ratings,$39.50
CADTW,NULL,1440090664891,0,Not yet rated,NULL,N/A
DNKN,$50.17,1440090664925,"667,425",67% bullish,of 15 ratings,$56.50
DXPE,$28.55,1440090665023,"46,992",50% bullish,of 2 ratings,N/A
DYAX,$22.377,1440090665049,"76,990",89% bullish,of 9 ratings,$30
DRRX,$2.02,1440090665080,"70,415",50% bullish,of 6 ratings,$3
DVAX,$28.08,1440090665439,"92,651",70% bullish,of 10 ratings,$40
DYSL,$1.71,1440090665468,"360,804",100% bullish,of 2 ratings,N/A
DYNT,$2.95,1440090665490,"5,539",75% bullish,of 4 ratings,N/A
ETFC,$26.6389,1440090665619,"838,196",57% bullish,of 14 ratings,$33
BOOM,$10.26,1440090665650,"23,713",67% bullish,of 3 ratings,$12
EGRX,$66.27,1440090665726,"143,814",67% bullish,of 3 ratings,$97
EBMT,$11.46,1440090665759,"1,300",Not yet rated,NULL,$13.50
EROC,$1.171,1440090665796,"158,107",50% bullish,of 2 ratings,$3
EGBN,$43.62,1440090665826,"22,098",Not yet rated,NULL,$48
ELNK,$8.635,1440090665857,"206,651",60% bullish,of 5 ratings,$9.50
EGLE,$6.71,1440090665879,"7,300",60% bullish,of 5 ratings,N/A
EACQU,$10.2,1440090666123,944,Not yet rated,NULL,N/A
EML,$17.0392,1440090666149,"12,500",Not yet rated,NULL,N/A
EBAY,$26.66,1440090666180,"3,493,215",81% bullish,of 117 ratings,$48
EWBC,$42.85,1440090666206,"602,317",100% bearish,of 1 rating,$50
EVBS,$6.45,1440090666284,886,Not yet rated,NULL,$7
ELON,$0.599,1440090666541,"6,919",50% bullish,of 2 ratings,N/A
EBIX,$29.525,1440090666573,"96,448",69% bullish,of 13 ratings,$40
EEI,$11.29,1440090666605,800,67% bearish,of 3 ratings,N/A
ECTE,$1.49,1440090666627,"1,900",75% bullish,of 4 ratings,N/A
SATS,$45.5,1440090666670,"43,266",50% bullish,of 2 ratings,$60
EDGW,$7.15,1440090666757,"11,300",100% bearish,of 1 rating,N/A
ECHO,$25.8,1440090666850,"125,508",67% bearish,of 3 ratings,$35.50
ECACU,$10.09,1440090666876,"13,500",Not yet rated,NULL,N/A
EDAP,$3.4563,1440090666933,"23,521",60% bullish,of 5 ratings,$4.50
EDUC,$4.7,1440090667007,"5,966",100% bearish,of 1 rating,N/A
ESES,$3.4,1440090667223,"1,649",100% bearish,of 1 rating,$7
EFUT,$4.2711,1440090667323,"1,000",Not yet rated,NULL,N/A
EGAN,$3.5,1440090667419,"105,300",50% bullish,of 2 ratings,$6.25
LOCO,$12.5691,1440090667448,"1,008,892",69% bullish,of 13 ratings,$20
EGLT,$11.41,1440090667481,"42,522",50% bullish,of 2 ratings,$21
EHTH,$14.32,1440090667577,"41,225",50% bullish,of 4 ratings,$16.50
ESLT,$81.336,1440090667607,"2,656",100% bullish,of 2 ratings,N/A
EMITF,$1.299,1440090667637,"3,704",75% bullish,of 4 ratings,N/A
ELRC,$10.26,1440090667707,"7,360",100% bearish,of 1 rating,N/A
EA,$68.73,1440090667807,"1,556,470",77% bullish,of 35 ratings,$80
ELSE,$4.07,1440090667904,486,60% bullish,of 5 ratings,N/A
ESIO,$4.615,1440090667934,"45,505",50% bullish,of 2 ratings,$10
EFII,$44.21,1440090668041,"38,677",80% bullish,of 5 ratings,$55
ERI,$9.44,1440090668211,"35,146",100% bearish,of 1 rating,$10
ELECU,NULL,1440090668238,0,Not yet rated,NULL,N/A
ELEC,NULL,1440090668269,0,Not yet rated,NULL,N/A
EBIO,$3.175,1440090668368,"417,393",100% bearish,of 2 ratings,$8.35
ELECW,NULL,1440090668410,0,Not yet rated,NULL,N/A
RDEN,$10.67,1440090668458,"33,856",100% bearish,of 4 ratings,$15
ESBK,$19.51,1440090668545,"2,700",Not yet rated,NULL,N/A
CAPX,NULL,1440090668571,0,Not yet rated,NULL,N/A
ELTK,$1.13,1440090668708,"25,248",67% bearish,of 3 ratings,N/A
EMCI,$23.61,1440090668742,"5,900",Not yet rated,NULL,N/A
LONG,$17.05,1440090668770,"19,051",67% bullish,of 3 ratings,$15.75
EMCF,NULL,1440090668821,0,100% bearish,of 1 rating,N/A
EMKR,$7.07,1440090668847,"28,788",75% bullish,of 4 ratings,$8.50
EMMSP,NULL,1440090669029,0,100% bearish,of 1 rating,N/A
EMMS,$1.33,1440090669074,"11,000",67% bullish,of 6 ratings,N/A
NYNY,$4.0382,1440090669136,"28,849",50% bullish,of 2 ratings,N/A
ERS,$3.39,1440090669170,"1,385",Not yet rated,NULL,N/A
ENTA,$40.75,1440090669202,"54,145",50% bullish,of 2 ratings,$42
WIRE,$32.74,1440090669232,"17,548",100% bearish,of 1 rating,$37
ECPG,$39.37,1440090669268,"62,576",100% bullish,of 2 ratings,$52
ECYT,$5.02,1440090669489,"126,719",83% bullish,of 6 ratings,$12
ENDP,$82.056,1440090669547,"432,802",50% bullish,of 6 ratings,$104
ELGX,$13.1,1440090669586,"188,747",75% bullish,of 4 ratings,$17
EFOI,$17.13,1440090669676,"385,620",50% bullish,of 2 ratings,$20.50
EIGI,$15.5,1440090669718,"205,001",67% bearish,of 3 ratings,$20
WATT,$7.05,1440090669744,"31,666",50% bullish,of 2 ratings,$13
ERII,$2.84,1440090669806,"23,862",80% bullish,of 5 ratings,$2.50
EXXI,$1.62,1440090669877,"474,284",86% bullish,of 7 ratings,$3.50
ENOC,$8.08,1440090670060,"65,312",75% bullish,of 4 ratings,$18
ENPH,$4.53,1440090670144,"229,959",75% bullish,of 4 ratings,$11
ENTG,$14.04,1440090670189,"76,002",100% bearish,of 1 rating,$18
ESGR,$152.17,1440090670217,"8,786",100% bearish,of 1 rating,$185
ENG,$1.022,1440090670243,"17,756",100% bullish,of 3 ratings,N/A
ENFC,$18.1337,1440090670285,"2,684",Not yet rated,NULL,N/A
ENTL,$22.21,1440090670393,"6,209",Not yet rated,NULL,$28
ETRM,$0.2473,1440090670448,"279,035",69% bearish,of 35 ratings,$1.625
EBTC,$20.62,1440090670670,640,Not yet rated,NULL,N/A
ENVI,$1.7701,1440090670722,"5,814",67% bullish,of 3 ratings,N/A
EGT,$2.15,1440090670749,"6,725",100% bullish,of 1 rating,N/A
ENZN,$1.0901,1440090670802,"207,225",100% bullish,of 9 ratings,N/A
ENZY,$9,1440090670828,"4,276",67% bullish,of 3 ratings,$9.50
EFSC,$24.64,1440090670850,"10,030",Not yet rated,NULL,$27
EPIQ,$14.06,1440090670992,"34,041",100% bearish,of 1 rating,$18
EPZM,$16.33,1440090671091,"55,514",60% bullish,of 5 ratings,$34
EPRS,$4.82,1440090671123,"52,096",82% bullish,of 11 ratings,$15
PLUS,$79.06,1440090671223,"100,612",50% bullish,of 2 ratings,$88
EQIX,$280.225,1440090671250,"101,718",67% bullish,of 3 ratings,$312.50
EQFN,$8.3,1440090671296,"1,200",Not yet rated,NULL,N/A
ERIC,$9.88,1440090671391,"482,576",63% bullish,of 8 ratings,$13.30
EAC,$3.65,1440090671417,"9,179",100% bearish,of 1 rating,$8
ERIE,$86.68,1440090671474,"4,501",Not yet rated,NULL,$73
ESCRP,NULL,1440090671859,0,100% bearish,of 1 rating,N/A
ESMC,$1.3,1440090671885,101,Not yet rated,NULL,N/A
ESCA,$18.2632,1440090671908,"3,329",100% bearish,of 1 rating,$22
ESSA,$12.87,1440090671941,"1,954",100% bearish,of 1 rating,N/A
ESPR,$52.01,1440090672049,"829,674",67% bearish,of 9 ratings,$123
ESCR,$0.181,1440090672076,"40,816",50% bullish,of 2 ratings,N/A
EPIX,NULL,1440090672101,0,Not yet rated,NULL,N/A
ESND,$35.79,1440090672269,"19,925",50% bullish,of 2 ratings,$40
ESSX,$0.48,1440090672295,"18,600",50% bullish,of 2 ratings,N/A
EEFT,$68.08,1440090672327,"70,791",100% bearish,of 1 rating,$67.50
ETSY,$14.25,1440090672348,"337,285",80% bullish,of 5 ratings,$16
CLWT,NULL,1440090672383,0,100% bearish,of 1 rating,N/A
EVEP,$7.9345,1440090672518,"136,821",50% bullish,of 2 ratings,$15
ESEA,$6.12,1440090672544,"1,922",100% bullish,of 1 rating,$15
EVK,$3.86,1440090672600,"1,312",75% bearish,of 4 ratings,N/A
EVLV,$2.2,1440090672746,"57,515",60% bullish,of 5 ratings,$6.50
EVOL,$6.162,1440090672929,"6,187",75% bullish,of 4 ratings,$10
EVOK,$4.2599,1440090672979,"141,184",100% bearish,of 1 rating,$13.75
EXFO,$2.8999,1440090673005,600,67% bearish,of 3 ratings,$3.95
EXA,$10.67,1440090673036,"5,422",100% bearish,of 1 rating,$13
EXEL,$5.505,1440090673066,"1,226,548",81% bullish,of 16 ratings,$6
EXAS,$21.8414,1440090673097,"219,835",78% bullish,of 9 ratings,$31
EXAC,$18.81,1440090673168,"12,173",100% bearish,of 1 rating,$22.50
EXPE,$119.11,1440090673200,"257,689",64% bullish,of 11 ratings,$130
EXLS,$37.05,1440090673450,"33,934",100% bullish,of 1 rating,$41
ESRX,$88.74,1440090673476,"1,043,557",67% bearish,of 6 ratings,$101
EXPD,$49.82,1440090673502,"648,112",80% bullish,of 5 ratings,$50.50
EXPO,$43.015,1440090673528,"13,275",100% bearish,of 1 rating,$45.50
EXTR,$2.9,1440090673673,"420,420",80% bullish,of 5 ratings,$3
EYEG,$4.2282,1440090673776,"11,885",Not yet rated,NULL,N/A
EXLP,$19.1432,1440090673850,"34,079",100% bearish,of 1 rating,$27
EYEGW,NULL,1440090673925,0,Not yet rated,NULL,N/A
FB,$91.5804,1440090673959,"14,494,726",73% bullish,of 1065 ratings,$111
EZPW,$6.095,1440090673987,"51,745",50% bullish,of 4 ratings,$7.50
EZCH,$21.17,1440090674009,"36,076",75% bullish,of 8 ratings,$19.50
FFIV,$128.19,1440090674043,"267,888",71% bullish,of 7 ratings,$132
FCS,$13.43,1440090674219,"391,153",67% bearish,of 3 ratings,$17
FRP,$16.83,1440090674270,"12,950",100% bearish,of 1 rating,$18
FALC,$1.6201,1440090674426,"7,982",63% bearish,of 8 ratings,N/A
FWM,$2.34,1440090674452,"67,111",100% bearish,of 2 ratings,$3.20
DAVE,$14.18,1440090674499,"11,204",100% bearish,of 1 rating,$15.50
FARM,$22.41,1440090674594,"6,314",100% bearish,of 1 rating,$35
FMNB,$8.09,1440090674726,"2,346",Not yet rated,NULL,N/A
FARO,$38.88,1440090674759,"34,319",50% bullish,of 2 ratings,$48
FFKT,$26.87,1440090674787,"1,678",Not yet rated,NULL,$29
FATE,$5.995,1440090674822,"101,024",50% bullish,of 2 ratings,$11
FAST,$39.6,1440090674854,"497,323",80% bullish,of 5 ratings,$46
FBSS,$15.451,1440090674921,163,Not yet rated,NULL,N/A
FBRC,$22.8,1440090675027,"2,625",100% bearish,of 1 rating,$29
FDML,$9.24,1440090675157,"76,265",50% bullish,of 4 ratings,$14
FNHC,$22.47,1440090675183,"20,200",100% bearish,of 1 rating,$35
FEIC,$80.03,1440090675255,"125,108",50% bullish,of 2 ratings,$95.50
FHCO,$1.3948,1440090675315,"13,200",50% bullish,of 4 ratings,N/A
FGEN,$24.66,1440090675481,"60,237",100% bearish,of 1 rating,$39
FENX,$9.73,1440090675512,"13,409",100% bullish,of 1 rating,$14.25
FCSC,$5.7798,1440090675542,"63,613",100% bearish,of 1 rating,$8.125
LION,$19.37,1440090675571,"28,951",100% bullish,of 1 rating,$20
FDUS,$14.86,1440090675592,"11,263",100% bullish,of 1 rating,$18
ONEQ,$193.3381,1440090675626,"9,376",100% bullish,of 1 rating,N/A
FRGI,$53.61,1440090675794,"45,290",50% bullish,of 2 ratings,$70
FSAM,$8.8704,1440090675927,"1,232",100% bearish,of 1 rating,$11
FSFR,$9.1099,1440090675979,"25,332",100% bearish,of 1 rating,$11.50
FSCFL,$24.84,1440090676033,"2,875",Not yet rated,NULL,N/A
FSC,$6.57,1440090676062,"414,778",75% bullish,of 4 ratings,$8
FITB,$20.505,1440090676193,"1,855,508",54% bullish,of 13 ratings,$22
FNGN,$34.49,1440090676219,"126,675",67% bullish,of 3 ratings,$47
FITBI,$27.7443,1440090676289,"2,011",Not yet rated,NULL,N/A
FISI,$24.76,1440090676390,"32,417",100% bullish,of 2 ratings,$24.50
FNSR,$16,1440090676416,"517,752",71% bullish,of 7 ratings,$24.50
FNJN,$1.73,1440090676446,"5,972",100% bearish,of 1 rating,$5
FBNC,$16.92,1440090676626,"13,257",100% bullish,of 1 rating,$20
FNTCW,NULL,1440090676653,0,Not yet rated,NULL,N/A
FEYE,$40.57,1440090676675,"1,816,147",87% bullish,of 15 ratings,$55.50
FNTC,$9.82,1440090676696,100,Not yet rated,NULL,N/A
FNTCU,NULL,1440090676733,0,Not yet rated,NULL,N/A
FNLC,$18.72,1440090676912,"2,610",100% bullish,of 1 rating,N/A
FRBA,$6.0499,1440090677064,500,Not yet rated,NULL,$8
FBIZ,$43.85,1440090677103,"5,574",100% bearish,of 2 ratings,$52
FCAP,$27,1440090677133,200,Not yet rated,NULL,N/A
BUSE,$6.33,1440090677197,"26,689",Not yet rated,NULL,$6.875
FCVA,$4.78,1440090677231,"1,580",Not yet rated,NULL,N/A
FCBC,$17.68,1440090677377,"2,792",Not yet rated,NULL,$18
FCLF,NULL,1440090677402,0,Not yet rated,NULL,N/A
FBNK,$16.36,1440090677563,"1,480",100% bearish,of 1 rating,$17.50
FCFS,$38.43,1440090677604,"35,784",100% bearish,of 2 ratings,$48
FFNM,$6.42,1440090677637,100,Not yet rated,NULL,N/A
FCNCA,$243.72,1440090677672,838,Not yet rated,NULL,N/A
FCCO,$11.9,1440090677694,836,Not yet rated,NULL,$13.25
FCFP,$6.824,1440090677824,"1,500",Not yet rated,NULL,N/A
FDEF,$37.9,1440090677850,"9,343",Not yet rated,NULL,$38
FFBC,$19.1,1440090678012,"40,323",67% bearish,of 3 ratings,$20.25
FFBCW,NULL,1440090678098,0,100% bearish,of 1 rating,N/A
FFIN,$31.07,1440090678243,"38,998",50% bullish,of 2 ratings,$31.75
FFWM,$21.27,1440090678269,"5,316",Not yet rated,NULL,$24
FMBH,NULL,1440090678291,0,Not yet rated,NULL,N/A
THFF,$33.26,1440090678328,"3,157",Not yet rated,NULL,$35
FFNW,$12.54,1440090678350,"20,314",Not yet rated,NULL,$14
INBK,$31.7593,1440090678422,"6,314",50% bullish,of 2 ratings,$37
FRME,$25.605,1440090678566,"63,584",Not yet rated,NULL,$26.50
FMBI,$18.02,1440090678695,"84,546",Not yet rated,NULL,$20
FIBK,$27.18,1440090678737,"19,723",Not yet rated,NULL,$32
FNFG,$9.395,1440090678775,"799,917",80% bullish,of 5 ratings,$9
FNWB,$12.089,1440090678802,"6,370",Not yet rated,NULL,N/A
FNBC,$34.97,1440090678824,"28,246",Not yet rated,NULL,$41.50
BICK,$19.93,1440090679118,400,100% bullish,of 1 rating,N/A
FSFG,$31.12,1440090679153,100,Not yet rated,NULL,N/A
FCA,$20.8905,1440090679192,"3,750",Not yet rated,NULL,N/A
FBZ,NULL,1440090679247,0,Not yet rated,NULL,N/A
FSBK,$7.8501,1440090679273,"3,389",100% bullish,of 1 rating,N/A
FSLR,$48.3789,1440090679307,"605,268",74% bullish,of 39 ratings,$65
FSGI,$2.49,1440090679329,"2,957",Not yet rated,NULL,N/A
FCAN,$24.94,1440090679358,400,Not yet rated,NULL,N/A
FTCS,$37.85,1440090679513,"25,894",Not yet rated,NULL,N/A
FV,$24.03,1440090679651,"708,040",Not yet rated,NULL,N/A
FTSM,$59.93,1440090679729,"4,996",100% bearish,of 1 rating,N/A
IFV,$18.1,1440090679800,"1,013,940",100% bearish,of 1 rating,N/A
FEMB,$42.01,1440090679826,100,Not yet rated,NULL,N/A
TDIV,$25.21,1440090679906,"99,074",100% bearish,of 1 rating,N/A
FEUZ,NULL,1440090679985,0,Not yet rated,NULL,N/A
FTHI,$20.24,1440090680016,"5,292",Not yet rated,NULL,N/A
MDIV,$19.7001,1440090680077,"84,590",Not yet rated,NULL,N/A
FTGC,$22.6174,1440090680116,"58,402",Not yet rated,NULL,N/A
FGM,$35.82,1440090680143,"14,458",Not yet rated,NULL,N/A
FHK,$33.89,1440090680270,"58,518",Not yet rated,NULL,N/A
FPXI,$28.12,1440090680296,825,Not yet rated,NULL,N/A
HYLS,$49.7152,1440090680365,"10,515",100% bearish,of 1 rating,N/A
YDIV,$16.86,1440090680435,"1,800",Not yet rated,NULL,N/A
SKYY,$29.6257,1440090680460,"23,178",100% bullish,of 1 rating,N/A
PLTM,$6.7482,1440090680732,"2,982",100% bearish,of 1 rating,N/A
LMBS,NULL,1440090680762,0,Not yet rated,NULL,N/A
FTLB,NULL,1440090680798,0,100% bearish,of 1 rating,N/A
FJP,$48.15,1440090680821,"58,005",Not yet rated,NULL,N/A
CU,$13.04,1440090680854,"4,323",100% bearish,of 1 rating,N/A
CIBR,$18.6999,1440090680875,"78,417",Not yet rated,NULL,N/A
FMB,$51.14,1440090680914,"4,628",Not yet rated,NULL,N/A
QABA,$38.5099,1440090680935,"19,377",100% bearish,of 1 rating,N/A
QCLN,$15.31,1440090681146,"11,611",Not yet rated,NULL,N/A
GRID,$32.3901,1440090681177,100,100% bearish,of 1 rating,N/A
FONE,$35.3,1440090681279,"1,749",Not yet rated,NULL,N/A
RDVY,$22.0599,1440090681416,"1,646",Not yet rated,NULL,N/A
QQEW,$42.93,1440090681443,"68,269",Not yet rated,NULL,N/A
CARZ,$35.8184,1440090681520,"1,457",100% bearish,of 1 rating,N/A
QQXT,$41.8644,1440090681586,"1,381",Not yet rated,NULL,N/A
FTSL,$48.9727,1440090681612,"17,012",100% bearish,of 1 rating,N/A
QTEC,$40.77,1440090681646,"41,662",Not yet rated,NULL,N/A
AIRR,$16.521,1440090681672,"3,859",100% bearish,of 1 rating,N/A
QINC,NULL,1440090681742,0,Not yet rated,NULL,N/A
FDIV,$48.09,1440090681831,323,100% bearish,of 1 rating,N/A
FKO,NULL,1440090681868,0,Not yet rated,NULL,N/A
FSZ,$39.75,1440090681938,"10,451",Not yet rated,NULL,N/A
FTW,NULL,1440090681964,0,Not yet rated,NULL,N/A
TUSA,NULL,1440090682106,0,Not yet rated,NULL,N/A
FKU,$42.92,1440090682258,"9,679",Not yet rated,NULL,N/A
FSV,$32.02,1440090682292,"1,820",Not yet rated,NULL,$33.60
FISV,$88.99,1440090682347,"263,381",100% bearish,of 3 ratings,$90
SVVC,$10.59,1440090682369,"9,914",100% bullish,of 1 rating,$26
FUNC,$8.27,1440090682400,800,Not yet rated,NULL,N/A
FMER,$17.97,1440090682422,"280,508",50% bullish,of 2 ratings,$20
FIVE,$36.3,1440090682554,"87,173",75% bearish,of 4 ratings,$44
FIVN,$4.2,1440090682685,"153,026",100% bullish,of 1 rating,$8.50
FPRX,$18.15,1440090682712,"98,058",50% bullish,of 2 ratings,$35
FLML,$21.445,1440090682750,"77,502",50% bullish,of 2 ratings,$30
FLXN,$24.3,1440090682777,"46,032",100% bearish,of 1 rating,$40
FLKS,$14.545,1440090682799,"30,997",50% bullish,of 2 ratings,$27
SKOR,$50.5,1440090682856,200,Not yet rated,NULL,N/A
FLEX,$10.81,1440090683184,"910,039",63% bullish,of 8 ratings,$12
MBSD,$24.932,1440090683213,805,Not yet rated,NULL,N/A
FFIC,$20.49,1440090683253,"8,300",Not yet rated,NULL,$21
FLDM,$12.7,1440090683290,"207,315",67% bearish,of 3 ratings,$21.50
FOMX,$10.1,1440090683314,"173,062",50% bullish,of 2 ratings,$23.50
FLIR,$29.825,1440090683342,"244,421",100% bearish,of 1 rating,$38.50
FLXS,$32.15,1440090683385,"28,666",100% bearish,of 2 ratings,N/A
FOGO,$18.84,1440090683441,"67,866",50% bullish,of 2 ratings,$25.50
FONR,$9.76,1440090683659,"16,861",100% bullish,of 1 rating,N/A
FORM,$6.13,1440090683690,"50,021",67% bullish,of 3 ratings,$10.50
FES,$0.9484,1440090683711,300,50% bullish,of 2 ratings,$1
FTNT,$45.115,1440090683763,"695,795",80% bullish,of 10 ratings,$52
FORR,$32.7,1440090683789,"11,772",Not yet rated,NULL,N/A
FORTY,NULL,1440090683848,0,Not yet rated,NULL,N/A
FBIO,$2.8,1440090683953,"59,684",83% bullish,of 6 ratings,N/A
FORD,$1.012,1440090684566,"83,186",50% bullish,of 2 ratings,N/A
FWRD,$48.11,1440090685038,"138,226",100% bearish,of 1 rating,$50
FOSL,$61.03,1440090685277,"322,454",50% bullish,of 4 ratings,$70
FWP,$25.675,1440090685305,"4,971",100% bearish,of 1 rating,$45
FXCB,$17.27,1440090685360,"1,084",Not yet rated,NULL,$19
FMI,$19.99,1440090685387,"60,219",100% bearish,of 2 ratings,$27.50
FOXF,$15.38,1440090685524,"9,785",100% bearish,of 1 rating,$19
FRAN,$10.26,1440090685768,"205,225",50% bullish,of 4 ratings,$15
FRED,$14.55,1440090685801,"35,418",50% bullish,of 2 ratings,$16.50
RAIL,$20.84,1440090685836,"30,165",100% bearish,of 1 rating,$24.50
FREE,$0.5101,1440090685858,"2,071,790",92% bullish,of 12 ratings,N/A
FRPT,$13.35,1440090685900,"118,397",67% bearish,of 3 ratings,$23.50
FTR,$5.235,1440090685927,"7,758,945",78% bullish,of 27 ratings,$6.25
FEIM,$11.09,1440090685955,"2,300",100% bearish,of 1 rating,N/A
FELE,$29.23,1440090686005,"102,562",50% bullish,of 4 ratings,$33
FTRPR,$103.57,1440090686258,"101,848",100% bearish,of 1 rating,N/A
FRPH,$30.87,1440090686286,200,100% bearish,of 1 rating,N/A
FSBW,$23.44,1440090686312,1,Not yet rated,NULL,N/A
FTD,$30.055,1440090686461,"16,076",100% bearish,of 1 rating,$40
FTEK,$2.195,1440090686491,"20,125",75% bullish,of 4 ratings,N/A
FSYS,$6.555,1440090686518,"26,734",67% bullish,of 3 ratings,$10
FCEL,$0.7843,1440090686594,"453,103",88% bullish,of 40 ratings,$2.65
FULL,$3.1932,1440090686654,"1,835",67% bearish,of 3 ratings,$4.25
FULLL,$25.38,1440090686681,"1,400",Not yet rated,NULL,N/A
FLL,$1.599,1440090686726,"48,595",75% bullish,of 4 ratings,$2.825
FSNN,$2.552,1440090686900,"1,600",67% bullish,of 3 ratings,$6
FULT,$12.66,1440090686929,"220,755",100% bearish,of 1 rating,$13
FXEN,$0.9701,1440090686955,"34,950",75% bullish,of 4 ratings,$1.10
FXENP,NULL,1440090687099,0,100% bearish,of 1 rating,N/A
GK,$71.05,1440090687182,"8,249",Not yet rated,NULL,$78
FFHL,NULL,1440090687312,0,50% bullish,of 4 ratings,N/A
GLPG,$63.65,1440090687345,"3,635",100% bullish,of 1 rating,$75
WILC,$5.1499,1440090687368,"5,470",100% bullish,of 2 ratings,N/A
GAIA,$5.94,1440090687390,"8,880",50% bullish,of 2 ratings,$8.50
GALTU,NULL,1440090687432,0,100% bearish,of 1 rating,N/A
GALT,$2.013,1440090687453,"33,282",80% bullish,of 5 ratings,N/A
GALTW,NULL,1440090687529,0,100% bullish,of 1 rating,N/A
GALE,$1.36,1440090687662,"439,965",89% bullish,of 47 ratings,$4
GPIC,$10.89,1440090687804,200,100% bearish,of 1 rating,N/A
GLMD,$8.6,1440090687829,"1,969",67% bullish,of 3 ratings,$20.50
GLPI,$32.61,1440090687855,"112,377",100% bearish,of 1 rating,$37.50
GGAC,NULL,1440090688010,0,100% bearish,of 1 rating,N/A
GGACR,NULL,1440090688080,0,100% bullish,of 1 rating,N/A
GRMN,$39.5,1440090688182,"192,490",50% bullish,of 6 ratings,$48
GGACW,$0.12,1440090688218,500,Not yet rated,NULL,N/A
GARS,$14.784,1440090688247,"6,354",Not yet rated,NULL,$16
GENC,$9.43,1440090688273,200,100% bearish,of 1 rating,N/A
GGACU,NULL,1440090688298,0,Not yet rated,NULL,N/A
GFN,$3.79,1440090688336,"17,181",100% bearish,of 2 ratings,$8
GNCMA,$17.05,1440090688431,"30,447",100% bearish,of 1 rating,$12
GFNCP,NULL,1440090688475,0,Not yet rated,NULL,N/A
GNMK,$9.15,1440090688819,"40,783",67% bullish,of 6 ratings,$14
GHDX,$25.33,1440090688854,"33,124",50% bullish,of 2 ratings,$30
GFNSL,$25.76,1440090688883,"1,300",Not yet rated,NULL,N/A
GNVC,$2.41,1440090688912,"3,510",90% bullish,of 10 ratings,$8.50
GNTX,$15.43,1440090688942,"530,027",Not yet rated,NULL,$20
THRM,$45.3,1440090688970,"86,259",75% bearish,of 4 ratings,$55.50
GENE,$2.58,1440090688991,"124,762",100% bullish,of 12 ratings,N/A
GNCA,$12.52,1440090689045,"59,587",100% bearish,of 1 rating,$20
GEOS,$15.27,1440090689215,"65,659",100% bearish,of 3 ratings,$25.50
GERN,$3.0699,1440090689301,"355,216",88% bullish,of 16 ratings,$5.25
GTWN,$18.57,1440090689351,1,Not yet rated,NULL,N/A
ROCK,$18.14,1440090689401,"15,940",80% bullish,of 5 ratings,$24
GABC,$29.74,1440090689449,"4,886",Not yet rated,NULL,$31.50
GEVO,$2.35,1440090689477,"164,460",75% bullish,of 12 ratings,$5
GIGM,$0.6323,1440090689664,"6,000",100% bullish,of 2 ratings,N/A
GILT,$4.5,1440090689690,"8,806",50% bullish,of 2 ratings,N/A
GIGA,$1.4,1440090689735,"4,581",100% bearish,of 1 rating,N/A
GIII,$67.596,1440090689763,"37,561",67% bullish,of 3 ratings,$75
GBCI,$26.51,1440090689784,"97,240",50% bullish,of 2 ratings,$31
GILD,$113.17,1440090689855,"2,316,942",91% bullish,of 86 ratings,$129
GLADO,$25.52,1440090689934,152,Not yet rated,NULL,N/A
GLAD,$8.35,1440090689960,"30,240",50% bullish,of 2 ratings,$8.75
GOOD,$15.629,1440090690097,"10,257",Not yet rated,NULL,$19
GOODN,$25.6499,1440090690136,400,Not yet rated,NULL,N/A
GOODO,NULL,1440090690317,0,Not yet rated,NULL,N/A
GAIN,$7.72,1440090690374,"79,839",100% bullish,of 2 ratings,$8.25
GOODP,NULL,1440090690401,0,Not yet rated,NULL,N/A
GAINN,$25.32,1440090690423,"23,841",Not yet rated,NULL,N/A
GLBZ,NULL,1440090690553,0,Not yet rated,NULL,N/A
GAINO,$25.7499,1440090690599,200,Not yet rated,NULL,N/A
LAND,$9.5004,1440090690627,"9,475",50% bullish,of 2 ratings,$13.75
GAINP,$26.065,1440090690649,"1,222",Not yet rated,NULL,N/A
GDEF,NULL,1440090690783,0,Not yet rated,NULL,N/A
GBT,$43.72,1440090690814,"53,108",100% bearish,of 1 rating,N/A
GBLI,$26.69,1440090690846,"4,800",Not yet rated,NULL,N/A
ENT,$11.56,1440090690872,"199,802",100% bearish,of 1 rating,$18
GPACU,NULL,1440090691081,0,Not yet rated,NULL,N/A
SOCL,$17.8004,1440090691214,"34,541",100% bullish,of 2 ratings,N/A
GSOL,$8.35,1440090691262,"5,247",100% bearish,of 1 rating,N/A
QQQC,$20.1959,1440090691343,"8,373",100% bearish,of 1 rating,N/A
ACTX,$13.78,1440090691372,"1,051",100% bullish,of 1 rating,N/A
YLCO,$12.1099,1440090691401,100,Not yet rated,NULL,N/A
SRET,$13.85,1440090691426,"1,301",Not yet rated,NULL,N/A
ALTY,NULL,1440090691473,0,Not yet rated,NULL,N/A
GBIM,$2.246,1440090691621,"7,583",50% bullish,of 2 ratings,N/A
GSM,$13.6114,1440090691653,"109,362",50% bullish,of 2 ratings,$24.50
GAI,$5.4001,1440090691684,"1,762",50% bullish,of 2 ratings,N/A
GLRI,$1.163,1440090691755,"2,789",100% bearish,of 1 rating,$6
GLBS,NULL,1440090691819,0,67% bullish,of 3 ratings,N/A
GLYC,$7.25,1440090691889,"1,412",50% bullish,of 2 ratings,$14
GLUU,$4.55,1440090691915,"1,490,666",92% bullish,of 26 ratings,$9
GOGO,$15.88,1440090692064,"296,730",80% bullish,of 5 ratings,$25
GLNG,$37.2508,1440090692149,"211,187",83% bullish,of 6 ratings,$58
GLDC,NULL,1440090692231,0,50% bullish,of 2 ratings,N/A
GMLP,$19.534,1440090692293,"100,886",50% bullish,of 4 ratings,$32.50
GOGL,$3.18,1440090692335,"145,443",75% bullish,of 4 ratings,$5
GTIM,$6.3501,1440090692438,"45,775",Not yet rated,NULL,$11.50
GOOG,$643.99,1440090692482,"586,227",89% bullish,of 65 ratings,$825
GBDC,$16.5,1440090692521,"27,655",Not yet rated,NULL,$17.75
GDEN,$8.9,1440090692583,"6,095",50% bullish,of 2 ratings,N/A
GOOGL,$676.8,1440090692610,"572,711",88% bullish,of 1079 ratings,$749
GPRO,$50.6684,1440090692743,"3,574,251",78% bullish,of 58 ratings,$72
GMAN,$4.53,1440090692770,"26,438",60% bullish,of 5 ratings,$8
GPIA,NULL,1440090692847,0,Not yet rated,NULL,N/A
GPIAU,NULL,1440090692990,0,Not yet rated,NULL,N/A
LOPE,$36.5326,1440090693044,"72,058",100% bearish,of 2 ratings,$50
GPIAW,NULL,1440090693074,0,Not yet rated,NULL,N/A
GRVY,$3.67,1440090693179,519,50% bullish,of 2 ratings,N/A
GLDD,$5.5,1440090693265,"57,006",100% bearish,of 4 ratings,$7.75
GBSN,$2.09,1440090693290,"37,083",100% bearish,of 1 rating,$8.25
GSBC,$40.68,1440090693317,"9,063",100% bullish,of 1 rating,$44
GBSNU,$17.05,1440090693347,"2,450",Not yet rated,NULL,N/A
GNBC,$12.7,1440090693529,"3,899",100% bearish,of 1 rating,$17
GRBK,$13.72,1440090693560,"65,154",77% bullish,of 13 ratings,N/A
GPP,$14.75,1440090693595,"23,693",Not yet rated,NULL,$20.50
GPRE,$20.35,1440090693696,"220,124",67% bullish,of 6 ratings,$28.50
GCBC,NULL,1440090693722,0,100% bullish,of 1 rating,N/A
GRIF,NULL,1440090693894,0,100% bearish,of 1 rating,N/A
GLRE,$26.24,1440090693915,"87,051",100% bullish,of 1 rating,$41
GRFS,$31.14,1440090693994,"39,896",50% bullish,of 2 ratings,$35
GRPN,$4.0475,1440090694047,"2,700,041",61% bullish,of 71 ratings,$6.75
GGAL,$19.18,1440090694074,"114,885",80% bullish,of 5 ratings,$40
OMAB,$40.525,1440090694100,"7,742",100% bullish,of 1 rating,$44
GSVC,$9.29,1440090694265,"22,142",50% bullish,of 2 ratings,$14.50
GTXI,$0.91,1440090694300,"38,595",100% bullish,of 5 ratings,$.75
GSIT,$4.85,1440090694394,"6,532",100% bearish,of 1 rating,N/A
GSIG,$13.34,1440090694420,"6,060",100% bearish,of 2 ratings,N/A
GBNK,$15.86,1440090694471,"10,287",100% bearish,of 1 rating,$18
GUID,$7.88,1440090694567,"53,030",100% bearish,of 3 ratings,$10
GULTU,$0.309,1440090694593,"2,908,432",100% bearish,of 1 rating,N/A
GFED,NULL,1440090694625,0,Not yet rated,NULL,$17
GURE,$1.75,1440090695211,"19,018",88% bullish,of 8 ratings,N/A
GIFI,$12.44,1440090695354,"23,780",100% bearish,of 1 rating,$16
GWPH,$102.31,1440090695727,"136,293",78% bullish,of 9 ratings,$148.50
GPOR,$33.87,1440090695768,"303,633",75% bullish,of 4 ratings,$55
GWGH,$7.55,1440090695858,200,100% bearish,of 1 rating,$15.05
HEES,$16.45,1440090696040,"115,613",67% bearish,of 3 ratings,$31
HALO,$17.76,1440090696070,"404,173",67% bullish,of 3 ratings,$22.50
HALL,$11.5779,1440090696132,"3,758",Not yet rated,NULL,N/A
GYRO,$3,1440090696173,"4,726",100% bearish,of 1 rating,N/A
HBK,$13.72,1440090696205,550,50% bullish,of 2 ratings,N/A
HLG,NULL,1440090696234,0,100% bearish,of 1 rating,N/A
HNRG,$7.27,1440090696281,"79,475",100% bearish,of 1 rating,$10
HMPR,$1.9401,1440090696338,"181,413",100% bullish,of 1 rating,N/A
HBHCL,$24.5727,1440090696649,"13,428",Not yet rated,NULL,N/A
HNH,$28.5,1440090696674,"7,869",100% bullish,of 1 rating,N/A
HAFC,$24.78,1440090696701,"24,316",100% bullish,of 2 ratings,$28.50
HBHC,$27.51,1440090696723,"94,123",50% bullish,of 2 ratings,$30
HNSN,$0.503,1440090696756,"23,263",88% bullish,of 8 ratings,$.40
HQCL,$9.89,1440090696861,"5,853",67% bullish,of 3 ratings,N/A
HDNG,$10.32,1440090696926,966,50% bullish,of 4 ratings,N/A
HRMNW,NULL,1440090697052,0,Not yet rated,NULL,N/A
TINY,$2.4542,1440090697118,"7,852",50% bullish,of 2 ratings,$5.26
HART,$0.6301,1440090697157,"69,833",100% bearish,of 1 rating,N/A
HRMNU,NULL,1440090697178,0,Not yet rated,NULL,N/A
HLIT,$5.7,1440090697250,"64,434",100% bearish,of 1 rating,$6.50
HRMN,NULL,1440090697278,0,Not yet rated,NULL,N/A
HCAP,$12.15,1440090697305,"4,175",50% bullish,of 2 ratings,$15
HBIO,$4.33,1440090697504,"12,944",Not yet rated,NULL,$10
HCAPL,$25.51,1440090697667,"1,087",Not yet rated,NULL,N/A
HA,$24.69,1440090697700,"204,277",67% bullish,of 9 ratings,$27
HWKN,$36.36,1440090697731,"4,548",Not yet rated,NULL,N/A
HDS,$33.75,1440090697797,"355,911",100% bearish,of 2 ratings,$39.50
HAS,$78.44,1440090697825,"226,697",63% bullish,of 8 ratings,$84.50
HCOM,$22.73,1440090697850,754,100% bearish,of 1 rating,$28
HAYN,$39.04,1440090697887,"27,919",100% bearish,of 1 rating,$59
HWBK,$13.49,1440090698019,328,100% bearish,of 1 rating,N/A
HIIQ,$4.56,1440090698078,"13,750",50% bullish,of 2 ratings,$7
HCSG,$34.19,1440090698107,"41,985",50% bullish,of 4 ratings,$35
HSTM,$24.98,1440090698205,"39,499",50% bullish,of 2 ratings,$33.75
HQY,$31.165,1440090698237,"73,232",67% bullish,of 3 ratings,$31
HWAY,$12.41,1440090698306,"90,969",100% bearish,of 1 rating,$15
HTLD,$20.66,1440090698369,"137,788",Not yet rated,NULL,$22.50
HTLF,$36.44,1440090698474,"17,077",100% bullish,of 1 rating,$39.50
HTWR,$85.98,1440090698618,"42,298",50% bullish,of 2 ratings,$103
HTBX,$5.37,1440090698648,"14,858",50% bullish,of 2 ratings,$15.50
HMNY,$2.29,1440090698751,"1,100",100% bearish,of 1 rating,N/A
HCACU,$10.02,1440090698816,200,Not yet rated,NULL,N/A
HSII,$20.22,1440090698842,"31,302",100% bullish,of 3 ratings,$25
HELE,$89.13,1440090698877,"68,390",67% bearish,of 3 ratings,$100
HMTV,$12.97,1440090698902,806,100% bearish,of 1 rating,$16
HNNA,$23,1440090698928,"5,148",Not yet rated,NULL,N/A
HERO,$0.0681,1440090699103,"584,875",81% bullish,of 16 ratings,$.75
HSIC,$143.61,1440090699129,"83,856",83% bullish,of 6 ratings,$146
HTBK,$10.79,1440090699195,"16,290",Not yet rated,NULL,$12
HFWA,$18.02,1440090699220,"5,823",100% bullish,of 1 rating,$20
HCCI,$11.955,1440090699363,"3,354",100% bearish,of 1 rating,$16.50
MLHR,$28.81,1440090699403,"63,557",50% bullish,of 2 ratings,$33.50
HEOP,$7.79,1440090699437,"4,452",Not yet rated,NULL,$8.50
HFFC,$16.209,1440090699570,"2,302",Not yet rated,NULL,N/A
HPJ,$2.65,1440090699597,"12,950",75% bullish,of 4 ratings,$12.43
HRTX,$33.01,1440090699625,"206,550",67% bullish,of 6 ratings,$41
HSKA,$33.64,1440090699656,"13,688",100% bearish,of 1 rating,$38
HIBB,$39.385,1440090699683,"92,724",100% bearish,of 1 rating,$48.50
HIMX,$6.61,1440090699827,"1,008,120",86% bullish,of 21 ratings,$8.50
HIFS,$118.35,1440090699872,461,Not yet rated,NULL,N/A
HIHO,$4.22,1440090699958,"5,120",Not yet rated,NULL,N/A
HSGX,$6.28,1440090700050,"2,000",100% bearish,of 1 rating,$17
HMSY,$9.28,1440090700088,"324,677",67% bullish,of 3 ratings,$19.35
HMNF,$11.2,1440090700144,100,Not yet rated,NULL,N/A
HOLI,$17.42,1440090700226,"137,035",50% bullish,of 4 ratings,$27
HOLX,$41.33,1440090700251,"383,798",67% bullish,of 3 ratings,$42
HBCP,$24.05,1440090700418,"1,545",Not yet rated,NULL,$29
HMIN,$29.1,1440090700472,"57,965",100% bearish,of 2 ratings,$35
AWAY,$30.23,1440090700512,"235,950",67% bullish,of 3 ratings,$36
HOMB,$39.84,1440090700545,"32,146",Not yet rated,NULL,$41
HFBL,$21.8,1440090700605,"6,661",Not yet rated,NULL,N/A
HKTV,$4.9101,1440090700637,"15,500",100% bearish,of 1 rating,N/A
HMST,$21.32,1440090700661,"40,136",100% bullish,of 2 ratings,$27
HTBI,$18.48,1440090700682,"13,441",67% bullish,of 3 ratings,$18.625
HOFT,$24.65,1440090700929,"11,358",100% bearish,of 1 rating,N/A
CETC,$0.8118,1440090700981,"57,025",86% bullish,of 7 ratings,N/A
HFBC,$11.5,1440090701033,"3,400",Not yet rated,NULL,N/A
HZNP,$30.115,1440090701111,"608,572",85% bullish,of 20 ratings,$40
HBNC,$24.48,1440090701137,"17,449",100% bullish,of 1 rating,$27
ZINC,$7.557,1440090701192,"198,669",100% bearish,of 1 rating,$17
HRZN,$10.79,1440090701217,"23,957",100% bearish,of 1 rating,$14.25
HOVNP,NULL,1440090701357,0,100% bearish,of 1 rating,N/A
HMHC,$22.235,1440090701387,"151,663",Not yet rated,NULL,$27
HWCC,$7.27,1440090701416,"27,763",100% bearish,of 1 rating,$9
HDP,$25.24,1440090701458,"139,567",67% bearish,of 3 ratings,$30.50
HBMD,NULL,1440090701486,0,100% bearish,of 1 rating,N/A
HSNI,$61.985,1440090701614,"71,496",Not yet rated,NULL,$80
HTGM,$5.76,1440090701647,"8,584",100% bearish,of 1 rating,$19.50
HUBG,$40.06,1440090701749,"64,530",100% bearish,of 1 rating,$43
HCBK,$9.915,1440090701778,"535,759",83% bullish,of 6 ratings,$8.61
HBAN,$11.39,1440090701967,"2,126,042",76% bullish,of 17 ratings,$12.50
HSON,$2.94,1440090701998,"4,761",100% bearish,of 1 rating,$5
HDSN,$2.9509,1440090702019,"39,524",100% bullish,of 1 rating,$6.25
HBANP,$1358,1440090702098,79,100% bearish,of 1 rating,N/A
HURC,$30.24,1440090702166,"7,597",100% bearish,of 1 rating,N/A
HURN,$74.5,1440090702188,"31,069",50% bullish,of 2 ratings,$80
HTCH,$1.635,1440090702220,"25,330",100% bearish,of 1 rating,$3.50
HBP,$3.2,1440090702270,"2,800",100% bullish,of 1 rating,N/A
HDRA,$9.69,1440090702372,100,Not yet rated,NULL,N/A
HDRAR,$0.3701,1440090702399,"1,700",Not yet rated,NULL,N/A
HDRAW,NULL,1440090702530,0,Not yet rated,NULL,N/A
HDRAU,$10.1,1440090702560,"5,825",Not yet rated,NULL,N/A
HYGS,$7.44,1440090702667,"12,882",50% bullish,of 2 ratings,$13
IDSY,$3.885,1440090702833,"8,488",100% bearish,of 1 rating,$7
IEP,$69.0193,1440090702887,"63,688",75% bullish,of 4 ratings,$99
IKGH,$1.75,1440090702913,"2,800",75% bullish,of 4 ratings,N/A
IBKC,$61.74,1440090702984,"42,046",100% bullish,of 1 rating,$70
ICAD,$3.533,1440090703014,"12,561",50% bullish,of 2 ratings,$7.25
IACI,$71.68,1440090703035,"320,042",75% bullish,of 4 ratings,$90
ICLR,$80,1440090703177,"116,931",100% bearish,of 3 ratings,$85
ICFI,$36.3,1440090703206,"40,295",50% bullish,of 2 ratings,$48.50
ICON,$12.78,1440090703334,"145,628",50% bullish,of 2 ratings,$18.50
IPWR,$7.5,1440090703364,"5,540",100% bullish,of 1 rating,$15
INVE,$4.6,1440090703385,"42,997",75% bullish,of 4 ratings,$4
ICUI,$120.41,1440090703407,"23,161",Not yet rated,NULL,$122
IDRA,$2.5031,1440090703466,"725,004",89% bullish,of 9 ratings,$6.50
IDXX,$76.41,1440090703599,"156,718",100% bearish,of 1 rating,$77
IROQ,NULL,1440090703730,0,100% bullish,of 1 rating,N/A
DSKY,$11.8,1440090703757,"286,948",67% bullish,of 6 ratings,$11.50
IIVI,$17.8699,1440090703787,"59,223",100% bearish,of 1 rating,$22
RXDX,$12.59,1440090703892,"74,762",100% bullish,of 1 rating,$20
IRG,$4.74,1440090703930,"5,468",100% bearish,of 1 rating,$4.50
IKAN,$2.727,1440090703996,"25,102",83% bullish,of 6 ratings,$5
KANG,$15.58,1440090704127,"216,687",50% bullish,of 2 ratings,$22.55
ICCC,$8.5,1440090704186,"9,216",100% bullish,of 1 rating,N/A
IKNX,NULL,1440090704218,0,100% bearish,of 1 rating,N/A
ILMN,$201.16,1440090704274,"267,548",80% bullish,of 5 ratings,$240
IMMR,$11.43,1440090704316,"109,664",80% bullish,of 5 ratings,$15.50
IMNP,$1.45,1440090704475,"54,992",50% bullish,of 2 ratings,$6
ISNS,$4.085,1440090704532,"16,051",50% bullish,of 2 ratings,N/A
IMGN,$12.7,1440090704606,"291,496",75% bullish,of 4 ratings,$17.50
IMDZ,$16.19,1440090704631,"27,252",100% bearish,of 1 rating,$33
IMMU,$1.76,1440090704808,"209,600",86% bullish,of 7 ratings,$2
IPXL,$44.49,1440090704836,"218,697",67% bullish,of 3 ratings,$46.50
INCR,$43.48,1440090704909,"131,878",50% bullish,of 2 ratings,$53
INCY,$109.63,1440090704970,"281,475",50% bullish,of 6 ratings,$125.50
IMMY,$7.405,1440090704999,"9,488",100% bearish,of 1 rating,$11
SAAS,$7.64,1440090705041,"140,236",50% bullish,of 2 ratings,$15
IBTX,$43.495,1440090705067,"15,634",100% bullish,of 2 ratings,$47.25
INDB,$47.16,1440090705104,"10,663",Not yet rated,NULL,$44
IDSA,$3.54,1440090705206,"2,325",Not yet rated,NULL,N/A
IBCP,$14.37,1440090705237,"9,892",100% bullish,of 1 rating,$14.50
INFN,$22.16,1440090705338,"1,304,073",71% bullish,of 7 ratings,$28
INFI,$9.04,1440090705542,"210,987",50% bullish,of 4 ratings,$18
IFON,$1.21,1440090705671,"133,827",75% bullish,of 4 ratings,N/A
IPCC,$81.255,1440090705754,"9,204",Not yet rated,NULL,$77.50
INWK,$7.46,1440090705780,"28,360",50% bullish,of 2 ratings,$10
IMKTA,$54.22,1440090705809,"34,963",100% bearish,of 1 rating,N/A
III,$4.25,1440090705841,"18,965",57% bullish,of 7 ratings,$6
INOD,$2.4901,1440090705867,"21,017",100% bearish,of 1 rating,N/A
INNL,$12.63,1440090705942,588,100% bearish,of 1 rating,$16.50
IOSP,$46.18,1440090706051,"30,863",100% bearish,of 1 rating,N/A
IPHS,$48.71,1440090706082,"16,145",100% bearish,of 1 rating,$60
ITEK,$14.775,1440090706160,"236,550",100% bearish,of 3 ratings,$20
ISSC,$2.93,1440090706189,"8,862",67% bearish,of 3 ratings,N/A
INGN,$49.78,1440090706218,"55,732",100% bearish,of 1 rating,$50.50
INOV,$21.08,1440090706407,"112,553",100% bearish,of 1 rating,$33
NSIT,$26.45,1440090706455,"33,728",50% bullish,of 2 ratings,N/A
INO,$7.2599,1440090706485,"505,794",89% bullish,of 18 ratings,$20
ISIG,$2.6,1440090706538,"8,800",100% bearish,of 1 rating,N/A
INSM,$26.251,1440090706566,"50,914",71% bullish,of 7 ratings,$31.50
PODD,$29.28,1440090706595,"180,578",50% bullish,of 2 ratings,$35
INSY,$32.408,1440090706758,"236,705",75% bullish,of 4 ratings,$48
NTEC,$6.03,1440090706790,"12,278",Not yet rated,NULL,N/A
IIIN,$17.89,1440090706815,"30,221",100% bearish,of 2 ratings,N/A
IART,$60.84,1440090706947,"75,236",100% bearish,of 1 rating,$71.50
IESC,$7.08,1440090706997,"1,500",100% bearish,of 1 rating,N/A
IDTI,$17.73,1440090707027,"883,861",60% bullish,of 5 ratings,$25
ISSI,$22.32,1440090707132,"140,714",67% bullish,of 3 ratings,$19.75
IPCI,$2.15,1440090707292,"18,803",67% bullish,of 6 ratings,$7.75
INTC,$27.795,1440090707321,"8,311,192",82% bullish,of 238 ratings,$36
IQNT,$19.65,1440090707375,"274,475",86% bullish,of 7 ratings,$20
ININ,$39.89,1440090707404,"40,909",67% bearish,of 3 ratings,$57
IPAR,$28.24,1440090707474,"12,158",67% bullish,of 3 ratings,$38
ICLD,$1.8085,1440090707542,"177,009",75% bullish,of 4 ratings,N/A
IBKR,$40.38,1440090707570,"207,363",100% bullish,of 1 rating,N/A
ICLDW,NULL,1440090707646,0,100% bearish,of 1 rating,N/A
IDCC,$48.87,1440090707754,"64,312",80% bullish,of 5 ratings,$63
ICPT,$199.91,1440090707781,"98,716",70% bullish,of 10 ratings,$359.50
IMI,$2,1440090708062,"1,600",67% bullish,of 3 ratings,$2.22
INAP,$8.72,1440090708095,"54,653",75% bullish,of 4 ratings,$11
PTNT,$3,1440090708194,810,Not yet rated,NULL,N/A
IGLD,$7.25,1440090708221,712,50% bullish,of 2 ratings,N/A
IBOC,$26.35,1440090708247,"45,410",100% bearish,of 1 rating,N/A
INPH,$0.3248,1440090708277,"12,518",50% bullish,of 2 ratings,N/A
TILE,$25.2,1440090708303,"129,590",67% bearish,of 3 ratings,$27
IIJI,$9.23,1440090708434,400,50% bullish,of 2 ratings,$11.50
ISCA,$32.16,1440090708463,"12,286",100% bearish,of 1 rating,N/A
INTX,$2.52,1440090708615,"5,218",67% bullish,of 3 ratings,N/A
XENT,$28,1440090708666,"56,624",50% bullish,of 2 ratings,$36.50
ISIL,$10.495,1440090708693,"200,537",50% bullish,of 6 ratings,$15
IILG,$21.02,1440090708719,"25,876",100% bearish,of 1 rating,$30.50
INTL,$27.06,1440090708746,"23,320",67% bearish,of 3 ratings,N/A
IVAC,$4.92,1440090708878,"7,728",Not yet rated,NULL,$6.625
INTLL,NULL,1440090709010,0,Not yet rated,NULL,N/A
IIN,$6.42,1440090709042,510,100% bearish,of 1 rating,$12
ISRG,$519.45,1440090709089,"37,895",67% bullish,of 3 ratings,$600
ITCI,$29.36,1440090709142,"166,711",75% bearish,of 4 ratings,$40
INTU,$103.99,1440090709169,"269,826",100% bullish,of 7 ratings,$110.50
INVT,$0.2986,1440090709198,"15,129",67% bullish,of 3 ratings,N/A
SNAK,$8.57,1440090709219,"17,258",50% bullish,of 2 ratings,$14
ISTR,$15.69,1440090709458,4,100% bearish,of 1 rating,$18.50
ISBC,$12,1440090709488,"745,615",100% bullish,of 1 rating,$13.25
NVIV,$10.9799,1440090709564,"131,835",50% bullish,of 4 ratings,$24.50
IPAS,$1.0621,1440090709621,"12,468",67% bullish,of 3 ratings,N/A
ITIC,NULL,1440090709648,0,100% bearish,of 2 ratings,N/A
IVTY,$11.925,1440090709692,"15,409",Not yet rated,NULL,$18
DTUL,NULL,1440090709778,0,Not yet rated,NULL,N/A
DFVL,NULL,1440090709803,0,Not yet rated,NULL,N/A
IRMD,$25.34,1440090710009,"15,353",67% bearish,of 3 ratings,$25
IRIX,$7.18,1440090710041,"13,000",100% bearish,of 1 rating,N/A
IPGP,$87.7,1440090710072,"66,030",100% bearish,of 2 ratings,$109.50
IRDM,$6.745,1440090710099,"150,803",60% bullish,of 5 ratings,$11.50
IPCM,$79.18,1440090710141,"119,571",50% bullish,of 2 ratings,$80.125
IRDMB,$267.5,1440090710170,120,67% bearish,of 3 ratings,N/A
IRBT,$30.0401,1440090710410,"92,569",67% bullish,of 6 ratings,$37
IRCP,$33.5,1440090710443,957,100% bullish,of 2 ratings,N/A
IRWD,$11.2,1440090710465,"471,026",100% bearish,of 1 rating,$13
IFAS,$28.84,1440090710546,300,Not yet rated,NULL,N/A
FCHI,$47.9,1440090710599,470,Not yet rated,NULL,N/A
GNMA,$50,1440090710628,"2,246",Not yet rated,NULL,N/A
COMT,$33.01,1440090710651,"4,100",100% bearish,of 1 rating,N/A
IFGL,$29.64,1440090710822,"10,465",Not yet rated,NULL,N/A
IFEU,$39.3801,1440090710898,"3,815",Not yet rated,NULL,N/A
IFNA,$55.731,1440090711029,"3,600",Not yet rated,NULL,N/A
ACWI,$57.5,1440090711055,"333,916",Not yet rated,NULL,N/A
ACWX,$41.65,1440090711080,"327,483",100% bearish,of 1 rating,N/A
AAXJ,$53.93,1440090711106,"817,512",Not yet rated,NULL,N/A
AAIT,$30.2135,1440090711331,306,100% bullish,of 1 rating,N/A
EEME,$38.47,1440090711446,571,100% bearish,of 1 rating,N/A
EMEY,$24.3966,1440090711475,500,Not yet rated,NULL,N/A
EMDI,$45.33,1440090711502,500,Not yet rated,NULL,N/A
AXJS,NULL,1440090711537,0,Not yet rated,NULL,N/A
EGRW,$46.251,1440090711563,"5,037",Not yet rated,NULL,N/A
EEMA,$50.8801,1440090711584,"6,547",Not yet rated,NULL,N/A
EEML,$28.308,1440090711721,"1,120",Not yet rated,NULL,N/A
EVAL,$36.3,1440090711754,"3,982",Not yet rated,NULL,N/A
EUFN,$22.4601,1440090711854,"80,252",100% bearish,of 1 rating,N/A
IEUS,$46.58,1440090711983,"1,697",100% bearish,of 1 rating,N/A
QAT,NULL,1440090712032,0,Not yet rated,NULL,N/A
IBB,$356.67,1440090712059,"430,379",63% bullish,of 8 ratings,N/A
UAE,$17.95,1440090712084,"1,450",Not yet rated,NULL,N/A
EMIF,$29.4199,1440090712262,"3,050",Not yet rated,NULL,N/A
SOXX,$81.7,1440090712283,"329,636",50% bullish,of 2 ratings,N/A
ICLN,$9.7235,1440090712330,"11,047",50% bullish,of 2 ratings,N/A
INDY,$29.05,1440090712359,"200,655",100% bullish,of 1 rating,N/A
ISHG,$79.39,1440090712388,"1,498",100% bearish,of 1 rating,N/A
WOOD,$50.2228,1440090712491,"6,536",50% bullish,of 2 ratings,N/A
ISIS,$48.62,1440090712550,"381,885",53% bullish,of 15 ratings,$67
ISLE,$17.66,1440090712576,"90,895",50% bullish,of 4 ratings,$16
IGOV,$91.27,1440090712709,"7,049",100% bearish,of 1 rating,N/A
ITRI,$32.5701,1440090712807,"69,941",Not yet rated,NULL,$37
ISRL,$136.99,1440090712836,121,100% bearish,of 1 rating,N/A
XXIA,$15.605,1440090712913,"102,894",71% bullish,of 7 ratings,$14.625
IXYS,$10.805,1440090712980,"81,190",50% bullish,of 4 ratings,N/A
JJSF,$117.38,1440090713009,"9,728",100% bearish,of 1 rating,N/A
ITRN,$24.81,1440090713031,"1,763",50% bullish,of 2 ratings,N/A
ITUS,$4.35,1440090713160,"3,900",Not yet rated,NULL,N/A
MAYS,$59,1440090713188,100,Not yet rated,NULL,N/A
JBHT,$79.1,1440090713257,"258,400",50% bullish,of 4 ratings,$89.50
JCOM,$71.95,1440090713399,"29,722",100% bullish,of 2 ratings,$77
JKHY,$70.63,1440090713427,"63,815",50% bullish,of 2 ratings,$72
JASO,$7.82,1440090713449,"396,457",82% bullish,of 17 ratings,$10
JXSB,NULL,1440090713582,0,Not yet rated,NULL,N/A
JAGX,$2.95,1440090713656,300,Not yet rated,NULL,N/A
JAXB,$13.22,1440090713720,15,100% bullish,of 1 rating,N/A
JACK,$84.66,1440090713754,"135,649",83% bullish,of 6 ratings,$105
JMBA,$13.44,1440090713798,"33,834",75% bullish,of 4 ratings,$18
JAKK,$9.69,1440090713828,"342,351",60% bearish,of 5 ratings,$10.50
JRVR,$26.7,1440090713854,"5,511",Not yet rated,NULL,$32
ERW,NULL,1440090714025,0,Not yet rated,NULL,N/A
JASNW,$0.25,1440090714051,"5,000",50% bullish,of 2 ratings,N/A
JASN,$4.95,1440090714077,"27,852",50% bullish,of 2 ratings,$9.50
JAZZ,$183.29,1440090714255,"103,205",80% bullish,of 15 ratings,$206.50
JD,$25.29,1440090714418,"3,252,326",75% bullish,of 16 ratings,$36
JTPY,$3,1440090714446,"2,116",100% bearish,of 1 rating,N/A
JIVE,$4.115,1440090714475,"235,659",75% bullish,of 4 ratings,$5
JST,$4.14,1440090714504,"28,648",75% bullish,of 4 ratings,N/A
JCTCF,NULL,1440090714532,0,100% bullish,of 1 rating,N/A
JBLU,$23.0899,1440090714604,"2,107,011",94% bullish,of 16 ratings,$27
WYIGU,$10.0524,1440090714665,400,Not yet rated,NULL,N/A
DATE,$6.48,1440090714693,"99,748",75% bullish,of 4 ratings,$9
JBSS,$48.49,1440090714923,"10,083",67% bearish,of 3 ratings,N/A
JOUT,$24.02,1440090714989,"2,605",100% bearish,of 1 rating,$34
JOEZ,$0.18,1440090715019,"106,815",92% bullish,of 12 ratings,N/A
JNP,$9.84,1440090715045,"9,385",100% bullish,of 3 ratings,$15
KTWO,$21.545,1440090715129,"80,152",100% bearish,of 1 rating,$28.50
JUNO,$38.9612,1440090715259,"550,889",73% bullish,of 11 ratings,$71.50
KALU,$83.77,1440090715288,"36,248",67% bearish,of 3 ratings,$91
KBIO,$1.93,1440090715309,"35,437",50% bullish,of 4 ratings,N/A
KNDI,$7.38,1440090715439,"194,589",86% bullish,of 22 ratings,N/A
KMDA,$3.709,1440090715464,"7,815",50% bullish,of 2 ratings,$8
KPTI,$13.5,1440090715496,"143,588",67% bearish,of 3 ratings,$39
KCLI,$47.75,1440090715523,"3,663",Not yet rated,NULL,N/A
KBSF,$3.9,1440090715598,"1,750",100% bullish,of 1 rating,N/A
KCAP,$4.7659,1440090715734,"38,871",75% bullish,of 4 ratings,$6
KRNY,$11.56,1440090715840,"168,020",100% bearish,of 1 rating,$12
KELYB,NULL,1440090715898,0,50% bullish,of 2 ratings,N/A
KELYA,$14.87,1440090715968,"44,098",67% bullish,of 6 ratings,$20
KFFB,$8.76,1440090715997,100,100% bearish,of 1 rating,N/A
