Symbol,Price,Date,Volume,Rating,RatingVoteCount,OneYearEstimate
TFSC,NULL,1440184202363,0,100% bearish,of 1 rating,N/A
TFSCR,NULL,1440184202473,0,Not yet rated,NULL,N/A
TFSCU,NULL,1440184202503,0,Not yet rated,NULL,N/A
FCCY,$11.67,1440184202535,200,100% bullish,of 1 rating,$13
PIH,$7.1801,1440184202573,"13,900",100% bearish,of 1 rating,N/A
TFSCW,NULL,1440184202598,0,100% bearish,of 1 rating,N/A
FCTY,$7.63,1440184202624,100,100% bullish,of 1 rating,$8.50
FLWS,$9.26,1440184202654,"148,561",100% bullish,of 5 ratings,$15
VNET,$19.46,1440184202755,"573,995",60% bullish,of 5 ratings,$29.50
TWOU,$33.99,1440184202847,"573,107",50% bullish,of 2 ratings,$39
SRCE,$30,1440184202887,"31,247",100% bullish,of 3 ratings,$33
USLV,$14.6629,1440184202912,"181,361",86% bullish,of 7 ratings,N/A
DSLV,$60.9079,1440184202979,"12,492",100% bearish,of 1 rating,N/A
UGLD,$9.9079,1440184203110,"229,424",100% bearish,of 1 rating,N/A
DGLD,$76.235,1440184203164,"15,635",100% bullish,of 1 rating,N/A
JOBS,$25.74,1440184203194,"124,544",50% bullish,of 4 ratings,$36
SIXD,$1.49,1440184203384,"227,555",Not yet rated,NULL,N/A
EGHT,$8.21,1440184203421,"265,655",82% bullish,of 17 ratings,$11
CAFD,$15.365,1440184203476,"287,282",Not yet rated,NULL,$25
ABEO,$4.88,1440184203614,"125,042",67% bullish,of 3 ratings,$15.50
SHLM,$34.03,1440184203772,"73,225",100% bearish,of 1 rating,$50
AVHI,$13.99,1440184203799,"31,023",100% bearish,of 1 rating,$19
AAON,$21.8,1440184203857,"106,332",100% bearish,of 1 rating,$24
ABAX,$47.56,1440184203885,"79,751",100% bearish,of 1 rating,$60
ABY,$19.86,1440184203907,"842,928",100% bearish,of 2 ratings,$46
ABGB,$4.1101,1440184203945,"26,594",67% bullish,of 3 ratings,$5.50
ABMD,$97.23,1440184204039,"660,422",75% bullish,of 4 ratings,$100.50
AXAS,$1.576,1440184204215,"497,563",78% bullish,of 9 ratings,$3.50
ABEOW,$1.9,1440184204288,"1,981",100% bullish,of 1 rating,N/A
ACAD,$35.81,1440184204347,"701,168",80% bullish,of 20 ratings,$48
ACHC,$73.87,1440184204378,"565,971",50% bullish,of 2 ratings,$92
ACTG,$8.83,1440184204481,"209,159",67% bullish,of 3 ratings,$18.50
ANCX,$18.95,1440184204696,"21,245",Not yet rated,NULL,$19
ACST,$0.3567,1440184204735,"39,768",100% bullish,of 2 ratings,N/A
ARAY,$6.59,1440184204800,"2,875,060",100% bearish,of 1 rating,$10.50
VXDN,$9.75,1440184204825,"20,834",Not yet rated,NULL,N/A
AXDX,$18.08,1440184204855,"149,607",100% bearish,of 1 rating,N/A
XLRN,$28.41,1440184204891,"86,292",50% bullish,of 2 ratings,$57
ACRX,$4.07,1440184204913,"315,344",67% bearish,of 6 ratings,$5.50
VXUP,$21.02,1440184204989,"39,206",Not yet rated,NULL,N/A
ACET,$24.5146,1440184205080,"89,741",75% bullish,of 4 ratings,$30
AKAO,$6.94,1440184205259,"41,614",75% bullish,of 4 ratings,$15
ACIW,$22,1440184205407,"340,185",50% bullish,of 2 ratings,$24
ACHN,$7.99,1440184205444,"1,266,217",90% bullish,of 21 ratings,$16
ACTS,$1.33,1440184205471,"26,785",100% bearish,of 1 rating,N/A
ACNB,$20.17,1440184205539,500,Not yet rated,NULL,N/A
ACPW,$1.74,1440184205572,"56,807",100% bullish,of 4 ratings,$3.50
ACTA,$13.945,1440184205593,"88,749",67% bearish,of 3 ratings,$25
ACOR,$30.09,1440184205669,"415,394",67% bearish,of 3 ratings,$38.50
ATVI,$27.38,1440184205771,"3,815,026",68% bullish,of 84 ratings,$31.50
ADAP,$12.68,1440184205866,"178,453",67% bullish,of 3 ratings,$22
ACXM,$20.22,1440184205893,"224,528",67% bullish,of 3 ratings,N/A
ACUR,$0.6059,1440184205922,"63,434",100% bullish,of 5 ratings,$1
ADMP,$3.462,1440184205953,"13,700",50% bullish,of 2 ratings,$10
ADMS,$19.965,1440184206052,"59,741",100% bearish,of 2 ratings,$36
ADUS,$30.11,1440184206254,"36,575",100% bearish,of 1 rating,$31
ADBE,$79.51,1440184206282,"2,786,527",65% bullish,of 17 ratings,$90
AEY,$2.3001,1440184206415,"24,042",100% bearish,of 2 ratings,N/A
ADEP,$6.7663,1440184206442,"24,286",50% bullish,of 2 ratings,$10.75
ADMA,$9.1316,1440184206522,"3,498",Not yet rated,NULL,$19
ADRO,$19.5401,1440184206574,"206,896",80% bullish,of 5 ratings,$45.50
ADTN,$15.59,1440184206600,"193,254",67% bullish,of 3 ratings,$17.125
AMD,$1.765,1440184206652,"5,443,293",83% bullish,of 103 ratings,$2
AEIS,$25.15,1440184206678,"120,457",50% bullish,of 2 ratings,$32.50
ADXSW,$10.5699,1440184206757,"4,674",100% bullish,of 1 rating,N/A
ADXS,$14.51,1440184206817,"725,214",64% bullish,of 14 ratings,$27
MULT,NULL,1440184206980,0,100% bearish,of 1 rating,N/A
AEGR,$18.425,1440184207011,"242,605",50% bullish,of 6 ratings,$26
YPRO,$23.25,1440184207112,"4,020",100% bearish,of 1 rating,N/A
AEGN,$18.26,1440184207182,"100,856",100% bearish,of 1 rating,$21
AEHR,$2.111,1440184207209,"2,764",50% bullish,of 2 ratings,N/A
AMTX,$3.17,1440184207290,"12,187",50% bullish,of 2 ratings,$26.11
AERI,$15.98,1440184207358,"262,638",75% bullish,of 4 ratings,$31.50
AEPI,$57.08,1440184207392,"14,203",100% bearish,of 1 rating,N/A
AEZS,$0.105,1440184207419,"3,556,632",90% bullish,of 21 ratings,$1.50
AVAV,$24.5,1440184207485,"96,484",50% bullish,of 4 ratings,$31
AFFX,$9.43,1440184207585,"355,333",80% bullish,of 5 ratings,$12
AEMD,$6.78,1440184207686,"185,119",Not yet rated,NULL,$27.50
AFMD,$9.99,1440184207754,"148,208",50% bullish,of 4 ratings,$15
AGEN,$7.09,1440184207832,"735,452",85% bullish,of 13 ratings,$14
AGRX,$8.46,1440184207896,"32,788",100% bearish,of 1 rating,$17.50
AGYS,$9.66,1440184207963,"15,702",100% bearish,of 1 rating,N/A
AGIO,$86.165,1440184207991,"414,224",88% bullish,of 8 ratings,$114
AGFS,$9.797,1440184208062,"59,250",100% bearish,of 1 rating,N/A
AGFSW,$1.8,1440184208126,"26,697",100% bearish,of 2 ratings,N/A
AIRT,$22.46,1440184208261,50,100% bullish,of 1 rating,N/A
AIRM,$36.53,1440184208282,"161,186",80% bearish,of 5 ratings,$53
AIMT,$21.3386,1440184208316,"105,157",Not yet rated,NULL,N/A
ATSG,$9.19,1440184208368,"151,737",67% bullish,of 3 ratings,$13
AIXG,$5.921,1440184208472,"31,037",67% bearish,of 3 ratings,$5.25
AKAM,$68.466,1440184208538,"991,592",63% bullish,of 8 ratings,$77
AMCN,$4.91,1440184208563,"342,731",83% bullish,of 6 ratings,N/A
AKBA,$6.66,1440184208816,"148,132",100% bearish,of 1 rating,$18
AKER,$2.65,1440184208886,"90,294",Not yet rated,NULL,N/A
AMRI,$19.74,1440184208918,"156,721",75% bearish,of 4 ratings,$24
ALRM,$16.42,1440184208974,"337,302",100% bearish,of 1 rating,$22
ADHD,$8.29,1440184209003,"173,516",50% bullish,of 4 ratings,$18
ABDC,$12.596,1440184209025,"15,561",Not yet rated,NULL,$15
AKRX,$40.48,1440184209055,"641,321",78% bullish,of 9 ratings,$56
ALSK,$2.08,1440184209087,"87,483",78% bullish,of 18 ratings,$2
ALDR,$37.2,1440184209252,"309,858",67% bearish,of 3 ratings,$62
ALDX,$7.7,1440184209285,"5,763",100% bearish,of 1 rating,$14.50
ALXN,$175.955,1440184209387,"848,114",88% bullish,of 8 ratings,$223
ALCO,$42.45,1440184209419,"18,637",50% bullish,of 2 ratings,N/A
ALXA,$1.0301,1440184209470,"24,599",83% bullish,of 6 ratings,$2.125
ALGN,$56.76,1440184209650,"216,478",100% bearish,of 2 ratings,$73
ALIM,$3.18,1440184209709,"130,017",80% bullish,of 5 ratings,$10
ALKS,$60.69,1440184209735,"455,018",67% bullish,of 3 ratings,$75
AFOP,$17.58,1440184209866,"97,346",75% bullish,of 8 ratings,$21
AIQ,$14.74,1440184209919,"8,207",67% bullish,of 3 ratings,N/A
ALLB,$23.1601,1440184210007,"1,104",Not yet rated,NULL,N/A
ARLP,$24.785,1440184210063,"87,853",67% bearish,of 3 ratings,$32
AHGP,$36.69,1440184210101,"22,910",67% bullish,of 3 ratings,N/A
ALGT,$217.88,1440184210131,"122,504",100% bearish,of 1 rating,$235
AHPI,$1.443,1440184210165,300,50% bullish,of 2 ratings,N/A
AMOT,$17.07,1440184210266,"60,383",100% bearish,of 1 rating,N/A
ALQA,$4.37,1440184210293,"30,535",75% bullish,of 4 ratings,$8.50
ALLT,$5.07,1440184210731,"44,668",75% bullish,of 4 ratings,$6.25
SMCP,$22.56,1440184210758,"1,500",Not yet rated,NULL,N/A
ALTR,$48.21,1440184210789,"1,922,655",80% bearish,of 5 ratings,$54
ALNY,$100.76,1440184210820,"296,539",67% bullish,of 3 ratings,$148.50
MDRX,$13.64,1440184210898,"663,203",60% bullish,of 5 ratings,$16
ASPS,$28.912,1440184210923,"137,725",67% bullish,of 3 ratings,$46.50
AIMC,$25.335,1440184211106,"65,871",100% bearish,of 1 rating,$28.50
AFAM,$46.79,1440184211163,"46,773",50% bullish,of 2 ratings,$44
ATEC,$0.5837,1440184211192,"29,620",100% bullish,of 1 rating,$2
AOSL,$7.31,1440184211268,"45,937",67% bullish,of 3 ratings,$9
AYA,$21.63,1440184211329,"56,039",100% bearish,of 1 rating,$40
AMRK,$10.59,1440184211356,"4,545",50% bullish,of 2 ratings,$14
AMAG,$60.49,1440184211493,"327,518",100% bullish,of 2 ratings,$77.50
AMRN,$2.03,1440184211668,"615,651",85% bullish,of 39 ratings,$8
AMZN,$497.189,1440184211694,"2,517,650",81% bullish,of 263 ratings,$646
AMBCW,$7.0532,1440184211824,"1,178",100% bearish,of 1 rating,N/A
AMBC,$15.68,1440184211855,"140,174",100% bearish,of 1 rating,$16.50
EPAX,$2.7036,1440184211887,"72,621",100% bearish,of 1 rating,N/A
AMCX,$68.03,1440184211955,"432,386",67% bullish,of 3 ratings,$85.50
AMBA,$89.06,1440184211984,"4,212,451",83% bullish,of 12 ratings,$102.50
DOX,$57.84,1440184212016,"98,256",50% bullish,of 2 ratings,$60
AMED,$40.86,1440184212156,"187,562",100% bearish,of 1 rating,$42
UHAL,$361.5,1440184212189,"9,369",100% bullish,of 2 ratings,$393.50
ASBI,$22.57,1440184212261,100,Not yet rated,NULL,N/A
ATAX,$5.27,1440184212289,"134,076",100% bullish,of 1 rating,$6.50
AAL,$40.03,1440184212336,"6,458,759",93% bullish,of 87 ratings,$57
AMDA,$0.4799,1440184212435,"1,062,662",90% bullish,of 10 ratings,$1
AMOV,$17.698,1440184212507,"5,163",100% bearish,of 1 rating,N/A
AGNC,$19.6999,1440184212613,"2,345,668",75% bullish,of 28 ratings,$22
AGNCB,$24.23,1440184212712,"19,268",Not yet rated,NULL,N/A
MTGE,$15.76,1440184212843,"302,108",75% bullish,of 4 ratings,$19.50
ACSF,$12.25,1440184212869,"30,099",100% bearish,of 1 rating,$15
MTGEP,NULL,1440184212896,0,Not yet rated,NULL,N/A
AGNCP,$25.3414,1440184213028,"5,361",Not yet rated,NULL,N/A
ANCI,$1.51,1440184213057,"9,768",100% bearish,of 1 rating,N/A
ACAS,$13.745,1440184213085,"1,025,268",60% bullish,of 5 ratings,$16.75
AMIC,NULL,1440184213135,0,Not yet rated,NULL,N/A
ANAT,$100.8199,1440184213310,"10,766",100% bullish,of 1 rating,N/A
AETI,NULL,1440184213338,0,67% bearish,of 3 ratings,N/A
AMNB,$22.96,1440184213364,"12,863",Not yet rated,NULL,$25.50
APEI,$21.39,1440184213493,"51,750",100% bearish,of 1 rating,$25.50
ARII,$38.79,1440184213563,"133,016",67% bearish,of 3 ratings,$45
AMSC,$3.55,1440184213719,"24,948",50% bullish,of 4 ratings,N/A
AMRB,$10.07,1440184213745,"1,854",Not yet rated,NULL,$11
AMWD,$69.07,1440184213888,"198,833",50% bullish,of 2 ratings,$58
ASRV,$3.24,1440184213919,302,100% bullish,of 2 ratings,N/A
ABCB,$27.8,1440184213941,"111,833",Not yet rated,NULL,$31
ASEI,$39.81,1440184213979,"37,644",100% bearish,of 1 rating,$52.50
AMSWA,$9.14,1440184214021,"32,974",100% bearish,of 2 ratings,$10.75
CRMT,$37.96,1440184214077,"96,930",100% bearish,of 1 rating,$49
AMSF,$49.93,1440184214235,"55,649",Not yet rated,NULL,$57.50
ASRVP,NULL,1440184214265,0,Not yet rated,NULL,N/A
ATLO,$23.3,1440184214403,"12,838",Not yet rated,NULL,N/A
AMGN,$157.561,1440184214432,"2,517,767",89% bullish,of 19 ratings,$185
FOLD,$14.28,1440184214459,"2,040,109",56% bullish,of 9 ratings,$21
AMSG,$81.52,1440184214653,"223,008",100% bearish,of 1 rating,$85.50
AMKR,$4.425,1440184214754,"1,168,930",100% bearish,of 2 ratings,$5
ANAC,$131.46,1440184214781,"451,775",80% bullish,of 5 ratings,$180.50
AMSGP,NULL,1440184214806,0,Not yet rated,NULL,N/A
AMPH,$13.9,1440184214832,"102,744",50% bullish,of 2 ratings,$20
ADI,$54.15,1440184214977,"2,356,410",67% bullish,of 3 ratings,$69
ASYS,$5.2098,1440184215009,"31,382",67% bullish,of 3 ratings,$12
AMRS,$1.631,1440184215038,"51,214",70% bullish,of 10 ratings,N/A
AFSI,$59.5201,1440184215115,"631,673",60% bullish,of 5 ratings,$72
ANCB,NULL,1440184215274,0,Not yet rated,NULL,$23
ABCW,$39.83,1440184215345,"6,434",67% bullish,of 3 ratings,N/A
ANAD,$0.3498,1440184215375,"114,637",100% bullish,of 2 ratings,$.50
ALOG,$83.27,1440184215448,"41,142",100% bearish,of 2 ratings,$100.50
AMCF,$0.26,1440184215602,"7,820",100% bullish,of 7 ratings,N/A
ANGI,$4.55,1440184215631,"600,463",64% bullish,of 11 ratings,$5.50
ANIP,$49.23,1440184215763,"188,460",89% bullish,of 19 ratings,$66
ANGO,$14.75,1440184215819,"65,920",67% bullish,of 3 ratings,$19
ANSS,$92.01,1440184215853,"249,375",100% bearish,of 1 rating,$100
ANTH,$7.15,1440184215893,"1,566,099",80% bullish,of 10 ratings,$13
ABAC,$0.73,1440184215919,"36,121",100% bearish,of 1 rating,N/A
APIC,$6.4586,1440184215992,"138,380",100% bearish,of 1 rating,$19
ANIK,$34.7,1440184216048,"63,595",60% bullish,of 5 ratings,$51.25
APOG,$51.37,1440184216235,"131,339",100% bullish,of 1 rating,$67
ATRS,$1.82,1440184216267,"463,877",92% bullish,of 12 ratings,$4.50
APOL,$11.01,1440184216345,"652,919",87% bearish,of 68 ratings,$14
AINV,$6.475,1440184216374,"796,528",50% bullish,of 4 ratings,$8
ATNY,$2.37,1440184216506,"2,153",50% bullish,of 2 ratings,$3.75
APPF,$16.98,1440184216638,"45,794",50% bullish,of 2 ratings,$22
ARCI,$1.19,1440184216668,"1,204",Not yet rated,NULL,N/A
APDNW,$1.2,1440184216689,"2,200",Not yet rated,NULL,N/A
APDN,$3.12,1440184216721,"55,422",Not yet rated,NULL,$9
AAPL,$107.06,1440184216743,"53,826,483",86% bullish,of 2336 ratings,$150
AGTC,$16.08,1440184216875,"82,001",50% bullish,of 2 ratings,$33
AMAT,$15.62,1440184216931,"8,242,698",82% bullish,of 11 ratings,$23
APRI,$1.3,1440184217034,"139,318",83% bullish,of 6 ratings,$4.86
AAOI,$20.02,1440184217083,"233,463",50% bullish,of 4 ratings,$26
AMCC,$5.32,1440184217108,"729,374",80% bullish,of 5 ratings,$8
AREX,$2.07,1440184217141,"680,413",100% bearish,of 1 rating,$3
APTO,$4.8989,1440184217245,"2,463",Not yet rated,NULL,$17
AQMS,$4.89,1440184217438,"10,814",Not yet rated,NULL,N/A
AQXP,$17.57,1440184217515,"396,291",50% bullish,of 2 ratings,$2
AUMAW,NULL,1440184217581,0,Not yet rated,NULL,N/A
AUMA,NULL,1440184217607,0,Not yet rated,NULL,N/A
AUMAU,$10,1440184217641,100,Not yet rated,NULL,N/A
PETX,$17.32,1440184217740,"226,676",100% bearish,of 2 ratings,$26
ABUS,$7.23,1440184217767,"436,148",86% bullish,of 14 ratings,$23
ARDM,$7.14,1440184217917,"4,158",100% bullish,of 1 rating,$26
ABIO,$0.8895,1440184218061,"75,544",50% bullish,of 2 ratings,$3.75
ARDX,$17.5,1440184218280,"78,100",50% bullish,of 2 ratings,$24.50
ARCB,$29.5,1440184218326,"146,204",50% bullish,of 2 ratings,$39.50
RKDA,$5.54,1440184218354,"13,974",100% bearish,of 2 ratings,$10
ARCW,$3.49,1440184218570,"24,611",100% bearish,of 2 ratings,$10.50
ACAT,$26.92,1440184218632,"213,554",100% bearish,of 3 ratings,$33
ARNA,$2.985,1440184218675,"3,016,971",90% bullish,of 77 ratings,$5.50
ARGS,$6.15,1440184218946,"73,941",50% bullish,of 2 ratings,$19.50
ARIS,$3.26,1440184219145,"5,846",Not yet rated,NULL,$4.50
AGII,$57.87,1440184219173,"105,211",Not yet rated,NULL,$59.50
AGIIL,$25.44,1440184219646,"4,914",Not yet rated,NULL,N/A
ARIA,$6.72,1440184219672,"2,320,564",87% bullish,of 46 ratings,$9
ARTX,$1.46,1440184219711,"80,034",88% bullish,of 16 ratings,$4.50
ACGL,$71.13,1440184219744,"108,816",50% bullish,of 2 ratings,$72
ARKR,$25.055,1440184219809,514,50% bullish,of 2 ratings,N/A
ARMH,$40.5,1440184219834,"853,478",54% bearish,of 13 ratings,$61
ARCC,$15.385,1440184219860,"1,255,690",67% bearish,of 3 ratings,$17.875
ARWA,NULL,1440184219886,0,Not yet rated,NULL,N/A
ARWAU,NULL,1440184220275,0,100% bullish,of 1 rating,N/A
ARWAR,NULL,1440184220370,0,Not yet rated,NULL,N/A
ARWAW,NULL,1440184220472,0,Not yet rated,NULL,N/A
ARRY,$5.47,1440184220559,"892,275",100% bullish,of 7 ratings,$10
AROW,$27.1014,1440184220786,"20,198",Not yet rated,NULL,N/A
ARQL,$1.66,1440184220821,"187,072",75% bullish,of 4 ratings,$5
ARRS,$26.44,1440184220872,"732,913",50% bullish,of 2 ratings,$38
ARTW,$4.4246,1440184220899,"3,004",75% bearish,of 4 ratings,N/A
ARWR,$5.59,1440184220927,"660,654",75% bullish,of 4 ratings,$10.50
DWAT,$10.0299,1440184220948,"46,263",100% bearish,of 1 rating,N/A
ARTNA,$22.45,1440184220982,"32,206",100% bearish,of 1 rating,$29
ASBB,$24.65,1440184221162,200,Not yet rated,NULL,N/A
ASNA,$11.29,1440184221366,"1,657,766",50% bullish,of 2 ratings,$18
ASCMA,$28.36,1440184221414,"106,034",100% bearish,of 1 rating,$45
ASND,$17.85,1440184221441,"22,873",100% bullish,of 1 rating,$30
ASTI,$0.1222,1440184221463,"1,605,281",83% bullish,of 6 ratings,$3
ASMI,NULL,1440184221609,0,NULL,NULL,NULL
AZPN,$38.29,1440184221699,"544,054",50% bullish,of 2 ratings,$42
APWC,$1.9,1440184221731,400,100% bearish,of 1 rating,N/A
ASMB,$12.55,1440184221762,"72,296",67% bullish,of 3 ratings,N/A
ASFI,$8.97,1440184221829,"2,742",100% bullish,of 1 rating,N/A
ASML,$86.12,1440184221858,"764,845",67% bullish,of 3 ratings,$127
ASTE,$36.18,1440184221920,"54,269",100% bearish,of 1 rating,$48
ATRO,$52.75,1440184222069,"68,701",100% bearish,of 2 ratings,$80
ASTC,$2.21,1440184222095,"31,654",100% bullish,of 5 ratings,N/A
ASUR,$5.66,1440184222137,"10,829",100% bearish,of 1 rating,$8
ALOT,$13.5,1440184222165,733,100% bearish,of 1 rating,N/A
ATAI,$2.73,1440184222298,"29,493",100% bearish,of 1 rating,N/A
ATRA,$42.25,1440184222519,"133,900",50% bullish,of 2 ratings,$68
ATHN,$132.11,1440184222560,"127,093",67% bearish,of 3 ratings,$153
AFCB,$28.01,1440184222600,168,Not yet rated,NULL,N/A
ATHX,$1.1949,1440184222700,"191,613",89% bullish,of 9 ratings,$5
AAPC,$10.21,1440184222731,197,Not yet rated,NULL,N/A
ACFC,$6.09,1440184222801,"87,426",Not yet rated,NULL,$6.50
AAME,$3.6399,1440184222831,831,Not yet rated,NULL,N/A
ATNI,$74.11,1440184222886,"51,200",100% bearish,of 1 rating,$69.50
ATLC,$3.938,1440184223186,"10,300",67% bullish,of 3 ratings,N/A
AAWW,$42.17,1440184223214,"256,331",50% bullish,of 2 ratings,$65
ATML,$6.98,1440184223535,"1,934,137",78% bullish,of 9 ratings,$9.50
ATRI,$390.01,1440184223590,"2,278",Not yet rated,NULL,N/A
AFH,$16.6,1440184223618,"63,752",Not yet rated,NULL,$21.50
ATRC,$25.93,1440184223640,"167,030",100% bullish,of 1 rating,$30
ATOS,$0.852,1440184223695,"157,994",100% bullish,of 7 ratings,$7
ATTU,$13.885,1440184223774,"32,877",100% bearish,of 1 rating,$20.50
LIFE,$14.36,1440184223841,"27,923",86% bullish,of 7 ratings,$43
AUBN,$27.0001,1440184223984,502,Not yet rated,NULL,N/A
AUPH,$3.18,1440184224088,"13,287",100% bearish,of 1 rating,$8
AUDC,$3.2,1440184224120,"52,282",80% bullish,of 5 ratings,$5
ADAT,$0.1259,1440184224219,"72,467",100% bullish,of 2 ratings,N/A
ABTL,$17.87,1440184224304,"57,683",100% bullish,of 4 ratings,$20.25
ATRM,$2.99,1440184224387,300,50% bullish,of 2 ratings,N/A
EARS,$4.82,1440184224445,"11,520",100% bearish,of 2 ratings,$11.50
ADSK,$52.41,1440184224477,"1,469,564",83% bullish,of 6 ratings,$69.50
ADP,$80.11,1440184224573,"1,202,605",100% bearish,of 1 rating,$88
AVGO,$112.195,1440184224609,"2,411,726",88% bullish,of 8 ratings,$160
AAVL,$10.75,1440184224672,"188,756",100% bearish,of 1 rating,$20
AVNU,NULL,1440184224774,0,Not yet rated,NULL,$14
AVNW,$1.2001,1440184224815,"95,613",50% bullish,of 2 ratings,$2.20
AVEO,$1.38,1440184224840,"1,264,138",75% bullish,of 8 ratings,$3
AVGR,$14.24,1440184224997,"16,569",100% bearish,of 1 rating,$20
AVID,$8.06,1440184225094,"424,995",100% bearish,of 1 rating,$20
AXPW,$1.1368,1440184225166,"32,161",83% bullish,of 6 ratings,N/A
CAR,$42.171,1440184225195,"1,255,921",80% bullish,of 5 ratings,$60
AWRE,$3.12,1440184225330,"4,120",67% bullish,of 3 ratings,N/A
ACLS,$3.29,1440184225357,"429,389",67% bullish,of 6 ratings,$4.75
AXGN,$3.945,1440184225383,"21,196",Not yet rated,NULL,$5
AXPWW,NULL,1440184225430,0,Not yet rated,NULL,N/A
AXTI,$2.18,1440184225563,"30,941",50% bullish,of 2 ratings,$2.75
BCOM,NULL,1440184225588,0,100% bearish,of 1 rating,N/A
RILY,$10,1440184225655,500,Not yet rated,NULL,N/A
BIDU,$154.27,1440184225856,"2,677,865",81% bullish,of 88 ratings,$210
BEAV,$48.595,1440184225890,"403,407",67% bearish,of 3 ratings,$59
BOSC,$2.2101,1440184225917,617,50% bullish,of 2 ratings,N/A
BCPC,$57.92,1440184225939,"80,001",100% bearish,of 1 rating,$75
BWINA,NULL,1440184225993,0,Not yet rated,NULL,N/A
BWINB,$23,1440184226126,"19,794",Not yet rated,NULL,N/A
BANF,$60.6301,1440184226270,"12,974",Not yet rated,NULL,$68
BLDP,$1.23,1440184226300,"415,107",91% bullish,of 22 ratings,$2.50
BANFP,NULL,1440184226321,0,Not yet rated,NULL,N/A
BKMU,$7.15,1440184226451,"100,855",Not yet rated,NULL,$8
BMRC,$48.7,1440184226535,"10,654",Not yet rated,NULL,$52
BOCH,$5.73,1440184226561,"16,683",Not yet rated,NULL,$6.50
BKSC,$15.68,1440184226799,437,Not yet rated,NULL,N/A
BWFG,$18.08,1440184226866,205,100% bearish,of 1 rating,N/A
BZUN,$5.601,1440184226892,"346,426",50% bullish,of 2 ratings,$12.60
BANR,$45.645,1440184226947,"49,125",100% bullish,of 3 ratings,$50
BOTJ,$11.321,1440184226972,"3,066",Not yet rated,NULL,N/A
OZRK,$40.72,1440184227029,"342,174",67% bullish,of 3 ratings,$49.50
BHAC,NULL,1440184227392,0,Not yet rated,NULL,N/A
BHACR,NULL,1440184227446,0,Not yet rated,NULL,N/A
BFIN,$12.16,1440184227476,"19,398",Not yet rated,NULL,$13
BHACW,NULL,1440184227502,0,Not yet rated,NULL,N/A
BHACU,NULL,1440184227527,0,Not yet rated,NULL,N/A
TAPR,$29.38,1440184227581,"4,450",100% bearish,of 1 rating,N/A
BSET,$29.03,1440184227788,"29,130",100% bearish,of 1 rating,$35
BYBK,$5.09,1440184227868,878,100% bearish,of 1 rating,N/A
BBCN,$14.86,1440184227898,"188,643",100% bearish,of 1 rating,$16
BYLK,$12.95,1440184227999,"4,438",Not yet rated,NULL,$14
BV,$5.1063,1440184228028,"203,150",67% bullish,of 6 ratings,$9
BCBP,$11.74,1440184228058,"8,495",Not yet rated,NULL,N/A
BDCV,$4.92,1440184228098,"6,167",100% bearish,of 1 rating,$10.19
BBSI,$34.65,1440184228165,"50,101",67% bearish,of 3 ratings,$62.50
BSF,$8.6999,1440184228458,"13,690",Not yet rated,NULL,N/A
BBGI,NULL,1440184228484,0,100% bearish,of 1 rating,N/A
BBBY,$62.04,1440184228695,"1,360,272",71% bullish,of 7 ratings,$75
BECN,$35.65,1440184228725,"227,758",50% bullish,of 2 ratings,$40
BLPH,$5.04,1440184228827,"23,752",100% bearish,of 1 rating,$12.50
BELFA,$15.5,1440184228968,100,100% bearish,of 1 rating,N/A
BELFB,$17.99,1440184228995,"36,030",100% bearish,of 1 rating,N/A
BNFT,$36.3,1440184229026,"68,572",67% bullish,of 3 ratings,$46
BLCM,$17.66,1440184229048,"574,020",50% bullish,of 4 ratings,$40
BNTC,$7.95,1440184229127,"27,448",100% bullish,of 1 rating,N/A
BEBE,$1.81,1440184229190,"108,022",75% bullish,of 4 ratings,$3.075
BGMD,$0.88,1440184229222,"195,501",100% bullish,of 10 ratings,N/A
BNCL,$12.72,1440184229255,"246,026",100% bullish,of 3 ratings,$12.50
BGFV,$10.91,1440184229406,"101,244",57% bullish,of 7 ratings,$12
BIND,$4.55,1440184229444,"38,066",67% bullish,of 3 ratings,$13.50
BGCP,$8.9,1440184229608,"1,191,716",88% bullish,of 8 ratings,$14
ORPN,$5.5099,1440184229690,"12,767",100% bullish,of 1 rating,$28.50
BIOC,$2.03,1440184229823,"406,295",83% bullish,of 6 ratings,$3.85
BDSI,$6.61,1440184229848,"718,979",88% bullish,of 8 ratings,$17
BASI,$1.39,1440184229876,"4,846",Not yet rated,NULL,N/A
BIOD,$0.6897,1440184229923,"133,754",80% bullish,of 5 ratings,$4
BLFS,$2.04,1440184230074,"76,776",100% bearish,of 1 rating,$4.75
BCDA,NULL,1440184230108,0,Not yet rated,NULL,N/A
BLRX,$1.4355,1440184230204,"188,194",100% bullish,of 12 ratings,$5
BIOL,$1.47,1440184230252,"35,624",Not yet rated,NULL,N/A
BCRX,$12,1440184230285,"428,837",63% bullish,of 8 ratings,$18
BIIB,$301.09,1440184230355,"1,225,270",88% bullish,of 16 ratings,$400
BMRN,$127.63,1440184230437,"566,768",80% bullish,of 5 ratings,$160
BVXV,$3.9201,1440184230540,"6,557",Not yet rated,NULL,N/A
BVXVW,NULL,1440184230626,0,100% bearish,of 1 rating,N/A
BIOS,$1.835,1440184230779,"746,911",71% bullish,of 7 ratings,$4
BPTH,$1.1301,1440184230808,"61,846",100% bullish,of 2 ratings,$5
BRLI,NULL,1440184230871,0,NULL,NULL,NULL
BBP,$32.21,1440184230904,"78,639",Not yet rated,NULL,N/A
BSTC,$50.1,1440184230974,"56,000",100% bearish,of 1 rating,$76
BBC,$30.7288,1440184230999,"56,376",Not yet rated,NULL,N/A
BSPM,$0.6792,1440184231058,"10,125",50% bullish,of 2 ratings,N/A
TECH,$102.68,1440184231129,"67,099",100% bullish,of 1 rating,$117
BEAT,$13.5,1440184231358,"233,955",67% bearish,of 3 ratings,$15
BOTA,$2.23,1440184231501,"39,320",88% bullish,of 8 ratings,N/A
BDMS,NULL,1440184231544,0,100% bearish,of 1 rating,N/A
BITI,$17.6,1440184231570,"30,994",100% bullish,of 1 rating,$28
BJRI,$44.88,1440184231631,"121,061",50% bullish,of 2 ratings,$55
BBOX,$15.43,1440184231726,"44,193",100% bearish,of 1 rating,N/A
BLKB,$58.625,1440184231821,"122,254",100% bearish,of 2 ratings,$66
BDE,$7.43,1440184231865,"142,521",50% bullish,of 2 ratings,$9
BKCC,$9.1,1440184231921,"277,408",100% bullish,of 2 ratings,$10
HAWK,$42.28,1440184231953,"389,504",90% bullish,of 10 ratings,$49
ADRA,$26.9551,1440184232024,800,Not yet rated,NULL,N/A
ADRD,$22.1847,1440184232054,"6,046",100% bearish,of 1 rating,N/A
BBRY,$7.165,1440184232085,"4,036,092",61% bullish,of 330 ratings,$9
ADRE,$29.7423,1440184232190,"43,013",Not yet rated,NULL,N/A
ADRU,$22.0853,1440184232295,"2,168",100% bearish,of 1 rating,N/A
BLMN,$20.385,1440184232509,"1,257,094",83% bullish,of 6 ratings,$27.50
BCOR,$13.46,1440184232535,"145,729",57% bullish,of 7 ratings,$15
BLBD,$11.5715,1440184232562,"6,469",Not yet rated,NULL,N/A
BHBK,$14.06,1440184232692,"91,321",100% bullish,of 1 rating,$14.50
NILE,$34.175,1440184232725,"45,331",50% bullish,of 2 ratings,$34
BUFF,$26.89,1440184232751,"394,869",83% bullish,of 12 ratings,$31.50
BBLU,$0.855,1440184232823,"92,949",100% bullish,of 2 ratings,$4.43
BLUE,$124.53,1440184232987,"376,097",71% bullish,of 7 ratings,$217.50
BKEP,$6.599,1440184233018,"35,065",100% bearish,of 1 rating,$8.50
BKEPP,$7.773,1440184233086,"1,100",100% bearish,of 1 rating,N/A
BOBE,$44.72,1440184233112,"80,301",75% bullish,of 4 ratings,$57
BPMC,$25.84,1440184233145,"32,468",50% bullish,of 2 ratings,$47.50
BNCN,$21.26,1440184233329,"73,591",Not yet rated,NULL,$23
BOKF,$62.015,1440184233564,"76,368",100% bearish,of 1 rating,$70.50
BONA,$11.84,1440184233589,"146,135",75% bullish,of 4 ratings,$8.50
WIFI,$7.85,1440184233667,"338,128",50% bullish,of 2 ratings,$13.50
BOFI,$124.025,1440184233728,"254,054",100% bullish,of 6 ratings,$144
BNSO,$1.3501,1440184233757,"6,080",100% bearish,of 1 rating,N/A
BOJA,$20.99,1440184233779,"141,021",100% bullish,of 1 rating,$30
BPFH,$12.14,1440184233917,"165,674",100% bearish,of 1 rating,$14
BAMM,$3.2099,1440184233949,"11,339",60% bullish,of 5 ratings,N/A
BPFHW,$5.5,1440184233971,558,100% bearish,of 1 rating,N/A
BPFHP,$25.14,1440184234052,"1,371",100% bearish,of 1 rating,N/A
BBRG,$12.54,1440184234296,"47,040",67% bullish,of 3 ratings,$14.50
BDBD,$8.47,1440184234359,"356,792",60% bullish,of 5 ratings,$10
BBEPP,$13.4,1440184234491,"64,986",100% bearish,of 1 rating,N/A
EPAY,$25.51,1440184234518,"84,352",100% bearish,of 2 ratings,$30
BBEP,$2.3,1440184234548,"1,617,662",69% bullish,of 13 ratings,$5.625
BDGE,$27.14,1440184234658,"15,133",Not yet rated,NULL,$31.75
BCLI,$2.9501,1440184234788,"55,277",80% bullish,of 5 ratings,$12
BLIN,$1.2001,1440184234819,"9,500",50% bullish,of 2 ratings,$2.20
BRID,$8.01,1440184234841,120,100% bearish,of 1 rating,N/A
BRCM,$48.97,1440184234921,"2,913,268",75% bullish,of 12 ratings,$56
BVSN,$5.64,1440184234982,"12,425",60% bearish,of 5 ratings,N/A
BSFT,$31.09,1440184235013,"93,434",57% bullish,of 7 ratings,$40.50
BYFC,$1.37,1440184235150,200,50% bullish,of 2 ratings,N/A
BCOV,$5.245,1440184235199,"88,659",67% bullish,of 3 ratings,$10.20
BWEN,$3.26,1440184235232,"15,664",100% bullish,of 3 ratings,$8
BRCD,$10.525,1440184235331,"8,406,581",92% bullish,of 13 ratings,$12.50
BMTC,$29.5,1440184235574,"50,345",Not yet rated,NULL,$34
BRKR,$19.15,1440184235604,"126,811",100% bearish,of 2 ratings,$22
BRKL,$10.78,1440184235635,"194,126",100% bearish,of 1 rating,$10.75
BLMT,$20.8697,1440184235714,"11,867",Not yet rated,NULL,N/A
BLDR,$14.955,1440184235768,"767,137",50% bullish,of 2 ratings,$22
BRKS,$10.41,1440184235793,"133,732",67% bullish,of 3 ratings,$15.25
BWLD,$190.75,1440184235986,"182,507",82% bullish,of 11 ratings,$205
BUR,$1.8582,1440184236049,"2,343",100% bearish,of 1 rating,$8
CFFI,$35.9001,1440184236075,"4,356",100% bearish,of 1 rating,N/A
BSQR,$6.1,1440184236097,"81,923",67% bullish,of 3 ratings,N/A
CHRW,$67.315,1440184236126,"561,036",Not yet rated,NULL,$72
CCMP,$44.16,1440184236361,"60,873",50% bullish,of 2 ratings,$59
CA,$27.64,1440184236387,"1,751,829",50% bullish,of 4 ratings,$33
CDZI,$7.54,1440184236416,"17,122",100% bearish,of 1 rating,N/A
CDNS,$19.97,1440184236450,"789,285",75% bullish,of 4 ratings,$22.50
CACQ,$7.1,1440184236547,"77,877",100% bearish,of 1 rating,$12.25
CZR,$7.93,1440184236578,"1,047,981",60% bearish,of 5 ratings,$10.50
CSTE,$44.595,1440184236617,"325,360",100% bearish,of 1 rating,$65
PRSS,$4.41,1440184236773,"11,936",80% bullish,of 5 ratings,$4.50
CHY,$11.547,1440184236813,"233,696",Not yet rated,NULL,N/A
CLBS,$1.32,1440184236950,"205,417",79% bullish,of 14 ratings,$4
CLMS,$11.4433,1440184236980,"50,047",Not yet rated,NULL,$10.50
CHI,$10.69,1440184237082,"278,432",100% bearish,of 1 rating,N/A
CFGE,NULL,1440184237327,0,Not yet rated,NULL,N/A
CHW,$7.61,1440184237353,"225,223",100% bearish,of 1 rating,N/A
CGO,$12,1440184237381,"23,456",100% bearish,of 1 rating,N/A
CSQ,$9.9131,1440184237420,"481,552",Not yet rated,NULL,N/A
CAMP,$15.78,1440184237554,"204,544",88% bullish,of 8 ratings,$25
CFNB,$13.4,1440184237585,105,100% bearish,of 1 rating,N/A
CCD,$19.63,1440184237607,"190,511",Not yet rated,NULL,N/A
CVGW,$54.74,1440184237658,"99,323",50% bullish,of 2 ratings,$58.50
CALD,$15.43,1440184237739,"253,095",100% bearish,of 1 rating,$20.50
CALA,$5.09,1440184237830,"290,499",100% bullish,of 3 ratings,$19.50
CALM,$49.69,1440184237869,"363,227",80% bullish,of 5 ratings,$65
CLMT,$25.29,1440184238198,"300,785",75% bullish,of 8 ratings,$31
CAMB,NULL,1440184238223,0,Not yet rated,NULL,N/A
CAMBU,NULL,1440184238354,0,100% bearish,of 1 rating,N/A
CAMBW,$0.14,1440184238385,100,Not yet rated,NULL,N/A
CAC,$40.6,1440184238411,"12,671",Not yet rated,NULL,N/A
CSIQ,$17.69,1440184238439,"2,470,920",86% bullish,of 28 ratings,$45
CGIX,$9.19,1440184238473,"35,982",67% bullish,of 3 ratings,$14.375
ABCD,$4.74,1440184238499,"111,092",83% bullish,of 6 ratings,N/A
CPHC,$10.45,1440184238572,"2,120",100% bearish,of 1 rating,N/A
CAMT,$2.79,1440184238669,"13,612",73% bullish,of 11 ratings,$4
CBNJ,$10.6208,1440184238730,"51,470",100% bullish,of 1 rating,N/A
CPLA,$48.86,1440184238835,"43,440",50% bullish,of 2 ratings,$65
CBF,$30.13,1440184238919,"76,843",Not yet rated,NULL,$32
CCBG,$15.2425,1440184238991,"21,050",Not yet rated,NULL,$17.25
CPLP,$7.0365,1440184239089,"397,326",71% bullish,of 7 ratings,$11
CPTA,$14.22,1440184239117,"41,458",Not yet rated,NULL,$18.50
CSWC,$47.04,1440184239162,"9,437",Not yet rated,NULL,N/A
CAPNW,$0.6199,1440184239253,615,Not yet rated,NULL,N/A
CFFN,$12.02,1440184239304,"447,512",Not yet rated,NULL,$12.75
CPST,$0.365,1440184239389,"761,904",95% bullish,of 22 ratings,$1.25
CAPN,$1.8497,1440184239418,"225,991",100% bullish,of 1 rating,$10.85
CARB,$11.4,1440184239449,"57,058",75% bullish,of 4 ratings,$12
CARA,$21.16,1440184239489,"187,246",50% bullish,of 4 ratings,$25
CAPR,$3.89,1440184239736,"4,617",Not yet rated,NULL,$12
CRDC,$0.393,1440184239769,"10,250",100% bullish,of 1 rating,$1.25
CBYL,$6.32,1440184239802,"31,960",100% bearish,of 1 rating,$20
CFNL,$22.54,1440184239867,"79,792",Not yet rated,NULL,$24
CRME,$9.5,1440184239893,"20,160",89% bullish,of 9 ratings,$11.25
CATM,$34.68,1440184239932,"191,396",100% bearish,of 1 rating,$44
CSII,$24.3406,1440184240067,"409,839",100% bearish,of 2 ratings,$42.125
CDNA,$6.44,1440184240129,"4,400",100% bearish,of 1 rating,$9
CTRE,$12,1440184240293,"137,379",50% bullish,of 2 ratings,N/A
CKEC,$21.9,1440184240325,"208,635",50% bullish,of 2 ratings,$35.915
CECO,$3.565,1440184240353,"352,450",67% bearish,of 3 ratings,$6
CART,NULL,1440184240428,0,100% bearish,of 1 rating,N/A
CLBH,$12.76,1440184240497,200,Not yet rated,NULL,$16.50
CARO,$15.35,1440184240603,"1,200",100% bearish,of 1 rating,$19
TAST,$11.94,1440184240631,"173,960",Not yet rated,NULL,$14.25
CRZO,$31.56,1440184240777,"675,263",67% bearish,of 3 ratings,$57
CRTN,NULL,1440184240803,0,100% bearish,of 1 rating,N/A
CSCD,$14.24,1440184241091,"61,667",100% bullish,of 2 ratings,$17
CASY,$105.2,1440184241148,"227,998",50% bullish,of 2 ratings,$99.50
CARV,$5.61,1440184241174,200,50% bullish,of 2 ratings,N/A
CASM,$1.0821,1440184241247,"3,558",100% bullish,of 1 rating,$3.50
CWST,$6.2,1440184241350,"172,836",50% bullish,of 2 ratings,$7
CATB,$11.25,1440184241407,"64,436",100% bearish,of 1 rating,$28
CASI,$1.4764,1440184241485,"5,814",100% bullish,of 1 rating,$3.50
CACB,$5.41,1440184241512,"57,983",Not yet rated,NULL,$5.50
CASS,$47.9,1440184241550,"29,620",100% bearish,of 1 rating,N/A
CPRX,$3.68,1440184241715,"758,890",71% bullish,of 7 ratings,$7
CATY,$30.39,1440184241797,"363,419",100% bearish,of 1 rating,$33.50
CAVM,$66.55,1440184241845,"329,995",67% bearish,of 3 ratings,$72
CVCO,$73.42,1440184241930,"30,982",100% bearish,of 1 rating,N/A
CBFV,$20.65,1440184241962,"4,164",Not yet rated,NULL,N/A
CATYW,$10.54,1440184241988,100,100% bearish,of 1 rating,N/A
CNLM,$9.97,1440184242062,"1,292",Not yet rated,NULL,N/A
CNLMU,NULL,1440184242218,0,100% bullish,of 1 rating,N/A
CNLMR,NULL,1440184242244,0,Not yet rated,NULL,N/A
CBOE,$61.44,1440184242315,"253,336",Not yet rated,NULL,$60
CDK,$48.36,1440184242380,"296,484",67% bearish,of 3 ratings,$50
CNLMW,NULL,1440184242410,0,Not yet rated,NULL,N/A
CDW,$38.6,1440184242432,"529,994",75% bullish,of 4 ratings,$44
CECE,$9.48,1440184242566,"68,676",50% bullish,of 2 ratings,$16
CPXX,$2.15,1440184242617,"56,768",100% bullish,of 2 ratings,$7
CELGZ,$1.84,1440184242762,"7,600",80% bullish,of 5 ratings,N/A
CELG,$120.2043,1440184242792,"3,204,601",92% bullish,of 13 ratings,$155.50
CLDX,$13.63,1440184242843,"1,719,983",89% bullish,of 9 ratings,$36
CLDN,$1.03,1440184242878,"207,503",71% bullish,of 7 ratings,$3
CLRB,$3.08,1440184242978,"2,107",100% bearish,of 1 rating,N/A
CLLS,$30,1440184243004,"89,575",75% bullish,of 4 ratings,$51.50
CLRBW,$0.94,1440184243190,200,Not yet rated,NULL,N/A
CBMG,$22.5086,1440184243218,"33,489",50% bullish,of 2 ratings,N/A
CLTX,$3.0962,1440184243265,"2,384,301",100% bullish,of 2 ratings,N/A
CLSN,$1.919,1440184243356,"109,567",80% bullish,of 10 ratings,$7.50
CETX,$2.5,1440184243446,"12,550",Not yet rated,NULL,$5.60
CSFL,$14.06,1440184243479,"100,836",Not yet rated,NULL,$15
CYAD,$53.25,1440184243516,573,100% bullish,of 1 rating,$87.50
CEMP,$35.495,1440184243579,"585,224",71% bullish,of 7 ratings,$52
CFBK,$1.38,1440184243671,"5,900",Not yet rated,NULL,N/A
CVCY,$10.97,1440184243924,405,Not yet rated,NULL,$12
CENT,$11.98,1440184243950,"20,651",Not yet rated,NULL,$10
CNBKA,$40.59,1440184244010,"4,519",100% bullish,of 1 rating,N/A
CETV,$2.0401,1440184244115,"137,875",67% bullish,of 3 ratings,$2.80
CENX,$5.18,1440184244155,"1,029,890",67% bullish,of 6 ratings,$9
CPHD,$48.051,1440184244182,"391,992",50% bullish,of 2 ratings,$66.50
CNTY,$6.0901,1440184244252,"4,529",80% bullish,of 5 ratings,$7.75
CENTA,$12.64,1440184244280,"122,094",Not yet rated,NULL,N/A
CRNT,$1.37,1440184244312,"241,804",50% bullish,of 2 ratings,$2
CERE,$1.1099,1440184244413,"385,547",88% bullish,of 8 ratings,N/A
CERN,$62.16,1440184244454,"1,065,214",67% bullish,of 3 ratings,$79
CERS,$4.76,1440184244553,"454,553",75% bullish,of 4 ratings,$7
CERU,$3.4,1440184244618,"16,539",75% bullish,of 4 ratings,$15
CEVA,$18.43,1440184244701,"36,520",100% bearish,of 1 rating,$25
KOOL,$0.6901,1440184244915,"10,436",100% bullish,of 5 ratings,$7
HOTRW,NULL,1440184244944,0,Not yet rated,NULL,N/A
CTHR,$1.24,1440184245011,"47,840",50% bullish,of 2 ratings,$2.50
GTLS,$22.39,1440184245041,"231,426",50% bullish,of 4 ratings,$40
HOTR,$1.42,1440184245067,"165,485",100% bullish,of 2 ratings,$5
CHFN,$12.49,1440184245111,"27,567",Not yet rated,NULL,$14
CYOU,$20.04,1440184245139,"379,174",50% bullish,of 6 ratings,$24
CHTR,$177.48,1440184245315,"512,464",100% bearish,of 2 ratings,$196
CHEK,$3.02,1440184245348,700,Not yet rated,NULL,$7.75
CHEKW,NULL,1440184245446,0,Not yet rated,NULL,N/A
CEMI,$4.28,1440184245510,"4,239",50% bullish,of 2 ratings,$7.50
CHFC,$31.93,1440184245543,"68,249",100% bearish,of 1 rating,$36
CHKP,$77.38,1440184245569,"690,779",50% bullish,of 4 ratings,$92
CHMG,$26.6,1440184245915,700,Not yet rated,NULL,$30
CHMA,$23.8442,1440184245946,"109,139",Not yet rated,NULL,$40
CCXI,$6.61,1440184245979,"88,044",67% bullish,of 3 ratings,$14
CHKE,$25.5544,1440184246044,"22,350",100% bearish,of 1 rating,$32.50
CBNK,$16.51,1440184246084,215,100% bearish,of 1 rating,N/A
PLCE,$58.505,1440184246130,"259,696",100% bearish,of 1 rating,$71
CHEV,$14.35,1440184246156,"7,950",Not yet rated,NULL,N/A
CMRX,$46.76,1440184246220,"258,324",50% bullish,of 2 ratings,$57
CADC,NULL,1440184246415,0,78% bullish,of 9 ratings,N/A
CBAK,$1.85,1440184246494,"35,259",67% bullish,of 9 ratings,N/A
CALI,$0.9172,1440184246525,"7,036",67% bullish,of 3 ratings,N/A
CAAS,$6.51,1440184246598,"30,770",93% bullish,of 14 ratings,$11.50
CCCL,$0.8601,1440184246627,"1,030",100% bullish,of 6 ratings,N/A
JRJC,$3.88,1440184246756,"152,850",82% bullish,of 11 ratings,N/A
CCCR,$0.86,1440184246783,"32,928",67% bearish,of 3 ratings,N/A
CBPO,$98.31,1440184246811,"221,542",75% bullish,of 8 ratings,$140.50
HGSH,$1.83,1440184246970,"12,300",67% bullish,of 3 ratings,N/A
CNIT,$1.5399,1440184247064,"25,820",67% bullish,of 6 ratings,N/A
CHLN,$2.05,1440184247097,"5,703",67% bullish,of 3 ratings,N/A
CHOP,$1.22,1440184247142,"53,042",50% bullish,of 2 ratings,N/A
CJJD,$1.94,1440184247170,"48,886",100% bullish,of 1 rating,N/A
CHNR,$2.0373,1440184247197,600,100% bearish,of 1 rating,N/A
HTHT,$24.69,1440184247330,"59,965",50% bullish,of 2 ratings,$28
CPGI,$6.95,1440184247523,"1,288",Not yet rated,NULL,N/A
CXDC,$6.21,1440184247554,"106,150",67% bullish,of 3 ratings,N/A
CREG,$0.73,1440184247581,"107,062",100% bullish,of 3 ratings,N/A
CNTF,$0.8786,1440184247603,"115,901",Not yet rated,NULL,N/A
CSUN,$1.38,1440184247738,"16,474",80% bullish,of 5 ratings,N/A
CCIH,$5.59,1440184247766,"879,440",67% bullish,of 6 ratings,$12.65
CNYD,$3.03,1440184247794,"7,691",67% bullish,of 3 ratings,N/A
IMOS,$16.13,1440184248025,"173,631",60% bullish,of 5 ratings,$21.50
CHSCN,$27.0444,1440184248063,"3,025",Not yet rated,NULL,N/A
CHSCM,$25.88,1440184248096,"31,176",Not yet rated,NULL,N/A
CNET,$0.8806,1440184248123,"31,203",50% bullish,of 2 ratings,N/A
CHSCO,$28.3234,1440184248145,"8,547",Not yet rated,NULL,N/A
CHSCL,$27.08,1440184248201,"22,920",Not yet rated,NULL,N/A
CHSCP,$30.29,1440184248458,"2,165",Not yet rated,NULL,N/A
CIFC,$7.01,1440184248489,"7,756",Not yet rated,NULL,N/A
CHUY,$31.76,1440184248511,"144,935",50% bullish,of 2 ratings,$34
CMCT,$15.02,1440184248546,"2,610",100% bearish,of 1 rating,N/A
CDTX,$14.19,1440184248568,"9,532",Not yet rated,NULL,$22
CHDN,$134.15,1440184248592,"41,914",Not yet rated,NULL,$165
CMPR,$68.04,1440184248732,"334,917",50% bullish,of 2 ratings,$72.50
CIDM,$0.6298,1440184248866,"70,309",50% bullish,of 2 ratings,$2.10
CPHR,$6.77,1440184248900,"1,200",100% bearish,of 1 rating,$16
CTAS,$85.32,1440184248922,"237,031",100% bearish,of 1 rating,$91
CINF,$54.3,1440184248999,"321,215",50% bullish,of 4 ratings,$50.50
CRUS,$27.58,1440184249131,"653,963",75% bullish,of 12 ratings,$44.50
CZNC,$19.7,1440184249184,"9,287",Not yet rated,NULL,N/A
CSCO,$26.795,1440184249390,"19,918,057",84% bullish,of 208 ratings,$32
CZFC,$12.7201,1440184249418,700,Not yet rated,NULL,N/A
CZWI,NULL,1440184249447,0,Not yet rated,NULL,N/A
CTRN,$27.9,1440184249479,"82,742",100% bearish,of 1 rating,$31.50
CIZN,$19.3541,1440184249580,611,Not yet rated,NULL,N/A
CTXS,$74.64,1440184249607,"698,657",86% bullish,of 7 ratings,$80
CIVB,$10.0601,1440184249663,"5,537",Not yet rated,NULL,$11
CHCO,$47.79,1440184249684,"37,884",Not yet rated,NULL,$46
CDTI,$1.57,1440184249944,"60,623",75% bullish,of 4 ratings,$3.20
CLRO,$11.822,1440184250018,"3,103",50% bullish,of 2 ratings,$14.25
CIVBP,NULL,1440184250043,0,Not yet rated,NULL,N/A
CLNE,$4.0399,1440184250071,"908,043",80% bullish,of 15 ratings,$9
CLNT,$1.6999,1440184250202,"52,934",75% bullish,of 8 ratings,N/A
CLIR,$4.7401,1440184250245,"11,240",100% bullish,of 3 ratings,N/A
CLFD,$16.95,1440184250304,"39,245",67% bullish,of 3 ratings,$18
CMFN,$11.76,1440184250346,"11,149",100% bearish,of 1 rating,$15.50
CLVS,$73.335,1440184250403,"282,786",60% bullish,of 5 ratings,$101.50
CSBK,$13.73,1440184250431,"40,110",Not yet rated,NULL,N/A
CBLI,$3.8204,1440184250480,"33,238",60% bullish,of 5 ratings,N/A
CME,$92.59,1440184250659,"904,159",67% bullish,of 3 ratings,$102
CNV,$4.6199,1440184250720,"9,223",50% bullish,of 2 ratings,$7.15
CISG,$7.76,1440184250749,"135,981",100% bullish,of 5 ratings,$10
CCNE,$17.28,1440184250790,"18,058",50% bullish,of 2 ratings,$21.50
CWAY,$11.26,1440184250878,304,Not yet rated,NULL,N/A
COBZ,$13,1440184251033,"93,884",100% bullish,of 1 rating,$14
COKE,$154.85,1440184251066,"22,327",79% bullish,of 19 ratings,N/A
CDRB,$11.2701,1440184251113,"7,216",67% bullish,of 3 ratings,N/A
CDXS,$4.01,1440184251207,"38,805",64% bullish,of 11 ratings,$6
JVA,$4.6001,1440184251266,"17,299",83% bullish,of 6 ratings,$7
CGNX,$35.75,1440184251427,"469,925",50% bullish,of 2 ratings,$47
CVLY,$20.55,1440184251465,"6,369",Not yet rated,NULL,N/A
CCOI,$28.28,1440184251531,"226,887",50% bullish,of 4 ratings,$35
CTSH,$63.71,1440184251558,"1,793,044",90% bullish,of 10 ratings,$75
CGNT,$1.66,1440184251686,"31,232",100% bullish,of 2 ratings,$2
COHR,$57.5,1440184251774,"84,636",50% bullish,of 2 ratings,$72
CHRS,$30.005,1440184251806,"128,761",67% bearish,of 3 ratings,$37
COHU,$9.66,1440184251859,"96,143",100% bearish,of 1 rating,$14.25
CLRX,$0.4901,1440184251904,"58,128",50% bullish,of 2 ratings,N/A
CLCT,$18.0201,1440184251934,"53,508",100% bearish,of 1 rating,N/A
COLL,$15.24,1440184252035,"30,863",100% bearish,of 1 rating,$26
CIGI,$44.21,1440184252180,"4,011",100% bearish,of 1 rating,$52
CBAN,$8.75,1440184252206,400,Not yet rated,NULL,N/A
CLCD,$7.18,1440184252232,"10,785",100% bearish,of 1 rating,$20.50
COLB,$31.27,1440184252380,"142,777",Not yet rated,NULL,$36
CMCO,$19.25,1440184252423,"82,337",60% bullish,of 5 ratings,$28
COLM,$63.11,1440184252463,"128,810",100% bearish,of 1 rating,$71
CMCSA,$57.18,1440184252527,"8,950,389",66% bullish,of 35 ratings,$69.50
CBMX,$1.2,1440184252598,"31,485",83% bullish,of 6 ratings,$3.15
CMCSK,$57.87,1440184252764,"2,151,373",Not yet rated,NULL,$84
CBSH,$45.395,1440184252903,"196,423",50% bullish,of 2 ratings,$46
CBSHP,$25.215,1440184252929,"1,216",100% bearish,of 1 rating,N/A
COMM,$29.365,1440184252955,"639,640",67% bearish,of 3 ratings,$35
CSAL,$21.03,1440184252988,"396,059",75% bullish,of 4 ratings,$30
CUBN,$13.8,1440184253089,"1,185",Not yet rated,NULL,N/A
CVGI,$4.69,1440184253153,"58,309",50% bullish,of 2 ratings,$6
JCS,$9.2135,1440184253234,300,67% bullish,of 3 ratings,N/A
CTBI,$34.86,1440184253379,"27,027",Not yet rated,NULL,$36
CWBC,$6.773,1440184253407,"2,410",Not yet rated,NULL,N/A
ESXB,$5.1,1440184253446,"11,083",Not yet rated,NULL,N/A
COB,$10.41,1440184253545,"18,198",100% bullish,of 1 rating,$11.75
CYHHZ,$0.0113,1440184253573,"4,466",100% bullish,of 1 rating,N/A
CIL,$33.88,1440184253708,100,Not yet rated,NULL,N/A
CVLT,$36.395,1440184253739,"225,122",75% bullish,of 4 ratings,$44.50
CIZ,$33.4092,1440184253837,"5,078",100% bearish,of 1 rating,N/A
CSA,$33.32,1440184253881,"1,280",Not yet rated,NULL,N/A
CDC,$35.33,1440184254019,"21,863",Not yet rated,NULL,N/A
CSF,$36.89,1440184254049,"3,791",100% bearish,of 1 rating,N/A
CFA,$36.0701,1440184254123,"1,606",100% bearish,of 1 rating,N/A
CID,$33.93,1440184254149,100,Not yet rated,NULL,N/A
CFO,$35.9156,1440184254217,"13,667",100% bearish,of 1 rating,N/A
CDL,$34.42,1440184254316,"7,400",Not yet rated,NULL,N/A
CSB,NULL,1440184254344,0,Not yet rated,NULL,N/A
CGEN,$5.17,1440184254475,"80,522",50% bullish,of 2 ratings,$11
CTG,$6.61,1440184254531,"16,772",100% bearish,of 1 rating,$8.50
CMTL,$26.23,1440184254610,"37,450",100% bearish,of 2 ratings,$37
CHCI,$0.6076,1440184254639,"17,500",50% bullish,of 2 ratings,N/A
CPSI,$45.27,1440184254686,"45,039",100% bearish,of 1 rating,$45.50
SCOR,$56.76,1440184254746,"336,639",100% bearish,of 1 rating,$66
CNSI,$18.662,1440184254852,"116,837",100% bearish,of 2 ratings,$29
CNAT,$4.06,1440184254878,"111,763",83% bullish,of 6 ratings,$13
CNCE,$15.63,1440184254906,"183,358",75% bullish,of 4 ratings,$22
CCUR,$5.154,1440184255056,"14,078",75% bullish,of 4 ratings,N/A
CDOR,$1.4004,1440184255155,"5,049",100% bullish,of 1 rating,N/A
CXRX,$72.68,1440184255197,"3,494",Not yet rated,NULL,$90
CDORP,$6.7921,1440184255222,800,100% bearish,of 1 rating,N/A
CDORO,NULL,1440184255248,0,100% bearish,of 1 rating,N/A
CNFR,$10.4026,1440184255301,"15,246",Not yet rated,NULL,N/A
CNMD,$54.9825,1440184255479,"90,130",Not yet rated,NULL,$59
CFMS,$21.45,1440184255506,"221,532",Not yet rated,NULL,$27
CTWS,$35.06,1440184255641,"28,616",100% bearish,of 1 rating,$44
CNOB,$19.55,1440184255669,"111,815",100% bullish,of 1 rating,$23.50
CNSL,$20.02,1440184255701,"166,188",100% bearish,of 1 rating,$23
CONN,$31.29,1440184255723,"215,383",67% bullish,of 3 ratings,$48.50
CNXR,$6.25,1440184255802,"20,100",100% bearish,of 1 rating,$12
CPSS,$5.55,1440184255958,"46,360",100% bullish,of 1 rating,$10
CFRXW,$1.89,1440184256060,"1,275",100% bearish,of 1 rating,N/A
CWCO,$10.75,1440184256094,"116,641",67% bullish,of 3 ratings,$14.50
CFRX,$5.1799,1440184256116,"25,570",Not yet rated,NULL,$14
CTRV,$3.64,1440184256188,"39,965",Not yet rated,NULL,$6.40
CFRXZ,$0.55,1440184256249,"1,350",Not yet rated,NULL,N/A
CTCT,$24.18,1440184256282,"173,064",67% bullish,of 3 ratings,$37
CTRL,$8.04,1440184256308,"106,127",50% bullish,of 2 ratings,$11
CORT,$4.63,1440184256448,"332,200",67% bullish,of 3 ratings,$12
CPRT,$34.7629,1440184256543,"149,904",67% bearish,of 3 ratings,$40
BVA,$3.7,1440184256617,"3,692",50% bullish,of 2 ratings,N/A
CRBP,$2.06,1440184256678,"793,244",100% bullish,of 2 ratings,$6.25
CORE,$60.05,1440184256713,"68,589",100% bearish,of 1 rating,$72
CSOD,$36.95,1440184256765,"279,371",50% bullish,of 2 ratings,$42
CRVL,$32.36,1440184256815,"20,098",100% bearish,of 1 rating,N/A
CORI,$10.99,1440184256840,"38,100",100% bearish,of 1 rating,$18
COSI,$1.12,1440184256981,"70,930",100% bullish,of 1 rating,N/A
COST,$139.7101,1440184257053,"1,478,065",79% bullish,of 24 ratings,$154.50
ICBK,$18,1440184257127,416,Not yet rated,NULL,$21
CSGP,$181.97,1440184257196,"32,866",50% bullish,of 2 ratings,$235
CPAH,$0.4301,1440184257281,"11,652",50% bullish,of 2 ratings,N/A
CVTI,$22.59,1440184257311,"113,741",67% bearish,of 3 ratings,$39
COVS,$2.56,1440184257332,"66,140",67% bullish,of 3 ratings,N/A
CRAI,$22.58,1440184257631,"23,810",Not yet rated,NULL,$36
COWNL,$27.19,1440184257660,"3,000",Not yet rated,NULL,N/A
CPSH,NULL,1440184257681,0,Not yet rated,NULL,N/A
CRAY,$20.74,1440184257720,"174,073",83% bullish,of 6 ratings,$38.50
CBRL,$144.3,1440184257742,"241,057",50% bullish,of 2 ratings,$155
COWN,$5.1201,1440184257765,"582,695",75% bullish,of 4 ratings,$7
BREW,$7.3299,1440184257829,"46,019",67% bullish,of 6 ratings,$15
CACC,$193.33,1440184257910,"87,066",50% bullish,of 2 ratings,$158.50
GLDI,$11.09,1440184258045,"34,670",100% bearish,of 1 rating,N/A
SLVO,$10.4101,1440184258183,"3,000",100% bearish,of 1 rating,N/A
CREE,$25.33,1440184258205,"609,868",65% bullish,of 17 ratings,$29.50
CRESY,$10.31,1440184258289,"22,554",100% bearish,of 1 rating,$19
CROX,$14.11,1440184258343,"693,627",63% bullish,of 8 ratings,$16.50
CCRN,$14.28,1440184258440,"117,007",100% bearish,of 1 rating,$14.25
CRTO,$44.55,1440184258490,"421,902",67% bullish,of 6 ratings,$64
CRWN,$4.58,1440184258623,"102,351",75% bullish,of 4 ratings,N/A
CRWS,$8.04,1440184258656,"2,315",Not yet rated,NULL,$10
CRDS,$1.02,1440184258687,"13,160",50% bullish,of 4 ratings,$4.50
CCLP,$13.8719,1440184258709,"52,512",67% bearish,of 3 ratings,$21
CYRX,$2.9101,1440184258752,"5,942",Not yet rated,NULL,$9
CSGS,$31.09,1440184258849,"109,024",Not yet rated,NULL,$40
CYRXW,$0.949,1440184258880,"7,200",Not yet rated,NULL,N/A
CSPI,$6.0801,1440184259011,"2,700",67% bullish,of 3 ratings,N/A
CTCM,$1.69,1440184259154,"275,543",80% bearish,of 5 ratings,$3.90
CTIC,$1.67,1440184259213,"1,432,437",84% bullish,of 76 ratings,$5.75
CTIB,NULL,1440184259263,0,100% bearish,of 1 rating,N/A
CTRP,$63.335,1440184259294,"1,104,540",75% bullish,of 8 ratings,$92
CUNB,$22.01,1440184259392,"36,740",Not yet rated,NULL,$24.50
CMLS,$1.27,1440184259523,"744,871",50% bullish,of 4 ratings,$6
CPIX,$5.92,1440184259553,"3,115",Not yet rated,NULL,N/A
CUI,$4.81,1440184259584,"85,281",50% bullish,of 2 ratings,$10
CRIS,$2.58,1440184259683,"334,370",100% bullish,of 8 ratings,$6
CVV,$11.35,1440184259713,"23,556",100% bullish,of 5 ratings,N/A
CVBF,$16.66,1440184259845,"302,364",Not yet rated,NULL,$18
CUTR,$14.49,1440184259900,"45,062",67% bearish,of 3 ratings,$18
CYAN,$6.98,1440184259930,"1,560",100% bearish,of 1 rating,N/A
CYBX,$66.46,1440184260040,"403,690",50% bullish,of 4 ratings,$70
CYBR,$51.932,1440184260070,"1,692,992",86% bullish,of 7 ratings,$66
CYBE,$5.93,1440184260147,"8,250",100% bearish,of 1 rating,N/A
CYCCP,NULL,1440184260279,0,100% bearish,of 1 rating,N/A
CBAY,$2.692,1440184260306,"37,528",100% bullish,of 1 rating,$4
CYCC,$0.5699,1440184260334,"118,657",73% bullish,of 11 ratings,N/A
CYNO,$32.08,1440184260534,"174,588",67% bearish,of 3 ratings,$45.50
CY,$9.31,1440184260562,"2,371,899",80% bullish,of 10 ratings,$15.50
CYNA,$16.05,1440184260589,"21,291",100% bullish,of 1 rating,$31.50
CYRN,$1.64,1440184260616,"245,829",67% bullish,of 3 ratings,$4
CONE,$33.05,1440184260642,"303,886",67% bearish,of 3 ratings,$35
CYTK,$6.56,1440184260747,"156,699",71% bullish,of 14 ratings,$13.50
CYTX,$0.3702,1440184260776,"607,811",83% bullish,of 12 ratings,$5.50
DAEG,$0.355,1440184260986,"4,300",100% bearish,of 1 rating,N/A
TVIZ,$14.671,1440184261014,"1,960",100% bearish,of 1 rating,N/A
TVIX,$8.8628,1440184261043,"15,881,393",81% bullish,of 16 ratings,N/A
CTSO,$6.95,1440184261085,"48,193",Not yet rated,NULL,$15.625
CYTR,$2.2,1440184261177,"683,425",67% bullish,of 6 ratings,$10
ZIV,$46.554,1440184261215,"78,151",Not yet rated,NULL,N/A
XIV,$36.9315,1440184261349,"20,735,918",75% bearish,of 4 ratings,N/A
DJCO,$199.96,1440184261375,"1,530",Not yet rated,NULL,N/A
DAKT,$11.62,1440184261401,"101,867",50% bullish,of 2 ratings,$14
DTLK,$5.63,1440184261567,"77,619",100% bearish,of 1 rating,$9
DWCH,$5.04,1440184261597,"23,515",75% bullish,of 4 ratings,$8.25
DARA,$0.88,1440184261627,"35,611",83% bullish,of 6 ratings,$1.50
DAIO,$2.58,1440184261649,"3,412",Not yet rated,NULL,N/A
DTEA,$13.6,1440184261796,"111,929",100% bearish,of 2 ratings,$24
DRAM,NULL,1440184261823,0,78% bullish,of 9 ratings,N/A
PLAY,$34.42,1440184261845,"189,089",100% bullish,of 5 ratings,$42
DWSN,$4.055,1440184262063,"32,066",67% bullish,of 3 ratings,$6
TRAK,$62.935,1440184262154,"814,280",50% bullish,of 2 ratings,$62.50
DBVT,$39.08,1440184262226,"76,204",100% bearish,of 1 rating,$53
TACO,$13.0301,1440184262256,"190,237",100% bullish,of 3 ratings,$20
DGAS,$20.236,1440184262277,"1,513",67% bearish,of 3 ratings,N/A
DHRM,$1.68,1440184262306,"2,986",Not yet rated,NULL,N/A
DCTH,$0.4794,1440184262456,"65,442",78% bullish,of 9 ratings,N/A
TACOW,$4.21,1440184262484,"2,650",100% bullish,of 1 rating,N/A
DFRG,$14.8,1440184262553,"142,023",100% bearish,of 1 rating,$20
DENN,$11.87,1440184262655,"317,002",100% bullish,of 3 ratings,$15
DELT,$2.65,1440184262686,949,Not yet rated,NULL,N/A
DELTW,NULL,1440184262790,0,Not yet rated,NULL,N/A
XRAY,$54.03,1440184262861,"375,944",100% bullish,of 1 rating,$58
DSCI,$6.47,1440184263058,"40,908",50% bullish,of 2 ratings,$16
DEST,$11.74,1440184263091,"28,772",50% bullish,of 2 ratings,N/A
DEPO,$28.97,1440184263120,"741,053",60% bullish,of 5 ratings,$29
DXLG,$4.51,1440184263156,"41,255",100% bearish,of 1 rating,$8
DERM,$24.11,1440184263185,"212,918",100% bearish,of 1 rating,$33.50
DXCM,$89.52,1440184263389,"709,691",57% bullish,of 7 ratings,$98
DHXM,NULL,1440184263420,0,Not yet rated,NULL,N/A
DXM,$0.302,1440184263449,"19,549",50% bullish,of 2 ratings,N/A
DSWL,$1.75,1440184263482,"7,075",100% bullish,of 1 rating,N/A
FANG,$66.84,1440184263586,"696,505",50% bullish,of 2 ratings,$86
DCIX,$1.75,1440184263620,"84,876",50% bullish,of 4 ratings,$3.50
DMND,$30.41,1440184263769,"134,638",75% bullish,of 12 ratings,$32
DHIL,$192,1440184263818,"16,512",Not yet rated,NULL,N/A
DMRC,$36.31,1440184264069,"51,353",100% bearish,of 1 rating,$44
APPS,$2.38,1440184264123,"171,196",100% bearish,of 1 rating,$10.25
DGLY,$6.64,1440184264213,"222,089",50% bullish,of 6 ratings,$20
DRAD,$3.8704,1440184264239,"11,721",100% bullish,of 1 rating,$5.25
DCOM,$16.87,1440184264416,"109,107",100% bearish,of 2 ratings,$16.50
DPRX,$12.04,1440184264505,"14,193",100% bullish,of 2 ratings,$27.75
DIOD,$19.3,1440184264535,"136,198",75% bearish,of 4 ratings,$24
DISCA,$27,1440184264560,"2,042,926",67% bullish,of 3 ratings,$34
DISCB,NULL,1440184264611,0,100% bearish,of 1 rating,$35
DISCK,$25.88,1440184264691,"1,484,768",100% bearish,of 1 rating,$32
DGII,$9.95,1440184264792,"53,762",100% bearish,of 1 rating,$10
DRNA,$10.34,1440184264839,"72,274",67% bearish,of 3 ratings,$25
DISH,$61.5,1440184264899,"1,102,456",69% bullish,of 13 ratings,$73
DSCO,$0.4102,1440184264924,"135,335",83% bullish,of 6 ratings,$2.75
BAGR,$3.02,1440184265147,"15,775",100% bearish,of 1 rating,$6
DVCR,$10.25,1440184265213,"15,306",100% bullish,of 1 rating,N/A
DGICA,$14.25,1440184265282,"12,902",100% bearish,of 1 rating,$17
DLTR,$76.74,1440184265350,"1,560,843",82% bullish,of 11 ratings,$88
DORM,$49.92,1440184265381,"207,473",100% bearish,of 1 rating,$56
DLHC,$2.2501,1440184265408,"6,068",100% bearish,of 1 rating,N/A
DNBF,$27.2301,1440184265435,"7,727",Not yet rated,NULL,$27.50
DMLP,$13.83,1440184265485,"41,857",100% bearish,of 1 rating,N/A
DGICB,NULL,1440184265617,0,100% bearish,of 1 rating,N/A
HILL,$9.68,1440184265645,"1,635,280",60% bearish,of 5 ratings,$9.75
DRWI,$0.2625,1440184265843,"160,311",60% bullish,of 5 ratings,$.45
DRWIW,$0.0589,1440184265889,"1,381",Not yet rated,NULL,N/A
DRYS,$0.3557,1440184265931,"1,100,374",77% bullish,of 31 ratings,$.60
DSKX,$3.43,1440184265990,"101,568",100% bullish,of 1 rating,N/A
DWA,$19,1440184266015,"534,919",63% bullish,of 8 ratings,$26
DSPG,$8.59,1440184266158,"45,451",100% bearish,of 1 rating,$13.50
CADTR,NULL,1440184266293,0,Not yet rated,NULL,N/A
CADTW,NULL,1440184266324,0,Not yet rated,NULL,N/A
CADT,$10.02,1440184266357,103,Not yet rated,NULL,N/A
CADTU,NULL,1440184266427,0,Not yet rated,NULL,N/A
DRRX,$2.02,1440184266462,"266,120",50% bullish,of 6 ratings,$3
DTSI,$26.015,1440184266490,"64,482",100% bearish,of 2 ratings,$39.50
DNKN,$50.53,1440184266529,"886,062",67% bullish,of 15 ratings,$56.50
DXPE,$28.66,1440184266557,"83,848",50% bullish,of 2 ratings,N/A
DYAX,$22.51,1440184266793,"539,402",89% bullish,of 9 ratings,$30
BOOM,$9.67,1440184266895,"25,409",67% bullish,of 3 ratings,$12
DVAX,$28,1440184266997,"271,331",70% bullish,of 10 ratings,$40
DYNT,$2.86,1440184267022,100,75% bullish,of 4 ratings,N/A
ETFC,$25.74,1440184267052,"1,610,572",57% bullish,of 14 ratings,$33
DYSL,$1.5,1440184267079,"112,164",100% bullish,of 2 ratings,N/A
EGRX,$65.8,1440184267214,"345,373",67% bullish,of 3 ratings,$97
EBMT,$11.54,1440184267240,"17,154",Not yet rated,NULL,$13.50
ELNK,$8.55,1440184267405,"619,761",60% bullish,of 5 ratings,$9.50
EROC,$1.11,1440184267455,"324,414",50% bullish,of 2 ratings,$3
EGLE,$6.13,1440184267500,"44,284",60% bullish,of 5 ratings,N/A
EGBN,$42.91,1440184267559,"58,671",Not yet rated,NULL,$48
EWBC,$41.6,1440184267589,"712,539",100% bearish,of 1 rating,$50
EML,$16.83,1440184267756,"5,169",Not yet rated,NULL,N/A
EACQU,NULL,1440184267791,0,Not yet rated,NULL,N/A
ELON,$0.54,1440184267973,"61,084",50% bullish,of 2 ratings,N/A
EBIX,$28.58,1440184268037,"223,151",69% bullish,of 13 ratings,$40
EVBS,$6.4501,1440184268063,"5,822",Not yet rated,NULL,$7
EBAY,$25.77,1440184268114,"7,221,360",81% bullish,of 117 ratings,$48
SATS,$44.15,1440184268198,"104,936",50% bullish,of 2 ratings,$60
ECTE,$1.5499,1440184268258,"47,102",75% bullish,of 4 ratings,N/A
ECHO,$24.86,1440184268284,"292,652",67% bearish,of 3 ratings,$35.50
EEI,$11.13,1440184268459,"4,719",67% bearish,of 3 ratings,N/A
ECACU,$10.05,1440184268489,"1,319",Not yet rated,NULL,N/A
ESES,$3.38,1440184268557,"8,303",100% bearish,of 1 rating,$7
EDAP,$3.2,1440184268586,"114,891",60% bullish,of 5 ratings,$4.50
EDGW,$7.14,1440184268658,"35,202",100% bearish,of 1 rating,N/A
EDUC,$4.59,1440184268802,"7,083",100% bearish,of 1 rating,N/A
EGAN,$3.466,1440184268932,"7,608",50% bullish,of 2 ratings,$6.25
EFUT,NULL,1440184268962,0,Not yet rated,NULL,N/A
EHTH,$14.09,1440184269077,"108,018",50% bullish,of 4 ratings,$16.50
ESLT,$80.213,1440184269148,"3,818",100% bullish,of 2 ratings,N/A
LOCO,$12.39,1440184269180,"885,050",69% bullish,of 13 ratings,$20
EGLT,$11.63,1440184269206,"17,407",50% bullish,of 2 ratings,$21
ERI,$9.57,1440184269371,"100,623",100% bearish,of 1 rating,$10
EMITF,$1.286,1440184269424,"6,900",75% bullish,of 4 ratings,N/A
ESIO,$4.58,1440184269449,"25,160",50% bullish,of 2 ratings,$10
EA,$65.89,1440184269480,"2,295,631",77% bullish,of 35 ratings,$80
ELRC,$10.62,1440184269506,"43,711",100% bearish,of 1 rating,N/A
EFII,$43.84,1440184269655,"166,633",80% bullish,of 5 ratings,$55
ELEC,NULL,1440184269681,0,Not yet rated,NULL,N/A
ELSE,$4.02,1440184269879,"1,000",60% bullish,of 5 ratings,N/A
ELECW,NULL,1440184269941,0,Not yet rated,NULL,N/A
ELECU,NULL,1440184270050,0,Not yet rated,NULL,N/A
ESBK,$19.37,1440184270154,726,Not yet rated,NULL,N/A
RDEN,$10.342,1440184270179,"68,704",100% bearish,of 4 ratings,$15
LONG,$17.255,1440184270244,"16,364",67% bullish,of 3 ratings,$15.75
CAPX,$23.0299,1440184270315,100,Not yet rated,NULL,N/A
EBIO,$3.5055,1440184270341,"745,831",100% bearish,of 2 ratings,$8.35
EMCF,NULL,1440184270416,0,100% bearish,of 1 rating,N/A
EMCI,$23.03,1440184270567,"12,299",Not yet rated,NULL,N/A
EMMS,$1.2501,1440184270597,"3,140",67% bullish,of 6 ratings,N/A
ELTK,$1.08,1440184270628,"27,601",67% bearish,of 3 ratings,N/A
EMMSP,$3.5,1440184270653,100,100% bearish,of 1 rating,N/A
EMKR,$7.13,1440184270680,"72,772",75% bullish,of 4 ratings,$8.50
NYNY,$4.0514,1440184270921,"66,281",50% bullish,of 2 ratings,N/A
ECPG,$38.97,1440184271009,"80,543",100% bullish,of 2 ratings,$52
ECYT,$5.24,1440184271140,"195,623",83% bullish,of 6 ratings,$12
ENDP,$77.1,1440184271171,"1,158,051",50% bullish,of 6 ratings,$104
ERS,$2.88,1440184271193,"1,300",Not yet rated,NULL,N/A
ENTA,$40,1440184271229,"98,075",50% bullish,of 2 ratings,$42
ELGX,$13.2,1440184271281,"387,355",75% bullish,of 4 ratings,$17
WIRE,$33,1440184271365,"97,554",100% bearish,of 1 rating,$37
WATT,$6.83,1440184271411,"55,310",50% bullish,of 2 ratings,$13
EIGI,$15.18,1440184271436,"585,749",67% bearish,of 3 ratings,$22.50
EFOI,$15.99,1440184271592,"274,059",50% bullish,of 2 ratings,$20.50
EXXI,$1.4772,1440184271618,"1,355,323",86% bullish,of 7 ratings,$3.50
ENOC,$8.07,1440184271688,"157,300",75% bullish,of 4 ratings,$18
ENG,$1.0199,1440184271869,"4,803",100% bullish,of 3 ratings,N/A
ERII,$2.88,1440184271926,"62,473",80% bullish,of 5 ratings,$2.50
ENPH,$4.433,1440184271948,"388,097",75% bullish,of 4 ratings,$11
ESGR,$151.5,1440184271982,"37,888",100% bearish,of 1 rating,$185
ENFC,NULL,1440184272038,0,Not yet rated,NULL,N/A
ENTG,$13.7601,1440184272079,"285,128",100% bearish,of 1 rating,$18
EBTC,$20.18,1440184272170,"6,615",Not yet rated,NULL,N/A
ENTL,$21.52,1440184272259,"11,292",Not yet rated,NULL,$28
ETRM,$0.2303,1440184272302,"332,306",69% bearish,of 35 ratings,$1.625
EGT,$2.089,1440184272357,"1,400",100% bullish,of 1 rating,N/A
ENVI,$1.7901,1440184272385,"15,504",67% bullish,of 3 ratings,N/A
EFSC,$24.7,1440184272457,"37,556",Not yet rated,NULL,$27
ENZN,$1.04,1440184272591,"617,476",100% bullish,of 9 ratings,N/A
EPIQ,$13.86,1440184272639,"66,488",100% bearish,of 1 rating,$18
ENZY,$8.94,1440184272697,"9,474",67% bullish,of 3 ratings,$9.50
EPRS,$4.71,1440184272774,"53,401",82% bullish,of 11 ratings,$15
EPZM,$16.25,1440184272904,"184,937",60% bullish,of 5 ratings,$34
ERIC,$9.8501,1440184272947,"1,777,487",63% bullish,of 8 ratings,$12.20
EAC,$3.6935,1440184273037,"10,484",100% bearish,of 1 rating,$8
EQIX,$274.59,1440184273077,"360,241",67% bullish,of 3 ratings,$312.50
ERIE,$86.01,1440184273326,"12,197",Not yet rated,NULL,$73
ESCR,$0.13,1440184273373,"52,895",50% bullish,of 2 ratings,N/A
PLUS,$78.28,1440184273400,"84,338",50% bullish,of 2 ratings,$88
ESCRP,$1.6101,1440184273462,"4,627",100% bearish,of 1 rating,N/A
ESCA,$18.36,1440184273489,"18,388",100% bearish,of 1 rating,$22
ESPR,$54.77,1440184273658,"1,144,090",67% bearish,of 9 ratings,$123
EQFN,$8.32,1440184273741,100,Not yet rated,NULL,N/A
ESSA,$12.78,1440184273873,"2,589",100% bearish,of 1 rating,N/A
ESMC,$1.3,1440184273902,354,Not yet rated,NULL,N/A
EPIX,NULL,1440184273929,0,Not yet rated,NULL,N/A
ESSX,$0.5214,1440184273955,"6,290",50% bullish,of 2 ratings,N/A
ESND,$35.17,1440184274007,"57,296",100% bearish,of 2 ratings,$40
CLWT,NULL,1440184274141,0,100% bearish,of 1 rating,N/A
ETSY,$13.72,1440184274170,"582,429",80% bullish,of 5 ratings,$16
EVEP,$7.27,1440184274298,"234,183",50% bullish,of 2 ratings,$15
EVK,$3.62,1440184274325,896,75% bearish,of 4 ratings,N/A
ESEA,$6.15,1440184274347,"2,442",100% bullish,of 1 rating,$15
EVLV,$2.165,1440184274512,"38,803",60% bullish,of 5 ratings,$6.50
EEFT,$64.77,1440184274585,"158,025",100% bearish,of 1 rating,$67.50
EVOL,$5.8601,1440184274690,"10,958",75% bullish,of 4 ratings,$10
EXAS,$20.48,1440184274721,"992,821",78% bullish,of 9 ratings,$31
EVOK,$4.15,1440184274767,"94,654",100% bearish,of 1 rating,$13.375
EXA,$10.71,1440184274820,"19,625",100% bearish,of 1 rating,$13
EXAC,$18.68,1440184274896,"40,534",100% bearish,of 1 rating,$22.50
EXEL,$5.26,1440184274922,"4,351,931",81% bullish,of 16 ratings,$6
EXFO,$2.8,1440184274968,"3,300",67% bearish,of 3 ratings,$3.95
EXPD,$48.5,1440184275117,"1,061,637",80% bullish,of 5 ratings,$51.50
EXLS,$36.88,1440184275150,"74,659",100% bullish,of 1 rating,$41
EXPE,$114.93,1440184275172,"736,616",64% bullish,of 11 ratings,$130
EXPO,$42.7,1440184275227,"79,413",100% bearish,of 1 rating,$45.50
ESRX,$85.12,1440184275326,"2,466,503",67% bearish,of 6 ratings,$101
EXLP,$18.28,1440184275397,"62,966",100% bearish,of 1 rating,$27
EXTR,$2.87,1440184275422,"655,978",80% bullish,of 5 ratings,$3
EYEG,$4.1,1440184275615,"16,180",Not yet rated,NULL,N/A
EYEGW,$1.24,1440184275640,700,Not yet rated,NULL,N/A
EZPW,$6.012,1440184275772,"154,560",50% bullish,of 4 ratings,$7.50
FCS,$13.25,1440184275800,"709,397",67% bearish,of 3 ratings,$17
FB,$86.16,1440184275830,"29,424,718",73% bullish,of 1065 ratings,$111
EZCH,$21.58,1440184275860,"81,148",75% bullish,of 8 ratings,$19.50
FFIV,$123.62,1440184275963,"446,999",63% bullish,of 8 ratings,$132
FRP,$17.01,1440184276163,"37,456",100% bearish,of 1 rating,$18
FALC,$1.63,1440184276225,"4,259",63% bearish,of 8 ratings,N/A
DAVE,$14.37,1440184276298,"14,630",100% bearish,of 1 rating,$15.50
FFKT,$26.83,1440184276327,"10,000",Not yet rated,NULL,$29
FARM,$22.62,1440184276351,"9,430",100% bearish,of 1 rating,$35
FWM,$2.235,1440184276378,"135,045",100% bearish,of 2 ratings,$3.20
FMNB,$8.12,1440184276410,"1,700",Not yet rated,NULL,N/A
FAST,$39.22,1440184276642,"1,869,344",80% bullish,of 5 ratings,$46
FATE,$6.09,1440184276673,"46,461",50% bullish,of 2 ratings,$11
FARO,$38.855,1440184276721,"74,412",50% bullish,of 2 ratings,$48
FBSS,NULL,1440184276757,0,Not yet rated,NULL,N/A
FDML,$8.9,1440184276805,"162,882",50% bullish,of 4 ratings,$14
FBRC,$22.25,1440184276834,"30,625",100% bearish,of 1 rating,$29
FEIC,$78.07,1440184276862,"265,251",50% bullish,of 2 ratings,$95.50
FNHC,$21.93,1440184276889,"59,461",100% bearish,of 1 rating,$35
FHCO,$1.4199,1440184277139,"15,802",50% bullish,of 4 ratings,N/A
FENX,$9.7,1440184277171,"35,463",100% bullish,of 1 rating,$14.25
FGEN,$23.03,1440184277276,"309,004",100% bearish,of 1 rating,$39
LION,$19.23,1440184277302,"75,933",100% bullish,of 1 rating,$20
FDUS,$14.56,1440184277332,"56,507",100% bullish,of 1 rating,$18
ONEQ,$187.1642,1440184277358,"34,206",100% bullish,of 1 rating,N/A
FCSC,$5.81,1440184277438,"158,733",100% bearish,of 1 rating,$8.125
FSAM,$8.69,1440184277677,"7,613",100% bearish,of 1 rating,$11
FSFR,$8.9108,1440184277714,"105,581",100% bearish,of 1 rating,$11.50
FSC,$6.45,1440184277745,"616,547",75% bullish,of 4 ratings,$8
FITB,$19.945,1440184277772,"3,955,982",54% bullish,of 13 ratings,$22
FRGI,$51.783,1440184277809,"102,356",50% bullish,of 2 ratings,$70
FSCFL,$24.57,1440184277835,"9,646",Not yet rated,NULL,N/A
FITBI,$27.66,1440184277906,"5,702",Not yet rated,NULL,N/A
FNTC,NULL,1440184278316,0,Not yet rated,NULL,N/A
FISI,$24.93,1440184278350,"33,115",100% bullish,of 2 ratings,$24.50
FNTCU,NULL,1440184278371,0,Not yet rated,NULL,N/A
FNGN,$33.64,1440184278404,"285,427",67% bullish,of 3 ratings,$47
FNTCW,NULL,1440184278427,0,Not yet rated,NULL,N/A
FNSR,$15.3625,1440184278452,"768,799",71% bullish,of 7 ratings,$24.50
FNJN,$1.68,1440184278483,"9,481",100% bearish,of 1 rating,$5
FBNC,$16.75,1440184278615,"32,073",100% bullish,of 1 rating,$20
FEYE,$36.47,1440184278656,"5,696,994",87% bullish,of 15 ratings,$55.50
FNLC,$18.7,1440184278754,"13,384",100% bullish,of 1 rating,N/A
BUSE,$6.35,1440184278779,"136,774",Not yet rated,NULL,$6.875
FBIZ,$44.04,1440184278845,"20,298",100% bearish,of 2 ratings,$52
FRBA,$6.0388,1440184279011,481,Not yet rated,NULL,$8
FCVA,$4.58,1440184279118,"1,000",Not yet rated,NULL,N/A
FCFS,$37.96,1440184279193,"93,409",100% bearish,of 2 ratings,$48
FCNCA,$242.64,1440184279250,"12,754",Not yet rated,NULL,N/A
FCAP,$26.6,1440184279386,200,Not yet rated,NULL,N/A
FCLF,NULL,1440184279447,0,Not yet rated,NULL,N/A
FCFP,$6.87,1440184279475,"1,500",Not yet rated,NULL,N/A
FCCO,$11.92,1440184279504,196,Not yet rated,NULL,$13.25
FCBC,$17.6711,1440184279535,"33,276",Not yet rated,NULL,$18
FBNK,$16.51,1440184279635,"38,596",100% bearish,of 1 rating,$17.50
FDEF,$38,1440184279663,"26,596",Not yet rated,NULL,$38
FFBC,$18.785,1440184279853,"106,499",67% bearish,of 3 ratings,$20.25
FFNM,$6.2,1440184279986,"2,990",Not yet rated,NULL,N/A
FFIN,$31.155,1440184280015,"187,051",50% bullish,of 2 ratings,$31.75
FFBCW,NULL,1440184280071,0,100% bearish,of 1 rating,N/A
FFNW,$12.25,1440184280097,"13,320",Not yet rated,NULL,$14
THFF,$33.22,1440184280149,"25,249",Not yet rated,NULL,$35
FFWM,$21.38,1440184280226,"8,888",Not yet rated,NULL,$24
INBK,$32.3201,1440184280331,"12,421",50% bullish,of 2 ratings,$37
FIBK,$26.955,1440184280364,"62,159",Not yet rated,NULL,$32
FRME,$25.32,1440184280465,"122,906",Not yet rated,NULL,$26.50
FNFG,$9.21,1440184280565,"1,107,714",80% bullish,of 5 ratings,$9
FMBH,NULL,1440184280592,0,Not yet rated,NULL,N/A
FNBC,$34.24,1440184280631,"70,069",Not yet rated,NULL,$41.50
FSFG,$30.1754,1440184280769,729,Not yet rated,NULL,N/A
FMBI,$17.84,1440184280796,"217,522",Not yet rated,NULL,$20
FNWB,$12.05,1440184280940,"8,510",Not yet rated,NULL,N/A
FSGI,$2.48,1440184280974,"3,243",Not yet rated,NULL,N/A
FSBK,$7.76,1440184281076,"1,125",100% bullish,of 1 rating,N/A
BICK,$19.6,1440184281101,"1,198",100% bullish,of 1 rating,N/A
FSLR,$45.804,1440184281133,"1,390,966",74% bullish,of 39 ratings,$65
FBZ,NULL,1440184281238,0,Not yet rated,NULL,N/A
FTCS,$36.859,1440184281306,"23,438",Not yet rated,NULL,N/A
FCAN,$23.85,1440184281335,322,Not yet rated,NULL,N/A
FCA,$20.2754,1440184281406,"2,187",Not yet rated,NULL,N/A
FV,$23.285,1440184281506,"3,018,286",Not yet rated,NULL,N/A
IFV,$17.66,1440184281600,"1,861,965",100% bearish,of 1 rating,N/A
FTSM,$59.8902,1440184281786,"13,862",100% bearish,of 1 rating,N/A
FEUZ,$31.16,1440184281817,"2,590",Not yet rated,NULL,N/A
MDIV,$19.2933,1440184281878,"519,206",Not yet rated,NULL,N/A
FEMB,NULL,1440184281902,0,Not yet rated,NULL,N/A
FGM,$35.01,1440184281931,"65,667",Not yet rated,NULL,N/A
TDIV,$24.61,1440184281962,"366,260",100% bearish,of 1 rating,N/A
FTGC,$22.095,1440184282063,"120,087",Not yet rated,NULL,N/A
FTHI,$19.41,1440184282157,"9,768",Not yet rated,NULL,N/A
FHK,$32.88,1440184282229,"115,556",Not yet rated,NULL,N/A
HYLS,$49.3,1440184282292,"73,077",100% bearish,of 1 rating,N/A
SKYY,$28.96,1440184282360,"65,533",100% bullish,of 1 rating,N/A
FPXI,$27.51,1440184282441,"1,159",Not yet rated,NULL,N/A
YDIV,$16.62,1440184282497,"2,431",Not yet rated,NULL,N/A
CU,$12.76,1440184282624,"10,222",100% bearish,of 1 rating,N/A
PLTM,$6.5911,1440184282695,"3,762",100% bearish,of 1 rating,N/A
FJP,$46.3823,1440184282760,"42,997",Not yet rated,NULL,N/A
FTLB,$19.523,1440184282798,"2,357",100% bearish,of 1 rating,N/A
LMBS,$50.41,1440184282833,900,Not yet rated,NULL,N/A
QABA,$37.9688,1440184282975,"36,254",100% bearish,of 1 rating,N/A
FMB,NULL,1440184283005,0,Not yet rated,NULL,N/A
CIBR,$18.0501,1440184283074,"119,480",Not yet rated,NULL,N/A
FONE,$34.89,1440184283101,600,Not yet rated,NULL,N/A
CARZ,$34.4028,1440184283422,"10,467",100% bearish,of 1 rating,N/A
RDVY,$21.4637,1440184283457,"60,306",Not yet rated,NULL,N/A
QCLN,$14.64,1440184283491,"15,561",Not yet rated,NULL,N/A
QQEW,$41.43,1440184283559,"290,857",Not yet rated,NULL,N/A
GRID,$31.63,1440184283584,824,100% bearish,of 1 rating,N/A
QTEC,$39.51,1440184283615,"139,345",Not yet rated,NULL,N/A
AIRR,$16.2801,1440184283720,"8,958",100% bearish,of 1 rating,N/A
QQXT,$40.34,1440184283774,"55,305",Not yet rated,NULL,N/A
QINC,$20.94,1440184283825,"1,500",Not yet rated,NULL,N/A
FDIV,$47.59,1440184284014,"5,998",100% bearish,of 1 rating,N/A
FTSL,$48.79,1440184284068,"28,643",100% bearish,of 1 rating,N/A
FKO,$22.07,1440184284093,"2,500",Not yet rated,NULL,N/A
FTW,NULL,1440184284253,0,Not yet rated,NULL,N/A
FSZ,$38.94,1440184284339,"70,987",Not yet rated,NULL,N/A
FUNC,$8.34,1440184284416,"3,436",Not yet rated,NULL,N/A
TUSA,$25.08,1440184284444,"4,920",Not yet rated,NULL,N/A
FKU,$41.8001,1440184284465,"75,588",Not yet rated,NULL,N/A
FMER,$17.69,1440184284501,"1,119,941",50% bullish,of 2 ratings,$20
SVVC,$10.32,1440184284598,"27,284",100% bullish,of 1 rating,$26
FSV,$31.945,1440184284629,"10,600",Not yet rated,NULL,$33.60
FISV,$85.86,1440184284657,"614,762",100% bearish,of 3 ratings,$90
FIVN,$4.15,1440184284873,"138,561",100% bullish,of 1 rating,$8.50
FIVE,$35.52,1440184284904,"257,559",75% bearish,of 4 ratings,$44
FPRX,$18.33,1440184284926,"223,415",50% bullish,of 2 ratings,$35
FLML,$21.21,1440184285008,"90,318",50% bullish,of 2 ratings,$30
MBSD,NULL,1440184285142,0,Not yet rated,NULL,N/A
FLXN,$24.52,1440184285173,"64,897",100% bearish,of 1 rating,$40
FLKS,$13.16,1440184285195,"46,614",50% bullish,of 2 ratings,$27
SKOR,$50.32,1440184285234,900,Not yet rated,NULL,N/A
FLEX,$10.502,1440184285328,"1,427,988",63% bullish,of 8 ratings,$12
FLXS,$31,1440184285358,"27,468",100% bearish,of 2 ratings,N/A
FLIR,$28.985,1440184285395,"396,928",100% bearish,of 1 rating,$38.50
FLDM,$12.6,1440184285425,"519,611",67% bearish,of 3 ratings,$21.50
FFIC,$20.25,1440184285576,"39,553",Not yet rated,NULL,$21
FOMX,$9.8201,1440184285604,"97,290",50% bullish,of 2 ratings,$23.50
FOGO,$19.04,1440184285741,"82,443",50% bullish,of 2 ratings,$25.50
FONR,$9.545,1440184285781,"15,119",100% bullish,of 1 rating,N/A
FES,$0.93,1440184285885,"4,545",50% bullish,of 2 ratings,$1
FORTY,$35.45,1440184285937,"3,658",Not yet rated,NULL,N/A
FORM,$6.03,1440184286069,"181,555",67% bullish,of 3 ratings,$10.50
FORR,$32.24,1440184286100,"33,394",Not yet rated,NULL,N/A
FWRD,$46.77,1440184286165,"228,696",100% bearish,of 1 rating,$50
FBIO,$2.57,1440184286197,"168,727",83% bullish,of 6 ratings,N/A
FORD,$0.999,1440184286296,"99,648",50% bullish,of 2 ratings,N/A
FTNT,$43.15,1440184286360,"1,451,331",80% bullish,of 10 ratings,$52
FXCB,$17.44,1440184286464,"14,298",Not yet rated,NULL,$19
FOSL,$60.65,1440184286495,"555,361",50% bullish,of 4 ratings,$80
FWP,$25.61,1440184286548,"25,919",100% bearish,of 1 rating,$45
FMI,$21.81,1440184286573,"292,539",100% bearish,of 2 ratings,$27.50
FRAN,$10.22,1440184286736,"378,467",50% bullish,of 4 ratings,$15
FOXF,$15.25,1440184286768,"46,969",100% bearish,of 1 rating,$19
FRED,$14.37,1440184286832,"212,311",50% bullish,of 2 ratings,$16.50
FELE,$29.03,1440184286864,"209,855",50% bullish,of 4 ratings,$33
FREE,$0.4317,1440184286897,"778,850",92% bullish,of 12 ratings,N/A
RAIL,$20.91,1440184286966,"93,727",100% bearish,of 1 rating,$24.50
FEIM,$10.93,1440184287101,"4,444",100% bearish,of 1 rating,N/A
FRPT,$13.04,1440184287139,"373,413",67% bearish,of 3 ratings,$23.50
FTR,$5.13,1440184287166,"14,078,911",78% bullish,of 27 ratings,$6.25
FTRPR,$101.9,1440184287240,"60,473",100% bearish,of 1 rating,N/A
FRPH,$30.66,1440184287374,"10,657",100% bearish,of 1 rating,N/A
FSBW,$23.0365,1440184287402,"2,000",Not yet rated,NULL,N/A
FTD,$29.55,1440184287431,"73,062",100% bearish,of 1 rating,$40
FTEK,$2.145,1440184287562,"32,990",75% bullish,of 4 ratings,N/A
FSYS,$6.31,1440184287594,"31,288",67% bullish,of 3 ratings,$10
FULL,$3.15,1440184287693,"48,683",67% bearish,of 3 ratings,$4.25
FCEL,$0.7499,1440184287732,"1,430,843",88% bullish,of 40 ratings,$2.65
FULLL,$25.27,1440184287782,"1,899",Not yet rated,NULL,N/A
FSNN,$2.49,1440184287939,"1,500",67% bullish,of 3 ratings,$6
FLL,$1.5195,1440184288071,"9,913",75% bullish,of 4 ratings,$2.825
FULT,$12.48,1440184288121,"773,213",100% bearish,of 1 rating,$13
FFHL,NULL,1440184288203,0,50% bullish,of 4 ratings,N/A
FXEN,$0.88,1440184288231,"88,970",75% bullish,of 4 ratings,$1.10
GK,$70.16,1440184288257,"37,375",Not yet rated,NULL,$78
FXENP,$15.85,1440184288288,"1,000",100% bearish,of 1 rating,N/A
WILC,$5.13,1440184288394,375,100% bullish,of 2 ratings,N/A
GALE,$1.3401,1440184288647,"1,166,011",89% bullish,of 47 ratings,$4
GLPG,$61.7026,1440184288675,"26,572",100% bullish,of 1 rating,$75
GALTU,NULL,1440184288697,0,100% bearish,of 1 rating,N/A
GAIA,$5.86,1440184288731,"20,576",50% bullish,of 2 ratings,$8.50
GALT,$1.9402,1440184288835,"90,491",80% bullish,of 5 ratings,N/A
GALTW,NULL,1440184288862,0,100% bullish,of 1 rating,N/A
GLMD,$8.61,1440184288888,"4,912",67% bullish,of 3 ratings,$20.50
GLPI,$31.75,1440184289103,"370,633",100% bearish,of 1 rating,$37.50
GRMN,$38.39,1440184289125,"965,258",50% bullish,of 6 ratings,$48
GPIC,NULL,1440184289157,0,100% bearish,of 1 rating,N/A
GGAC,NULL,1440184289202,0,100% bearish,of 1 rating,N/A
GGACR,NULL,1440184289330,0,100% bullish,of 1 rating,N/A
GGACU,NULL,1440184289420,0,Not yet rated,NULL,N/A
GENC,$9.4,1440184289478,"1,228",100% bearish,of 1 rating,N/A
GARS,$14.8299,1440184289524,"21,451",Not yet rated,NULL,$16
GGACW,$0.12,1440184289579,274,Not yet rated,NULL,N/A
GFN,$3.57,1440184289605,"22,965",100% bearish,of 2 ratings,$8
GNCMA,$16.72,1440184289672,"97,578",100% bearish,of 1 rating,$12
GFNCP,NULL,1440184289741,0,Not yet rated,NULL,N/A
GFNSL,$25.8,1440184289822,"1,200",Not yet rated,NULL,N/A
GENE,$2.37,1440184289876,"123,094",100% bullish,of 12 ratings,N/A
GNCA,$12.54,1440184290013,"130,660",100% bearish,of 1 rating,$20
GNMK,$9.35,1440184290065,"121,421",67% bullish,of 6 ratings,$14
GHDX,$25.61,1440184290194,"83,418",50% bullish,of 2 ratings,$30
GNTX,$15.1665,1440184290223,"1,009,822",Not yet rated,NULL,$20
THRM,$44.25,1440184290293,"238,713",75% bearish,of 4 ratings,$55.50
GNVC,$2.21,1440184290355,"32,265",90% bullish,of 10 ratings,$8.50
GTWN,NULL,1440184290386,0,Not yet rated,NULL,N/A
GABC,$29.57,1440184290445,"24,015",Not yet rated,NULL,$31.50
GEOS,$15.36,1440184290486,"64,396",100% bearish,of 3 ratings,$25.50
GEVO,$2.278,1440184290523,"187,157",75% bullish,of 12 ratings,$5
GERN,$3.05,1440184290617,"1,658,117",88% bullish,of 16 ratings,$5.25
ROCK,$17.6,1440184290702,"138,324",80% bullish,of 5 ratings,$24
GIGM,$0.6009,1440184290749,"77,115",100% bullish,of 2 ratings,N/A
GIGA,$1.36,1440184290832,"30,553",100% bearish,of 1 rating,N/A
GIII,$64.85,1440184290895,"191,913",67% bullish,of 3 ratings,$75
GILD,$106.86,1440184290972,"9,890,690",91% bullish,of 86 ratings,$129
GILT,$4.47,1440184291000,"1,923",50% bullish,of 2 ratings,N/A
GBCI,$26.43,1440184291080,"198,553",50% bullish,of 2 ratings,$31
GLAD,$8.46,1440184291136,"143,237",50% bullish,of 2 ratings,$8.75
GLADO,$25.49,1440184291164,"2,400",Not yet rated,NULL,N/A
GOODN,$25.64,1440184291298,286,Not yet rated,NULL,N/A
GOOD,$15.57,1440184291326,"73,383",Not yet rated,NULL,$19
GOODP,$25.0001,1440184291460,200,Not yet rated,NULL,N/A
GAINN,$25.2379,1440184291517,150,Not yet rated,NULL,N/A
GOODO,$25.1,1440184291543,733,Not yet rated,NULL,N/A
GAIN,$7.4951,1440184291674,"220,990",100% bullish,of 2 ratings,$8.25
GAINP,$26.0101,1440184291758,"2,300",Not yet rated,NULL,N/A
GAINO,$25.3501,1440184291787,"1,326",Not yet rated,NULL,N/A
LAND,$9.51,1440184291829,"10,900",50% bullish,of 2 ratings,$13.75
GLBZ,NULL,1440184291986,0,Not yet rated,NULL,N/A
GBT,$45.29,1440184292048,"208,277",100% bearish,of 1 rating,N/A
GDEF,$10.5401,1440184292124,100,Not yet rated,NULL,N/A
ENT,$11.64,1440184292192,"120,516",100% bearish,of 1 rating,$18
GBLI,$26.31,1440184292227,"10,103",Not yet rated,NULL,N/A
GSOL,$8.3,1440184292277,"10,164",100% bearish,of 1 rating,N/A
GPACU,$10.1,1440184292323,600,Not yet rated,NULL,N/A
ACTX,$13.53,1440184292351,400,100% bullish,of 1 rating,N/A
QQQC,$19.5,1440184292599,"4,350",100% bearish,of 1 rating,N/A
ALTY,$14.587,1440184292634,700,Not yet rated,NULL,N/A
SOCL,$17.25,1440184292740,"91,439",100% bullish,of 2 ratings,N/A
GSM,$13.11,1440184292771,"223,354",50% bullish,of 2 ratings,$24.50
SRET,$13.633,1440184292802,"3,374",Not yet rated,NULL,N/A
GAI,$5.27,1440184292828,"3,215",50% bullish,of 2 ratings,N/A
YLCO,$11.75,1440184292854,282,Not yet rated,NULL,N/A
GBIM,$2.3,1440184292884,"35,464",50% bullish,of 2 ratings,N/A
GLUU,$4.35,1440184293163,"1,907,667",92% bullish,of 26 ratings,$9
GLBS,$1.1399,1440184293189,"6,300",67% bullish,of 3 ratings,N/A
GLYC,$7.19,1440184293220,"7,199",50% bullish,of 2 ratings,$14
GLRI,$1.15,1440184293267,"76,405",100% bearish,of 1 rating,$6
GLNG,$35.61,1440184293321,"543,433",83% bullish,of 6 ratings,$58
GOGO,$15.5176,1440184293487,"346,979",80% bullish,of 5 ratings,$25
GMLP,$19.49,1440184293513,"92,642",50% bullish,of 4 ratings,$32.50
GOGL,$2.9357,1440184293578,"452,345",75% bullish,of 4 ratings,$5
GDEN,$8.95,1440184293606,"8,613",50% bullish,of 2 ratings,N/A
GLDC,$4.07,1440184293642,"4,230",50% bullish,of 2 ratings,N/A
GBDC,$16.56,1440184293668,"108,521",Not yet rated,NULL,$17.75
GTIM,$6.566,1440184293810,"75,763",Not yet rated,NULL,$11.50
GOOG,$617.775,1440184293863,"1,267,085",89% bullish,of 66 ratings,$825
GOOGL,$649.58,1440184293936,"1,291,884",88% bullish,of 1079 ratings,$749
GPRO,$48.52,1440184293964,"4,520,509",78% bullish,of 58 ratings,$72
GMAN,$4.4,1440184294004,"57,425",60% bullish,of 5 ratings,$8
GPIA,NULL,1440184294225,0,Not yet rated,NULL,N/A
GPIAU,NULL,1440184294254,0,Not yet rated,NULL,N/A
GPIAW,NULL,1440184294275,0,Not yet rated,NULL,N/A
LOPE,$37.145,1440184294431,"288,923",100% bearish,of 2 ratings,$50
GBSNU,$16.5,1440184294465,"18,216",Not yet rated,NULL,N/A
GRVY,$3.45,1440184294492,"1,100",50% bullish,of 2 ratings,N/A
GBSN,$1.4,1440184294519,"570,866",100% bearish,of 1 rating,$8.25
GLDD,$5.42,1440184294563,"211,271",100% bearish,of 4 ratings,$7.75
GNBC,$11.98,1440184294653,"20,675",100% bearish,of 1 rating,$17
GSBC,$40.56,1440184294709,"19,411",100% bullish,of 1 rating,$44
GRBK,$13.38,1440184294793,"118,695",77% bullish,of 13 ratings,N/A
GPP,$14.76,1440184294897,"23,428",Not yet rated,NULL,$20.50
GCBC,NULL,1440184294961,0,100% bullish,of 1 rating,N/A
GRFS,$30.67,1440184295103,"120,542",50% bullish,of 2 ratings,$35
GLRE,$24.93,1440184295134,"199,217",50% bullish,of 2 ratings,$41
GRIF,$30.38,1440184295193,151,100% bearish,of 1 rating,N/A
GPRE,$18.69,1440184295221,"521,406",67% bullish,of 6 ratings,$28.50
OMAB,$39.51,1440184295250,"18,191",100% bullish,of 1 rating,$44
GRPN,$4.09,1440184295277,"4,997,047",61% bullish,of 71 ratings,$6.75
GGAL,$18.11,1440184295303,"362,548",80% bullish,of 5 ratings,$40
GSIG,$13.13,1440184295478,"47,148",100% bearish,of 2 ratings,N/A
GSIT,$5,1440184295534,"9,184",100% bearish,of 1 rating,N/A
GSVC,$8.8401,1440184295612,"96,182",50% bullish,of 2 ratings,$14.50
GTXI,$0.8601,1440184295638,"52,393",100% bullish,of 5 ratings,$.75
GFED,NULL,1440184295667,0,Not yet rated,NULL,$17
GBNK,$15.78,1440184295773,"27,984",100% bearish,of 1 rating,$18
GULTU,$0.295,1440184295931,"99,836",100% bearish,of 1 rating,N/A
GUID,$7.38,1440184295960,"142,557",100% bearish,of 3 ratings,$10
GIFI,$12.09,1440184296070,"16,634",100% bearish,of 1 rating,$16
GURE,$1.6601,1440184296100,"86,217",88% bullish,of 8 ratings,N/A
GPOR,$34.13,1440184296127,"566,094",75% bullish,of 4 ratings,$55
GWPH,$103.8067,1440184296169,"162,489",78% bullish,of 9 ratings,$148.50
GWGH,$7.43,1440184296199,984,100% bearish,of 1 rating,$15.05
HLG,$9.64,1440184296333,"3,000",100% bearish,of 1 rating,N/A
HEES,$16.28,1440184296361,"173,628",67% bearish,of 3 ratings,$31
GYRO,$2.85,1440184296383,"59,516",100% bearish,of 1 rating,N/A
HNRG,$7.229,1440184296555,"98,175",100% bearish,of 1 rating,$10
HALL,$11.65,1440184296581,"27,210",Not yet rated,NULL,N/A
HALO,$17.355,1440184296712,"938,606",67% bullish,of 3 ratings,$22.50
HBK,NULL,1440184296742,0,50% bullish,of 2 ratings,N/A
HBHC,$26.95,1440184296800,"294,928",50% bullish,of 2 ratings,$30
HMPR,$1.9,1440184296840,"98,843",100% bullish,of 1 rating,N/A
HBHCL,$24.5,1440184296931,"16,862",Not yet rated,NULL,N/A
HAFC,$24.6,1440184297063,"52,346",100% bullish,of 2 ratings,$28.50
HNH,$27.96,1440184297093,"19,681",100% bullish,of 1 rating,N/A
HNSN,$0.4908,1440184297115,"52,445",88% bullish,of 8 ratings,$.40
HQCL,$8.9099,1440184297151,"16,000",67% bullish,of 3 ratings,N/A
HLIT,$5.57,1440184297251,"221,021",100% bearish,of 1 rating,$6.50
HDNG,$9.9406,1440184297280,"6,623",50% bullish,of 4 ratings,N/A
HRMN,NULL,1440184297310,0,Not yet rated,NULL,N/A
HRMNW,NULL,1440184297601,0,Not yet rated,NULL,N/A
HRMNU,NULL,1440184297627,0,Not yet rated,NULL,N/A
HBIO,$4.42,1440184297765,"65,766",Not yet rated,NULL,$10
HCAP,$12.01,1440184297792,"22,308",50% bullish,of 2 ratings,$15
TINY,$2.5198,1440184297815,"16,725",50% bullish,of 2 ratings,$5.26
HART,$0.7665,1440184297945,"188,876",100% bearish,of 1 rating,N/A
HCAPL,$25.41,1440184297974,"1,573",Not yet rated,NULL,N/A
HCOM,$22.55,1440184298036,"20,998",100% bearish,of 1 rating,$28
HAS,$75.49,1440184298066,"591,913",63% bullish,of 8 ratings,$84.50
HA,$23.36,1440184298170,"617,844",67% bullish,of 9 ratings,$27
HAYN,$38.13,1440184298237,"22,202",100% bearish,of 1 rating,$59
HWBK,$13.54,1440184298266,235,100% bearish,of 1 rating,N/A
HDS,$33.1,1440184298408,"905,200",100% bearish,of 2 ratings,$39.50
HWKN,$37.13,1440184298468,"16,924",Not yet rated,NULL,N/A
HIIQ,$4.6199,1440184298605,"21,808",50% bullish,of 2 ratings,$7
HCSG,$33.72,1440184298657,"214,216",50% bullish,of 4 ratings,$35
HSTM,$24.795,1440184298753,"141,010",50% bullish,of 2 ratings,$33.75
HQY,$29.21,1440184298851,"295,869",67% bullish,of 3 ratings,$31
HWAY,$12.519,1440184298890,"217,148",100% bearish,of 1 rating,$15
HTLD,$20.15,1440184298958,"302,085",Not yet rated,NULL,$22.50
HSII,$20.2,1440184299033,"41,467",100% bullish,of 3 ratings,$25
HTWR,$83.07,1440184299063,"165,733",50% bullish,of 2 ratings,$103
HTBX,$5.32,1440184299097,"21,190",50% bullish,of 2 ratings,$15.50
HTLF,$36.41,1440184299125,"38,565",100% bullish,of 1 rating,$39.50
HELE,$88.16,1440184299160,"92,358",67% bearish,of 3 ratings,$100
HMTV,$12.96,1440184299259,"9,076",100% bearish,of 1 rating,$16
HMNY,$2.2261,1440184299416,"2,878",100% bearish,of 1 rating,N/A
HNNA,$24.34,1440184299544,"12,781",Not yet rated,NULL,N/A
HCACU,$10.0043,1440184299570,"2,000",Not yet rated,NULL,N/A
HERO,$0.0621,1440184299771,"1,763,276",81% bullish,of 16 ratings,$.75
HTBK,$11.08,1440184299797,"76,859",Not yet rated,NULL,$12
HCCI,$11.66,1440184299824,"20,030",100% bearish,of 1 rating,$16.50
HEOP,$7.81,1440184299845,"17,970",Not yet rated,NULL,$8.50
HSIC,$139.04,1440184299877,"221,954",83% bullish,of 6 ratings,$146
HFWA,$17.77,1440184299899,"44,106",100% bullish,of 1 rating,$20
HRTX,$34.965,1440184300032,"618,158",67% bullish,of 6 ratings,$41
MLHR,$28.2867,1440184300061,"135,519",50% bullish,of 2 ratings,$33.50
HFFC,$16.2,1440184300209,832,Not yet rated,NULL,N/A
HPJ,$2.23,1440184300234,"114,519",75% bullish,of 4 ratings,$12.43
HIBB,$37.085,1440184300394,"849,711",100% bearish,of 1 rating,$48.50
HIMX,$6.29,1440184300546,"915,471",86% bullish,of 21 ratings,$8.50
HSKA,$33.2,1440184300584,"24,918",100% bearish,of 1 rating,$38
HIFS,$118.6,1440184300613,"2,069",Not yet rated,NULL,N/A
HIHO,$4.0006,1440184300640,"7,592",Not yet rated,NULL,N/A
HMNF,$11.1,1440184300669,"2,410",Not yet rated,NULL,N/A
HMSY,$8.89,1440184300722,"932,249",67% bullish,of 3 ratings,$19.35
HSGX,$5.74,1440184300828,"23,205",100% bearish,of 1 rating,$17
HOLI,$16.69,1440184300920,"153,427",50% bullish,of 4 ratings,$27
HOLX,$39.86,1440184300957,"1,368,562",67% bullish,of 3 ratings,$42
HOMB,$39.27,1440184301102,"237,138",Not yet rated,NULL,$41
HBCP,$24.2511,1440184301129,"35,918",Not yet rated,NULL,$29
AWAY,$29.255,1440184301151,"492,891",67% bullish,of 3 ratings,$36
HFBL,$22,1440184301181,"1,100",Not yet rated,NULL,N/A
HMIN,$29.1,1440184301367,"44,914",100% bearish,of 2 ratings,$35
HMST,$21.45,1440184301401,"97,862",100% bullish,of 2 ratings,$27
HZNP,$28.99,1440184301534,"1,944,142",85% bullish,of 20 ratings,$40
HKTV,$4.74,1440184301568,911,100% bearish,of 1 rating,N/A
HFBC,$11.64,1440184301598,"2,429",Not yet rated,NULL,N/A
HOFT,$24.36,1440184301619,"40,752",100% bearish,of 1 rating,N/A
CETC,$0.7803,1440184301670,"35,588",86% bullish,of 7 ratings,N/A
HTBI,$18.48,1440184301755,"48,917",67% bullish,of 3 ratings,$18.625
HBNC,$24.19,1440184301803,"24,989",100% bullish,of 1 rating,$27
ZINC,$7.11,1440184301999,"416,846",100% bearish,of 1 rating,$17
HDP,$25.13,1440184302040,"165,909",67% bearish,of 3 ratings,$30.50
HRZN,$10.55,1440184302098,"47,284",100% bearish,of 1 rating,$14.25
HMHC,$22.45,1440184302168,"650,916",Not yet rated,NULL,$27
HOVNP,NULL,1440184302241,0,100% bearish,of 1 rating,N/A
HWCC,$7.25,1440184302269,"116,750",100% bearish,of 1 rating,$9
HBMD,$13.46,1440184302295,300,100% bearish,of 1 rating,N/A
HUBG,$39.1,1440184302444,"139,433",100% bearish,of 1 rating,$43
HSNI,$61.16,1440184302545,"168,299",Not yet rated,NULL,$80
HCBK,$9.65,1440184302581,"1,221,736",83% bullish,of 6 ratings,$8.61
HTGM,$5.5799,1440184302603,"8,821",100% bearish,of 1 rating,$19.50
HBAN,$11.05,1440184302638,"4,360,035",76% bullish,of 17 ratings,$12.29
HSON,$2.78,1440184302660,"13,699",100% bearish,of 1 rating,$5
HDSN,$2.8232,1440184302692,"25,416",100% bullish,of 1 rating,$6.25
HBANP,$1337,1440184302868,11,100% bearish,of 1 rating,N/A
HURC,$29.9,1440184302973,"10,069",100% bearish,of 1 rating,N/A
HTCH,$1.59,1440184303252,"47,147",100% bearish,of 1 rating,$3.50
HURN,$72.99,1440184303322,"74,338",50% bullish,of 2 ratings,$80
HDRA,NULL,1440184303354,0,Not yet rated,NULL,N/A
HDRAR,NULL,1440184303398,0,Not yet rated,NULL,N/A
HDRAU,NULL,1440184303425,0,Not yet rated,NULL,N/A
HDRAW,NULL,1440184303446,0,Not yet rated,NULL,N/A
IDSY,$3.8499,1440184303491,"5,464",100% bearish,of 1 rating,$7
HBP,$3.09,1440184303575,"1,457",100% bullish,of 1 rating,N/A
IKGH,$1.81,1440184303633,"10,114",75% bullish,of 4 ratings,N/A
HYGS,$7.51,1440184303760,"29,072",50% bullish,of 2 ratings,$13
IACI,$70.57,1440184303790,"519,105",75% bullish,of 4 ratings,$90
IBKC,$60.53,1440184303830,"140,277",100% bullish,of 1 rating,$70
ICAD,$3.54,1440184303858,"10,880",50% bullish,of 2 ratings,$7.25
IEP,$67.3806,1440184303993,"105,351",75% bullish,of 4 ratings,$99
ICFI,$35.74,1440184304201,"68,383",50% bullish,of 2 ratings,$48.50
ICLR,$77.57,1440184304230,"227,989",100% bearish,of 3 ratings,$85
IPWR,$7.47,1440184304267,747,100% bullish,of 1 rating,$15
INVE,$4.78,1440184304365,"94,053",75% bullish,of 4 ratings,$4
ICON,$12.345,1440184304394,"476,076",50% bullish,of 2 ratings,$18.50
ICUI,$115.5,1440184304416,"93,888",Not yet rated,NULL,$122
IDRA,$2.53,1440184304446,"922,628",89% bullish,of 9 ratings,$6.50
DSKY,$12.2,1440184304606,"188,980",67% bullish,of 6 ratings,$11.50
IDXX,$74.33,1440184304633,"275,215",100% bearish,of 1 rating,$77
IROQ,$16.5,1440184304793,500,100% bullish,of 1 rating,N/A
RXDX,$12.675,1440184304821,"89,169",100% bullish,of 1 rating,$20
IRG,$4.8568,1440184304847,"8,271",100% bearish,of 1 rating,$4.50
IIVI,$17.77,1440184304874,"159,135",100% bearish,of 1 rating,$22
IKAN,$2.73,1440184305005,"14,259",83% bullish,of 6 ratings,$5
KANG,$15,1440184305032,"257,744",50% bullish,of 2 ratings,$22.55
IKNX,$11.98,1440184305111,522,100% bearish,of 1 rating,N/A
ICCC,$8.22,1440184305245,"5,229",100% bullish,of 1 rating,N/A
ILMN,$199.6397,1440184305277,"653,033",80% bullish,of 5 ratings,$240
IMMR,$11.25,1440184305300,"165,446",80% bullish,of 5 ratings,$15.50
ISNS,$3.8607,1440184305322,"51,436",50% bullish,of 2 ratings,N/A
IMDZ,$15.54,1440184305354,"40,426",100% bearish,of 1 rating,$33
IMNP,$1.389,1440184305494,"95,155",50% bullish,of 2 ratings,$6
IMGN,$13.29,1440184305561,"757,538",75% bullish,of 4 ratings,$17.50
IPXL,$43.38,1440184305651,"479,295",67% bullish,of 3 ratings,$46.50
IMMU,$1.91,1440184305692,"804,789",86% bullish,of 7 ratings,$2
INCR,$42.095,1440184305737,"203,816",50% bullish,of 2 ratings,$53
IMMY,$7.5,1440184305789,"6,348",100% bearish,of 1 rating,$11
SAAS,$7.61,1440184305961,"344,532",50% bullish,of 2 ratings,$15
INDB,$46.41,1440184305987,"43,776",Not yet rated,NULL,$44
IBCP,$14.22,1440184306017,"45,406",100% bullish,of 1 rating,$14.50
INCY,$104.86,1440184306166,"509,046",50% bullish,of 6 ratings,$125.50
INFN,$21.015,1440184306197,"1,810,305",71% bullish,of 7 ratings,$28
IDSA,$3.53,1440184306223,200,Not yet rated,NULL,N/A
IBTX,$43.27,1440184306257,"33,288",100% bullish,of 2 ratings,$47.25
INFI,$9.77,1440184306360,"551,741",50% bullish,of 4 ratings,$18
IPCC,$80.525,1440184306421,"25,590",Not yet rated,NULL,$77.50
III,$4.18,1440184306490,"109,431",57% bullish,of 7 ratings,$6
IFON,$1.221,1440184306765,"39,047",75% bullish,of 4 ratings,N/A
IMKTA,$52.9933,1440184306804,"67,315",100% bearish,of 1 rating,N/A
INNL,NULL,1440184306843,0,100% bearish,of 1 rating,$16.50
INWK,$7.3097,1440184306865,"92,373",50% bullish,of 2 ratings,$10
ISSC,$2.94,1440184306887,"5,782",67% bearish,of 3 ratings,N/A
IPHS,$47.99,1440184306935,"52,603",100% bearish,of 1 rating,$60
INOD,$2.48,1440184306961,"16,582",100% bearish,of 1 rating,N/A
IOSP,$49.0757,1440184307024,"630,820",100% bearish,of 1 rating,N/A
ITEK,$13.39,1440184307162,"527,553",100% bearish,of 3 ratings,$20
INGN,$49.85,1440184307187,"106,262",100% bearish,of 1 rating,$50.50
INOV,$20.95,1440184307327,"212,634",100% bearish,of 1 rating,$33
INO,$7.04,1440184307360,"758,204",89% bullish,of 18 ratings,$20
NSIT,$26.14,1440184307389,"104,162",50% bullish,of 2 ratings,N/A
INSM,$24.91,1440184307447,"233,497",71% bullish,of 7 ratings,$31.50
ISIG,$2.6,1440184307528,"7,254",100% bearish,of 1 rating,N/A
IIIN,$17.88,1440184307561,"34,974",100% bearish,of 2 ratings,N/A
PODD,$28.88,1440184307634,"237,394",50% bullish,of 2 ratings,$35
NTEC,$6.07,1440184307666,"18,500",Not yet rated,NULL,N/A
INSY,$32.3,1440184307762,"493,222",75% bullish,of 4 ratings,$48
IART,$60.87,1440184307809,"119,168",100% bearish,of 1 rating,$71.50
IDTI,$17.29,1440184307863,"1,483,877",60% bullish,of 5 ratings,$25
IESC,$7.26,1440184307953,"1,000",100% bearish,of 1 rating,N/A
INTC,$26.805,1440184308009,"22,428,521",82% bullish,of 238 ratings,$36
ISSI,$22.3,1440184308034,"155,302",67% bullish,of 3 ratings,$19.75
IQNT,$19.075,1440184308188,"174,887",86% bullish,of 7 ratings,$20
IPAR,$27.28,1440184308324,"36,530",67% bullish,of 3 ratings,$38
IBKR,$38.82,1440184308356,"365,993",100% bullish,of 1 rating,N/A
ICPT,$192.625,1440184308384,"213,264",70% bullish,of 10 ratings,$359.50
ICLD,$1.8718,1440184308458,"353,406",75% bullish,of 4 ratings,N/A
ININ,$37.08,1440184308529,"62,481",67% bearish,of 3 ratings,$57
IPCI,$2.12,1440184308599,"26,976",67% bullish,of 6 ratings,$7.75
ICLDW,$0.9601,1440184308620,"1,250",100% bearish,of 1 rating,N/A
TILE,$24.4,1440184308699,"358,316",67% bearish,of 3 ratings,$27
IDCC,$47.54,1440184308727,"175,341",80% bullish,of 5 ratings,$63
IMI,$2.06,1440184308872,"5,887",67% bullish,of 3 ratings,$2.22
INAP,$8.33,1440184308904,"117,504",75% bullish,of 4 ratings,$11
IIJI,$8.9299,1440184309061,"1,000",50% bullish,of 2 ratings,$11.50
IBOC,$26.07,1440184309090,"125,082",100% bearish,of 1 rating,N/A
PTNT,$3.01,1440184309116,"3,950",Not yet rated,NULL,N/A
ISCA,$31.66,1440184309142,"44,552",100% bearish,of 1 rating,N/A
IGLD,$7.091,1440184309195,"1,977",50% bullish,of 2 ratings,N/A
INPH,$0.3,1440184309327,"8,240",50% bullish,of 2 ratings,N/A
XENT,$27.365,1440184309355,"116,109",50% bullish,of 2 ratings,$36.50
INTX,$2.55,1440184309421,"27,652",67% bullish,of 3 ratings,N/A
IILG,$20.06,1440184309552,"157,664",100% bearish,of 1 rating,$30.50
IVAC,$4.8999,1440184309581,"9,220",Not yet rated,NULL,$6.625
ISIL,$10.28,1440184309607,"613,669",50% bullish,of 6 ratings,$15
INTL,$26.08,1440184309683,"70,940",67% bearish,of 3 ratings,N/A
INTLL,$25.8266,1440184309756,200,Not yet rated,NULL,N/A
ITCI,$29.255,1440184309817,"273,833",75% bearish,of 4 ratings,$40
IIN,$6.38,1440184309863,"6,099",100% bearish,of 1 rating,$12
INTU,$89.9001,1440184309919,"4,095,068",100% bullish,of 7 ratings,$110.50
SNAK,$8.36,1440184310023,"232,124",50% bullish,of 2 ratings,$14
ISRG,$507.52,1440184310066,"109,591",67% bullish,of 3 ratings,$600
INVT,$0.2601,1440184310131,"25,721",67% bullish,of 3 ratings,N/A
ISTR,$15.56,1440184310201,"2,442",100% bearish,of 1 rating,$18.50
ISBC,$11.9,1440184310263,"1,570,792",100% bullish,of 1 rating,$13.25
NVIV,$9.855,1440184310343,"387,530",50% bullish,of 4 ratings,$24.50
ITIC,NULL,1440184310396,0,100% bearish,of 2 ratings,N/A
IPAS,$1.045,1440184310591,"43,270",67% bullish,of 3 ratings,N/A
IVTY,$12.97,1440184310621,"11,878",Not yet rated,NULL,$18
DTUL,NULL,1440184310653,0,Not yet rated,NULL,N/A
IPCM,$79.51,1440184310725,"422,322",50% bullish,of 2 ratings,$80.125
DFVL,NULL,1440184310753,0,Not yet rated,NULL,N/A
IRMD,$25.06,1440184310816,"12,310",67% bearish,of 3 ratings,$25
IPGP,$85.12,1440184310843,"101,787",100% bearish,of 2 ratings,$109.50
IRIX,$7.15,1440184310976,"10,437",100% bearish,of 1 rating,N/A
IRDMB,$266.95,1440184311006,478,67% bearish,of 3 ratings,N/A
IRDM,$6.665,1440184311028,"385,532",60% bullish,of 5 ratings,$11.50
IRWD,$10.96,1440184311212,"746,243",100% bearish,of 1 rating,$13
IRBT,$30,1440184311238,"136,478",67% bullish,of 6 ratings,$37
IRCP,$32.13,1440184311268,101,100% bullish,of 2 ratings,N/A
GNMA,$50.2501,1440184311371,"1,822",Not yet rated,NULL,N/A
COMT,$32.284,1440184311403,"10,629",100% bearish,of 1 rating,N/A
FCHI,$47.89,1440184311505,"1,550",Not yet rated,NULL,N/A
IFAS,$28.76,1440184311530,"7,892",Not yet rated,NULL,N/A
IFEU,$38.98,1440184311723,"26,708",Not yet rated,NULL,N/A
IFNA,$56.26,1440184311934,1,Not yet rated,NULL,N/A
IFGL,$28.97,1440184311964,"116,683",Not yet rated,NULL,N/A
ACWI,$55.74,1440184312028,"894,469",Not yet rated,NULL,N/A
ACWX,$40.464,1440184312095,"266,661",100% bearish,of 1 rating,N/A
AAIT,$30.324,1440184312123,100,100% bullish,of 1 rating,N/A
AXJS,NULL,1440184312154,0,Not yet rated,NULL,N/A
AAXJ,$52.35,1440184312181,"1,151,151",Not yet rated,NULL,N/A
EEMA,$49.5701,1440184312256,"368,275",Not yet rated,NULL,N/A
EEME,$38.3884,1440184312383,644,100% bearish,of 1 rating,N/A
EMDI,$46.16,1440184312427,300,Not yet rated,NULL,N/A
EMEY,NULL,1440184312559,0,Not yet rated,NULL,N/A
EEML,NULL,1440184312584,0,Not yet rated,NULL,N/A
EGRW,$46.99,1440184312660,"2,278",Not yet rated,NULL,N/A
EVAL,$36.55,1440184312737,"2,311",Not yet rated,NULL,N/A
EUFN,$21.925,1440184312791,"140,428",100% bearish,of 1 rating,N/A
IEUS,$45.46,1440184312869,"6,397",100% bearish,of 1 rating,N/A
QAT,$20.45,1440184312898,"23,245",Not yet rated,NULL,N/A
UAE,$17.4399,1440184312922,"7,412",Not yet rated,NULL,N/A
IBB,$342.7672,1440184313005,"1,598,196",63% bullish,of 8 ratings,N/A
ICLN,$9.35,1440184313229,"32,737",50% bullish,of 2 ratings,N/A
SOXX,$79.24,1440184313264,"578,827",50% bullish,of 2 ratings,N/A
WOOD,$49.08,1440184313292,"51,671",50% bullish,of 2 ratings,N/A
EMIF,$28.4005,1440184313361,"3,957",Not yet rated,NULL,N/A
ISHG,$80.2499,1440184313387,"76,349",100% bearish,of 1 rating,N/A
INDY,$28.01,1440184313521,"790,302",50% bullish,of 2 ratings,N/A
IGOV,$92.25,1440184313546,"19,365",100% bearish,of 1 rating,N/A
ISIS,$46.625,1440184313703,"961,605",53% bullish,of 15 ratings,$67
ISLE,$16.62,1440184313747,"221,423",50% bullish,of 4 ratings,$16
ITRI,$31.97,1440184313785,"170,612",Not yet rated,NULL,$37
ISRL,$129.9,1440184313836,545,100% bearish,of 1 rating,N/A
ITUS,$4.1,1440184313921,"6,767",Not yet rated,NULL,N/A
ITRN,$24.68,1440184313951,"7,453",50% bullish,of 2 ratings,N/A
IXYS,$10.56,1440184313978,"180,034",50% bullish,of 4 ratings,N/A
XXIA,$15.42,1440184314005,"191,561",71% bullish,of 7 ratings,$14.625
MAYS,NULL,1440184314300,0,Not yet rated,NULL,N/A
JJSF,$113.89,1440184314331,"65,421",100% bearish,of 1 rating,N/A
JCOM,$69.48,1440184314402,"141,963",100% bullish,of 2 ratings,$77
JBHT,$76.22,1440184314428,"599,343",50% bullish,of 4 ratings,$89.50
JKHY,$68.79,1440184314458,"123,273",50% bullish,of 2 ratings,$72
JASO,$7.31,1440184314565,"1,067,603",82% bullish,of 17 ratings,$10
JACK,$81.67,1440184314617,"423,264",83% bullish,of 6 ratings,$105
JAGX,$2.5,1440184314720,"12,181",Not yet rated,NULL,N/A
JXSB,$24.06,1440184314774,542,Not yet rated,NULL,N/A
JAKK,$9.165,1440184314812,"260,016",60% bearish,of 5 ratings,$11
JAXB,$12.76,1440184314857,"1,300",100% bullish,of 1 rating,N/A
JRVR,$26.62,1440184314892,"24,998",Not yet rated,NULL,$32
JMBA,$13.32,1440184314944,"68,968",75% bullish,of 4 ratings,$18
ERW,NULL,1440184314990,0,Not yet rated,NULL,N/A
JASN,$4.8,1440184315018,"28,558",50% bullish,of 2 ratings,$9.50
JASNW,$0.22,1440184315189,"10,250",50% bullish,of 2 ratings,N/A
JAZZ,$170.27,1440184315382,"300,745",80% bullish,of 15 ratings,$206.50
JD,$25,1440184315412,"7,435,528",75% bullish,of 16 ratings,$36
JCTCF,NULL,1440184315433,0,100% bullish,of 1 rating,N/A
JBLU,$21.665,1440184315514,"5,680,293",94% bullish,of 16 ratings,$27
DATE,$6.43,1440184315575,"145,849",75% bullish,of 4 ratings,$9
JIVE,$4.06,1440184315609,"405,622",75% bullish,of 4 ratings,$5
JTPY,$3.03,1440184315632,"4,965",100% bearish,of 1 rating,N/A
JST,$4,1440184315707,"38,284",75% bullish,of 4 ratings,N/A
WYIGU,$10.0227,1440184315844,100,Not yet rated,NULL,N/A
JOEZ,$0.1767,1440184315874,"45,199",92% bullish,of 12 ratings,N/A
JOUT,$23.3,1440184315904,"15,321",100% bearish,of 1 rating,$34
JBSS,$49.28,1440184315946,"101,378",67% bearish,of 3 ratings,N/A
JUNO,$37.38,1440184316006,"986,884",73% bullish,of 11 ratings,$71.50
