Symbol,Price,Date,Volume,Rating,RatingVoteCount,OneYearEstimate
TFSC,NULL,1439997302336,0,100% bearish,of 1 rating,N/A
TFSCR,NULL,1439997302397,0,Not yet rated,NULL,N/A
FCCY,NULL,1439997302426,0,100% bullish,of 1 rating,$13
PIH,NULL,1439997302448,0,100% bearish,of 1 rating,N/A
TFSCW,NULL,1439997302478,0,100% bearish,of 1 rating,N/A
TFSCU,NULL,1439997302500,0,Not yet rated,NULL,N/A
FLWS,$9.62,1439997302535,"29,282",100% bullish,of 5 ratings,$15
FCTY,NULL,1439997302631,0,100% bullish,of 1 rating,$8.50
SRCE,$30.44,1439997302761,"7,799",100% bullish,of 3 ratings,$33
DGLD,$83,1439997302787,"8,895",100% bullish,of 1 rating,N/A
DSLV,$62.57,1439997302851,"8,838",100% bearish,of 1 rating,N/A
UGLD,$9.15,1439997302880,"57,327",100% bearish,of 1 rating,N/A
TWOU,$35.05,1439997302902,"45,033",50% bullish,of 2 ratings,$39
USLV,$14.4,1439997302942,"162,612",86% bullish,of 7 ratings,N/A
VNET,$20.92,1439997302964,"55,686",60% bullish,of 5 ratings,$29.50
JOBS,$27.5,1439997303276,"24,538",50% bullish,of 4 ratings,$36
CAFD,$15.6,1439997303379,"38,231",Not yet rated,NULL,$25
SHLM,$34.71,1439997303441,"42,376",100% bearish,of 1 rating,$50
AAON,$22.8,1439997303539,"26,006",100% bearish,of 1 rating,$24
EGHT,$8.4,1439997303569,"37,560",82% bullish,of 17 ratings,$11
AVHI,$14.2799,1439997303601,"5,641",100% bearish,of 1 rating,$19
SIXD,$2.2825,1439997303651,"9,087",Not yet rated,NULL,N/A
ABEO,$5.33,1439997303677,"119,222",67% bullish,of 3 ratings,$15.50
ABEOW,$2.2,1439997303706,"3,389",100% bullish,of 1 rating,N/A
ABGB,$4.1647,1439997303842,"58,409",67% bullish,of 3 ratings,$5.50
ABY,$21.1,1439997303868,"38,112",100% bearish,of 2 ratings,$46
ABAX,$47.3,1439997303915,"44,117",100% bearish,of 1 rating,$60
ABMD,$103.02,1439997303945,"123,985",75% bullish,of 4 ratings,$86
AXAS,$1.67,1439997304049,"142,827",78% bullish,of 9 ratings,$3.50
ACTG,$8.5,1439997304076,"58,706",67% bullish,of 3 ratings,$18.50
ACHC,$79.75,1439997304130,"110,376",50% bullish,of 2 ratings,$92
AXDX,$18.41,1439997304376,"48,924",100% bearish,of 1 rating,N/A
ACAD,$37.73,1439997304479,"98,739",85% bullish,of 20 ratings,$48
VXDN,$14.42,1439997304517,238,Not yet rated,NULL,N/A
VXUP,$17.37,1439997304610,"9,950",Not yet rated,NULL,N/A
ANCX,$19.21,1439997304641,"7,536",Not yet rated,NULL,$19
ACST,$0.365,1439997304668,"1,200",100% bullish,of 2 ratings,N/A
XLRN,$30.7,1439997304742,"31,928",50% bullish,of 2 ratings,$57
ACRX,$4.25,1439997304771,"76,315",67% bearish,of 6 ratings,$5.50
ARAY,$5.97,1439997304817,"378,358",100% bearish,of 1 rating,$10.50
ACET,$24.86,1439997304947,"12,859",75% bullish,of 4 ratings,$30
ACHN,$8.4265,1439997304976,"442,789",90% bullish,of 21 ratings,$16
AKAO,$6.9801,1439997305017,"17,504",75% bullish,of 4 ratings,$15
ACIW,$22.65,1439997305044,"32,718",50% bullish,of 2 ratings,$24
ACNB,$20.12,1439997305120,63,Not yet rated,NULL,N/A
ACOR,$30.51,1439997305211,"31,810",67% bearish,of 3 ratings,$38.50
ACTS,$1.4,1439997305391,"5,704",100% bearish,of 1 rating,N/A
ACPW,$1.85,1439997305444,"6,264",100% bullish,of 4 ratings,$3.50
ADMS,$20.0001,1439997305533,"10,382",100% bearish,of 2 ratings,$36
ATVI,$28.951,1439997305575,"633,993",68% bullish,of 84 ratings,$31.50
ACUR,$0.65,1439997305604,"34,002",100% bullish,of 5 ratings,$1
ACTA,$13.38,1439997305630,"19,030",67% bearish,of 3 ratings,$25
ADMP,$3.7899,1439997305770,"1,315",50% bullish,of 2 ratings,$10
ADUS,$30.49,1439997305847,"13,982",100% bearish,of 1 rating,$31
ACXM,$20.68,1439997305878,"104,917",67% bullish,of 3 ratings,N/A
AEY,$2.35,1439997305905,"10,999",100% bearish,of 2 ratings,N/A
ADEP,$7.4,1439997305938,"6,153",50% bullish,of 2 ratings,$10.75
ADMA,$9.5,1439997306044,"1,200",Not yet rated,NULL,$19
ADAP,$15.29,1439997306180,"10,716",67% bullish,of 3 ratings,$22
ADBE,$85.86,1439997306208,"163,973",65% bullish,of 17 ratings,$90
ADRO,$20.94,1439997306356,"44,255",80% bullish,of 5 ratings,$45.50
ADTN,$15.81,1439997306384,"87,774",67% bullish,of 3 ratings,$17.125
AEIS,$25.58,1439997306459,"16,747",50% bullish,of 2 ratings,$32.50
AMD,$1.775,1439997306513,"993,152",83% bullish,of 102 ratings,$2
MULT,NULL,1439997306617,0,100% bearish,of 1 rating,N/A
ADXS,$15.225,1439997306646,"161,607",64% bullish,of 14 ratings,$27
YPRO,NULL,1439997306667,0,100% bearish,of 1 rating,N/A
ADXSW,$10.678,1439997306720,"10,600",100% bullish,of 1 rating,N/A
AEGR,$18.1,1439997306808,"58,813",50% bullish,of 6 ratings,$26
AEHR,$2.24,1439997306850,12,50% bullish,of 2 ratings,N/A
AEGN,$18.64,1439997306881,"25,764",100% bearish,of 1 rating,$21
AEPI,$57.1,1439997307035,"1,339",100% bearish,of 1 rating,N/A
AMTX,$3.419,1439997307120,"2,000",50% bullish,of 2 ratings,$26.11
AERI,$16.07,1439997307254,"75,189",75% bullish,of 4 ratings,$31.50
AVAV,$25.47,1439997307304,"20,205",50% bullish,of 4 ratings,$31
AEZS,$0.1095,1439997307330,"4,465,666",90% bullish,of 21 ratings,$1.50
AEMD,$7.07,1439997307467,"12,026",Not yet rated,NULL,$27.50
AFFX,$9.69,1439997307496,"24,356",80% bullish,of 5 ratings,$12
AGIO,$94.13,1439997307531,"55,062",88% bullish,of 8 ratings,$114
AGEN,$7.43,1439997307633,"117,228",85% bullish,of 13 ratings,$14
AFMD,$10.7514,1439997307659,"94,468",50% bullish,of 4 ratings,$15
AGRX,$8.48,1439997307720,"5,882",100% bearish,of 1 rating,$18
AGYS,$9.4,1439997307793,922,100% bearish,of 1 rating,N/A
AIMT,$24.035,1439997307931,"13,914",Not yet rated,NULL,N/A
AGFS,$10.02,1439997308022,"112,322",100% bearish,of 1 rating,N/A
AGFSW,$2.19,1439997308065,"3,535",100% bearish,of 2 ratings,N/A
AIRM,$39.27,1439997308092,"36,223",80% bearish,of 5 ratings,$53
AIRT,$22.99,1439997308172,100,100% bullish,of 1 rating,N/A
ATSG,$9.42,1439997308226,"23,727",67% bullish,of 3 ratings,$13
AMCN,$5.06,1439997308318,"93,437",83% bullish,of 6 ratings,N/A
AIXG,$6.13,1439997308357,"6,213",67% bearish,of 3 ratings,$6
AKBA,$6.65,1439997308530,"49,216",100% bearish,of 1 rating,$18
AKER,$2.84,1439997308562,"23,559",Not yet rated,NULL,N/A
AKRX,$43.18,1439997308588,"83,996",78% bullish,of 9 ratings,$56
AKAM,$72.81,1439997308619,"94,362",63% bullish,of 8 ratings,$77
ALRM,$17.33,1439997308662,"5,679",100% bearish,of 1 rating,$22
ALSK,$2.153,1439997308762,"29,611",78% bullish,of 18 ratings,$2
AMRI,$20.31,1439997308836,"16,396",75% bearish,of 4 ratings,$24
ABDC,$12.8999,1439997308977,"3,464",Not yet rated,NULL,$15
ADHD,$8.805,1439997309008,"89,138",50% bullish,of 4 ratings,$18
ALDX,$7.98,1439997309112,"6,496",100% bearish,of 1 rating,$14.50
ALXA,$1.17,1439997309217,"1,540",83% bullish,of 6 ratings,$2.125
ALXN,$184.42,1439997309278,"176,717",88% bullish,of 8 ratings,$223
ALDR,$36.62,1439997309309,"53,243",67% bearish,of 3 ratings,$62
ALIM,$3.61,1439997309347,"19,572",80% bullish,of 5 ratings,$10
ALGN,$59.59,1439997309375,"99,089",100% bearish,of 2 ratings,$73
ALCO,$42.26,1439997309408,"2,830",50% bullish,of 2 ratings,N/A
ALGT,$227.92,1439997309509,"32,781",100% bearish,of 1 rating,$235
AIQ,$14.75,1439997309731,"1,654",67% bullish,of 3 ratings,N/A
ALKS,$65.7225,1439997309757,"91,172",67% bullish,of 3 ratings,$75
ALLB,$23.75,1439997309788,"1,382",Not yet rated,NULL,N/A
AFOP,$18.48,1439997309824,"24,912",75% bullish,of 8 ratings,$21
AHGP,$35.875,1439997309890,"18,783",67% bullish,of 3 ratings,N/A
ARLP,$24.625,1439997310060,"14,206",67% bearish,of 3 ratings,$32
AHPI,$1.45,1439997310094,200,50% bullish,of 2 ratings,N/A
AMOT,$16.31,1439997310193,"8,397",100% bearish,of 1 rating,N/A
ALQA,$4.6,1439997310220,"5,936",75% bullish,of 4 ratings,$8.50
ALLT,$5.05,1439997310350,"13,757",75% bullish,of 4 ratings,$6.25
MDRX,$13.93,1439997310383,"323,503",60% bullish,of 5 ratings,$16
AFAM,$47.968,1439997310413,"4,859",50% bullish,of 2 ratings,$44
ALNY,$106.8,1439997310444,"68,981",67% bullish,of 3 ratings,$148.50
AOSL,$7.28,1439997310483,"26,273",67% bullish,of 3 ratings,$9
SMCP,$23.83,1439997310538,250,Not yet rated,NULL,N/A
ATEC,$0.6,1439997310743,"5,000",100% bullish,of 1 rating,$2
ALTR,$48.65,1439997310885,"367,346",80% bearish,of 5 ratings,$54
ASPS,$30.07,1439997310911,"17,680",67% bullish,of 3 ratings,$46.50
AMRN,$2.185,1439997310985,"147,049",85% bullish,of 39 ratings,$8
AIMC,$25.88,1439997311094,"6,595",100% bearish,of 1 rating,$28.50
AMRK,$10.62,1439997311121,700,50% bullish,of 2 ratings,$14
AMZN,$531.07,1439997311199,"282,142",81% bullish,of 263 ratings,$646
AMAG,$63.26,1439997311269,"98,225",100% bullish,of 2 ratings,$77.50
AYA,$22.5501,1439997311299,"6,466",100% bearish,of 1 rating,$40
AMBC,$15.91,1439997311430,"32,814",100% bearish,of 1 rating,$16.50
AMCX,$72.96,1439997311508,"136,950",67% bullish,of 3 ratings,$85.50
EPAX,$2.671,1439997311568,"9,002",100% bearish,of 1 rating,N/A
AMBCW,NULL,1439997311641,0,100% bearish,of 1 rating,N/A
AMBA,$103.25,1439997311669,"542,640",83% bullish,of 12 ratings,$102.50
DOX,$59.89,1439997311834,"67,105",100% bullish,of 2 ratings,$60
AMDA,$0.4831,1439997311871,"435,099",90% bullish,of 10 ratings,$1
AMED,$44.52,1439997312084,"46,170",100% bearish,of 1 rating,$42
ATAX,$5.3,1439997312115,"24,489",100% bullish,of 1 rating,$6.50
AMOV,$18.69,1439997312145,10,100% bearish,of 1 rating,N/A
UHAL,$380.395,1439997312171,"2,510",100% bullish,of 2 ratings,$393.50
ASBI,NULL,1439997312201,0,Not yet rated,NULL,N/A
AAL,$43.65,1439997312236,"1,479,947",93% bullish,of 87 ratings,$57
AGNC,$19.83,1439997312337,"352,663",71% bullish,of 28 ratings,$22
AGNCB,$24.1,1439997312364,"4,719",Not yet rated,NULL,N/A
MTGEP,NULL,1439997312667,0,Not yet rated,NULL,N/A
MTGE,$15.85,1439997312773,"61,039",75% bullish,of 4 ratings,$19.50
ACSF,$12.7001,1439997312829,"4,452",100% bearish,of 1 rating,$15
ANCI,NULL,1439997312902,0,100% bearish,of 1 rating,N/A
ACAS,$14.115,1439997312929,"392,459",60% bullish,of 5 ratings,$16.75
AETI,$3.77,1439997312951,68,67% bearish,of 3 ratings,N/A
AMIC,NULL,1439997312972,0,Not yet rated,NULL,N/A
AGNCP,$25.3547,1439997313013,"2,000",Not yet rated,NULL,N/A
AMNB,$23.37,1439997313105,943,Not yet rated,NULL,$25.50
ANAT,$102.94,1439997313383,"4,217",100% bullish,of 1 rating,N/A
ASEI,$38.72,1439997313409,"5,845",100% bearish,of 1 rating,$52.50
ARII,$40,1439997313436,"34,903",67% bearish,of 3 ratings,$45
APEI,$22.02,1439997313457,"15,662",100% bearish,of 1 rating,$25.50
AMSC,$3.9,1439997313647,"15,484",50% bullish,of 4 ratings,N/A
AMSWA,$9.3799,1439997313684,"12,955",100% bearish,of 2 ratings,$10.75
AMWD,$65.26,1439997313922,"19,182",50% bullish,of 2 ratings,$58
ASRV,$3.2992,1439997313994,447,100% bullish,of 2 ratings,N/A
ABCB,$28.02,1439997314025,"7,722",Not yet rated,NULL,$31
AMRB,NULL,1439997314047,0,Not yet rated,NULL,$11
CRMT,$44.1,1439997314093,"3,083",100% bearish,of 1 rating,$49
ASRVP,NULL,1439997314186,0,Not yet rated,NULL,N/A
ATLO,$24.07,1439997314234,48,Not yet rated,NULL,N/A
AMSF,$50.54,1439997314269,"17,922",Not yet rated,NULL,$57.50
AMGN,$164.87,1439997314398,"443,408",89% bullish,of 19 ratings,$185
FOLD,$15.9601,1439997314500,"128,652",56% bullish,of 9 ratings,$21
AMKR,$4.3,1439997314704,"195,979",100% bearish,of 2 ratings,$5
AMSG,$83.38,1439997314774,"70,417",100% bearish,of 1 rating,$85.50
AMPH,$14.23,1439997314841,"39,476",50% bullish,of 2 ratings,$20
ADI,$59.11,1439997314943,"2,673,635",67% bullish,of 3 ratings,$68
AMRS,$1.63,1439997314979,"19,378",70% bullish,of 10 ratings,N/A
AFSI,$63.68,1439997315001,"54,979",60% bullish,of 5 ratings,$72
ASYS,$5.57,1439997315033,"17,900",67% bullish,of 3 ratings,$12
ANAC,$128.28,1439997315073,"115,261",80% bullish,of 5 ratings,$180.50
AMSGP,NULL,1439997315099,0,Not yet rated,NULL,N/A
ANAD,$0.3551,1439997315296,"123,424",100% bullish,of 2 ratings,$.50
ANCB,$22.56,1439997315329,1,Not yet rated,NULL,$23
ALOG,$82.34,1439997315366,"5,761",100% bearish,of 2 ratings,$100.50
AMCF,$0.259,1439997315433,410,100% bullish,of 7 ratings,N/A
ABCW,$40.8,1439997315463,939,67% bullish,of 3 ratings,N/A
ANGI,$4.42,1439997315644,"177,529",64% bullish,of 11 ratings,$5.50
ANIP,$54.12,1439997315845,"22,182",89% bullish,of 19 ratings,$66
ANGO,$14.73,1439997315942,"7,516",67% bullish,of 3 ratings,$19
ABAC,$0.84,1439997315973,"7,600",100% bearish,of 1 rating,N/A
ATNY,$2.31,1439997316000,54,50% bullish,of 2 ratings,$3.75
ANSS,$96.16,1439997316022,"61,412",100% bearish,of 1 rating,$100
ANIK,$35.44,1439997316053,"15,890",60% bullish,of 5 ratings,$51.25
ATRS,$1.84,1439997316085,"100,357",92% bullish,of 12 ratings,$4.50
ANTH,$8.85,1439997316189,"194,303",80% bullish,of 10 ratings,$13
APIC,$7.4,1439997316252,"36,484",100% bearish,of 1 rating,$19
APOL,$11.66,1439997316434,"191,904",87% bearish,of 68 ratings,$14
AINV,$6.62,1439997316460,"450,626",50% bullish,of 4 ratings,$8
APPF,$17.7701,1439997316489,"29,201",50% bullish,of 2 ratings,$22
APOG,$53.28,1439997316709,"28,900",100% bullish,of 1 rating,$62
ARCI,$1.25,1439997316767,200,Not yet rated,NULL,N/A
APDN,$3.28,1439997316849,"13,265",Not yet rated,NULL,$9
AGTC,$14.96,1439997316900,"17,996",50% bullish,of 2 ratings,$33
APDNW,NULL,1439997316925,0,Not yet rated,NULL,N/A
AAOI,$21.4,1439997316956,"42,461",50% bullish,of 4 ratings,$26
AMAT,$16.4,1439997316978,"2,083,247",82% bullish,of 11 ratings,$23
AMCC,$5.575,1439997317011,"107,959",80% bullish,of 5 ratings,$8
AREX,$2.5,1439997317159,"79,335",100% bearish,of 1 rating,$3
AAPL,$115.1601,1439997317190,"8,348,729",86% bullish,of 2334 ratings,$150
APRI,$1.237,1439997317330,"71,712",83% bullish,of 6 ratings,$4.86
AQMS,$5.39,1439997317357,"4,450",Not yet rated,NULL,N/A
AQXP,$18.0395,1439997317502,"249,053",50% bullish,of 2 ratings,$2
APTO,$5.1387,1439997317574,226,Not yet rated,NULL,$17
AUMAU,NULL,1439997317651,0,Not yet rated,NULL,N/A
PETX,$17.02,1439997317708,"26,202",100% bearish,of 2 ratings,$26
AUMAW,NULL,1439997317734,0,Not yet rated,NULL,N/A
AUMA,NULL,1439997317757,0,Not yet rated,NULL,N/A
ABUS,$7.88,1439997317792,"90,886",86% bullish,of 14 ratings,$23
ARDM,$7.4,1439997317815,600,100% bullish,of 1 rating,$26
ABIO,$0.9029,1439997318117,"50,811",50% bullish,of 2 ratings,$3.75
RKDA,$5.815,1439997318167,"6,568",100% bearish,of 2 ratings,$10
ARCB,$31.27,1439997318194,"28,814",50% bullish,of 2 ratings,$39.50
ARCW,$3.66,1439997318216,"1,586",100% bearish,of 2 ratings,$10.50
ACGL,$73.39,1439997318350,"35,866",50% bullish,of 2 ratings,$72
ARNA,$3.0343,1439997318522,"490,110",90% bullish,of 77 ratings,$5.50
ACAT,$28.98,1439997318556,"48,060",100% bearish,of 3 ratings,$33
ARDX,$17.85,1439997318630,"36,896",50% bullish,of 2 ratings,$24.50
AGIIL,$25.4132,1439997318662,"2,817",Not yet rated,NULL,N/A
AGII,$58.7,1439997318689,"35,506",Not yet rated,NULL,$59.50
ARIS,NULL,1439997318721,0,Not yet rated,NULL,$4.50
ARCC,$15.9,1439997318742,"128,408",67% bearish,of 3 ratings,$17.875
ARGS,$4.742,1439997318824,"7,153",50% bullish,of 2 ratings,$19.50
ARIA,$7.17,1439997319033,"309,739",87% bullish,of 46 ratings,$9
ARKR,NULL,1439997319088,0,50% bullish,of 2 ratings,N/A
ARMH,$42.1,1439997319119,"179,822",54% bearish,of 13 ratings,$61
ARWA,NULL,1439997319178,0,Not yet rated,NULL,N/A
ARWAR,NULL,1439997319203,0,Not yet rated,NULL,N/A
ARTX,$1.6,1439997319229,"96,412",88% bullish,of 16 ratings,$4.50
ARWAW,NULL,1439997319451,0,Not yet rated,NULL,N/A
ARQL,$1.675,1439997319480,"23,919",75% bullish,of 4 ratings,$5
ARRY,$5.6,1439997319513,"194,011",100% bullish,of 7 ratings,$10
ARWAU,NULL,1439997319542,0,100% bullish,of 1 rating,N/A
DWAT,NULL,1439997319620,0,100% bearish,of 1 rating,N/A
ARRS,$27.695,1439997319658,"277,212",50% bullish,of 2 ratings,$38
ARWR,$5.57,1439997319687,"195,046",75% bullish,of 4 ratings,$10.50
AROW,$27.14,1439997319753,"1,316",Not yet rated,NULL,N/A
ARTNA,$22.46,1439997319923,355,100% bearish,of 1 rating,$29
ARTW,NULL,1439997320081,0,75% bearish,of 4 ratings,N/A
ASND,$18.25,1439997320143,"16,368",100% bullish,of 1 rating,$30
ASCMA,$28.06,1439997320174,"16,440",100% bearish,of 1 rating,$45
ASBB,$23.45,1439997320226,"1,200",Not yet rated,NULL,N/A
ASNA,$11.91,1439997320274,"470,552",50% bullish,of 2 ratings,$18
ASTI,$0.1361,1439997320332,"259,234",83% bullish,of 6 ratings,$3
ASML,$90.45,1439997320362,"253,467",67% bullish,of 3 ratings,$127
AZPN,$39.14,1439997320383,"159,614",50% bullish,of 2 ratings,$42
APWC,NULL,1439997320570,0,100% bearish,of 1 rating,N/A
ASMI,$37.9,1439997320598,200,50% bullish,of 2 ratings,N/A
ASFI,$9.0399,1439997320761,"1,538",100% bullish,of 1 rating,N/A
ALOT,$13.35,1439997320822,202,100% bearish,of 1 rating,N/A
ASMB,$12.705,1439997320849,"16,065",67% bullish,of 3 ratings,N/A
ASTE,$37.22,1439997320870,"10,472",100% bearish,of 1 rating,$48
ATRO,$55.5,1439997321071,"28,905",100% bearish,of 2 ratings,$80
ASTC,$2.32,1439997321231,"8,908",100% bullish,of 5 ratings,N/A
ATHN,$138.26,1439997321278,"21,674",67% bearish,of 3 ratings,$153
ASUR,$6,1439997321304,"9,050",Not yet rated,NULL,$8
ATRA,$48.13,1439997321436,"17,346",50% bullish,of 2 ratings,$68
AFCB,NULL,1439997321470,0,Not yet rated,NULL,N/A
ATAI,$2.9294,1439997321571,"11,901",100% bearish,of 1 rating,N/A
AAPC,NULL,1439997321596,0,Not yet rated,NULL,N/A
AAME,NULL,1439997321624,0,Not yet rated,NULL,N/A
ATHX,$1.195,1439997321770,"19,908",89% bullish,of 9 ratings,$5
ATNI,$74.05,1439997321903,"15,025",100% bearish,of 1 rating,$69.50
ATLC,$3.9511,1439997321935,802,67% bullish,of 3 ratings,N/A
ACFC,$6.33,1439997322037,"20,522",Not yet rated,NULL,$6.50
AFH,$17.059,1439997322143,"3,452",Not yet rated,NULL,$21.50
ATML,$7.66,1439997322202,"1,172,334",78% bullish,of 9 ratings,$9.50
AAWW,$44.75,1439997322287,"79,850",50% bullish,of 2 ratings,$65
ATRM,NULL,1439997322423,0,50% bullish,of 2 ratings,N/A
ATOS,$0.91,1439997322532,"6,180",100% bullish,of 7 ratings,$7
ATRI,$395.88,1439997322634,257,Not yet rated,NULL,N/A
ATRC,$27,1439997322794,"13,222",100% bullish,of 1 rating,$30
ATTU,$14.93,1439997322832,"11,996",100% bearish,of 1 rating,$20.50
AUBN,$27.19,1439997322873,100,Not yet rated,NULL,N/A
LIFE,$14.385,1439997323035,"17,345",86% bullish,of 7 ratings,$43
AUDC,$3.32,1439997323066,"32,538",80% bullish,of 5 ratings,$5
AUPH,$3.4675,1439997323169,"8,568",100% bearish,of 1 rating,$8
EARS,$4.95,1439997323194,"5,739",100% bearish,of 2 ratings,$12
ADAT,$0.1139,1439997323220,"1,366",100% bullish,of 2 ratings,N/A
ABTL,$18.62,1439997323356,"13,053",100% bullish,of 4 ratings,$20.25
ADSK,$54.1,1439997323386,"114,389",83% bullish,of 6 ratings,$69.50
AVGO,$119.86,1439997323455,"353,052",88% bullish,of 8 ratings,$160
AAVL,$10.5,1439997323586,"173,732",100% bearish,of 1 rating,$20
ADP,$84.24,1439997323647,"316,516",100% bearish,of 1 rating,$88
AVNU,$12.75,1439997323692,"2,150",Not yet rated,NULL,$14
AVEO,$1.48,1439997323797,"847,722",75% bullish,of 8 ratings,$3
AVID,$8.23,1439997323824,"60,925",100% bearish,of 1 rating,$20
CAR,$45.94,1439997323953,"345,926",80% bullish,of 5 ratings,$60
AVNW,$1.13,1439997323978,"7,106",50% bullish,of 2 ratings,$2.20
AVGR,$15.443,1439997324004,429,100% bearish,of 1 rating,$20
AXPW,$1.1982,1439997324174,"31,852",83% bullish,of 6 ratings,N/A
ACLS,$3.12,1439997324199,"116,342",67% bullish,of 6 ratings,$4.75
AWRE,$3.24,1439997324229,"2,202",67% bullish,of 3 ratings,N/A
AXGN,$3.889,1439997324258,"17,014",Not yet rated,NULL,$5
AXPWW,NULL,1439997324388,0,Not yet rated,NULL,N/A
BCOM,$19.52,1439997324548,8,100% bearish,of 1 rating,N/A
BOSC,$2.21,1439997324602,710,50% bullish,of 2 ratings,N/A
RILY,NULL,1439997324632,0,Not yet rated,NULL,N/A
AXTI,$2.17,1439997324654,"7,018",50% bullish,of 2 ratings,$2.75
BEAV,$50.88,1439997324840,"115,399",67% bearish,of 3 ratings,$59
BCPC,$59.84,1439997324875,"6,818",100% bearish,of 1 rating,$75
BIDU,$162.665,1439997324897,"926,017",81% bullish,of 88 ratings,$215
BLDP,$1.345,1439997324967,"40,700",91% bullish,of 22 ratings,$2.50
BWINB,$23.18,1439997324995,"1,700",Not yet rated,NULL,N/A
BANF,$63,1439997325128,"2,241",Not yet rated,NULL,$68
BWINA,NULL,1439997325153,0,Not yet rated,NULL,N/A
BOCH,$5.8,1439997325287,600,Not yet rated,NULL,$6.50
BKMU,$7.22,1439997325364,"78,958",Not yet rated,NULL,$8
BKSC,NULL,1439997325608,0,Not yet rated,NULL,N/A
OZRK,$42.92,1439997325701,"77,637",67% bullish,of 3 ratings,$49.50
BANFP,$27.2,1439997325726,100,Not yet rated,NULL,N/A
BOTJ,$11.4,1439997325761,3,Not yet rated,NULL,N/A
BMRC,$48.53,1439997325782,462,Not yet rated,NULL,$52
BWFG,NULL,1439997325803,0,100% bearish,of 1 rating,N/A
BFIN,$12.02,1439997325841,"1,004",Not yet rated,NULL,$13
BANR,$46.8799,1439997325934,"2,575",100% bullish,of 3 ratings,$50
TAPR,$31.63,1439997326119,"1,505",100% bearish,of 1 rating,N/A
BZUN,$7.5526,1439997326151,"310,883",50% bullish,of 2 ratings,$13.85
BHAC,NULL,1439997326172,0,Not yet rated,NULL,N/A
BHACR,NULL,1439997326202,0,Not yet rated,NULL,N/A
BHACU,NULL,1439997326223,0,Not yet rated,NULL,N/A
BHACW,NULL,1439997326429,0,Not yet rated,NULL,N/A
BSET,$31.13,1439997326569,"17,885",100% bearish,of 1 rating,$35
BV,$5.24,1439997326595,"56,932",67% bullish,of 6 ratings,$9
BBSI,$35.62,1439997326626,"23,476",67% bearish,of 3 ratings,$62.50
BYBK,$5.05,1439997326652,10,100% bearish,of 1 rating,N/A
BYLK,$12.9401,1439997326680,846,Not yet rated,NULL,$14
BBCN,$15.42,1439997326732,"16,861",100% bearish,of 1 rating,$16
BBGI,$4.6,1439997327070,916,100% bearish,of 1 rating,N/A
BDCV,$4.96,1439997327103,3,100% bearish,of 1 rating,$10.19
BEBE,$1.8,1439997327124,"35,828",75% bullish,of 4 ratings,$3.075
BECN,$35.74,1439997327156,"32,407",50% bullish,of 2 ratings,$40
BCBP,$11.71,1439997327182,200,Not yet rated,NULL,N/A
BSF,$9.1053,1439997327212,"1,267",Not yet rated,NULL,N/A
BBBY,$63.24,1439997327290,"155,347",71% bullish,of 7 ratings,$75
BELFA,NULL,1439997327568,0,100% bearish,of 1 rating,N/A
BELFB,$19.86,1439997327604,"7,042",100% bearish,of 1 rating,N/A
BLCM,$18.97,1439997327679,"42,373",50% bullish,of 4 ratings,$40
BLPH,$5.81,1439997327738,"27,214",100% bearish,of 1 rating,$12.50
BNTC,$8.14,1439997327766,"25,155",100% bullish,of 1 rating,N/A
BNCL,$12.931,1439997327788,"27,617",100% bullish,of 3 ratings,$12.50
BNFT,$38.96,1439997327820,"26,969",67% bullish,of 3 ratings,$46
BGMD,$0.8511,1439997328002,"70,909",100% bullish,of 10 ratings,N/A
BGCP,$9.34,1439997328082,"166,535",88% bullish,of 8 ratings,$14
BASI,NULL,1439997328225,0,Not yet rated,NULL,N/A
ORPN,$5.63,1439997328250,"2,200",100% bullish,of 1 rating,$28.50
BIND,$4.51,1439997328280,"3,861",67% bullish,of 3 ratings,$13.50
BGFV,$11.14,1439997328417,"18,162",57% bullish,of 7 ratings,$12
BCDA,NULL,1439997328562,0,Not yet rated,NULL,N/A
BCRX,$11.61,1439997328594,"90,562",63% bullish,of 8 ratings,$18
BDSI,$6.54,1439997328615,"174,832",88% bullish,of 8 ratings,$17
BIOC,$2.2286,1439997328648,"693,128",83% bullish,of 6 ratings,$3.70
BIOD,$0.7,1439997328752,"40,125",80% bullish,of 5 ratings,$4
BIOL,$1.57,1439997328814,"12,642",Not yet rated,NULL,N/A
BIIB,$314.27,1439997328855,"330,194",88% bullish,of 16 ratings,$400
BMRN,$134.16,1439997329031,"79,191",80% bullish,of 5 ratings,$160
BLFS,$2.1899,1439997329058,"33,159",100% bearish,of 1 rating,$4.75
BLRX,$1.57,1439997329133,"30,086",100% bullish,of 12 ratings,$5
BVXV,$4.05,1439997329160,"1,300",Not yet rated,NULL,N/A
BPTH,$1.12,1439997329238,"31,345",100% bullish,of 2 ratings,$5
BVXVW,NULL,1439997329290,0,100% bearish,of 1 rating,N/A
BRLI,$34.615,1439997329384,"58,509",83% bullish,of 6 ratings,N/A
BBC,$31.91,1439997329479,"7,131",Not yet rated,NULL,N/A
BIOS,$1.54,1439997329528,"136,432",71% bullish,of 7 ratings,$4
BBP,$33.7852,1439997329583,"8,787",Not yet rated,NULL,N/A
TECH,$105.27,1439997329781,"8,146",100% bullish,of 1 rating,$117
BOTA,$2.23,1439997329841,"13,421",88% bullish,of 8 ratings,N/A
BSTC,$50.37,1439997329871,"17,587",100% bearish,of 1 rating,$76
BSPM,$0.696,1439997329916,"1,050",50% bullish,of 2 ratings,N/A
BEAT,$12.17,1439997330002,"26,220",67% bearish,of 3 ratings,$15
BDMS,NULL,1439997330086,0,100% bearish,of 1 rating,N/A
BBOX,$15.28,1439997330219,"8,473",100% bearish,of 1 rating,N/A
BITI,$19.1925,1439997330252,"7,408",100% bullish,of 1 rating,$28
BDE,$7.45,1439997330354,"23,093",50% bullish,of 2 ratings,$9
BLKB,$61.2,1439997330414,"21,308",100% bearish,of 2 ratings,$66
BBRY,$7.465,1439997330441,"622,617",61% bullish,of 330 ratings,$9
BJRI,$46.45,1439997330493,"25,267",50% bullish,of 2 ratings,$55
HAWK,$43.89,1439997330576,"35,933",90% bullish,of 10 ratings,$49
BKCC,$9.29,1439997330605,"84,753",100% bullish,of 2 ratings,$10
ADRD,$23.165,1439997330918,600,100% bearish,of 1 rating,N/A
ADRU,$22.9799,1439997330949,103,100% bearish,of 1 rating,N/A
BLBD,$12.95,1439997331049,"2,935",Not yet rated,NULL,N/A
ADRE,$31.028,1439997331074,"2,833",Not yet rated,NULL,N/A
BCOR,$13.515,1439997331130,"25,552",57% bullish,of 7 ratings,$15
BBLU,$0.86,1439997331347,"7,705",100% bullish,of 2 ratings,$4.43
BHBK,$14.27,1439997331378,"5,447",100% bullish,of 1 rating,$14.50
BUFF,$27.52,1439997331410,"93,811",83% bullish,of 12 ratings,$31.50
ADRA,$28.5,1439997331435,100,Not yet rated,NULL,N/A
BLMN,$21.47,1439997331460,"110,745",83% bullish,of 6 ratings,$27.50
BKEP,$6.95,1439997331511,"2,266",100% bearish,of 1 rating,$8.50
NILE,$34.53,1439997331597,"16,558",50% bullish,of 2 ratings,$34
BLUE,$123.48,1439997331653,"133,600",86% bullish,of 7 ratings,$217.50
BKEPP,NULL,1439997331757,0,100% bearish,of 1 rating,N/A
BPMC,$27.76,1439997331863,"7,742",50% bullish,of 2 ratings,$47.50
BNCN,$21.8,1439997331922,"3,329",Not yet rated,NULL,$23
BOFI,$131.27,1439997332090,"22,163",100% bullish,of 6 ratings,$144
BOJA,$22.12,1439997332190,"83,172",100% bullish,of 1 rating,$30
BOKF,$65.31,1439997332234,"13,094",100% bearish,of 1 rating,$71
BONA,$12.05,1439997332290,"27,352",75% bullish,of 4 ratings,$8.50
BOBE,$45.68,1439997332319,"8,763",75% bullish,of 4 ratings,$57
BAMM,$3.205,1439997332395,"2,908",60% bullish,of 5 ratings,N/A
WIFI,$8.6,1439997332450,"100,151",50% bullish,of 2 ratings,$13.50
BPFHP,$25.3,1439997332500,"1,400",100% bearish,of 1 rating,N/A
BNSO,$1.5085,1439997332585,"25,799",100% bearish,of 1 rating,N/A
BPFHW,$6.79,1439997332680,"1,210",100% bearish,of 1 rating,N/A
BDBD,$8.61,1439997332823,"74,370",60% bullish,of 5 ratings,$10
EPAY,$26.31,1439997332851,"16,543",100% bearish,of 2 ratings,$30
BCLI,$3.1999,1439997333027,"60,506",80% bullish,of 5 ratings,$12
BBEP,$2.367,1439997333078,"529,246",69% bullish,of 13 ratings,$5.625
BBRG,$12.96,1439997333105,"11,668",67% bullish,of 3 ratings,$14.50
BPFH,$12.4,1439997333136,"36,237",100% bearish,of 1 rating,$14
BDGE,$27.84,1439997333241,"5,073",Not yet rated,NULL,$31.75
BBEPP,$13.7,1439997333273,"8,699",100% bearish,of 1 rating,N/A
BRID,$8.8,1439997333371,200,100% bearish,of 1 rating,N/A
BLIN,$1.3301,1439997333400,"8,000",50% bullish,of 2 ratings,$2.20
BCOV,$5.35,1439997333591,"16,799",67% bullish,of 3 ratings,$10.20
BSFT,$32.97,1439997333637,"11,055",57% bullish,of 7 ratings,$40.50
BRCM,$50.57,1439997333663,"545,245",75% bullish,of 12 ratings,$56
BVSN,$5.93,1439997333744,"2,439",60% bearish,of 5 ratings,N/A
BYFC,NULL,1439997333912,0,50% bullish,of 2 ratings,N/A
BWEN,$3.5035,1439997333945,"27,564",100% bullish,of 3 ratings,$8
BRCD,$10.0175,1439997334015,"706,654",92% bullish,of 13 ratings,$12.50
BRKS,$10.37,1439997334047,"21,631",67% bullish,of 3 ratings,$15.25
BRKL,$10.84,1439997334072,"58,552",100% bearish,of 1 rating,$10.75
BMTC,$29.6,1439997334122,"3,113",Not yet rated,NULL,$34
BRKR,$19.72,1439997334149,"87,760",100% bearish,of 2 ratings,$22
BLMT,$21.15,1439997334206,740,Not yet rated,NULL,N/A
BSQR,$6.83,1439997334466,"17,096",67% bullish,of 3 ratings,N/A
BWLD,$198.97,1439997334610,"106,218",82% bullish,of 11 ratings,$205
BLDR,$14.97,1439997334641,"398,477",50% bullish,of 2 ratings,$22
CFFI,NULL,1439997334748,0,100% bearish,of 1 rating,N/A
BUR,$1.98,1439997334778,"1,200",100% bearish,of 1 rating,$8
CHRW,$70.29,1439997334879,"262,419",Not yet rated,NULL,$72
CA,$29.31,1439997334959,"241,244",50% bullish,of 4 ratings,$33
CDNS,$21.56,1439997334990,"241,344",75% bullish,of 4 ratings,$22.50
CCMP,$44.43,1439997335017,"7,418",50% bullish,of 2 ratings,$59
CDZI,$7.435,1439997335101,"9,732",100% bearish,of 1 rating,N/A
CACQ,$7.1,1439997335146,"6,517",100% bearish,of 1 rating,$12.25
CZR,$6.96,1439997335175,"136,570",60% bearish,of 5 ratings,$10.50
CSTE,$44.1192,1439997335246,"282,903",100% bearish,of 1 rating,$65
PRSS,$4.61,1439997335416,"1,600",80% bullish,of 5 ratings,$4.50
CLBS,$1.3899,1439997335448,"36,901",79% bullish,of 14 ratings,$4
CLMS,$11.83,1439997335474,"8,835",Not yet rated,NULL,$10.50
CHY,$11.9045,1439997335666,"51,357",Not yet rated,NULL,N/A
CHI,$11.0962,1439997335749,"74,785",100% bearish,of 1 rating,N/A
CCD,$21.17,1439997335884,"36,157",Not yet rated,NULL,N/A
CFGE,NULL,1439997335910,0,Not yet rated,NULL,N/A
CHW,$8,1439997335932,"47,046",100% bearish,of 1 rating,N/A
CGO,$12.66,1439997335964,"8,462",100% bearish,of 1 rating,N/A
CAMP,$16.14,1439997336063,"88,840",86% bullish,of 7 ratings,$25
CVGW,$53.88,1439997336091,"21,443",50% bullish,of 2 ratings,$58.50
CSQ,$10.449,1439997336135,"78,850",Not yet rated,NULL,N/A
CALA,$5.25,1439997336303,"80,173",100% bullish,of 3 ratings,$19.50
CFNB,$13.38,1439997336939,2,100% bearish,of 1 rating,N/A
CALD,$15.95,1439997337119,"12,560",100% bearish,of 1 rating,$20.50
CALM,$49.96,1439997337355,"126,192",80% bullish,of 5 ratings,$65
ABCD,$4.62,1439997338150,"18,655",83% bullish,of 6 ratings,N/A
CLMT,$26.14,1439997338312,"77,439",75% bullish,of 8 ratings,$31
CAMBU,NULL,1439997338333,0,100% bearish,of 1 rating,N/A
CAC,$40.33,1439997338367,"3,900",Not yet rated,NULL,N/A
CSIQ,$20.455,1439997338417,"5,483,797",86% bullish,of 28 ratings,$45
CAMBW,NULL,1439997338466,0,Not yet rated,NULL,N/A
CAMT,$2.955,1439997338558,300,73% bullish,of 11 ratings,$4
CPHC,NULL,1439997338700,0,100% bearish,of 1 rating,N/A
CGIX,$10.18,1439997338805,"10,204",67% bullish,of 3 ratings,$14.375
CPLA,$48.91,1439997338842,"7,965",50% bullish,of 2 ratings,$65
CBNJ,$10.905,1439997338864,"1,572",100% bullish,of 1 rating,N/A
CCBG,$15.08,1439997338948,"1,500",Not yet rated,NULL,$17.25
CBF,$30.35,1439997338979,"7,676",Not yet rated,NULL,$32
CPLP,$7.02,1439997339147,"37,907",71% bullish,of 7 ratings,$11
CSWC,$48.85,1439997339189,"1,125",Not yet rated,NULL,N/A
CFFN,$12.15,1439997339663,"53,693",Not yet rated,NULL,$12.75
CAPN,$2.4758,1439997339691,"83,290",100% bullish,of 1 rating,$10.85
CAPNW,NULL,1439997339717,0,Not yet rated,NULL,N/A
CPTA,$14.8001,1439997339739,"10,230",Not yet rated,NULL,$18.50
CAPR,$4.23,1439997339777,"10,504",Not yet rated,NULL,$12
CPST,$0.39,1439997339799,"128,891",95% bullish,of 22 ratings,$1
CFNL,$23.2,1439997339876,"4,219",Not yet rated,NULL,$24
CRDC,$0.4,1439997340167,"15,825",100% bullish,of 1 rating,$1.25
CARA,$21.66,1439997340213,"35,274",50% bullish,of 4 ratings,$27.50
CARB,$11.62,1439997340266,"27,602",75% bullish,of 4 ratings,$12
CBYL,$6.39,1439997340307,"20,231",100% bearish,of 1 rating,$20
CSII,$24,1439997340408,"36,236",100% bearish,of 2 ratings,$42.125
CRME,$9.6616,1439997340437,"2,508",89% bullish,of 9 ratings,$11.25
CAMB,NULL,1439997340516,0,Not yet rated,NULL,N/A
CATM,$34.94,1439997340742,"57,293",100% bearish,of 1 rating,$44
CDNA,$6.36,1439997340813,100,100% bearish,of 1 rating,$9
CECO,$3.66,1439997340839,"52,530",67% bearish,of 3 ratings,$6
CKEC,$23.3,1439997340870,"12,584",50% bullish,of 2 ratings,$35.915
CLBH,$12.76,1439997340903,"2,130",Not yet rated,NULL,$16.50
CTRE,$11.64,1439997340925,"35,838",50% bullish,of 2 ratings,N/A
CARO,$15.36,1439997341005,200,100% bearish,of 1 rating,$19
CRZO,$34,1439997341273,"128,317",67% bearish,of 3 ratings,$57
CART,$5.4501,1439997341301,900,100% bearish,of 1 rating,N/A
TAST,$12.74,1439997341468,"33,280",Not yet rated,NULL,$14.25
CARV,$6.15,1439997341603,"1,041",50% bullish,of 2 ratings,N/A
CASM,$1.15,1439997341643,"16,573",100% bullish,of 1 rating,$3.50
CSCD,$14,1439997341668,"70,367",100% bullish,of 2 ratings,$17
CWST,$6.37,1439997341844,"12,651",50% bullish,of 2 ratings,$7
CASY,$106.61,1439997341873,"46,880",50% bullish,of 2 ratings,$99.50
CASS,$49.7,1439997341905,"5,378",100% bearish,of 1 rating,N/A
CACB,$5.545,1439997341934,"10,420",Not yet rated,NULL,$5.50
CASI,$1.42,1439997342014,"2,175",100% bullish,of 1 rating,$3.50
CPRX,$3.97,1439997342148,"146,463",71% bullish,of 7 ratings,$7
CATB,$12.03,1439997342303,"8,158",100% bearish,of 1 rating,$28
CATY,$31.48,1439997342328,"36,813",100% bearish,of 1 rating,$33.50
CATYW,NULL,1439997342354,0,100% bearish,of 1 rating,N/A
CVCO,$73.745,1439997342493,"1,390",100% bearish,of 1 rating,N/A
CAVM,$71.41,1439997342553,"32,884",67% bearish,of 3 ratings,$72
CNLM,NULL,1439997342737,0,Not yet rated,NULL,N/A
CBFV,$20.04,1439997342806,100,Not yet rated,NULL,N/A
CNLMU,NULL,1439997342837,0,100% bullish,of 1 rating,N/A
CNLMR,NULL,1439997342889,0,Not yet rated,NULL,N/A
CNLMW,NULL,1439997342920,0,Not yet rated,NULL,N/A
CDK,$49.18,1439997342949,"60,556",67% bearish,of 3 ratings,$50
CBOE,$63.59,1439997343022,"43,568",Not yet rated,NULL,$60
CPXX,$2.13,1439997343369,"20,536",100% bullish,of 2 ratings,$7
CELG,$127.76,1439997343396,"570,326",92% bullish,of 13 ratings,$155.50
CECE,$10.05,1439997343427,"22,283",50% bullish,of 2 ratings,$16
CRTN,NULL,1439997343465,0,100% bearish,of 1 rating,N/A
CELGZ,$1.96,1439997343527,"4,500",80% bullish,of 5 ratings,N/A
CLDN,$1.0721,1439997343598,"22,946",71% bullish,of 7 ratings,$3
CLDX,$15.23,1439997343803,"410,238",89% bullish,of 9 ratings,$36
CLRB,NULL,1439997343849,0,100% bearish,of 1 rating,N/A
CLRBW,NULL,1439997343874,0,Not yet rated,NULL,N/A
CLLS,$32.08,1439997344402,"9,577",75% bullish,of 4 ratings,$51.50
CLSN,$2.11,1439997344653,"64,829",80% bullish,of 10 ratings,$7.50
CBMG,$22.89,1439997344930,"23,345",50% bullish,of 2 ratings,N/A
CLTX,$1.095,1439997344959,"288,280",100% bullish,of 2 ratings,N/A
CYAD,$55,1439997345088,"2,188",100% bullish,of 1 rating,$87.50
CEMP,$38.5122,1439997345494,"463,727",71% bullish,of 7 ratings,$48.50
CSFL,$14.02,1439997345562,"4,822",Not yet rated,NULL,$15
CETV,$2.14,1439997345588,"31,830",67% bullish,of 3 ratings,$2.80
CETX,$2.555,1439997345660,"2,300",Not yet rated,NULL,$5.60
CFBK,NULL,1439997345721,0,Not yet rated,NULL,N/A
CVCY,NULL,1439997345794,0,Not yet rated,NULL,$12
CENT,$12.17,1439997345819,"11,268",Not yet rated,NULL,$10
CENTA,$12.72,1439997345978,"47,603",Not yet rated,NULL,N/A
CENX,$5.0799,1439997346037,"371,241",67% bullish,of 6 ratings,$9
CNTY,$6.32,1439997346112,"7,524",80% bullish,of 5 ratings,$7.75
CPHD,$50.2075,1439997346186,"47,154",50% bullish,of 2 ratings,$66.50
CRNT,$1.45,1439997346251,"104,920",50% bullish,of 2 ratings,$2
CNBKA,$41.2,1439997346281,118,100% bullish,of 1 rating,N/A
CERE,$1.3,1439997346303,"334,087",88% bullish,of 8 ratings,N/A
CERN,$65.26,1439997346541,"342,980",67% bullish,of 3 ratings,$79
CERU,$3.41,1439997346634,"3,064",75% bullish,of 4 ratings,$15
KOOL,$0.691,1439997346707,310,100% bullish,of 5 ratings,$7
CERS,$4.97,1439997346732,"136,790",75% bullish,of 4 ratings,$7
CYOU,$19.84,1439997346873,"60,972",50% bullish,of 6 ratings,$24
CEVA,$19.08,1439997346970,"8,943",100% bearish,of 1 rating,$25
HOTRW,$0.33,1439997347074,700,Not yet rated,NULL,N/A
HOTR,$1.3302,1439997347175,"220,192",100% bullish,of 2 ratings,$5
GTLS,$24.05,1439997347205,"36,751",50% bullish,of 4 ratings,$40
CHTR,$187.815,1439997347231,"271,669",100% bearish,of 2 ratings,$196
CTHR,$1.23,1439997347305,"4,917",50% bullish,of 2 ratings,$2.50
CHFN,$12.5537,1439997347366,802,Not yet rated,NULL,$14
CHKP,$81.36,1439997348345,"57,468",50% bullish,of 4 ratings,$92
CHEKW,NULL,1439997348435,0,Not yet rated,NULL,N/A
CDW,$39.22,1439997348460,"80,195",75% bullish,of 4 ratings,$44
CHEK,$2.99,1439997348589,"3,309",Not yet rated,NULL,$7.75
CEMI,$4.51,1439997348689,"18,252",50% bullish,of 2 ratings,$7.50
CHFC,$32.635,1439997348758,"6,492",100% bearish,of 1 rating,$36
CHMG,$26.5,1439997348831,100,Not yet rated,NULL,$30
CHKE,$26.83,1439997348856,"6,417",100% bearish,of 1 rating,$32.50
CCXI,$6.845,1439997348884,"12,706",67% bullish,of 3 ratings,$14
CHEV,$14.46,1439997349053,150,Not yet rated,NULL,N/A
CMRX,$50.75,1439997349181,"36,675",50% bullish,of 2 ratings,$57
CBNK,$16.57,1439997349207,100,100% bearish,of 1 rating,N/A
PLCE,$61.125,1439997349233,"67,933",100% bearish,of 1 rating,$71
CADC,NULL,1439997349285,0,78% bullish,of 9 ratings,N/A
CALI,$1.0501,1439997349370,"7,245",67% bullish,of 3 ratings,N/A
CBPO,$110.41,1439997349654,"46,319",75% bullish,of 8 ratings,$140.50
CAAS,$6.712,1439997349688,"6,017",93% bullish,of 14 ratings,$11.50
CCCR,$0.686,1439997349714,"5,766",67% bearish,of 3 ratings,N/A
CBAK,$2.3,1439997349749,"26,214",67% bullish,of 9 ratings,N/A
CCCL,$0.94,1439997349782,"6,438",100% bullish,of 6 ratings,N/A
JRJC,$4.4,1439997349911,"27,227",82% bullish,of 11 ratings,N/A
CHLN,$2.15,1439997350054,"4,394",67% bullish,of 3 ratings,N/A
CHOP,$1.37,1439997350081,604,50% bullish,of 2 ratings,N/A
HGSH,$1.8304,1439997350209,120,67% bullish,of 3 ratings,N/A
CNIT,$1.73,1439997350259,"31,836",67% bullish,of 6 ratings,N/A
HTHT,$26.774,1439997350290,"26,321",50% bullish,of 2 ratings,$28
CJJD,$2.0602,1439997350319,"8,079",100% bullish,of 1 rating,N/A
CHNR,NULL,1439997350421,0,100% bearish,of 1 rating,N/A
CREG,$0.818,1439997350614,500,100% bullish,of 3 ratings,N/A
CSUN,$1.49,1439997350719,"4,672",80% bullish,of 5 ratings,N/A
CPGI,NULL,1439997350751,0,Not yet rated,NULL,N/A
CNYD,NULL,1439997350778,0,67% bullish,of 3 ratings,N/A
CNTF,$0.9401,1439997350827,"37,950",Not yet rated,NULL,N/A
CXDC,$6.1997,1439997350853,"3,600",67% bullish,of 3 ratings,N/A
CNET,$0.8887,1439997351235,"78,488",50% bullish,of 2 ratings,N/A
CHSCL,$27.14,1439997351269,"3,726",Not yet rated,NULL,N/A
CCIH,$9.75,1439997351291,"7,430",67% bullish,of 6 ratings,$12.65
IMOS,$15.48,1439997351328,"26,913",60% bullish,of 5 ratings,$21.50
CHSCM,$26.2301,1439997351350,"7,323",Not yet rated,NULL,N/A
CHSCN,$27.427,1439997351423,"2,106",Not yet rated,NULL,N/A
CHSCP,$30.23,1439997351485,578,Not yet rated,NULL,N/A
CHSCO,$28.4101,1439997351673,820,Not yet rated,NULL,N/A
CHDN,$136,1439997351746,"6,042",Not yet rated,NULL,$165
CHUY,$32.21,1439997351831,"15,014",50% bullish,of 2 ratings,$34
CDTX,$14.03,1439997351916,"6,201",Not yet rated,NULL,$22
CIFC,$7.21,1439997352022,30,Not yet rated,NULL,N/A
CMPR,$70.25,1439997352053,"47,970",50% bullish,of 2 ratings,$72.50
CMCT,NULL,1439997352148,0,100% bearish,of 1 rating,N/A
CINF,$56.335,1439997352181,"41,119",50% bullish,of 4 ratings,$50.50
CIDM,$0.68,1439997352224,"28,204",50% bullish,of 2 ratings,$2.10
CTAS,$87.8,1439997352327,"48,140",100% bearish,of 1 rating,$91
CRUS,$28.89,1439997352360,"184,664",75% bullish,of 12 ratings,$44.50
CSCO,$27.865,1439997352430,"5,081,076",84% bullish,of 208 ratings,$32
CPHR,$6.65,1439997352461,"1,298",100% bearish,of 1 rating,$16
CTRN,$25.39,1439997352621,"62,154",100% bearish,of 1 rating,$29.50
CZNC,$20,1439997352813,"3,624",Not yet rated,NULL,N/A
CZWI,$9.1,1439997352889,335,Not yet rated,NULL,N/A
CIZN,$20.49,1439997352947,"2,330",Not yet rated,NULL,N/A
CHCO,$47.5,1439997352990,"3,198",Not yet rated,NULL,$46
CTXS,$77.54,1439997353016,"111,946",86% bullish,of 7 ratings,$80
CIVB,$10.31,1439997353052,834,Not yet rated,NULL,$11
CZFC,NULL,1439997353084,0,Not yet rated,NULL,N/A
CLNE,$4.309,1439997353334,"353,701",80% bullish,of 15 ratings,$9
CIVBP,NULL,1439997353409,0,Not yet rated,NULL,N/A
CDTI,$1.72,1439997353572,"25,691",75% bullish,of 4 ratings,$3.20
CLFD,$17.83,1439997353627,"38,663",67% bullish,of 3 ratings,$18
CLNT,$1.999,1439997353714,"1,700",75% bullish,of 8 ratings,N/A
CLRO,$11.8,1439997353744,"3,500",50% bullish,of 2 ratings,$14.25
CLIR,$5.2401,1439997353846,"24,014",100% bullish,of 3 ratings,N/A
CBLI,$3.71,1439997354013,"6,796",60% bullish,of 5 ratings,N/A
CSBK,$13.79,1439997354094,"4,550",Not yet rated,NULL,N/A
CMFN,$11.45,1439997354147,"5,594",100% bearish,of 1 rating,$15.50
CME,$96.75,1439997354177,"228,454",67% bullish,of 3 ratings,$102
CLVS,$76.67,1439997354198,"41,767",60% bullish,of 5 ratings,$101.50
CCNE,$17.3,1439997354237,"3,553",50% bullish,of 2 ratings,$21.50
CHMA,$26.5,1439997354333,"21,699",Not yet rated,NULL,$40
CISG,$8.46,1439997354362,"62,351",100% bullish,of 5 ratings,$10
CNV,$4.75,1439997354421,"3,364",50% bullish,of 2 ratings,$7.15
CWAY,NULL,1439997354651,0,Not yet rated,NULL,N/A
COBZ,$12.98,1439997354676,"2,464",100% bullish,of 1 rating,$14
CDXS,$3.952,1439997354856,"7,000",64% bullish,of 11 ratings,$6
COKE,$163.06,1439997354881,"2,261",79% bullish,of 19 ratings,N/A
JVA,$4.77,1439997355016,"9,079",83% bullish,of 6 ratings,$7
CDRB,$12.4001,1439997355081,600,67% bullish,of 3 ratings,N/A
CVLY,$20.55,1439997355112,"3,538",Not yet rated,NULL,N/A
CCOI,$28.6,1439997355352,"52,972",50% bullish,of 4 ratings,$35
CGNT,$1.63,1439997355406,"10,671",100% bullish,of 2 ratings,$2
CHRS,$30.45,1439997355565,"15,082",67% bearish,of 3 ratings,$37
COHR,$56.72,1439997355591,"22,498",50% bullish,of 2 ratings,$72
CTSH,$67.07,1439997355669,"276,975",90% bullish,of 10 ratings,$74.50
COLL,$15.28,1439997355851,"16,128",100% bearish,of 1 rating,$26
CLCT,$19.06,1439997355880,"4,722",100% bearish,of 1 rating,N/A
COHU,$9.6401,1439997355904,"67,490",100% bearish,of 1 rating,$14.25
CLRX,$0.4768,1439997355926,"12,604",50% bullish,of 2 ratings,N/A
CBAN,$9.14,1439997356069,100,Not yet rated,NULL,N/A
CIGI,$46.36,1439997356099,"1,300",100% bearish,of 1 rating,$52
CLCD,$7.55,1439997356230,"6,508",100% bearish,of 1 rating,$20.50
COLB,$32.9,1439997356318,"20,418",Not yet rated,NULL,$36
CMCO,$20.79,1439997356343,"5,300",60% bullish,of 5 ratings,$28
COLM,$66.01,1439997356369,"50,138",100% bearish,of 1 rating,$71
CBMX,$1.2499,1439997356645,700,83% bullish,of 6 ratings,$3.15
CMCSK,$60.46,1439997356780,"1,045,007",Not yet rated,NULL,$84
CMCSA,$60.18,1439997356806,"3,828,319",66% bullish,of 35 ratings,$69.50
CVGI,$4.5,1439997356840,"22,239",50% bullish,of 2 ratings,$6
CBSH,$46.85,1439997356861,"37,257",50% bullish,of 2 ratings,$46
CUBN,$14.0001,1439997356892,"4,543",Not yet rated,NULL,N/A
CBSHP,$25.38,1439997356914,"6,128",100% bearish,of 1 rating,N/A
COMM,$31.36,1439997357279,"249,755",67% bearish,of 3 ratings,$35
CSAL,$22.75,1439997357305,"78,739",75% bullish,of 4 ratings,$30
JCS,$9.6045,1439997357336,"3,535",67% bullish,of 3 ratings,N/A
ESXB,$5.05,1439997357357,"12,940",Not yet rated,NULL,N/A
CYHHZ,$0.0115,1439997357437,287,100% bullish,of 1 rating,N/A
CTBI,$34.89,1439997357619,"9,428",Not yet rated,NULL,$36
CVLT,$36.92,1439997357686,"25,932",75% bullish,of 4 ratings,$44.50
CWBC,$6.73,1439997357812,"1,468",Not yet rated,NULL,N/A
CIL,NULL,1439997357839,0,Not yet rated,NULL,N/A
CIZ,NULL,1439997357913,0,100% bearish,of 1 rating,N/A
CSA,NULL,1439997357972,0,Not yet rated,NULL,N/A
COB,$10.545,1439997358069,"2,400",100% bullish,of 1 rating,$11.75
CID,NULL,1439997358100,0,Not yet rated,NULL,N/A
CDC,$36.29,1439997358145,"7,023",Not yet rated,NULL,N/A
CSF,$38.2,1439997358469,650,100% bearish,of 1 rating,N/A
CFO,$37.319,1439997358626,"6,895",100% bearish,of 1 rating,N/A
CDL,NULL,1439997358681,0,Not yet rated,NULL,N/A
CFA,NULL,1439997358766,0,100% bearish,of 1 rating,N/A
CSB,NULL,1439997358829,0,Not yet rated,NULL,N/A
SCOR,$63.355,1439997358935,"35,749",100% bearish,of 1 rating,$66
CPSI,$45.79,1439997358983,"9,881",100% bearish,of 1 rating,$45.50
CGEN,$5.51,1439997359008,"23,685",50% bullish,of 2 ratings,$11
CMTL,$27.02,1439997359199,"3,641",100% bearish,of 2 ratings,$37
CHCI,$0.598,1439997359251,15,50% bullish,of 2 ratings,N/A
CTG,$6.805,1439997359279,"5,252",100% bearish,of 1 rating,$8.50
CNSI,$19.41,1439997359334,"30,643",100% bearish,of 2 ratings,$29
CNCE,$16.21,1439997359463,"35,484",75% bullish,of 4 ratings,$22
CNAT,$4.35,1439997359489,"29,735",83% bullish,of 6 ratings,$13
CXRX,$78.0385,1439997359643,702,Not yet rated,NULL,$90
CCUR,$5.1771,1439997359774,"1,043",75% bullish,of 4 ratings,N/A
CNFR,$10.2499,1439997360078,"6,400",Not yet rated,NULL,N/A
CDORO,$18.34,1439997360111,6,100% bearish,of 1 rating,N/A
CDOR,$1.44,1439997360143,"2,907",100% bullish,of 1 rating,N/A
CDORP,NULL,1439997360169,0,100% bearish,of 1 rating,N/A
CFMS,$22.36,1439997360197,"52,563",Not yet rated,NULL,$27
CTWS,$34.59,1439997360226,"3,510",100% bearish,of 1 rating,$44
CNMD,$56.28,1439997360252,"15,312",Not yet rated,NULL,$59
CGNX,$36.88,1439997360698,"98,462",50% bullish,of 2 ratings,$47
CNOB,$20.09,1439997360727,"3,250",100% bullish,of 1 rating,$23.50
CONN,$32.93,1439997360750,"36,102",67% bullish,of 3 ratings,$48.50
CNXR,$6.55,1439997360780,"6,254",100% bearish,of 1 rating,$12
CNSL,$20.11,1439997360804,"15,642",100% bearish,of 1 rating,$23
CPSS,$5.68,1439997360828,"7,758",100% bullish,of 1 rating,$10
CTCT,$24.25,1439997360998,"45,283",67% bullish,of 3 ratings,$37
CFRXZ,$0.78,1439997361160,"5,506",Not yet rated,NULL,N/A
CFRX,$5.62,1439997361215,"21,796",Not yet rated,NULL,$14
CFRXW,$2.01,1439997361240,18,100% bearish,of 1 rating,N/A
CTRL,$7.955,1439997361275,"35,480",50% bullish,of 2 ratings,$11
CPRT,$35.99,1439997361350,"29,836",67% bearish,of 3 ratings,$40
CTRV,$4.45,1439997361379,"1,562",Not yet rated,NULL,$6.40
CRBP,$3.37,1439997361648,"15,258,648",100% bullish,of 2 ratings,$6.25
CORT,$5.22,1439997361752,"40,706",67% bullish,of 3 ratings,$12
CORE,$63.72,1439997361784,"17,307",100% bearish,of 1 rating,$72
BVA,NULL,1439997361809,0,50% bullish,of 2 ratings,N/A
CSOD,$37.5,1439997361947,"33,331",50% bullish,of 2 ratings,$42
COSI,$1.14,1439997361974,"12,740",100% bullish,of 1 rating,N/A
CORI,$11.5,1439997362000,"5,228",100% bearish,of 1 rating,$18
CRVL,$32.84,1439997362156,"1,136",100% bearish,of 1 rating,N/A
CSGP,$190.865,1439997362229,"14,073",50% bullish,of 2 ratings,$235
COST,$143.86,1439997362334,"235,838",83% bullish,of 24 ratings,$154.50
CPAH,NULL,1439997362373,0,50% bullish,of 2 ratings,N/A
ICBK,$18.43,1439997362474,1,Not yet rated,NULL,$21
CVTI,$24.59,1439997362499,"28,467",67% bearish,of 3 ratings,$39
COWN,$5.405,1439997362670,"137,604",75% bullish,of 4 ratings,$7
COVS,$2.785,1439997362711,"14,487",67% bullish,of 3 ratings,N/A
COWNL,$27.2153,1439997362845,128,Not yet rated,NULL,N/A
CPSH,$2.4001,1439997362894,"3,000",Not yet rated,NULL,N/A
CRAI,$22.3,1439997362923,"7,336",Not yet rated,NULL,$36
CBRL,$148.98,1439997362978,"28,010",50% bullish,of 2 ratings,$155
BREW,$8.08,1439997363119,"8,551",67% bullish,of 6 ratings,$15
CRAY,$22.185,1439997363178,"20,688",83% bullish,of 6 ratings,$38.50
CACC,$195.875,1439997363221,"12,831",50% bullish,of 2 ratings,$158.50
GLDI,$11.0295,1439997363353,"44,280",100% bearish,of 1 rating,N/A
SLVO,$10.4155,1439997363379,"1,046",100% bearish,of 1 rating,N/A
CREE,$26.8,1439997363511,"145,670",65% bullish,of 17 ratings,$28.50
CRESY,$11.23,1439997363537,"2,378",100% bearish,of 1 rating,$19
CRTO,$47.74,1439997363679,"81,629",67% bullish,of 6 ratings,$64
CROX,$14.535,1439997363783,"87,246",63% bullish,of 8 ratings,$16.50
CRDS,$1.06,1439997363812,"28,824",50% bullish,of 4 ratings,$4.50
CCRN,$15.13,1439997363838,"72,254",100% bearish,of 1 rating,$14.25
CRWS,$8.1001,1439997363975,450,Not yet rated,NULL,$10
CYRX,$2.86,1439997364008,"11,873",Not yet rated,NULL,$9
CRWN,$4.75,1439997364108,"18,101",75% bullish,of 4 ratings,N/A
CSGS,$31.63,1439997364241,"12,167",Not yet rated,NULL,$40
CCLP,$13.92,1439997364372,"27,333",67% bearish,of 3 ratings,$21
CYRXW,$0.9199,1439997364399,"4,550",Not yet rated,NULL,N/A
CSPI,$6.23,1439997364426,604,67% bullish,of 3 ratings,N/A
CTCM,$1.76,1439997364569,"47,392",80% bearish,of 5 ratings,$3.90
CTIC,$1.78,1439997364704,"109,702",84% bullish,of 76 ratings,$5.75
CTIB,$3.36,1439997364732,900,100% bearish,of 1 rating,N/A
CUNB,$22.05,1439997364790,"1,168",Not yet rated,NULL,$24.50
CTRP,$68.69,1439997364922,"295,768",75% bullish,of 8 ratings,$92
CMLS,$1.275,1439997364951,"80,571",50% bullish,of 4 ratings,$6
CUI,$5.31,1439997364972,"7,152",50% bullish,of 2 ratings,$10
CPIX,$5.95,1439997365103,"3,271",Not yet rated,NULL,N/A
CRIS,$2.66,1439997365473,"38,345",100% bullish,of 8 ratings,$6
CUTR,$14.78,1439997365508,"4,456",67% bearish,of 3 ratings,$18
CVV,$12.099,1439997365638,"4,700",100% bullish,of 5 ratings,N/A
CVBF,$17.32,1439997365728,"28,477",Not yet rated,NULL,$18
CYAN,NULL,1439997365768,0,100% bearish,of 1 rating,N/A
CYBX,$59.81,1439997365798,"37,802",50% bullish,of 4 ratings,$70
CYBR,$59.65,1439997365905,"530,793",86% bullish,of 7 ratings,$66
CWCO,$11.6,1439997366047,"16,229",67% bullish,of 3 ratings,$14.50
CYCC,$0.6031,1439997366074,"58,986",73% bullish,of 11 ratings,N/A
CYBE,$5.87,1439997366245,"3,693",100% bearish,of 1 rating,N/A
CYNA,$15.495,1439997366314,"4,064",100% bullish,of 1 rating,$33
CBAY,$2.814,1439997366346,"22,632",100% bullish,of 1 rating,$4
CY,$9.9,1439997366376,"1,220,371",80% bullish,of 10 ratings,$15.50
CYNO,$33.555,1439997366446,"13,194",67% bearish,of 3 ratings,$45.50
CYRN,$1.75,1439997366579,"47,850",67% bullish,of 3 ratings,$4
CONE,$34.1,1439997366749,"275,515",67% bearish,of 3 ratings,$35
CYTK,$6.476,1439997366926,"43,054",71% bullish,of 14 ratings,$13.50
CYTX,$0.3909,1439997366987,"212,847",83% bullish,of 12 ratings,$5.50
CTSO,$7.5101,1439997367060,"14,882",Not yet rated,NULL,$15.625
CYTR,$2.285,1439997367081,"78,352",67% bullish,of 6 ratings,$10
TVIZ,NULL,1439997367159,0,100% bearish,of 1 rating,N/A
DAEG,$0.35,1439997367261,"3,000",100% bearish,of 1 rating,N/A
TVIX,$6.06,1439997367289,"2,173,790",81% bullish,of 16 ratings,N/A
ZIV,$49.06,1439997367470,"13,505",Not yet rated,NULL,N/A
XIV,$46.1,1439997367597,"4,077,206",75% bearish,of 4 ratings,N/A
DAKT,$11.5716,1439997367626,"27,980",50% bullish,of 2 ratings,$14
DJCO,$210.79,1439997367694,101,Not yet rated,NULL,N/A
DARA,$0.9199,1439997367719,"45,004",83% bullish,of 6 ratings,$1.50
DAIO,$2.49,1439997368031,236,Not yet rated,NULL,N/A
DRAM,$1.45,1439997368064,"5,469",78% bullish,of 9 ratings,N/A
DTLK,$5.5164,1439997368090,"20,732",100% bearish,of 1 rating,$9
DWCH,$5.46,1439997368128,"14,676",75% bullish,of 4 ratings,$8.25
PLAY,$34.785,1439997368160,"33,074",100% bullish,of 5 ratings,$42
DWSN,$5.05,1439997368305,"71,836",67% bullish,of 3 ratings,$6
DTEA,$12.55,1439997368367,"10,190",100% bearish,of 2 ratings,$24
TRAK,$62.4,1439997368523,"275,255",50% bullish,of 2 ratings,$62.50
DHRM,$1.83,1439997368655,500,Not yet rated,NULL,N/A
DFRG,$15.09,1439997368682,"14,348",100% bearish,of 1 rating,$20
DBVT,$42.55,1439997368708,"16,661",100% bearish,of 1 rating,$53
TACOW,$4.04,1439997368856,"17,500",100% bullish,of 1 rating,N/A
TACO,$13.06,1439997368930,"128,343",100% bullish,of 3 ratings,$20
DCTH,$0.4936,1439997368990,"110,321",78% bullish,of 9 ratings,N/A
DGAS,$20.21,1439997369020,104,67% bearish,of 3 ratings,N/A
DENN,$12.285,1439997369171,"53,615",100% bullish,of 3 ratings,$15
DELT,$2.4452,1439997369203,100,Not yet rated,NULL,N/A
DELTW,NULL,1439997369310,0,Not yet rated,NULL,N/A
XRAY,$56.515,1439997369413,"43,960",100% bullish,of 1 rating,$58
DEPO,$31.39,1439997369440,"64,804",80% bullish,of 5 ratings,$32
DERM,$24.25,1439997369666,"98,773",100% bearish,of 1 rating,$33
DXLG,$4.87,1439997369748,"6,578",100% bearish,of 1 rating,$8
DSCI,$6.44,1439997369781,"7,513",50% bullish,of 2 ratings,$16
DEST,$11.91,1439997369884,"14,048",50% bullish,of 2 ratings,N/A
DSWL,NULL,1439997369911,0,100% bullish,of 1 rating,N/A
DHXM,$7.57,1439997369974,"1,600",Not yet rated,NULL,N/A
DXM,$0.295,1439997370045,"10,373",50% bullish,of 2 ratings,N/A
DMND,$31.345,1439997370236,"14,174",75% bullish,of 12 ratings,$32
DHIL,$192.32,1439997370268,31,Not yet rated,NULL,N/A
DXCM,$94.57,1439997370295,"164,943",57% bullish,of 7 ratings,$98
FANG,$70.75,1439997370388,"115,551",50% bullish,of 2 ratings,$86
DCIX,$1.841,1439997370524,"3,307",50% bullish,of 4 ratings,$3.50
DRNA,$10.25,1439997370552,"37,994",67% bearish,of 3 ratings,$25
DMRC,$36.29,1439997370731,"14,332",100% bearish,of 1 rating,$44
DGLY,$7.4,1439997370864,"16,539",50% bullish,of 6 ratings,$20
APPS,$2.29,1439997370891,"15,717",100% bearish,of 1 rating,$10.25
DGII,$9.92,1439997370919,"4,900",100% bearish,of 1 rating,$10
DRAD,$3.96,1439997370968,"3,134",100% bullish,of 1 rating,$5.25
DIOD,$19.565,1439997371105,"29,757",75% bearish,of 4 ratings,$24
DCOM,$17.01,1439997371235,"7,982",100% bearish,of 2 ratings,$16.50
DISCA,$28.6,1439997371282,"239,069",67% bullish,of 3 ratings,$34
DPRX,$13.275,1439997371309,"1,500",100% bullish,of 2 ratings,$27.75
DISCK,$27.449,1439997371378,"359,104",100% bearish,of 1 rating,$40
DSCO,$0.46,1439997371439,"40,040",83% bullish,of 6 ratings,$2.75
DISCB,NULL,1439997371606,0,100% bearish,of 1 rating,$35
DISH,$65.9801,1439997371780,"92,317",69% bullish,of 13 ratings,$73
DLHC,$2.71,1439997371809,"4,391",100% bearish,of 1 rating,N/A
DVCR,NULL,1439997371834,0,100% bullish,of 1 rating,N/A
CYCCP,NULL,1439997371860,0,100% bearish,of 1 rating,N/A
DLTR,$79.35,1439997372014,"274,236",82% bullish,of 11 ratings,$88
DGICA,$14.49,1439997372147,92,100% bearish,of 1 rating,$17
DGICB,$17.92,1439997372175,2,100% bearish,of 1 rating,N/A
DNBF,$27.3,1439997372213,"13,790",Not yet rated,NULL,$27.50
DMLP,$14.53,1439997372307,"14,946",100% bearish,of 1 rating,N/A
HILL,$9.68,1439997372338,"15,046,490",60% bearish,of 5 ratings,$8
DORM,$51.1,1439997372440,"19,319",100% bearish,of 1 rating,$56
DRWI,$0.2799,1439997372586,"41,649",60% bullish,of 5 ratings,$.45
DRWIW,$0.0471,1439997372745,800,Not yet rated,NULL,N/A
DWA,$19.11,1439997372795,"85,250",63% bullish,of 8 ratings,$26
DRYS,$0.3382,1439997372827,"1,039,901",77% bullish,of 31 ratings,$.60
DSKX,$3.36,1439997372878,"51,437",100% bullish,of 1 rating,N/A
DSPG,$8.72,1439997372927,"9,615",100% bearish,of 1 rating,$13.50
CADT,$10.02,1439997373010,4,Not yet rated,NULL,N/A
CADTR,NULL,1439997373190,0,Not yet rated,NULL,N/A
DTSI,$27.12,1439997373220,"7,231",100% bearish,of 2 ratings,$39.50
DNKN,$50.2,1439997373385,"457,997",67% bullish,of 15 ratings,$56.50
CADTU,NULL,1439997373412,0,Not yet rated,NULL,N/A
CADTW,NULL,1439997373489,0,Not yet rated,NULL,N/A
DRRX,$2.07,1439997373627,"63,693",50% bullish,of 6 ratings,$3
DXPE,$29.18,1439997373706,"12,138",50% bullish,of 2 ratings,N/A
DYAX,$22.64,1439997373732,"86,237",89% bullish,of 9 ratings,$30
BOOM,$10.12,1439997373875,"9,035",67% bullish,of 3 ratings,$12
DYNT,$2.95,1439997373959,"2,600",75% bullish,of 4 ratings,N/A
DYSL,$1.443,1439997373988,"2,200",100% bullish,of 2 ratings,N/A
DVAX,$29.24,1439997374018,"77,102",70% bullish,of 10 ratings,$40
EBMT,$11.53,1439997374161,9,Not yet rated,NULL,$13.50
ETFC,$27.61,1439997374190,"362,940",57% bullish,of 14 ratings,$33
EGBN,$44.27,1439997374351,"5,485",Not yet rated,NULL,$48
EGLE,$7.21,1439997374377,"1,996",60% bullish,of 5 ratings,N/A
EGRX,$67.05,1439997374503,"58,279",67% bullish,of 3 ratings,$97
EROC,$1.3001,1439997374609,"263,104",50% bullish,of 2 ratings,$3
ELNK,$9.0225,1439997374711,"132,698",80% bullish,of 5 ratings,$9.50
EACQU,NULL,1439997374741,0,Not yet rated,NULL,N/A
EWBC,$44.6,1439997374851,"159,678",100% bearish,of 1 rating,$50
EML,$17,1439997374885,910,Not yet rated,NULL,N/A
EVBS,$6.4201,1439997374906,"3,500",Not yet rated,NULL,$7
EBAY,$27.4,1439997374985,"1,677,670",81% bullish,of 117 ratings,$48
EBIX,$30,1439997375134,"51,772",69% bullish,of 13 ratings,$40
ELON,$0.5552,1439997375188,"5,429",50% bullish,of 2 ratings,N/A
SATS,$45.59,1439997375411,"18,289",50% bullish,of 2 ratings,$60
ECHO,$25.605,1439997375437,"34,027",67% bearish,of 3 ratings,$35.50
ECTE,$1.48,1439997375459,"5,043",75% bullish,of 4 ratings,N/A
EEI,$11.19,1439997375610,100,67% bearish,of 3 ratings,N/A
ECACU,NULL,1439997375709,0,Not yet rated,NULL,N/A
EDAP,$3.5245,1439997375762,"1,860",60% bullish,of 5 ratings,$4.50
ESES,NULL,1439997375796,0,100% bearish,of 1 rating,$7
EFUT,$4.3,1439997375895,"2,700",Not yet rated,NULL,N/A
EDGW,$7.16,1439997375923,202,100% bearish,of 1 rating,N/A
EDUC,$4.68,1439997375951,200,100% bearish,of 1 rating,N/A
EGAN,$3.52,1439997376119,"104,336",50% bullish,of 2 ratings,$6.25
EGLT,$12.48,1439997376299,"36,196",50% bullish,of 2 ratings,$21
BAGR,$3.04,1439997376325,"8,202",100% bearish,of 1 rating,$6
EHTH,$14.31,1439997376370,"10,487",50% bullish,of 4 ratings,$16.50
ESLT,$81.112,1439997376556,"3,920",100% bullish,of 2 ratings,N/A
EMITF,$1.25,1439997376583,35,75% bullish,of 4 ratings,N/A
ERI,$9.7,1439997376611,"10,041",100% bearish,of 1 rating,$10
ELRC,$10.27,1439997376826,"4,402",100% bearish,of 1 rating,N/A
EFII,$44.95,1439997376856,"25,641",80% bullish,of 5 ratings,$55
ELSE,$4.16,1439997376878,"3,065",60% bullish,of 5 ratings,N/A
EA,$71.97,1439997377009,"384,858",77% bullish,of 35 ratings,$80
ELEC,NULL,1439997377038,0,Not yet rated,NULL,N/A
ESIO,$4.57,1439997377065,"4,000",50% bullish,of 2 ratings,$10
ELECU,NULL,1439997377247,0,Not yet rated,NULL,N/A
ELECW,NULL,1439997377389,0,Not yet rated,NULL,N/A
RDEN,$10.55,1439997377416,"26,396",100% bearish,of 4 ratings,$15
CAPX,NULL,1439997377469,0,Not yet rated,NULL,N/A
EBIO,$4.0001,1439997377547,"223,951",100% bearish,of 2 ratings,$8.35
LONG,$17.17,1439997377629,"6,258",67% bullish,of 3 ratings,$15.75
ESBK,NULL,1439997377681,0,Not yet rated,NULL,N/A
ELTK,$1.1,1439997377706,"11,300",67% bearish,of 3 ratings,N/A
EMCI,$23.95,1439997377847,"3,786",Not yet rated,NULL,N/A
EMCF,NULL,1439997378013,0,100% bearish,of 1 rating,N/A
EMKR,$7.2,1439997378073,"18,439",75% bullish,of 4 ratings,$8.50
EMMS,$1.24,1439997378115,"3,700",67% bullish,of 6 ratings,N/A
EMMSP,NULL,1439997378252,0,100% bearish,of 1 rating,N/A
NYNY,$4.19,1439997378386,"3,742",50% bullish,of 2 ratings,N/A
ENTA,$39.81,1439997378569,"22,339",50% bullish,of 2 ratings,$42
ERS,NULL,1439997378596,0,Not yet rated,NULL,N/A
ECPG,$39.945,1439997378621,"32,188",100% bullish,of 2 ratings,$52
ENDP,$83.6,1439997378654,"161,473",50% bullish,of 6 ratings,$104
WIRE,$33.63,1439997378675,"22,574",100% bearish,of 1 rating,$37
ECYT,$5.25,1439997378830,"35,726",83% bullish,of 6 ratings,$12
ELGX,$13.02,1439997378868,"53,475",75% bullish,of 4 ratings,$17
EIGI,$15.75,1439997379004,"115,230",67% bearish,of 3 ratings,$20
EFOI,$16.99,1439997379054,"319,341",50% bullish,of 2 ratings,$17
WATT,$6.99,1439997379153,"23,325",50% bullish,of 2 ratings,$13
EXXI,$1.66,1439997379359,"224,501",86% bullish,of 7 ratings,$3.50
ENPH,$4.96,1439997379387,"95,953",75% bullish,of 4 ratings,$11
ENOC,$8.4,1439997379409,"31,875",75% bullish,of 4 ratings,$18
ERII,$2.8811,1439997379441,"25,210",80% bullish,of 5 ratings,$2.50
ENG,$1.02,1439997379467,"4,350",100% bullish,of 3 ratings,N/A
ENTG,$14.31,1439997379597,"78,688",100% bearish,of 1 rating,$18
ESGR,$153.552,1439997379646,"1,475",100% bearish,of 1 rating,$185
ETRM,$0.2701,1439997379786,"127,629",69% bearish,of 35 ratings,$1.625
EBTC,$20.64,1439997379886,38,Not yet rated,NULL,N/A
ENTL,$22.42,1439997379917,"4,196",Not yet rated,NULL,$28
LOCO,$13.452,1439997380018,"814,464",69% bullish,of 13 ratings,$20
EFSC,$24.7,1439997380176,"5,423",Not yet rated,NULL,$27
EGT,$2.21,1439997380226,5,100% bullish,of 1 rating,N/A
ENZN,$1.07,1439997380256,"221,281",100% bullish,of 9 ratings,N/A
ENVI,$1.753,1439997380357,500,67% bullish,of 3 ratings,N/A
ENZY,$9.0738,1439997380392,"13,095",67% bullish,of 3 ratings,$9.50
EPRS,$4.99,1439997380488,"12,201",82% bullish,of 11 ratings,$15
EPZM,$17.02,1439997380516,"41,131",60% bullish,of 5 ratings,$34
EPIQ,$13.97,1439997380651,"5,374",100% bearish,of 1 rating,$18
PLUS,$75.59,1439997380677,"10,640",50% bullish,of 2 ratings,$88
EQIX,$285.15,1439997380823,"62,004",67% bullish,of 3 ratings,$312.50
EQFN,NULL,1439997380849,0,Not yet rated,NULL,N/A
EAC,$3.7,1439997380979,"1,702",100% bearish,of 1 rating,$8
ERIC,$10.14,1439997381009,"647,444",63% bullish,of 8 ratings,$13.30
ERIE,$87.48,1439997381153,"1,262",Not yet rated,NULL,$73
ESCA,$17.9175,1439997381179,"2,625",100% bearish,of 1 rating,$22
ESMC,$1.35,1439997381314,200,Not yet rated,NULL,N/A
ESCRP,NULL,1439997381342,0,100% bearish,of 1 rating,N/A
ESCR,$0.2,1439997381368,"19,654",50% bullish,of 2 ratings,N/A
ESSA,$12.9799,1439997381518,"4,556",100% bearish,of 1 rating,N/A
ESPR,$60.1292,1439997381571,"848,628",67% bearish,of 9 ratings,$130
EPIX,NULL,1439997381596,0,Not yet rated,NULL,N/A
ESND,$35.72,1439997381745,"9,412",100% bearish,of 1 rating,$40
ETSY,$15.025,1439997381795,"225,706",80% bullish,of 5 ratings,$16
CLWT,$2.45,1439997381924,18,100% bearish,of 1 rating,N/A
ESSX,$0.47,1439997381971,"37,000",50% bullish,of 2 ratings,N/A
EEFT,$67.93,1439997381999,"15,947",100% bearish,of 1 rating,$67.50
ESEA,NULL,1439997382172,0,100% bullish,of 1 rating,$15
EVEP,$8.0703,1439997382231,"131,724",50% bullish,of 2 ratings,$15
EVLV,$2.245,1439997382328,"33,886",60% bullish,of 5 ratings,$6.50
EVOK,$4.421,1439997382381,"156,013",100% bearish,of 1 rating,$13.75
EVK,$4.057,1439997382517,560,75% bearish,of 4 ratings,N/A
EVOL,$6.337,1439997382547,"3,581",75% bullish,of 4 ratings,$10
EXA,$10.82,1439997382613,"16,477",100% bearish,of 1 rating,$13
EXAS,$22.61,1439997382649,"210,443",78% bullish,of 9 ratings,$31
EXEL,$5.529,1439997382849,"734,254",81% bullish,of 16 ratings,$6
EXAC,$18.3,1439997382910,"4,262",100% bearish,of 1 rating,$22.50
EXFO,$2.76,1439997382992,869,67% bearish,of 3 ratings,$3.95
EXPD,$49.38,1439997383155,"134,779",80% bullish,of 5 ratings,$50.50
EXPE,$122.815,1439997383182,"95,852",64% bullish,of 11 ratings,$130
EXPO,$43.19,1439997383206,"4,412",100% bearish,of 1 rating,$45.50
EXLS,$36.93,1439997383237,"21,035",100% bullish,of 1 rating,$41
EXLP,$20.315,1439997383391,"12,382",100% bearish,of 1 rating,$27
ESRX,$89.17,1439997383462,"666,221",67% bearish,of 6 ratings,$101
EYEG,$4.2001,1439997383590,"19,423",Not yet rated,NULL,N/A
EXTR,$2.905,1439997383686,"149,129",80% bullish,of 5 ratings,$3
EZCH,$21.673,1439997383744,"32,883",75% bullish,of 8 ratings,$19.50
EYEGW,$1.2,1439997383778,33,Not yet rated,NULL,N/A
EZPW,$5.905,1439997383881,"59,738",50% bullish,of 4 ratings,$7.50
FFIV,$132.4,1439997383908,"61,183",71% bullish,of 7 ratings,$132
FB,$94.81,1439997384042,"3,919,282",73% bullish,of 1065 ratings,$111
FCS,$13.98,1439997384068,"140,406",67% bearish,of 3 ratings,$17
FRP,$17.33,1439997384200,"2,722",100% bearish,of 1 rating,$18
FALC,$1.68,1439997384289,"14,612",63% bearish,of 8 ratings,N/A
FWM,$2.26,1439997384387,"47,576",100% bearish,of 2 ratings,$3.20
DAVE,$14.66,1439997384420,"3,438",100% bearish,of 1 rating,$15.50
FARM,$22.14,1439997384445,"3,456",100% bearish,of 1 rating,$35
FFKT,$26.78,1439997384519,"2,299",Not yet rated,NULL,$29
FMNB,$8.1,1439997384663,"10,779",Not yet rated,NULL,N/A
FARO,$39.61,1439997384746,"9,478",50% bullish,of 2 ratings,$48
FAST,$40.071,1439997384877,"177,747",80% bullish,of 5 ratings,$46
FATE,$7.01,1439997384907,"17,184",50% bullish,of 2 ratings,$11
FBSS,NULL,1439997384928,0,Not yet rated,NULL,N/A
FBRC,$23.28,1439997384978,"3,627",100% bearish,of 1 rating,$29
FDML,$9.49,1439997385070,"53,345",50% bullish,of 4 ratings,$14
FNHC,$22.94,1439997385249,"11,120",100% bearish,of 1 rating,$35
FENX,$9.68,1439997385350,"5,461",100% bullish,of 1 rating,$14.25
FEIC,$80.4,1439997385389,"48,611",50% bullish,of 2 ratings,$95.50
FHCO,$1.44,1439997385416,"10,740",50% bullish,of 4 ratings,N/A
FGEN,$24.83,1439997385442,"68,069",100% bearish,of 1 rating,$39
FCSC,$6.01,1439997385625,"84,665",100% bearish,of 1 rating,$8.125
ONEQ,$197.56,1439997385730,"1,899",100% bullish,of 1 rating,N/A
LION,$19.87,1439997385874,"6,713",100% bullish,of 1 rating,$20
FRGI,$53.86,1439997385902,"25,288",50% bullish,of 2 ratings,$70
FDUS,$14.972,1439997385930,"7,831",100% bullish,of 1 rating,$18
FSAM,$8.69,1439997385951,"1,858",100% bearish,of 1 rating,$11
FSC,$6.445,1439997386078,"105,815",75% bullish,of 4 ratings,$8
FSCFL,$25.1812,1439997386209,"4,076",Not yet rated,NULL,N/A
FSFR,$9.107,1439997386309,"16,164",100% bearish,of 1 rating,$11.50
FITB,$20.94,1439997386336,"485,247",54% bullish,of 13 ratings,$22
FITBI,$27.76,1439997386362,"1,589",Not yet rated,NULL,N/A
FNGN,$35.55,1439997386396,"37,678",67% bullish,of 3 ratings,$47
FISI,$24.6525,1439997386497,"8,132",100% bullish,of 2 ratings,$24.50
FNSR,$16.86,1439997386595,"119,657",71% bullish,of 7 ratings,$24.50
FNJN,$1.68,1439997386622,"24,607",100% bearish,of 1 rating,$5
FNTC,NULL,1439997386792,0,Not yet rated,NULL,N/A
FNTCU,NULL,1439997386891,0,Not yet rated,NULL,N/A
FNLC,$18.65,1439997387066,"3,444",100% bullish,of 1 rating,N/A
FRBA,$6.013,1439997387110,"2,000",Not yet rated,NULL,$8
FBNC,$17.09,1439997387193,"6,632",100% bullish,of 1 rating,$20
FNTCW,NULL,1439997387224,0,Not yet rated,NULL,N/A
FEYE,$43.34,1439997387250,"759,106",87% bullish,of 15 ratings,$55.50
BUSE,$6.34,1439997387326,"5,896",Not yet rated,NULL,$6.875
FCVA,NULL,1439997387588,0,Not yet rated,NULL,N/A
FCAP,$26.28,1439997387644,100,Not yet rated,NULL,N/A
FCFS,$37.85,1439997387719,"13,018",100% bearish,of 2 ratings,$48
FBIZ,$44.08,1439997387779,"2,724",100% bearish,of 2 ratings,$52
FCNCA,$248.52,1439997387805,678,Not yet rated,NULL,N/A
FCLF,$9.2037,1439997387949,302,Not yet rated,NULL,N/A
FCFP,$7,1439997388155,100,Not yet rated,NULL,N/A
FCBC,$17.86,1439997388187,"1,146",Not yet rated,NULL,$18
FCCO,$12.06,1439997388216,500,Not yet rated,NULL,$13.25
FDEF,$37.11,1439997388239,"3,668",Not yet rated,NULL,$38
FBNK,$16.16,1439997388270,"3,253",100% bearish,of 1 rating,$17.50
FFNM,NULL,1439997388299,0,Not yet rated,NULL,N/A
FFBC,$19.28,1439997388472,"30,947",67% bearish,of 3 ratings,$20.25
FFIN,$32.1293,1439997388621,"11,284",50% bullish,of 2 ratings,$31.75
FFBCW,NULL,1439997388658,0,100% bearish,of 1 rating,N/A
THFF,$33.53,1439997388684,"2,828",Not yet rated,NULL,$35
FFNW,$12.5,1439997388991,"6,102",Not yet rated,NULL,$14
FFWM,$21.4,1439997389044,118,Not yet rated,NULL,$24
FMBH,NULL,1439997389150,0,Not yet rated,NULL,N/A
FRME,$25.985,1439997389199,"19,593",Not yet rated,NULL,$26.50
FMBI,$18.37,1439997389230,"32,759",Not yet rated,NULL,$20
FIBK,$27.75,1439997389251,"9,916",Not yet rated,NULL,$32
INBK,$35.19,1439997389285,"2,325",50% bullish,of 2 ratings,$37
FNBC,$35.395,1439997389521,"7,585",Not yet rated,NULL,$41.50
FNFG,$9.66,1439997389681,"228,240",80% bullish,of 5 ratings,$9
FNWB,NULL,1439997389707,0,Not yet rated,NULL,N/A
FSFG,NULL,1439997389785,0,Not yet rated,NULL,N/A
FSGI,$2.49,1439997390076,102,Not yet rated,NULL,N/A
FBZ,NULL,1439997390209,0,Not yet rated,NULL,N/A
FSLR,$49.75,1439997390241,"547,836",74% bullish,of 39 ratings,$65
FSBK,$7.77,1439997390287,100,100% bullish,of 1 rating,N/A
BICK,NULL,1439997390315,0,100% bullish,of 1 rating,N/A
ENFC,$18.32,1439997390389,795,Not yet rated,NULL,N/A
FTCS,$38.3238,1439997390449,"5,748",Not yet rated,NULL,N/A
FCAN,NULL,1439997390495,0,Not yet rated,NULL,N/A
FCA,NULL,1439997390626,0,Not yet rated,NULL,N/A
FV,$24.5199,1439997390694,"326,614",Not yet rated,NULL,N/A
FEMB,NULL,1439997390795,0,Not yet rated,NULL,N/A
IFV,$18.44,1439997390831,"93,317",100% bearish,of 1 rating,N/A
FTSM,$59.93,1439997390986,"1,902",100% bearish,of 1 rating,N/A
TDIV,$25.6399,1439997391117,"16,875",100% bearish,of 1 rating,N/A
FEUZ,$32.0734,1439997391156,600,Not yet rated,NULL,N/A
FTGC,$22.5996,1439997391183,"19,657",Not yet rated,NULL,N/A
FTHI,NULL,1439997391214,0,Not yet rated,NULL,N/A
HYLS,$49.81,1439997391244,"15,958",100% bearish,of 1 rating,N/A
FGM,$36.5305,1439997391270,"11,918",Not yet rated,NULL,N/A
FPXI,NULL,1439997391574,0,Not yet rated,NULL,N/A
FHK,$34.6276,1439997391634,624,Not yet rated,NULL,N/A
YDIV,$17.04,1439997391706,686,Not yet rated,NULL,N/A
SKYY,$30.4058,1439997391733,"11,516",100% bullish,of 1 rating,N/A
CU,$12.8571,1439997391863,"2,290",100% bearish,of 1 rating,N/A
PLTM,$6.39,1439997392090,"1,732",100% bearish,of 1 rating,N/A
FMB,$51.226,1439997392319,"1,143",Not yet rated,NULL,N/A
FTLB,NULL,1439997392350,0,100% bearish,of 1 rating,N/A
FJP,$49.44,1439997392379,"5,600",Not yet rated,NULL,N/A
QABA,$39.15,1439997392414,"1,344",100% bearish,of 1 rating,N/A
LMBS,$50.4663,1439997392449,200,Not yet rated,NULL,N/A
CIBR,$19.428,1439997392481,"18,861",Not yet rated,NULL,N/A
FONE,NULL,1439997392511,0,Not yet rated,NULL,N/A
QCLN,$15.81,1439997392781,"1,527",Not yet rated,NULL,N/A
GRID,$34.42,1439997392867,201,100% bearish,of 1 rating,N/A
CARZ,$36.42,1439997393014,394,100% bearish,of 1 rating,N/A
QQXT,$42.6999,1439997393041,"1,565",Not yet rated,NULL,N/A
RDVY,NULL,1439997393073,0,Not yet rated,NULL,N/A
QTEC,$41.7699,1439997393173,"4,887",Not yet rated,NULL,N/A
QQEW,$43.7736,1439997393199,"24,783",Not yet rated,NULL,N/A
AIRR,$16.873,1439997393259,200,100% bearish,of 1 rating,N/A
QINC,NULL,1439997393330,0,Not yet rated,NULL,N/A
FTSL,$48.9201,1439997393423,"6,870",100% bearish,of 1 rating,N/A
FDIV,NULL,1439997393455,0,100% bearish,of 1 rating,N/A
FKO,$22.96,1439997393485,75,Not yet rated,NULL,N/A
FTW,NULL,1439997393584,0,Not yet rated,NULL,N/A
FSZ,$40.191,1439997393688,"8,739",Not yet rated,NULL,N/A
TUSA,$26.08,1439997393791,300,Not yet rated,NULL,N/A
FUNC,$8.27,1439997394095,"1,479",Not yet rated,NULL,N/A
FKU,$43.4407,1439997394125,"14,800",Not yet rated,NULL,N/A
SVVC,$10.89,1439997394227,"1,185",100% bullish,of 1 rating,$26
FSV,$30.52,1439997394252,"9,921",Not yet rated,NULL,$33.60
FISV,$89.4,1439997394282,"103,801",100% bearish,of 3 ratings,$90
FMER,$18.5,1439997394307,"178,185",50% bullish,of 2 ratings,$20
FIVE,$37.2,1439997394333,"45,794",75% bearish,of 4 ratings,$44
FPRX,$18.4,1439997394511,"85,960",50% bullish,of 2 ratings,$35
FIVN,$4.2,1439997394554,"95,489",100% bullish,of 1 rating,$8.50
FLXN,$24.11,1439997394713,"15,463",100% bearish,of 1 rating,$39.50
MDIV,$19.7448,1439997394769,"43,492",Not yet rated,NULL,N/A
FLKS,$14.5,1439997394794,"17,049",50% bullish,of 2 ratings,$27
FLML,$21.6,1439997394848,"17,791",50% bullish,of 2 ratings,$30
MBSD,$24.88,1439997395117,"8,730",Not yet rated,NULL,N/A
FLIR,$30.11,1439997395177,"104,569",100% bearish,of 1 rating,$38.50
FLXS,$35,1439997395222,"29,120",100% bearish,of 2 ratings,N/A
FLEX,$11,1439997395307,"297,584",63% bullish,of 8 ratings,$12
FLDM,$12.54,1439997395335,"63,250",67% bearish,of 3 ratings,$21.50
FOMX,$10.47,1439997395366,"36,823",50% bullish,of 2 ratings,$23.50
FFIC,$20.61,1439997395388,"6,363",Not yet rated,NULL,$21
FOGO,$19.15,1439997395521,"70,118",50% bullish,of 2 ratings,$25.50
FORM,$6.35,1439997395727,"28,661",67% bullish,of 3 ratings,$10.50
FONR,$9.48,1439997395753,463,100% bullish,of 1 rating,N/A
FES,$0.92,1439997395780,200,50% bullish,of 2 ratings,$1
FORTY,$34.63,1439997395978,"1,016",Not yet rated,NULL,N/A
FTNT,$47.38,1439997396009,"185,671",80% bullish,of 10 ratings,$52
FORR,$32.16,1439997396086,"26,572",Not yet rated,NULL,N/A
FBIO,$3.0001,1439997396119,"32,346",83% bullish,of 6 ratings,N/A
FORD,$1.05,1439997396219,"46,189",50% bullish,of 2 ratings,N/A
FWP,$26.61,1439997396247,"4,896",100% bearish,of 1 rating,$45
FWRD,$48.59,1439997396274,"72,511",100% bearish,of 1 rating,$50
FXCB,$17.264,1439997396414,"1,603",Not yet rated,NULL,$19
FOSL,$62.21,1439997396443,"157,119",50% bullish,of 4 ratings,$70
FOXF,$15.46,1439997396573,"2,594",100% bearish,of 1 rating,$19
FMI,$20.04,1439997396599,"46,526",100% bearish,of 2 ratings,$27.50
FRAN,$10.49,1439997396745,"157,848",50% bullish,of 4 ratings,$15
FREE,$0.52,1439997396884,"175,125",92% bullish,of 12 ratings,N/A
FELE,$29.45,1439997396934,"75,908",50% bullish,of 4 ratings,$33
FRED,$14.47,1439997396962,"27,061",50% bullish,of 2 ratings,$16.50
FEIM,NULL,1439997396991,0,100% bearish,of 1 rating,N/A
RAIL,$21.59,1439997397023,"13,265",100% bearish,of 1 rating,$24.50
FTR,$5.305,1439997397128,"3,468,802",78% bullish,of 27 ratings,$6.25
FRPT,$13.89,1439997397311,"108,516",67% bearish,of 3 ratings,$23.50
FTRPR,$104.734,1439997397343,800,100% bearish,of 1 rating,N/A
FRPH,$31.34,1439997397365,100,100% bearish,of 1 rating,N/A
FSBW,NULL,1439997397397,0,Not yet rated,NULL,N/A
FTD,$30.6,1439997397443,"6,962",100% bearish,of 1 rating,$40
FSYS,$6.67,1439997397638,"7,234",67% bullish,of 3 ratings,$10
FTEK,$2.15,1439997397742,"16,500",75% bullish,of 4 ratings,N/A
FCEL,$0.8452,1439997397814,"226,942",88% bullish,of 40 ratings,$2.65
FULL,$3.2199,1439997397886,"5,502",67% bearish,of 3 ratings,$4.25
FLL,$1.56,1439997397949,"7,928",75% bullish,of 4 ratings,$2.825
FULT,$12.96,1439997398054,"98,618",100% bearish,of 1 rating,$13
SKOR,$50.01,1439997398078,"1,500",Not yet rated,NULL,N/A
FSNN,NULL,1439997398132,0,67% bullish,of 3 ratings,$6
FXEN,$1.005,1439997398235,"13,065",75% bullish,of 4 ratings,$1.10
FFHL,NULL,1439997398274,0,50% bullish,of 4 ratings,N/A
FXENP,NULL,1439997398373,0,100% bearish,of 1 rating,N/A
GK,$71.54,1439997398401,"5,717",Not yet rated,NULL,$78
GAIA,$5.98,1439997398465,"5,301",50% bullish,of 2 ratings,$8.50
WILC,$5.1181,1439997398607,100,100% bullish,of 2 ratings,N/A
GLPG,$63.36,1439997398749,"2,419",100% bullish,of 1 rating,$75
GALE,$1.42,1439997398910,"180,942",89% bullish,of 47 ratings,$4
GALTW,NULL,1439997399017,0,100% bullish,of 1 rating,N/A
GALTU,NULL,1439997399043,0,100% bearish,of 1 rating,N/A
GALT,$2.09,1439997399074,"68,578",80% bullish,of 5 ratings,N/A
GLPI,$33.27,1439997399176,"59,861",100% bearish,of 1 rating,$37.50
GLMD,$8.98,1439997399201,"2,000",67% bullish,of 3 ratings,$20.50
GPIC,$11.39,1439997399389,210,100% bearish,of 1 rating,N/A
GRMN,$39.95,1439997399417,"122,545",50% bullish,of 6 ratings,$48
GGAC,NULL,1439997399553,0,100% bearish,of 1 rating,N/A
GGACU,NULL,1439997399578,0,Not yet rated,NULL,N/A
GGACR,NULL,1439997399599,0,100% bullish,of 1 rating,N/A
GGACW,NULL,1439997399631,0,Not yet rated,NULL,N/A
GARS,$14.73,1439997399940,"6,650",Not yet rated,NULL,$16
GENC,NULL,1439997400232,0,100% bearish,of 1 rating,N/A
GFNSL,$25.55,1439997400364,635,Not yet rated,NULL,N/A
GNCMA,$17.51,1439997400394,"15,934",100% bearish,of 1 rating,$12
GFNCP,NULL,1439997400426,0,Not yet rated,NULL,N/A
GFN,$3.85,1439997400447,"7,195",100% bearish,of 2 ratings,$8
GNMK,$9.36,1439997400529,"48,633",67% bullish,of 6 ratings,$14
GENE,$2.69,1439997400596,"6,352",100% bullish,of 12 ratings,N/A
GNTX,$15.9,1439997400785,"459,579",Not yet rated,NULL,$20
GHDX,$26.155,1439997400815,"35,969",50% bullish,of 2 ratings,$30
THRM,$47.32,1439997400844,"20,631",75% bearish,of 4 ratings,$55.50
GNCA,$12.25,1439997400920,"57,827",100% bearish,of 1 rating,$20
GTWN,$18.27,1439997401001,400,Not yet rated,NULL,N/A
GNVC,$2.3409,1439997401075,"2,880",90% bullish,of 10 ratings,$8.50
GEOS,$15.36,1439997401217,"14,869",100% bearish,of 3 ratings,$25.50
GERN,$3.25,1439997401242,"352,944",88% bullish,of 16 ratings,$5.25
GABC,$29.32,1439997401271,"1,132",Not yet rated,NULL,$31.50
ROCK,$18.33,1439997401414,"17,674",80% bullish,of 5 ratings,$24
GEVO,$2.4,1439997401445,"1,118,485",75% bullish,of 12 ratings,N/A
GIGM,$0.65,1439997401546,200,100% bullish,of 2 ratings,N/A
GIGA,$1.42,1439997401618,"16,398",100% bearish,of 1 rating,N/A
GIII,$68.64,1439997401687,"26,566",67% bullish,of 3 ratings,$75
GILD,$116.28,1439997401821,"1,389,640",91% bullish,of 86 ratings,$129
GILT,$4.58,1439997401850,"7,600",50% bullish,of 2 ratings,N/A
GBCI,$27.62,1439997401894,"13,827",50% bullish,of 2 ratings,$31
GLAD,$8.2101,1439997401984,"15,455",50% bullish,of 2 ratings,$8.75
GLADO,$25.59,1439997402062,300,Not yet rated,NULL,N/A
GOOD,$15.65,1439997402120,"8,274",Not yet rated,NULL,$19
GOODO,$25.175,1439997402267,200,Not yet rated,NULL,N/A
GOODP,$25.2399,1439997402299,374,Not yet rated,NULL,N/A
GOODN,$25.629,1439997402349,"1,000",Not yet rated,NULL,N/A
GAIN,$7.87,1439997402401,"54,103",100% bullish,of 2 ratings,$8.25
GAINN,$25.1,1439997402595,"2,660",Not yet rated,NULL,N/A
GAINO,$25.3001,1439997402635,400,Not yet rated,NULL,N/A
GAINP,$25.98,1439997402666,"1,150",Not yet rated,NULL,N/A
LAND,$9.345,1439997402727,"7,200",50% bullish,of 2 ratings,$13.75
GLBZ,NULL,1439997402766,0,Not yet rated,NULL,N/A
GBT,$42.96,1439997402872,"48,181",100% bearish,of 1 rating,N/A
GDEF,NULL,1439997402907,0,Not yet rated,NULL,N/A
ENT,$12.5,1439997403036,"21,563",100% bearish,of 1 rating,$18
GBLI,$26.83,1439997403193,"2,200",Not yet rated,NULL,N/A
GPACU,NULL,1439997403220,0,Not yet rated,NULL,N/A
GSOL,$8.51,1439997403256,600,100% bearish,of 1 rating,N/A
QQQC,$20.9134,1439997403356,"1,088",100% bearish,of 1 rating,N/A
ACTX,NULL,1439997403385,0,100% bullish,of 1 rating,N/A
ALTY,NULL,1439997403489,0,Not yet rated,NULL,N/A
SOCL,$18.2647,1439997403551,"7,344",100% bullish,of 2 ratings,N/A
SRET,$13.8484,1439997403633,265,Not yet rated,NULL,N/A
YLCO,NULL,1439997403706,0,Not yet rated,NULL,N/A
GAI,$5.37,1439997403804,"2,037",50% bullish,of 2 ratings,N/A
GBIM,$2.13,1439997403932,"5,100",50% bullish,of 2 ratings,N/A
GSM,$13.52,1439997403985,"51,677",50% bullish,of 2 ratings,$24.50
GLRI,$1.23,1439997404071,"1,400",100% bearish,of 1 rating,$6
GLBS,NULL,1439997404132,0,67% bullish,of 3 ratings,N/A
GLYC,$7.26,1439997404325,"1,075",50% bullish,of 2 ratings,$14
GLUU,$4.69,1439997404359,"342,163",92% bullish,of 26 ratings,$9
GLNG,$37.36,1439997404424,"138,682",83% bullish,of 6 ratings,$58
GOGO,$16.21,1439997404449,"108,138",80% bullish,of 5 ratings,$25
GMLP,$18.9,1439997404478,"68,493",50% bullish,of 4 ratings,$32.50
GLDC,$4.149,1439997404609,400,50% bullish,of 2 ratings,N/A
GDEN,$8.92,1439997404701,"6,477",50% bullish,of 2 ratings,N/A
GOGL,$3.43,1439997404737,"90,239",75% bullish,of 4 ratings,$5
GTIM,$7.03,1439997404867,"4,980",Not yet rated,NULL,$11.50
GBDC,$16.5,1439997404895,"20,390",Not yet rated,NULL,$17.75
GOOG,$657.68,1439997404964,"223,397",89% bullish,of 65 ratings,$795
GOOGL,$691.04,1439997405063,"290,130",88% bullish,of 1078 ratings,$747
GPRO,$55.3,1439997405207,"1,305,802",79% bullish,of 58 ratings,$72
GPIAU,NULL,1439997405335,0,Not yet rated,NULL,N/A
GMAN,$4.63,1439997405361,"8,074",60% bullish,of 5 ratings,$8
GPIAW,NULL,1439997405391,0,Not yet rated,NULL,N/A
GPIA,NULL,1439997405412,0,Not yet rated,NULL,N/A
LOPE,$38.07,1439997405443,"77,017",100% bearish,of 2 ratings,$50
GBSN,$2.3,1439997405657,"26,700",100% bearish,of 1 rating,$8.25
GRVY,NULL,1439997405699,0,50% bullish,of 2 ratings,N/A
GSBC,$41.19,1439997405831,"5,852",100% bullish,of 1 rating,$44
GBSNU,$16.34,1439997405857,640,Not yet rated,NULL,N/A
GLDD,$5.68,1439997405936,"60,309",100% bearish,of 4 ratings,$7.75
GNBC,$12.98,1439997406081,849,100% bearish,of 1 rating,$17
GRBK,$14.21,1439997406113,"36,464",77% bullish,of 13 ratings,N/A
GPP,$14.764,1439997406214,"1,560",Not yet rated,NULL,$20.50
GCBC,NULL,1439997406310,0,100% bullish,of 1 rating,N/A
GPRE,$21.16,1439997406345,"66,172",67% bullish,of 6 ratings,$28.50
GLRE,$26.57,1439997406372,"25,198",100% bullish,of 1 rating,$41
GRIF,NULL,1439997406442,0,100% bearish,of 1 rating,N/A
GRPN,$4.16,1439997406644,"1,493,239",61% bullish,of 71 ratings,$6.75
GRFS,$32.01,1439997406669,"67,711",50% bullish,of 2 ratings,$35
OMAB,$41.44,1439997406730,"2,744",100% bullish,of 1 rating,$44
GSIG,$13.375,1439997406862,"2,872",100% bearish,of 2 ratings,N/A
GSIT,$4.95,1439997406995,"43,436",100% bearish,of 1 rating,N/A
GGAL,$20,1439997407054,"52,345",80% bullish,of 5 ratings,$40
GFED,NULL,1439997407186,0,Not yet rated,NULL,$17
GSVC,$9.58,1439997407215,"5,419",50% bullish,of 2 ratings,$14.50
GBNK,$15.86,1439997407244,"2,225",100% bearish,of 1 rating,$18
GTXI,$0.95,1439997407265,"23,260",100% bullish,of 5 ratings,$.75
GUID,$8.86,1439997407403,"5,100",100% bearish,of 3 ratings,$10
GULTU,$0.3202,1439997407453,"867,787",100% bearish,of 1 rating,N/A
GIFI,$12.64,1439997407584,"9,274",100% bearish,of 1 rating,$16
GURE,$1.79,1439997407670,"32,287",88% bullish,of 8 ratings,N/A
GPOR,$33.93,1439997407773,"251,367",75% bullish,of 4 ratings,$55
GWPH,$113.35,1439997407908,"32,591",78% bullish,of 9 ratings,$148.50
GWGH,NULL,1439997407934,0,100% bearish,of 1 rating,$15.05
HEES,$16.82,1439997407956,"49,305",67% bearish,of 3 ratings,$31
GYRO,$3,1439997407999,"1,044",100% bearish,of 1 rating,N/A
HNRG,$7.45,1439997408138,"13,112",100% bearish,of 1 rating,$10
HLG,$9.5,1439997408218,3,100% bearish,of 1 rating,N/A
HBK,$13.7,1439997408351,100,50% bullish,of 2 ratings,N/A
HALO,$18.18,1439997408379,"297,713",67% bullish,of 3 ratings,$22.50
HMPR,$1.89,1439997408411,"4,184",100% bullish,of 1 rating,N/A
HALL,$11.7,1439997408512,"1,542",Not yet rated,NULL,N/A
HBHC,$28.32,1439997408614,"64,539",50% bullish,of 2 ratings,$30
HBHCL,$24.5904,1439997408698,"4,486",Not yet rated,NULL,N/A
HAFC,$25.4,1439997408869,"21,307",100% bullish,of 2 ratings,$28.50
HNH,$28.48,1439997408895,913,100% bullish,of 1 rating,N/A
HNSN,$0.515,1439997409044,"24,720",88% bullish,of 8 ratings,$.40
HQCL,$10.44,1439997409069,"3,295",67% bullish,of 3 ratings,N/A
HDNG,$10.74,1439997409108,"1,900",50% bullish,of 4 ratings,N/A
HLIT,$5.87,1439997409133,"39,719",100% bearish,of 1 rating,$6.50
HRMN,NULL,1439997409213,0,Not yet rated,NULL,N/A
HRMNU,NULL,1439997409283,0,Not yet rated,NULL,N/A
HRMNW,NULL,1439997409416,0,Not yet rated,NULL,N/A
TINY,$2.4801,1439997409842,"3,200",50% bullish,of 2 ratings,$5.26
HART,$0.64,1439997409978,"57,393",100% bearish,of 1 rating,N/A
HBIO,$4.46,1439997410009,"6,196",Not yet rated,NULL,$10
HCAP,$12.12,1439997410079,"3,045",50% bullish,of 2 ratings,$15
FULLL,$25.5,1439997410104,400,Not yet rated,NULL,N/A
HCAPL,NULL,1439997410336,0,Not yet rated,NULL,N/A
HA,$25.5,1439997410362,"86,218",67% bullish,of 9 ratings,$27
HAS,$79.4,1439997410398,"135,687",63% bullish,of 8 ratings,$84.50
HWBK,NULL,1439997410497,0,100% bearish,of 1 rating,N/A
HWKN,$35.51,1439997410527,"2,910",Not yet rated,NULL,N/A
HCOM,$22.81,1439997410559,654,100% bearish,of 1 rating,$28
HAYN,$38.95,1439997410661,"9,949",100% bearish,of 1 rating,$59
HDS,$34.38,1439997410836,"130,104",100% bearish,of 2 ratings,$39.50
HQY,$32.6,1439997410864,"37,404",67% bullish,of 3 ratings,$31
HCSG,$34.25,1439997410891,"75,722",50% bullish,of 4 ratings,$35
HSTM,$25.45,1439997411099,"23,582",50% bullish,of 2 ratings,$33.75
HWAY,$12.4,1439997411245,"91,773",100% bearish,of 1 rating,$15
HTLD,$21.05,1439997411272,"44,644",Not yet rated,NULL,$22.50
HTLF,$36.91,1439997411294,"2,766",100% bullish,of 1 rating,$39.50
HTWR,$87.74,1439997411332,"31,881",50% bullish,of 2 ratings,$103
HTBX,$5.69,1439997411354,"8,865",50% bullish,of 2 ratings,$15.50
HSII,$20,1439997411438,"11,204",100% bullish,of 3 ratings,$25
HMTV,$13.1,1439997411665,551,100% bearish,of 1 rating,$16
HELE,$92.02,1439997411718,"36,339",67% bearish,of 3 ratings,$100
HNNA,$22.81,1439997411762,200,Not yet rated,NULL,N/A
HMNY,$2.31,1439997411787,100,100% bearish,of 1 rating,N/A
HCACU,$9.9801,1439997411928,"2,100",Not yet rated,NULL,N/A
HSIC,$146.5,1439997412093,"65,744",83% bullish,of 6 ratings,$146
HTBK,$10.97,1439997412195,"2,525",Not yet rated,NULL,$12
HFWA,$18.26,1439997412224,"6,102",100% bullish,of 1 rating,$20
HERO,$0.071,1439997412246,"598,596",81% bullish,of 16 ratings,$.75
HCCI,$12.36,1439997412280,"1,086",100% bearish,of 1 rating,$16.50
HEOP,$7.9,1439997412313,"1,344",Not yet rated,NULL,$8.50
MLHR,$29.24,1439997412431,"29,328",50% bullish,of 2 ratings,$33.50
HRTX,$32.05,1439997412569,"56,917",67% bullish,of 6 ratings,$41
HFFC,NULL,1439997412704,0,Not yet rated,NULL,N/A
HSKA,$34.34,1439997412776,"10,618",100% bearish,of 1 rating,$38
HIBB,$40.06,1439997412802,"62,719",100% bearish,of 1 rating,$48.50
HIHO,$4.1308,1439997412936,"10,900",Not yet rated,NULL,N/A
HIMX,$6.75,1439997412962,"444,723",85% bullish,of 20 ratings,$8.50
HPJ,$2.71,1439997412988,"6,327",75% bullish,of 4 ratings,$12.43
HIFS,$116.4999,1439997413138,"1,729",Not yet rated,NULL,N/A
HMNF,$11.4,1439997413282,4,Not yet rated,NULL,N/A
HMSY,$9.34,1439997413313,"129,640",67% bullish,of 3 ratings,$19.35
HSGX,$6.61,1439997413335,"2,049",100% bearish,of 1 rating,$17
HOLI,$17.65,1439997413375,"71,312",50% bullish,of 4 ratings,$27
HOLX,$42.155,1439997413397,"222,652",67% bullish,of 3 ratings,$42
HBCP,$24.29,1439997413469,"2,620",Not yet rated,NULL,$29
HOMB,$40.52,1439997413678,"17,528",Not yet rated,NULL,$41
AWAY,$30.98,1439997413881,"201,952",67% bullish,of 3 ratings,$36
HFBL,NULL,1439997413906,0,Not yet rated,NULL,N/A
HMIN,$29.27,1439997414051,"25,094",100% bearish,of 2 ratings,$35
HMST,$21.627,1439997414078,"19,164",100% bullish,of 2 ratings,$27
HKTV,$5.15,1439997414104,"18,000",100% bearish,of 1 rating,N/A
HTBI,$18.4,1439997414129,"3,107",67% bullish,of 3 ratings,$18.625
CETC,$0.85,1439997414351,"10,124",86% bullish,of 7 ratings,N/A
HFBC,$11.7299,1439997414390,"1,302",Not yet rated,NULL,N/A
HOFT,$24.58,1439997414416,"1,498",100% bearish,of 1 rating,N/A
HBNC,$24.9,1439997414494,"4,568",100% bullish,of 1 rating,$27
ZINC,$7.65,1439997414555,"204,030",100% bearish,of 1 rating,$17
HRZN,$10.885,1439997414644,"8,702",100% bearish,of 1 rating,$14.25
HZNP,$31.26,1439997414719,"219,494",85% bullish,of 20 ratings,$40
HDP,$26.1,1439997414903,"41,964",67% bearish,of 3 ratings,$30.50
HWCC,$7.34,1439997415032,"6,450",100% bearish,of 1 rating,$9
HMHC,$22.55,1439997415058,"53,823",Not yet rated,NULL,$27
HOVNP,$5.45,1439997415092,"7,250",100% bearish,of 1 rating,N/A
HSNI,$62.93,1439997415119,"30,291",Not yet rated,NULL,$80
HBMD,NULL,1439997415151,0,100% bearish,of 1 rating,N/A
HTGM,$5.79,1439997415255,"3,400",100% bearish,of 1 rating,$19.50
HSON,$3,1439997415500,"6,874",100% bearish,of 1 rating,$5
HDSN,$3.03,1439997415529,"10,032",100% bullish,of 1 rating,$6.25
HUBG,$40.92,1439997415559,"14,750",100% bearish,of 1 rating,$43
HCBK,$10.27,1439997415581,"141,508",83% bullish,of 6 ratings,$8.61
HBAN,$11.685,1439997415611,"1,559,880",76% bullish,of 17 ratings,$12.50
HBANP,$1345,1439997415838,18,100% bearish,of 1 rating,N/A
HURC,$30.53,1439997416006,"3,577",100% bearish,of 1 rating,N/A
HBP,$3.25,1439997416034,"1,080",100% bullish,of 1 rating,N/A
HURN,$75.04,1439997416169,"9,177",50% bullish,of 2 ratings,$80
HDRA,NULL,1439997416201,0,Not yet rated,NULL,N/A
HTCH,$1.66,1439997416223,"9,392",100% bearish,of 1 rating,$3.50
HDRAW,NULL,1439997416301,0,Not yet rated,NULL,N/A
HDRAR,NULL,1439997416365,0,Not yet rated,NULL,N/A
HYGS,$7.6242,1439997416438,"4,091",50% bullish,of 2 ratings,$13
HDRAU,$10.2,1439997416467,100,Not yet rated,NULL,N/A
IACI,$73.57,1439997416603,"109,819",75% bullish,of 4 ratings,$90
IDSY,$4,1439997416810,"3,186",100% bearish,of 1 rating,$7
IBKC,$62.73,1439997416835,"37,006",100% bullish,of 1 rating,$70
ICAD,$3.5,1439997416868,"24,489",50% bullish,of 2 ratings,$7.25
IKGH,$1.8799,1439997416897,"56,852",75% bullish,of 4 ratings,N/A
IEP,$72.25,1439997417075,"28,510",75% bullish,of 4 ratings,$99
ICFI,$35.68,1439997417101,"13,449",50% bullish,of 2 ratings,$48.50
ICLR,$79.99,1439997417300,"145,326",100% bearish,of 3 ratings,$85
ICON,$12.86,1439997417335,"80,052",50% bullish,of 2 ratings,$18.50
ICUI,$121.21,1439997417377,"11,151",Not yet rated,NULL,$122
IPWR,$7.61,1439997417414,140,100% bullish,of 1 rating,$15
IDXX,$77.98,1439997417510,"73,380",100% bearish,of 1 rating,$77
INVE,$4.76,1439997417536,"35,246",75% bullish,of 4 ratings,$4
IDRA,$2.55,1439997417565,"423,399",89% bullish,of 9 ratings,$6.50
DSKY,$12.28,1439997417697,"6,950",67% bullish,of 6 ratings,$11.50
IROQ,NULL,1439997417974,0,100% bullish,of 1 rating,N/A
IIVI,$17.39,1439997418107,"12,428",100% bearish,of 1 rating,$22
IRG,$4.48,1439997418135,"2,000",100% bearish,of 1 rating,$4.50
KANG,$16.56,1439997418169,"48,865",50% bullish,of 2 ratings,$22.55
IKNX,NULL,1439997418199,0,100% bearish,of 1 rating,N/A
RXDX,$13.02,1439997418272,"24,030",100% bullish,of 1 rating,$20
ILMN,$206.17,1439997418297,"140,319",80% bullish,of 5 ratings,$240
IKAN,$2.73,1439997418430,"7,398",83% bullish,of 6 ratings,$5
IMMR,$12.14,1439997418587,"38,399",80% bullish,of 5 ratings,$15.50
ISNS,$4.11,1439997418616,500,50% bullish,of 2 ratings,N/A
ICCC,$8.55,1439997418677,"3,338",100% bullish,of 1 rating,N/A
IMNP,$1.48,1439997418710,"84,339",50% bullish,of 2 ratings,$6
IMDZ,$16.51,1439997418746,"26,921",100% bearish,of 1 rating,$33
IMGN,$13.11,1439997418806,"176,492",75% bullish,of 4 ratings,$17.50
IMMU,$1.83,1439997419128,"162,562",86% bullish,of 7 ratings,$2
IMMY,$7.7,1439997419172,803,100% bearish,of 1 rating,$11
IPXL,$46.19,1439997419201,"176,879",67% bullish,of 3 ratings,$46.50
INCR,$43.975,1439997419264,"73,582",50% bullish,of 2 ratings,$53
SAAS,$7.95,1439997419291,"59,331",50% bullish,of 2 ratings,$15
INCY,$111.71,1439997419425,"171,284",50% bullish,of 6 ratings,$125.50
IBTX,$43.13,1439997419452,"4,051",100% bullish,of 2 ratings,$47.25
IBCP,$14.51,1439997419584,"10,154",100% bullish,of 1 rating,$14.50
HIIQ,$4.72,1439997419613,"3,109",50% bullish,of 2 ratings,$7
INDB,$47.59,1439997419653,"5,052",Not yet rated,NULL,$44
INFN,$24.48,1439997419681,"223,093",71% bullish,of 7 ratings,$28
INFI,$9.145,1439997419746,"93,912",50% bullish,of 4 ratings,$18
IPCC,$80.39,1439997419882,"2,542",Not yet rated,NULL,$77.50
IDSA,$3.69,1439997419949,302,Not yet rated,NULL,N/A
IFON,$1.31,1439997420085,"34,085",75% bullish,of 4 ratings,N/A
INWK,$7.6,1439997420216,"13,427",50% bullish,of 2 ratings,$10
INNL,$12.84,1439997420312,"1,944",100% bearish,of 1 rating,$16.50
IMKTA,$53.37,1439997420361,"10,358",100% bearish,of 1 rating,N/A
IPHS,$48.14,1439997420386,"17,953",100% bearish,of 1 rating,$60
INOD,$2.538,1439997420413,"25,900",100% bearish,of 1 rating,N/A
IOSP,$46.12,1439997420543,"17,622",100% bearish,of 1 rating,N/A
ISSC,NULL,1439997420569,0,67% bearish,of 3 ratings,N/A
INOV,$21.38,1439997420987,"21,099",100% bearish,of 1 rating,$33
ITEK,$15.82,1439997421017,"238,785",67% bearish,of 3 ratings,$20
INGN,$50.25,1439997421043,"19,215",100% bearish,of 1 rating,$50.50
NSIT,$26.08,1439997421069,"15,574",50% bullish,of 2 ratings,N/A
INO,$7.245,1439997421118,"159,144",89% bullish,of 18 ratings,$20
IIIN,$17.74,1439997421427,"5,742",100% bearish,of 2 ratings,N/A
INSM,$26.92,1439997421465,"34,699",71% bullish,of 7 ratings,$32
ISIG,$2.61,1439997421496,"3,500",100% bearish,of 1 rating,N/A
INSY,$33.96,1439997421527,"98,831",75% bullish,of 4 ratings,$48
IART,$61.74,1439997421628,"28,132",100% bearish,of 1 rating,$71.50
NTEC,$5.79,1439997421656,"9,730",Not yet rated,NULL,N/A
PODD,$30.04,1439997421713,"52,935",50% bullish,of 2 ratings,$35
IDTI,$18.075,1439997421890,"528,319",60% bullish,of 5 ratings,$25
IESC,$7.1001,1439997421931,"1,300",100% bearish,of 1 rating,N/A
ISSI,$22.31,1439997422019,"89,275",67% bullish,of 3 ratings,$19.75
INTC,$28.3145,1439997422174,"7,066,827",82% bullish,of 238 ratings,$36
IBKR,$41.7,1439997422382,"45,256",100% bullish,of 1 rating,N/A
IQNT,$20.1243,1439997422416,"173,109",86% bullish,of 7 ratings,$20
IPAR,$28.23,1439997422438,"8,834",67% bullish,of 3 ratings,$38
IPCI,$2.1301,1439997422472,"12,271",67% bullish,of 6 ratings,$7.75
ICLD,$1.88,1439997422513,"74,145",75% bullish,of 4 ratings,N/A
ICPT,$209.27,1439997422571,"37,662",70% bullish,of 10 ratings,$363
ININ,$39.96,1439997422730,"20,552",67% bearish,of 3 ratings,$57
ICLDW,NULL,1439997422821,0,100% bearish,of 1 rating,N/A
IDCC,$49.43,1439997422848,"40,088",80% bullish,of 5 ratings,$63
TILE,$25.87,1439997422876,"62,346",67% bearish,of 3 ratings,$27
IMI,$1.99,1439997423133,430,67% bullish,of 3 ratings,$2.22
IBOC,$27.1,1439997423294,"13,104",100% bearish,of 1 rating,N/A
INAP,$8.66,1439997423321,"21,025",75% bullish,of 4 ratings,$11
ISCA,$33.2,1439997423365,"12,853",100% bearish,of 1 rating,N/A
IGLD,$7.49,1439997423393,"1,400",50% bullish,of 2 ratings,N/A
PTNT,$3.0301,1439997423415,"1,000",Not yet rated,NULL,N/A
IIJI,NULL,1439997423544,0,50% bullish,of 2 ratings,$11.50
INPH,NULL,1439997423683,0,50% bullish,of 2 ratings,N/A
XENT,$29.88,1439997423712,"23,465",50% bullish,of 2 ratings,$36.50
ISIL,$10.7,1439997423843,"204,889",50% bullish,of 6 ratings,$15
INTX,$2.56,1439997423893,220,67% bullish,of 3 ratings,N/A
IILG,$21.16,1439997424054,"13,852",100% bearish,of 1 rating,$30.50
IVAC,$4.82,1439997424090,"1,900",Not yet rated,NULL,$6.625
INTL,$27.6,1439997424195,"14,308",67% bearish,of 3 ratings,N/A
INTLL,$25.94,1439997424216,133,Not yet rated,NULL,N/A
IIN,NULL,1439997424294,0,100% bearish,of 1 rating,$12
INTU,$105.95,1439997424356,"275,098",100% bullish,of 7 ratings,$107.50
ITCI,$29.56,1439997424382,"111,465",75% bearish,of 4 ratings,$40
ISRG,$523.94,1439997424514,"43,366",67% bullish,of 3 ratings,$600
INVT,$0.285,1439997424647,"2,579",67% bullish,of 3 ratings,N/A
SNAK,$8.75,1439997424721,"21,750",50% bullish,of 2 ratings,$14
ISTR,$15.61,1439997424747,2,100% bearish,of 1 rating,$18.50
ISBC,$12.19,1439997424909,"241,788",100% bullish,of 1 rating,$13.25
ITIC,NULL,1439997424935,0,100% bearish,of 2 ratings,N/A
IVTY,$11.53,1439997425077,"6,699",Not yet rated,NULL,$18
NVIV,$10.8,1439997425131,"108,576",50% bullish,of 4 ratings,$24.50
DFVL,NULL,1439997425174,0,Not yet rated,NULL,N/A
IPAS,$1.08,1439997425276,"38,869",67% bullish,of 3 ratings,N/A
DTUL,NULL,1439997425333,0,Not yet rated,NULL,N/A
IPGP,$91.95,1439997425358,"65,602",100% bearish,of 2 ratings,$109.50
IPCM,$79.38,1439997425389,"92,380",50% bullish,of 2 ratings,$80.125
IRIX,$7.1,1439997425516,"2,500",100% bearish,of 1 rating,N/A
IRMD,$26.15,1439997425618,"3,095",67% bearish,of 3 ratings,$25
IRDM,$6.72,1439997425768,"96,890",60% bullish,of 5 ratings,$11.50
IRDMB,$270,1439997425857,49,67% bearish,of 3 ratings,N/A
IRBT,$30.71,1439997425889,"32,084",67% bullish,of 6 ratings,$37
IRWD,$11.45,1439997425990,"131,814",100% bearish,of 1 rating,$13
COMT,$32.94,1439997426050,"4,355",100% bearish,of 1 rating,N/A
GNMA,$49.9001,1439997426185,"1,552",Not yet rated,NULL,N/A
IFAS,NULL,1439997426213,0,Not yet rated,NULL,N/A
IRCP,NULL,1439997426246,0,100% bullish,of 2 ratings,N/A
FCHI,$48.6487,1439997426274,"1,114",Not yet rated,NULL,N/A
IFGL,$29.8301,1439997426422,"7,434",Not yet rated,NULL,N/A
IFNA,NULL,1439997426451,0,Not yet rated,NULL,N/A
IFEU,$39.97,1439997426528,"24,613",Not yet rated,NULL,N/A
ACWX,$42.314,1439997426603,"56,392",100% bearish,of 1 rating,N/A
ACWI,$58.315,1439997426758,"121,207",Not yet rated,NULL,N/A
AAIT,$30.49,1439997427097,100,100% bullish,of 1 rating,N/A
AXJS,NULL,1439997427146,0,Not yet rated,NULL,N/A
EEMA,$51.9593,1439997427174,"9,468",Not yet rated,NULL,N/A
AAXJ,$54.773,1439997427230,"315,412",Not yet rated,NULL,N/A
EMDI,NULL,1439997427309,0,Not yet rated,NULL,N/A
EEME,NULL,1439997427335,0,100% bearish,of 1 rating,N/A
EMEY,$25.31,1439997427368,300,Not yet rated,NULL,N/A
EGRW,$48.5,1439997427471,100,Not yet rated,NULL,N/A
EEML,$28.26,1439997427641,500,Not yet rated,NULL,N/A
IEUS,$46.7601,1439997427711,"3,623",100% bearish,of 1 rating,N/A
EVAL,$37.18,1439997427776,314,Not yet rated,NULL,N/A
EUFN,$22.8896,1439997427807,"38,603",100% bearish,of 1 rating,N/A
UAE,NULL,1439997428001,0,Not yet rated,NULL,N/A
QAT,NULL,1439997428027,0,Not yet rated,NULL,N/A
IBB,$363.06,1439997428101,"317,760",63% bullish,of 8 ratings,N/A
SOXX,$83.71,1439997428172,"94,276",50% bullish,of 2 ratings,N/A
EMIF,$29.46,1439997428245,"6,290",Not yet rated,NULL,N/A
WOOD,$50.98,1439997428275,"3,246",50% bullish,of 2 ratings,N/A
ICLN,$10.08,1439997428340,"27,615",50% bullish,of 2 ratings,N/A
ISHG,$78.53,1439997428499,759,100% bearish,of 1 rating,N/A
IGOV,$89.95,1439997428524,"5,727",100% bearish,of 1 rating,N/A
INDY,$29.64,1439997428550,"68,101",100% bullish,of 1 rating,N/A
ISIS,$50.0775,1439997428713,"230,666",53% bullish,of 15 ratings,$67
ISLE,$18.76,1439997428761,"59,834",50% bullish,of 4 ratings,$16
ITRI,$32.77,1439997428965,"57,777",Not yet rated,NULL,$37
ISRL,$138,1439997429013,34,100% bearish,of 1 rating,N/A
ITUS,NULL,1439997429045,0,Not yet rated,NULL,N/A
ITRN,$25.3924,1439997429148,386,50% bullish,of 2 ratings,N/A
XXIA,$15.62,1439997429194,"50,644",71% bullish,of 7 ratings,$14.625
IXYS,$10.42,1439997429223,"26,373",50% bullish,of 4 ratings,N/A
JJSF,$117.84,1439997429245,"11,255",100% bearish,of 1 rating,N/A
MAYS,NULL,1439997429470,0,Not yet rated,NULL,N/A
JBHT,$79.53,1439997429559,"98,581",50% bullish,of 4 ratings,$89.50
JASO,$7.965,1439997429637,"271,371",82% bullish,of 17 ratings,$10
JCOM,$72.29,1439997429664,"15,759",100% bullish,of 2 ratings,$77
JKHY,$71.08,1439997429686,"26,639",50% bullish,of 2 ratings,$72
JACK,$85.05,1439997429815,"105,161",83% bullish,of 6 ratings,$105
JAKK,$9.37,1439997430005,"61,598",60% bearish,of 5 ratings,$10.50
JXSB,NULL,1439997430035,0,Not yet rated,NULL,N/A
JRVR,$26.53,1439997430107,"6,082",Not yet rated,NULL,$32
JMBA,$13.58,1439997430136,"19,290",75% bullish,of 4 ratings,$18
JAGX,NULL,1439997430271,0,Not yet rated,NULL,N/A
JAXB,NULL,1439997430297,0,100% bullish,of 1 rating,N/A
ERW,NULL,1439997430441,0,Not yet rated,NULL,N/A
JASN,$5.16,1439997430526,"4,900",50% bullish,of 2 ratings,$9.50
JASNW,$0.21,1439997430661,"2,000",50% bullish,of 2 ratings,N/A
JD,$26.279,1439997430767,"2,050,630",75% bullish,of 16 ratings,$36
JAZZ,$185.37,1439997430826,"73,351",80% bullish,of 15 ratings,$206.50
JTPY,$2.98,1439997431029,400,100% bearish,of 1 rating,N/A
JCTCF,NULL,1439997431058,0,100% bullish,of 1 rating,N/A
JBLU,$24,1439997431084,"1,010,557",94% bullish,of 16 ratings,$27
JIVE,$4.09,1439997431112,"75,153",75% bullish,of 4 ratings,$5
DATE,$6.55,1439997431140,"8,884",75% bullish,of 4 ratings,$9
JST,$4.3479,1439997431345,"7,050",75% bullish,of 4 ratings,N/A
WYIGU,$10.0434,1439997431404,"1,000",Not yet rated,NULL,N/A
JOEZ,$0.18,1439997431510,"25,844",92% bullish,of 12 ratings,N/A
JBSS,$47.994,1439997431569,"2,232",67% bearish,of 3 ratings,N/A
JOUT,$26.52,1439997431654,"2,525",100% bearish,of 1 rating,$34
JUNO,$39.98,1439997431814,"511,929",73% bullish,of 11 ratings,$71.50
JNP,$9.76,1439997431891,"4,695",100% bullish,of 3 ratings,$15
KALU,$83.62,1439997431957,"26,126",67% bearish,of 3 ratings,$91
KTWO,$21.73,1439997431982,"18,686",100% bearish,of 1 rating,$28.50
KMDA,NULL,1439997432018,0,50% bullish,of 2 ratings,$8
KBIO,$1.97,1439997432044,"7,790",50% bullish,of 4 ratings,N/A
KCLI,$47.66,1439997432308,"2,064",Not yet rated,NULL,N/A
KNDI,$8.28,1439997432360,"550,576",86% bullish,of 22 ratings,N/A
KBSF,NULL,1439997432444,0,100% bullish,of 1 rating,N/A
KPTI,$13.19,1439997432474,"111,508",67% bearish,of 3 ratings,$41
KCAP,$4.8,1439997432578,"11,697",75% bullish,of 4 ratings,$6
III,$4.25,1439997432722,"8,601",57% bullish,of 7 ratings,$6
KRNY,$11.73,1439997432754,"85,145",100% bearish,of 1 rating,$12
KELYA,$14.83,1439997432852,"17,466",67% bullish,of 6 ratings,$20
KELYB,NULL,1439997432888,0,50% bullish,of 2 ratings,N/A
KMPH,$21.37,1439997432955,"11,010",100% bearish,of 2 ratings,$22
KFFB,$8.71,1439997432986,"7,376",100% bearish,of 1 rating,N/A
GMCR,$49.78,1439997433012,"435,017",71% bullish,of 42 ratings,$64
KERX,$6.03,1439997433054,"178,905",82% bullish,of 11 ratings,$12
KTCC,$10.855,1439997433251,"20,375",100% bearish,of 1 rating,$15
KTEC,$12.0899,1439997433277,300,Not yet rated,NULL,N/A
KBAL,$11.22,1439997433535,"15,275",50% bullish,of 2 ratings,N/A
KEQU,$17.09,1439997433560,198,100% bullish,of 1 rating,N/A
KIN,$5.865,1439997433634,"2,509",50% bullish,of 2 ratings,$6.25
KE,$11.26,1439997433661,"2,978",67% bearish,of 3 ratings,$16
KONE,$4.28,1439997433796,208,Not yet rated,NULL,N/A
KINS,$8.588,1439997433898,"1,402",100% bullish,of 1 rating,N/A
KGJI,$0.8321,1439997433928,"119,800",89% bullish,of 9 ratings,N/A
KIRK,$26.3,1439997434031,"11,214",50% bullish,of 2 ratings,$32
KLAC,$49.74,1439997434066,"154,477",100% bearish,of 1 rating,$61.50
KITE,$54.96,1439997434088,"214,647",89% bullish,of 9 ratings,$85
KLXI,$38.23,1439997434166,"105,848",100% bearish,of 1 rating,$49
KZ,$7.13,1439997434318,"41,758",60% bearish,of 5 ratings,N/A
KONA,$20.4,1439997434363,"6,050",50% bullish,of 2 ratings,$28
