Symbol,Price,Date,Volume,Rating,RatingVoteCount,OneYearEstimate
FCCY,$11.74,1441141803008,"1,712",100% bullish,of 1 rating,$13
FLWS,$8.45,1441141803140,"354,905",80% bullish,of 5 ratings,$15
FCTY,$8,1441141803164,"1,848",100% bullish,of 1 rating,$8.50
SRCE,$28.94,1441141803331,"32,727",100% bullish,of 3 ratings,$33
VNET,$17.24,1441141803655,"505,249",60% bullish,of 5 ratings,$35
DGLD,$79.85,1441141803680,"9,453",100% bullish,of 1 rating,N/A
TWOU,$33.91,1441141803701,"191,608",50% bullish,of 2 ratings,$39
JOBS,$25.71,1441141803992,"119,763",50% bullish,of 4 ratings,$36
DSLV,$68.81,1441141804036,"8,775",100% bearish,of 1 rating,N/A
USLV,$12.45,1441141804166,"150,268",86% bullish,of 7 ratings,N/A
UGLD,$9.41,1441141804376,"200,966",100% bearish,of 1 rating,N/A
SIXD,$2.5,1441141804907,"144,060",Not yet rated,NULL,N/A
CAFD,$14.72,1441141805010,"134,640",Not yet rated,NULL,$25
EGHT,$7.62,1441141805194,"370,086",82% bullish,of 17 ratings,$11
AVHI,$13.86,1441141805396,"28,610",100% bearish,of 1 rating,$19
SHLM,$33.49,1441141805575,"103,995",100% bearish,of 1 rating,$47
AAON,$19.8,1441141805619,"89,123",100% bearish,of 1 rating,$24
ABGB,$5.62,1441141805983,"72,847",67% bullish,of 3 ratings,$5.50
ABY,$21.91,1441141806174,"592,169",100% bearish,of 2 ratings,$46
ABAX,$46.96,1441141806223,"170,701",100% bearish,of 1 rating,$60
ABEO,$4.64,1441141806306,"77,642",50% bullish,of 4 ratings,$15.50
ABEOW,$1.56,1441141806763,600,100% bullish,of 1 rating,N/A
AXAS,$1.74,1441141806932,"1,037,849",78% bullish,of 9 ratings,$3.50
ABMD,$92.78,1441141806966,"399,487",75% bullish,of 4 ratings,$100.50
ACTG,$8.98,1441141807320,"393,231",67% bullish,of 3 ratings,$18.50
ACHC,$71.25,1441141807418,"304,519",50% bullish,of 2 ratings,$92
ACAD,$35.91,1441141807444,"536,188",80% bullish,of 20 ratings,$48
XLRN,$28.3,1441141807687,"74,705",50% bullish,of 2 ratings,$57
ANCX,$19.85,1441141807718,"18,266",Not yet rated,NULL,$20
ACST,$0.3377,1441141807745,"9,301",100% bullish,of 2 ratings,N/A
AXDX,$19.29,1441141807776,"184,387",100% bearish,of 1 rating,N/A
TFSC,NULL,1441141807796,0,100% bearish,of 1 rating,N/A
ARAY,$6.65,1441141807825,"429,210",100% bearish,of 1 rating,$10.50
PIH,$7.55,1441141807878,"4,202",100% bearish,of 1 rating,N/A
TFSCU,NULL,1441141808047,0,Not yet rated,NULL,N/A
TFSCR,NULL,1441141808076,0,Not yet rated,NULL,N/A
ACET,$21.7,1441141808214,"69,983",75% bullish,of 4 ratings,$30
VXUP,$1.76,1441141808242,"97,794",100% bearish,of 1 rating,N/A
ACRX,$4.37,1441141808294,"241,120",67% bearish,of 6 ratings,$5.50
TFSCW,$0.26,1441141808397,"1,700",100% bearish,of 1 rating,N/A
VXDN,$1.7,1441141808427,"155,519",100% bearish,of 1 rating,N/A
AKAO,$6.74,1441141808490,"32,035",75% bullish,of 4 ratings,$15
ACHN,$7.09,1441141808523,"1,265,488",90% bullish,of 21 ratings,$16
ACOR,$31.77,1441141808628,"612,659",67% bearish,of 3 ratings,$38.50
ACNB,$20.37,1441141808649,"3,413",Not yet rated,NULL,N/A
ACTS,$1.66,1441141808680,"21,077",100% bearish,of 1 rating,N/A
ACIW,$20.79,1441141808729,"512,992",67% bearish,of 3 ratings,$24
ATVI,$27.86,1441141808875,"8,868,385",67% bullish,of 84 ratings,$31.50
ACPW,$1.92,1441141808912,"42,596",100% bullish,of 4 ratings,$3.25
ACTA,$13.83,1441141808934,"96,180",67% bearish,of 3 ratings,$25
ACUR,$2.97,1441141809007,"9,958",100% bullish,of 5 ratings,$5
ACXM,$20.43,1441141809032,"249,459",67% bullish,of 3 ratings,N/A
ADMP,$3.7,1441141809083,"15,441",50% bullish,of 2 ratings,$10
ADMS,$19.58,1441141809212,"42,250",100% bearish,of 2 ratings,$36
ADAP,$11.3,1441141809274,"82,690",67% bullish,of 3 ratings,$22
ADEP,$6.63,1441141809354,"78,783",50% bullish,of 2 ratings,$10.75
AEY,$2.39,1441141809390,"10,112",100% bearish,of 2 ratings,N/A
ADMA,$9.08,1441141809419,"5,888",Not yet rated,NULL,$19
ADUS,$28.55,1441141809439,"49,606",100% bearish,of 1 rating,$31
ADRO,$19.11,1441141809481,"188,743",80% bullish,of 5 ratings,$45.50
ADTN,$15.66,1441141809511,"278,905",67% bullish,of 3 ratings,$17.125
AEIS,$23.52,1441141809614,"158,659",50% bullish,of 2 ratings,$32.50
ADBE,$75.99,1441141809643,"1,859,001",65% bullish,of 17 ratings,$90
AMD,$1.71,1441141809674,"5,840,174",83% bullish,of 103 ratings,$2
ADXSW,$9.32,1441141809774,"8,876",100% bullish,of 1 rating,N/A
ADXS,$13.62,1441141809799,"489,628",64% bullish,of 14 ratings,$27
MULT,NULL,1441141809982,0,100% bearish,of 1 rating,N/A
AEGR,$17.21,1441141810011,"290,185",50% bullish,of 6 ratings,$26
YPRO,$23.0788,1441141810053,"1,721",100% bearish,of 1 rating,N/A
AMTX,$2.92,1441141810082,"8,412",50% bullish,of 2 ratings,$26.11
AEGN,$17.92,1441141810157,"103,465",100% bearish,of 2 ratings,$21
AEPI,$52.57,1441141810190,"9,761",100% bearish,of 1 rating,N/A
AERI,$15.2,1441141810216,"400,631",75% bullish,of 4 ratings,$31.50
AEHR,$2.29,1441141810297,"23,680",50% bullish,of 2 ratings,N/A
AVAV,$21.4,1441141810348,"108,760",50% bullish,of 4 ratings,$31
AEZS,$0.088,1441141810372,"5,852,500",90% bullish,of 21 ratings,$1.50
AEMD,$7.6,1441141810433,"17,166",Not yet rated,NULL,$27.50
AFMD,$10.11,1441141810518,"82,188",50% bullish,of 4 ratings,$15
AFFX,$8.97,1441141810562,"305,560",80% bullish,of 5 ratings,$12.50
AGRX,$8.42,1441141810651,"18,105",100% bearish,of 1 rating,$17.50
AGYS,$10.01,1441141810784,"27,148",100% bearish,of 1 rating,N/A
AGIO,$84.43,1441141810818,"175,239",88% bullish,of 8 ratings,$114
AGEN,$6.9,1441141810865,"527,555",85% bullish,of 13 ratings,$14
AIMT,$22.1,1441141810892,"108,393",Not yet rated,NULL,$35.50
AGFSW,$2,1441141810918,"5,200",100% bearish,of 2 ratings,N/A
AGFS,$9.75,1441141810939,"39,356",100% bearish,of 1 rating,N/A
AIRT,$22.64,1441141811071,588,100% bullish,of 1 rating,N/A
AIRM,$36,1441141811098,"244,177",80% bearish,of 5 ratings,$53
ATSG,$8.65,1441141811119,"189,406",67% bullish,of 3 ratings,$13
AIXG,$6.3,1441141811263,"4,508",67% bearish,of 3 ratings,$5.25
AKER,$2.59,1441141811407,540,Not yet rated,NULL,N/A
AKAM,$70.43,1441141811574,"1,289,946",63% bullish,of 8 ratings,$77.50
AMCN,$4.47,1441141811602,"115,443",83% bullish,of 6 ratings,N/A
AKBA,$7.47,1441141811629,"214,749",100% bearish,of 1 rating,$18
ALRM,$15.75,1441141811654,"247,583",100% bearish,of 1 rating,$22
AKRX,$38.61,1441141811685,"1,207,529",78% bullish,of 9 ratings,$56
ALSK,$2.22,1441141811791,"75,776",78% bullish,of 18 ratings,$2
ADHD,$8.09,1441141811927,"98,506",50% bullish,of 4 ratings,$18
ABDC,$12.89,1441141811955,"5,200",Not yet rated,NULL,$15
ALXN,$170.85,1441141811985,"1,575,585",88% bullish,of 8 ratings,$223
ALDX,$6.97,1441141812033,"4,567",100% bearish,of 1 rating,$14.50
ALXA,$1.17,1441141812090,"21,253",83% bullish,of 6 ratings,$2.125
AMRI,$19.6,1441141812117,"160,448",75% bearish,of 4 ratings,$24
ALDR,$38.54,1441141812142,"280,318",67% bearish,of 3 ratings,$62
ALGN,$53.94,1441141812295,"617,873",100% bearish,of 2 ratings,$73
ALCO,$41.66,1441141812321,"6,492",50% bullish,of 2 ratings,N/A
ALIM,$3.1,1441141812383,"90,260",80% bullish,of 5 ratings,$10
ALKS,$59.52,1441141812474,"859,847",67% bullish,of 3 ratings,$75
ALLB,$22.64,1441141812512,380,Not yet rated,NULL,N/A
ALGT,$195.79,1441141812542,"289,541",100% bearish,of 2 ratings,$235
AIQ,$13.91,1441141812607,"12,644",67% bullish,of 3 ratings,N/A
AHGP,$35.24,1441141812679,"100,779",67% bullish,of 3 ratings,N/A
AMOT,$17.8,1441141812754,"73,775",100% bearish,of 1 rating,N/A
ARLP,$25.35,1441141812781,"134,854",67% bearish,of 3 ratings,$32
AHPI,$1.46,1441141812808,828,50% bullish,of 2 ratings,N/A
AFOP,$18.54,1441141812836,"155,393",75% bullish,of 8 ratings,$21
ALQA,$4.68,1441141812969,"23,590",75% bullish,of 4 ratings,$8.50
AFAM,$43.99,1441141812998,"51,306",50% bullish,of 2 ratings,$44
ALLT,$5.11,1441141813020,"44,411",75% bullish,of 4 ratings,$6.25
MDRX,$13.29,1441141813104,"1,629,332",60% bullish,of 5 ratings,$16
AOSL,$7.35,1441141813184,"52,091",67% bullish,of 3 ratings,$9
ATEC,$0.58,1441141813376,"33,703",100% bullish,of 1 rating,$2
ASPS,$25.68,1441141813420,"172,294",67% bullish,of 3 ratings,$46.50
ALNY,$97.9,1441141813478,"527,508",67% bullish,of 3 ratings,$151.50
ALTR,$48.22,1441141813499,"2,240,582",80% bearish,of 5 ratings,$54
AIMC,$23.79,1441141813520,"87,734",100% bearish,of 2 ratings,$28.50
AMAG,$61.01,1441141813560,"451,737",100% bullish,of 2 ratings,$77.50
SMCP,$22.7,1441141813581,"2,988",Not yet rated,NULL,N/A
AMRN,$2.12,1441141813651,"957,229",85% bullish,of 39 ratings,$8
AMRK,$10.5,1441141813723,"2,012",50% bullish,of 2 ratings,$14
AYA,$20.42,1441141813755,"27,070",100% bearish,of 1 rating,$40
AMBCW,NULL,1441141813802,0,100% bearish,of 1 rating,N/A
AMBC,$15.96,1441141813859,"255,197",100% bearish,of 1 rating,$16.50
AMZN,$496.7,1441141813889,"1,950,767",81% bullish,of 265 ratings,$646
AMBA,$87.8,1441141813915,"3,050,112",83% bullish,of 12 ratings,$102.50
AMCX,$69.65,1441141813990,"381,667",67% bullish,of 3 ratings,$87.50
EPAX,$2.69,1441141814048,"45,161",100% bearish,of 1 rating,N/A
DOX,$56.23,1441141814078,"391,741",67% bearish,of 3 ratings,$60
AMED,$39.36,1441141814279,"338,825",100% bearish,of 1 rating,$42
AMDA,$0.47,1441141814315,"482,023",90% bullish,of 10 ratings,$1
ATAX,$5.29,1441141814340,"48,832",100% bullish,of 1 rating,$6.50
ASBI,$22.8,1441141814375,942,Not yet rated,NULL,N/A
AAL,$39.05,1441141814407,"10,209,699",93% bullish,of 88 ratings,$57
UHAL,$366.2,1441141814434,"18,180",100% bullish,of 2 ratings,$393.50
AMOV,$17.96,1441141814461,"2,610",100% bearish,of 1 rating,N/A
AGNC,$19.08,1441141814490,"2,093,221",71% bullish,of 28 ratings,$22
AGNCP,$25.33,1441141814693,"4,557",Not yet rated,NULL,N/A
AGNCB,$24.11,1441141814721,"17,471",Not yet rated,NULL,N/A
MTGE,$15.21,1441141814791,"436,552",75% bullish,of 4 ratings,$19.50
ACSF,$12.34,1441141814816,"41,963",100% bearish,of 1 rating,$15
MTGEP,$24,1441141814953,"1,070",Not yet rated,NULL,N/A
ACAS,$13.48,1441141815058,"751,131",60% bullish,of 5 ratings,$16.75
AETI,$3.55,1441141815094,"2,069",67% bearish,of 3 ratings,N/A
ANCI,$1.52,1441141815136,84,100% bearish,of 1 rating,N/A
AMIC,$9.96,1441141815161,12,100% bearish,of 1 rating,N/A
ANAT,$97.78,1441141815189,"38,053",100% bullish,of 1 rating,N/A
AMNB,$23.16,1441141815214,"8,364",Not yet rated,NULL,$25.50
APEI,$21.33,1441141815241,"70,327",100% bearish,of 1 rating,$25.50
ARII,$40.07,1441141815386,"176,373",67% bearish,of 3 ratings,$45
AMRB,$10.03,1441141815467,"5,005",Not yet rated,NULL,$11
ASEI,$38.14,1441141815498,"23,439",100% bearish,of 1 rating,$52.50
AMSWA,$8.69,1441141815526,"72,698",100% bearish,of 2 ratings,$10.75
AMWD,$64.79,1441141815574,"99,701",50% bullish,of 2 ratings,$70
AMSC,$4.99,1441141815598,"153,872",50% bullish,of 4 ratings,N/A
ASRVP,NULL,1441141815859,0,Not yet rated,NULL,N/A
AMSF,$45.79,1441141815885,"30,617",Not yet rated,NULL,$57.50
ASRV,$3.23,1441141815905,"14,161",100% bullish,of 2 ratings,N/A
CRMT,$35.88,1441141816110,"48,303",100% bearish,of 1 rating,$39
ATLO,$22.6,1441141816135,"10,688",Not yet rated,NULL,N/A
ABCB,$26.38,1441141816301,"71,650",Not yet rated,NULL,$31
AMGN,$148.25,1441141816343,"3,666,216",89% bullish,of 19 ratings,$185
FOLD,$14.29,1441141816435,"1,375,287",56% bullish,of 9 ratings,$21
ASYS,$5.45,1441141816467,"27,393",67% bullish,of 3 ratings,$12
AMKR,$5.06,1441141816488,"1,392,601",100% bearish,of 2 ratings,$5
AMPH,$13.28,1441141816509,"189,451",50% bullish,of 2 ratings,$20
AMSGP,$143.55,1441141816542,600,Not yet rated,NULL,N/A
AMSG,$76,1441141816570,"265,739",100% bearish,of 1 rating,$85.50
AFSI,$56.04,1441141816669,"374,347",60% bullish,of 5 ratings,$72
AMRS,$1.8,1441141816738,"94,605",70% bullish,of 10 ratings,N/A
ADI,$53.55,1441141816800,"2,138,914",75% bullish,of 4 ratings,$69
ANAC,$129.08,1441141816827,"318,897",80% bullish,of 5 ratings,$180.50
ALOG,$79.94,1441141816900,"69,509",100% bearish,of 2 ratings,$100.50
ANAD,$0.3203,1441141817034,"193,308",100% bullish,of 2 ratings,$.50
ANCB,$21.87,1441141817106,"14,902",Not yet rated,NULL,$23
ABCW,$40.05,1441141817167,"22,740",67% bullish,of 3 ratings,N/A
ANIP,$50.36,1441141817193,"181,826",89% bullish,of 19 ratings,$66
AMCF,$0.21,1441141817214,"14,570",100% bullish,of 7 ratings,N/A
ANGI,$5.09,1441141817248,"269,493",64% bullish,of 11 ratings,$5.50
ANGO,$14.56,1441141817269,"66,229",67% bullish,of 3 ratings,$19
ANIK,$34.75,1441141817398,"107,219",60% bullish,of 5 ratings,$51.25
ATRS,$1.81,1441141817426,"762,029",92% bullish,of 12 ratings,$4.50
ANSS,$86.57,1441141817453,"376,255",100% bearish,of 1 rating,$100
ANTH,$6.81,1441141817499,"468,604",80% bullish,of 10 ratings,$13
ABAC,$0.75,1441141817590,"7,528",100% bearish,of 1 rating,N/A
ATNY,$2.4,1441141817683,"3,674",50% bullish,of 2 ratings,$3.75
APIC,$6.28,1441141817719,"100,915",100% bearish,of 1 rating,$19
APOG,$50.09,1441141817752,"108,156",50% bullish,of 2 ratings,$67
APPF,$15.22,1441141817851,"34,201",50% bullish,of 2 ratings,$22
APOL,$10.81,1441141817881,"958,442",87% bearish,of 68 ratings,$14
AAPL,$107.8,1441141817917,"44,251,523",86% bullish,of 2359 ratings,$150
AINV,$6.31,1441141817979,"1,175,531",50% bullish,of 4 ratings,$8
ARCI,$1.14,1441141818019,"6,920",Not yet rated,NULL,N/A
APDN,$3.52,1441141818081,"69,430",Not yet rated,NULL,$9
AGTC,$15.6,1441141818151,"44,279",50% bullish,of 2 ratings,$33
AMAT,$15.49,1441141818182,"11,393,567",82% bullish,of 11 ratings,$23
AMCC,$5.65,1441141818234,"332,081",80% bullish,of 5 ratings,$8
APDNW,$1.49,1441141818318,"14,180",Not yet rated,NULL,N/A
AREX,$2.3,1441141818366,"1,632,874",50% bullish,of 2 ratings,$3
APRI,$1.78,1441141818450,"764,388",83% bullish,of 6 ratings,$4.86
AAOI,$19.68,1441141818498,"252,003",50% bullish,of 4 ratings,$26
APTO,$5.5,1441141818527,"1,154",Not yet rated,NULL,$17
AQMS,$4.85,1441141818630,"10,646",Not yet rated,NULL,N/A
AQXP,$16.7,1441141818657,"125,920",50% bullish,of 2 ratings,$2
AUMA,$9.9,1441141818683,700,Not yet rated,NULL,N/A
AUMAU,NULL,1441141818816,0,Not yet rated,NULL,N/A
AUMAW,$0.25,1441141818850,200,Not yet rated,NULL,N/A
PETX,$17.49,1441141818888,"195,488",100% bearish,of 2 ratings,$26
ABUS,$6.76,1441141818949,"305,379",86% bullish,of 14 ratings,$23
ARDM,$6.87,1441141818984,"1,880",100% bullish,of 1 rating,$26
ARCW,$3.55,1441141819059,"6,143",100% bearish,of 2 ratings,$10.50
ABIO,$0.9235,1441141819189,"31,611",50% bullish,of 2 ratings,$3.75
RKDA,$6.38,1441141819216,"14,058",100% bearish,of 2 ratings,$10
ARCB,$27.61,1441141819247,"183,624",67% bearish,of 3 ratings,$39.50
ACGL,$67.58,1441141819277,"579,842",50% bullish,of 2 ratings,$72
ACAT,$25.61,1441141819347,"74,805",100% bearish,of 3 ratings,$33
ARDX,$18.9,1441141819373,"66,287",50% bullish,of 2 ratings,$24.50
ARCC,$15.5,1441141819435,"1,363,489",67% bearish,of 3 ratings,$17.75
ARNA,$2.56,1441141819461,"1,634,862",90% bullish,of 78 ratings,$5.50
AGIIL,$25.35,1441141819590,"3,589",Not yet rated,NULL,N/A
ARGS,$6.24,1441141819616,"37,742",50% bullish,of 2 ratings,$19.50
ARIA,$9.1,1441141819637,"3,716,463",87% bullish,of 46 ratings,$9
AGII,$54.99,1441141819671,"109,036",Not yet rated,NULL,$59.50
ARIS,$3.68,1441141819697,"10,610",Not yet rated,NULL,$4.50
ARKR,$25.3,1441141819769,340,50% bullish,of 2 ratings,N/A
ARMH,$41.26,1441141819899,"855,941",54% bearish,of 13 ratings,$60
ARWAR,NULL,1441141819995,0,Not yet rated,NULL,N/A
ARTX,$1.47,1441141820028,"140,644",88% bullish,of 16 ratings,$4.50
ARWAU,$10.2,1441141820083,400,100% bullish,of 1 rating,N/A
ARWA,NULL,1441141820109,0,Not yet rated,NULL,N/A
ARWAW,NULL,1441141820136,0,Not yet rated,NULL,N/A
ARQL,$1.66,1441141820235,"89,101",75% bullish,of 4 ratings,$5
ARRY,$5.66,1441141820260,"2,241,201",100% bullish,of 7 ratings,$10
DWAT,$9.74,1441141820334,"9,200",100% bearish,of 1 rating,N/A
AROW,$26.71,1441141820394,"21,357",Not yet rated,NULL,N/A
ARRS,$25.6,1441141820428,"968,877",50% bullish,of 2 ratings,$38
ARTNA,$21.74,1441141820459,"16,925",100% bearish,of 1 rating,$29
ARTW,$3.96,1441141820485,"12,782",75% bearish,of 4 ratings,N/A
ARWR,$5.66,1441141820506,"490,505",75% bullish,of 4 ratings,$10.50
ASBB,$24.79,1441141820638,284,Not yet rated,NULL,N/A
ASNA,$12.03,1441141820765,"1,571,184",50% bullish,of 2 ratings,$18
ASND,$19.31,1441141820857,"108,667",50% bullish,of 2 ratings,$30
APWC,$1.72,1441141820884,200,100% bearish,of 1 rating,N/A
ASTI,$0.21,1441141820916,"16,444,014",83% bullish,of 6 ratings,$3
ASMI,NULL,1441141820954,0,NULL,NULL,NULL
ASCMA,$27.61,1441141821015,"71,664",100% bearish,of 1 rating,$45
ASML,$89.16,1441141821050,"539,156",50% bullish,of 4 ratings,$127
ASFI,$8.88,1441141821088,"9,888",100% bullish,of 1 rating,N/A
ASTE,$38.35,1441141821143,"64,185",100% bearish,of 1 rating,$49
AZPN,$37.22,1441141821174,"466,990",50% bullish,of 2 ratings,$42
ALOT,$13.38,1441141821224,"1,696",100% bearish,of 1 rating,N/A
ATRO,$49.25,1441141821281,"69,307",100% bearish,of 2 ratings,$80
ASMB,$13.62,1441141821380,"46,295",67% bullish,of 3 ratings,N/A
ASTC,$2.1,1441141821439,"23,154",100% bullish,of 5 ratings,N/A
ASUR,$5.55,1441141821511,"5,214",50% bullish,of 2 ratings,$8
ATAI,$2.46,1441141821575,"34,360",100% bearish,of 1 rating,N/A
ATRA,$39.12,1441141821664,"105,172",50% bullish,of 2 ratings,$68
AFCB,NULL,1441141821798,0,Not yet rated,NULL,N/A
ATHN,$130.03,1441141821822,"143,440",67% bearish,of 3 ratings,$153
AAWW,$38.4,1441141821967,"356,584",50% bullish,of 2 ratings,$65
ATNI,$71.28,1441141821997,"49,919",100% bearish,of 1 rating,$69.50
AAPC,$10.1,1441141822096,16,Not yet rated,NULL,N/A
AAME,$3.59,1441141822130,"1,697",Not yet rated,NULL,N/A
ATHX,$1.13,1441141822160,"95,712",89% bullish,of 9 ratings,$5
ATLC,$3.97,1441141822289,"19,911",67% bullish,of 3 ratings,N/A
ACFC,$5.42,1441141822315,"36,413",100% bearish,of 1 rating,$6.50
ATML,$7.88,1441141822339,"8,420,374",78% bullish,of 9 ratings,$9.50
AFH,$16,1441141822364,"48,628",Not yet rated,NULL,$21.50
ATOS,$0.76,1441141822550,"33,819",100% bullish,of 7 ratings,$7
ATTU,$13.06,1441141822606,"55,754",100% bearish,of 1 rating,$20.50
ATRM,$2.72,1441141822646,500,50% bullish,of 2 ratings,N/A
ATRC,$23.97,1441141822672,"108,171",100% bullish,of 1 rating,$30
AUBN,$26.8,1441141822738,"1,913",Not yet rated,NULL,N/A
LIFE,$14.08,1441141822772,"42,881",86% bullish,of 7 ratings,$43
AUPH,$3.5,1441141822813,"53,926",100% bearish,of 1 rating,$8
AUDC,$3.27,1441141822867,"54,959",80% bullish,of 5 ratings,$5
ATRI,$378.12,1441141822896,"3,186",Not yet rated,NULL,N/A
EARS,$4.6,1441141823001,"14,673",100% bearish,of 2 ratings,$11
ADAT,$0.285,1441141823098,"98,797",100% bullish,of 2 ratings,N/A
ABTL,$17.66,1441141823127,"51,782",100% bullish,of 4 ratings,$20.25
ADSK,$45.49,1441141823301,"2,956,109",67% bullish,of 6 ratings,$66
AVGO,$119,1441141823386,"2,769,988",88% bullish,of 8 ratings,$165
AVEO,$1.36,1441141823417,"548,554",75% bullish,of 8 ratings,$3
AVNU,$12.79,1441141823492,"14,951",Not yet rated,NULL,$14
AAVL,$10.24,1441141823526,"213,841",100% bearish,of 1 rating,$20
ADP,$75.1,1441141823552,"1,734,506",100% bearish,of 1 rating,$88
AVNW,$1.2,1441141823623,"32,389",50% bullish,of 2 ratings,N/A
CAR,$42.72,1441141823648,"980,611",80% bullish,of 5 ratings,$60
AVGR,$14.79,1441141823678,"15,267",100% bearish,of 1 rating,$20
AVID,$8.23,1441141823708,"340,232",100% bearish,of 1 rating,$20
AWRE,$3.25,1441141823812,"9,117",67% bullish,of 3 ratings,N/A
ACLS,$3.16,1441141823839,"368,334",67% bullish,of 6 ratings,$4.75
AXGN,$4.7,1441141824003,"51,157",Not yet rated,NULL,$5
AXPW,$1.84,1441141824028,"1,822,065",86% bullish,of 7 ratings,N/A
AXTI,$2.17,1441141824064,"16,218",50% bullish,of 2 ratings,$2.75
AXPWW,$1.01,1441141824089,142,Not yet rated,NULL,N/A
BCOM,NULL,1441141824162,0,100% bearish,of 1 rating,N/A
BOSC,$2.1501,1441141824189,200,50% bullish,of 2 ratings,N/A
RILY,$9.78,1441141824219,402,Not yet rated,NULL,N/A
BIDU,$144,1441141824324,"2,484,325",81% bullish,of 88 ratings,$210
BCPC,$57.71,1441141824379,"96,858",100% bearish,of 1 rating,$75
BANF,$58.01,1441141824461,"18,819",Not yet rated,NULL,$68
BLDP,$1.35,1441141824490,"234,519",91% bullish,of 22 ratings,$2.50
BWINA,NULL,1441141824518,0,Not yet rated,NULL,N/A
BWINB,$22.43,1441141824539,"8,866",Not yet rated,NULL,N/A
BEAV,$47.63,1441141824576,"970,415",67% bearish,of 3 ratings,$59
BANFP,NULL,1441141824670,0,Not yet rated,NULL,N/A
BKMU,$7,1441141824701,"72,560",Not yet rated,NULL,$8
BMRC,$47.95,1441141824819,"8,729",Not yet rated,NULL,$52
BKSC,$16.94,1441141824881,272,Not yet rated,NULL,N/A
BOCH,$5.75,1441141824958,"7,505",Not yet rated,NULL,$6.50
BFIN,$12.16,1441141824989,"20,426",Not yet rated,NULL,$13
BOTJ,$10.99,1441141825010,175,Not yet rated,NULL,N/A
OZRK,$39.48,1441141825062,"659,086",67% bullish,of 3 ratings,$49.50
BANR,$42.93,1441141825145,"71,508",100% bullish,of 3 ratings,$50
BWFG,$18.19,1441141825178,852,100% bearish,of 1 rating,N/A
BZUN,$4.89,1441141825199,"134,169",50% bullish,of 2 ratings,$11.50
BHAC,$9.82,1441141825230,780,Not yet rated,NULL,N/A
TAPR,$32.58,1441141825287,650,100% bearish,of 1 rating,N/A
BHACR,NULL,1441141825466,0,Not yet rated,NULL,N/A
BHACW,NULL,1441141825493,0,Not yet rated,NULL,N/A
BSET,$28.21,1441141825519,"49,469",100% bearish,of 1 rating,$35
BHACU,NULL,1441141825545,0,Not yet rated,NULL,N/A
BBSI,$34.25,1441141825574,"35,651",67% bearish,of 3 ratings,$62.50
BYBK,$5.06,1441141825671,"1,739",100% bearish,of 1 rating,N/A
BBCN,$13.885,1441141825719,"248,278",100% bearish,of 1 rating,$16
BYLK,$13.01,1441141825775,"18,222",Not yet rated,NULL,$14
BCBP,$11.54,1441141825800,"1,240",Not yet rated,NULL,N/A
BV,$5.18,1441141825827,"408,816",67% bullish,of 6 ratings,$9
BDCV,$4.95,1441141825855,"8,078",100% bearish,of 1 rating,$10.19
BSF,$8.34,1441141826016,"11,825",Not yet rated,NULL,N/A
BECN,$35.12,1441141826044,"171,049",50% bullish,of 2 ratings,$40
BEBE,$1.27,1441141826069,"472,649",75% bullish,of 4 ratings,$2.125
BBBY,$60.86,1441141826120,"1,387,905",71% bullish,of 7 ratings,$75
BBGI,$4.24,1441141826214,797,100% bearish,of 1 rating,N/A
BELFA,$15.05,1441141826277,234,100% bearish,of 1 rating,N/A
BLPH,$4.33,1441141826340,"35,780",100% bearish,of 1 rating,$12.50
BNCL,$12.27,1441141826379,"378,651",100% bullish,of 3 ratings,$12.50
BLCM,$16.48,1441141826404,"84,440",50% bullish,of 4 ratings,$40
BELFB,$17.53,1441141826429,"29,577",100% bearish,of 1 rating,N/A
BNTC,$7.66,1441141826454,"7,575",100% bullish,of 1 rating,N/A
BGCP,$8.71,1441141826588,"926,006",88% bullish,of 8 ratings,$14
BNFT,$35.64,1441141826617,"128,147",67% bullish,of 3 ratings,$46
BGMD,$0.679,1441141826766,"78,368",100% bullish,of 10 ratings,N/A
ORPN,$5.74,1441141826900,"7,111",100% bullish,of 1 rating,$28.50
BGFV,$11.06,1441141826935,"120,651",57% bullish,of 7 ratings,$12
BCDA,NULL,1441141827067,0,Not yet rated,NULL,N/A
BIOD,$0.7107,1441141827173,"159,820",80% bullish,of 5 ratings,$4
BIOC,$1.975,1441141827207,"93,497",83% bullish,of 6 ratings,$3.85
BCRX,$11.22,1441141827238,"3,135,635",63% bullish,of 8 ratings,$18
BASI,$1.69,1441141827263,"2,959",Not yet rated,NULL,N/A
BIND,$4.73,1441141827304,"93,123",75% bullish,of 4 ratings,$13.50
BDSI,$6.44,1441141827334,"810,372",88% bullish,of 8 ratings,$17
BIIB,$292.5,1441141827366,"1,444,243",88% bullish,of 16 ratings,$400
BLRX,$1.5,1441141827436,"104,062",100% bullish,of 12 ratings,$5
BMRN,$124.63,1441141827462,"729,320",80% bullish,of 5 ratings,$160
BVXV,$3.47,1441141827690,"5,870",Not yet rated,NULL,N/A
BPTH,$1.23,1441141827770,"366,559",100% bullish,of 2 ratings,$5
BRLI,NULL,1441141827799,0,NULL,NULL,NULL
BLFS,$2.4,1441141827847,"427,784",100% bearish,of 1 rating,$4.75
BIOL,$1.55,1441141827872,"27,701",Not yet rated,NULL,N/A
BVXVW,$0.75,1441141827904,"4,900",100% bearish,of 1 rating,N/A
BBC,$30.5,1441141827925,"14,277",Not yet rated,NULL,N/A
BIOS,$2.38,1441141828003,"782,142",71% bullish,of 7 ratings,$4
BOTA,$2.19,1441141828135,"31,243",88% bullish,of 8 ratings,N/A
BSTC,$47.78,1441141828162,"24,481",100% bearish,of 1 rating,$76
BEAT,$14.41,1441141828194,"403,590",67% bearish,of 3 ratings,$15
TECH,$91.95,1441141828225,"119,794",100% bullish,of 1 rating,$117
BSPM,$0.69,1441141828246,"25,775",50% bullish,of 2 ratings,N/A
BBP,$31.78,1441141828278,"25,755",Not yet rated,NULL,N/A
BITI,$17.02,1441141828322,"8,186",100% bullish,of 1 rating,$28
BBRY,$7.34,1441141828725,"2,660,458",61% bullish,of 330 ratings,$9
BDMS,$12.86,1441141828763,20,100% bearish,of 1 rating,N/A
BDE,$7.09,1441141828785,"110,143",50% bullish,of 2 ratings,$9
BJRI,$43.21,1441141828805,"152,582",50% bullish,of 2 ratings,$55
BLKB,$55.56,1441141828838,"132,090",100% bearish,of 2 ratings,$66
BKCC,$9.28,1441141828869,"159,478",50% bullish,of 2 ratings,$10
HAWK,$38.02,1441141828890,"337,287",91% bullish,of 11 ratings,$49
BBOX,$14.77,1441141828911,"70,603",100% bearish,of 1 rating,N/A
ADRD,$21.32,1441141829046,"87,183",100% bearish,of 1 rating,N/A
ADRA,$26.12,1441141829076,"9,222",100% bearish,of 1 rating,N/A
ADRE,$28.85,1441141829101,"3,912",100% bearish,of 1 rating,N/A
ADRU,$21.1812,1441141829137,100,100% bearish,of 1 rating,N/A
BLMN,$20.55,1441141829177,"1,856,553",83% bullish,of 6 ratings,$27.50
BCOR,$13.44,1441141829236,"229,982",57% bullish,of 7 ratings,$15
BLBD,$11.81,1441141829336,"8,376",Not yet rated,NULL,N/A
BBLU,$0.78,1441141829471,"68,118",100% bullish,of 2 ratings,$4.43
BUFF,$24.41,1441141829532,"580,983",83% bullish,of 12 ratings,$31.50
BHBK,$13.54,1441141829565,"72,543",100% bullish,of 1 rating,$14.50
BLUE,$128.86,1441141829596,"316,236",71% bullish,of 7 ratings,$217.50
BKEP,$6.14,1441141829664,"13,335",100% bearish,of 1 rating,$8.50
BNCN,$20.53,1441141829690,"74,206",Not yet rated,NULL,$24
NILE,$33.61,1441141829718,"60,761",50% bullish,of 2 ratings,$34
BPMC,$27.53,1441141829748,"60,076",50% bullish,of 2 ratings,$47.50
BOBE,$45.35,1441141829857,"222,064",75% bullish,of 4 ratings,$57
BOFI,$109.56,1441141829888,"254,103",100% bullish,of 6 ratings,$144
WIFI,$7.37,1441141829910,"155,743",50% bullish,of 2 ratings,$13.50
BKEPP,$7.47,1441141829993,"1,800",100% bearish,of 1 rating,N/A
BOJA,$20.79,1441141830038,"99,215",100% bullish,of 1 rating,$30
BOKF,$60.55,1441141830068,"247,422",100% bearish,of 1 rating,$69
BONA,$11.33,1441141830126,"120,944",75% bullish,of 4 ratings,$8.50
BNSO,$1.31,1441141830169,"2,000",100% bearish,of 1 rating,N/A
BAMM,$3.17,1441141830256,"10,506",60% bullish,of 5 ratings,N/A
BPFHW,NULL,1441141830303,0,100% bearish,of 1 rating,N/A
BPFHP,$25,1441141830427,"2,980",100% bearish,of 1 rating,N/A
BPFH,$11.4,1441141830463,"408,364",100% bearish,of 1 rating,$14
EPAY,$26.24,1441141830492,"113,594",100% bearish,of 2 ratings,$30
BBRG,$12.15,1441141830532,"76,064",67% bullish,of 3 ratings,$14.50
BBEP,$2.66,1441141830559,"2,337,835",69% bullish,of 13 ratings,$5.625
BCLI,$3.04,1441141830586,"30,033",80% bullish,of 5 ratings,$12
BLIN,$1.38,1441141830768,752,100% bullish,of 2 ratings,$2.20
BBEPP,$14.17,1441141830796,"43,405",100% bearish,of 1 rating,N/A
BDBD,$8.34,1441141830826,"684,945",60% bullish,of 5 ratings,$10
BDGE,$26.12,1441141830850,"18,711",Not yet rated,NULL,$31.75
BCOV,$5.13,1441141830882,"89,147",67% bullish,of 3 ratings,$10.20
BRID,$8.8,1441141830903,"1,081",100% bearish,of 1 rating,N/A
BSFT,$31.65,1441141831041,"148,696",57% bullish,of 7 ratings,$40.50
BRCM,$49.88,1441141831071,"4,975,103",69% bullish,of 13 ratings,$56
BWEN,$3.12,1441141831172,"14,633",75% bullish,of 4 ratings,$8
BVSN,$6.03,1441141831204,"2,358",60% bearish,of 5 ratings,N/A
BYFC,$1.44,1441141831229,"1,108",50% bullish,of 2 ratings,N/A
BRCD,$10.23,1441141831303,"3,256,190",92% bullish,of 13 ratings,$11.50
BMTC,$28.67,1441141831435,"43,488",Not yet rated,NULL,$34
BLMT,$20.69,1441141831468,"10,513",Not yet rated,NULL,N/A
BRKS,$10.11,1441141831498,"185,660",67% bullish,of 3 ratings,$15.25
BRKR,$17.83,1441141831523,"354,155",100% bearish,of 2 ratings,$22
BRKL,$10.1,1441141831566,"407,388",100% bearish,of 1 rating,$10.75
BSQR,$6.03,1441141831592,"35,504",67% bullish,of 3 ratings,N/A
BWLD,$191.05,1441141831806,"288,849",82% bullish,of 11 ratings,$205
BUR,$1.85,1441141831831,"4,900",100% bearish,of 1 rating,$8
CHRW,$66,1441141831869,"1,114,481",Not yet rated,NULL,$72
BLDR,$14.6,1441141831896,"694,632",67% bullish,of 3 ratings,$22
CFFI,$35.97,1441141831917,911,100% bearish,of 1 rating,N/A
CA,$26.52,1441141831938,"4,289,148",50% bullish,of 4 ratings,$33
CCMP,$41.88,1441141832125,"56,340",50% bullish,of 2 ratings,$59
CZR,$9.04,1441141832164,"617,802",60% bearish,of 5 ratings,$10.50
CDNS,$19.72,1441141832186,"1,570,036",75% bullish,of 4 ratings,$22.50
CACQ,$7.17,1441141832217,"62,648",100% bearish,of 1 rating,$12.25
PRSS,$4.41,1441141832245,"19,020",80% bullish,of 5 ratings,$4.50
CLBS,$1.7,1441141832278,"337,840",79% bullish,of 14 ratings,$4
CSTE,$38.9,1441141832299,"120,914",50% bullish,of 2 ratings,$65
CDZI,$8.01,1441141832380,"21,089",100% bearish,of 1 rating,N/A
CLMS,$10.05,1441141832470,"57,325",Not yet rated,NULL,$10.50
CHI,$10.44,1441141832598,"236,391",100% bearish,of 1 rating,N/A
CHY,$11.22,1441141832623,"295,649",Not yet rated,NULL,N/A
CCD,$18.9,1441141832648,"144,555",Not yet rated,NULL,N/A
CFGE,$10.34,1441141832687,120,Not yet rated,NULL,N/A
CHW,$7.38,1441141832816,"122,524",100% bearish,of 1 rating,N/A
CAMP,$16.04,1441141832843,"351,794",88% bullish,of 8 ratings,$25
CGO,$11.88,1441141832879,"23,881",100% bearish,of 1 rating,N/A
CVGW,$56.42,1441141832914,"75,510",50% bullish,of 2 ratings,$62
CALA,$5.51,1441141832979,"217,475",100% bullish,of 3 ratings,$19.50
CFNB,$13.3,1441141833007,195,100% bearish,of 1 rating,N/A
CALD,$15.72,1441141833039,"377,704",100% bearish,of 1 rating,$21
CSQ,$9.64,1441141833062,"345,929",Not yet rated,NULL,N/A
CALM,$51.72,1441141833142,"467,365",80% bullish,of 5 ratings,$63.50
CAMBU,NULL,1441141833348,0,100% bearish,of 1 rating,N/A
CAMB,$9.95,1441141833381,"2,784",Not yet rated,NULL,N/A
CLMT,$25.32,1441141833403,"160,449",75% bullish,of 8 ratings,$31
ABCD,$5.02,1441141833431,"87,596",83% bullish,of 6 ratings,N/A
CAC,$40.03,1441141833487,"12,330",Not yet rated,NULL,N/A
CAMBW,NULL,1441141833511,0,Not yet rated,NULL,N/A
CSIQ,$18,1441141833637,"1,274,800",86% bullish,of 28 ratings,$42.50
CBNJ,$11.04,1441141833671,"17,633",100% bearish,of 1 rating,N/A
CGIX,$9.47,1441141833702,"12,533",67% bullish,of 3 ratings,$14.375
CPLA,$47.75,1441141833773,"68,462",67% bearish,of 3 ratings,$65
CAMT,$2.6,1441141833802,"23,429",73% bullish,of 11 ratings,$4
CBF,$29.75,1441141833831,"162,666",Not yet rated,NULL,$32
CPHC,$10.42,1441141833860,49,100% bearish,of 1 rating,N/A
CCBG,$14.96,1441141833881,"23,104",Not yet rated,NULL,$17.25
CPLP,$6.99,1441141834016,"181,772",71% bullish,of 7 ratings,$11
CSWC,$44.91,1441141834148,"15,315",Not yet rated,NULL,N/A
CPTA,$13.72,1441141834176,"30,285",100% bearish,of 1 rating,$18.50
CFFN,$11.74,1441141834284,"874,817",Not yet rated,NULL,$12.75
CAPNW,NULL,1441141834317,0,Not yet rated,NULL,N/A
CPST,$0.39,1441141834343,"705,967",95% bullish,of 22 ratings,$1.25
CAPR,$4.47,1441141834387,"14,961",Not yet rated,NULL,$12
CARA,$18.55,1441141834419,"137,375",50% bullish,of 4 ratings,$25
CBYL,$5.08,1441141834472,"17,029",100% bearish,of 1 rating,$20
CAPN,$2.21,1441141834502,"71,298",100% bullish,of 1 rating,$10.85
CARB,$11.1,1441141834523,"92,798",75% bullish,of 4 ratings,$12
CRDC,$0.34,1441141834613,"226,471",100% bullish,of 1 rating,$1.25
CFNL,$21.63,1441141834650,"80,425",Not yet rated,NULL,$24
CSII,$23.27,1441141834750,"360,593",100% bearish,of 2 ratings,$42.125
CRME,$8.9,1441141834778,"10,788",89% bullish,of 9 ratings,$11.25
CATM,$33.76,1441141834803,"311,999",100% bearish,of 1 rating,$44
CDNA,$6.98,1441141835013,"4,213",100% bearish,of 1 rating,$9
CLBH,$12.6,1441141835052,"3,552",Not yet rated,NULL,$16.50
CECO,$3.61,1441141835142,"209,511",67% bearish,of 3 ratings,$6
CTRE,$10.87,1441141835169,"219,197",50% bullish,of 2 ratings,$13.50
CARO,$15.19,1441141835190,"5,738",100% bearish,of 1 rating,$19
CKEC,$23.26,1441141835211,"157,724",50% bullish,of 2 ratings,$35.915
TAST,$12.73,1441141835509,"132,291",Not yet rated,NULL,$14.25
CRZO,$34.04,1441141835537,"1,071,977",67% bearish,of 3 ratings,$54.50
CART,$5.35,1441141835585,430,100% bearish,of 1 rating,N/A
CARV,$5.8101,1441141835713,100,50% bullish,of 2 ratings,N/A
CRTN,$2.5,1441141835741,788,100% bearish,of 1 rating,N/A
CASM,$1.17,1441141835772,"45,784",100% bullish,of 1 rating,$3.50
CACB,$5.26,1441141835814,"50,096",Not yet rated,NULL,$5.50
CSCD,$14.93,1441141835920,"20,035",100% bullish,of 2 ratings,$17
CASY,$104.91,1441141835947,"204,776",50% bullish,of 2 ratings,$99.50
CWST,$6,1441141836007,"74,473",50% bullish,of 2 ratings,$7.25
CASI,$1.4,1441141836167,"4,190",100% bullish,of 1 rating,$3.50
CASS,$47.5,1441141836200,"17,467",100% bearish,of 1 rating,N/A
CATB,$10.68,1441141836271,"16,615",100% bearish,of 1 rating,$28
CATY,$28.41,1441141836296,"451,935",100% bearish,of 1 rating,$33.50
CATYW,NULL,1441141836320,0,100% bearish,of 1 rating,N/A
CPRX,$3.66,1441141836345,"360,423",71% bullish,of 7 ratings,$7
CBFV,$21.42,1441141836534,"3,870",Not yet rated,NULL,$25
CVCO,$71,1441141836581,"27,437",100% bearish,of 1 rating,N/A
CNLM,NULL,1441141836817,0,Not yet rated,NULL,N/A
CAVM,$65.83,1441141836846,"310,485",67% bearish,of 3 ratings,$72
CNLMU,NULL,1441141836948,0,100% bullish,of 1 rating,N/A
CNLMR,$0.34,1441141836975,114,Not yet rated,NULL,N/A
CNLMW,$0.3,1441141837326,"5,399",Not yet rated,NULL,N/A
CBOE,$62.58,1441141837423,"336,846",Not yet rated,NULL,$60
CDK,$47.79,1441141837616,"515,464",67% bearish,of 3 ratings,$50
CLDX,$14.34,1441141837784,"796,205",89% bullish,of 9 ratings,$36
CDW,$38.41,1441141837812,"540,589",75% bullish,of 4 ratings,$44
CELG,$115.46,1441141837843,"4,483,795",92% bullish,of 13 ratings,$155.50
CELGZ,$1.76,1441141837864,"10,400",80% bullish,of 5 ratings,N/A
CPXX,$2.23,1441141837895,"75,519",100% bullish,of 2 ratings,$7
CLDN,$1.15,1441141837943,"163,132",71% bullish,of 7 ratings,$3
CLRB,$3.09,1441141838034,"3,670",100% bearish,of 1 rating,N/A
CECE,$9.25,1441141838076,"72,031",50% bullish,of 2 ratings,$16
CBMG,$22.89,1441141838179,"67,411",50% bullish,of 2 ratings,N/A
CLLS,$32.71,1441141838204,"54,955",75% bullish,of 4 ratings,$51.50
CLRBW,NULL,1441141838228,0,Not yet rated,NULL,N/A
CLSN,$2.04,1441141838260,"33,217",80% bullish,of 10 ratings,$7.50
CYAD,$46.53,1441141838485,"1,360",100% bullish,of 1 rating,$87.50
CLTX,$2.48,1441141838551,"121,167",100% bullish,of 2 ratings,N/A
CEMP,$33.43,1441141838621,"339,871",71% bullish,of 7 ratings,$52
CSFL,$13.36,1441141838683,"111,387",Not yet rated,NULL,$15
CETV,$2.1,1441141838814,"75,032",67% bullish,of 3 ratings,$2.80
CETX,$2.46,1441141838874,"30,001",Not yet rated,NULL,$5.60
CFBK,$1.36,1441141838905,870,Not yet rated,NULL,N/A
CENT,$12.47,1441141839011,"58,692",Not yet rated,NULL,$10
CENTA,$12.85,1441141839069,"184,625",Not yet rated,NULL,N/A
CNBKA,$40.42,1441141839166,"3,378",50% bullish,of 2 ratings,N/A
CVCY,$11.42,1441141839275,"2,200",Not yet rated,NULL,$12
CENX,$5.29,1441141839302,"1,810,723",67% bullish,of 6 ratings,$9
CERE,$1.07,1441141839327,"278,623",88% bullish,of 8 ratings,N/A
CRNT,$1.44,1441141839353,"97,206",50% bullish,of 2 ratings,$2
CNTY,$5.86,1441141839374,"9,079",80% bullish,of 5 ratings,$7.75
CPHD,$47,1441141839404,"432,838",67% bearish,of 3 ratings,$66.50
CERN,$59.87,1441141839542,"1,682,969",67% bullish,of 3 ratings,$79
CERU,$4.32,1441141839598,"43,089",75% bullish,of 4 ratings,$14
CERS,$4.72,1441141839690,"378,432",75% bullish,of 4 ratings,$7
CYOU,$19.05,1441141839777,"117,382",50% bullish,of 6 ratings,$24
KOOL,$0.69,1441141839805,"65,727",100% bullish,of 5 ratings,$7
CEVA,$18.84,1441141839826,"71,655",100% bearish,of 1 rating,$25
HOTR,$1.45,1441141839882,"179,366",100% bullish,of 2 ratings,$5
HOTRW,NULL,1441141840119,0,Not yet rated,NULL,N/A
CTHR,$1.29,1441141840183,"7,591",50% bullish,of 2 ratings,$2.50
GTLS,$23.63,1441141840214,"341,357",50% bullish,of 4 ratings,$40
CHFN,$12.34,1441141840240,"18,648",Not yet rated,NULL,$14
CHKP,$77.24,1441141840399,"1,269,255",50% bullish,of 4 ratings,$92
CHTR,$177.76,1441141840426,"906,693",100% bearish,of 2 ratings,$202
CHEK,$2.06,1441141840459,"2,476",Not yet rated,NULL,$7.75
CHEKW,NULL,1441141840489,0,Not yet rated,NULL,N/A
CCXI,$6.19,1441141840565,"76,759",67% bullish,of 3 ratings,$14
CHFC,$30.8,1441141840598,"53,287",100% bearish,of 1 rating,$36
CEMI,$4.2,1441141840621,"15,444",50% bullish,of 2 ratings,$7.50
CHMG,$26.51,1441141840653,816,Not yet rated,NULL,$30
CHEV,$14.55,1441141840758,977,Not yet rated,NULL,N/A
CHKE,$25.58,1441141840819,"17,698",100% bearish,of 1 rating,$32.50
CBNK,$16.42,1441141840951,910,100% bearish,of 1 rating,N/A
CHMA,$26.02,1441141841012,"78,590",Not yet rated,NULL,$40
PLCE,$58.72,1441141841214,"163,372",100% bearish,of 1 rating,$69
CMRX,$47.54,1441141841239,"228,031",50% bullish,of 2 ratings,$57
CAAS,$6.06,1441141841285,"10,916",93% bullish,of 14 ratings,$11.50
CADC,$2.99,1441141841378,"4,700",78% bullish,of 9 ratings,N/A
CALI,$0.85,1441141841465,"10,557",67% bullish,of 3 ratings,N/A
CCCR,$0.739,1441141841493,"3,445",67% bearish,of 3 ratings,N/A
CCCL,$0.785,1441141841520,"1,300",100% bullish,of 6 ratings,N/A
CBAK,$1.84,1441141841554,"25,140",67% bullish,of 9 ratings,N/A
JRJC,$3.37,1441141841651,"71,109",82% bullish,of 11 ratings,N/A
HGSH,$1.84,1441141841687,"7,800",67% bullish,of 3 ratings,N/A
CHOP,$1.11,1441141841708,"10,433",50% bullish,of 2 ratings,N/A
CBPO,$93.57,1441141841739,"125,441",75% bullish,of 8 ratings,$140.50
CHLN,$1.99,1441141841790,"2,400",67% bullish,of 3 ratings,N/A
HTHT,$25.5,1441141841874,"73,153",50% bullish,of 2 ratings,$28.40
CNIT,$1.25,1441141841923,"91,367",67% bullish,of 6 ratings,N/A
CJJD,$1.85,1441141841948,"4,401",100% bullish,of 1 rating,N/A
CREG,$0.665,1441141842082,"9,749",100% bullish,of 3 ratings,N/A
CPGI,$6.95,1441141842130,308,Not yet rated,NULL,N/A
CHNR,$1.53,1441141842182,700,100% bearish,of 1 rating,N/A
CNTF,$0.82,1441141842258,"56,333",Not yet rated,NULL,N/A
CNYD,$3.05,1441141842287,"5,102",67% bullish,of 3 ratings,N/A
CSUN,$1.37,1441141842308,"21,207",80% bullish,of 5 ratings,N/A
CXDC,$5.82,1441141842344,"26,526",67% bearish,of 3 ratings,N/A
CCIH,$7.16,1441141842390,"170,257",67% bullish,of 6 ratings,$12.65
CNET,$0.8001,1441141842440,"35,008",50% bullish,of 2 ratings,N/A
IMOS,$18.74,1441141842528,"147,296",60% bullish,of 5 ratings,$21.50
CHSCL,$27.15,1441141842570,"21,194",Not yet rated,NULL,N/A
CHSCM,$26.32,1441141842623,"14,248",Not yet rated,NULL,N/A
CHSCN,$26.85,1441141842727,"10,210",Not yet rated,NULL,N/A
CHDN,$131.05,1441141842754,"185,818",Not yet rated,NULL,$165
CHSCO,$28.4,1441141842780,"3,041",Not yet rated,NULL,N/A
CHSCP,$30.54,1441141842810,"1,842",Not yet rated,NULL,N/A
CDTX,$14.05,1441141842910,"30,347",Not yet rated,NULL,$22
CHUY,$30.91,1441141842937,"112,718",50% bullish,of 2 ratings,$34
CIFC,$6.89,1441141843007,"4,162",100% bearish,of 1 rating,N/A
CMCT,$15.26,1441141843075,970,100% bearish,of 1 rating,N/A
CMPR,$67.8,1441141843104,"259,267",50% bullish,of 2 ratings,$72.50
CTAS,$83.06,1441141843178,"404,215",100% bearish,of 1 rating,$91
CINF,$50.96,1441141843241,"679,271",50% bullish,of 4 ratings,$50.50
CPHR,$5.16,1441141843273,"9,250",100% bearish,of 1 rating,$17
CIDM,$0.5782,1441141843294,"121,619",50% bullish,of 2 ratings,$2.10
CRUS,$28.99,1441141843322,"621,568",75% bullish,of 12 ratings,$44.50
CTRN,$25.93,1441141843578,"63,368",100% bearish,of 1 rating,$31.50
CZNC,$19.42,1441141843610,"11,705",Not yet rated,NULL,N/A
CSCO,$25.39,1441141843631,"21,457,508",83% bullish,of 210 ratings,$32
CZWI,$9,1441141843662,"1,273",Not yet rated,NULL,N/A
CTXS,$65.4,1441141843903,"1,452,805",86% bullish,of 7 ratings,$80
CZFC,$12.87,1441141843936,"1,932",Not yet rated,NULL,N/A
CIZN,$19.62,1441141843974,102,Not yet rated,NULL,N/A
CIVB,$10.25,1441141844043,"5,141",Not yet rated,NULL,$11
CHCO,$46.24,1441141844072,"35,986",Not yet rated,NULL,$46
CIVBP,NULL,1441141844093,0,Not yet rated,NULL,N/A
CDTI,$1.7,1441141844127,"74,962",75% bullish,of 4 ratings,$3.20
CLNE,$4.9,1441141844154,"709,889",80% bullish,of 15 ratings,$9
CLNT,$1.41,1441141844220,"18,155",75% bullish,of 8 ratings,N/A
CLFD,$16.78,1441141844394,"65,641",67% bullish,of 3 ratings,$18
CBLI,$3.98,1441141844422,"41,375",60% bullish,of 5 ratings,N/A
CLIR,$4.8,1441141844449,"21,542",100% bullish,of 3 ratings,N/A
CLRO,$11.42,1441141844473,"2,236",50% bullish,of 2 ratings,$14.25
CLVS,$79,1441141844617,"454,867",60% bullish,of 5 ratings,$101.50
CSBK,$13.6,1441141844662,"59,702",Not yet rated,NULL,N/A
CME,$91.12,1441141844719,"1,176,122",67% bullish,of 3 ratings,$102
CISG,$7.54,1441141844750,"54,341",100% bullish,of 5 ratings,$10
CCNE,$17,1441141844779,"17,839",50% bullish,of 2 ratings,$21.50
CMFN,$11.42,1441141844806,"4,774",100% bearish,of 1 rating,$15.50
CWAY,$11.05,1441141844846,"2,856",Not yet rated,NULL,N/A
CNV,$4.5,1441141844937,"29,630",50% bullish,of 2 ratings,$7.15
COBZ,$12.5,1441141844966,"58,099",100% bullish,of 1 rating,$14
COKE,$154.14,1441141844993,"68,474",79% bullish,of 19 ratings,N/A
CDRB,$12.02,1441141845068,"10,714",67% bullish,of 3 ratings,N/A
CDXS,$3.65,1441141845097,"14,619",64% bullish,of 11 ratings,$6
CCOI,$27.2,1441141845287,"226,140",50% bullish,of 4 ratings,$35
CGNT,$1.57,1441141845319,"6,580",100% bullish,of 2 ratings,$2
CVLY,$20.66,1441141845344,"1,116",Not yet rated,NULL,N/A
JVA,$4.61,1441141845369,"11,445",83% bullish,of 6 ratings,$7
CGNX,$34.26,1441141845401,"352,957",50% bullish,of 2 ratings,$47
CTSH,$61.23,1441141845426,"3,050,792",90% bullish,of 10 ratings,$75
COHR,$55.54,1441141845501,"71,277",50% bullish,of 2 ratings,$72
CHRS,$26.95,1441141845629,"59,725",67% bearish,of 3 ratings,$37
COHU,$9.36,1441141845658,"85,926",100% bearish,of 1 rating,$14.25
CLRX,$0.68,1441141845679,"150,483",50% bullish,of 2 ratings,N/A
CLCT,$17.71,1441141845715,"48,004",100% bearish,of 1 rating,N/A
CBAN,$8.85,1441141845818,718,Not yet rated,NULL,N/A
CIGI,$43.67,1441141845847,"66,803",100% bearish,of 1 rating,$52
COLL,$13.01,1441141845955,"97,400",100% bearish,of 1 rating,$26
COLM,$59.73,1441141846006,"84,755",100% bearish,of 1 rating,$71
COLB,$29.03,1441141846086,"208,967",Not yet rated,NULL,$36
CLCD,$6.12,1441141846118,"37,482",100% bearish,of 1 rating,$20.50
CMCSA,$55.03,1441141846219,"9,387,043",66% bullish,of 35 ratings,$69.50
CMCO,$18.46,1441141846249,"75,946",60% bullish,of 5 ratings,$28
CMCSK,$56.25,1441141846277,"2,517,073",Not yet rated,NULL,$84
CBMX,$1.14,1441141846303,"18,359",83% bullish,of 6 ratings,$3.15
CBSHP,$25.38,1441141846347,"2,607",100% bearish,of 1 rating,N/A
CUBN,NULL,1441141846452,0,Not yet rated,NULL,N/A
CBSH,$42.89,1441141846487,"250,020",50% bullish,of 2 ratings,$46
COMM,$31.73,1441141846557,"1,092,040",67% bearish,of 3 ratings,$35
CSAL,$20.07,1441141846585,"610,754",75% bullish,of 4 ratings,$30
CVGI,$4.79,1441141846614,"106,473",50% bullish,of 2 ratings,$6
ESXB,$5.05,1441141846721,"10,512",Not yet rated,NULL,N/A
JCS,$9.15,1441141846777,"4,957",67% bullish,of 3 ratings,N/A
CYHHZ,$0.011,1441141846875,"147,356",100% bullish,of 1 rating,N/A
COB,$10.38,1441141846905,"17,673",100% bullish,of 1 rating,$11.75
CIZ,$32.49,1441141846968,633,100% bearish,of 1 rating,N/A
CWBC,$6.83,1441141846997,"5,250",Not yet rated,NULL,N/A
CTBI,$34.23,1441141847018,"22,643",Not yet rated,NULL,$36
CVLT,$34.99,1441141847054,"348,249",75% bullish,of 4 ratings,$44.50
CIL,$32.64,1441141847075,"1,000",Not yet rated,NULL,N/A
CID,$32.56,1441141847161,"1,300",Not yet rated,NULL,N/A
CDC,$33.76,1441141847298,"7,624",Not yet rated,NULL,N/A
CSF,$36.06,1441141847330,"1,968",100% bearish,of 1 rating,N/A
CFA,$34.9,1441141847356,"1,100",100% bearish,of 1 rating,N/A
CFO,$34.42,1441141847381,"108,374",100% bearish,of 1 rating,N/A
CSA,NULL,1441141847429,0,Not yet rated,NULL,N/A
CDL,NULL,1441141847490,0,Not yet rated,NULL,N/A
CGEN,$4.9,1441141847623,"71,127",50% bullish,of 2 ratings,$11
CSB,$32.35,1441141847648,"1,250",Not yet rated,NULL,N/A
CPSI,$45.37,1441141847680,"60,163",100% bearish,of 1 rating,$45.50
CTG,$6.53,1441141847701,"24,993",100% bearish,of 1 rating,$8.50
SCOR,$48.15,1441141847734,"379,642",100% bearish,of 1 rating,$66
CMTL,$25.74,1441141847793,"41,279",100% bearish,of 2 ratings,$37
CNSI,$17.99,1441141847898,"66,179",100% bearish,of 2 ratings,$29
CHCI,$0.68,1441141848090,"6,790",50% bullish,of 2 ratings,N/A
CNAT,$3.73,1441141848223,"116,034",83% bullish,of 6 ratings,$13
CNCE,$15.73,1441141848252,"136,339",75% bullish,of 4 ratings,$22
CCUR,$5.44,1441141848356,"27,614",75% bullish,of 4 ratings,N/A
CDORO,NULL,1441141848415,0,100% bearish,of 1 rating,N/A
CDOR,$1.32,1441141848436,"6,971",100% bullish,of 1 rating,N/A
CFMS,$15.56,1441141848459,"251,959",100% bearish,of 1 rating,$27
CXRX,$77.21,1441141848496,869,100% bearish,of 1 rating,$90
CDORP,$6.41,1441141848525,"6,366",100% bearish,of 1 rating,N/A
CTWS,$34.76,1441141848599,"26,410",100% bearish,of 1 rating,$44
CNMD,$51.38,1441141848635,"109,254",Not yet rated,NULL,$59
CNXR,$7,1441141848734,"43,111",100% bearish,of 1 rating,$12
CNFR,$9.95,1441141848761,"10,764",Not yet rated,NULL,N/A
CNOB,$18.7,1441141848790,"59,137",100% bullish,of 1 rating,$23.50
CNSL,$19.12,1441141848830,"134,282",100% bearish,of 1 rating,$23
CONN,$28.25,1441141848894,"383,891",67% bullish,of 3 ratings,$48.50
CWCO,$10.28,1441141849051,"54,613",67% bullish,of 3 ratings,$14.50
CPSS,$5.5,1441141849080,"33,331",100% bullish,of 1 rating,$10
CTRV,$3.77,1441141849128,"35,207",Not yet rated,NULL,$6.40
CFRXW,$1.6,1441141849158,"1,500",100% bearish,of 1 rating,N/A
CFRX,$4.87,1441141849179,"15,748",Not yet rated,NULL,$14
CTCT,$23.95,1441141849217,"151,709",67% bullish,of 3 ratings,$37
CFRXZ,$0.49,1441141849259,"13,341",Not yet rated,NULL,N/A
CTRL,$8.31,1441141849326,"272,037",50% bullish,of 2 ratings,$11
CPRT,$33.85,1441141849458,"746,746",67% bearish,of 3 ratings,$40
CORT,$4.83,1441141849490,"276,675",67% bullish,of 3 ratings,$12
CRBP,$1.92,1441141849512,"158,360",100% bullish,of 2 ratings,$6.25
BVA,$3.87,1441141849594,652,50% bullish,of 2 ratings,N/A
CORE,$59.08,1441141849643,"89,831",100% bearish,of 1 rating,$72
CSOD,$35.7,1441141849697,"390,941",50% bullish,of 2 ratings,$42
CORI,$10.67,1441141849746,"59,414",100% bearish,of 1 rating,$18
CRVL,$29.67,1441141849788,"40,160",100% bearish,of 1 rating,N/A
CSGP,$171.38,1441141849827,"158,282",50% bullish,of 2 ratings,$235
COST,$138.32,1441141849863,"1,828,437",79% bullish,of 24 ratings,$154.50
COSI,$1.14,1441141849892,"74,958",100% bullish,of 1 rating,N/A
ICBK,$18.8,1441141849964,"1,262",Not yet rated,NULL,$21
CPAH,$0.43,1441141849991,"3,500",50% bullish,of 2 ratings,N/A
COVS,$2.66,1441141850155,"44,683",67% bullish,of 3 ratings,N/A
COWN,$5.08,1441141850182,"940,948",75% bullish,of 4 ratings,$7
CVTI,$22.42,1441141850203,"91,847",67% bearish,of 3 ratings,$39
CPSH,$2.43,1441141850336,"1,500",Not yet rated,NULL,N/A
COWNL,$26.31,1441141850366,700,Not yet rated,NULL,N/A
CRAI,$22.91,1441141850465,"34,036",100% bearish,of 1 rating,$36
CBRL,$143.33,1441141850492,"267,974",50% bullish,of 2 ratings,$155
BREW,$7.64,1441141850523,"30,366",67% bullish,of 6 ratings,$15
CACC,$199.13,1441141850544,"98,305",50% bullish,of 2 ratings,$158.50
GLDI,$11.08,1441141850581,"3,878",100% bearish,of 1 rating,N/A
CREE,$26.07,1441141850633,"976,042",65% bullish,of 17 ratings,$29.50
SLVO,$9.99,1441141850675,"1,612",100% bearish,of 1 rating,N/A
CRAY,$20.68,1441141850718,"218,560",83% bullish,of 6 ratings,$38.50
CROX,$14.06,1441141850884,"598,641",63% bullish,of 8 ratings,$16.50
CRTO,$37.13,1441141850911,"738,392",67% bullish,of 6 ratings,$64
CRESY,$10.41,1441141850986,"24,326",100% bearish,of 1 rating,$19
CRWS,$8.11,1441141851092,"2,036",Not yet rated,NULL,$10
CYRX,$2.99,1441141851122,"21,692",Not yet rated,NULL,$9
CCRN,$14.01,1441141851145,"202,484",100% bearish,of 1 rating,$14.25
CRDS,$1.02,1441141851178,"6,302",75% bullish,of 4 ratings,$4.50
CRWN,$4.97,1441141851221,"6,077,865",75% bullish,of 4 ratings,N/A
CSGS,$30.18,1441141851280,"166,273",Not yet rated,NULL,$40
CCLP,$14.22,1441141851347,"44,029",67% bearish,of 3 ratings,$20
CSPI,$5.78,1441141851374,"1,965",67% bullish,of 3 ratings,N/A
CTCM,$1.76,1441141851439,"424,222",80% bearish,of 5 ratings,$3.90
CYRXW,$0.74,1441141851467,"31,400",Not yet rated,NULL,N/A
CTIC,$1.57,1441141851514,"415,459",84% bullish,of 76 ratings,$5.75
CTRP,$64.32,1441141851576,"1,047,188",75% bullish,of 8 ratings,$92.50
CTIB,$3.73,1441141851645,"2,753",100% bearish,of 1 rating,N/A
CUNB,$21.26,1441141851775,"28,190",Not yet rated,NULL,$24.50
CPIX,$6.08,1441141851810,"14,053",Not yet rated,NULL,N/A
CUI,$5.16,1441141851838,"18,740",50% bullish,of 2 ratings,$10
CRIS,$2.51,1441141851863,"172,833",100% bullish,of 8 ratings,$6
CUTR,$14.69,1441141851905,"61,748",67% bearish,of 3 ratings,$18
CMLS,$1.29,1441141851930,"657,343",50% bullish,of 4 ratings,$6
CYAN,$6.58,1441141852104,"3,636",100% bearish,of 1 rating,N/A
CVBF,$15.71,1441141852138,"474,686",Not yet rated,NULL,$18
CYBR,$50.58,1441141852159,"811,785",75% bullish,of 8 ratings,$66
CYBX,$63.51,1441141852194,"174,108",50% bullish,of 4 ratings,$71.50
CVV,$11.43,1441141852215,"14,549",100% bullish,of 5 ratings,N/A
CYBE,$6.89,1441141852250,"3,911",100% bearish,of 1 rating,N/A
CYCC,$0.56,1441141852298,"41,081",73% bullish,of 11 ratings,N/A
CYCCP,NULL,1441141852494,0,100% bearish,of 1 rating,N/A
CBAY,$2.69,1441141852525,"35,200",100% bullish,of 1 rating,$4
CYNO,$31.05,1441141852546,"301,991",67% bearish,of 3 ratings,$45.50
CY,$9.67,1441141852633,"4,891,837",80% bullish,of 10 ratings,$15.50
CYNA,$15.84,1441141852678,"11,826",50% bullish,of 2 ratings,$31.50
CYTX,$0.38,1441141852710,"1,726,620",83% bullish,of 12 ratings,$5.50
CYRN,$1.76,1441141852740,"39,090",67% bullish,of 3 ratings,$4
CONE,$30.85,1441141852761,"290,776",67% bearish,of 3 ratings,$35.50
CYTR,$2.29,1441141852810,"252,782",67% bullish,of 6 ratings,$10
CTSO,$6.94,1441141852902,"26,704",Not yet rated,NULL,$15.625
CYTK,$6.86,1441141852928,"150,705",71% bullish,of 14 ratings,$13.50
TVIX,$18.78,1441141852958,"15,068,928",81% bullish,of 16 ratings,N/A
DAEG,$0.37,1441141852995,317,100% bearish,of 1 rating,N/A
TVIZ,$24.58,1441141853252,"13,912",100% bearish,of 1 rating,N/A
ZIV,$35.54,1441141853290,"204,322",Not yet rated,NULL,N/A
XIV,$22.25,1441141853471,"24,985,629",75% bearish,of 4 ratings,N/A
DARA,$0.8552,1441141853509,"48,540",83% bullish,of 6 ratings,$1.50
DJCO,$194.95,1441141853530,"1,017",Not yet rated,NULL,N/A
DWCH,$5.05,1441141853559,"25,066",75% bullish,of 4 ratings,$8.25
DAIO,$2.68,1441141853588,"7,814",Not yet rated,NULL,N/A
DTLK,$5.58,1441141853617,"41,704",100% bearish,of 1 rating,$9
DRAM,$1.39,1441141853638,"12,283",78% bullish,of 9 ratings,N/A
DAKT,$8.38,1441141853659,"207,572",50% bullish,of 2 ratings,$12
PLAY,$34.43,1441141853835,"196,850",100% bullish,of 5 ratings,$42
DWSN,$4.44,1441141853868,"20,768",67% bullish,of 3 ratings,N/A
DHRM,$1.62,1441141853897,"5,518",Not yet rated,NULL,N/A
TRAK,$62.71,1441141853938,"476,099",50% bullish,of 2 ratings,$62.50
DTEA,$12.85,1441141853963,"53,179",100% bearish,of 2 ratings,$24
DBVT,$38.45,1441141853996,"72,549",100% bearish,of 1 rating,$53
DFRG,$14.4,1441141854225,"144,063",100% bearish,of 1 rating,$20
TACOW,$3.58,1441141854286,"6,900",100% bullish,of 1 rating,N/A
DELT,NULL,1441141854312,0,Not yet rated,NULL,N/A
DGAS,$20.4,1441141854341,"3,280",67% bearish,of 3 ratings,N/A
DCTH,$0.435,1441141854375,"31,925",78% bullish,of 9 ratings,N/A
DEPO,$26.08,1441141854451,"2,477,793",60% bullish,of 5 ratings,$29
DELTW,NULL,1441141854471,0,Not yet rated,NULL,N/A
TACO,$12.48,1441141854504,"102,597",75% bullish,of 4 ratings,$20
XRAY,$50.74,1441141854540,"564,688",100% bullish,of 1 rating,$58
DENN,$11.01,1441141854567,"541,192",100% bullish,of 3 ratings,$15
DSCI,$5.74,1441141854635,"58,448",50% bullish,of 2 ratings,$16
DERM,$25.94,1441141854728,"85,088",100% bearish,of 1 rating,$33.50
DSWL,$1.62,1441141854870,"11,964",100% bullish,of 1 rating,N/A
DXLG,$6.05,1441141854899,"167,369",100% bearish,of 1 rating,$8
DXM,$0.2549,1441141854931,"298,156",50% bullish,of 2 ratings,N/A
DEST,$11.01,1441141854957,"20,290",50% bullish,of 2 ratings,N/A
DXCM,$87.82,1441141855005,"632,936",57% bullish,of 7 ratings,$98
DHXM,NULL,1441141855031,0,Not yet rated,NULL,N/A
DHIL,$188.79,1441141855110,"7,464",Not yet rated,NULL,N/A
DMND,$29.7,1441141855161,"832,732",75% bullish,of 12 ratings,$32
FANG,$64.52,1441141855189,"683,668",50% bullish,of 2 ratings,$86.50
DCIX,$1.64,1441141855243,"7,627",50% bullish,of 4 ratings,$3.50
DGII,$10.02,1441141855326,"86,764",100% bearish,of 1 rating,$11
DMRC,$37.15,1441141855372,"35,073",100% bearish,of 1 rating,$44
DRNA,$10.6,1441141855400,"74,422",67% bearish,of 3 ratings,$25
DGLY,$7.87,1441141855455,"79,908",50% bullish,of 6 ratings,$20
DRAD,$3.88,1441141855543,"14,233",100% bullish,of 1 rating,$5.25
APPS,$2.47,1441141855582,"255,769",100% bearish,of 1 rating,$10.25
DCOM,$16.39,1441141855681,"75,468",100% bearish,of 2 ratings,$16
DPRX,$14.71,1441141855713,"20,959",100% bullish,of 2 ratings,$27.75
DISCA,$26.28,1441141855781,"2,784,354",67% bullish,of 3 ratings,$34
DIOD,$19.06,1441141855808,"163,672",75% bearish,of 4 ratings,$24
DSCO,$0.4279,1441141855874,"161,624",83% bullish,of 6 ratings,$2.75
DISCK,$25.23,1441141855960,"2,834,984",100% bearish,of 1 rating,$32
DISCB,NULL,1441141855987,0,100% bearish,of 1 rating,$35
DVCR,$10.9,1441141856008,"13,680",100% bullish,of 1 rating,N/A
DISH,$59.24,1441141856055,"1,116,674",69% bullish,of 13 ratings,$73
DLHC,$2.58,1441141856151,"1,678",100% bearish,of 1 rating,N/A
BAGR,$2.78,1441141856183,"15,066",100% bearish,of 1 rating,$6
DNBF,$26,1441141856209,"1,720",Not yet rated,NULL,$27.50
DLTR,$69.97,1441141856337,"7,661,330",82% bullish,of 11 ratings,$88
DGICA,$14.18,1441141856425,"14,806",100% bearish,of 1 rating,$17
DGICB,NULL,1441141856472,0,100% bearish,of 1 rating,N/A
DORM,$50.25,1441141856524,"221,042",100% bearish,of 1 rating,$56
DMLP,$15.07,1441141856550,"22,291",100% bearish,of 1 rating,N/A
DWA,$19.45,1441141856614,"354,628",63% bullish,of 8 ratings,$26
HILL,$9.66,1441141856640,"978,939",60% bearish,of 5 ratings,$9.75
DRWI,$0.1951,1441141856719,"71,875",60% bullish,of 5 ratings,$.45
DRWIW,$0.03,1441141856850,"5,117",Not yet rated,NULL,N/A
DRYS,$0.44,1441141857019,"2,147,615",77% bullish,of 31 ratings,$.60
DSKX,$3.29,1441141857185,"26,341",100% bullish,of 1 rating,N/A
DSPG,$8.58,1441141857274,"32,073",100% bearish,of 1 rating,$13.50
CADT,NULL,1441141857316,0,Not yet rated,NULL,N/A
CADTR,NULL,1441141857367,0,Not yet rated,NULL,N/A
CADTW,NULL,1441141857448,0,Not yet rated,NULL,N/A
DTSI,$25.64,1441141857497,"55,831",100% bearish,of 2 ratings,$39.50
DNKN,$49.44,1441141857533,"1,725,297",67% bullish,of 15 ratings,$56.50
DXPE,$29.56,1441141857594,"194,061",50% bullish,of 2 ratings,N/A
CADTU,NULL,1441141857622,0,Not yet rated,NULL,N/A
DYAX,$22.04,1441141857659,"1,795,942",89% bullish,of 9 ratings,$30
DRRX,$2.06,1441141857721,"171,928",50% bullish,of 6 ratings,$3
DYSL,$1.53,1441141857748,"60,640",100% bullish,of 2 ratings,N/A
BOOM,$11.32,1441141857773,"77,023",67% bullish,of 3 ratings,$12
DYNT,$3.09,1441141857828,398,75% bullish,of 4 ratings,N/A
DVAX,$27.1,1441141858244,"367,055",70% bullish,of 10 ratings,$40
ETFC,$25,1441141858342,"2,996,540",57% bullish,of 14 ratings,$32.50
EGBN,$41.09,1441141858407,"57,768",Not yet rated,NULL,$48
EBMT,$11.88,1441141858510,366,Not yet rated,NULL,$13.50
EWBC,$38.62,1441141858540,"707,440",100% bearish,of 1 rating,$50
EGRX,$76.88,1441141858561,"178,670",67% bullish,of 3 ratings,$97
EROC,$1.52,1441141858594,"172,908",50% bullish,of 2 ratings,$3
EACQU,$10.2,1441141858641,500,Not yet rated,NULL,N/A
EGLE,$6.87,1441141858700,"19,530",60% bullish,of 5 ratings,N/A
EML,$16.22,1441141858737,"36,533",Not yet rated,NULL,N/A
ELNK,$8.17,1441141858771,"625,693",60% bullish,of 5 ratings,$9.50
EBAY,$26.48,1441141858836,"10,372,799",81% bullish,of 117 ratings,$34
EVBS,$6.59,1441141858866,"4,050",Not yet rated,NULL,$7
EBIX,$27.94,1441141858894,"299,021",69% bullish,of 13 ratings,$40
ELON,$0.58,1441141858922,"61,264",50% bullish,of 2 ratings,N/A
ECHO,$22.19,1441141859066,"175,849",67% bearish,of 3 ratings,$34.50
SATS,$43.42,1441141859238,"103,164",50% bullish,of 2 ratings,$60
ECTE,$1.5,1441141859303,"6,976",75% bullish,of 4 ratings,N/A
EEI,$11.72,1441141859335,"10,151",67% bearish,of 3 ratings,N/A
EDAP,$3.61,1441141859364,"21,136",60% bullish,of 5 ratings,$4.50
ECACU,$10.06,1441141859406,"2,000",Not yet rated,NULL,N/A
ESES,$3.4,1441141859435,958,100% bearish,of 1 rating,$7
EDGW,$7.18,1441141859460,"2,650",100% bearish,of 1 rating,N/A
EDUC,$6.4,1441141859539,"42,228",100% bearish,of 1 rating,N/A
EFUT,$4.65,1441141859605,"1,600",Not yet rated,NULL,N/A
EGLT,$12.19,1441141859671,"91,522",50% bullish,of 2 ratings,$21
EHTH,$14.14,1441141859696,"94,210",50% bullish,of 4 ratings,$16.50
EGAN,$3.73,1441141859735,"15,690",50% bullish,of 2 ratings,$6.25
EMITF,$1.23,1441141859869,958,75% bullish,of 4 ratings,N/A
LOCO,$12.79,1441141859917,"471,442",69% bullish,of 13 ratings,$19.50
ESLT,$76.6,1441141859946,"9,589",67% bullish,of 3 ratings,N/A
EA,$63.43,1441141860048,"3,259,708",78% bullish,of 36 ratings,$80
ELRC,$10.4,1441141860087,"36,398",100% bearish,of 1 rating,N/A
ESIO,$4.48,1441141860151,"54,599",50% bullish,of 2 ratings,$10
ERI,$9.22,1441141860230,"63,753",100% bearish,of 1 rating,$10
ELSE,$3.98,1441141860258,25,60% bullish,of 5 ratings,N/A
ELECU,NULL,1441141860278,0,Not yet rated,NULL,N/A
ELEC,NULL,1441141860316,0,Not yet rated,NULL,N/A
EFII,$42.76,1441141860342,"164,707",80% bullish,of 5 ratings,$55
EBIO,$3.41,1441141860414,"207,385",100% bearish,of 2 ratings,$8.35
ELECW,NULL,1441141860606,0,Not yet rated,NULL,N/A
CAPX,$22.416,1441141860679,200,Not yet rated,NULL,N/A
ESBK,$19.83,1441141860739,334,Not yet rated,NULL,N/A
LONG,$16.97,1441141860871,"13,811",67% bullish,of 3 ratings,$15.75
RDEN,$10.83,1441141860910,"94,493",100% bearish,of 4 ratings,$15
ELTK,$1.28,1441141860931,"18,156",67% bearish,of 3 ratings,N/A
EMMS,$1.2,1441141861003,"18,350",83% bullish,of 6 ratings,N/A
EMKR,$6.82,1441141861034,"107,690",75% bullish,of 4 ratings,$8.50
EMCI,$22.27,1441141861060,"15,494",Not yet rated,NULL,N/A
EMCF,$23.48,1441141861090,238,100% bearish,of 1 rating,N/A
NYNY,$4.17,1441141861164,"25,015",50% bullish,of 2 ratings,N/A
ECPG,$38.54,1441141861226,"184,118",100% bullish,of 2 ratings,$52
ERS,$3.5,1441141861328,"7,595",Not yet rated,NULL,N/A
ENTA,$37.04,1441141861360,"170,737",50% bullish,of 2 ratings,$42
EMMSP,$3,1441141861381,720,100% bearish,of 1 rating,N/A
WIRE,$31.32,1441141861459,"93,414",100% bearish,of 1 rating,$37
ENDP,$73.48,1441141861686,"1,859,664",50% bullish,of 6 ratings,$104
ELGX,$12.65,1441141861719,"281,350",75% bullish,of 4 ratings,$17
WATT,$7.18,1441141861741,"80,207",50% bullish,of 2 ratings,$13
EFOI,$22.36,1441141861818,"758,880",50% bullish,of 2 ratings,$24.50
ECYT,$5.14,1441141861847,"195,845",83% bullish,of 6 ratings,$12
ENG,$1.02,1441141861882,"25,287",100% bullish,of 3 ratings,N/A
ERII,$2.63,1441141861903,"13,881",80% bullish,of 5 ratings,$2.50
EIGI,$14.74,1441141861937,"598,174",67% bearish,of 3 ratings,$22.50
ENOC,$8.94,1441141861985,"165,987",75% bullish,of 4 ratings,$18
EXXI,$1.66,1441141862035,"1,183,697",86% bullish,of 7 ratings,$3.50
ESGR,$147.07,1441141862274,"36,160",100% bearish,of 1 rating,$185
ENPH,$4.42,1441141862322,"459,071",75% bullish,of 4 ratings,$11
EBTC,$20.91,1441141862454,"5,152",Not yet rated,NULL,N/A
ENFC,$17.78,1441141862479,"1,372",Not yet rated,NULL,N/A
ENTL,$21.14,1441141862503,"29,059",Not yet rated,NULL,$28
ETRM,$0.38,1441141862534,"358,766",69% bearish,of 35 ratings,$1.625
ENTG,$13.32,1441141862560,"738,468",100% bearish,of 1 rating,$18
EGT,$1.99,1441141862581,"4,724",100% bullish,of 1 rating,N/A
EFSC,$23.62,1441141862721,"36,464",Not yet rated,NULL,$27
ENZN,$0.9691,1441141862751,"292,205",100% bullish,of 9 ratings,N/A
ENZY,$9.94,1441141862779,"26,795",67% bullish,of 3 ratings,$9.50
EPIQ,$12.42,1441141862816,"43,221",100% bearish,of 1 rating,$18
EPRS,$5.04,1441141862850,"29,723",82% bullish,of 11 ratings,$15
ENVI,$1.8,1441141862871,"12,063",67% bullish,of 3 ratings,N/A
EPZM,$19.63,1441141863056,"289,343",60% bullish,of 5 ratings,$34
PLUS,$73.65,1441141863080,"49,480",50% bullish,of 2 ratings,$88
EQIX,$262.87,1441141863108,"687,701",75% bullish,of 4 ratings,$312.50
EAC,$3.26,1441141863144,"9,272",100% bearish,of 1 rating,$8
EQFN,$8.07,1441141863172,"1,829",100% bearish,of 1 rating,N/A
ERIC,$9.55,1441141863272,"2,266,040",67% bullish,of 9 ratings,$12.20
ERIE,$80.36,1441141863311,"17,979",Not yet rated,NULL,$73
ESCR,$0.135,1441141863342,"233,155",50% bullish,of 2 ratings,N/A
ESMC,$1.41,1441141863442,310,Not yet rated,NULL,N/A
ESCA,$16.8,1441141863472,"5,629",100% bearish,of 1 rating,$22
ESPR,$46.94,1441141863497,"671,316",70% bearish,of 10 ratings,$122.50
ESSA,$12.83,1441141863522,"8,816",100% bearish,of 1 rating,N/A
ESND,$33.25,1441141863702,"134,806",100% bearish,of 2 ratings,$40
EPIX,$6,1441141863728,362,Not yet rated,NULL,N/A
ETSY,$14.06,1441141863773,"267,669",80% bullish,of 5 ratings,$16
ESCRP,$1.3892,1441141863855,"1,500",100% bearish,of 1 rating,N/A
CLWT,$2.496,1441141863885,300,100% bullish,of 1 rating,N/A
EEFT,$62.42,1441141863906,"119,222",100% bearish,of 1 rating,$67.50
ESSX,$0.5,1441141863927,"52,770",50% bullish,of 2 ratings,N/A
ESEA,$4.83,1441141864062,"1,040",100% bullish,of 1 rating,$15
EVK,$3.88,1441141864090,"2,446",75% bearish,of 4 ratings,N/A
EVEP,$8.39,1441141864111,"237,565",50% bullish,of 2 ratings,$15
EVOK,$3.42,1441141864148,"48,984",100% bearish,of 1 rating,$13.375
EXA,$10.99,1441141864249,"14,274",100% bearish,of 1 rating,$13
EXAS,$21.83,1441141864283,"798,874",78% bullish,of 9 ratings,$31
EVOL,$5.92,1441141864386,"17,090",75% bullish,of 4 ratings,$10
EXAC,$18.87,1441141864419,"31,300",100% bearish,of 1 rating,$22.50
EXEL,$5.6,1441141864518,"6,488,789",81% bullish,of 16 ratings,$6
EVLV,$2.61,1441141864552,"171,030",60% bullish,of 5 ratings,$4.625
EXFO,$3,1441141864578,"3,491",67% bearish,of 3 ratings,$3.95
EXPD,$48.02,1441141864648,"1,270,759",80% bullish,of 5 ratings,$52
EXLS,$36.15,1441141864682,"107,590",50% bullish,of 2 ratings,$41
ESRX,$81.93,1441141864711,"3,699,956",67% bearish,of 6 ratings,$101
EXPO,$42.03,1441141864741,"63,354",100% bearish,of 1 rating,$45.50
EXPE,$110.365,1441141864774,"1,155,657",64% bullish,of 11 ratings,$130
EXTR,$2.93,1441141864846,"577,895",80% bullish,of 5 ratings,$3
EXLP,$20.28,1441141864878,"239,432",100% bearish,of 1 rating,$25
EYEG,$3.83,1441141864937,"26,219",Not yet rated,NULL,N/A
EYEGW,$1.04,1441141864987,"2,300",Not yet rated,NULL,N/A
EZCH,$22.75,1441141865093,"109,845",75% bullish,of 8 ratings,$19.50
EZPW,$6.13,1441141865120,"290,199",50% bullish,of 4 ratings,$7
FB,$87.27,1441141865252,"21,072,418",73% bullish,of 1072 ratings,$111
FFIV,$118.39,1441141865307,"735,916",63% bullish,of 8 ratings,$132
FWM,$2.22,1441141865338,"112,765",100% bearish,of 2 ratings,$3.20
FCS,$13.18,1441141865365,"594,637",67% bearish,of 3 ratings,$17
FRP,$15.87,1441141865386,"55,308",100% bearish,of 1 rating,$18
FALC,$1.73,1441141865421,"24,630",63% bearish,of 8 ratings,N/A
DAVE,$14.44,1441141865453,"10,093",100% bearish,of 1 rating,$15.50
FARM,$22.29,1441141865518,"35,063",100% bearish,of 1 rating,$35
FMNB,$8.11,1441141865552,"18,547",Not yet rated,NULL,N/A
FFKT,$25.63,1441141865702,"13,256",Not yet rated,NULL,$29
FAST,$37.45,1441141865742,"1,774,113",80% bullish,of 5 ratings,$45.50
FARO,$37.92,1441141865838,"70,859",50% bullish,of 2 ratings,$48
FATE,$6.21,1441141865868,"26,392",50% bullish,of 2 ratings,$11
FBSS,$15.75,1441141865889,386,Not yet rated,NULL,N/A
FDML,$8.95,1441141865972,"237,115",50% bullish,of 4 ratings,$14
FBRC,$21.36,1441141866020,"34,912",100% bearish,of 1 rating,$29
FNHC,$21.47,1441141866050,"45,875",100% bearish,of 1 rating,$35
FEIC,$73.05,1441141866103,"183,890",50% bullish,of 2 ratings,$95.50
FHCO,$1.39,1441141866153,"19,608",50% bullish,of 4 ratings,N/A
FENX,$9.89,1441141866179,"55,858",100% bullish,of 1 rating,$14.25
FCSC,$5.45,1441141866237,"56,652",100% bearish,of 1 rating,$8.125
FGEN,$22.84,1441141866319,"207,753",100% bearish,of 1 rating,$39
LION,$18.66,1441141866350,"114,494",100% bullish,of 1 rating,$20
ONEQ,$182.33,1441141866449,"19,420",100% bullish,of 1 rating,N/A
FSAM,$7.99,1441141866549,"8,206",100% bearish,of 1 rating,$10.25
FDUS,$14.75,1441141866576,"17,099",50% bullish,of 2 ratings,$18
FRGI,$50.58,1441141866607,"111,832",50% bullish,of 2 ratings,$70
FSCFL,$24.36,1441141866637,"5,945",Not yet rated,NULL,N/A
FSC,$6.46,1441141866712,"527,930",60% bullish,of 5 ratings,$8
FITB,$19.09,1441141866741,"6,953,162",54% bullish,of 13 ratings,$22
FSFR,$8.75,1441141866846,"40,119",100% bearish,of 1 rating,$11.50
FITBI,$27.44,1441141866875,"2,749",Not yet rated,NULL,N/A
FISI,$24.61,1441141866901,"33,820",100% bullish,of 2 ratings,$24.50
FNSR,$15.05,1441141867048,"567,167",71% bullish,of 7 ratings,$24
FNGN,$30.88,1441141867073,"301,122",67% bullish,of 3 ratings,$47
FNJN,$1.77,1441141867148,"29,187",100% bearish,of 1 rating,$5
FNTC,NULL,1441141867206,0,Not yet rated,NULL,N/A
FNTCW,NULL,1441141867359,0,Not yet rated,NULL,N/A
FNTCU,NULL,1441141867462,0,Not yet rated,NULL,N/A
FEYE,$36.8,1441141867499,"2,036,409",88% bullish,of 16 ratings,$55.50
FRBA,$6.12,1441141867566,"5,368",Not yet rated,NULL,$8
BUSE,$6.3,1441141867596,"133,212",Not yet rated,NULL,$6.875
FNLC,$18.46,1441141867619,"17,040",100% bullish,of 1 rating,N/A
FBIZ,$22.06,1441141867653,"22,262",100% bearish,of 2 ratings,$26
FBNC,$16.6,1441141867675,"27,706",100% bullish,of 1 rating,$20
FCVA,$4.82,1441141867761,"1,173",Not yet rated,NULL,N/A
FCAP,$26.9,1441141867826,280,Not yet rated,NULL,N/A
FCFS,$39.44,1441141867962,"132,962",100% bearish,of 3 ratings,$47
FCNCA,$226.52,1441141868038,"8,507",Not yet rated,NULL,N/A
FCBC,$17.11,1441141868064,"21,708",Not yet rated,NULL,$18
FCLF,$9.2,1441141868086,"2,695",Not yet rated,NULL,N/A
FCCO,$11.93,1441141868217,"15,248",Not yet rated,NULL,$13.25
FFNM,$6.39,1441141868275,324,Not yet rated,NULL,N/A
FCFP,$6.95,1441141868309,"2,900",Not yet rated,NULL,N/A
FBNK,$16.53,1441141868330,"33,540",100% bearish,of 1 rating,$17.50
FDEF,$36.24,1441141868368,"21,397",Not yet rated,NULL,$38
FFBCW,NULL,1441141868402,0,100% bearish,of 1 rating,N/A
FFBC,$17.81,1441141868430,"176,270",67% bearish,of 3 ratings,$20.25
FFIN,$29.64,1441141868465,"163,772",50% bullish,of 2 ratings,$31.75
FFNW,$12.18,1441141868570,"17,986",Not yet rated,NULL,$14
INBK,$30.78,1441141868660,"13,593",50% bullish,of 2 ratings,$37
THFF,$32.39,1441141868704,"19,847",Not yet rated,NULL,$35
FFWM,$20.8,1441141868729,"5,866",Not yet rated,NULL,$24
FMBH,NULL,1441141868888,0,Not yet rated,NULL,N/A
FRME,$25.64,1441141868937,"252,252",Not yet rated,NULL,$26.50
FMBI,$16.82,1441141868966,"262,086",Not yet rated,NULL,$20
FIBK,$25.87,1441141868987,"106,453",Not yet rated,NULL,$32
FSFG,$30.7,1441141869020,168,Not yet rated,NULL,N/A
FNWB,$12.09,1441141869055,"10,726",Not yet rated,NULL,N/A
FNFG,$8.84,1441141869076,"1,998,891",80% bullish,of 5 ratings,$9
FNBC,$34.17,1441141869160,"67,747",Not yet rated,NULL,$40
FSGI,$2.48,1441141869195,"7,286",Not yet rated,NULL,N/A
FSLR,$47.26,1441141869261,"1,102,219",72% bullish,of 39 ratings,$65
FSBK,$7.7,1441141869295,"1,924",100% bullish,of 1 rating,N/A
BICK,NULL,1441141869322,0,100% bullish,of 1 rating,N/A
FBZ,NULL,1441141869596,0,Not yet rated,NULL,N/A
FTCS,$35.42,1441141869635,"28,696",100% bearish,of 1 rating,N/A
FV,$22.48,1441141869669,"3,034,107",100% bearish,of 1 rating,N/A
IFV,$17.25,1441141869689,"628,933",100% bearish,of 1 rating,N/A
FCAN,$24.26,1441141869719,"1,162",Not yet rated,NULL,N/A
FEMB,NULL,1441141869740,0,Not yet rated,NULL,N/A
MDIV,$18.95,1441141869773,"204,398",Not yet rated,NULL,N/A
FCA,$18.67,1441141869900,"8,405",Not yet rated,NULL,N/A
FEUZ,$30.62,1441141869930,"2,248",Not yet rated,NULL,N/A
FTSM,$59.95,1441141869956,"347,715",100% bearish,of 1 rating,N/A
TDIV,$24.11,1441141870004,"87,917",100% bearish,of 1 rating,N/A
FGM,$34.76,1441141870030,"17,036",Not yet rated,NULL,N/A
FTGC,$22.19,1441141870086,"191,284",Not yet rated,NULL,N/A
FTHI,$19.52,1441141870259,289,Not yet rated,NULL,N/A
HYLS,$49.39,1441141870328,"43,203",100% bearish,of 1 rating,N/A
FHK,$32.06,1441141870356,"12,712",Not yet rated,NULL,N/A
FPXI,$26.49,1441141870381,400,Not yet rated,NULL,N/A
CU,$12.62,1441141870407,"4,660",100% bearish,of 1 rating,N/A
YDIV,$16.23,1441141870427,"3,048",Not yet rated,NULL,N/A
PLTM,$6.23,1441141870567,"4,026",100% bearish,of 1 rating,N/A
FJP,$44.85,1441141870626,"23,114",Not yet rated,NULL,N/A
SKYY,$28.11,1441141870710,"77,611",100% bullish,of 1 rating,N/A
FTLB,$19.43,1441141870754,"1,765",100% bearish,of 1 rating,N/A
QABA,$36.9,1441141870805,"15,877",100% bearish,of 1 rating,N/A
FMB,$51.3,1441141870830,503,Not yet rated,NULL,N/A
LMBS,$50.4,1441141870854,800,Not yet rated,NULL,N/A
QCLN,$14.73,1441141870986,"15,301",Not yet rated,NULL,N/A
FONE,NULL,1441141871013,0,Not yet rated,NULL,N/A
CIBR,$17.25,1441141871033,"61,764",Not yet rated,NULL,N/A
GRID,$31.16,1441141871164,640,100% bearish,of 1 rating,N/A
RDVY,$20.57,1441141871197,"3,208",Not yet rated,NULL,N/A
QQEW,$40.55,1441141871218,"127,379",Not yet rated,NULL,N/A
QQXT,$39.17,1441141871248,"38,955",Not yet rated,NULL,N/A
CARZ,$33.87,1441141871269,"3,735",100% bearish,of 1 rating,N/A
QTEC,$38.92,1441141871301,"64,009",Not yet rated,NULL,N/A
AIRR,$16.2301,1441141871460,"5,125",100% bearish,of 1 rating,N/A
FKO,$22.33,1441141871565,300,Not yet rated,NULL,N/A
FDIV,$46.5375,1441141871595,200,100% bearish,of 1 rating,N/A
FTSL,$48.8,1441141871622,"35,700",100% bearish,of 1 rating,N/A
FSZ,$38.33,1441141871642,"21,535",Not yet rated,NULL,N/A
QINC,$20.02,1441141871663,200,Not yet rated,NULL,N/A
TUSA,$24.2058,1441141871820,950,Not yet rated,NULL,N/A
FKU,$40.47,1441141871848,"20,208",Not yet rated,NULL,N/A
FTW,$30.92,1441141871869,306,Not yet rated,NULL,N/A
FUNC,$8.13,1441141871904,142,Not yet rated,NULL,N/A
FMER,$17.1,1441141872041,"951,945",50% bullish,of 2 ratings,$20
FSV,$31.56,1441141872062,"48,002",Not yet rated,NULL,$33.60
SVVC,$9.22,1441141872092,"13,928",50% bullish,of 2 ratings,$26
FIVE,$37.47,1441141872137,"914,957",75% bearish,of 4 ratings,$44
FISV,$82.87,1441141872169,"1,233,966",100% bearish,of 3 ratings,$90
FPRX,$18.21,1441141872277,"274,483",50% bullish,of 2 ratings,$35
FIVN,$3.89,1441141872307,"120,647",100% bullish,of 1 rating,$8.50
FLML,$21.96,1441141872405,"104,889",50% bullish,of 2 ratings,$30
FLXN,$24.56,1441141872433,"67,125",100% bearish,of 1 rating,$40
MBSD,$25.14,1441141872457,608,Not yet rated,NULL,N/A
FLKS,$11.52,1441141872597,"33,790",50% bullish,of 2 ratings,$27
SKOR,$50.76,1441141872626,"1,200",Not yet rated,NULL,N/A
FLXS,$30.55,1441141872658,"24,236",100% bearish,of 2 ratings,N/A
FLEX,$10.15,1441141872685,"1,768,378",63% bullish,of 8 ratings,$12
FLIR,$28.02,1441141872706,"732,039",100% bearish,of 2 ratings,$38.50
FLDM,$11.58,1441141872757,"261,677",67% bearish,of 3 ratings,$15
FFIC,$19.23,1441141872849,"61,842",Not yet rated,NULL,$20.50
FOMX,$9.92,1441141872954,"111,184",50% bullish,of 2 ratings,$23.50
FONR,$9.59,1441141873005,"3,793",100% bullish,of 1 rating,N/A
FES,$0.91,1441141873032,"26,601",50% bullish,of 2 ratings,$1
FOGO,$19.23,1441141873109,"56,534",50% bullish,of 2 ratings,$25.50
FORTY,$30.43,1441141873163,638,100% bearish,of 1 rating,N/A
FORM,$6.52,1441141873189,"193,429",67% bullish,of 3 ratings,$10.50
FORR,$30.59,1441141873248,"25,922",Not yet rated,NULL,N/A
FORD,$1.92,1441141873318,"3,663,305",67% bullish,of 3 ratings,N/A
FBIO,$2.69,1441141873347,"33,105",83% bullish,of 6 ratings,N/A
FTNT,$40.86,1441141873369,"966,500",80% bullish,of 10 ratings,$52
FWRD,$43.6,1441141873409,"125,665",100% bearish,of 1 rating,$50
FWP,$25.75,1441141873506,"16,977",100% bearish,of 1 rating,$45
FOSL,$59.69,1441141873535,"559,030",60% bearish,of 5 ratings,$80
FMI,$22.93,1441141873565,"157,475",100% bearish,of 2 ratings,$27.50
FXCB,$17.05,1441141873704,"16,862",Not yet rated,NULL,$19
FOXF,$14.92,1441141873730,"46,653",100% bearish,of 1 rating,$19
FRED,$12.77,1441141873871,"149,342",50% bullish,of 2 ratings,$15.50
FRAN,$11.14,1441141873901,"381,261",50% bullish,of 4 ratings,$15
RAIL,$20.68,1441141873930,"59,976",100% bearish,of 1 rating,$24.50
FRPT,$12.85,1441141873951,"261,058",67% bearish,of 3 ratings,$23.50
FELE,$27.75,1441141873986,"207,307",50% bullish,of 4 ratings,$33
FREE,$0.376,1441141874008,"253,234",92% bullish,of 12 ratings,N/A
FEIM,$11.01,1441141874042,"4,956",100% bearish,of 1 rating,N/A
FTR,$5.04,1441141874136,"10,687,016",78% bullish,of 27 ratings,$6.25
FRPH,$31.03,1441141874349,"9,846",100% bearish,of 1 rating,N/A
FSBW,$23.12,1441141874378,"3,013",Not yet rated,NULL,N/A
FTRPR,$99.9,1441141874399,"1,865",100% bearish,of 1 rating,N/A
FSYS,$6.56,1441141874434,"154,029",67% bullish,of 3 ratings,$10
FTD,$29.55,1441141874482,"85,341",100% bearish,of 1 rating,$40
FULL,$3.12,1441141874538,"44,703",67% bearish,of 3 ratings,$4.25
FCEL,$0.844,1441141874621,"2,517,688",88% bullish,of 41 ratings,$2.65
FULLL,$25.13,1441141874670,"2,229",Not yet rated,NULL,N/A
FULT,$11.69,1441141874723,"539,916",100% bearish,of 1 rating,$13
FLL,$1.48,1441141874748,"2,698",75% bullish,of 4 ratings,$3.50
FSNN,$2.06,1441141874777,"2,923",67% bullish,of 3 ratings,$6
FTEK,$2.04,1441141874802,"69,303",75% bullish,of 4 ratings,N/A
FXEN,$0.9801,1441141874960,"52,524",75% bullish,of 4 ratings,$1.10
FXENP,$15.63,1441141875094,"1,867",100% bearish,of 1 rating,N/A
FFHL,$0.9703,1441141875137,"1,480",50% bullish,of 4 ratings,N/A
WILC,$4.9899,1441141875268,154,100% bullish,of 2 ratings,N/A
GAIA,$6.06,1441141875293,"5,929",50% bullish,of 2 ratings,$8.50
GLPG,$57.98,1441141875322,"17,366",100% bullish,of 1 rating,$75
GK,$65.96,1441141875349,"57,293",Not yet rated,NULL,$78
GALE,$1.58,1441141875370,"1,597,031",89% bullish,of 47 ratings,$4
GALT,$2.2,1441141875403,"30,205",80% bullish,of 5 ratings,N/A
GALTW,NULL,1441141875502,0,100% bullish,of 1 rating,N/A
GLMD,$9.79,1441141875540,"61,338",67% bullish,of 3 ratings,$20.50
GALTU,NULL,1441141875568,0,100% bearish,of 1 rating,N/A
GLPI,$30.53,1441141875635,"656,829",100% bearish,of 1 rating,$37.50
GRMN,$36.81,1441141875664,"896,966",50% bullish,of 6 ratings,$46.50
GGAC,NULL,1441141875684,0,100% bearish,of 1 rating,N/A
GPIC,$9.78,1441141875714,"1,370",100% bearish,of 1 rating,N/A
GGACR,$0.26,1441141875886,"5,700",100% bullish,of 1 rating,N/A
GGACU,$10.22,1441141875921,200,Not yet rated,NULL,N/A
GGACW,$0.15,1441141876014,"1,963",Not yet rated,NULL,N/A
GENC,$9.07,1441141876065,"1,788",100% bearish,of 1 rating,N/A
GNCMA,$16.49,1441141876098,"152,437",100% bearish,of 1 rating,$12
GARS,$14.27,1441141876128,"23,442",Not yet rated,NULL,$16
GFNSL,$25.4,1441141876200,"3,100",Not yet rated,NULL,N/A
GFNCP,$90.3,1441141876232,990,Not yet rated,NULL,N/A
GFN,$3.85,1441141876266,"120,010",100% bearish,of 2 ratings,$8
GENE,$2.31,1441141876289,"169,504",100% bullish,of 12 ratings,N/A
GNCA,$11.35,1441141876318,"96,157",100% bearish,of 1 rating,$20
GNMK,$9.66,1441141876347,"85,710",67% bullish,of 6 ratings,$14
GHDX,$26.35,1441141876377,"219,032",50% bullish,of 2 ratings,$30
THRM,$44.32,1441141876531,"199,385",75% bearish,of 4 ratings,$55.50
GNTX,$15.21,1441141876594,"1,252,990",Not yet rated,NULL,$20
GTWN,$18.72,1441141876663,24,Not yet rated,NULL,N/A
GNVC,$2.41,1441141876699,"26,605",90% bullish,of 10 ratings,$8.50
GABC,$28.32,1441141876795,"18,432",Not yet rated,NULL,$31
GEOS,$16.87,1441141876821,"90,924",100% bearish,of 3 ratings,$21
GERN,$2.93,1441141876844,"1,532,683",88% bullish,of 16 ratings,$5.25
GEVO,$2.38,1441141876879,"215,841",75% bullish,of 12 ratings,$5
ROCK,$16,1441141876981,"284,722",80% bullish,of 5 ratings,$24
GIGM,$0.5361,1441141877018,"12,198",100% bullish,of 2 ratings,N/A
GIII,$66.91,1441141877050,"316,047",67% bullish,of 3 ratings,$75
GILD,$101.49,1441141877071,"9,095,749",91% bullish,of 87 ratings,$129
GIGA,$1.52,1441141877105,"155,834",100% bearish,of 1 rating,N/A
GILT,$4.18,1441141877134,"4,569",50% bullish,of 2 ratings,N/A
GBCI,$25.22,1441141877155,"344,204",50% bullish,of 2 ratings,$31
GLAD,$8.9,1441141877288,"174,263",50% bullish,of 2 ratings,$8.75
GLADO,$25.42,1441141877382,"3,220",Not yet rated,NULL,N/A
GOOD,$14.24,1441141877431,"68,505",Not yet rated,NULL,$19
GOODN,$25.6,1441141877456,325,Not yet rated,NULL,N/A
GAIN,$7.36,1441141877512,"74,406",100% bullish,of 2 ratings,$8.25
GAINO,$25.17,1441141877589,843,Not yet rated,NULL,N/A
GOODO,$25,1441141877623,2,Not yet rated,NULL,N/A
GOODP,$25.2,1441141877724,"1,142",Not yet rated,NULL,N/A
LAND,$9.08,1441141877760,"52,214",50% bullish,of 2 ratings,$13.75
GAINN,$24.9,1441141877794,"64,649",Not yet rated,NULL,N/A
GLBZ,$11.25,1441141877816,457,Not yet rated,NULL,N/A
GAINP,$25.85,1441141877837,"1,529",Not yet rated,NULL,N/A
GBT,$49.15,1441141877876,"52,256",100% bearish,of 1 rating,N/A
GDEF,$10.54,1441141877904,680,Not yet rated,NULL,N/A
GBLI,$26.49,1441141878079,"17,514",Not yet rated,NULL,N/A
ENT,$10.94,1441141878135,"286,208",100% bearish,of 1 rating,$18
GPACU,$9.98,1441141878216,1,Not yet rated,NULL,N/A
QQQC,$18.86,1441141878318,"4,753",100% bearish,of 1 rating,N/A
ALTY,$14.06,1441141878344,"1,270",Not yet rated,NULL,N/A
ACTX,NULL,1441141878401,0,100% bullish,of 1 rating,N/A
SRET,$12.85,1441141878432,"2,507",Not yet rated,NULL,N/A
GSOL,$8.12,1441141878475,"20,446",100% bearish,of 1 rating,N/A
SOCL,$17.06,1441141878537,"22,754",100% bullish,of 2 ratings,N/A
GAI,$6.17,1441141878607,"19,845",50% bullish,of 2 ratings,N/A
GSM,$13.37,1441141878638,"475,762",50% bullish,of 2 ratings,$22
GBIM,$2.59,1441141878659,"10,837",50% bullish,of 2 ratings,N/A
YLCO,$11.6,1441141878692,"2,198",Not yet rated,NULL,N/A
GLBS,$1.06,1441141878790,"5,600",67% bullish,of 3 ratings,N/A
GLRI,$1.05,1441141878821,"5,190",100% bearish,of 1 rating,$4.25
GOGO,$15.61,1441141878952,"521,537",80% bullish,of 5 ratings,$25
GLNG,$37.97,1441141879002,"629,117",83% bullish,of 6 ratings,$55.50
GLYC,$7,1441141879028,"7,994",50% bullish,of 2 ratings,$14
GLUU,$4.28,1441141879049,"1,354,799",92% bullish,of 26 ratings,$9
GDEN,$8.99,1441141879203,"1,908",50% bullish,of 2 ratings,N/A
GOGL,$2.99,1441141879256,"187,746",75% bullish,of 4 ratings,$5
GLDC,$4.03,1441141879284,"4,714",50% bullish,of 2 ratings,N/A
GBDC,$17.08,1441141879309,"280,190",Not yet rated,NULL,$17.75
GTIM,$6.72,1441141879338,"18,831",Not yet rated,NULL,$11.50
GOOGL,$632.89,1441141879368,"1,271,600",88% bullish,of 1082 ratings,$749
GMLP,$20.16,1441141879413,"183,746",50% bullish,of 4 ratings,$29
GPRO,$43.25,1441141879471,"9,130,585",78% bullish,of 58 ratings,$72
GOOG,$600,1441141879519,"1,756,896",88% bullish,of 72 ratings,$825
GMAN,$3.72,1441141879688,"23,619",60% bullish,of 5 ratings,$8.50
GPIAU,NULL,1441141879740,0,Not yet rated,NULL,N/A
GPIA,NULL,1441141879769,0,100% bearish,of 1 rating,N/A
GRVY,$3.62,1441141879874,"8,151",50% bullish,of 2 ratings,N/A
GBSNU,NULL,1441141879899,0,NULL,NULL,NULL
GBSN,$0.315,1441141879977,"3,168,555",50% bullish,of 2 ratings,$8.25
LOPE,$36.56,1441141880004,"267,519",100% bearish,of 2 ratings,$50
GPIAW,NULL,1441141880039,0,Not yet rated,NULL,N/A
GLDD,$5.26,1441141880081,"144,541",100% bearish,of 4 ratings,$7.75
GRBK,$11.8,1441141880137,"125,689",77% bullish,of 13 ratings,N/A
GSBC,$39.835,1441141880163,"31,703",100% bullish,of 1 rating,$44
GNBC,$11.58,1441141880200,"12,857",100% bearish,of 1 rating,$16.50
GPP,$14.07,1441141880225,"25,182",Not yet rated,NULL,$20.50
GPRE,$20.21,1441141880298,"390,841",67% bullish,of 6 ratings,$28.50
GCBC,$28.5,1441141880377,504,100% bullish,of 1 rating,N/A
GLRE,$24.91,1441141880441,"147,384",50% bullish,of 2 ratings,$41
GRIF,$32.42,1441141880567,45,100% bearish,of 1 rating,N/A
GRPN,$4.29,1441141880592,"6,372,097",61% bullish,of 71 ratings,$6.75
GRFS,$29.49,1441141880618,"367,090",50% bullish,of 2 ratings,$35
OMAB,$40.82,1441141880654,"19,908",100% bullish,of 1 rating,$44
GGAL,$18.78,1441141880755,"178,339",80% bullish,of 5 ratings,$40
GSVC,$8.61,1441141880784,"43,330",50% bullish,of 2 ratings,$15.75
GTXI,$0.86,1441141880816,"10,637",100% bullish,of 5 ratings,$.75
GSIT,$4.62,1441141880851,"14,562",100% bearish,of 1 rating,N/A
GSIG,$12.65,1441141880913,"42,225",100% bearish,of 2 ratings,N/A
GBNK,$15.5,1441141880952,"30,343",100% bearish,of 1 rating,$18
GFED,$14.94,1441141880977,"1,290",Not yet rated,NULL,$17
GULTU,$0.335,1441141881044,"32,216",100% bearish,of 1 rating,N/A
GUID,$6.87,1441141881070,"82,603",100% bearish,of 3 ratings,$10
GURE,$1.7,1441141881276,"11,295",88% bullish,of 8 ratings,N/A
GYRO,$30.39,1441141881307,"101,708",100% bearish,of 1 rating,N/A
GPOR,$34.28,1441141881337,"1,173,596",75% bullish,of 4 ratings,$54
GWGH,$8.12,1441141881369,242,100% bearish,of 1 rating,$15.05
GIFI,$12.53,1441141881406,"38,454",100% bearish,of 1 rating,$16
HEES,$18.94,1441141881434,"337,738",67% bearish,of 3 ratings,$31
GWPH,$103.31,1441141881466,"116,762",78% bullish,of 9 ratings,$148.50
HLG,$8.55,1441141881567,"10,863",100% bearish,of 1 rating,N/A
HNRG,$7.7,1441141881601,"65,529",100% bearish,of 1 rating,$10
HALL,$11.3,1441141881627,"21,032",Not yet rated,NULL,N/A
HALO,$16.62,1441141881698,"872,672",67% bullish,of 3 ratings,$22.50
HMPR,$1.82,1441141881763,"45,493",100% bullish,of 1 rating,N/A
HBHCL,$24.15,1441141881912,"23,255",Not yet rated,NULL,N/A
HBHC,$26.63,1441141881934,"448,944",50% bullish,of 2 ratings,$30
HBK,$13.75,1441141881971,"1,717",50% bullish,of 2 ratings,N/A
HNH,$24.45,1441141882013,"21,669",100% bullish,of 1 rating,N/A
HNSN,$0.5562,1441141882067,"47,547",88% bullish,of 8 ratings,$.40
HAFC,$23.33,1441141882096,"121,524",100% bullish,of 2 ratings,$28.50
HQCL,$12.51,1441141882126,"15,965",67% bullish,of 3 ratings,$14
HLIT,$5.64,1441141882151,"248,392",100% bearish,of 1 rating,$6.50
HRMN,NULL,1441141882204,0,Not yet rated,NULL,N/A
HDNG,$10.05,1441141882297,"12,395",50% bullish,of 4 ratings,N/A
HRMNU,NULL,1441141882331,0,Not yet rated,NULL,N/A
HRMNW,NULL,1441141882397,0,Not yet rated,NULL,N/A
HART,$1.27,1441141882424,"285,103",100% bearish,of 1 rating,N/A
TINY,$2.45,1441141882451,"22,481",50% bullish,of 2 ratings,$5.26
HBIO,$4.31,1441141882650,"52,884",100% bearish,of 1 rating,$10
HCAP,$11.93,1441141882679,"16,270",50% bullish,of 2 ratings,$15
HAS,$72.52,1441141882706,"691,545",63% bullish,of 8 ratings,$84.50
HCAPL,NULL,1441141882737,0,Not yet rated,NULL,N/A
HA,$22.37,1441141882779,"445,502",67% bullish,of 9 ratings,$27
HWBK,$13.95,1441141882836,77,100% bearish,of 1 rating,N/A
HWKN,$37.6,1441141882862,"35,991",Not yet rated,NULL,N/A
HCOM,$21.73,1441141882934,"15,373",100% bearish,of 1 rating,$28
HDS,$31.81,1441141882997,"1,220,728",100% bearish,of 2 ratings,$39.50
HIIQ,$4.77,1441141883034,"37,390",50% bullish,of 2 ratings,$7
HQY,$29.2,1441141883083,"148,715",67% bullish,of 3 ratings,$35
HAYN,$37.34,1441141883127,"27,830",100% bearish,of 1 rating,$59
HCSG,$32.67,1441141883156,"249,828",50% bullish,of 4 ratings,$35
HSTM,$23.68,1441141883228,"97,731",50% bullish,of 2 ratings,$33.75
HWAY,$11.88,1441141883297,"259,748",100% bearish,of 1 rating,$15
HTLD,$19.5,1441141883356,"647,649",Not yet rated,NULL,$22.50
HTWR,$81.81,1441141883453,"125,263",50% bullish,of 2 ratings,$103
HSII,$19.5,1441141883483,"50,886",100% bullish,of 3 ratings,$25
HTBX,$3.99,1441141883514,"173,717",50% bullish,of 2 ratings,$15.50
HTLF,$35.23,1441141883543,"72,897",100% bullish,of 1 rating,$39.50
HMNY,NULL,1441141883613,0,100% bearish,of 1 rating,N/A
HMTV,$13.3,1441141883641,"27,240",100% bearish,of 1 rating,$16
HELE,$82.04,1441141883695,"144,769",67% bearish,of 3 ratings,$100
HCACU,$9.99,1441141883769,900,Not yet rated,NULL,N/A
HNNA,$24.625,1441141883828,"10,430",Not yet rated,NULL,N/A
HSIC,$132.56,1441141883853,"322,968",83% bullish,of 6 ratings,$146
HERO,NULL,1441141883872,0,NULL,NULL,NULL
HEOP,$7.5,1441141884074,"26,382",Not yet rated,NULL,$8.50
HTBK,$10.21,1441141884100,"123,461",Not yet rated,NULL,$12
HCCI,$11.46,1441141884121,"38,699",100% bearish,of 1 rating,$16.50
HFWA,$17.22,1441141884156,"44,487",100% bullish,of 1 rating,$20
MLHR,$26.28,1441141884183,"212,924",50% bullish,of 2 ratings,$33.50
HSKA,$33.79,1441141884208,"25,772",100% bearish,of 1 rating,$38
HRTX,$35.75,1441141884290,"5,727,884",57% bullish,of 7 ratings,$41
HFFC,$15.87,1441141884424,"5,290",Not yet rated,NULL,N/A
HPJ,$2.1,1441141884451,"15,113",75% bullish,of 4 ratings,$12.43
HIMX,$6.6,1441141884475,"869,700",86% bullish,of 21 ratings,$8.50
HIBB,$38.89,1441141884534,"179,411",100% bearish,of 1 rating,$46.50
HIFS,$115.99,1441141884608,"2,338",Not yet rated,NULL,N/A
HIHO,$4.14,1441141884743,"19,536",Not yet rated,NULL,N/A
HMSY,$9.78,1441141884780,"619,413",67% bullish,of 3 ratings,$19.35
HMNF,$11.65,1441141884809,"1,475",Not yet rated,NULL,N/A
HSGX,$6.04,1441141884844,"3,442",100% bearish,of 1 rating,$17
HOLI,$16.73,1441141884876,"193,873",50% bullish,of 4 ratings,$27
HBCP,$24.55,1441141884943,"1,637",Not yet rated,NULL,$29
HOLX,$37.22,1441141884977,"2,831,369",50% bullish,of 4 ratings,$42
AWAY,$27.5,1441141885073,"762,176",67% bullish,of 3 ratings,$36
HOMB,$36.5,1441141885104,"112,251",Not yet rated,NULL,$42
HFBL,$21.77,1441141885131,"1,490",Not yet rated,NULL,N/A
HMIN,$25.35,1441141885156,"138,427",100% bearish,of 2 ratings,$35
HTBI,$17.92,1441141885332,"102,554",67% bullish,of 3 ratings,$18.625
HMST,$21.74,1441141885357,"138,939",100% bullish,of 2 ratings,$27
CETC,$0.732,1441141885392,"52,818",86% bullish,of 7 ratings,N/A
HZNP,$29,1441141885426,"1,124,017",85% bullish,of 20 ratings,$40
HOFT,$23.59,1441141885488,"40,395",100% bearish,of 1 rating,N/A
HFBC,$11.35,1441141885510,"26,062",Not yet rated,NULL,N/A
HKTV,$4.36,1441141885554,"28,887",100% bearish,of 1 rating,N/A
HBNC,$23.57,1441141885592,"34,635",100% bullish,of 1 rating,$27
HRZN,$10.39,1441141885690,"19,712",50% bullish,of 2 ratings,$14.25
HMHC,$22.34,1441141885748,"1,325,192",Not yet rated,NULL,$27
ZINC,$7.56,1441141885773,"498,334",100% bearish,of 1 rating,$17
HDP,$22.8,1441141885801,"203,271",67% bearish,of 3 ratings,$30.50
HWCC,$7.39,1441141885934,"128,507",100% bearish,of 1 rating,$9
HBMD,$14.4,1441141885959,"2,598",100% bearish,of 1 rating,N/A
HSNI,$59.51,1441141885992,"377,887",Not yet rated,NULL,$80
HTGM,$5.86,1441141886086,"4,777",100% bearish,of 1 rating,$19.50
HOVNP,$4,1441141886159,"8,000",100% bearish,of 1 rating,N/A
HUBG,$36.69,1441141886188,"142,919",100% bearish,of 1 rating,$43
HCBK,$8.84,1441141886217,"2,377,176",83% bullish,of 6 ratings,$8.61
HSON,$2.73,1441141886243,"6,964",100% bearish,of 1 rating,$5
HDSN,$3.11,1441141886317,"5,166",100% bullish,of 1 rating,$6.25
HBAN,$10.45,1441141886377,"5,110,040",76% bullish,of 17 ratings,$12.29
HURC,$29.15,1441141886413,"12,008",100% bearish,of 1 rating,N/A
HBANP,$1320.45,1441141886469,106,100% bearish,of 1 rating,N/A
HURN,$71.36,1441141886582,"266,376",50% bullish,of 2 ratings,$80
HBP,$3.14,1441141886613,"4,528",100% bullish,of 1 rating,N/A
HDRA,NULL,1441141886684,0,Not yet rated,NULL,N/A
HTCH,$1.44,1441141886713,"201,282",100% bearish,of 1 rating,$3.50
HDRAW,NULL,1441141886740,0,Not yet rated,NULL,N/A
HDRAU,$0.05,1441141886764,0,Not yet rated,NULL,N/A
HDRAR,NULL,1441141886818,0,Not yet rated,NULL,N/A
HYGS,$8.96,1441141886924,"16,303",50% bullish,of 2 ratings,$13
IKGH,$1.43,1441141887052,"47,323",75% bullish,of 4 ratings,N/A
IDSY,$3.8,1441141887080,"9,084",100% bearish,of 1 rating,$7
IBKC,$58.57,1441141887101,"127,352",100% bullish,of 1 rating,$70
ICAD,$3.72,1441141887122,"19,921",100% bullish,of 2 ratings,$7.25
IACI,$69.18,1441141887161,"743,364",80% bullish,of 5 ratings,$90
ICFI,$33.37,1441141887257,"113,640",50% bullish,of 2 ratings,$48.50
IEP,$71,1441141887293,"52,129",75% bullish,of 4 ratings,$99
ICLR,$75.07,1441141887390,"285,771",100% bearish,of 3 ratings,$85
ICON,$13.15,1441141887423,"585,041",50% bullish,of 2 ratings,$28
IPWR,$7.3,1441141887448,"4,987",100% bullish,of 1 rating,$15
INVE,$4.66,1441141887473,"26,150",75% bullish,of 4 ratings,$4
ICUI,$110,1441141887523,"133,439",Not yet rated,NULL,$122
IDXX,$70.54,1441141887666,"611,927",100% bearish,of 1 rating,$76
IDRA,$2.79,1441141887691,"1,141,679",89% bullish,of 9 ratings,$6.50
IROQ,$16.99,1441141887737,726,100% bullish,of 1 rating,N/A
RXDX,$13.46,1441141887834,"87,270",100% bullish,of 1 rating,$20
IRG,$4.92,1441141887863,"20,773",100% bearish,of 1 rating,$4.25
IIVI,$16.46,1441141887895,"132,072",100% bearish,of 1 rating,$22
DSKY,$11.02,1441141887920,"26,132",67% bullish,of 6 ratings,$11.50
IKAN,$2.73,1441141888005,"20,145",83% bullish,of 6 ratings,$5
ILMN,$193.13,1441141888113,"901,797",80% bullish,of 5 ratings,$245
IKNX,$12.57,1441141888140,14,100% bearish,of 1 rating,N/A
KANG,$15.5,1441141888172,"415,848",50% bullish,of 2 ratings,$23.10
ISNS,$4.21,1441141888202,"23,134",50% bullish,of 2 ratings,N/A
IMMR,$11.22,1441141888279,"262,037",80% bullish,of 5 ratings,$15.50
IMDZ,$15.31,1441141888307,"41,662",100% bearish,of 1 rating,$33
ICCC,$6.75,1441141888457,"18,183",100% bullish,of 1 rating,N/A
IMNP,$1.25,1441141888484,"88,328",50% bullish,of 2 ratings,$6
IMGN,$12.98,1441141888505,"1,967,412",75% bullish,of 4 ratings,$17.50
IPXL,$40.63,1441141888539,"911,940",67% bullish,of 3 ratings,$46.50
IMMU,$2.12,1441141888571,"678,510",86% bullish,of 7 ratings,$2
IMMY,$7.64,1441141888634,"3,608",100% bearish,of 1 rating,$11
INCR,$40.98,1441141888672,"495,927",50% bullish,of 2 ratings,$53
SAAS,$7.18,1441141888772,"556,949",50% bullish,of 2 ratings,$15
INCY,$115.12,1441141888801,"1,035,729",50% bullish,of 6 ratings,$125.50
INDB,$43.51,1441141888903,"55,365",Not yet rated,NULL,$44
IBCP,$13.63,1441141888984,"117,857",100% bullish,of 1 rating,$14.50
INFN,$21.51,1441141889059,"1,077,001",71% bullish,of 7 ratings,$28
IDSA,$3.63,1441141889092,654,Not yet rated,NULL,N/A
IBTX,$39.03,1441141889113,"22,340",100% bullish,of 2 ratings,$47.25
IPCC,$75.1,1441141889146,"18,638",Not yet rated,NULL,$77.50
III,$3.64,1441141889167,"55,425",57% bullish,of 7 ratings,$6
INFI,$8.6,1441141889198,"363,706",50% bullish,of 4 ratings,$16.50
IMKTA,$49.19,1441141889357,"74,284",100% bearish,of 1 rating,N/A
IFON,$1.275,1441141889383,"21,873",75% bullish,of 4 ratings,N/A
INNL,$12.54,1441141889404,"3,875",100% bearish,of 1 rating,$16.50
INOD,$2.33,1441141889625,"4,292",100% bearish,of 1 rating,N/A
IPHS,$46.72,1441141889670,"95,781",100% bearish,of 1 rating,$60
INWK,$7.08,1441141889695,"88,695",50% bullish,of 2 ratings,$10
ISSC,$2.84,1441141889722,"3,789",67% bearish,of 3 ratings,N/A
IOSP,$48.16,1441141889743,"129,542",100% bearish,of 1 rating,N/A
INGN,$49.25,1441141889781,"180,991",100% bearish,of 1 rating,$50.50
INOV,$21.76,1441141889873,"404,206",100% bearish,of 1 rating,$33
ITEK,$12.24,1441141889901,"197,244",100% bearish,of 3 ratings,$20
NSIT,$24.56,1441141889964,"129,635",50% bullish,of 2 ratings,N/A
INO,$7.1,1441141889991,"743,555",89% bullish,of 18 ratings,$20
INSM,$23.39,1441141890032,"283,127",71% bullish,of 7 ratings,$31.50
ISIG,$2.75,1441141890058,"4,460",100% bearish,of 1 rating,N/A
PODD,$28.39,1441141890223,"261,513",67% bearish,of 3 ratings,$35
INSY,$32.59,1441141890250,"721,643",75% bullish,of 4 ratings,$48
IIIN,$16.76,1441141890271,"52,626",100% bearish,of 2 ratings,N/A
IART,$58.35,1441141890403,"145,300",100% bearish,of 2 ratings,$71.50
IDTI,$18.47,1441141890428,"1,800,953",60% bullish,of 5 ratings,$25
NTEC,$5.52,1441141890453,"3,969",100% bearish,of 1 rating,N/A
INTC,$27.82,1441141890685,"26,893,787",82% bullish,of 238 ratings,$36
IESC,$7.21,1441141890723,"1,534",100% bearish,of 1 rating,N/A
ISSI,$21.85,1441141890753,"266,007",67% bullish,of 3 ratings,$19.75
IPCI,$2.22,1441141890820,"33,507",67% bullish,of 6 ratings,$8
IPAR,$24.65,1441141890842,"49,027",67% bullish,of 3 ratings,$38
IQNT,$18.34,1441141890872,"188,578",86% bullish,of 7 ratings,$20
ININ,$35.3,1441141891036,"77,493",67% bearish,of 3 ratings,$57
IBKR,$38.42,1441141891091,"667,681",100% bullish,of 1 rating,N/A
ICPT,$182.5,1441141891117,"182,262",70% bullish,of 10 ratings,$359.50
ICLD,$1.89,1441141891166,"78,569",75% bullish,of 4 ratings,N/A
ICLDW,$1.18,1441141891194,525,100% bearish,of 1 rating,N/A
IDCC,$48.99,1441141891258,"297,738",80% bullish,of 5 ratings,$63
TILE,$23.37,1441141891291,"393,962",100% bearish,of 3 ratings,$27
IMI,$2.04,1441141891366,"21,369",67% bullish,of 3 ratings,$2.22
INAP,$8.98,1441141891422,"749,233",75% bullish,of 4 ratings,$11
IBOC,$24.38,1441141891451,"110,147",100% bearish,of 1 rating,N/A
IGLD,$7.01,1441141891590,"3,700",50% bullish,of 2 ratings,N/A
ISCA,$31.72,1441141891624,"138,353",100% bearish,of 1 rating,N/A
PTNT,$3.01,1441141891809,611,Not yet rated,NULL,N/A
XENT,$25.96,1441141891840,"299,098",50% bullish,of 2 ratings,$36.50
IIJI,NULL,1441141891861,0,50% bullish,of 2 ratings,$11.50
INPH,$0.27,1441141891882,"3,400",50% bullish,of 2 ratings,N/A
INTX,$2.06,1441141892012,"57,309",67% bullish,of 3 ratings,N/A
ISIL,$10.27,1441141892043,"721,779",50% bullish,of 6 ratings,$15
IILG,$19.32,1441141892078,"136,668",100% bearish,of 1 rating,$29
INTL,$25.86,1441141892105,"93,017",67% bearish,of 3 ratings,N/A
ITCI,$27.07,1441141892126,"606,730",75% bearish,of 4 ratings,$40
IVAC,$4.62,1441141892160,"28,479",100% bearish,of 1 rating,$6.625
INTLL,$25.6,1441141892191,760,Not yet rated,NULL,N/A
IIN,$6.49,1441141892292,"1,400",100% bearish,of 1 rating,$12
INTU,$84.1,1441141892323,"2,112,017",86% bullish,of 7 ratings,$107.50
ISRG,$503.42,1441141892451,"200,240",67% bullish,of 3 ratings,$600
INVT,$0.33,1441141892476,"97,101",67% bullish,of 3 ratings,N/A
SNAK,$8.38,1441141892551,"111,430",50% bullish,of 2 ratings,$14
ISTR,$15.84,1441141892614,"1,502",100% bearish,of 1 rating,$18.50
NVIV,$9.12,1441141892639,"129,966",50% bullish,of 4 ratings,$24.50
ITIC,$71.5,1441141892686,282,100% bearish,of 2 ratings,N/A
DTUL,$64.48,1441141892787,"1,194",Not yet rated,NULL,N/A
ISBC,$11.41,1441141892820,"1,899,303",100% bullish,of 1 rating,$13.25
IPAS,$1.1,1441141892841,"27,578",67% bullish,of 3 ratings,N/A
IVTY,$13.67,1441141892873,"6,584",Not yet rated,NULL,$18
DFVL,$66.06,1441141892918,"1,230",Not yet rated,NULL,N/A
IPGP,$81.58,1441141893007,"320,358",67% bearish,of 3 ratings,$109.50
IPCM,$79.45,1441141893034,"93,329",50% bullish,of 2 ratings,$80.125
IRMD,$23.26,1441141893060,"33,413",67% bearish,of 3 ratings,$25
IRDM,$6.98,1441141893275,"761,919",60% bullish,of 5 ratings,$11.50
IRIX,$6.51,1441141893309,"36,119",100% bearish,of 1 rating,N/A
IRDMB,$274,1441141893335,440,67% bearish,of 3 ratings,N/A
IRCP,NULL,1441141893404,0,100% bullish,of 2 ratings,N/A
COMT,$32.91,1441141893429,"23,631",100% bearish,of 1 rating,N/A
IRBT,$28.81,1441141893466,"171,704",67% bullish,of 6 ratings,$37
GNMA,$50.21,1441141893496,"5,316",Not yet rated,NULL,N/A
IRWD,$11,1441141893562,"1,086,670",100% bearish,of 1 rating,$13
IFAS,NULL,1441141893590,0,NULL,NULL,NULL
FCHI,NULL,1441141893616,0,NULL,NULL,NULL
IFNA,NULL,1441141893700,0,NULL,NULL,NULL
IFGL,$27.5,1441141893773,"87,313",Not yet rated,NULL,N/A
IFEU,$37.11,1441141893798,"49,214",Not yet rated,NULL,N/A
AAIT,NULL,1441141893961,0,NULL,NULL,NULL
ACWX,$39.45,1441141893990,"724,504",100% bearish,of 1 rating,N/A
ACWI,$54.3,1441141894020,"1,501,461",Not yet rated,NULL,N/A
AAXJ,$51.59,1441141894051,"827,696",Not yet rated,NULL,N/A
AXJS,NULL,1441141894069,0,NULL,NULL,NULL
EEME,NULL,1441141894121,0,NULL,NULL,NULL
EMDI,NULL,1441141894147,0,NULL,NULL,NULL
EEMA,$49.16,1441141894201,"16,703",Not yet rated,NULL,N/A
EGRW,NULL,1441141894247,0,NULL,NULL,NULL
EMEY,NULL,1441141894336,0,NULL,NULL,NULL
EVAL,NULL,1441141894361,0,NULL,NULL,NULL
EEML,$27.26,1441141894395,"1,479",Not yet rated,NULL,N/A
EUFN,$21.09,1441141894491,"134,956",100% bearish,of 1 rating,N/A
UAE,$17.95,1441141894552,"39,488",Not yet rated,NULL,N/A
QAT,$21.82,1441141894626,"22,016",Not yet rated,NULL,N/A
IEUS,$44.36,1441141894656,"15,486",100% bearish,of 1 rating,N/A
IBB,$333.34,1441141894691,"1,167,447",63% bullish,of 8 ratings,N/A
EMIF,$27.86,1441141894759,"56,686",Not yet rated,NULL,N/A
SOXX,$80.06,1441141894783,"335,696",50% bullish,of 2 ratings,N/A
ICLN,$9.19,1441141894812,"22,189",50% bullish,of 2 ratings,N/A
WOOD,$46.93,1441141894843,"11,793",50% bullish,of 2 ratings,N/A
ISHG,$80.15,1441141894953,"8,763",100% bearish,of 1 rating,N/A
IGOV,$90.97,1441141895010,"192,506",100% bearish,of 1 rating,N/A
ISIS,$48.75,1441141895082,"1,450,748",53% bullish,of 15 ratings,$67
INDY,$26.45,1441141895107,"213,829",50% bullish,of 2 ratings,N/A
ISLE,$17.69,1441141895242,"1,307,512",50% bullish,of 4 ratings,$16
ISRL,$125.12,1441141895269,135,100% bearish,of 1 rating,N/A
ITRI,$29,1441141895306,"182,138",100% bearish,of 1 rating,$37
ITRN,$23.75,1441141895469,"1,685",50% bullish,of 2 ratings,N/A
ITUS,$3.98,1441141895499,"1,900",Not yet rated,NULL,N/A
XXIA,$15.05,1441141895532,"387,631",71% bullish,of 7 ratings,$14.625
JJSF,$111.66,1441141895553,"28,736",100% bearish,of 1 rating,N/A
IXYS,$11.25,1441141895585,"140,051",50% bullish,of 4 ratings,N/A
MAYS,$59.7,1441141895630,8,Not yet rated,NULL,N/A
JBHT,$71.52,1441141895715,"776,931",50% bullish,of 4 ratings,$89.50
JCOM,$66.8,1441141895792,"271,037",100% bullish,of 2 ratings,$77
JASO,$7.9,1441141895850,"731,995",82% bullish,of 17 ratings,$10
JACK,$77.01,1441141895926,"378,868",83% bullish,of 6 ratings,$105
JKHY,$65.61,1441141895987,"521,647",67% bearish,of 3 ratings,$72
JXSB,$24.17,1441141896052,"2,667",Not yet rated,NULL,N/A
JAGX,$3.14,1441141896093,"4,478",Not yet rated,NULL,$10.50
JAXB,$13.69,1441141896146,"4,264",100% bullish,of 1 rating,N/A
JAKK,$9.41,1441141896176,"182,072",60% bearish,of 5 ratings,$11
JMBA,$13.89,1441141896197,"102,044",75% bullish,of 4 ratings,$18
ERW,NULL,1441141896235,0,Not yet rated,NULL,N/A
JRVR,$27.08,1441141896280,"41,694",Not yet rated,NULL,$32
JASN,$4.94,1441141896378,"10,853",50% bullish,of 2 ratings,$9.50
JD,$24.88,1441141896454,"5,752,363",75% bullish,of 16 ratings,$36
JAZZ,$165.01,1441141896508,"194,409",80% bullish,of 15 ratings,$206.50
JASNW,NULL,1441141896558,0,50% bullish,of 2 ratings,N/A
JBLU,$22,1441141896600,"3,889,903",94% bullish,of 18 ratings,$27
JCTCF,NULL,1441141896733,0,100% bullish,of 1 rating,N/A
JST,$3.7,1441141896798,"10,375",75% bullish,of 4 ratings,N/A
DATE,$6.09,1441141896828,"42,691",75% bullish,of 4 ratings,$9
JTPY,$2.98,1441141896892,"1,162",100% bearish,of 1 rating,N/A
JOEZ,$0.17,1441141896919,"19,269",92% bullish,of 12 ratings,N/A
WYIGU,NULL,1441141896954,0,100% bearish,of 1 rating,N/A
JBSS,$50.88,1441141896980,"27,558",67% bearish,of 3 ratings,N/A
JIVE,$4.55,1441141897006,"294,447",75% bullish,of 4 ratings,$5
JOUT,$23.83,1441141897048,"9,720",100% bearish,of 1 rating,$34
JNP,$11.14,1441141897154,"25,901",100% bullish,of 3 ratings,$15
KTWO,$20.54,1441141897250,"76,435",100% bearish,of 1 rating,$28.50
JUNO,$34.27,1441141897275,"592,978",73% bullish,of 11 ratings,$71.50
KALU,$81.87,1441141897542,"123,811",67% bearish,of 3 ratings,$91
KNDI,$6.34,1441141897576,"252,297",86% bullish,of 22 ratings,N/A
KPTI,$13.37,1441141897607,"200,955",67% bearish,of 3 ratings,$39
KBIO,$2.17,1441141897628,"74,959",50% bullish,of 4 ratings,N/A
KCLI,$45.69,1441141897686,"11,400",Not yet rated,NULL,N/A
