Symbol,Price,Date,Volume,Rating,RatingVoteCount,OneYearEstimate
TFSCU,NULL,1441138502023,0,Not yet rated,NULL,N/A
TFSCR,NULL,1441138502048,0,Not yet rated,NULL,N/A
TFSCW,$0.26,1441138502079,"1,600",100% bearish,of 1 rating,N/A
FLWS,$8.405,1441138502101,"326,146",80% bullish,of 5 ratings,$15
PIH,$7.54,1441138502133,"3,850",100% bearish,of 1 rating,N/A
TFSC,NULL,1441138502154,0,100% bearish,of 1 rating,N/A
FCCY,$11.66,1441138502175,"1,414",100% bullish,of 1 rating,$13
FCTY,$7.98,1441138502208,"1,500",100% bullish,of 1 rating,$8.50
SRCE,$28.93,1441138502340,"23,090",100% bullish,of 3 ratings,$33
VNET,$17.16,1441138502429,"432,093",60% bullish,of 5 ratings,$35
DGLD,$79.94,1441138502502,"8,953",100% bullish,of 1 rating,N/A
DSLV,$69.5282,1441138502534,"8,768",100% bearish,of 1 rating,N/A
TWOU,$34.02,1441138502556,"155,464",50% bullish,of 2 ratings,$39
USLV,$12.44,1441138502597,"149,115",86% bullish,of 7 ratings,N/A
UGLD,$9.431,1441138502618,"200,081",100% bearish,of 1 rating,N/A
JOBS,$25.63,1441138502649,"111,469",50% bullish,of 4 ratings,$36
AVHI,$13.88,1441138503042,"18,338",100% bearish,of 1 rating,$19
SIXD,$2.5901,1441138503098,"73,699",Not yet rated,NULL,N/A
EGHT,$7.62,1441138503124,"262,830",82% bullish,of 17 ratings,$11
ABY,$21.75,1441138503175,"456,698",100% bearish,of 2 ratings,$46
ABGB,$5.67,1441138503207,"62,898",67% bullish,of 3 ratings,$5.50
SHLM,$33.49,1441138503254,"65,677",100% bearish,of 1 rating,$47
ABAX,$47.13,1441138503305,"146,807",100% bearish,of 1 rating,$60
AAON,$19.81,1441138503330,"58,922",100% bearish,of 1 rating,$24
CAFD,$14.71,1441138503401,"112,444",Not yet rated,NULL,$25
ABEOW,$1.6001,1441138503487,550,100% bullish,of 1 rating,N/A
ABEO,$4.62,1441138503528,"70,718",50% bullish,of 4 ratings,$15.50
AXAS,$1.75,1441138503555,"963,088",78% bullish,of 9 ratings,$3.50
ACTG,$9.0489,1441138503582,"305,708",67% bullish,of 3 ratings,$18.50
ACHC,$71.16,1441138503618,"244,443",50% bullish,of 2 ratings,$92
ABMD,$92.78,1441138503714,"317,241",75% bullish,of 4 ratings,$100.50
ACAD,$35.83,1441138503849,"420,350",80% bullish,of 20 ratings,$48
ACST,$0.3377,1441138503990,"9,201",100% bullish,of 2 ratings,N/A
ANCX,$19.75,1441138504020,"14,390",Not yet rated,NULL,$20
AXDX,$19.33,1441138504052,"137,483",100% bearish,of 1 rating,N/A
VXUP,$1.76,1441138504079,"96,194",100% bearish,of 1 rating,N/A
XLRN,$28.25,1441138504101,"48,859",50% bullish,of 2 ratings,$57
ARAY,$6.63,1441138504132,"348,186",100% bearish,of 1 rating,$10.50
VXDN,$1.7,1441138504157,"146,519",100% bearish,of 1 rating,N/A
AKAO,$6.7699,1441138504290,"28,360",75% bullish,of 4 ratings,$15
ACRX,$4.36,1441138504322,"231,300",67% bearish,of 6 ratings,$5.50
ACHN,$7.08,1441138504429,"1,097,579",90% bullish,of 21 ratings,$16
ACET,$21.7,1441138504460,"45,776",75% bullish,of 4 ratings,$30
ACIW,$20.76,1441138504483,"239,170",67% bearish,of 3 ratings,$24
ACNB,$20,1441138504508,"3,107",Not yet rated,NULL,N/A
ACOR,$31.59,1441138504539,"448,466",67% bearish,of 3 ratings,$38.50
ATVI,$27.8,1441138504723,"5,706,312",67% bullish,of 84 ratings,$31.50
ACPW,$1.92,1441138504776,"41,254",100% bullish,of 4 ratings,$3.25
ACTA,$13.9028,1441138504820,"65,445",67% bearish,of 3 ratings,$25
ACTS,$1.65,1441138504850,"11,137",100% bearish,of 1 rating,N/A
ACXM,$20.43,1441138504907,"163,070",67% bullish,of 3 ratings,N/A
ACUR,$2.9151,1441138504939,"9,558",100% bullish,of 5 ratings,$5
ADMS,$19.5701,1441138504969,"35,267",100% bearish,of 2 ratings,$36
ADMP,$3.661,1441138505074,"13,615",50% bullish,of 2 ratings,$10
AEY,$2.3301,1441138505205,"8,846",100% bearish,of 2 ratings,N/A
ADEP,$6.63,1441138505237,"73,825",50% bullish,of 2 ratings,$10.75
ADAP,$11.33,1441138505264,"77,878",67% bullish,of 3 ratings,$22
ADUS,$28.3483,1441138505336,"39,388",100% bearish,of 1 rating,$31
ADTN,$15.68,1441138505390,"185,470",67% bullish,of 3 ratings,$17.125
ADBE,$75.85,1441138505493,"1,299,898",65% bullish,of 17 ratings,$90
ADMA,$9.06,1441138505529,"4,645",Not yet rated,NULL,$19
AEIS,$23.57,1441138505551,"109,045",50% bullish,of 2 ratings,$32.50
ADXSW,$9.2884,1441138505581,"8,723",100% bullish,of 1 rating,N/A
ADRO,$19.13,1441138505611,"146,315",80% bullish,of 5 ratings,$45.50
AMD,$1.72,1441138505646,"4,297,173",83% bullish,of 103 ratings,$2
MULT,NULL,1441138505709,0,100% bearish,of 1 rating,N/A
ADXS,$13.54,1441138505740,"378,722",64% bullish,of 14 ratings,$27
YPRO,$23.0788,1441138505966,"1,721",100% bearish,of 1 rating,N/A
AEGR,$17.19,1441138505994,"236,364",50% bullish,of 6 ratings,$26
AEGN,$17.92,1441138506024,"64,599",100% bearish,of 2 ratings,$21
AMTX,$2.82,1441138506072,"8,164",50% bullish,of 2 ratings,$26.11
AEHR,$2.28,1441138506129,"23,226",50% bullish,of 2 ratings,N/A
AVAV,$23.455,1441138506207,"67,722",50% bullish,of 4 ratings,$31
AEZS,$0.0884,1441138506240,"5,709,048",90% bullish,of 21 ratings,$1.50
AEPI,$53.612,1441138506342,"7,725",100% bearish,of 1 rating,N/A
AERI,$15.15,1441138506370,"366,307",75% bullish,of 4 ratings,$31.50
AFFX,$8.96,1441138506411,"194,517",80% bullish,of 5 ratings,$12.50
AFMD,$10.1,1441138506547,"69,487",50% bullish,of 4 ratings,$15
AEMD,$7.4428,1441138506606,"15,458",Not yet rated,NULL,$27.50
AGEN,$6.9178,1441138506632,"406,723",85% bullish,of 13 ratings,$14
AGRX,$8.35,1441138506764,"12,070",100% bearish,of 1 rating,$17.50
AGIO,$84.15,1441138506817,"132,970",88% bullish,of 8 ratings,$114
AGYS,$10.01,1441138506843,"18,129",100% bearish,of 1 rating,N/A
AGFSW,$2,1441138506901,"5,200",100% bearish,of 2 ratings,N/A
AGFS,$9.7101,1441138506932,"36,988",100% bearish,of 1 rating,N/A
AIMT,$21.8,1441138506974,"103,210",Not yet rated,NULL,$35.50
AIRM,$35.92,1441138507034,"175,645",80% bearish,of 5 ratings,$53
AIRT,$22.3,1441138507067,504,100% bullish,of 1 rating,N/A
ATSG,$8.65,1441138507167,"131,950",67% bullish,of 3 ratings,$13
AMCN,$4.47,1441138507214,"112,309",83% bullish,of 6 ratings,N/A
AKAM,$70.43,1441138507254,"955,225",63% bullish,of 8 ratings,$77.50
AIXG,$6.26,1441138507311,"4,102",67% bearish,of 3 ratings,$5.25
AKBA,$7.45,1441138507399,"181,767",100% bearish,of 1 rating,$18
AKER,$2.53,1441138507437,420,Not yet rated,NULL,N/A
ALRM,$15.81,1441138507528,"234,722",100% bearish,of 1 rating,$22
ALSK,$2.2,1441138507559,"68,356",78% bullish,of 18 ratings,$2
AKRX,$38.56,1441138507580,"455,442",78% bullish,of 9 ratings,$56
ABDC,$12.88,1441138507663,"4,400",Not yet rated,NULL,$15
ADHD,$8.095,1441138507714,"86,143",50% bullish,of 4 ratings,$18
AMRI,$19.46,1441138507747,"112,477",75% bearish,of 4 ratings,$24
ALDR,$38.6,1441138507795,"238,372",67% bearish,of 3 ratings,$62
ALXN,$170.86,1441138507848,"1,082,869",88% bullish,of 8 ratings,$223
ALDX,$6.85,1441138507876,"4,175",100% bearish,of 1 rating,$14.50
ALXA,$1.16,1441138507924,"20,403",83% bullish,of 6 ratings,$2.125
ALCO,$41.58,1441138508020,"4,520",50% bullish,of 2 ratings,N/A
ALGN,$53.94,1441138508062,"488,516",100% bearish,of 2 ratings,$73
ALIM,$3.1,1441138508102,"69,570",80% bullish,of 5 ratings,$10
ALKS,$59.28,1441138508201,"739,912",67% bullish,of 3 ratings,$75
ALGT,$195.79,1441138508336,"218,454",100% bearish,of 2 ratings,$235
AFOP,$18.49,1441138508365,"136,550",75% bullish,of 8 ratings,$21
ALLB,$22.82,1441138508394,202,Not yet rated,NULL,N/A
AIQ,$13.8,1441138508420,"9,154",67% bullish,of 3 ratings,N/A
AHGP,$35.26,1441138508496,"38,428",67% bullish,of 3 ratings,N/A
AHPI,$1.4401,1441138508578,600,50% bullish,of 2 ratings,N/A
ARLP,$25.36,1441138508604,"107,112",67% bearish,of 3 ratings,$32
ALQA,$4.66,1441138508637,"22,470",75% bullish,of 4 ratings,$8.50
MDRX,$13.29,1441138508741,"1,130,334",60% bullish,of 5 ratings,$16
ALLT,$5.14,1441138508770,"41,142",75% bullish,of 4 ratings,$6.25
AMOT,$18.4812,1441138508821,"67,193",100% bearish,of 1 rating,N/A
ALNY,$98.14,1441138508852,"416,939",67% bullish,of 3 ratings,$151.50
AFAM,$43.99,1441138508874,"43,810",50% bullish,of 2 ratings,$44
AOSL,$7.34,1441138508957,"35,313",67% bullish,of 3 ratings,$9
SMCP,$22.88,1441138509043,"2,900",Not yet rated,NULL,N/A
ATEC,$0.59,1441138509097,"30,837",100% bullish,of 1 rating,$2
ASPS,$25.7,1441138509195,"145,585",67% bullish,of 3 ratings,$46.50
ALTR,$48.19,1441138509267,"1,645,376",80% bearish,of 5 ratings,$54
AMRN,$2.11,1441138509299,"932,806",85% bullish,of 39 ratings,$8
AIMC,$24.086,1441138509369,"62,828",100% bearish,of 2 ratings,$28.50
AMAG,$60.61,1441138509394,"344,515",100% bullish,of 2 ratings,$77.50
AMRK,$10.5,1441138509420,"1,800",50% bullish,of 2 ratings,$14
AMZN,$496.16,1441138509554,"1,502,374",81% bullish,of 265 ratings,$646
AMBC,$15.95,1441138509620,"97,851",100% bearish,of 1 rating,$16.50
AYA,$20.39,1441138509657,"23,996",100% bearish,of 1 rating,$40
AMBCW,NULL,1441138509685,0,100% bearish,of 1 rating,N/A
EPAX,$2.685,1441138509707,"42,873",100% bearish,of 1 rating,N/A
AMCX,$69.45,1441138509747,"278,224",67% bullish,of 3 ratings,$87.50
AMBA,$88.88,1441138509774,"2,817,041",83% bullish,of 12 ratings,$102.50
DOX,$56.14,1441138509852,"194,376",67% bearish,of 3 ratings,$60
AMDA,$0.47,1441138509989,"448,961",90% bullish,of 10 ratings,$1
AMED,$39.34,1441138510019,"249,538",100% bearish,of 1 rating,$42
ASBI,$22.7999,1441138510121,500,Not yet rated,NULL,N/A
UHAL,$365.81,1441138510153,"8,736",100% bullish,of 2 ratings,$393.50
ATAX,$5.34,1441138510183,"47,295",100% bullish,of 1 rating,$6.50
AMOV,$17.96,1441138510210,"2,510",100% bearish,of 1 rating,N/A
AGNC,$19.06,1441138510251,"1,501,927",71% bullish,of 28 ratings,$22
AAL,$39.15,1441138510279,"8,487,512",93% bullish,of 88 ratings,$57
AGNCP,$25.3303,1441138510414,"4,551",Not yet rated,NULL,N/A
MTGE,$15.19,1441138510455,"375,164",75% bullish,of 4 ratings,$19.50
ACSF,$12.211,1441138510483,"40,963",100% bearish,of 1 rating,$15
AGNCB,$24.1226,1441138510504,"17,271",Not yet rated,NULL,N/A
MTGEP,$24.2665,1441138510533,970,Not yet rated,NULL,N/A
ACAS,$13.615,1441138510670,"713,313",60% bullish,of 5 ratings,$16.75
ANCI,NULL,1441138510696,0,100% bearish,of 1 rating,N/A
AMNB,$23.16,1441138510974,"4,414",Not yet rated,NULL,$25.50
AETI,$3.3801,1441138510999,"1,769",67% bearish,of 3 ratings,N/A
AMIC,NULL,1441138511024,0,100% bearish,of 1 rating,N/A
ANAT,$97.55,1441138511054,"26,008",100% bullish,of 1 rating,N/A
ARII,$40,1441138511085,"162,680",67% bearish,of 3 ratings,$45
APEI,$21.3,1441138511154,"52,006",100% bearish,of 1 rating,$25.50
AMSWA,$8.59,1441138511181,"56,054",100% bearish,of 2 ratings,$10.75
AMRB,$9.91,1441138511220,"4,247",Not yet rated,NULL,$11
ASEI,$38.14,1441138511246,"18,051",100% bearish,of 1 rating,$52.50
AMWD,$64.6,1441138511381,"67,834",50% bullish,of 2 ratings,$70
AMSC,$5.035,1441138511427,"150,144",50% bullish,of 4 ratings,N/A
ABCB,$26.32,1441138511452,"46,446",Not yet rated,NULL,$31
CRMT,$36.03,1441138511480,"41,313",100% bearish,of 1 rating,$39
AMSF,$45.59,1441138511527,"15,810",Not yet rated,NULL,$57.50
ASRVP,NULL,1441138511623,0,Not yet rated,NULL,N/A
ASRV,$3.25,1441138511689,"13,287",100% bullish,of 2 ratings,N/A
FOLD,$14.25,1441138511795,"1,177,025",56% bullish,of 9 ratings,$21
AMPH,$13.29,1441138511839,"156,095",50% bullish,of 2 ratings,$20
ATLO,$22.48,1441138511866,"5,066",Not yet rated,NULL,N/A
AMKR,$5.05,1441138511893,"1,183,136",100% bearish,of 2 ratings,$5
AMGN,$147.51,1441138511921,"2,482,814",89% bullish,of 19 ratings,$185
AMSG,$76.04,1441138511953,"196,311",100% bearish,of 1 rating,$85.50
AMSGP,$148.51,1441138512058,400,Not yet rated,NULL,N/A
ASYS,$5.41,1441138512138,"25,813",67% bullish,of 3 ratings,$12
AFSI,$56.04,1441138512226,"304,356",60% bullish,of 5 ratings,$72
AMRS,$1.8,1441138512257,"76,779",70% bullish,of 10 ratings,N/A
ANAD,$0.3,1441138512284,"153,197",100% bullish,of 2 ratings,$.50
ANAC,$129.36,1441138512361,"261,298",80% bullish,of 5 ratings,$180.50
ADI,$53.5,1441138512419,"1,628,052",75% bullish,of 4 ratings,$69
ALOG,$79.94,1441138512522,"55,453",100% bearish,of 2 ratings,$100.50
ANCB,$21.84,1441138512551,"14,792",Not yet rated,NULL,$23
ABCW,$40,1441138512624,"18,224",67% bullish,of 3 ratings,N/A
ANGI,$5.09,1441138512650,"219,523",64% bullish,of 11 ratings,$5.50
AMCF,$0.2,1441138512676,"13,570",100% bullish,of 7 ratings,N/A
ANIP,$50.36,1441138512732,"165,587",89% bullish,of 19 ratings,$66
ANSS,$87.0087,1441138512862,"275,561",100% bearish,of 1 rating,$100
ATRS,$1.81,1441138512899,"679,570",92% bullish,of 12 ratings,$4.50
ABAC,$0.7459,1441138512966,"7,128",100% bearish,of 1 rating,N/A
ANIK,$34.75,1441138513001,"87,642",60% bullish,of 5 ratings,$51.25
ANTH,$6.79,1441138513023,"407,213",80% bullish,of 10 ratings,$13
ANGO,$14.56,1441138513056,"45,818",67% bullish,of 3 ratings,$19
ATNY,$2.42,1441138513097,"1,100",50% bullish,of 2 ratings,$3.75
APIC,$6.26,1441138513156,"78,803",100% bearish,of 1 rating,$19
APOL,$10.8,1441138513255,"723,906",87% bearish,of 68 ratings,$14
APOG,$50.09,1441138513286,"75,110",50% bullish,of 2 ratings,$67
AINV,$6.3349,1441138513351,"1,090,154",50% bullish,of 4 ratings,$8
APPF,$15.22,1441138513385,"33,221",50% bullish,of 2 ratings,$22
AAPL,$108.18,1441138513488,"36,611,406",86% bullish,of 2358 ratings,$150
APDN,$3.4919,1441138513518,"68,868",Not yet rated,NULL,$9
ARCI,$1.12,1441138513545,"6,720",Not yet rated,NULL,N/A
APDNW,$1.5,1441138513626,"13,780",Not yet rated,NULL,N/A
AGTC,$15.68,1441138513674,"38,468",50% bullish,of 2 ratings,$33
AMAT,$15.45,1441138513760,"8,663,850",82% bullish,of 11 ratings,$23
AMCC,$5.6935,1441138513785,"276,747",80% bullish,of 5 ratings,$8
AAOI,$19.6,1441138513854,"147,373",50% bullish,of 4 ratings,$26
AREX,$2.3,1441138513879,"1,521,428",50% bullish,of 2 ratings,$3
APRI,$1.774,1441138513931,"753,525",83% bullish,of 6 ratings,$4.86
AQMS,$4.84,1441138514037,"9,746",Not yet rated,NULL,N/A
AQXP,$16.66,1441138514100,"121,865",50% bullish,of 2 ratings,$2
APTO,$5.275,1441138514126,"1,153",Not yet rated,NULL,$17
AUMAU,NULL,1441138514194,0,Not yet rated,NULL,N/A
AUMA,$9.75,1441138514289,600,Not yet rated,NULL,N/A
AUMAW,$0.25,1441138514395,100,Not yet rated,NULL,N/A
ARDM,$7.42,1441138514429,"1,200",100% bullish,of 1 rating,$26
PETX,$17.55,1441138514452,"138,968",100% bearish,of 2 ratings,$26
ABUS,$6.77,1441138514481,"257,399",86% bullish,of 14 ratings,$23
ARCW,$3.5,1441138514530,"5,813",100% bearish,of 2 ratings,$10.50
ABIO,$0.91,1441138514583,"29,509",50% bullish,of 2 ratings,$3.75
ACGL,$67.8098,1441138514649,"315,839",50% bullish,of 2 ratings,$72
RKDA,$6.32,1441138514676,"7,592",100% bearish,of 2 ratings,$10
ACAT,$25.61,1441138514724,"53,881",100% bearish,of 3 ratings,$33
ARCB,$27.58,1441138514758,"110,679",67% bearish,of 3 ratings,$39.50
ARDX,$18.5,1441138514861,"52,697",50% bullish,of 2 ratings,$24.50
ARNA,$2.55,1441138514886,"1,321,615",90% bullish,of 78 ratings,$5.50
AGII,$54.86,1441138515056,"44,013",Not yet rated,NULL,$59.50
AGIIL,$25.35,1441138515086,"3,535",Not yet rated,NULL,N/A
ARCC,$15.37,1441138515133,"1,260,678",67% bearish,of 3 ratings,$17.75
ARIA,$9.1453,1441138515187,"3,567,116",87% bullish,of 46 ratings,$9
ARIS,$3.66,1441138515240,"9,856",Not yet rated,NULL,$4.50
ARGS,$6.2,1441138515261,"36,822",50% bullish,of 2 ratings,$19.50
ARMH,$41.175,1441138515342,"730,191",54% bearish,of 13 ratings,$60
ARTX,$1.4699,1441138515406,"129,664",88% bullish,of 16 ratings,$4.50
ARKR,$25.003,1441138515437,242,50% bullish,of 2 ratings,N/A
ARWA,NULL,1441138515511,0,Not yet rated,NULL,N/A
ARWAR,NULL,1441138515542,0,Not yet rated,NULL,N/A
ARWAW,NULL,1441138515572,0,Not yet rated,NULL,N/A
ARWAU,$10.2,1441138515649,200,100% bullish,of 1 rating,N/A
ARRY,$5.67,1441138515752,"907,360",100% bullish,of 7 ratings,$10
ARQL,$1.63,1441138515783,"80,218",75% bullish,of 4 ratings,$5
DWAT,$9.6439,1441138515858,"9,100",100% bearish,of 1 rating,N/A
ARRS,$25.56,1441138515884,"714,064",50% bullish,of 2 ratings,$38
ARWR,$5.66,1441138515939,"405,659",75% bullish,of 4 ratings,$10.50
AROW,$26.774,1441138515970,"15,745",Not yet rated,NULL,N/A
ARTW,$3.9592,1441138516039,"12,614",75% bearish,of 4 ratings,N/A
ARTNA,$21.705,1441138516065,"12,771",100% bearish,of 1 rating,$29
ASBB,$24.11,1441138516195,100,Not yet rated,NULL,N/A
ASND,$19.3,1441138516276,"106,367",50% bullish,of 2 ratings,$30
ASCMA,$27.62,1441138516327,"55,519",100% bearish,of 1 rating,$45
APWC,$1.72,1441138516353,100,100% bearish,of 1 rating,N/A
ASNA,$12.04,1441138516374,"1,356,797",50% bullish,of 2 ratings,$18
ASMI,NULL,1441138516417,0,NULL,NULL,NULL
ASTI,$0.21,1441138516550,"16,364,538",83% bullish,of 6 ratings,$3
ASML,$89.06,1441138516580,"476,627",50% bullish,of 4 ratings,$127
AZPN,$37.2,1441138516605,"320,114",50% bullish,of 2 ratings,$42
ASTE,$38.17,1441138516738,"44,931",100% bearish,of 1 rating,$49
ALOT,$13.26,1441138516766,"1,396",100% bearish,of 1 rating,N/A
ASMB,$13.7426,1441138516791,"39,269",67% bullish,of 3 ratings,N/A
ASFI,$8.88,1441138516830,"8,500",100% bullish,of 1 rating,N/A
ATRO,$49.8341,1441138516857,"56,282",100% bearish,of 2 ratings,$80
ASUR,$5.51,1441138516986,"5,038",50% bullish,of 2 ratings,$8
ASTC,$2.05,1441138517012,"20,956",100% bullish,of 5 ratings,N/A
ATAI,$2.44,1441138517189,"34,261",100% bearish,of 1 rating,N/A
ATHX,$1.12,1441138517223,"91,152",89% bullish,of 9 ratings,$5
AAPC,$10.1,1441138517262,8,Not yet rated,NULL,N/A
ATRA,$39.02,1441138517322,"76,929",50% bullish,of 2 ratings,$68
AFCB,NULL,1441138517352,0,Not yet rated,NULL,N/A
ACFC,$5.4,1441138517382,"27,832",100% bearish,of 1 rating,$6.50
AAME,$3.51,1441138517404,"1,403",Not yet rated,NULL,N/A
ATHN,$130.8135,1441138517425,"113,798",67% bearish,of 3 ratings,$153
ATNI,$70.87,1441138517555,"36,150",100% bearish,of 1 rating,$69.50
ATLC,$3.98,1441138517626,"19,511",67% bullish,of 3 ratings,N/A
AAWW,$38.46,1441138517657,"266,770",50% bullish,of 2 ratings,$65
AFH,$16.01,1441138517682,"42,290",Not yet rated,NULL,$21.50
ATOS,$0.7597,1441138517760,"32,999",100% bullish,of 7 ratings,$7
ATML,$7.88,1441138517823,"7,853,547",78% bullish,of 9 ratings,$9.50
ATRC,$23.88,1441138517865,"81,325",100% bullish,of 1 rating,$30
ATRI,$378.21,1441138517952,"1,606",Not yet rated,NULL,N/A
ATTU,$12.951,1441138518008,"48,987",100% bearish,of 1 rating,$20.50
ATRM,$2.72,1441138518037,400,50% bullish,of 2 ratings,N/A
LIFE,$14.01,1441138518069,"39,425",86% bullish,of 7 ratings,$43
AUBN,$26.85,1441138518111,"1,793",Not yet rated,NULL,N/A
AUPH,$3.4668,1441138518177,"53,906",100% bearish,of 1 rating,$8
AUDC,$3.26,1441138518246,"53,874",80% bullish,of 5 ratings,$5
EARS,$4.67,1441138518279,"13,473",100% bearish,of 2 ratings,$11
ADAT,$0.2801,1441138518307,"98,497",100% bullish,of 2 ratings,N/A
ABTL,$17.5,1441138518381,"46,191",100% bullish,of 4 ratings,$20.25
ADSK,$45.41,1441138518439,"2,350,930",67% bullish,of 6 ratings,$66
ADP,$75.4861,1441138518516,"1,208,075",100% bearish,of 1 rating,$88
AVNU,$12.8099,1441138518621,"13,021",Not yet rated,NULL,$14
AAVL,$10.22,1441138518646,"186,127",100% bearish,of 1 rating,$20
AVGO,$119.05,1441138518676,"2,201,276",88% bullish,of 8 ratings,$165
AVEO,$1.37,1441138518701,"516,178",75% bullish,of 8 ratings,$3
AVID,$8.22,1441138518832,"313,052",100% bearish,of 1 rating,$20
AVGR,$14.54,1441138518859,"14,439",100% bearish,of 1 rating,$20
AVNW,$1.19,1441138518895,"28,735",50% bullish,of 2 ratings,N/A
AWRE,$3.24,1441138518991,"8,237",67% bullish,of 3 ratings,N/A
CAR,$42.6,1441138519017,"814,800",80% bullish,of 5 ratings,$60
AXPW,$1.8399,1441138519064,"1,811,075",83% bullish,of 6 ratings,N/A
AXPWW,$1.0001,1441138519193,100,Not yet rated,NULL,N/A
ACLS,$3.16,1441138519230,"273,560",67% bullish,of 6 ratings,$4.75
AXGN,$4.7089,1441138519322,"48,203",Not yet rated,NULL,$5
BCOM,NULL,1441138519348,0,100% bearish,of 1 rating,N/A
AXTI,$2.1532,1441138519370,"14,152",50% bullish,of 2 ratings,$2.75
RILY,$9.75,1441138519408,400,Not yet rated,NULL,N/A
BIDU,$143.53,1441138519505,"2,193,017",81% bullish,of 88 ratings,$210
BEAV,$47.66,1441138519531,"770,267",67% bearish,of 3 ratings,$59
BOSC,$2.1501,1441138519556,200,50% bullish,of 2 ratings,N/A
BLDP,$1.34,1441138519684,"204,766",91% bullish,of 22 ratings,$2.50
BWINA,NULL,1441138519712,0,Not yet rated,NULL,N/A
BWINB,$22.5499,1441138519786,"4,200",Not yet rated,NULL,N/A
BCPC,$57.59,1441138519990,"70,330",100% bearish,of 1 rating,$75
BANF,$58.08,1441138520018,"14,023",Not yet rated,NULL,$68
BKMU,$6.93,1441138520070,"38,368",Not yet rated,NULL,$8
BANFP,NULL,1441138520123,0,Not yet rated,NULL,N/A
BOCH,$5.7741,1441138520203,"6,457",Not yet rated,NULL,$6.50
BKSC,$16.98,1441138520255,100,Not yet rated,NULL,N/A
BMRC,$47.91,1441138520333,"6,137",Not yet rated,NULL,$52
BWFG,$18.19,1441138520407,400,100% bearish,of 1 rating,N/A
BOTJ,$11.11,1441138520436,25,Not yet rated,NULL,N/A
BFIN,$12.17,1441138520465,"11,050",Not yet rated,NULL,$13
OZRK,$39.29,1441138520491,"436,870",67% bullish,of 3 ratings,$49.50
BZUN,$4.91,1441138520522,"133,089",50% bullish,of 2 ratings,$11.50
TAPR,$32.58,1441138520623,550,100% bearish,of 1 rating,N/A
BHAC,$9.82,1441138520650,520,Not yet rated,NULL,N/A
BANR,$42.99,1441138520676,"55,310",100% bullish,of 3 ratings,$50
BHACR,NULL,1441138520803,0,Not yet rated,NULL,N/A
BYBK,$5,1441138520994,"1,113",100% bearish,of 1 rating,N/A
BBSI,$34.2267,1441138521029,"30,407",67% bearish,of 3 ratings,$62.50
BHACW,NULL,1441138521060,0,Not yet rated,NULL,N/A
BYLK,$13,1441138521081,"17,808",Not yet rated,NULL,$14
BHACU,NULL,1441138521118,0,Not yet rated,NULL,N/A
BSET,$28.08,1441138521139,"38,988",100% bearish,of 1 rating,$35
BCBP,$11.54,1441138521171,892,Not yet rated,NULL,N/A
BV,$5.18,1441138521208,"307,037",67% bullish,of 6 ratings,$9
BBCN,$13.885,1441138521308,"176,771",100% bearish,of 1 rating,$16
BDCV,$4.95,1441138521344,"7,981",100% bearish,of 1 rating,$10.19
BSF,$8.3,1441138521439,"5,213",Not yet rated,NULL,N/A
BECN,$35.08,1441138521470,"122,700",50% bullish,of 2 ratings,$40
BBBY,$60.8,1441138521572,"935,003",71% bullish,of 7 ratings,$75
BEBE,$1.27,1441138521609,"447,076",75% bullish,of 4 ratings,$2.125
BBGI,$4.25,1441138521635,549,100% bearish,of 1 rating,N/A
BELFA,$14.87,1441138521702,218,100% bearish,of 1 rating,N/A
BELFB,$17.4,1441138521728,"19,372",100% bearish,of 1 rating,N/A
BLPH,$4.54,1441138521781,"35,184",100% bearish,of 1 rating,$12.50
BLCM,$16.37,1441138521870,"76,069",50% bullish,of 4 ratings,$40
BNCL,$12.288,1441138521900,"300,879",100% bullish,of 3 ratings,$12.50
BNTC,$7.66,1441138521944,"7,447",100% bullish,of 1 rating,N/A
BNFT,$35.38,1441138521972,"89,563",67% bullish,of 3 ratings,$46
BGCP,$8.7,1441138522054,"705,852",88% bullish,of 8 ratings,$14
BGMD,$0.67,1441138522110,"77,890",100% bullish,of 10 ratings,N/A
BGFV,$11.06,1441138522251,"86,830",57% bullish,of 7 ratings,$12
ORPN,$5.7199,1441138522304,"6,511",100% bullish,of 1 rating,$28.50
BASI,$1.64,1441138522347,"2,625",Not yet rated,NULL,N/A
BIND,$4.71,1441138522399,"90,227",75% bullish,of 4 ratings,$13.50
BCDA,NULL,1441138522426,0,Not yet rated,NULL,N/A
BCRX,$11.24,1441138522454,"544,211",63% bullish,of 8 ratings,$18
BIOC,$1.96,1441138522481,"92,697",83% bullish,of 6 ratings,$3.85
BDSI,$6.5701,1441138522614,"715,753",88% bullish,of 8 ratings,$17
BIIB,$292.35,1441138522648,"1,035,517",88% bullish,of 16 ratings,$400
BIOD,$0.725,1441138522674,"153,060",80% bullish,of 5 ratings,$4
BIOL,$1.47,1441138522699,"25,773",Not yet rated,NULL,N/A
BLFS,$2.3799,1441138522744,"425,284",100% bearish,of 1 rating,$4.75
BMRN,$124.9,1441138522843,"549,019",80% bullish,of 5 ratings,$160
BLRX,$1.5,1441138522886,"103,262",100% bullish,of 12 ratings,$5
BVXVW,$0.75,1441138522987,"4,700",100% bearish,of 1 rating,N/A
BVXV,$3.53,1441138523014,"5,812",Not yet rated,NULL,N/A
BPTH,$1.15,1441138523076,"337,687",100% bullish,of 2 ratings,$5
BRLI,NULL,1441138523160,0,NULL,NULL,NULL
BIOS,$2.3789,1441138523186,"709,533",71% bullish,of 7 ratings,$4
BSPM,$0.64,1441138523216,"21,393",50% bullish,of 2 ratings,N/A
BBP,$31.78,1441138523257,"25,555",Not yet rated,NULL,N/A
BBC,$30.56,1441138523287,"14,229",Not yet rated,NULL,N/A
BSTC,$47.616,1441138523315,"20,299",100% bearish,of 1 rating,$76
TECH,$91.95,1441138523394,"84,559",100% bullish,of 1 rating,$117
BITI,$17,1441138523534,"7,386",100% bullish,of 1 rating,$28
BEAT,$14.37,1441138523562,"351,783",67% bearish,of 3 ratings,$15
BOTA,$2.18,1441138523635,"28,785",88% bullish,of 8 ratings,N/A
BDMS,NULL,1441138523669,0,100% bearish,of 1 rating,N/A
BJRI,$43.21,1441138523764,"121,093",50% bullish,of 2 ratings,$55
BBOX,$14.77,1441138523790,"56,749",100% bearish,of 1 rating,N/A
BDE,$7.06,1441138523861,"87,176",50% bullish,of 2 ratings,$9
BBRY,$7.31,1441138523887,"2,515,329",61% bullish,of 330 ratings,$9
BKCC,$9.2948,1441138523934,"145,980",50% bullish,of 2 ratings,$10
HAWK,$37.97,1441138523961,"272,687",91% bullish,of 11 ratings,$49
BLKB,$55.56,1441138524030,"85,536",100% bearish,of 2 ratings,$66
ADRE,$28.92,1441138524092,"3,812",100% bearish,of 1 rating,N/A
ADRA,$26.12,1441138524116,"9,122",100% bearish,of 1 rating,N/A
ADRU,$21.1812,1441138524355,100,100% bearish,of 1 rating,N/A
BLMN,$20.605,1441138524382,"911,575",83% bullish,of 6 ratings,$27.50
ADRD,$21.38,1441138524404,"87,081",100% bearish,of 1 rating,N/A
BCOR,$13.44,1441138524540,"161,424",57% bullish,of 7 ratings,$15
BLBD,$11.755,1441138524568,"6,396",Not yet rated,NULL,N/A
BUFF,$24.38,1441138524601,"561,183",83% bullish,of 12 ratings,$31.50
BHBK,$13.55,1441138524643,"57,077",100% bullish,of 1 rating,$14.50
NILE,$33.61,1441138524700,"50,846",50% bullish,of 2 ratings,$34
BBLU,$0.78,1441138524729,"67,818",100% bullish,of 2 ratings,$4.43
BKEP,$6.08,1441138524760,"12,895",100% bearish,of 1 rating,$8.50
BLUE,$130.461,1441138524858,"280,036",71% bullish,of 7 ratings,$217.50
BOBE,$45.11,1441138524897,"165,194",75% bullish,of 4 ratings,$57
BKEPP,$7.49,1441138524927,"1,700",100% bearish,of 1 rating,N/A
BNCN,$20.48,1441138524956,"51,211",Not yet rated,NULL,$24
BPMC,$27.49,1441138525029,"53,766",50% bullish,of 2 ratings,$47.50
BOFI,$109.935,1441138525092,"199,140",100% bullish,of 6 ratings,$144
BOJA,$20.79,1441138525243,"92,647",100% bullish,of 1 rating,$30
WIFI,$7.38,1441138525272,"108,050",50% bullish,of 2 ratings,$13.50
BOKF,$60.335,1441138525293,"163,474",100% bearish,of 1 rating,$69
BONA,$11.3,1441138525324,"107,038",75% bullish,of 4 ratings,$8.50
BAMM,$3.18,1441138525459,"9,974",60% bullish,of 5 ratings,N/A
BNSO,$1.31,1441138525591,"2,000",100% bearish,of 1 rating,N/A
BDBD,$8.33,1441138525752,"601,397",60% bullish,of 5 ratings,$10
BBEP,$2.66,1441138525811,"1,135,900",69% bullish,of 13 ratings,$5.625
BPFHW,NULL,1441138525834,0,100% bearish,of 1 rating,N/A
BCLI,$3.02,1441138525864,"29,031",80% bullish,of 5 ratings,$12
EPAY,$26.24,1441138525888,"81,084",100% bearish,of 2 ratings,$30
BBRG,$12.1,1441138525914,"57,112",67% bullish,of 3 ratings,$14.50
BPFH,$11.4,1441138525952,"310,573",100% bearish,of 1 rating,$14
BPFHP,$25,1441138526084,"2,940",100% bearish,of 1 rating,N/A
BDGE,$26.01,1441138526264,"8,027",Not yet rated,NULL,$31.75
BBEPP,$14.04,1441138526289,"39,362",100% bearish,of 1 rating,N/A
BLIN,$1.33,1441138526347,600,100% bullish,of 2 ratings,$2.20
BRID,$8.1601,1441138526419,"1,000",100% bearish,of 1 rating,N/A
BCOV,$5.12,1441138526479,"68,607",67% bullish,of 3 ratings,$10.20
BWEN,$3.1,1441138526552,"10,743",75% bullish,of 4 ratings,$8
BSFT,$31.6865,1441138526582,"119,921",57% bullish,of 7 ratings,$40.50
BVSN,$6.07,1441138526604,"2,000",60% bearish,of 5 ratings,N/A
BYFC,$1.45,1441138526642,502,50% bullish,of 2 ratings,N/A
BRCM,$49.84,1441138526664,"4,067,054",69% bullish,of 13 ratings,$56
BRCD,$10.22,1441138526736,"2,232,106",92% bullish,of 13 ratings,$11.50
BRKL,$10.1,1441138526796,"306,464",100% bearish,of 1 rating,$10.75
BRKS,$10.11,1441138526878,"80,741",67% bullish,of 3 ratings,$15.25
BRKR,$17.83,1441138526903,"304,874",100% bearish,of 2 ratings,$22
BMTC,$28.59,1441138526971,"33,450",Not yet rated,NULL,$34
BLMT,$20.72,1441138527054,"6,849",Not yet rated,NULL,N/A
CFFI,$35,1441138527260,749,100% bearish,of 1 rating,N/A
BSQR,$5.9801,1441138527291,"34,832",67% bullish,of 3 ratings,N/A
BUR,$1.797,1441138527313,"4,294",100% bearish,of 1 rating,$8
BWLD,$191.1,1441138527355,"231,790",82% bullish,of 11 ratings,$205
BLDR,$14.36,1441138527377,"533,534",67% bullish,of 3 ratings,$22
CA,$26.5988,1441138527407,"1,437,520",50% bullish,of 4 ratings,$33
CCMP,$41.88,1441138527448,"30,663",50% bullish,of 2 ratings,$59
CHRW,$65.91,1441138527477,"783,772",Not yet rated,NULL,$72
CDNS,$19.69,1441138527611,"1,128,454",75% bullish,of 4 ratings,$22.50
CDZI,$7.92,1441138527634,"14,739",100% bearish,of 1 rating,N/A
CZR,$9.1441,1441138527774,"524,498",60% bearish,of 5 ratings,$10.50
CACQ,$7.2,1441138527800,"36,814",100% bearish,of 1 rating,$12.25
CLBS,$1.6979,1441138527858,"329,182",79% bullish,of 14 ratings,$4
PRSS,$4.4199,1441138527943,"17,936",80% bullish,of 5 ratings,$4.50
CSTE,$38.68,1441138527973,"105,481",50% bullish,of 2 ratings,$65
CHY,$11.2,1441138528074,"290,803",Not yet rated,NULL,N/A
CLMS,$10.05,1441138528104,"43,875",Not yet rated,NULL,$10.50
CFGE,$10.34,1441138528161,80,Not yet rated,NULL,N/A
CCD,$18.9601,1441138528187,"140,109",Not yet rated,NULL,N/A
CHI,$10.4119,1441138528221,"235,281",100% bearish,of 1 rating,N/A
CHW,$7.3866,1441138528254,"121,692",100% bearish,of 1 rating,N/A
CGO,$11.83,1441138528330,"23,654",100% bearish,of 1 rating,N/A
CAMP,$16.01,1441138528360,"311,510",88% bullish,of 8 ratings,$25
CSQ,$9.69,1441138528496,"340,178",Not yet rated,NULL,N/A
CFNB,$13.26,1441138528583,101,100% bearish,of 1 rating,N/A
CVGW,$56.42,1441138528635,"63,173",50% bullish,of 2 ratings,$62
CALA,$5.46,1441138528663,"202,529",100% bullish,of 3 ratings,$19.50
CALD,$15.7,1441138528688,"311,858",100% bearish,of 1 rating,$21
CALM,$51.7,1441138528734,"368,483",80% bullish,of 5 ratings,$63.50
CLMT,$25.2997,1441138528817,"124,843",75% bullish,of 8 ratings,$31
CAMB,$9.95,1441138528865,"1,856",Not yet rated,NULL,N/A
ABCD,$4.9953,1441138528898,"79,810",83% bullish,of 6 ratings,N/A
CAMBW,NULL,1441138528999,0,Not yet rated,NULL,N/A
CAMT,$2.57,1441138529029,"22,859",73% bullish,of 11 ratings,$4
CAC,$40,1441138529060,"7,882",Not yet rated,NULL,N/A
CAMBU,NULL,1441138529162,0,100% bearish,of 1 rating,N/A
CSIQ,$17.96,1441138529321,"1,144,258",86% bullish,of 28 ratings,$42.50
CGIX,$9.47,1441138529408,"12,131",67% bullish,of 3 ratings,$14.375
CPHC,NULL,1441138529433,0,100% bearish,of 1 rating,N/A
CBNJ,$11.035,1441138529458,"16,891",100% bearish,of 1 rating,N/A
CPLP,$6.91,1441138529628,"139,091",71% bullish,of 7 ratings,$11
CBF,$30.3023,1441138529664,"145,691",Not yet rated,NULL,$32
CSWC,$44.97,1441138529697,"12,831",Not yet rated,NULL,N/A
CPLA,$47.75,1441138529723,"58,390",67% bearish,of 3 ratings,$65
CFFN,$11.7687,1441138529756,"751,239",Not yet rated,NULL,$12.75
CCBG,$14.82,1441138529785,"16,790",Not yet rated,NULL,$17.25
CPTA,$13.72,1441138529810,"30,129",100% bearish,of 1 rating,$18.50
CAPN,$2.17,1441138529853,"69,907",100% bullish,of 1 rating,$10.85
CAPNW,NULL,1441138529948,0,Not yet rated,NULL,N/A
CAPR,$4.48,1441138530030,"14,761",Not yet rated,NULL,$12
CPST,$0.3806,1441138530103,"636,488",95% bullish,of 22 ratings,$1.25
CARA,$18.5899,1441138530185,"97,937",50% bullish,of 4 ratings,$25
CARB,$11.02,1441138530328,"85,042",75% bullish,of 4 ratings,$12
CRDC,$0.336,1441138530369,"219,471",100% bullish,of 1 rating,$1.25
CFNL,$21.56,1441138530407,"54,620",Not yet rated,NULL,$24
CBYL,$5.07,1441138530429,"9,386",100% bearish,of 1 rating,$20
CRME,$8.8,1441138530461,"10,088",89% bullish,of 9 ratings,$11.25
CSII,$23.28,1441138530489,"189,795",100% bearish,of 2 ratings,$42.125
CATM,$33.77,1441138530520,"263,728",100% bearish,of 1 rating,$44
CDNA,$6.93,1441138530542,"3,403",100% bearish,of 1 rating,$9
CKEC,$23.1,1441138530690,"120,306",50% bullish,of 2 ratings,$35.915
CECO,$3.61,1441138530722,"161,941",67% bearish,of 3 ratings,$6
CLBH,$12.599,1441138530772,"3,324",Not yet rated,NULL,$16.50
CTRE,$10.835,1441138530823,"163,450",50% bullish,of 2 ratings,$13.50
CARO,$15.28,1441138530959,"5,380",100% bearish,of 1 rating,$19
CRZO,$33.99,1441138530981,"821,849",67% bearish,of 3 ratings,$54.50
TAST,$12.66,1441138531063,"99,314",Not yet rated,NULL,$14.25
CART,$5.3499,1441138531115,100,100% bearish,of 1 rating,N/A
CRTN,$2.51,1441138531142,404,100% bearish,of 1 rating,N/A
CARV,$5.8101,1441138531199,100,50% bullish,of 2 ratings,N/A
CACB,$5.25,1441138531225,"34,008",Not yet rated,NULL,$5.50
CASM,$1.16,1441138531277,"44,684",100% bullish,of 1 rating,$3.50
CWST,$5.99,1441138531409,"41,659",50% bullish,of 2 ratings,$7.25
CASY,$104.91,1441138531463,"165,388",50% bullish,of 2 ratings,$99.50
CSCD,$14.95,1441138531484,"13,953",100% bullish,of 2 ratings,$17
CASI,$1.44,1441138531543,"3,448",100% bullish,of 1 rating,$3.50
CATB,$10.69,1441138531688,"14,712",100% bearish,of 1 rating,$28
CASS,$47.5,1441138531732,"12,053",100% bearish,of 1 rating,N/A
CATYW,NULL,1441138531766,0,100% bearish,of 1 rating,N/A
CPRX,$3.61,1441138531797,"308,101",71% bullish,of 7 ratings,$7
CAVM,$65.65,1441138531869,"217,514",67% bearish,of 3 ratings,$72
CVCO,$70.95,1441138531898,"20,405",100% bearish,of 1 rating,N/A
CATY,$28.33,1441138531924,"334,946",100% bearish,of 1 rating,$33.50
CBFV,$21,1441138531949,"3,750",Not yet rated,NULL,$25
CDK,$47.78,1441138532251,"364,291",67% bearish,of 3 ratings,$50
CNLMR,$0.34,1441138532380,114,Not yet rated,NULL,N/A
CBOE,$62.42,1441138532410,"230,976",Not yet rated,NULL,$60
CNLMW,$0.3,1441138532451,"3,100",Not yet rated,NULL,N/A
CNLMU,NULL,1441138532481,0,100% bullish,of 1 rating,N/A
CDW,$38.25,1441138532502,"467,160",75% bullish,of 4 ratings,$44
CNLM,NULL,1441138532530,0,Not yet rated,NULL,N/A
CPXX,$2.23,1441138532719,"70,263",100% bullish,of 2 ratings,$7
CELG,$115.47,1441138532769,"3,097,029",92% bullish,of 13 ratings,$155.50
CLRB,$3.07,1441138532801,"3,360",100% bearish,of 1 rating,N/A
CELGZ,$1.76,1441138532822,"10,200",80% bullish,of 5 ratings,N/A
CECE,$9.25,1441138532860,"54,407",50% bullish,of 2 ratings,$16
CLDN,$1.15,1441138532883,"157,873",71% bullish,of 7 ratings,$3
CLDX,$14.3,1441138532917,"640,264",89% bullish,of 9 ratings,$36
CLLS,$32.56,1441138533022,"54,105",75% bullish,of 4 ratings,$51.50
CLRBW,NULL,1441138533048,0,Not yet rated,NULL,N/A
CBMG,$22.89,1441138533231,"65,031",50% bullish,of 2 ratings,N/A
CLTX,$2.53,1441138533295,"119,367",100% bullish,of 2 ratings,N/A
CYAD,$48,1441138533331,"1,260",100% bullish,of 1 rating,$87.50
CLSN,$2.0395,1441138533353,"32,009",80% bullish,of 10 ratings,$7.50
CSFL,$13.29,1441138533427,"65,583",Not yet rated,NULL,$15
CEMP,$33.27,1441138533455,"292,092",71% bullish,of 7 ratings,$52
CETX,$2.4499,1441138533481,"29,501",Not yet rated,NULL,$5.60
CFBK,$1.34,1441138533621,200,Not yet rated,NULL,N/A
CENT,$12.4603,1441138533660,"55,310",Not yet rated,NULL,$10
CENTA,$12.83,1441138533689,"132,896",Not yet rated,NULL,N/A
CETV,$2.09,1441138533711,"45,725",67% bullish,of 3 ratings,$2.80
CVCY,$11.28,1441138533763,"1,255",Not yet rated,NULL,$12
CNBKA,$40.35,1441138533860,"1,400",50% bullish,of 2 ratings,N/A
CENX,$5.28,1441138533891,"1,502,265",67% bullish,of 6 ratings,$9
CNTY,$5.85,1441138533995,"7,691",80% bullish,of 5 ratings,$7.75
CPHD,$47,1441138534027,"357,927",67% bearish,of 3 ratings,$66.50
CRNT,$1.4399,1441138534099,"83,719",50% bullish,of 2 ratings,$2
CERE,$1.08,1441138534124,"255,928",88% bullish,of 8 ratings,N/A
CERU,$4.2499,1441138534256,"41,195",75% bullish,of 4 ratings,$14
CERN,$59.78,1441138534282,"1,107,786",67% bullish,of 3 ratings,$79
KOOL,$0.69,1441138534303,"64,637",100% bullish,of 5 ratings,$7
CERS,$4.72,1441138534337,"288,652",75% bullish,of 4 ratings,$7
CYOU,$19.05,1441138534359,"109,092",50% bullish,of 6 ratings,$24
CTHR,$1.29,1441138534495,"6,649",50% bullish,of 2 ratings,$2.50
HOTR,$1.4499,1441138534527,"178,064",100% bullish,of 2 ratings,$5
CEVA,$18.91,1441138534569,"50,379",100% bearish,of 1 rating,$25
HOTRW,NULL,1441138534628,0,Not yet rated,NULL,N/A
GTLS,$23.56,1441138534654,"275,237",50% bullish,of 4 ratings,$40
CHTR,$177.25,1441138534680,"750,633",100% bearish,of 2 ratings,$202
CHFN,$12.23,1441138534814,"9,327",Not yet rated,NULL,$14
CHKP,$77.2,1441138534872,"1,075,554",50% bullish,of 4 ratings,$92
CHEK,$2.16,1441138534964,"2,475",Not yet rated,NULL,$7.75
CHFC,$30.69,1441138534993,"29,409",100% bearish,of 1 rating,$36
CEMI,$4.2,1441138535019,"13,014",50% bullish,of 2 ratings,$7.50
CCXI,$6.2,1441138535052,"57,894",67% bullish,of 3 ratings,$14
CHMG,$26.35,1441138535146,700,Not yet rated,NULL,$30
CHEKW,NULL,1441138535175,0,Not yet rated,NULL,N/A
CHEV,$14.53,1441138535202,679,Not yet rated,NULL,N/A
CHKE,$25.58,1441138535249,"13,537",100% bearish,of 1 rating,$32.50
CHMA,$26.1,1441138535444,"73,578",Not yet rated,NULL,$40
CBNK,$16.39,1441138535470,600,100% bearish,of 1 rating,N/A
PLCE,$58.72,1441138535500,"128,025",100% bearish,of 1 rating,$69
CMRX,$47.61,1441138535603,"129,308",50% bullish,of 2 ratings,$57
CADC,$2.99,1441138535683,"2,900",78% bullish,of 9 ratings,N/A
CALI,$0.85,1441138535713,"10,357",67% bullish,of 3 ratings,N/A
CAAS,$6.08,1441138535819,"10,138",93% bullish,of 14 ratings,$11.50
CCCL,$0.7799,1441138535921,"1,200",100% bullish,of 6 ratings,N/A
CCCR,$0.6899,1441138535964,"1,945",67% bearish,of 3 ratings,N/A
JRJC,$3.42,1441138535995,"68,815",82% bullish,of 11 ratings,N/A
CBAK,$1.84,1441138536025,"24,060",67% bullish,of 9 ratings,N/A
CBPO,$93.1,1441138536047,"108,311",75% bullish,of 8 ratings,$140.50
HGSH,$1.7916,1441138536084,"7,600",67% bullish,of 3 ratings,N/A
CHOP,$1.1399,1441138536106,"10,399",50% bullish,of 2 ratings,N/A
CHLN,$1.9507,1441138536275,"2,300",67% bullish,of 3 ratings,N/A
CNIT,$1.25,1441138536384,"86,295",67% bullish,of 6 ratings,N/A
CJJD,$1.8101,1441138536450,"3,801",100% bullish,of 1 rating,N/A
HTHT,$25.5,1441138536485,"62,523",50% bullish,of 2 ratings,$28.40
CSUN,$1.3801,1441138536623,"21,107",80% bullish,of 5 ratings,N/A
CXDC,$5.78,1441138536655,"25,262",67% bearish,of 3 ratings,N/A
CHNR,$1.53,1441138536676,600,100% bearish,of 1 rating,N/A
CREG,$0.66,1441138536733,"9,649",100% bullish,of 3 ratings,N/A
CPGI,$6.84,1441138536758,200,Not yet rated,NULL,N/A
CNYD,$3.05,1441138536888,"4,602",67% bullish,of 3 ratings,N/A
CCIH,$7.22,1441138536924,"162,663",67% bullish,of 6 ratings,$12.65
CNTF,$0.8001,1441138536953,"51,979",Not yet rated,NULL,N/A
IMOS,$18.71,1441138537035,"139,718",60% bullish,of 5 ratings,$21.50
CHSCL,$27.15,1441138537085,"20,329",Not yet rated,NULL,N/A
CNET,$0.8141,1441138537110,"34,908",50% bullish,of 2 ratings,N/A
CHSCM,$26.33,1441138537324,"14,048",Not yet rated,NULL,N/A
CHSCN,$26.8752,1441138537381,"9,985",Not yet rated,NULL,N/A
CHDN,$131.55,1441138537432,"82,417",Not yet rated,NULL,$165
CHSCO,$28.4,1441138537485,"2,941",Not yet rated,NULL,N/A
CHUY,$30.6541,1441138537512,"93,537",50% bullish,of 2 ratings,$34
CHSCP,$30.56,1441138537533,"1,742",Not yet rated,NULL,N/A
CIFC,$6.88,1441138537592,"2,100",100% bearish,of 1 rating,N/A
CMPR,$67.96,1441138537849,"191,723",50% bullish,of 2 ratings,$72.50
CMCT,$15.3,1441138537871,808,100% bearish,of 1 rating,N/A
CTAS,$82.95,1441138537907,"259,671",100% bearish,of 1 rating,$91
CDTX,$14.08,1441138537929,"24,748",Not yet rated,NULL,$22
CINF,$50.91,1441138537964,"398,975",50% bullish,of 4 ratings,$50.50
CIDM,$0.5533,1441138538006,"119,419",50% bullish,of 2 ratings,$2.10
CRUS,$28.98,1441138538069,"434,575",75% bullish,of 12 ratings,$44.50
CSCO,$25.105,1441138538211,"15,223,751",83% bullish,of 210 ratings,$32
CPHR,$5.16,1441138538263,"9,050",100% bearish,of 1 rating,$17
CZNC,$19.39,1441138538318,"6,215",Not yet rated,NULL,N/A
CTRN,$26.0359,1441138538348,"49,380",100% bearish,of 1 rating,$31.50
CZFC,$12.71,1441138538452,"1,882",Not yet rated,NULL,N/A
CZWI,$8.97,1441138538482,979,Not yet rated,NULL,N/A
CIZN,NULL,1441138538544,0,Not yet rated,NULL,N/A
CTXS,$65.31,1441138538585,"1,131,822",86% bullish,of 7 ratings,$80
CIVB,$10.2499,1441138538786,"4,619",Not yet rated,NULL,$11
CHCO,$46.24,1441138538820,"22,463",Not yet rated,NULL,$46
CIVBP,NULL,1441138538841,0,Not yet rated,NULL,N/A
CDTI,$1.57,1441138538871,"73,220",75% bullish,of 4 ratings,$3.20
CLNE,$4.86,1441138538892,"639,546",80% bullish,of 15 ratings,$9
CLNT,$1.41,1441138538925,"18,055",75% bullish,of 8 ratings,N/A
CLRO,$11.35,1441138539061,"1,952",50% bullish,of 2 ratings,$14.25
CLFD,$16.72,1441138539107,"58,662",67% bullish,of 3 ratings,$18
CLIR,$4.69,1441138539246,"20,395",100% bullish,of 3 ratings,N/A
CSBK,$13.59,1441138539317,"43,215",Not yet rated,NULL,N/A
CLVS,$78.955,1441138539344,"409,775",60% bullish,of 5 ratings,$101.50
CBLI,$3.98,1441138539415,"39,107",60% bullish,of 5 ratings,N/A
CMFN,$11.35,1441138539498,"4,366",100% bearish,of 1 rating,$15.50
CISG,$7.5287,1441138539547,"51,581",100% bullish,of 5 ratings,$10
CME,$90.9,1441138539627,"742,341",67% bullish,of 3 ratings,$102
CCNE,$17,1441138539677,"9,148",50% bullish,of 2 ratings,$21.50
CNV,$4.42,1441138539704,"28,330",50% bullish,of 2 ratings,$7.15
CWAY,$11.12,1441138539732,"2,604",Not yet rated,NULL,N/A
COKE,$152.71,1441138539757,"32,594",79% bullish,of 19 ratings,N/A
CDRB,$11.89,1441138539898,"9,587",67% bullish,of 3 ratings,N/A
COBZ,$12.46,1441138539930,"30,086",100% bullish,of 1 rating,$14
CDXS,$3.63,1441138539992,"12,970",64% bullish,of 11 ratings,$6
CVLY,$20.58,1441138540030,866,Not yet rated,NULL,N/A
CCOI,$27.14,1441138540098,"163,922",50% bullish,of 4 ratings,$35
JVA,$4.5848,1441138540263,"10,853",83% bullish,of 6 ratings,$7
CGNX,$34.23,1441138540291,"243,039",50% bullish,of 2 ratings,$47
CGNT,$1.53,1441138540318,"5,532",100% bullish,of 2 ratings,$2
COHR,$55.54,1441138540352,"48,712",50% bullish,of 2 ratings,$72
CTSH,$61.1,1441138540380,"2,175,832",90% bullish,of 10 ratings,$75
CHRS,$27.03,1441138540447,"42,794",67% bearish,of 3 ratings,$37
COHU,$9.36,1441138540484,"63,226",100% bearish,of 1 rating,$14.25
CLRX,$0.669,1441138540582,"145,852",50% bullish,of 2 ratings,N/A
CLCT,$17.71,1441138540609,"43,472",100% bearish,of 1 rating,N/A
COLL,$13.07,1441138540638,"91,795",100% bearish,of 1 rating,$26
CIGI,$43.62,1441138540771,"65,367",100% bearish,of 1 rating,$52
CBAN,$8.8,1441138540909,400,Not yet rated,NULL,N/A
CLCD,$6.26,1441138540948,"36,882",100% bearish,of 1 rating,$20.50
COLB,$29.1956,1441138540977,"143,098",Not yet rated,NULL,$36
COLM,$59.52,1441138540998,"62,288",100% bearish,of 1 rating,$71
CMCO,$18.37,1441138541133,"57,662",60% bullish,of 5 ratings,$28
CBMX,$1.13,1441138541160,"17,457",83% bullish,of 6 ratings,$3.15
CMCSA,$54.995,1441138541182,"6,948,258",66% bullish,of 35 ratings,$69.50
CMCSK,$56.5923,1441138541222,"2,193,782",Not yet rated,NULL,$84
CUBN,NULL,1441138541317,0,Not yet rated,NULL,N/A
CBSH,$42.89,1441138541346,"152,953",50% bullish,of 2 ratings,$46
CVGI,$4.7811,1441138541393,"87,603",50% bullish,of 2 ratings,$6
CBSHP,$25.39,1441138541419,"2,406",100% bearish,of 1 rating,N/A
COMM,$31.72,1441138541491,"780,208",67% bearish,of 3 ratings,$35
JCS,$9.015,1441138541670,"4,557",67% bullish,of 3 ratings,N/A
ESXB,$5.08,1441138541702,"9,400",Not yet rated,NULL,N/A
CSAL,$20.07,1441138541734,"475,645",75% bullish,of 4 ratings,$30
CYHHZ,$0.0109,1441138541755,"69,946",100% bullish,of 1 rating,N/A
COB,$10.37,1441138541789,"8,351",100% bullish,of 1 rating,$11.75
CWBC,$6.83,1441138541837,"4,944",Not yet rated,NULL,N/A
CTBI,$34.155,1441138541890,"14,855",Not yet rated,NULL,$36
CVLT,$35.03,1441138541994,"247,589",75% bullish,of 4 ratings,$44.50
CIZ,$32.4899,1441138542026,572,100% bearish,of 1 rating,N/A
CIL,$32.64,1441138542126,800,Not yet rated,NULL,N/A
CSA,NULL,1441138542154,0,Not yet rated,NULL,N/A
CDC,$33.8099,1441138542182,"7,324",Not yet rated,NULL,N/A
CID,$32.56,1441138542203,"1,100",Not yet rated,NULL,N/A
CSF,$36.06,1441138542343,"1,760",100% bearish,of 1 rating,N/A
CFO,$34.41,1441138542425,"108,174",100% bearish,of 1 rating,N/A
CFA,$34.575,1441138542479,"1,000",100% bearish,of 1 rating,N/A
CSB,$32.35,1441138542505,"1,050",Not yet rated,NULL,N/A
CDL,NULL,1441138542557,0,Not yet rated,NULL,N/A
CGEN,$4.907,1441138542692,"57,223",50% bullish,of 2 ratings,$11
CPSI,$45.37,1441138542726,"48,498",100% bearish,of 1 rating,$45.50
SCOR,$48.1,1441138542818,"317,245",100% bearish,of 1 rating,$66
CTG,$6.51,1441138542846,"22,783",100% bearish,of 1 rating,$8.50
CHCI,$0.67,1441138542874,"6,410",50% bullish,of 2 ratings,N/A
CMTL,$25.74,1441138542922,"23,179",100% bearish,of 2 ratings,$37
CNSI,$18.05,1441138543052,"46,141",100% bearish,of 2 ratings,$29
CNCE,$15.5045,1441138543106,"118,559",75% bullish,of 4 ratings,$22
CNAT,$3.73,1441138543128,"112,890",83% bullish,of 6 ratings,$13
CXRX,$77.2119,1441138543216,832,100% bearish,of 1 rating,$90
CCUR,$5.4599,1441138543261,"26,762",75% bullish,of 4 ratings,N/A
CDORO,NULL,1441138543350,0,100% bearish,of 1 rating,N/A
CDORP,$6.41,1441138543483,"5,866",100% bearish,of 1 rating,N/A
CFMS,$15.55,1441138543517,"236,499",100% bearish,of 1 rating,$27
CNFR,$9.93,1441138543561,"10,564",Not yet rated,NULL,N/A
CTWS,$34.76,1441138543615,"18,402",100% bearish,of 1 rating,$44
CDOR,$1.3,1441138543642,"6,833",100% bullish,of 1 rating,N/A
CNMD,$51.38,1441138543672,"81,109",Not yet rated,NULL,$59
CNSL,$19.12,1441138543783,"95,492",100% bearish,of 1 rating,$23
CNOB,$18.71,1441138543831,"47,804",100% bullish,of 1 rating,$23.50
CONN,$28.559,1441138543857,"334,839",67% bullish,of 3 ratings,$48.50
CNXR,$6.98,1441138543916,"39,891",100% bearish,of 1 rating,$12
CPSS,$5.51,1441138544016,"28,413",100% bullish,of 1 rating,$10
CTCT,$23.95,1441138544044,"124,137",67% bullish,of 3 ratings,$37
CWCO,$10.28,1441138544074,"39,287",67% bullish,of 3 ratings,$14.50
CFRX,$4.918,1441138544181,"15,648",Not yet rated,NULL,$14
CFRXZ,$0.49,1441138544274,"8,233",Not yet rated,NULL,N/A
CTRV,$3.6401,1441138544312,"34,287",Not yet rated,NULL,$6.40
CFRXW,$1.6,1441138544358,"1,100",100% bearish,of 1 rating,N/A
CTRL,$8.38,1441138544451,"236,040",50% bullish,of 2 ratings,$11
CRBP,$1.87,1441138544484,"139,292",100% bullish,of 2 ratings,$6.25
CPRT,$33.87,1441138544515,"536,486",67% bearish,of 3 ratings,$40
BVA,$3.58,1441138544545,200,50% bullish,of 2 ratings,N/A
CORT,$4.83,1441138544567,"236,991",67% bullish,of 3 ratings,$12
CORE,$59.1439,1441138544621,"71,145",100% bearish,of 1 rating,$72
CORI,$10.65,1441138544702,"42,674",100% bearish,of 1 rating,$18
CRVL,$29.67,1441138544767,"32,299",100% bearish,of 1 rating,N/A
CSOD,$35.7,1441138544838,"313,234",50% bullish,of 2 ratings,$42
COSI,$1.1,1441138544869,"72,972",100% bullish,of 1 rating,N/A
CSGP,$171.38,1441138544895,"110,657",50% bullish,of 2 ratings,$235
COST,$138.5406,1441138544971,"1,247,838",79% bullish,of 24 ratings,$154.50
COVS,$2.62,1441138545376,"40,303",67% bullish,of 3 ratings,N/A
COWNL,$26.31,1441138545410,700,Not yet rated,NULL,N/A
COWN,$5.07,1441138545432,"766,028",75% bullish,of 4 ratings,$7
CVTI,$22.7714,1441138545466,"79,873",67% bearish,of 3 ratings,$39
CPAH,$0.45,1441138545487,"3,000",50% bullish,of 2 ratings,N/A
ICBK,$18.8,1441138545523,"1,000",Not yet rated,NULL,$21
CPSH,$2.39,1441138545547,"1,300",Not yet rated,NULL,N/A
CRAI,$22.92,1441138545569,"27,336",100% bearish,of 1 rating,$36
BREW,$7.63,1441138545763,"20,590",67% bullish,of 6 ratings,$15
CBRL,$143.1761,1441138545793,"216,824",50% bullish,of 2 ratings,$155
CRAY,$20.68,1441138545896,"167,883",83% bullish,of 6 ratings,$38.50
CACC,$198.57,1441138545991,"83,139",50% bullish,of 2 ratings,$158.50
GLDI,$11.0401,1441138546026,"3,866",100% bearish,of 1 rating,N/A
CREE,$26.05,1441138546125,"776,311",65% bullish,of 17 ratings,$29.50
SLVO,$10.001,1441138546153,"1,408",100% bearish,of 1 rating,N/A
CRTO,$37.13,1441138546188,"701,482",67% bullish,of 6 ratings,$64
CRESY,$10.46,1441138546209,"15,608",100% bearish,of 1 rating,$19
CCRN,$14,1441138546231,"178,793",100% bearish,of 1 rating,$14.25
CROX,$14.005,1441138546293,"471,822",63% bullish,of 8 ratings,$16.50
CRDS,$1.01,1441138546363,"5,200",75% bullish,of 4 ratings,$4.50
CRWN,$5.06,1441138546394,"2,471,049",75% bullish,of 4 ratings,N/A
CYRXW,$0.7601,1441138546498,"24,600",Not yet rated,NULL,N/A
CYRX,$2.85,1441138546539,"21,492",Not yet rated,NULL,$9
CRWS,$8.09,1441138546581,"1,500",Not yet rated,NULL,$10
CTIC,$1.535,1441138546717,"341,560",84% bullish,of 76 ratings,$5.75
CCLP,$14.18,1441138546786,"42,185",67% bearish,of 3 ratings,$20
CSGS,$30.19,1441138546814,"115,325",Not yet rated,NULL,$40
CSPI,$5.78,1441138546835,"1,813",67% bullish,of 3 ratings,N/A
CTCM,$1.765,1441138546864,"416,633",80% bearish,of 5 ratings,$3.90
CTRP,$64.165,1441138546996,"942,448",75% bullish,of 8 ratings,$92.50
CTIB,$3.73,1441138547045,"2,653",100% bearish,of 1 rating,N/A
CUNB,$21.23,1441138547104,"19,486",Not yet rated,NULL,$24.50
CPIX,$6.026,1441138547140,"11,113",Not yet rated,NULL,N/A
CUI,$5.14,1441138547171,"14,202",50% bullish,of 2 ratings,$10
CMLS,$1.28,1441138547200,"535,056",50% bullish,of 4 ratings,$6
CRIS,$2.51,1441138547225,"118,747",100% bullish,of 8 ratings,$6
CUTR,$14.69,1441138547254,"54,666",67% bearish,of 3 ratings,$18
CVBF,$15.64,1441138547606,"360,887",Not yet rated,NULL,$18
CYAN,$6.7201,1441138547638,"3,536",100% bearish,of 1 rating,N/A
CYBR,$50.08,1441138547660,"697,751",75% bullish,of 8 ratings,$66
CVV,$11.39,1441138547694,"9,891",100% bullish,of 5 ratings,N/A
CYBX,$63.37,1441138547716,"145,033",50% bullish,of 4 ratings,$71.50
CYCC,$0.5591,1441138547751,"40,075",73% bullish,of 11 ratings,N/A
CYBE,$6.81,1441138547788,"3,271",100% bearish,of 1 rating,N/A
CYCCP,NULL,1441138547850,0,100% bearish,of 1 rating,N/A
CYNA,$15.84,1441138547999,"11,626",50% bullish,of 2 ratings,$31.50
CYNO,$31.05,1441138548025,"247,083",67% bearish,of 3 ratings,$45.50
CYRN,$1.7899,1441138548086,"38,530",67% bullish,of 3 ratings,$4
CBAY,$2.65,1441138548166,"32,242",100% bullish,of 1 rating,$4
CY,$9.67,1441138548197,"4,522,840",80% bullish,of 10 ratings,$15.50
CONE,$30.76,1441138548226,"206,447",67% bearish,of 3 ratings,$35.50
CYTX,$0.378,1441138548271,"1,689,705",83% bullish,of 12 ratings,$5.50
CYTK,$6.86,1441138548296,"127,246",71% bullish,of 14 ratings,$13.50
CTSO,$6.8801,1441138548429,"24,997",Not yet rated,NULL,$15.625
CYTR,$2.29,1441138548520,"226,977",67% bullish,of 6 ratings,$10
TVIZ,$24.465,1441138548552,"13,112",100% bearish,of 1 rating,N/A
TVIX,$18.52,1441138548581,"14,709,899",81% bullish,of 16 ratings,N/A
DAEG,$0.37,1441138548603,5,100% bearish,of 1 rating,N/A
ZIV,$34.75,1441138548659,"190,437",Not yet rated,NULL,N/A
XIV,$21.84,1441138548738,"23,724,515",75% bearish,of 4 ratings,N/A
DJCO,$194.95,1441138548788,151,Not yet rated,NULL,N/A
DARA,$0.8431,1441138548930,"47,990",83% bullish,of 6 ratings,$1.50
DAIO,$2.6001,1441138548978,"7,175",Not yet rated,NULL,N/A
DAKT,$8.34,1441138549031,"147,501",50% bullish,of 2 ratings,$12
DWCH,$5.05,1441138549108,"23,375",75% bullish,of 4 ratings,$8.25
DTEA,$12.84,1441138549161,"51,485",100% bearish,of 2 ratings,$24
PLAY,$34.32,1441138549194,"141,342",100% bullish,of 5 ratings,$42
DTLK,$5.6,1441138549216,"25,477",100% bearish,of 1 rating,$9
DRAM,$1.38,1441138549237,"12,083",78% bullish,of 9 ratings,N/A
DWSN,$4.44,1441138549292,"18,813",67% bullish,of 3 ratings,N/A
DBVT,$38.57,1441138549372,"69,941",100% bearish,of 1 rating,$53
TRAK,$62.71,1441138549470,"424,986",50% bullish,of 2 ratings,$62.50
DFRG,$14.36,1441138549562,"109,533",100% bearish,of 1 rating,$20
DHRM,$1.65,1441138549583,"5,418",Not yet rated,NULL,N/A
TACOW,$3.52,1441138549617,"4,400",100% bullish,of 1 rating,N/A
TACO,$12.5,1441138549660,"90,072",75% bullish,of 4 ratings,$20
DCTH,$0.4223,1441138549713,"31,825",78% bullish,of 9 ratings,N/A
DELTW,NULL,1441138549843,0,Not yet rated,NULL,N/A
DELT,NULL,1441138549919,0,Not yet rated,NULL,N/A
DGAS,$20.38,1441138549993,"2,916",67% bearish,of 3 ratings,N/A
XRAY,$50.67,1441138550025,"407,074",100% bullish,of 1 rating,$58
DEPO,$26.03,1441138550048,"522,788",60% bullish,of 5 ratings,$29
DENN,$11.01,1441138550075,"341,148",100% bullish,of 3 ratings,$15
DSCI,$5.73,1441138550108,"55,836",50% bullish,of 2 ratings,$16
DERM,$26.1461,1441138550135,"64,515",100% bearish,of 1 rating,$33.50
DSWL,$1.62,1441138550408,"11,664",100% bullish,of 1 rating,N/A
DXLG,$6,1441138550437,"138,507",100% bearish,of 1 rating,$8
DEST,$11.155,1441138550459,"17,744",50% bullish,of 2 ratings,N/A
DHXM,NULL,1441138550480,0,Not yet rated,NULL,N/A
DXM,$0.2548,1441138550516,"297,230",50% bullish,of 2 ratings,N/A
DXCM,$87.71,1441138550621,"562,040",57% bullish,of 7 ratings,$98
DMND,$29.66,1441138550653,"361,904",75% bullish,of 12 ratings,$32
DHIL,$189,1441138550756,"5,474",Not yet rated,NULL,N/A
DCIX,$1.66,1441138550783,"6,682",50% bullish,of 4 ratings,$3.50
DGII,$10.02,1441138550820,"64,002",100% bearish,of 1 rating,$11
FANG,$64.1,1441138550917,"583,693",50% bullish,of 2 ratings,$86.50
DRNA,$10.6205,1441138550949,"62,872",67% bearish,of 3 ratings,$25
DRAD,$3.85,1441138551027,"10,557",100% bullish,of 1 rating,$5.25
DMRC,$37.3173,1441138551052,"29,946",100% bearish,of 1 rating,$44
APPS,$2.47,1441138551230,"231,621",100% bearish,of 1 rating,$10.25
DGLY,$7.89,1441138551267,"75,576",50% bullish,of 6 ratings,$20
DCOM,$16.4,1441138551330,"50,084",100% bearish,of 2 ratings,$16
DISCA,$26.16,1441138551361,"2,261,591",67% bullish,of 3 ratings,$34
DIOD,$18.98,1441138551387,"110,828",75% bearish,of 4 ratings,$24
DPRX,$14.8,1441138551414,"20,150",100% bullish,of 2 ratings,$27.75
DISCB,NULL,1441138551459,0,100% bearish,of 1 rating,$35
DISCK,$25.11,1441138551547,"2,113,267",100% bearish,of 1 rating,$32
BAGR,$2.72,1441138551679,"14,516",100% bearish,of 1 rating,$6
DISH,$59.18,1441138551706,"809,069",69% bullish,of 13 ratings,$73
DVCR,$10.9004,1441138551741,"13,560",100% bullish,of 1 rating,N/A
DSCO,$0.415,1441138551835,"156,224",83% bullish,of 6 ratings,$2.75
DLHC,$2.58,1441138551861,"1,500",100% bearish,of 1 rating,N/A
DGICA,$14.22,1441138551991,"11,346",100% bearish,of 1 rating,$17
DNBF,$26.03,1441138552017,"1,200",Not yet rated,NULL,$27.50
DLTR,$69.07,1441138552046,"6,882,090",82% bullish,of 11 ratings,$88
DMLP,$14.89,1441138552080,"18,662",100% bearish,of 1 rating,N/A
DGICB,NULL,1441138552109,0,100% bearish,of 1 rating,N/A
HILL,$9.68,1441138552213,"735,494",60% bearish,of 5 ratings,$9.75
DRWI,$0.1951,1441138552247,"71,275",60% bullish,of 5 ratings,$.45
DRYS,$0.4318,1441138552345,"2,100,249",77% bullish,of 31 ratings,$.60
DRWIW,$0.03,1441138552399,"5,117",Not yet rated,NULL,N/A
DORM,$50.25,1441138552431,"191,881",100% bearish,of 1 rating,$56
DSKX,$3.29,1441138552532,"25,902",100% bullish,of 1 rating,N/A
DWA,$19.45,1441138552558,"271,933",63% bullish,of 8 ratings,$26
CADT,NULL,1441138552599,0,Not yet rated,NULL,N/A
DSPG,$8.58,1441138552626,"18,788",100% bearish,of 1 rating,$13.50
CADTR,NULL,1441138552694,0,Not yet rated,NULL,N/A
CADTW,NULL,1441138552797,0,Not yet rated,NULL,N/A
CADTU,NULL,1441138552824,0,Not yet rated,NULL,N/A
DTSI,$25.64,1441138552849,"40,246",100% bearish,of 2 ratings,$39.50
DRRX,$2.06,1441138553027,"122,036",50% bullish,of 6 ratings,$3
DYAX,$21.92,1441138553055,"465,649",89% bullish,of 9 ratings,$30
DXPE,$29.6,1441138553089,"168,612",50% bullish,of 2 ratings,N/A
DNKN,$49.34,1441138553116,"1,364,357",67% bullish,of 15 ratings,$56.50
BOOM,$11.3,1441138553195,"69,891",67% bullish,of 3 ratings,$12
DYSL,$1.54,1441138553284,"59,740",100% bullish,of 2 ratings,N/A
DYNT,$3.09,1441138553321,300,75% bullish,of 4 ratings,N/A
DVAX,$27.07,1441138553415,"296,364",70% bullish,of 10 ratings,$40
ETFC,$24.91,1441138553440,"2,263,609",57% bullish,of 14 ratings,$32.50
EGBN,$40.94,1441138553502,"37,422",Not yet rated,NULL,$48
EBMT,$11.54,1441138553531,300,Not yet rated,NULL,$13.50
EGLE,$6.79,1441138553635,"8,985",60% bullish,of 5 ratings,N/A
EROC,$1.52,1441138553850,"122,581",50% bullish,of 2 ratings,$3
ELNK,$8.17,1441138553884,"310,047",60% bullish,of 5 ratings,$9.50
EGRX,$76.52,1441138553914,"149,437",67% bullish,of 3 ratings,$97
EBAY,$26.41,1441138553941,"7,849,171",81% bullish,of 117 ratings,$34
EACQU,$10.15,1441138553977,300,Not yet rated,NULL,N/A
EWBC,$38.58,1441138554006,"530,522",100% bearish,of 1 rating,$50
EVBS,$6.57,1441138554078,"3,700",Not yet rated,NULL,$7
EML,$16.24,1441138554140,"35,653",Not yet rated,NULL,N/A
EBIX,$27.92,1441138554215,"156,421",69% bullish,of 13 ratings,$40
ECHO,$22.19,1441138554324,"141,032",67% bearish,of 3 ratings,$34.50
ELON,$0.58,1441138554399,"60,174",50% bullish,of 2 ratings,N/A
ESES,$3.31,1441138554493,880,100% bearish,of 1 rating,$7
EEI,$11.62,1441138554526,"10,101",67% bearish,of 3 ratings,N/A
SATS,$43.44,1441138554547,"68,373",50% bullish,of 2 ratings,$60
ECACU,$10.06,1441138554583,"1,900",Not yet rated,NULL,N/A
ECTE,$1.47,1441138554605,"6,598",75% bullish,of 4 ratings,N/A
EDUC,$6.3,1441138554638,"40,342",100% bearish,of 1 rating,N/A
EDAP,$3.64,1441138554701,"19,956",60% bullish,of 5 ratings,$4.50
EDGW,$7.1,1441138554802,"2,100",100% bearish,of 1 rating,N/A
EGAN,$3.7136,1441138554983,"12,024",50% bullish,of 2 ratings,$6.25
EFUT,$4.65,1441138555048,"1,500",Not yet rated,NULL,N/A
EGLT,$12.15,1441138555112,"82,364",50% bullish,of 2 ratings,$21
EHTH,$14.11,1441138555143,"75,744",50% bullish,of 4 ratings,$16.50
EMITF,$1.23,1441138555175,858,75% bullish,of 4 ratings,N/A
ESLT,$76.6,1441138555201,"8,537",67% bullish,of 3 ratings,N/A
LOCO,$12.7114,1441138555274,"437,373",69% bullish,of 13 ratings,$19.50
ELRC,$10.37,1441138555377,"26,100",100% bearish,of 1 rating,N/A
ESIO,$4.48,1441138555409,"44,927",50% bullish,of 2 ratings,$10
EA,$63.35,1441138555480,"2,637,528",78% bullish,of 36 ratings,$80
ELSE,NULL,1441138555516,0,60% bullish,of 5 ratings,N/A
ERI,$9.32,1441138555543,"49,275",100% bearish,of 1 rating,$10
EFII,$42.7,1441138555611,"114,857",80% bullish,of 5 ratings,$55
ELEC,NULL,1441138555641,0,Not yet rated,NULL,N/A
ELECU,NULL,1441138555746,0,Not yet rated,NULL,N/A
ELECW,NULL,1441138555878,0,Not yet rated,NULL,N/A
EBIO,$3.35,1441138555938,"200,076",100% bearish,of 2 ratings,$8.35
RDEN,$10.9,1441138555964,"77,314",100% bearish,of 4 ratings,$15
CAPX,$22.416,1441138556110,200,Not yet rated,NULL,N/A
EMCI,$22.13,1441138556218,"11,680",Not yet rated,NULL,N/A
ELTK,$1.2899,1441138556254,"18,056",67% bearish,of 3 ratings,N/A
LONG,$16.87,1441138556286,"12,659",67% bullish,of 3 ratings,$15.75
EMKR,$6.82,1441138556312,"79,748",75% bullish,of 4 ratings,$8.50
ESBK,$19.83,1441138556344,130,Not yet rated,NULL,N/A
EMMS,$1.18,1441138556374,"16,325",83% bullish,of 6 ratings,N/A
EMCF,$23.48,1441138556401,200,100% bearish,of 1 rating,N/A
EMMSP,NULL,1441138556575,0,100% bearish,of 1 rating,N/A
NYNY,$4.17,1441138556623,"17,647",50% bullish,of 2 ratings,N/A
ERS,$3.2785,1441138556654,"7,365",Not yet rated,NULL,N/A
ENTA,$37.04,1441138556756,"130,633",50% bullish,of 2 ratings,$42
WIRE,$31.37,1441138556887,"70,198",100% bearish,of 1 rating,$37
ENDP,$73.19,1441138556912,"1,517,611",50% bullish,of 6 ratings,$104
ECPG,$38.52,1441138556971,"127,698",100% bullish,of 2 ratings,$52
ECYT,$5.1,1441138557059,"157,315",83% bullish,of 6 ratings,$12
EFOI,$22.22,1441138557103,"747,427",50% bullish,of 2 ratings,$24.50
EIGI,$14.72,1441138557130,"487,291",67% bearish,of 3 ratings,$22.50
WATT,$7.13,1441138557162,"72,442",50% bullish,of 2 ratings,$13
ELGX,$12.62,1441138557262,"213,865",75% bullish,of 4 ratings,$17
ERII,$2.61,1441138557288,"9,649",80% bullish,of 5 ratings,$2.50
EXXI,$1.67,1441138557357,"1,081,355",86% bullish,of 7 ratings,$3.50
ENG,$0.9801,1441138557494,"23,901",100% bullish,of 3 ratings,N/A
ENPH,$4.42,1441138557559,"420,819",75% bullish,of 4 ratings,$11
ENOC,$8.91,1441138557599,"125,940",75% bullish,of 4 ratings,$18
ESGR,$146.94,1441138557694,"27,246",100% bearish,of 1 rating,$185
ENFC,$17.65,1441138557723,938,Not yet rated,NULL,N/A
ENTG,$13.34,1441138557746,"332,773",100% bearish,of 1 rating,$18
ETRM,$0.4,1441138557777,"272,630",69% bearish,of 35 ratings,$1.625
ENTL,$21.2327,1441138557798,"24,858",Not yet rated,NULL,$28
EBTC,$21,1441138557934,"1,500",Not yet rated,NULL,N/A
ENZN,$0.969,1441138558037,"291,207",100% bullish,of 9 ratings,N/A
ENVI,$1.8,1441138558080,"10,957",67% bullish,of 3 ratings,N/A
ENZY,$9.89,1441138558126,"22,289",67% bullish,of 3 ratings,$9.50
EFSC,$23.6399,1441138558170,"22,018",Not yet rated,NULL,$27
EGT,$1.9797,1441138558225,"4,600",100% bullish,of 1 rating,N/A
EPIQ,$12.42,1441138558251,"21,916",100% bearish,of 1 rating,$18
EPRS,$5.02,1441138558441,"28,975",82% bullish,of 11 ratings,$15
EPZM,$19.59,1441138558507,"219,366",60% bullish,of 5 ratings,$34
ERIC,$9.56,1441138558540,"2,160,676",67% bullish,of 9 ratings,$12.20
EQFN,$8.073,1441138558586,"1,100",100% bearish,of 1 rating,N/A
PLUS,$73.65,1441138558615,"41,807",50% bullish,of 2 ratings,$88
ERIE,$80.36,1441138558644,"7,848",Not yet rated,NULL,$73
EQIX,$262.21,1441138558690,"530,793",75% bullish,of 4 ratings,$312.50
EAC,$3.33,1441138558746,"8,890",100% bearish,of 1 rating,$8
ESCA,$16.72,1441138558878,"1,600",100% bearish,of 1 rating,$22
ESPR,$46.81,1441138558968,"636,062",70% bearish,of 10 ratings,$122.50
ESCR,$0.1445,1441138559013,"232,955",50% bullish,of 2 ratings,N/A
ESCRP,$1.3892,1441138559065,"1,500",100% bearish,of 1 rating,N/A
ESMC,$1.41,1441138559090,310,Not yet rated,NULL,N/A
ESSA,$12.84,1441138559118,"6,300",100% bearish,of 1 rating,N/A
EPIX,$6,1441138559152,362,Not yet rated,NULL,N/A
ESND,$33.25,1441138559285,"103,820",100% bearish,of 2 ratings,$40
EEFT,$62.8559,1441138559425,"85,002",100% bearish,of 1 rating,$67.50
CLWT,$2.496,1441138559455,300,100% bullish,of 1 rating,N/A
ESSX,$0.4999,1441138559481,"51,818",50% bullish,of 2 ratings,N/A
ETSY,$14,1441138559528,"221,747",80% bullish,of 5 ratings,$16
ESEA,$4.598,1441138559562,520,100% bullish,of 1 rating,$15
EVEP,$8.38,1441138559660,"205,859",50% bullish,of 2 ratings,$15
EVK,$3.758,1441138559685,"2,324",75% bearish,of 4 ratings,N/A
EVLV,$2.63,1441138559716,"90,423",60% bullish,of 5 ratings,$4.625
EXA,$10.8,1441138559816,"13,292",100% bearish,of 1 rating,$13
EVOK,$3.4199,1441138559849,"48,644",100% bearish,of 1 rating,$13.375
EVOL,$5.75,1441138559871,"16,156",75% bullish,of 4 ratings,$10
EXAS,$21.74,1441138560006,"672,157",78% bullish,of 9 ratings,$31
EXAC,$18.76,1441138560073,"21,253",100% bearish,of 1 rating,$22.50
EXEL,$5.57,1441138560184,"6,009,312",81% bullish,of 16 ratings,$6
EXFO,$3,1441138560247,"3,391",67% bearish,of 3 ratings,$3.95
EXPD,$47.95,1441138560287,"930,910",80% bullish,of 5 ratings,$52
EXPE,$110.43,1441138560346,"887,431",64% bullish,of 11 ratings,$130
EXPO,$42.02,1441138560376,"39,539",100% bearish,of 1 rating,$45.50
EXLS,$36.16,1441138560414,"80,988",50% bullish,of 2 ratings,$41
ESRX,$81.84,1441138560477,"2,740,673",67% bearish,of 6 ratings,$101
EXLP,$20.3319,1441138560564,"69,258",100% bearish,of 1 rating,$25
EYEG,$3.8,1441138560657,"26,119",Not yet rated,NULL,N/A
EXTR,$2.93,1441138560692,"502,448",80% bullish,of 5 ratings,$3
EYEGW,$1.06,1441138560765,"1,800",Not yet rated,NULL,N/A
EZCH,$22.7622,1441138560792,"96,207",75% bullish,of 8 ratings,$19.50
FFIV,$118.18,1441138560847,"623,060",63% bullish,of 8 ratings,$132
EZPW,$6.17,1441138560872,"196,408",50% bullish,of 4 ratings,$7
FB,$87.15,1441138560927,"18,570,717",73% bullish,of 1072 ratings,$111
FWM,$2.22,1441138561086,"101,563",100% bearish,of 2 ratings,$3.20
FALC,$1.72,1441138561112,"22,754",63% bearish,of 8 ratings,N/A
FRP,$15.8,1441138561144,"38,437",100% bearish,of 1 rating,$18
FCS,$13.18,1441138561166,"434,619",67% bearish,of 3 ratings,$17
FFKT,$25.89,1441138561261,"7,000",Not yet rated,NULL,$29
FARM,$22.38,1441138561330,"30,959",100% bearish,of 1 rating,$35
FMNB,$8.1069,1441138561398,"17,609",Not yet rated,NULL,N/A
DAVE,$14.29,1441138561434,"8,429",100% bearish,of 1 rating,$15.50
FARO,$37.92,1441138561460,"56,463",50% bullish,of 2 ratings,$48
FATE,$6.2101,1441138561531,"24,996",50% bullish,of 2 ratings,$11
FBSS,$15.8,1441138561560,274,Not yet rated,NULL,N/A
FAST,$37.43,1441138561660,"1,255,730",80% bullish,of 5 ratings,$45.50
FBRC,$21.24,1441138561737,"32,640",100% bearish,of 1 rating,$29
FEIC,$73.06,1441138561826,"99,458",50% bullish,of 2 ratings,$95.50
FNHC,$21.51,1441138561856,"34,210",100% bearish,of 1 rating,$35
FENX,$9.88,1441138561888,"49,579",100% bullish,of 1 rating,$14.25
FHCO,$1.38,1441138561923,"17,890",50% bullish,of 4 ratings,N/A
FDML,$8.98,1441138561950,"192,336",50% bullish,of 4 ratings,$14
ONEQ,$182.33,1441138562106,"17,755",100% bullish,of 1 rating,N/A
FCSC,$5.43,1441138562136,"44,562",100% bearish,of 1 rating,$8.125
FGEN,$22.7,1441138562158,"134,869",100% bearish,of 1 rating,$39
LION,$18.64,1441138562288,"101,713",100% bullish,of 1 rating,$20
FDUS,$14.707,1441138562318,"16,489",50% bullish,of 2 ratings,$18
FSAM,$7.87,1441138562391,"4,298",100% bearish,of 1 rating,$10.25
FRGI,$50.7148,1441138562416,"91,492",50% bullish,of 2 ratings,$70
FSCFL,$24.6113,1441138562477,"5,745",Not yet rated,NULL,N/A
FSC,$6.46,1441138562506,"491,248",60% bullish,of 5 ratings,$8
FSFR,$8.76,1441138562605,"35,359",100% bearish,of 1 rating,$11.50
FITB,$19.02,1441138562689,"5,127,879",54% bullish,of 13 ratings,$22
FITBI,$27.47,1441138562787,"2,748",Not yet rated,NULL,N/A
FNSR,$15.07,1441138562816,"436,499",71% bullish,of 7 ratings,$24
FNGN,$30.88,1441138562845,"251,707",67% bullish,of 3 ratings,$47
FNJN,$1.76,1441138562873,"28,911",100% bearish,of 1 rating,$5
FISI,$24.6,1441138562905,"23,737",100% bullish,of 2 ratings,$24.50
FNTC,NULL,1441138562944,0,Not yet rated,NULL,N/A
FNTCW,NULL,1441138563006,0,Not yet rated,NULL,N/A
FNTCU,NULL,1441138563076,0,Not yet rated,NULL,N/A
FEYE,$36.75,1441138563185,"1,856,251",88% bullish,of 16 ratings,$55.50
FBNC,$16.57,1441138563213,"13,727",100% bullish,of 1 rating,$20
FRBA,$6.09,1441138563355,"5,038",Not yet rated,NULL,$8
BUSE,$6.3,1441138563414,"91,931",Not yet rated,NULL,$6.875
FBIZ,$22.01,1441138563454,"16,538",100% bearish,of 2 ratings,$26
FNLC,$18.38,1441138563479,"10,662",100% bullish,of 1 rating,N/A
FCVA,$4.8,1441138563543,835,Not yet rated,NULL,N/A
FCAP,$26.5,1441138563635,200,Not yet rated,NULL,N/A
FCNCA,$226.52,1441138563704,"3,638",Not yet rated,NULL,N/A
FCLF,$9.3273,1441138563731,"2,405",Not yet rated,NULL,N/A
FCFS,$39.29,1441138563758,"84,464",100% bearish,of 3 ratings,$47
FCCO,$11.9001,1441138563788,"14,826",Not yet rated,NULL,$13.25
FCBC,$17.09,1441138563891,"11,189",Not yet rated,NULL,$18
FBNK,$16.51,1441138563937,"23,477",100% bearish,of 1 rating,$17.50
FCFP,$6.9001,1441138564032,"2,800",Not yet rated,NULL,N/A
FFNM,$6.39,1441138564063,200,Not yet rated,NULL,N/A
FDEF,$36.11,1441138564130,"12,974",Not yet rated,NULL,$38
FFBC,$17.77,1441138564160,"110,626",67% bearish,of 3 ratings,$20.25
FFBCW,NULL,1441138564257,0,100% bearish,of 1 rating,N/A
FFIN,$29.57,1441138564286,"101,217",50% bullish,of 2 ratings,$31.75
THFF,$32.43,1441138564418,"13,327",Not yet rated,NULL,$35
FFNW,$12.19,1441138564451,"16,472",Not yet rated,NULL,$14
FFWM,$20.8,1441138564479,"4,982",Not yet rated,NULL,$24
INBK,$30.19,1441138564557,"12,303",50% bullish,of 2 ratings,$37
FRME,$25.55,1441138564632,"184,299",Not yet rated,NULL,$26.50
FMBH,NULL,1441138564657,0,Not yet rated,NULL,N/A
FIBK,$25.87,1441138564683,"73,823",Not yet rated,NULL,$32
FMBI,$16.82,1441138564735,"197,238",Not yet rated,NULL,$20
FNFG,$8.84,1441138564864,"1,615,730",80% bullish,of 5 ratings,$9
FNWB,$11.96,1441138565011,"10,058",Not yet rated,NULL,N/A
FNBC,$34.17,1441138565039,"50,010",Not yet rated,NULL,$40
FSBK,$7.69,1441138565065,500,100% bullish,of 1 rating,N/A
FSLR,$47.21,1441138565092,"935,011",72% bullish,of 39 ratings,$65
FSFG,$30.94,1441138565127,100,Not yet rated,NULL,N/A
BICK,NULL,1441138565197,0,100% bullish,of 1 rating,N/A
FSGI,$2.49,1441138565228,"2,644",Not yet rated,NULL,N/A
FCAN,$24.2099,1441138565334,"1,161",Not yet rated,NULL,N/A
FTCS,$35.3799,1441138565367,"28,584",100% bearish,of 1 rating,N/A
FV,$22.63,1441138565467,"2,996,136",100% bearish,of 1 rating,N/A
FCA,$18.62,1441138565492,"8,390",Not yet rated,NULL,N/A
FBZ,NULL,1441138565526,0,Not yet rated,NULL,N/A
IFV,$17.24,1441138565623,"624,387",100% bearish,of 1 rating,N/A
FEMB,NULL,1441138565649,0,Not yet rated,NULL,N/A
FEUZ,$30.4699,1441138565780,"2,048",Not yet rated,NULL,N/A
TDIV,$24.09,1441138565844,"85,111",100% bearish,of 1 rating,N/A
MDIV,$18.95,1441138565880,"202,708",Not yet rated,NULL,N/A
FTSM,$59.96,1441138565905,"344,295",100% bearish,of 1 rating,N/A
FTGC,$22.2,1441138565981,"190,874",Not yet rated,NULL,N/A
FGM,$34.8899,1441138566009,"16,936",Not yet rated,NULL,N/A
FTHI,$18.94,1441138566036,226,Not yet rated,NULL,N/A
YDIV,$16.259,1441138566180,"2,848",Not yet rated,NULL,N/A
FHK,$32.1,1441138566214,"12,354",Not yet rated,NULL,N/A
SKYY,$28.144,1441138566319,"77,417",100% bullish,of 1 rating,N/A
HYLS,$49.43,1441138566344,"43,168",100% bearish,of 1 rating,N/A
CU,$12.39,1441138566376,"4,560",100% bearish,of 1 rating,N/A
PLTM,$6.24,1441138566475,"4,016",100% bearish,of 1 rating,N/A
FPXI,$26.49,1441138566501,300,Not yet rated,NULL,N/A
FJP,$44.91,1441138566529,"22,742",Not yet rated,NULL,N/A
QABA,$36.26,1441138566693,"15,677",100% bearish,of 1 rating,N/A
FMB,$51.1743,1441138566757,402,Not yet rated,NULL,N/A
LMBS,$50.27,1441138566797,600,Not yet rated,NULL,N/A
FTLB,$18.9971,1441138566857,"1,760",100% bearish,of 1 rating,N/A
CIBR,$17.3001,1441138566882,"61,589",Not yet rated,NULL,N/A
QCLN,$14.73,1441138566909,"14,701",Not yet rated,NULL,N/A
FONE,NULL,1441138566954,0,Not yet rated,NULL,N/A
GRID,$31.16,1441138567061,320,100% bearish,of 1 rating,N/A
RDVY,$20.5199,1441138567231,"3,108",Not yet rated,NULL,N/A
QQXT,$39.31,1441138567262,"17,468",Not yet rated,NULL,N/A
CARZ,$33.4501,1441138567291,"3,710",100% bearish,of 1 rating,N/A
QINC,$20.02,1441138567397,100,Not yet rated,NULL,N/A
QQEW,$40.55,1441138567446,"126,859",Not yet rated,NULL,N/A
AIRR,$16.2301,1441138567473,"5,125",100% bearish,of 1 rating,N/A
QTEC,$38.89,1441138567498,"62,910",Not yet rated,NULL,N/A
FKO,$22.33,1441138567606,300,Not yet rated,NULL,N/A
FDIV,$46.5375,1441138567633,200,100% bearish,of 1 rating,N/A
FTSL,$48.8395,1441138567662,"35,695",100% bearish,of 1 rating,N/A
FSZ,$38.36,1441138567802,"21,335",Not yet rated,NULL,N/A
TUSA,$24.2058,1441138567887,950,Not yet rated,NULL,N/A
FTW,$31.3499,1441138567959,206,Not yet rated,NULL,N/A
FUNC,NULL,1441138567984,0,Not yet rated,NULL,N/A
FKU,$40.48,1441138568057,"19,808",Not yet rated,NULL,N/A
SVVC,$9.2,1441138568083,"13,166",50% bullish,of 2 ratings,$26
FMER,$17.1,1441138568126,"740,814",50% bullish,of 2 ratings,$20
FSV,$31.5,1441138568221,"47,200",Not yet rated,NULL,$33.60
FPRX,$18.26,1441138568278,"211,941",50% bullish,of 2 ratings,$35
FISV,$82.77,1441138568316,"580,388",100% bearish,of 3 ratings,$90
FIVE,$37.18,1441138568345,"738,036",75% bearish,of 4 ratings,$44
FIVN,$3.91,1441138568412,"106,776",100% bullish,of 1 rating,$8.50
FLML,$21.6113,1441138568442,"87,347",50% bullish,of 2 ratings,$30
SKOR,$50.76,1441138568575,800,Not yet rated,NULL,N/A
FLKS,$11.57,1441138568601,"29,643",50% bullish,of 2 ratings,$27
FLXN,$24.1404,1441138568627,"54,622",100% bearish,of 1 rating,$40
FLXS,$30.838,1441138568756,"19,664",100% bearish,of 2 ratings,N/A
MBSD,$25.14,1441138568887,408,Not yet rated,NULL,N/A
FLDM,$11.56,1441138568924,"211,380",67% bearish,of 3 ratings,$15
FLEX,$10.2284,1441138568953,"1,350,592",63% bullish,of 8 ratings,$12
FFIC,$19.23,1441138568980,"47,642",Not yet rated,NULL,$20.50
FLIR,$28.035,1441138569004,"614,665",100% bearish,of 2 ratings,$38.50
FOMX,$9.9201,1441138569040,"85,126",50% bullish,of 2 ratings,$23.50
FOGO,$19.3762,1441138569068,"53,661",50% bullish,of 2 ratings,$25.50
FES,$0.8692,1441138569217,"26,025",50% bullish,of 2 ratings,$1
FONR,$9.59,1441138569320,"3,465",100% bullish,of 1 rating,N/A
FORM,$6.525,1441138569345,"146,058",67% bullish,of 3 ratings,$10.50
FTNT,$40.81,1441138569484,"823,144",80% bullish,of 10 ratings,$52
FORR,$30.59,1441138569517,"19,345",Not yet rated,NULL,N/A
FORTY,$30.43,1441138569542,638,100% bearish,of 1 rating,N/A
FWRD,$43.58,1441138569572,"99,584",100% bearish,of 1 rating,$50
FBIO,$2.6701,1441138569619,"31,211",83% bullish,of 6 ratings,N/A
FORD,$1.89,1441138569679,"3,519,776",67% bullish,of 3 ratings,N/A
FWP,$25.75,1441138569708,"15,303",100% bearish,of 1 rating,$45
FOSL,$59.6,1441138569845,"468,506",60% bearish,of 5 ratings,$80
FXCB,$17.03,1441138569879,"10,563",Not yet rated,NULL,$19
FMI,$22.89,1441138569900,"115,622",100% bearish,of 2 ratings,$27.50
FOXF,$14.92,1441138569929,"33,897",100% bearish,of 1 rating,$19
FRAN,$11.13,1441138570063,"291,971",50% bullish,of 4 ratings,$15
FELE,$27.75,1441138570089,"166,963",50% bullish,of 4 ratings,$33
FRED,$12.74,1441138570220,"106,317",50% bullish,of 2 ratings,$15.50
FREE,$0.385,1441138570250,"251,634",92% bullish,of 12 ratings,N/A
RAIL,$20.6,1441138570348,"49,912",100% bearish,of 1 rating,$24.50
FTR,$5.0199,1441138570455,"9,073,337",78% bullish,of 27 ratings,$6.25
FRPT,$12.74,1441138570477,"199,323",67% bearish,of 3 ratings,$23.50
FEIM,$11.09,1441138570517,"4,600",100% bearish,of 1 rating,N/A
FTD,$29.55,1441138570538,"68,137",100% bearish,of 1 rating,$40
FTRPR,$100.56,1441138570572,"1,845",100% bearish,of 1 rating,N/A
FSBW,$23.0999,1441138570604,"1,405",Not yet rated,NULL,N/A
FRPH,$30.835,1441138570633,"5,792",100% bearish,of 1 rating,N/A
FTEK,$2.01,1441138570733,"66,669",75% bullish,of 4 ratings,N/A
FSYS,$6.56,1441138570782,"145,590",67% bullish,of 3 ratings,$10
FCEL,$0.846,1441138570816,"2,407,635",88% bullish,of 41 ratings,$2.65
FULLL,$24.96,1441138571060,"2,200",Not yet rated,NULL,N/A
FULL,$3.1297,1441138571087,"41,347",67% bearish,of 3 ratings,$4.25
FULT,$11.665,1441138571117,"387,619",100% bearish,of 1 rating,$13
FLL,$1.475,1441138571149,"1,762",75% bullish,of 4 ratings,$3.50
FSNN,$2.05,1441138571223,"2,375",67% bullish,of 3 ratings,$6
FXEN,$1,1441138571251,"50,270",75% bullish,of 4 ratings,$1.10
FFHL,$0.9703,1441138571283,"1,480",50% bullish,of 4 ratings,N/A
FXENP,$15.63,1441138571456,"1,767",100% bearish,of 1 rating,N/A
WILC,$4.9899,1441138571483,154,100% bullish,of 2 ratings,N/A
GK,$65.96,1441138571514,"39,991",Not yet rated,NULL,$78
GALT,$2.2,1441138571643,"27,967",80% bullish,of 5 ratings,N/A
GLPG,$58.02,1441138571673,"17,206",100% bullish,of 1 rating,$75
GAIA,$6.03,1441138571719,"3,600",50% bullish,of 2 ratings,$8.50
GALTU,NULL,1441138571744,0,100% bearish,of 1 rating,N/A
GALTW,NULL,1441138571775,0,100% bullish,of 1 rating,N/A
GALE,$1.575,1441138571936,"1,469,765",89% bullish,of 47 ratings,$4
GPIC,$9.5001,1441138572067,986,100% bearish,of 1 rating,N/A
GLMD,$8.98,1441138572095,"55,233",67% bullish,of 3 ratings,$20.50
GLPI,$30.36,1441138572125,"521,694",100% bearish,of 1 rating,$37.50
GGAC,NULL,1441138572155,0,100% bearish,of 1 rating,N/A
GGACR,$0.26,1441138572225,"3,700",100% bullish,of 1 rating,N/A
GRMN,$36.79,1441138572306,"646,043",50% bullish,of 6 ratings,$46.50
GGACU,$10.22,1441138572355,100,Not yet rated,NULL,N/A
GGACW,$0.15,1441138572439,"1,263",Not yet rated,NULL,N/A
GARS,$14.25,1441138572485,"22,942",Not yet rated,NULL,$16
GENC,$9.05,1441138572510,"1,540",100% bearish,of 1 rating,N/A
GNCMA,$16.505,1441138572535,"80,736",100% bearish,of 1 rating,$12
GFN,$3.8399,1441138572665,"118,216",100% bearish,of 2 ratings,$8
GFNCP,$91.475,1441138572690,800,Not yet rated,NULL,N/A
GFNSL,$26.1899,1441138572946,"2,600",Not yet rated,NULL,N/A
GNMK,$9.63,1441138572974,"57,989",67% bullish,of 6 ratings,$14
GHDX,$26.26,1441138573014,"148,053",50% bullish,of 2 ratings,$30
GNTX,$15.18,1441138573048,"1,071,501",Not yet rated,NULL,$20
GNCA,$11.32,1441138573069,"73,407",100% bearish,of 1 rating,$20
GENE,$2.325,1441138573091,"165,915",100% bullish,of 12 ratings,N/A
THRM,$44.34,1441138573145,"150,945",75% bearish,of 4 ratings,$55.50
GTWN,NULL,1441138573250,0,Not yet rated,NULL,N/A
GEOS,$16.76,1441138573309,"70,288",100% bearish,of 3 ratings,$21
GNVC,$2.4158,1441138573348,"25,107",90% bullish,of 10 ratings,$8.50
GABC,$28.29,1441138573400,"10,783",Not yet rated,NULL,$31
GEVO,$2.37,1441138573426,"206,336",75% bullish,of 12 ratings,$5
ROCK,$16.03,1441138573643,"232,605",80% bullish,of 5 ratings,$24
GIGM,$0.5312,1441138573778,"12,098",100% bullish,of 2 ratings,N/A
GIGA,$1.5274,1441138573803,"154,996",100% bearish,of 1 rating,N/A
GERN,$2.92,1441138573867,"1,288,204",88% bullish,of 16 ratings,$5.25
GIII,$66.87,1441138573900,"244,923",67% bullish,of 3 ratings,$75
GILD,$101.4778,1441138573996,"5,907,382",91% bullish,of 87 ratings,$129
GILT,$4.12,1441138574029,"4,500",50% bullish,of 2 ratings,N/A
GLADO,$25.35,1441138574095,"2,926",Not yet rated,NULL,N/A
GOOD,$14.18,1441138574128,"48,546",Not yet rated,NULL,$19
GBCI,$25.15,1441138574159,"231,193",50% bullish,of 2 ratings,$31
GOODO,$25,1441138574229,1,Not yet rated,NULL,N/A
GLAD,$8.86,1441138574263,"156,274",50% bullish,of 2 ratings,$8.75
GOODN,$25.61,1441138574291,300,Not yet rated,NULL,N/A
GOODP,$25.2,1441138574359,942,Not yet rated,NULL,N/A
GAINN,$24.87,1441138574430,"64,449",Not yet rated,NULL,N/A
GAIN,$7.36,1441138574455,"72,660",100% bullish,of 2 ratings,$8.25
GAINP,$25.7,1441138574622,"1,505",Not yet rated,NULL,N/A
GAINO,$25.17,1441138574664,842,Not yet rated,NULL,N/A
GBT,$49.01,1441138574752,"48,055",100% bearish,of 1 rating,N/A
GDEF,$10.54,1441138574792,678,Not yet rated,NULL,N/A
GBLI,$27.11,1441138574850,"11,742",Not yet rated,NULL,N/A
GLBZ,$11.25,1441138574882,457,Not yet rated,NULL,N/A
LAND,$9.115,1441138574903,"51,714",50% bullish,of 2 ratings,$13.75
ENT,$10.97,1441138574935,"243,968",100% bearish,of 1 rating,$18
GPACU,NULL,1441138574987,0,Not yet rated,NULL,N/A
GSOL,$8.16,1441138575079,"16,958",100% bearish,of 1 rating,N/A
ACTX,NULL,1441138575106,0,100% bullish,of 1 rating,N/A
QQQC,$18.2988,1441138575246,"3,910",100% bearish,of 1 rating,N/A
ALTY,$14.06,1441138575313,"1,200",Not yet rated,NULL,N/A
YLCO,$11.6,1441138575413,"2,098",Not yet rated,NULL,N/A
SOCL,$17.05,1441138575438,"22,350",100% bullish,of 2 ratings,N/A
SRET,$12.85,1441138575466,"1,507",Not yet rated,NULL,N/A
GSM,$13.33,1441138575496,"406,677",50% bullish,of 2 ratings,$22
GBIM,$2.5632,1441138575605,"10,759",50% bullish,of 2 ratings,N/A
GLBS,$1.0211,1441138575634,"5,200",67% bullish,of 3 ratings,N/A
GAI,$6.13,1441138575660,"19,455",50% bullish,of 2 ratings,N/A
GLRI,$1.045,1441138575711,"3,370",100% bearish,of 1 rating,$4.25
GLYC,$6.97,1441138575808,"7,468",50% bullish,of 2 ratings,$14
GOGO,$15.51,1441138575837,"411,826",80% bullish,of 5 ratings,$25
GLUU,$4.3475,1441138575898,"1,237,735",92% bullish,of 26 ratings,$9
GLNG,$37.84,1441138576041,"517,586",83% bullish,of 6 ratings,$55.50
GMLP,$20.04,1441138576110,"111,859",50% bullish,of 4 ratings,$29
GDEN,$8.98,1441138576172,"1,500",50% bullish,of 2 ratings,N/A
GLDC,$4.0391,1441138576197,"4,460",50% bullish,of 2 ratings,N/A
GOGL,$2.97,1441138576243,"132,645",75% bullish,of 4 ratings,$5
GBDC,$17.09,1441138576268,"263,889",Not yet rated,NULL,$17.75
GOOGL,$630.97,1441138576400,"931,867",88% bullish,of 1082 ratings,$749
GOOG,$597.7183,1441138576432,"1,410,003",88% bullish,of 72 ratings,$825
GPRO,$43.29,1441138576462,"8,519,239",78% bullish,of 58 ratings,$72
GMAN,$3.72,1441138576497,"21,902",60% bullish,of 5 ratings,$8.50
GPIAW,NULL,1441138576537,0,Not yet rated,NULL,N/A
GTIM,$6.7156,1441138576571,"17,386",Not yet rated,NULL,$11.50
GPIA,NULL,1441138576599,0,100% bearish,of 1 rating,N/A
GPIAU,NULL,1441138576672,0,Not yet rated,NULL,N/A
LOPE,$36.44,1441138576834,"213,934",100% bearish,of 2 ratings,$50
GRVY,$3.29,1441138576915,"8,100",50% bullish,of 2 ratings,N/A
GBSN,$0.2991,1441138576949,"3,157,084",50% bullish,of 2 ratings,$8.25
GBSNU,NULL,1441138576980,0,NULL,NULL,NULL
GSBC,$39.86,1441138577042,"23,732",100% bullish,of 1 rating,$44
GLDD,$5.26,1441138577072,"104,083",100% bearish,of 4 ratings,$7.75
GNBC,$11.51,1441138577143,"7,641",100% bearish,of 1 rating,$16.50
GPP,$14.07,1441138577168,"22,798",Not yet rated,NULL,$20.50
GRBK,$11.78,1441138577223,"101,996",77% bullish,of 13 ratings,N/A
GLRE,$24.91,1441138577325,"116,156",50% bullish,of 2 ratings,$41
GPRE,$20.07,1441138577417,"291,942",67% bullish,of 6 ratings,$28.50
GRFS,$29.68,1441138577465,"316,378",50% bullish,of 2 ratings,$35
GCBC,$28.497,1441138577495,456,100% bullish,of 1 rating,N/A
GRPN,$4.315,1441138577521,"4,576,684",61% bullish,of 71 ratings,$6.75
GRIF,NULL,1441138577542,0,100% bearish,of 1 rating,N/A
OMAB,$40.8,1441138577682,"16,570",100% bullish,of 1 rating,$44
GSIG,$12.57,1441138577816,"15,916",100% bearish,of 2 ratings,N/A
GGAL,$18.74,1441138577842,"153,160",80% bullish,of 5 ratings,$40
GSVC,$8.64,1441138577874,"41,530",50% bullish,of 2 ratings,$15.75
GBNK,$15.5,1441138577903,"21,139",100% bearish,of 1 rating,$18
GTXI,$0.85,1441138577972,"7,925",100% bullish,of 5 ratings,$.75
GSIT,$4.64,1441138578000,"13,162",100% bearish,of 1 rating,N/A
GFED,$14.8,1441138578038,"1,100",Not yet rated,NULL,$17
GULTU,$0.3349,1441138578200,"30,168",100% bearish,of 1 rating,N/A
GUID,$6.79,1441138578234,"62,052",100% bearish,of 3 ratings,$10
GPOR,$34.19,1441138578265,"913,405",75% bullish,of 4 ratings,$54
GIFI,$12.53,1441138578334,"31,861",100% bearish,of 1 rating,$16
GURE,$1.6999,1441138578357,"10,695",88% bullish,of 8 ratings,N/A
GWGH,$8.15,1441138578430,200,100% bearish,of 1 rating,$15.05
GWPH,$104.0107,1441138578456,"105,834",78% bullish,of 9 ratings,$148.50
GYRO,$30.38,1441138578595,"99,408",100% bearish,of 1 rating,N/A
HLG,$8.92,1441138578664,"10,862",100% bearish,of 1 rating,N/A
HNRG,$7.675,1441138578767,"55,178",100% bearish,of 1 rating,$10
HMPR,$1.81,1441138578797,"23,291",100% bullish,of 1 rating,N/A
HALO,$16.65,1441138578824,"585,860",67% bullish,of 3 ratings,$22.50
HEES,$18.9,1441138578846,"249,896",67% bearish,of 3 ratings,$31
HALL,$11.35,1441138578874,"14,400",Not yet rated,NULL,N/A
HBHC,$26.56,1441138578902,"325,141",50% bullish,of 2 ratings,$30
HBK,$13.6,1441138579036,"1,553",50% bullish,of 2 ratings,N/A
HBHCL,$24.15,1441138579110,"22,632",Not yet rated,NULL,N/A
HNH,$24.48,1441138579287,"13,583",100% bullish,of 1 rating,N/A
HAFC,$23.33,1441138579389,"90,940",100% bullish,of 2 ratings,$28.50
HQCL,$12.42,1441138579414,"15,421",67% bullish,of 3 ratings,$14
HNSN,$0.544,1441138579439,"46,505",88% bullish,of 8 ratings,$.40
HRMN,NULL,1441138579617,0,Not yet rated,NULL,N/A
HLIT,$5.65,1441138579644,"160,088",100% bearish,of 1 rating,$6.50
HDNG,$10.02,1441138579694,"10,635",50% bullish,of 4 ratings,N/A
HRMNW,NULL,1441138579724,0,Not yet rated,NULL,N/A
HRMNU,NULL,1441138579750,0,Not yet rated,NULL,N/A
HART,$1.25,1441138579830,"280,007",100% bearish,of 1 rating,N/A
TINY,$2.459,1441138579861,"22,181",50% bullish,of 2 ratings,$5.26
HCAP,$11.93,1441138579963,"15,993",50% bullish,of 2 ratings,$15
HAS,$72.5113,1441138579991,"540,089",63% bullish,of 8 ratings,$84.50
HBIO,$4.33,1441138580028,"32,348",100% bearish,of 1 rating,$10
HA,$22.335,1441138580049,"354,547",67% bullish,of 9 ratings,$27
HCAPL,NULL,1441138580130,0,Not yet rated,NULL,N/A
HWBK,NULL,1441138580311,0,100% bearish,of 1 rating,N/A
HCOM,$21.745,1441138580360,"8,096",100% bearish,of 1 rating,$28
HWKN,$37.6,1441138580385,"25,922",Not yet rated,NULL,N/A
HDS,$31.82,1441138580535,"1,070,026",100% bearish,of 2 ratings,$39.50
HCSG,$32.7,1441138580569,"177,401",50% bullish,of 4 ratings,$35
HAYN,$37.34,1441138580604,"19,819",100% bearish,of 1 rating,$59
HIIQ,$4.77,1441138580672,"33,590",50% bullish,of 2 ratings,$7
HTLD,$19.58,1441138580699,"445,618",Not yet rated,NULL,$22.50
HWAY,$11.88,1441138580729,"172,830",100% bearish,of 1 rating,$15
HQY,$29.15,1441138580752,"107,602",67% bullish,of 3 ratings,$35
HSTM,$23.68,1441138580782,"67,065",50% bullish,of 2 ratings,$33.75
HTWR,$82.7295,1441138580923,"96,897",50% bullish,of 2 ratings,$103
HTLF,$35.23,1441138580960,"21,721",100% bullish,of 1 rating,$39.50
HSII,$19.52,1441138581055,"36,169",100% bullish,of 3 ratings,$25
HTBX,$4,1441138581081,"173,035",50% bullish,of 2 ratings,$15.50
HELE,$81.99,1441138581208,"111,183",67% bearish,of 3 ratings,$100
HNNA,$24.65,1441138581307,"6,430",Not yet rated,NULL,N/A
HMTV,$13.31,1441138581400,"22,188",100% bearish,of 1 rating,$16
HSIC,$132.5441,1441138581434,"192,822",83% bullish,of 6 ratings,$146
HERO,NULL,1441138581465,0,NULL,NULL,NULL
HCACU,$9.99,1441138581486,600,Not yet rated,NULL,N/A
HMNY,NULL,1441138581522,0,100% bearish,of 1 rating,N/A
HTBK,$10.27,1441138581544,"96,931",Not yet rated,NULL,$12
HFWA,$17.23,1441138581575,"27,593",100% bullish,of 1 rating,$20
HEOP,$7.5,1441138581727,"13,277",Not yet rated,NULL,$8.50
HFFC,$15.7602,1441138582208,"4,204",Not yet rated,NULL,N/A
HSKA,$33.79,1441138582240,"20,834",100% bearish,of 1 rating,$38
HIBB,$38.925,1441138582261,"136,469",100% bearish,of 1 rating,$46.50
MLHR,$26.36,1441138582283,"122,672",50% bullish,of 2 ratings,$33.50
HPJ,$2.1601,1441138582322,"14,281",75% bullish,of 4 ratings,$12.43
HCCI,$11.43,1441138582344,"29,780",100% bearish,of 1 rating,$16.50
HRTX,$35.64,1441138582365,"1,357,597",57% bullish,of 7 ratings,$41
HIHO,$4.15,1441138582398,"19,409",Not yet rated,NULL,N/A
HIFS,$115.26,1441138582541,"1,400",Not yet rated,NULL,N/A
HIMX,$6.58,1441138582569,"819,671",86% bullish,of 21 ratings,$8.50
HMSY,$9.72,1441138582624,"470,456",67% bullish,of 3 ratings,$19.35
HMNF,$11.689,1441138582659,"1,101",Not yet rated,NULL,N/A
HSGX,$6.04,1441138582729,"3,132",100% bearish,of 1 rating,$17
HOLX,$37.29,1441138582757,"1,983,037",50% bullish,of 4 ratings,$42
HOLI,$16.78,1441138582783,"175,071",50% bullish,of 4 ratings,$27
HBCP,$24.5698,1441138582956,909,Not yet rated,NULL,$29
HFBL,$21.675,1441138583061,"1,398",Not yet rated,NULL,N/A
HOMB,$36.5,1441138583092,"61,211",Not yet rated,NULL,$42
HMST,$21.77,1441138583128,"122,104",100% bullish,of 2 ratings,$27
AWAY,$27.58,1441138583156,"580,155",67% bullish,of 3 ratings,$36
HMIN,$25.5,1441138583187,"102,776",100% bearish,of 2 ratings,$35
HTBI,$17.97,1441138583221,"90,395",67% bullish,of 3 ratings,$18.625
CETC,$0.75,1441138583249,"52,418",86% bullish,of 7 ratings,N/A
HKTV,$4.31,1441138583290,"28,087",100% bearish,of 1 rating,N/A
HFBC,$11.37,1441138583445,"25,502",Not yet rated,NULL,N/A
HZNP,$28.89,1441138583494,"993,664",85% bullish,of 20 ratings,$40
HOFT,$23.59,1441138583540,"28,619",100% bearish,of 1 rating,N/A
ZINC,$7.54,1441138583636,"413,658",100% bearish,of 1 rating,$17
HBNC,$23.52,1441138583662,"19,337",100% bullish,of 1 rating,$27
HRZN,$10.42,1441138583688,"18,478",50% bullish,of 2 ratings,$14.25
HDP,$22.62,1441138583834,"186,352",67% bearish,of 3 ratings,$30.50
HWCC,$7.42,1441138583910,"125,171",100% bearish,of 1 rating,$9
HMHC,$22.29,1441138583942,"1,047,566",Not yet rated,NULL,$27
HOVNP,$4.01,1441138583968,"7,000",100% bearish,of 1 rating,N/A
HBMD,$14.4,1441138583993,"2,500",100% bearish,of 1 rating,N/A
HSNI,$59.41,1441138584040,"197,295",Not yet rated,NULL,$80
HTGM,$5.845,1441138584125,"4,647",100% bearish,of 1 rating,$19.50
HCBK,$8.8389,1441138584265,"1,538,908",83% bullish,of 6 ratings,$8.61
HUBG,$36.69,1441138584300,"98,471",100% bearish,of 1 rating,$43
HSON,$2.71,1441138584402,"5,220",100% bearish,of 1 rating,$5
HDSN,$3.1,1441138584431,"3,552",100% bullish,of 1 rating,$6.25
HBAN,$10.4487,1441138584591,"4,022,537",76% bullish,of 17 ratings,$12.29
HURC,$29.185,1441138584763,"7,533",100% bearish,of 1 rating,N/A
HBANP,$1335,1441138584799,80,100% bearish,of 1 rating,N/A
HDRA,NULL,1441138584831,0,Not yet rated,NULL,N/A
HBP,$3.127,1441138584897,"3,592",100% bullish,of 1 rating,N/A
HTCH,$1.4,1441138584925,"192,735",100% bearish,of 1 rating,$3.50
HURN,$70.97,1441138584954,"209,570",50% bullish,of 2 ratings,$80
HDRAR,NULL,1441138584975,0,Not yet rated,NULL,N/A
HDRAU,$0.05,1441138585110,0,Not yet rated,NULL,N/A
HYGS,$8.97,1441138585174,"15,449",50% bullish,of 2 ratings,$13
HDRAW,NULL,1441138585198,0,Not yet rated,NULL,N/A
IDSY,$3.76,1441138585266,"7,700",100% bearish,of 1 rating,$7
IACI,$69.01,1441138585466,"563,663",80% bullish,of 5 ratings,$90
IBKC,$58.57,1441138585567,"89,197",100% bullish,of 1 rating,$70
IEP,$70.9684,1441138585597,"46,766",75% bullish,of 4 ratings,$99
ICFI,$33.25,1441138585652,"98,291",50% bullish,of 2 ratings,$48.50
IKGH,$1.43,1441138585675,"47,157",75% bullish,of 4 ratings,N/A
ICLR,$75.4,1441138585696,"242,884",100% bearish,of 3 ratings,$85
ICAD,$3.61,1441138585726,"18,353",100% bullish,of 2 ratings,$7.25
ICON,$13.135,1441138585754,"466,019",50% bullish,of 2 ratings,$28
ICUI,$110.66,1441138585939,"94,610",Not yet rated,NULL,$122
INVE,$4.5601,1441138585973,"25,335",75% bullish,of 4 ratings,$4
IPWR,$7.3699,1441138586002,"4,457",100% bullish,of 1 rating,$15
IDXX,$70.45,1441138586028,"506,631",100% bearish,of 1 rating,$76
IDRA,$2.79,1441138586104,"947,593",89% bullish,of 9 ratings,$6.50
DSKY,$11,1441138586431,"23,378",67% bullish,of 6 ratings,$11.50
RXDX,$13.41,1441138586481,"64,068",100% bullish,of 1 rating,$20
KANG,$15.5,1441138586516,"367,397",50% bullish,of 2 ratings,$23.10
IROQ,$16.97,1441138586538,600,100% bullish,of 1 rating,N/A
IRG,$4.93,1441138586576,"19,355",100% bearish,of 1 rating,$4.25
IKNX,NULL,1441138586612,0,100% bearish,of 1 rating,N/A
IKAN,$2.73,1441138586644,"15,738",83% bullish,of 6 ratings,$5
IIVI,$16.4,1441138586675,"69,855",100% bearish,of 1 rating,$22
ILMN,$193.02,1441138586779,"765,459",80% bullish,of 5 ratings,$245
ISNS,$4.2,1441138586851,"22,228",50% bullish,of 2 ratings,N/A
IMMR,$11.21,1441138586947,"239,158",80% bullish,of 5 ratings,$15.50
IMDZ,$15.4734,1441138587083,"34,806",100% bearish,of 1 rating,$33
IMNP,$1.23,1441138587124,"87,700",50% bullish,of 2 ratings,$6
IMGN,$12.91,1441138587150,"459,077",75% bullish,of 4 ratings,$17.50
ICCC,$6.73,1441138587177,"17,973",100% bullish,of 1 rating,N/A
IMMU,$2.115,1441138587216,"593,972",86% bullish,of 7 ratings,$2
INCR,$40.93,1441138587347,"391,553",50% bullish,of 2 ratings,$53
IPXL,$40.67,1441138587374,"289,013",67% bullish,of 3 ratings,$46.50
IMMY,$7.63,1441138587403,"3,200",100% bearish,of 1 rating,$11
SAAS,$7.16,1441138587432,"485,795",50% bullish,of 2 ratings,$15
INCY,$115.06,1441138587457,"715,135",50% bullish,of 6 ratings,$125.50
IBCP,$13.6699,1441138587618,"81,873",100% bullish,of 1 rating,$14.50
INDB,$43.51,1441138587677,"35,892",Not yet rated,NULL,$44
IBTX,$38.97,1441138587702,"14,754",100% bullish,of 2 ratings,$47.25
IDSA,$3.52,1441138587851,500,Not yet rated,NULL,N/A
INFN,$21.51,1441138587880,"694,471",71% bullish,of 7 ratings,$28
INFI,$8.58,1441138587906,"258,962",50% bullish,of 4 ratings,$16.50
IPCC,$75.1,1441138587932,"9,372",Not yet rated,NULL,$77.50
INNL,$12.54,1441138587962,"3,776",100% bearish,of 1 rating,$16.50
IMKTA,$49,1441138588064,"47,997",100% bearish,of 1 rating,N/A
III,$3.64,1441138588090,"48,289",57% bullish,of 7 ratings,$6
IFON,$1.27,1441138588119,"21,359",75% bullish,of 4 ratings,N/A
INOD,$2.327,1441138588261,"2,300",100% bearish,of 1 rating,N/A
INWK,$7.07,1441138588287,"54,433",50% bullish,of 2 ratings,$10
IOSP,$48.16,1441138588313,"100,768",100% bearish,of 1 rating,N/A
ISSC,$2.8,1441138588342,"3,375",67% bearish,of 3 ratings,N/A
IPHS,$46.72,1441138588363,"72,372",100% bearish,of 1 rating,$60
INGN,$49.25,1441138588607,"154,780",100% bearish,of 1 rating,$50.50
INO,$7.08,1441138588634,"586,045",89% bullish,of 18 ratings,$20
INOV,$21.73,1441138588662,"257,010",100% bearish,of 1 rating,$33
NSIT,$24.56,1441138588696,"89,883",50% bullish,of 2 ratings,N/A
ITEK,$12.25,1441138588722,"184,799",100% bearish,of 3 ratings,$20
INSM,$23.7055,1441138588766,"202,986",71% bullish,of 7 ratings,$31.50
ISIG,$2.6401,1441138588792,"3,950",100% bearish,of 1 rating,N/A
IIIN,$16.66,1441138588856,"41,419",100% bearish,of 2 ratings,N/A
NTEC,$5.52,1441138588966,"2,269",100% bearish,of 1 rating,N/A
INSY,$32.33,1441138589002,"518,427",75% bullish,of 4 ratings,$48
PODD,$28.34,1441138589024,"191,572",67% bearish,of 3 ratings,$35
IDTI,$18.46,1441138589068,"1,196,206",60% bullish,of 5 ratings,$25
IART,$58.34,1441138589105,"103,974",100% bearish,of 2 ratings,$71.50
IESC,$7.12,1441138589256,"1,112",100% bearish,of 1 rating,N/A
INTC,$27.8167,1441138589366,"20,600,098",82% bullish,of 238 ratings,$36
IQNT,$18.31,1441138589394,"147,187",86% bullish,of 7 ratings,$20
ISSI,$21.81,1441138589416,"89,517",67% bullish,of 3 ratings,$19.75
IPCI,$2.22,1441138589480,"30,863",67% bullish,of 6 ratings,$8
IBKR,$38.32,1441138589583,"551,930",100% bullish,of 1 rating,N/A
IPAR,$24.59,1441138589618,"31,148",67% bullish,of 3 ratings,$38
ICLD,$1.8899,1441138589714,"70,081",75% bullish,of 4 ratings,N/A
ICPT,$182.5,1441138589740,"164,970",70% bullish,of 10 ratings,$359.50
ININ,$35.3,1441138589779,"58,869",67% bearish,of 3 ratings,$57
ICLDW,$1.18,1441138589813,425,100% bearish,of 1 rating,N/A
TILE,$23.34,1441138589912,"259,275",100% bearish,of 3 ratings,$27
IDCC,$49,1441138589937,"226,934",80% bullish,of 5 ratings,$63
IMI,$2.035,1441138589997,"15,307",67% bullish,of 3 ratings,$2.22
INAP,$8.92,1441138590095,"600,832",75% bullish,of 4 ratings,$11
ISCA,$31.72,1441138590164,"102,585",100% bearish,of 1 rating,N/A
IGLD,$7.01,1441138590189,"3,600",50% bullish,of 2 ratings,N/A
IBOC,$24.41,1441138590214,"47,577",100% bearish,of 1 rating,N/A
IIJI,NULL,1441138590347,0,50% bullish,of 2 ratings,$11.50
PTNT,$2.95,1441138590404,405,Not yet rated,NULL,N/A
INPH,$0.27,1441138590449,"2,900",50% bullish,of 2 ratings,N/A
XENT,$26.03,1441138590549,"258,802",50% bullish,of 2 ratings,$36.50
INTX,$2.03,1441138590576,"50,412",67% bullish,of 3 ratings,N/A
ISIL,$10.28,1441138590613,"540,034",50% bullish,of 6 ratings,$15
IILG,$19.32,1441138590642,"105,991",100% bearish,of 1 rating,$29
INTL,$25.82,1441138590710,"65,639",67% bearish,of 3 ratings,N/A
IVAC,$4.62,1441138590738,"23,404",100% bearish,of 1 rating,$6.625
ITCI,$26.98,1441138590874,"453,490",75% bearish,of 4 ratings,$40
INTLL,$25.9481,1441138590905,460,Not yet rated,NULL,N/A
IIN,$6.49,1441138591039,"1,300",100% bearish,of 1 rating,$12
ISRG,$503.3596,1441138591125,"156,631",67% bullish,of 3 ratings,$600
INVT,$0.3294,1441138591236,"96,501",67% bullish,of 3 ratings,N/A
ISTR,$15.77,1441138591270,"1,246",100% bearish,of 1 rating,$18.50
ISBC,$11.38,1441138591292,"1,560,273",100% bullish,of 1 rating,$13.25
SNAK,$8.38,1441138591321,"95,921",50% bullish,of 2 ratings,$14
INTU,$84.0899,1441138591351,"1,241,916",86% bullish,of 7 ratings,$107.50
ITIC,$71,1441138591377,200,100% bearish,of 2 ratings,N/A
NVIV,$9.07,1441138591508,"117,324",50% bullish,of 4 ratings,$24.50
IPAS,$1.08,1441138591570,"12,706",67% bullish,of 3 ratings,N/A
DTUL,$64.48,1441138591621,"1,062",Not yet rated,NULL,N/A
IVTY,$13.654,1441138591648,"5,656",Not yet rated,NULL,$18
DFVL,$66.06,1441138591677,830,Not yet rated,NULL,N/A
IPCM,$79.46,1441138591758,"69,160",50% bullish,of 2 ratings,$80.125
IPGP,$81.58,1441138591895,"291,096",67% bearish,of 3 ratings,$109.50
IRIX,$6.47,1441138591928,"35,661",100% bearish,of 1 rating,N/A
IRDM,$7.01,1441138591958,"638,604",60% bullish,of 5 ratings,$11.50
IRBT,$28.81,1441138592002,"127,775",67% bullish,of 6 ratings,$37
IRDMB,$274.9056,1441138592029,400,67% bearish,of 3 ratings,N/A
IRMD,$23.245,1441138592057,"30,661",67% bearish,of 3 ratings,$25
IRWD,$10.995,1441138592192,"896,225",100% bearish,of 1 rating,$13
GNMA,$50.185,1441138592323,"5,216",Not yet rated,NULL,N/A
FCHI,NULL,1441138592387,0,NULL,NULL,NULL
IRCP,NULL,1441138592412,0,100% bullish,of 2 ratings,N/A
COMT,$32.82,1441138592440,"23,131",100% bearish,of 1 rating,N/A
IFAS,NULL,1441138592458,0,NULL,NULL,NULL
IFEU,$37.03,1441138592487,"49,194",Not yet rated,NULL,N/A
AAIT,NULL,1441138592863,0,NULL,NULL,NULL
IFNA,NULL,1441138592898,0,NULL,NULL,NULL
ACWI,$54.02,1441138592929,"1,457,244",Not yet rated,NULL,N/A
ACWX,$39.35,1441138592950,"709,316",100% bearish,of 1 rating,N/A
EMDI,NULL,1441138592995,0,NULL,NULL,NULL
IFGL,$27.43,1441138593021,"78,250",Not yet rated,NULL,N/A
AXJS,NULL,1441138593046,0,NULL,NULL,NULL
AAXJ,$51.54,1441138593102,"796,815",Not yet rated,NULL,N/A
EEMA,$48.4717,1441138593232,"16,603",Not yet rated,NULL,N/A
EMEY,NULL,1441138593255,0,NULL,NULL,NULL
EEME,NULL,1441138593318,0,NULL,NULL,NULL
EGRW,NULL,1441138593389,0,NULL,NULL,NULL
EVAL,NULL,1441138593448,0,NULL,NULL,NULL
EEML,$27.25,1441138593554,"1,379",Not yet rated,NULL,N/A
QAT,$21.49,1441138593636,"21,916",Not yet rated,NULL,N/A
IEUS,$44.36,1441138593701,"15,386",100% bearish,of 1 rating,N/A
EUFN,$21.12,1441138593733,"132,667",100% bearish,of 1 rating,N/A
UAE,$17.95,1441138593763,"39,459",Not yet rated,NULL,N/A
SOXX,$80.06,1441138593801,"325,053",50% bullish,of 2 ratings,N/A
IBB,$332.82,1441138593830,"1,027,360",63% bullish,of 8 ratings,N/A
ICLN,$9.17,1441138593972,"22,141",50% bullish,of 2 ratings,N/A
EMIF,$27.857,1441138594017,"56,678",Not yet rated,NULL,N/A
WOOD,$46.9699,1441138594042,"11,783",50% bullish,of 2 ratings,N/A
INDY,$26.43,1441138594071,"207,417",50% bullish,of 2 ratings,N/A
ISHG,$79.98,1441138594177,"8,611",100% bearish,of 1 rating,N/A
IGOV,$90.89,1441138594236,"187,153",100% bearish,of 1 rating,N/A
ISIS,$48.71,1441138594263,"1,202,154",53% bullish,of 15 ratings,$67
ITRI,$29,1441138594423,"137,123",100% bearish,of 1 rating,$37
ISRL,NULL,1441138594457,0,100% bearish,of 1 rating,N/A
ITUS,$4,1441138594496,"1,600",Not yet rated,NULL,N/A
ITRN,$23.3001,1441138594523,935,50% bullish,of 2 ratings,N/A
IXYS,$11.23,1441138594553,"118,740",50% bullish,of 4 ratings,N/A
ISLE,$17.72,1441138594602,"625,256",50% bullish,of 4 ratings,$16
XXIA,$15.02,1441138594660,"192,972",71% bullish,of 7 ratings,$14.625
MAYS,NULL,1441138594760,0,Not yet rated,NULL,N/A
JJSF,$111.66,1441138594787,"16,563",100% bearish,of 1 rating,N/A
JCOM,$66.8,1441138594855,"170,462",100% bullish,of 2 ratings,$77
JBHT,$71.5114,1441138594937,"644,829",50% bullish,of 4 ratings,$89.50
JASO,$7.9,1441138595038,"697,075",82% bullish,of 17 ratings,$10
JKHY,$65.55,1441138595069,"407,071",67% bearish,of 3 ratings,$72
JXSB,$24,1441138595095,"2,621",Not yet rated,NULL,N/A
JAXB,$13.67,1441138595120,"3,478",100% bullish,of 1 rating,N/A
JACK,$77.06,1441138595167,"304,247",83% bullish,of 6 ratings,$105
JAKK,$9.44,1441138595301,"159,740",60% bearish,of 5 ratings,$11
JMBA,$13.88,1441138595334,"88,718",75% bullish,of 4 ratings,$18
JAGX,$3.3375,1441138595355,"4,450",Not yet rated,NULL,$10.50
JRVR,$27,1441138595434,"29,709",Not yet rated,NULL,$32
ERW,NULL,1441138595490,0,Not yet rated,NULL,N/A
JASNW,NULL,1441138595539,0,50% bullish,of 2 ratings,N/A
JASN,$4.94,1441138595671,"6,818",50% bullish,of 2 ratings,$9.50
JAZZ,$164.93,1441138595742,"155,032",80% bullish,of 15 ratings,$206.50
JD,$24.77,1441138595825,"4,912,802",75% bullish,of 16 ratings,$36
JBLU,$22.095,1441138595850,"3,374,190",94% bullish,of 18 ratings,$27
JTPY,$2.9109,1441138596142,"1,008",100% bearish,of 1 rating,N/A
JCTCF,NULL,1441138596211,0,100% bullish,of 1 rating,N/A
DATE,$6.1,1441138596278,"39,191",75% bullish,of 4 ratings,$9
JIVE,$4.555,1441138596303,"236,840",75% bullish,of 4 ratings,$5
JOEZ,$0.17,1441138596500,"16,529",92% bullish,of 12 ratings,N/A
JST,$3.7001,1441138596533,"9,975",75% bullish,of 4 ratings,N/A
JBSS,$51.0719,1441138596555,"21,142",67% bearish,of 3 ratings,N/A
WYIGU,NULL,1441138596584,0,100% bearish,of 1 rating,N/A
JOUT,$23.82,1441138596634,"6,880",100% bearish,of 1 rating,$34
JNP,$11.09,1441138596769,"23,853",100% bullish,of 3 ratings,$15
JUNO,$34.35,1441138596797,"512,747",73% bullish,of 11 ratings,$71.50
KTWO,$20.7533,1441138596818,"60,241",100% bearish,of 1 rating,$28.50
KMDA,$3.5,1441138596947,"9,570",50% bullish,of 2 ratings,$8
