Symbol,Price,Date,Volume,Rating,RatingVoteCount,OneYearEstimate
FCTY,NULL,1440785402935,0,100% bullish,of 1 rating,$8.50
FLWS,$8.7,1440785402993,"347,947",80% bullish,of 5 ratings,$15
FCCY,NULL,1440785403024,0,100% bullish,of 1 rating,$13
TWOU,$34.68,1440785403307,"93,656",50% bullish,of 2 ratings,$39
SRCE,$29.29,1440785403337,"19,324",100% bullish,of 3 ratings,$33
VNET,$18.02,1440785403439,"362,048",60% bullish,of 5 ratings,$35
DSLV,$70.18,1440785403696,"6,431",100% bearish,of 1 rating,N/A
DGLD,$81.3199,1440785403762,"15,938",100% bullish,of 1 rating,N/A
UGLD,$9.28,1440785403786,"279,223",100% bearish,of 1 rating,N/A
USLV,$12.34,1440785404076,"206,627",86% bullish,of 7 ratings,N/A
JOBS,$27.2,1440785404126,"28,052",50% bullish,of 4 ratings,$36
CAFD,$15.05,1440785404570,"120,437",Not yet rated,NULL,$25
SIXD,$2.6587,1440785404639,"82,737",Not yet rated,NULL,N/A
EGHT,$7.95,1440785404698,"104,663",82% bullish,of 17 ratings,$11
SHLM,$34.14,1440785405037,"21,024",100% bearish,of 1 rating,$47
AVHI,$13.95,1440785405067,"8,731",100% bearish,of 1 rating,$19
AAON,$20.68,1440785405092,"38,713",100% bearish,of 1 rating,$24
ABGB,$5.64,1440785405481,"26,881",67% bullish,of 3 ratings,$5.50
ABAX,$47.35,1440785405522,"47,755",100% bearish,of 1 rating,$60
ABY,$22.7,1440785405585,"259,022",100% bearish,of 2 ratings,$46
ABEO,$4.78,1440785405895,"25,154",50% bullish,of 4 ratings,$15.50
ABEOW,$1.8301,1440785406175,"1,961",100% bullish,of 1 rating,N/A
ABMD,$98.58,1440785406402,"180,610",75% bullish,of 4 ratings,$100.50
AXAS,$1.9401,1440785406583,"729,739",78% bullish,of 9 ratings,$3.50
ACTG,$9.38,1440785406651,"106,292",67% bullish,of 3 ratings,$18.50
ACHC,$74.415,1440785406811,"190,124",50% bullish,of 2 ratings,$92
ACAD,$37.98,1440785407059,"228,561",80% bullish,of 20 ratings,$48
ACST,$0.3553,1440785407097,"1,256",100% bullish,of 2 ratings,N/A
XLRN,$29.3,1440785407245,"52,911",50% bullish,of 2 ratings,$57
ANCX,$20.04,1440785407556,"15,035",Not yet rated,NULL,$20
AXDX,$19.11,1440785407581,"66,295",100% bearish,of 1 rating,N/A
ARAY,$6.76,1440785407805,"422,282",100% bearish,of 1 rating,$10.50
TFSC,NULL,1440785407830,0,100% bearish,of 1 rating,N/A
TFSCR,NULL,1440785407905,0,Not yet rated,NULL,N/A
VXDN,$1.95,1440785408011,"21,905",100% bearish,of 1 rating,N/A
PIH,$7.54,1440785408036,"9,400",100% bearish,of 1 rating,N/A
VXUP,$1.552,1440785408070,"31,876",100% bearish,of 1 rating,N/A
TFSCW,$0.21,1440785408097,"1,100",100% bearish,of 1 rating,N/A
TFSCU,NULL,1440785408117,0,Not yet rated,NULL,N/A
ACHN,$7.7363,1440785408179,"988,355",90% bullish,of 21 ratings,$16
ACET,$22.56,1440785408262,"44,332",75% bullish,of 4 ratings,$30
ACRX,$4.28,1440785408290,"188,722",67% bearish,of 6 ratings,$5.50
ACIW,$21.4099,1440785408470,"144,317",67% bearish,of 3 ratings,$24
AKAO,$6.96,1440785408495,"18,857",75% bullish,of 4 ratings,$15
ACNB,$19.82,1440785408532,"2,970",Not yet rated,NULL,N/A
ACTS,$1.62,1440785408707,"39,550",100% bearish,of 1 rating,N/A
ATVI,$29.74,1440785408739,"23,720,574",68% bullish,of 84 ratings,$31.50
ACOR,$32.41,1440785408760,"332,902",67% bearish,of 3 ratings,$38.50
ACTA,$14.01,1440785408789,"63,619",67% bearish,of 3 ratings,$25
ACPW,$1.81,1440785408837,"26,770",100% bullish,of 4 ratings,$3.50
ADMS,$20.32,1440785408934,"36,502",100% bearish,of 2 ratings,$36
ACXM,$21.11,1440785408967,"105,690",67% bullish,of 3 ratings,N/A
ADMP,$3.74,1440785408988,"6,006",50% bullish,of 2 ratings,$10
ACUR,$2.99,1440785409115,"45,047",100% bullish,of 5 ratings,$1
ADUS,$28.67,1440785409141,"12,641",100% bearish,of 1 rating,$31
ADAP,$11.36,1440785409166,"53,294",67% bullish,of 3 ratings,$22
AEY,$2.36,1440785409215,"2,953",100% bearish,of 2 ratings,N/A
ADEP,$6.86,1440785409379,"9,732",50% bullish,of 2 ratings,$10.75
ADMA,$9.36,1440785409447,"10,748",Not yet rated,NULL,$19
ADBE,$79.2,1440785409509,"870,779",65% bullish,of 17 ratings,$90
AMD,$1.83,1440785409578,"4,649,515",83% bullish,of 103 ratings,$2
ADTN,$15.68,1440785409605,"117,004",67% bullish,of 3 ratings,$17.125
AEIS,$24.43,1440785409669,"50,368",50% bullish,of 2 ratings,$32.50
ADXS,$14.85,1440785409803,"303,974",64% bullish,of 14 ratings,$27
ADRO,$20.51,1440785409842,"106,568",80% bullish,of 5 ratings,$45.50
ADXSW,$10.25,1440785409867,"1,450",100% bullish,of 1 rating,N/A
MULT,NULL,1440785409931,0,100% bearish,of 1 rating,N/A
AEGR,$17.735,1440785409958,"128,048",50% bullish,of 6 ratings,$26
YPRO,$22.91,1440785409997,1,100% bearish,of 1 rating,N/A
AEHR,$2.3001,1440785410104,"1,300",50% bullish,of 2 ratings,N/A
AEGN,$18.3,1440785410181,"36,142",100% bearish,of 2 ratings,$21
AMTX,$3.17,1440785410274,"23,759",50% bullish,of 2 ratings,$26.11
AERI,$16.75,1440785410352,"252,248",75% bullish,of 4 ratings,$31.50
AEPI,$53.31,1440785410377,"6,131",100% bearish,of 1 rating,N/A
AVAV,$24.2,1440785410437,"34,455",50% bullish,of 4 ratings,$31
AEZS,$0.0871,1440785410507,"7,451,802",90% bullish,of 21 ratings,$1.50
AEMD,$7.1035,1440785410533,"76,195",Not yet rated,NULL,$27.50
AGEN,$7.26,1440785410662,"383,378",85% bullish,of 13 ratings,$14
AFMD,$10.17,1440785410725,"61,506",50% bullish,of 4 ratings,$15
AFFX,$9.4,1440785410751,"107,036",80% bullish,of 5 ratings,$12.50
AGYS,$10.2,1440785410804,"6,788",100% bearish,of 1 rating,N/A
AGRX,$8.7501,1440785410832,"13,665",100% bearish,of 1 rating,$17.50
AGIO,$89.7,1440785410968,"113,889",88% bullish,of 8 ratings,$114
AGFS,$10,1440785410998,"110,104",100% bearish,of 1 rating,N/A
AGFSW,$1.95,1440785411027,"7,700",100% bearish,of 2 ratings,N/A
AIMT,$21.195,1440785411127,"121,963",Not yet rated,NULL,N/A
AIRM,$37.72,1440785411203,"93,364",80% bearish,of 5 ratings,$53
AIRT,$21.67,1440785411230,100,100% bullish,of 1 rating,N/A
AMCN,$4.565,1440785411364,"79,475",83% bullish,of 6 ratings,N/A
AIXG,$6.42,1440785411425,"22,149",67% bearish,of 3 ratings,$5.25
ATSG,$8.9,1440785411456,"53,849",67% bullish,of 3 ratings,$13
AKAM,$71.69,1440785411495,"700,771",63% bullish,of 8 ratings,$77
AKBA,$6.94,1440785411561,"61,076",100% bearish,of 1 rating,$18
AKER,$2.47,1440785411719,"27,025",Not yet rated,NULL,N/A
AKRX,$41.09,1440785411749,"176,900",78% bullish,of 9 ratings,$56
ALRM,$16.85,1440785411791,"102,922",100% bearish,of 1 rating,$22
AMRI,$20.46,1440785411849,"76,509",75% bearish,of 4 ratings,$24
ALSK,$2.14,1440785411923,"87,938",78% bullish,of 18 ratings,$2
ABDC,$12.71,1440785411952,"13,384",Not yet rated,NULL,$15
ALDR,$38.41,1440785412058,"123,442",67% bearish,of 3 ratings,$62
ADHD,$8.07,1440785412120,"100,189",50% bullish,of 4 ratings,$18
ALDX,$6.75,1440785412163,"15,785",100% bearish,of 1 rating,$14.50
ALXN,$177.14,1440785412222,"473,155",88% bullish,of 8 ratings,$223
ALCO,$42.04,1440785412318,"3,340",50% bullish,of 2 ratings,N/A
ALXA,$1.17,1440785412371,"7,053",83% bullish,of 6 ratings,$2.125
ALGN,$57.05,1440785412474,"98,445",100% bearish,of 2 ratings,$73
AFOP,$19.06,1440785412608,"65,176",75% bullish,of 8 ratings,$21
ALGT,$208.98,1440785412639,"66,688",100% bearish,of 2 ratings,$235
ALIM,$3.4301,1440785412661,"18,069",80% bullish,of 5 ratings,$10
ALKS,$62.11,1440785412741,"258,159",67% bullish,of 3 ratings,$75
AIQ,$14.23,1440785412796,"3,225",67% bullish,of 3 ratings,N/A
ALLB,$22.8,1440785413064,429,Not yet rated,NULL,N/A
AHGP,$36.55,1440785413120,"74,046",67% bullish,of 3 ratings,N/A
ARLP,$25.22,1440785413208,"152,120",67% bearish,of 3 ratings,$32
AHPI,$1.45,1440785413229,101,50% bullish,of 2 ratings,N/A
ALLT,$5.49,1440785413261,"119,748",75% bullish,of 4 ratings,$6.25
AMOT,$18.85,1440785413286,"69,449",100% bearish,of 1 rating,N/A
ALQA,$4.43,1440785413312,"14,814",75% bullish,of 4 ratings,$8.50
AFAM,$45.47,1440785413518,"17,587",50% bullish,of 2 ratings,$44
ALNY,$107.88,1440785413545,"162,672",67% bullish,of 3 ratings,$148.50
MDRX,$13.71,1440785413686,"384,727",60% bullish,of 5 ratings,$16
AOSL,$7.39,1440785413716,"28,337",67% bullish,of 3 ratings,$9
ATEC,$0.5678,1440785413747,"37,815",100% bullish,of 1 rating,$2
SMCP,NULL,1440785413768,0,Not yet rated,NULL,N/A
ASPS,$26.06,1440785413847,"85,778",67% bullish,of 3 ratings,$46.50
ALTR,$48.57,1440785413902,"442,443",80% bearish,of 5 ratings,$54
AIMC,$24.8,1440785413976,"43,553",100% bearish,of 2 ratings,$28.50
AMAG,$65.42,1440785414141,"167,535",100% bullish,of 2 ratings,$77.50
AMRK,$10.243,1440785414182,950,50% bullish,of 2 ratings,$14
AMRN,$2.2,1440785414208,"556,872",85% bullish,of 39 ratings,$8
AYA,$20.61,1440785414270,"7,778",100% bearish,of 1 rating,$40
AMBC,$15.69,1440785414338,"78,737",100% bearish,of 1 rating,$16.50
AMZN,$516.12,1440785414431,"808,857",81% bullish,of 264 ratings,$646
AMBCW,NULL,1440785414470,0,100% bearish,of 1 rating,N/A
AMBA,$95.9285,1440785414574,"1,226,583",83% bullish,of 12 ratings,$102.50
EPAX,$2.71,1440785414648,"77,447",100% bearish,of 1 rating,N/A
AMDA,$0.4675,1440785415107,"508,464",90% bullish,of 10 ratings,$1
AMCX,$73.47,1440785415134,"190,005",67% bullish,of 3 ratings,$87.50
DOX,$57.79,1440785415155,"116,475",67% bearish,of 3 ratings,$60
AMED,$39.38,1440785415211,"95,150",100% bearish,of 1 rating,$42
UHAL,$378,1440785415355,"13,950",100% bullish,of 2 ratings,$393.50
AGNC,$19.37,1440785415566,"977,527",71% bullish,of 28 ratings,$22
ASBI,$22.78,1440785415604,573,Not yet rated,NULL,N/A
AMOV,$18.38,1440785415635,"2,314",100% bearish,of 1 rating,N/A
AGNCB,$24.3799,1440785415666,"9,793",Not yet rated,NULL,N/A
AAL,$38.5201,1440785415693,"4,306,565",93% bullish,of 88 ratings,$57
MTGEP,$24.4082,1440785415723,103,Not yet rated,NULL,N/A
MTGE,$15.2501,1440785415745,"450,135",75% bullish,of 4 ratings,$19.50
ATAX,$5.3097,1440785415766,"59,872",100% bullish,of 1 rating,$6.50
ACSF,$12.4899,1440785415970,"8,767",100% bearish,of 1 rating,$15
AGNCP,$25.32,1440785415999,"4,144",Not yet rated,NULL,N/A
ACAS,$13.9005,1440785416100,"431,382",60% bullish,of 5 ratings,$16.75
AMIC,NULL,1440785416303,0,Not yet rated,NULL,N/A
AMSWA,$9.005,1440785416334,"95,243",100% bearish,of 2 ratings,$10.75
AETI,NULL,1440785416365,0,67% bearish,of 3 ratings,N/A
AMNB,$23.47,1440785416398,"2,225",Not yet rated,NULL,$25.50
ANAT,$100.14,1440785416429,"16,711",100% bullish,of 1 rating,N/A
APEI,$22.56,1440785416465,"17,820",100% bearish,of 1 rating,$25.50
ANCI,$1.55,1440785416492,122,100% bearish,of 1 rating,N/A
ASEI,$38.73,1440785416519,"6,556",100% bearish,of 1 rating,$52.50
ARII,$40.68,1440785416645,"81,022",67% bearish,of 3 ratings,$45
AMRB,$10.08,1440785416776,"1,107",Not yet rated,NULL,$11
AMWD,$66.525,1440785416848,"25,698",50% bullish,of 2 ratings,$70
AMSC,$4.62,1440785416873,"57,432",50% bullish,of 4 ratings,N/A
ABCB,$26.8,1440785417033,"44,588",Not yet rated,NULL,$31
CRMT,$36.15,1440785417059,"17,971",100% bearish,of 1 rating,$39
AMSF,$46.5,1440785417132,"24,139",Not yet rated,NULL,$57.50
ASRVP,NULL,1440785417192,0,Not yet rated,NULL,N/A
ATLO,$23.87,1440785417219,"3,081",Not yet rated,NULL,N/A
ASRV,$3.26,1440785417262,"10,400",100% bullish,of 2 ratings,N/A
AMKR,$5.17,1440785417365,"792,143",100% bearish,of 2 ratings,$5
FOLD,$14.84,1440785417396,"292,508",56% bullish,of 9 ratings,$21
AMPH,$13.28,1440785417447,"56,683",50% bullish,of 2 ratings,$20
AMGN,$155.06,1440785417501,"1,719,426",89% bullish,of 19 ratings,$185
AMSG,$79.42,1440785417529,"116,354",100% bearish,of 1 rating,$85.50
AMSGP,$149.3,1440785417586,"32,958",Not yet rated,NULL,N/A
ASYS,$5.3,1440785417766,"18,920",67% bullish,of 3 ratings,$12
ANAD,$0.3294,1440785417937,"64,514",100% bullish,of 2 ratings,$.50
ANAC,$134.58,1440785417967,"154,836",80% bullish,of 5 ratings,$180.50
AMRS,$1.7,1440785417988,"31,802",70% bullish,of 10 ratings,N/A
AFSI,$58.54,1440785418021,"96,547",60% bullish,of 5 ratings,$72
ALOG,$79.72,1440785418068,"35,252",100% bearish,of 2 ratings,$100.50
ADI,$56.76,1440785418119,"1,037,808",67% bullish,of 3 ratings,$69
AMCF,$0.2366,1440785418247,"1,284",100% bullish,of 7 ratings,N/A
ABCW,$40.98,1440785418273,"5,102",67% bullish,of 3 ratings,N/A
ANGI,$5.15,1440785418344,"190,673",64% bullish,of 11 ratings,$5.50
ANCB,$22,1440785418405,"28,700",Not yet rated,NULL,$23
ANIP,$51.45,1440785418435,"90,905",89% bullish,of 19 ratings,$66
ANIK,$35.88,1440785418510,"64,961",60% bullish,of 5 ratings,$51.25
ANGO,$14.59,1440785418535,"29,819",67% bullish,of 3 ratings,$19
ATRS,$1.805,1440785418741,"158,497",92% bullish,of 12 ratings,$4.50
ANSS,$89.7,1440785418769,"123,176",100% bearish,of 1 rating,$100
ANTH,$7.33,1440785418846,"310,584",80% bullish,of 10 ratings,$13
APIC,$6.97,1440785418983,"66,537",100% bearish,of 1 rating,$19
ABAC,$0.7456,1440785419013,"4,785",100% bearish,of 1 rating,N/A
APOG,$50.88,1440785419034,"42,902",50% bullish,of 2 ratings,$67
ATNY,$2.34,1440785419066,"1,299",50% bullish,of 2 ratings,$3.75
APOL,$11.52,1440785419094,"389,160",87% bearish,of 68 ratings,$14
AINV,$6.605,1440785419198,"441,924",50% bullish,of 4 ratings,$8
APPF,$16.5,1440785419256,"14,237",50% bullish,of 2 ratings,$22
AAPL,$112.78,1440785419281,"19,591,884",86% bullish,of 2351 ratings,$150
ARCI,NULL,1440785419424,0,Not yet rated,NULL,N/A
APDN,$3.2814,1440785419459,"31,515",Not yet rated,NULL,$9
APDNW,$1.3,1440785419600,"1,004",Not yet rated,NULL,N/A
AAOI,$21.24,1440785419662,"106,935",50% bullish,of 4 ratings,$26
AMAT,$16.02,1440785419699,"3,617,331",82% bullish,of 11 ratings,$23
AGTC,$16.22,1440785419731,"26,948",50% bullish,of 2 ratings,$33
AREX,$2.23,1440785419798,"638,585",100% bearish,of 1 rating,$3
APRI,$1.38,1440785419827,"346,685",83% bullish,of 6 ratings,$4.86
APTO,$5.14,1440785419963,"15,139",Not yet rated,NULL,$17
AQXP,$17.64,1440785419991,"118,122",50% bullish,of 2 ratings,$2
AMCC,$5.76,1440785420017,"205,467",80% bullish,of 5 ratings,$8
AQMS,$5.2,1440785420149,"48,698",Not yet rated,NULL,N/A
AUMA,$9.89,1440785420176,115,Not yet rated,NULL,N/A
AUMAW,NULL,1440785420311,0,Not yet rated,NULL,N/A
AUMAU,NULL,1440785420348,0,Not yet rated,NULL,N/A
ARDM,NULL,1440785420373,0,100% bullish,of 1 rating,$26
PETX,$17.49,1440785420442,"95,419",100% bearish,of 2 ratings,$26
ARCW,$3.59,1440785420658,"3,024",100% bearish,of 2 ratings,$10.50
RKDA,$6.38,1440785420744,"5,869",100% bearish,of 2 ratings,$10
ABIO,$0.89,1440785420791,"33,222",50% bullish,of 2 ratings,$3.75
ACGL,$67.88,1440785420924,"71,384",50% bullish,of 2 ratings,$72
ACAT,$26.36,1440785420955,"52,777",100% bearish,of 3 ratings,$33
ARDX,$18.39,1440785420979,"39,999",50% bullish,of 2 ratings,$24.50
ARCB,$29.13,1440785421036,"61,962",67% bearish,of 3 ratings,$39.50
ARNA,$2.7108,1440785421142,"1,540,266",90% bullish,of 78 ratings,$5.50
ARCC,$15.76,1440785421171,"814,674",67% bearish,of 3 ratings,$17.875
ABUS,$7.32,1440785421310,"132,567",86% bullish,of 14 ratings,$23
AGIIL,$25.24,1440785421335,"9,527",Not yet rated,NULL,N/A
AGII,$54.83,1440785421361,"36,939",Not yet rated,NULL,$59.50
ARGS,$6.15,1440785421509,"15,028",50% bullish,of 2 ratings,$19.50
ARIA,$8.2,1440785421646,"4,972,136",87% bullish,of 46 ratings,$9
ARMH,$42.69,1440785421674,"542,556",54% bearish,of 13 ratings,$60
ARKR,$24.75,1440785421699,202,50% bullish,of 2 ratings,N/A
ARIS,$3.71,1440785421729,"25,081",Not yet rated,NULL,$4.50
ARWA,NULL,1440785421753,0,Not yet rated,NULL,N/A
ARWAR,NULL,1440785421953,0,Not yet rated,NULL,N/A
ARQL,$1.76,1440785422153,"47,491",75% bullish,of 4 ratings,$5
ARWAW,NULL,1440785422179,0,Not yet rated,NULL,N/A
ARWAU,NULL,1440785422254,0,100% bullish,of 1 rating,N/A
ARTX,$1.4985,1440785422279,"44,629",88% bullish,of 16 ratings,$4.50
ARRY,$5.89,1440785422308,"380,542",100% bullish,of 7 ratings,$10
ARRS,$26.71,1440785422333,"337,957",50% bullish,of 2 ratings,$38
AROW,$27.23,1440785422509,"7,399",Not yet rated,NULL,N/A
DWAT,$9.96,1440785422616,"2,450",100% bearish,of 1 rating,N/A
ARTW,$4.2501,1440785422644,"1,365",75% bearish,of 4 ratings,N/A
ARTNA,$22.26,1440785422681,"3,550",100% bearish,of 1 rating,$29
ASBB,NULL,1440785422707,0,Not yet rated,NULL,N/A
ASNA,$12.0178,1440785422777,"982,666",50% bullish,of 2 ratings,$18
ARWR,$5.71,1440785422806,"266,416",75% bullish,of 4 ratings,$10.50
ASND,$19.04,1440785422834,"35,202",100% bullish,of 1 rating,$30
ASCMA,$27.32,1440785423014,"26,424",100% bearish,of 1 rating,$45
ASTI,$0.106,1440785423119,"920,227",83% bullish,of 6 ratings,$3
ASMI,NULL,1440785423183,0,NULL,NULL,NULL
ASFI,$8.885,1440785423395,"3,500",100% bullish,of 1 rating,N/A
APWC,$1.71,1440785423426,729,100% bearish,of 1 rating,N/A
ALOT,NULL,1440785423484,0,100% bearish,of 1 rating,N/A
ASMB,$12.97,1440785423511,"23,098",67% bullish,of 3 ratings,N/A
ATRO,$53.095,1440785423532,"37,645",100% bearish,of 2 ratings,$80
ASML,$92.22,1440785423565,"274,305",50% bullish,of 4 ratings,$127
ASTC,$2.04,1440785423593,"10,188",100% bullish,of 5 ratings,N/A
AZPN,$37.74,1440785423728,"246,741",50% bullish,of 2 ratings,$42
ASTE,$37.13,1440785423835,"18,166",100% bearish,of 1 rating,$48
ATRA,$39.42,1440785423941,"44,629",50% bullish,of 2 ratings,$68
AFCB,NULL,1440785424214,0,Not yet rated,NULL,N/A
AAPC,$10.1,1440785424303,16,Not yet rated,NULL,N/A
ATHX,$1.135,1440785424345,"72,720",89% bullish,of 9 ratings,$5
AAME,$3.6,1440785424404,"1,000",Not yet rated,NULL,N/A
ACFC,$5.49,1440785424429,"16,452",100% bearish,of 1 rating,$6.50
ASUR,$5.96,1440785424490,900,50% bullish,of 2 ratings,$8
ATAI,$2.45,1440785424621,"4,756",100% bearish,of 1 rating,N/A
ATNI,$71.51,1440785424667,"10,982",100% bearish,of 1 rating,$69.50
AFH,$16.25,1440785424824,"38,004",Not yet rated,NULL,$21.50
ATML,$8.14,1440785424851,"3,023,455",78% bullish,of 9 ratings,$9.50
AAWW,$41.73,1440785424872,"204,862",50% bullish,of 2 ratings,$65
ATLC,$3.89,1440785424902,100,67% bullish,of 3 ratings,N/A
ATOS,$0.7611,1440785425157,"116,020",100% bullish,of 7 ratings,$7
ATRI,$387.87,1440785425244,956,Not yet rated,NULL,N/A
ATRC,$25.6,1440785425269,"44,270",100% bullish,of 1 rating,$30
ATRM,$2.9,1440785425295,"2,465",50% bullish,of 2 ratings,N/A
AUBN,$27.24,1440785425427,300,Not yet rated,NULL,N/A
LIFE,$14.52,1440785425452,"46,045",86% bullish,of 7 ratings,$43
ATTU,$13.415,1440785425663,"29,044",100% bearish,of 1 rating,$20.50
AUDC,$3.39,1440785425807,"31,024",80% bullish,of 5 ratings,$5
AUPH,$3.089,1440785426161,"44,203",100% bearish,of 1 rating,$8
ADAT,$0.295,1440785426258,"205,552",100% bullish,of 2 ratings,N/A
EARS,$4.79,1440785426598,"5,276",100% bearish,of 2 ratings,$11.50
ADSK,$46.575,1440785426658,"4,854,339",67% bullish,of 6 ratings,$69.50
ABTL,$17.67,1440785426683,"40,609",100% bullish,of 4 ratings,$20.25
ADP,$78.33,1440785426710,"952,856",100% bearish,of 1 rating,$88
ATHN,$137.08,1440785426732,"61,110",67% bearish,of 3 ratings,$153
AAVL,$10.76,1440785426875,"177,158",100% bearish,of 1 rating,$20
AVID,$8.42,1440785427022,"166,911",100% bearish,of 1 rating,$20
AVNU,$12.4,1440785427117,"1,206",Not yet rated,NULL,$14
AVNW,$1.15,1440785427246,"84,767",50% bullish,of 2 ratings,$2.20
AVGO,$126.38,1440785427276,"1,166,097",88% bullish,of 8 ratings,$165
CAR,$43.91,1440785427304,"406,551",80% bullish,of 5 ratings,$60
AVEO,$1.3705,1440785427329,"366,849",75% bullish,of 8 ratings,$3
AXPW,$1.07,1440785427613,"33,531",83% bullish,of 6 ratings,N/A
ACLS,$3.195,1440785427703,"132,217",67% bullish,of 6 ratings,$4.75
AXPWW,NULL,1440785427774,0,Not yet rated,NULL,N/A
AXTI,$2.19,1440785427835,"23,889",50% bullish,of 2 ratings,$2.75
AXGN,$4.57,1440785427860,"171,273",Not yet rated,NULL,$5
BCOM,$18.86,1440785427919,40,100% bearish,of 1 rating,N/A
BOSC,$2.25,1440785428200,"1,450",50% bullish,of 2 ratings,N/A
RILY,NULL,1440785428226,0,Not yet rated,NULL,N/A
AWRE,$3.21,1440785428253,"6,468",67% bullish,of 3 ratings,N/A
BIDU,$151.87,1440785428300,"1,439,696",81% bullish,of 88 ratings,$210
BCPC,$58.29,1440785428386,"43,523",100% bearish,of 1 rating,$75
BEAV,$49.29,1440785428412,"251,310",67% bearish,of 3 ratings,$59
BWINA,NULL,1440785428552,0,Not yet rated,NULL,N/A
BWINB,$23,1440785428619,"3,300",Not yet rated,NULL,N/A
BLDP,$1.27,1440785428751,"273,806",91% bullish,of 22 ratings,$2.50
BANF,$59.42,1440785428794,"4,302",Not yet rated,NULL,$68
BANFP,NULL,1440785428938,0,Not yet rated,NULL,N/A
BMRC,$48.31,1440785429095,"1,404",Not yet rated,NULL,$52
BOTJ,NULL,1440785429227,0,Not yet rated,NULL,N/A
BKMU,$7.185,1440785429253,"42,156",Not yet rated,NULL,$8
BKSC,$16.4999,1440785429295,935,Not yet rated,NULL,N/A
BFIN,$12.14,1440785429384,"10,104",Not yet rated,NULL,$13
OZRK,$41.73,1440785429526,"168,489",67% bullish,of 3 ratings,$49.50
BWFG,$18,1440785429553,"85,905",100% bearish,of 1 rating,N/A
BOCH,$5.79,1440785429684,"4,548",Not yet rated,NULL,$6.50
BANR,$43.75,1440785429709,"14,237",100% bullish,of 3 ratings,$50
BZUN,$5.29,1440785429922,"301,987",50% bullish,of 2 ratings,$11.50
BHAC,$9.81,1440785429970,400,Not yet rated,NULL,N/A
TAPR,$31.67,1440785430161,"1,050",100% bearish,of 1 rating,N/A
BHACR,NULL,1440785430217,0,Not yet rated,NULL,N/A
BHACU,NULL,1440785430246,0,Not yet rated,NULL,N/A
BHACW,NULL,1440785430298,0,Not yet rated,NULL,N/A
BSET,$28.685,1440785430353,"30,140",100% bearish,of 1 rating,$35
BYBK,$4.8601,1440785430381,"8,264",100% bearish,of 1 rating,N/A
BYLK,$13,1440785430572,"2,297",Not yet rated,NULL,$14
BCBP,NULL,1440785430703,0,Not yet rated,NULL,N/A
BBCN,$14.5,1440785430733,"78,336",100% bearish,of 1 rating,$16
BV,$5.12,1440785430841,"209,590",67% bullish,of 6 ratings,$9
BECN,$35.37,1440785431117,"166,272",50% bullish,of 2 ratings,$40
BBGI,NULL,1440785431138,0,100% bullish,of 1 rating,N/A
BDCV,$4.8,1440785431220,"3,800",100% bearish,of 1 rating,$10.19
BSF,$8.64,1440785431277,"6,274",Not yet rated,NULL,N/A
BEBE,$1.395,1440785431303,"2,035,740",75% bullish,of 4 ratings,$3.075
BBBY,$62.71,1440785431556,"641,327",71% bullish,of 7 ratings,$75
BELFB,$18.04,1440785431619,"9,434",100% bearish,of 1 rating,N/A
BNCL,$12.42,1440785431686,"79,801",100% bullish,of 3 ratings,$12.50
BLCM,$17.25,1440785431714,"88,030",50% bullish,of 4 ratings,$40
BLPH,$5.12,1440785431735,"2,323",100% bearish,of 1 rating,$12.50
BBSI,$35.49,1440785431867,"27,642",67% bearish,of 3 ratings,$62.50
BNFT,$36.71,1440785432089,"47,354",67% bullish,of 3 ratings,$46
BNTC,$7.9,1440785432114,"43,438",100% bullish,of 1 rating,N/A
BGMD,$0.7277,1440785432146,"170,304",100% bullish,of 10 ratings,N/A
BGFV,$11.1,1440785432299,"39,020",57% bullish,of 7 ratings,$12
BGCP,$8.755,1440785432324,"294,353",88% bullish,of 8 ratings,$14
BIOC,$1.94,1440785432549,"71,276",83% bullish,of 6 ratings,$3.85
ORPN,$5.9272,1440785432649,"17,987",100% bullish,of 1 rating,$28.50
BASI,$1.64,1440785432675,"3,014",Not yet rated,NULL,N/A
BIND,$4.47,1440785432744,"40,733",75% bullish,of 4 ratings,$13.50
BCRX,$11.28,1440785432769,"157,672",63% bullish,of 8 ratings,$18
BCDA,NULL,1440785432971,0,Not yet rated,NULL,N/A
BIOD,$0.6488,1440785433103,"8,090",80% bullish,of 5 ratings,$4
BDSI,$6.865,1440785433236,"264,888",88% bullish,of 8 ratings,$17
BIIB,$301.53,1440785433287,"641,552",88% bullish,of 16 ratings,$400
BIOL,$1.45,1440785433367,"12,472",Not yet rated,NULL,N/A
BLRX,$1.5289,1440785433514,"146,888",100% bullish,of 12 ratings,$5
BLFS,$2.12,1440785433542,"16,030",100% bearish,of 1 rating,$4.75
BVXV,$3.6325,1440785433677,"2,361",Not yet rated,NULL,N/A
BVXVW,$0.7,1440785433705,300,100% bearish,of 1 rating,N/A
BMRN,$132.5,1440785433729,"224,582",80% bullish,of 5 ratings,$160
BRLI,NULL,1440785433865,0,NULL,NULL,NULL
BPTH,$1.15,1440785434015,"25,285",100% bullish,of 2 ratings,$5
BIOS,$2.33,1440785434058,"298,207",71% bullish,of 7 ratings,$4
BBC,$31.53,1440785434146,"8,633",Not yet rated,NULL,N/A
BBP,$32.9474,1440785434280,"17,228",Not yet rated,NULL,N/A
BSTC,$51.54,1440785434312,"26,231",100% bearish,of 1 rating,$76
BSPM,$0.66,1440785434417,"49,462",50% bullish,of 2 ratings,N/A
BOTA,$2.095,1440785434443,"11,190",88% bullish,of 8 ratings,N/A
TECH,$96.37,1440785434570,"79,066",100% bullish,of 1 rating,$117
AVGR,$15,1440785434627,"23,260",100% bearish,of 1 rating,$20
BEAT,$14.56,1440785434678,"132,747",67% bearish,of 3 ratings,$15
BDMS,NULL,1440785434808,0,100% bearish,of 1 rating,N/A
BITI,$16.98,1440785434890,"15,537",100% bullish,of 1 rating,$28
BBOX,$14.905,1440785434939,"39,947",100% bearish,of 1 rating,N/A
BJRI,$44.19,1440785434964,"68,856",50% bullish,of 2 ratings,$55
BBRY,$7.4075,1440785435191,"2,855,612",61% bullish,of 330 ratings,$9
BLKB,$57.64,1440785435227,"78,471",100% bearish,of 2 ratings,$66
HAWK,$40.12,1440785435359,"147,320",91% bullish,of 11 ratings,$49
ADRD,$22.16,1440785435384,"10,305",100% bearish,of 1 rating,N/A
ADRU,NULL,1440785435741,0,100% bearish,of 1 rating,N/A
ADRE,$30.0686,1440785435766,"9,345",100% bearish,of 1 rating,N/A
ADRA,NULL,1440785435822,0,100% bearish,of 1 rating,N/A
BKCC,$9.34,1440785435844,"210,710",50% bullish,of 2 ratings,$10
BLMN,$20.42,1440785435926,"444,989",83% bullish,of 6 ratings,$27.50
BCOR,$13.71,1440785435955,"95,319",57% bullish,of 7 ratings,$15
BUFF,$26.48,1440785436281,"107,101",83% bullish,of 12 ratings,$31.50
BLBD,$11.68,1440785436306,"4,111",Not yet rated,NULL,N/A
BBLU,$0.792,1440785436515,"88,656",100% bullish,of 2 ratings,$4.43
BHBK,$13.93,1440785436540,"17,435",100% bullish,of 1 rating,$14.50
NILE,$34.13,1440785436577,"47,551",50% bullish,of 2 ratings,$34
BLUE,$136.93,1440785436602,"141,251",71% bullish,of 7 ratings,$217.50
BPMC,$26.6,1440785437045,"57,010",50% bullish,of 2 ratings,$47.50
BKEPP,$7.61,1440785437147,200,100% bearish,of 1 rating,N/A
BKEP,$6.38,1440785437189,"6,005",100% bearish,of 1 rating,$8.50
BNCN,$20.38,1440785437284,"64,323",Not yet rated,NULL,$24
BOBE,$43.5,1440785437415,"41,553",75% bullish,of 4 ratings,$57
WIFI,$7.59,1440785437451,"61,110",50% bullish,of 2 ratings,$13.50
BELFA,$14.87,1440785437494,12,100% bearish,of 1 rating,N/A
BOFI,$118.5855,1440785437544,"127,267",100% bullish,of 6 ratings,$144
BOKF,$62.51,1440785437737,"50,686",100% bearish,of 1 rating,$69
BOJA,$21.38,1440785437762,"36,922",100% bullish,of 1 rating,$30
BONA,$11.715,1440785437818,"30,097",75% bullish,of 4 ratings,$8.50
BPFH,$11.81,1440785437999,"92,590",100% bearish,of 1 rating,$14
BAMM,$3.07,1440785438026,"23,674",60% bullish,of 5 ratings,N/A
BPFHP,$24.865,1440785438156,"7,650",100% bearish,of 1 rating,N/A
BPFHW,$5.5,1440785438185,"3,130",100% bearish,of 1 rating,N/A
EPAY,$26.82,1440785438285,"51,912",100% bearish,of 2 ratings,$30
BDBD,$8.31,1440785438370,"314,949",60% bullish,of 5 ratings,$10
BCLI,$2.95,1440785438503,"37,562",80% bullish,of 5 ratings,$12
BBEPP,$14.45,1440785438576,"38,005",100% bearish,of 1 rating,N/A
BBEP,$2.9,1440785438634,"2,205,214",69% bullish,of 13 ratings,$5.625
BBRG,$12.7201,1440785438662,"34,563",67% bullish,of 3 ratings,$14.50
BDGE,$26.26,1440785438841,"9,927",Not yet rated,NULL,$31.75
BLIN,$1.4,1440785438868,"5,000",100% bullish,of 2 ratings,$2.20
BRID,NULL,1440785438947,0,100% bearish,of 1 rating,N/A
BCOV,$5.43,1440785439160,"33,684",67% bullish,of 3 ratings,$10.20
BSFT,$31.6,1440785439386,"52,687",57% bullish,of 7 ratings,$40.50
BVSN,$6.01,1440785439414,"12,339",60% bearish,of 5 ratings,N/A
BWEN,$3.23,1440785439446,"29,698",100% bullish,of 3 ratings,$8
BRCM,$51.605,1440785439471,"1,132,359",75% bullish,of 12 ratings,$56
BYFC,NULL,1440785439542,0,50% bullish,of 2 ratings,N/A
BRCD,$10.645,1440785439644,"1,127,194",92% bullish,of 13 ratings,$11.50
BRKS,$10.41,1440785439845,"47,616",67% bullish,of 3 ratings,$15.25
BRKL,$10.55,1440785439895,"98,499",100% bearish,of 1 rating,$10.75
BMTC,$29.27,1440785439949,"33,737",Not yet rated,NULL,$34
BLMT,$20.65,1440785440098,"7,704",Not yet rated,NULL,N/A
BRKR,$18.37,1440785440123,"179,477",100% bearish,of 2 ratings,$22
BWLD,$194.64,1440785440341,"81,363",82% bullish,of 11 ratings,$205
BSQR,$6.23,1440785440375,"37,260",67% bullish,of 3 ratings,N/A
BUR,$1.7247,1440785440472,"3,043",100% bearish,of 1 rating,$8
BDE,$7.48,1440785440499,"51,417",50% bullish,of 2 ratings,$9
BLDR,$14.58,1440785440530,"206,352",67% bullish,of 3 ratings,$22
CHRW,$67.03,1440785440629,"463,839",Not yet rated,NULL,$72
CFFI,$36.76,1440785440659,"5,462",100% bearish,of 1 rating,N/A
CA,$27.27,1440785440759,"967,543",50% bullish,of 4 ratings,$33
CDNS,$20.16,1440785440843,"827,289",75% bullish,of 4 ratings,$22.50
CCMP,$43.58,1440785440980,"25,015",50% bullish,of 2 ratings,$59
CACQ,$7.35,1440785441065,"27,176",100% bearish,of 1 rating,$12.25
CDZI,$7.82,1440785441144,"14,200",100% bearish,of 1 rating,N/A
CZR,$9.2,1440785441169,"459,040",60% bearish,of 5 ratings,$10.50
CLBS,$1.45,1440785441455,"101,915",79% bullish,of 14 ratings,$4
PRSS,$4.573,1440785441486,"8,620",80% bullish,of 5 ratings,$4.50
CLMS,$10.64,1440785441588,"40,608",Not yet rated,NULL,$10.50
CHY,$11.4458,1440785441614,"124,554",Not yet rated,NULL,N/A
CCD,$19.25,1440785441674,"53,430",Not yet rated,NULL,N/A
CHI,$10.59,1440785441750,"76,355",100% bearish,of 1 rating,N/A
CFGE,NULL,1440785441879,0,Not yet rated,NULL,N/A
CHW,$7.6001,1440785441949,"243,941",100% bearish,of 1 rating,N/A
CGO,$12.15,1440785441984,"13,239",100% bearish,of 1 rating,N/A
CAMP,$16.49,1440785442132,"136,724",88% bullish,of 8 ratings,$25
CSQ,$9.9301,1440785442161,"159,273",Not yet rated,NULL,N/A
CVGW,$58.83,1440785442265,"66,543",50% bullish,of 2 ratings,$58.50
CFNB,NULL,1440785442467,0,100% bearish,of 1 rating,N/A
CALD,$15.77,1440785442571,"124,048",100% bearish,of 1 rating,$21
CALM,$49.99,1440785442601,"148,731",80% bullish,of 5 ratings,$65
CALA,$5.83,1440785442671,"264,485",100% bullish,of 3 ratings,$19.50
CLMT,$26.2316,1440785442698,"94,674",75% bullish,of 8 ratings,$31
ABCD,$5.32,1440785442846,"112,213",83% bullish,of 6 ratings,N/A
CAMB,$9.95,1440785442978,"2,000",Not yet rated,NULL,N/A
CAC,$40.54,1440785443161,"2,325",Not yet rated,NULL,N/A
CAMBW,NULL,1440785443189,0,Not yet rated,NULL,N/A
CAMBU,NULL,1440785443217,0,100% bearish,of 1 rating,N/A
CAMT,$2.74,1440785443327,"10,495",73% bullish,of 11 ratings,$4
CGIX,$10.13,1440785443706,"15,884",67% bullish,of 3 ratings,$14.375
CPHC,NULL,1440785443733,0,100% bearish,of 1 rating,N/A
CSIQ,$19.04,1440785443767,"1,089,301",86% bullish,of 28 ratings,$42.50
CBNJ,$11.18,1440785443866,"11,517",100% bullish,of 1 rating,N/A
CBF,$29.57,1440785443891,"83,835",Not yet rated,NULL,$32
CPLA,$49.3,1440785443919,"65,470",67% bearish,of 3 ratings,$65
CPLP,$6.9,1440785444230,"174,822",71% bullish,of 7 ratings,$11
CSWC,$46,1440785444262,"4,808",Not yet rated,NULL,N/A
CPTA,$13.76,1440785444291,"21,538",100% bearish,of 1 rating,$18.50
CSTE,$41.13,1440785444364,"71,608",50% bullish,of 2 ratings,$65
CFFN,$12.02,1440785444456,"207,976",Not yet rated,NULL,$12.75
CAPNW,NULL,1440785444505,0,Not yet rated,NULL,N/A
CCBG,$14.9,1440785444533,"11,751",Not yet rated,NULL,$17.25
CAPN,$2.24,1440785444670,"178,314",100% bullish,of 1 rating,$10.85
BNSO,$1.31,1440785444698,190,100% bearish,of 1 rating,N/A
CAPR,$4.3301,1440785444750,"2,810",Not yet rated,NULL,$12
CARA,$19.0401,1440785444831,"73,522",50% bullish,of 4 ratings,$25
CPST,$0.4156,1440785444861,"958,920",95% bullish,of 22 ratings,$1.25
CARB,$11.32,1440785444887,"50,968",75% bullish,of 4 ratings,$12
CRDC,$0.36,1440785445055,"59,187",100% bullish,of 1 rating,$1.25
CBYL,$5.14,1440785445213,"15,222",100% bearish,of 1 rating,$20
CATM,$34.71,1440785445239,"52,702",100% bearish,of 1 rating,$44
CSII,$24.09,1440785445261,"45,451",100% bearish,of 2 ratings,$42.125
CRME,$8.83,1440785445295,"3,263",89% bullish,of 9 ratings,$11.25
CDNA,$7.02,1440785445394,"8,209",100% bearish,of 1 rating,$9
CECO,$3.7899,1440785445490,"176,847",67% bearish,of 3 ratings,$6
CTRE,$11.3,1440785445559,"155,273",50% bullish,of 2 ratings,$13.50
CKEC,$23.4,1440785445640,"55,641",50% bullish,of 2 ratings,$35.915
CART,$5.35,1440785445773,"1,000",100% bearish,of 1 rating,N/A
CLBH,$12.73,1440785445835,302,Not yet rated,NULL,$16.50
CARO,$15.55,1440785445862,200,100% bearish,of 1 rating,$19
TAST,$12.74,1440785446086,"215,271",Not yet rated,NULL,$14.25
CRZO,$35.33,1440785446156,"955,149",67% bearish,of 3 ratings,$55
CARV,$7.19,1440785446219,608,50% bullish,of 2 ratings,N/A
CRTN,$2.52,1440785446256,"3,126",100% bearish,of 1 rating,N/A
CACB,$5.36,1440785446301,"19,992",Not yet rated,NULL,$5.50
CASM,$1.17,1440785446403,"132,786",100% bullish,of 1 rating,$3.50
CASY,$105.61,1440785446544,"84,384",50% bullish,of 2 ratings,$99.50
CFNL,$21.98,1440785446577,"30,337",Not yet rated,NULL,$24
CSCD,$14.95,1440785446604,"19,560",100% bullish,of 2 ratings,$17
CASI,$1.44,1440785446676,"12,560",100% bullish,of 1 rating,$3.50
CWST,$6.25,1440785446705,"61,663",50% bullish,of 2 ratings,$7.25
CASS,$48.19,1440785446805,"6,740",100% bearish,of 1 rating,N/A
CATB,$12.3,1440785446902,"5,534",100% bearish,of 1 rating,$28
CPRX,$3.66,1440785447035,"166,443",71% bullish,of 7 ratings,$7
CATY,$29.62,1440785447062,"328,257",100% bearish,of 1 rating,$33.50
CVCO,$72.29,1440785447580,"12,443",100% bearish,of 1 rating,N/A
CAVM,$68.525,1440785447612,"118,381",67% bearish,of 3 ratings,$72
CNLM,$9.92,1440785447638,"3,400",Not yet rated,NULL,N/A
CBFV,$21.475,1440785447717,"1,102",Not yet rated,NULL,$25
CATYW,NULL,1440785447742,0,100% bearish,of 1 rating,N/A
CNLMR,NULL,1440785447789,0,Not yet rated,NULL,N/A
CDW,$40.055,1440785447993,"370,735",75% bullish,of 4 ratings,$44
CDK,$49.52,1440785448025,"180,130",67% bearish,of 3 ratings,$50
CNLMW,NULL,1440785448052,0,Not yet rated,NULL,N/A
CNLMU,NULL,1440785448128,0,100% bullish,of 1 rating,N/A
CBOE,$63.71,1440785448186,"94,171",Not yet rated,NULL,$60
CELG,$123.39,1440785448213,"1,610,772",92% bullish,of 13 ratings,$155.50
CECE,$9.78,1440785448240,"27,558",50% bullish,of 2 ratings,$16
CPXX,$2.08,1440785448381,"48,419",100% bullish,of 2 ratings,$7
CELGZ,$1.84,1440785448451,15,80% bullish,of 5 ratings,N/A
CLDN,$1.12,1440785448477,"360,154",71% bullish,of 7 ratings,$3
CLRBW,NULL,1440785448819,0,Not yet rated,NULL,N/A
CLDX,$15.05,1440785448910,"462,907",89% bullish,of 9 ratings,$36
CEMP,$35.505,1440785448971,"241,763",71% bullish,of 7 ratings,$52
CLSN,$2.05,1440785448999,"34,337",80% bullish,of 10 ratings,$7.50
CYAD,NULL,1440785449020,0,100% bullish,of 1 rating,$87.50
CBMG,$23.49,1440785449067,"26,460",50% bullish,of 2 ratings,N/A
CLRB,$3.17,1440785449096,"1,800",100% bearish,of 1 rating,N/A
CETX,$2.36,1440785449159,"3,500",Not yet rated,NULL,$5.60
CLTX,$2.3899,1440785449312,"77,453",100% bullish,of 2 ratings,N/A
CLLS,$32.44,1440785449389,"31,598",75% bullish,of 4 ratings,$51.50
CSFL,$13.64,1440785449456,"44,459",Not yet rated,NULL,$15
CETV,$2.15,1440785449518,"41,113",67% bullish,of 3 ratings,$2.80
CFBK,NULL,1440785449563,0,Not yet rated,NULL,N/A
CENT,$12.32,1440785449717,"29,741",Not yet rated,NULL,$10
CENTA,$12.69,1440785449753,"272,039",Not yet rated,NULL,N/A
CVCY,$11.213,1440785449779,"8,609",Not yet rated,NULL,$12
CENX,$5.36,1440785449914,"1,195,013",67% bullish,of 6 ratings,$9
CNBKA,$41.07,1440785449946,800,50% bullish,of 2 ratings,N/A
CPHD,$50.15,1440785449972,"202,878",67% bearish,of 3 ratings,$66.50
CRNT,$1.41,1440785450047,"59,237",50% bullish,of 2 ratings,$2
CERE,$1.175,1440785450189,"133,460",88% bullish,of 8 ratings,N/A
CERN,$62.8,1440785450218,"670,367",67% bullish,of 3 ratings,$79
CERU,$3.77,1440785450247,"30,767",75% bullish,of 4 ratings,$15
CNTY,$5.75,1440785450268,"11,556",80% bullish,of 5 ratings,$7.75
CERS,$4.86,1440785450397,"204,976",75% bullish,of 4 ratings,$7
CEVA,$18.98,1440785450588,"42,828",100% bearish,of 1 rating,$25
KOOL,$0.68,1440785450614,"33,290",100% bullish,of 5 ratings,$7
HOTR,$1.4499,1440785450668,"95,799",100% bullish,of 2 ratings,$5
CYOU,$20.88,1440785450744,"72,495",50% bullish,of 6 ratings,$24
HOTRW,NULL,1440785450769,0,Not yet rated,NULL,N/A
CTHR,$1.25,1440785450839,"2,675",50% bullish,of 2 ratings,$2.50
GTLS,$24.31,1440785450897,"199,854",50% bullish,of 4 ratings,$40
CHTR,$179.69,1440785450996,"249,731",100% bearish,of 2 ratings,$196
CHFN,$12.49,1440785451139,"10,741",Not yet rated,NULL,$14
CHEK,$2.1,1440785451171,"2,850",Not yet rated,NULL,$7.75
CHKP,$78.67,1440785451205,"422,933",50% bullish,of 4 ratings,$92
CHEKW,NULL,1440785451226,0,Not yet rated,NULL,N/A
CHFC,$31.31,1440785451257,"46,810",100% bearish,of 1 rating,$36
CEMI,$4.28,1440785451306,"16,300",50% bullish,of 2 ratings,$7.50
CCXI,$6.49,1440785451439,"31,771",67% bullish,of 3 ratings,$14
CHMG,$26.08,1440785451584,100,Not yet rated,NULL,$30
CHKE,$25.51,1440785451613,"8,316",100% bearish,of 1 rating,$32.50
CHEV,$14.58,1440785451744,"1,410",Not yet rated,NULL,N/A
CHMA,$25.65,1440785451774,"31,508",Not yet rated,NULL,$40
CMRX,$50.28,1440785451835,"124,533",50% bullish,of 2 ratings,$57
PLCE,$59.095,1440785451875,"61,748",100% bearish,of 1 rating,$69
CBNK,$16.3,1440785452007,"6,737",100% bearish,of 1 rating,N/A
CADC,NULL,1440785452071,0,78% bullish,of 9 ratings,N/A
CAAS,$6.507,1440785452135,"19,619",93% bullish,of 14 ratings,$11.50
CALI,$0.9589,1440785452168,"12,798",67% bullish,of 3 ratings,N/A
CBPO,$100.48,1440785452199,"95,813",75% bullish,of 8 ratings,$140.50
CBAK,$2.07,1440785452229,"36,277",67% bullish,of 9 ratings,N/A
CCCR,$0.79,1440785452261,"1,340",67% bearish,of 3 ratings,N/A
CCCL,$0.7877,1440785452305,"5,779",100% bullish,of 6 ratings,N/A
JRJC,$3.57,1440785452561,"69,675",82% bullish,of 11 ratings,N/A
HGSH,$1.7832,1440785452770,"4,129",67% bullish,of 3 ratings,N/A
CHLN,$1.86,1440785452797,"4,124",67% bullish,of 3 ratings,N/A
CJJD,$1.88,1440785452830,"8,322",100% bullish,of 1 rating,N/A
CHOP,$1.23,1440785452935,"1,500",50% bullish,of 2 ratings,N/A
CNIT,$1.3699,1440785452956,"81,611",67% bullish,of 6 ratings,N/A
HTHT,$25.49,1440785452985,"41,726",50% bullish,of 2 ratings,$28.40
CREG,$0.6999,1440785453038,"26,788",100% bullish,of 3 ratings,N/A
CHNR,$1.67,1440785453168,900,100% bearish,of 1 rating,N/A
CSUN,$1.5,1440785453195,"9,321",80% bullish,of 5 ratings,N/A
CNTF,$0.8,1440785453277,"84,188",Not yet rated,NULL,N/A
CNYD,$3.48,1440785453378,"13,799",67% bullish,of 3 ratings,N/A
CXDC,$5.84,1440785453464,"34,400",67% bearish,of 3 ratings,N/A
CCIH,$7.34,1440785453491,"144,890",67% bullish,of 6 ratings,$12.65
CPGI,NULL,1440785453561,0,Not yet rated,NULL,N/A
CNET,$0.855,1440785453707,"30,090",50% bullish,of 2 ratings,N/A
IMOS,$18.52,1440785453766,"90,974",60% bullish,of 5 ratings,$21.50
CHSCL,$27.1401,1440785453840,"10,063",Not yet rated,NULL,N/A
CHSCO,$28.22,1440785453983,"2,775",Not yet rated,NULL,N/A
CHSCN,$27.04,1440785454034,"1,234",Not yet rated,NULL,N/A
CHSCP,$30.52,1440785454059,"4,400",Not yet rated,NULL,N/A
CHSCM,$26.25,1440785454115,"7,700",Not yet rated,NULL,N/A
CHDN,$133.11,1440785454147,"51,877",Not yet rated,NULL,$165
CHUY,$31.6,1440785454168,"78,226",50% bullish,of 2 ratings,$34
CDTX,$14.735,1440785454259,"10,369",Not yet rated,NULL,$22
CIFC,$7.1,1440785454440,"1,725",100% bearish,of 1 rating,N/A
CMPR,$72.88,1440785454487,"144,130",50% bullish,of 2 ratings,$72.50
CMCT,$15.3899,1440785454571,200,100% bearish,of 1 rating,N/A
CIDM,$0.6,1440785454596,"66,076",50% bullish,of 2 ratings,$2.10
CINF,$52.69,1440785454785,"155,971",50% bullish,of 4 ratings,$50.50
CTAS,$85.42,1440785454835,"122,350",100% bearish,of 1 rating,$91
CRUS,$30.15,1440785454868,"391,381",75% bullish,of 12 ratings,$44.50
CZNC,$19.79,1440785454897,"4,088",Not yet rated,NULL,N/A
CSCO,$25.98,1440785454918,"7,529,928",84% bullish,of 209 ratings,$32
CPHR,$5.3162,1440785454965,"36,992",100% bearish,of 1 rating,$17
CTRN,$26.8,1440785455058,"27,409",100% bearish,of 1 rating,$31.50
CZWI,NULL,1440785455135,0,Not yet rated,NULL,N/A
CIZN,$19.3,1440785455268,"1,800",Not yet rated,NULL,N/A
CZFC,NULL,1440785455301,0,Not yet rated,NULL,N/A
CTXS,$68.78,1440785455400,"516,797",86% bullish,of 7 ratings,$80
CHCO,$47.07,1440785455426,"13,518",Not yet rated,NULL,$46
CIVBP,NULL,1440785455592,0,Not yet rated,NULL,N/A
CLNT,$1.347,1440785455641,"5,650",75% bullish,of 8 ratings,N/A
CIVB,$10.25,1440785455667,"5,050",Not yet rated,NULL,$11
CLNE,$5.1199,1440785455723,"655,247",80% bullish,of 15 ratings,$9
CDTI,$1.62,1440785455796,"40,815",75% bullish,of 4 ratings,$3.20
CLRO,$11.568,1440785455828,"2,387",50% bullish,of 2 ratings,$14.25
CLIR,$4.72,1440785455850,"72,671",100% bullish,of 3 ratings,N/A
CBLI,$3.77,1440785455910,"17,877",60% bullish,of 5 ratings,N/A
CLFD,$16.99,1440785456017,"20,869",67% bullish,of 3 ratings,$18
CMFN,$11.39,1440785456146,"20,522",100% bearish,of 1 rating,$15.50
CLVS,$77.07,1440785456172,"179,058",60% bullish,of 5 ratings,$101.50
CSBK,$13.56,1440785456194,"31,425",Not yet rated,NULL,N/A
CME,$94.63,1440785456359,"483,872",67% bullish,of 3 ratings,$102
CCNE,$16.94,1440785456421,"5,786",50% bullish,of 2 ratings,$21.50
CWAY,$11.18,1440785456527,"2,300",Not yet rated,NULL,N/A
CNV,$4.41,1440785456554,"24,622",50% bullish,of 2 ratings,$7.15
COKE,$153.7869,1440785456604,"15,926",79% bullish,of 19 ratings,N/A
COBZ,$12.89,1440785456631,"24,433",100% bullish,of 1 rating,$14
CISG,$7.84,1440785456705,"52,702",100% bullish,of 5 ratings,$10
CDRB,$13.5,1440785456768,"9,138",67% bullish,of 3 ratings,N/A
CDXS,$3.7,1440785456793,"6,664",64% bullish,of 11 ratings,$6
CVLY,NULL,1440785456931,0,Not yet rated,NULL,N/A
JVA,$4.66,1440785457009,"9,250",83% bullish,of 6 ratings,$7
CCOI,$27.21,1440785457115,"263,415",50% bullish,of 4 ratings,$35
CGNT,$1.55,1440785457193,"42,282",100% bullish,of 2 ratings,$2
CTSH,$63.76,1440785457292,"1,073,912",90% bullish,of 10 ratings,$75
CHRS,$29.03,1440785457346,"49,321",67% bearish,of 3 ratings,$37
CGNX,$35.59,1440785457372,"173,671",50% bullish,of 2 ratings,$47
COHU,$9.56,1440785457425,"57,920",100% bearish,of 1 rating,$14.25
COHR,$57.68,1440785457455,"32,929",50% bullish,of 2 ratings,$72
CLRX,$0.5202,1440785457509,"13,971",50% bullish,of 2 ratings,N/A
CLCT,$18.2499,1440785457558,"21,920",100% bearish,of 1 rating,N/A
COLL,$15.09,1440785457588,"28,652",100% bearish,of 1 rating,$26
CBAN,$8.9,1440785457748,652,Not yet rated,NULL,N/A
COLB,$30.21,1440785457848,"53,860",Not yet rated,NULL,$36
CLCD,$7.055,1440785457894,"64,272",100% bearish,of 1 rating,$20.50
CIGI,$43.25,1440785457930,"27,153",100% bearish,of 1 rating,$52
COLM,$61.12,1440785458027,"33,954",100% bearish,of 1 rating,$71
CMCO,$18.59,1440785458244,"50,465",60% bullish,of 5 ratings,$28
CMCSA,$56.53,1440785458724,"3,428,088",66% bullish,of 35 ratings,$69.50
CBMX,$1.11,1440785458914,"15,773",83% bullish,of 6 ratings,$3.15
CBSH,$44.79,1440785458950,"93,985",50% bullish,of 2 ratings,$46
CVGI,$4.95,1440785459046,"20,390",50% bullish,of 2 ratings,$6
CBSHP,$25.39,1440785459072,"23,834",100% bearish,of 1 rating,N/A
CUBN,NULL,1440785459103,0,Not yet rated,NULL,N/A
CMCSK,$57.4,1440785459148,"1,006,000",Not yet rated,NULL,$84
COMM,$31.66,1440785459204,"409,305",67% bearish,of 3 ratings,$35
CSAL,$20.865,1440785459233,"206,266",75% bullish,of 4 ratings,$30
JCS,$8.72,1440785459335,"6,717",67% bullish,of 3 ratings,N/A
CWBC,$6.79,1440785459542,565,Not yet rated,NULL,N/A
CTBI,$34.72,1440785459570,"8,282",Not yet rated,NULL,$36
COB,$10.39,1440785459597,"9,243",100% bullish,of 1 rating,$11.75
ESXB,$5.05,1440785459618,650,Not yet rated,NULL,N/A
CYHHZ,$0.011,1440785459647,"18,800",100% bullish,of 1 rating,N/A
CVLT,$35.74,1440785459779,"300,383",75% bullish,of 4 ratings,$44.50
CIL,NULL,1440785459907,0,Not yet rated,NULL,N/A
CIZ,$33.5525,1440785459996,"1,407",100% bearish,of 1 rating,N/A
CSA,NULL,1440785460038,0,Not yet rated,NULL,N/A
CID,NULL,1440785460062,0,Not yet rated,NULL,N/A
CDC,$34.77,1440785460088,"3,450",Not yet rated,NULL,N/A
CSF,$36.71,1440785460222,"2,355",100% bearish,of 1 rating,N/A
CFO,$35.68,1440785460259,"145,197",100% bearish,of 1 rating,N/A
CDL,NULL,1440785460364,0,Not yet rated,NULL,N/A
CSB,$32.92,1440785460392,100,Not yet rated,NULL,N/A
CFA,$35.7,1440785460419,900,100% bearish,of 1 rating,N/A
CPSI,$45.53,1440785460498,"43,065",100% bearish,of 1 rating,$45.50
SCOR,$53.38,1440785460631,"165,470",100% bearish,of 1 rating,$66
CTG,$6.51,1440785460716,"39,467",100% bearish,of 1 rating,$8.50
CGEN,$5.07,1440785460763,"33,409",50% bullish,of 2 ratings,$11
CNSI,$18.73,1440785460813,"33,598",100% bearish,of 2 ratings,$29
CMTL,$25.2,1440785460838,"46,181",100% bearish,of 2 ratings,$37
CHCI,$0.69,1440785460918,"3,400",50% bullish,of 2 ratings,N/A
CNAT,$4.012,1440785461047,"39,191",83% bullish,of 6 ratings,$13
CXRX,$74.745,1440785461147,"2,927",100% bearish,of 1 rating,$90
CCUR,$5.3,1440785461177,"63,186",75% bullish,of 4 ratings,N/A
CNCE,$15.79,1440785461210,"71,381",75% bullish,of 4 ratings,$22
CDOR,$1.37,1440785461239,"4,073",100% bullish,of 1 rating,N/A
CDORO,$18.95,1440785461274,600,100% bearish,of 1 rating,N/A
CDORP,NULL,1440785461311,0,100% bearish,of 1 rating,N/A
CFMS,$19.8,1440785461444,"53,539",Not yet rated,NULL,$27
CNFR,$10.39,1440785461535,"9,543",Not yet rated,NULL,N/A
CNMD,$53.5899,1440785461636,"25,050",Not yet rated,NULL,$59
CTWS,$34.25,1440785461736,"12,363",100% bearish,of 1 rating,$44
CNXR,$6.83,1440785461779,"65,500",100% bearish,of 1 rating,$12
CNOB,$19.29,1440785461819,"22,302",100% bullish,of 1 rating,$23.50
CWCO,$10.78,1440785461879,"39,704",67% bullish,of 3 ratings,$14.50
CONN,$29.02,1440785461949,"247,299",67% bullish,of 3 ratings,$48.50
CNSL,$19.75,1440785461974,"85,701",100% bearish,of 1 rating,$23
CTCT,$24.77,1440785462028,"61,806",67% bullish,of 3 ratings,$37
CPSS,$5.745,1440785462162,"10,889",100% bullish,of 1 rating,$10
CFRXW,$1.87,1440785462262,600,100% bearish,of 1 rating,N/A
CFRXZ,NULL,1440785462306,0,Not yet rated,NULL,N/A
CFRX,$5.13,1440785462331,"3,100",Not yet rated,NULL,$14
CTRV,$3.7164,1440785462357,"3,194",Not yet rated,NULL,$6.40
CPRT,$34.945,1440785462549,"92,152",67% bearish,of 3 ratings,$40
CTRL,$8.8701,1440785462579,"89,883",50% bullish,of 2 ratings,$11
CRBP,$1.93,1440785462647,"111,025",100% bullish,of 2 ratings,$6.25
CORT,$5.05,1440785462675,"127,661",67% bullish,of 3 ratings,$12
BVA,NULL,1440785462707,0,50% bullish,of 2 ratings,N/A
CSOD,$36.02,1440785462804,"103,095",50% bullish,of 2 ratings,$42
CORE,$59.17,1440785462829,"61,918",100% bearish,of 1 rating,$72
CORI,$10.26,1440785462886,"24,553",100% bearish,of 1 rating,$18
CRVL,$30.95,1440785463019,"10,832",100% bearish,of 1 rating,N/A
COST,$140.135,1440785463068,"504,943",79% bullish,of 24 ratings,$154.50
CSGP,$180.66,1440785463097,"32,334",50% bullish,of 2 ratings,$235
COSI,$1.18,1440785463125,"139,429",100% bullish,of 1 rating,N/A
CPAH,$0.4301,1440785463193,"2,700",50% bullish,of 2 ratings,N/A
ICBK,$18.56,1440785463293,100,Not yet rated,NULL,$21
CVTI,$23.02,1440785463325,"43,191",67% bearish,of 3 ratings,$39
COWN,$5.215,1440785463500,"403,544",75% bullish,of 4 ratings,$7
COVS,$2.68,1440785463531,"45,757",67% bullish,of 3 ratings,N/A
COWNL,$26.65,1440785463560,900,Not yet rated,NULL,N/A
CRAI,$22,1440785463631,"15,023",100% bearish,of 1 rating,$36
CPSH,$2.2,1440785463660,989,Not yet rated,NULL,N/A
CRAY,$20.99,1440785463814,"133,465",83% bullish,of 6 ratings,$38.50
CBRL,$145.45,1440785463847,"75,654",50% bullish,of 2 ratings,$155
BREW,$7.8961,1440785463944,"29,277",67% bullish,of 6 ratings,$15
CACC,$197.27,1440785463975,"17,352",50% bullish,of 2 ratings,$158.50
SLVO,$10.05,1440785464001,847,100% bearish,of 1 rating,N/A
GLDI,$11.01,1440785464078,"2,900",100% bearish,of 1 rating,N/A
CREE,$27,1440785464131,"517,115",65% bullish,of 17 ratings,$29.50
CRESY,$10.31,1440785464208,"14,286",100% bearish,of 1 rating,$19
CCRN,$14.04,1440785464366,"58,010",100% bearish,of 1 rating,$14.25
CRTO,$43.11,1440785464410,"219,004",67% bullish,of 6 ratings,$64
CROX,$14.4801,1440785464457,"282,983",63% bullish,of 8 ratings,$16.50
CRDS,$1.02,1440785464544,"32,076",75% bullish,of 4 ratings,$4.50
CRWS,$8.1,1440785464591,"2,100",Not yet rated,NULL,$10
CRWN,$4.47,1440785464675,"20,488",75% bullish,of 4 ratings,N/A
CYRXW,$0.83,1440785464757,200,Not yet rated,NULL,N/A
CYRX,$2.85,1440785464832,"9,844",Not yet rated,NULL,$9
CSGS,$30.98,1440785464891,"116,151",Not yet rated,NULL,$40
CCLP,$15.47,1440785465021,"23,395",67% bearish,of 3 ratings,$20
CTCM,$1.8001,1440785465048,"65,891",80% bearish,of 5 ratings,$3.90
CTIC,$1.58,1440785465075,"450,092",84% bullish,of 76 ratings,$5.75
CTIB,$3.6,1440785465100,"2,000",100% bearish,of 1 rating,N/A
CSPI,$5.88,1440785465126,200,67% bullish,of 3 ratings,N/A
CTRP,$69.415,1440785465350,"852,301",75% bullish,of 8 ratings,$93
CUI,$5.13,1440785465413,"16,144",50% bullish,of 2 ratings,$10
CUNB,$21.23,1440785465445,"9,056",Not yet rated,NULL,$24.50
CMLS,$1.42,1440785465492,"199,611",50% bullish,of 4 ratings,$6
CPIX,$6.16,1440785465543,"2,400",Not yet rated,NULL,N/A
CRIS,$2.575,1440785465573,"92,675",100% bullish,of 8 ratings,$6
CUTR,$14.459,1440785465602,"21,168",67% bearish,of 3 ratings,$18
CVBF,$16.07,1440785465627,"218,742",Not yet rated,NULL,$18
CVV,$10.9102,1440785465826,"2,809",100% bullish,of 5 ratings,N/A
CYAN,$7.74,1440785465908,505,100% bearish,of 1 rating,N/A
CYBR,$52.27,1440785465958,"524,480",88% bullish,of 8 ratings,$66
CBAY,$2.62,1440785466055,"29,400",100% bullish,of 1 rating,$4
CYBX,$67.145,1440785466083,"111,050",50% bullish,of 4 ratings,$71.50
CYCC,$0.5386,1440785466108,"57,671",73% bullish,of 11 ratings,N/A
CYBE,$6.66,1440785466134,"17,068",100% bearish,of 1 rating,N/A
CYCCP,NULL,1440785466266,0,100% bearish,of 1 rating,N/A
CYNA,$15.96,1440785466295,"9,333",50% bullish,of 2 ratings,$31.50
CY,$10.05,1440785466396,"1,653,390",80% bullish,of 10 ratings,$15.50
CYNO,$31.69,1440785466455,"77,572",67% bearish,of 3 ratings,$45.50
CYRN,$1.71,1440785466547,"24,100",67% bullish,of 3 ratings,$4
CONE,$32.41,1440785466576,"110,102",67% bearish,of 3 ratings,$35.50
CYTX,$0.3131,1440785466603,"2,002,382",83% bullish,of 12 ratings,$5.50
CYTK,$7.01,1440785466624,"135,304",71% bullish,of 14 ratings,$13.50
CTSO,$6.66,1440785466836,"8,990",Not yet rated,NULL,$15.625
DAEG,$0.3685,1440785466908,"10,745",100% bearish,of 1 rating,N/A
TVIZ,$19.28,1440785466938,"1,383",100% bearish,of 1 rating,N/A
CYTR,$2.363,1440785466963,"241,603",67% bullish,of 6 ratings,$10
ZIV,$39.81,1440785466988,"97,591",Not yet rated,NULL,N/A
TVIX,$14.01,1440785467042,"8,730,132",81% bullish,of 16 ratings,N/A
DJCO,$194.51,1440785467175,300,Not yet rated,NULL,N/A
XIV,$26.4089,1440785467196,"11,464,123",75% bearish,of 4 ratings,N/A
DAKT,$8.7394,1440785467228,"279,615",50% bullish,of 2 ratings,$12
DRAM,$1.2999,1440785467359,"7,600",78% bullish,of 9 ratings,N/A
DARA,$0.87,1440785467415,"23,897",83% bullish,of 6 ratings,$1.50
DTLK,$5.87,1440785467442,"55,590",100% bearish,of 1 rating,$9
DAIO,$2.51,1440785467468,"3,334",Not yet rated,NULL,N/A
DWCH,$5.185,1440785467525,"11,980",75% bullish,of 4 ratings,$8.25
PLAY,$34.715,1440785467785,"62,549",100% bullish,of 5 ratings,$42
DWSN,$4.61,1440785467822,"6,080",67% bullish,of 3 ratings,N/A
DBVT,$41.2,1440785467855,"15,845",100% bearish,of 1 rating,$53
DHRM,$1.49,1440785467920,"6,227",Not yet rated,NULL,N/A
DTEA,$12.9994,1440785467947,"32,015",100% bearish,of 2 ratings,$24
DFRG,$14.4,1440785467970,"42,601",100% bearish,of 1 rating,$20
TRAK,$62.74,1440785467999,"374,793",50% bullish,of 2 ratings,$62.50
TACO,$12.99,1440785468166,"36,739",75% bullish,of 4 ratings,$20
TACOW,$3.975,1440785468194,"9,532",100% bullish,of 1 rating,N/A
DCTH,$0.41,1440785468228,"92,116",78% bullish,of 9 ratings,N/A
DELTW,NULL,1440785468327,0,Not yet rated,NULL,N/A
DELT,$2.5,1440785468356,"1,200",Not yet rated,NULL,N/A
DENN,$11.49,1440785468385,"193,267",100% bullish,of 3 ratings,$15
DGAS,$20.2,1440785468456,"2,680",67% bearish,of 3 ratings,N/A
XRAY,$53.16,1440785468624,"163,836",100% bullish,of 1 rating,$58
DEPO,$28.77,1440785468654,"164,284",60% bullish,of 5 ratings,$29
DSCI,$5.87,1440785468757,"16,904",50% bullish,of 2 ratings,$16
DXLG,$5.48,1440785468803,"30,353",100% bearish,of 1 rating,$8
DEST,$11.28,1440785468887,"12,514",50% bullish,of 2 ratings,N/A
DERM,$26.76,1440785468913,"28,497",100% bearish,of 1 rating,$33.50
DSWL,$1.71,1440785468944,"3,900",100% bullish,of 1 rating,N/A
DXCM,$94.12,1440785468973,"415,502",57% bullish,of 7 ratings,$98
DXM,$0.2674,1440785469234,"128,112",50% bullish,of 2 ratings,N/A
DHXM,$7,1440785469306,100,Not yet rated,NULL,N/A
DHIL,$193.73,1440785469404,"2,137",Not yet rated,NULL,N/A
DMND,$29.69,1440785469434,"66,103",75% bullish,of 12 ratings,$32
FANG,$67.71,1440785469536,"536,721",50% bullish,of 2 ratings,$86.50
DCIX,$1.74,1440785469584,"45,636",50% bullish,of 4 ratings,$3.50
DMRC,$37.78,1440785469676,"92,112",100% bearish,of 1 rating,$44
DRNA,$10.63,1440785469709,"41,331",67% bearish,of 3 ratings,$25
DGLY,$8.4165,1440785469763,"63,431",50% bullish,of 6 ratings,$20
DRAD,$3.8511,1440785469806,"6,128",100% bullish,of 1 rating,$5.25
DGII,$10.1,1440785469836,"44,721",100% bearish,of 1 rating,$10
APPS,$2.395,1440785469939,"63,895",100% bearish,of 1 rating,$10.25
DCOM,$17,1440785470014,"58,163",100% bearish,of 2 ratings,$16.50
DIOD,$20.04,1440785470070,"29,896",75% bearish,of 4 ratings,$24
DISCA,$27.08,1440785470096,"846,015",67% bullish,of 3 ratings,$34
DPRX,$13.4701,1440785470233,"5,966",100% bullish,of 2 ratings,$27.75
DISCB,NULL,1440785470334,0,100% bearish,of 1 rating,$35
DISCK,$25.73,1440785470372,"755,089",100% bearish,of 1 rating,$32
DSCO,$0.42,1440785470431,"145,774",83% bullish,of 6 ratings,$2.75
DISH,$59.43,1440785470463,"333,181",69% bullish,of 13 ratings,$73
DLHC,$2.52,1440785470529,"1,550",100% bearish,of 1 rating,N/A
DNBF,NULL,1440785470567,0,Not yet rated,NULL,$27.50
DVCR,$10.8,1440785470648,"4,662",100% bullish,of 1 rating,N/A
BAGR,$2.836,1440785470714,"6,400",100% bearish,of 1 rating,$6
DLTR,$76.985,1440785470849,"435,915",82% bullish,of 11 ratings,$88
DGICA,$14.44,1440785470875,"5,707",100% bearish,of 1 rating,$17
DGICB,NULL,1440785470918,0,100% bearish,of 1 rating,N/A
DMLP,$14.9,1440785470943,"2,353",100% bearish,of 1 rating,N/A
DORM,$50.095,1440785471093,"130,324",100% bearish,of 1 rating,$56
HILL,$9.67,1440785471122,"897,111",60% bearish,of 5 ratings,$9.75
DRWI,$0.2093,1440785471161,"286,762",60% bullish,of 5 ratings,$.45
DRWIW,NULL,1440785471253,0,Not yet rated,NULL,N/A
DRYS,$0.4683,1440785471289,"2,778,662",77% bullish,of 31 ratings,$.60
DWA,$20.36,1440785471316,"451,494",63% bullish,of 8 ratings,$26
DSPG,$8.63,1440785471351,"33,571",100% bearish,of 1 rating,$13.50
CADT,NULL,1440785471447,0,Not yet rated,NULL,N/A
CADTR,NULL,1440785471556,0,Not yet rated,NULL,N/A
DSKX,$3.21,1440785471582,"237,153",100% bullish,of 1 rating,N/A
CADTU,NULL,1440785471713,0,Not yet rated,NULL,N/A
CADTW,NULL,1440785471745,0,Not yet rated,NULL,N/A
DTSI,$26.92,1440785471772,"28,038",100% bearish,of 2 ratings,$39.50
DRRX,$2.06,1440785471797,"111,460",50% bullish,of 6 ratings,$3
DNKN,$51.67,1440785471845,"363,572",67% bullish,of 15 ratings,$56.50
DYAX,$23.31,1440785471976,"203,159",89% bullish,of 9 ratings,$30
BOOM,$10.59,1440785472006,"98,830",67% bullish,of 3 ratings,$12
DXPE,$28.04,1440785472055,"130,436",50% bullish,of 2 ratings,N/A
DYSL,$1.49,1440785472104,"1,410",100% bullish,of 2 ratings,N/A
DYNT,$3.1,1440785472199,"2,317",75% bullish,of 4 ratings,N/A
DVAX,$29.5,1440785472228,"159,573",70% bullish,of 10 ratings,$40
ETFC,$26.46,1440785472357,"731,712",57% bullish,of 14 ratings,$32.50
EBMT,$11.5,1440785472382,700,Not yet rated,NULL,$13.50
EGRX,$82.8701,1440785472518,"119,054",67% bullish,of 3 ratings,$97
EGBN,$42,1440785472544,"28,631",Not yet rated,NULL,$48
EGLE,$6.38,1440785472573,"30,572",60% bullish,of 5 ratings,N/A
EROC,$1.55,1440785472674,"204,818",50% bullish,of 2 ratings,$3
EACQU,NULL,1440785472723,0,Not yet rated,NULL,N/A
ELNK,$8.41,1440785472761,"267,922",60% bullish,of 5 ratings,$9.50
EWBC,$40.515,1440785472862,"216,919",100% bearish,of 1 rating,$50
EML,$16.63,1440785472934,"4,100",Not yet rated,NULL,N/A
EVBS,$6.61,1440785472962,"10,036",Not yet rated,NULL,$7
EBIX,$28.12,1440785472983,"53,535",69% bullish,of 13 ratings,$40
EBAY,$27.0821,1440785473013,"2,559,703",81% bullish,of 117 ratings,$34
ELON,$0.57,1440785473184,"23,260",50% bullish,of 2 ratings,N/A
ECHO,$23.21,1440785473313,"93,694",67% bearish,of 3 ratings,$35.50
ECTE,$1.4026,1440785473344,"2,500",75% bullish,of 4 ratings,N/A
ESES,$3.37,1440785473400,432,100% bearish,of 1 rating,$7
SATS,$44.6,1440785473432,"18,424",50% bullish,of 2 ratings,$60
EEI,$11.2499,1440785473457,"2,400",67% bearish,of 3 ratings,N/A
ECACU,$10.1,1440785473482,"3,301",Not yet rated,NULL,N/A
EDAP,$3.59,1440785473532,"9,418",60% bullish,of 5 ratings,$4.50
EDGW,$7,1440785473739,"5,750",100% bearish,of 1 rating,N/A
EDUC,$5.5,1440785473797,"12,737",100% bearish,of 1 rating,N/A
EGLT,$10.57,1440785473839,"11,445",50% bullish,of 2 ratings,$21
LOCO,$13.3537,1440785473871,"902,667",69% bullish,of 13 ratings,$20
EGAN,$3.61,1440785473897,"4,870",50% bullish,of 2 ratings,$6.25
EHTH,$14.44,1440785473918,"116,037",50% bullish,of 4 ratings,$16.50
EFUT,$4.56,1440785473950,400,Not yet rated,NULL,N/A
EMITF,$1.25,1440785474113,"3,472",75% bullish,of 4 ratings,N/A
ESLT,$76.89,1440785474218,"2,263",67% bullish,of 3 ratings,N/A
ELRC,$10.51,1440785474282,"9,094",100% bearish,of 1 rating,N/A
EA,$68.4,1440785474348,"976,890",77% bullish,of 35 ratings,$80
ERI,$9.7351,1440785474383,"58,537",100% bearish,of 1 rating,$10
ESIO,$4.38,1440785474407,"31,024",50% bullish,of 2 ratings,$10
EFII,$44.06,1440785474572,"49,414",80% bullish,of 5 ratings,$55
ELECU,NULL,1440785474601,0,Not yet rated,NULL,N/A
ELEC,NULL,1440785474630,0,Not yet rated,NULL,N/A
ELSE,$3.9999,1440785474674,500,60% bullish,of 5 ratings,N/A
EBIO,$3.5,1440785474707,"132,892",100% bearish,of 2 ratings,$8.35
CAPX,$22.97,1440785474809,"3,100",Not yet rated,NULL,N/A
ELECW,NULL,1440785474851,0,Not yet rated,NULL,N/A
RDEN,$10.91,1440785474950,"37,141",100% bearish,of 4 ratings,$15
ESBK,NULL,1440785474975,0,Not yet rated,NULL,N/A
LONG,$17.005,1440785475000,"6,494",67% bullish,of 3 ratings,$15.75
EMCF,$23.06,1440785475218,100,100% bearish,of 1 rating,N/A
ELTK,$1.3228,1440785475253,"130,230",67% bearish,of 3 ratings,N/A
EMCI,$23.04,1440785475302,"11,376",Not yet rated,NULL,N/A
EMKR,$7.07,1440785475350,"35,791",75% bullish,of 4 ratings,$8.50
EMMS,$1.14,1440785475379,"103,266",83% bullish,of 6 ratings,N/A
EMMSP,$3,1440785475436,200,100% bearish,of 1 rating,N/A
NYNY,$4.33,1440785475462,"21,845",50% bullish,of 2 ratings,N/A
ERS,$2.87,1440785475493,"5,500",Not yet rated,NULL,N/A
ENTA,$41.06,1440785475660,"63,642",50% bullish,of 2 ratings,$42
ECPG,$39.89,1440785475690,"71,949",100% bullish,of 2 ratings,$52
WIRE,$31.765,1440785475717,"45,961",100% bearish,of 1 rating,$37
ENDP,$78.29,1440785475799,"409,901",50% bullish,of 6 ratings,$104
ECYT,$5.21,1440785475902,"119,908",83% bullish,of 6 ratings,$12
ELGX,$12.97,1440785476076,"113,814",75% bullish,of 4 ratings,$17
EIGI,$15.45,1440785476112,"116,330",67% bearish,of 3 ratings,$22.50
ENOC,$9.05,1440785476142,"158,288",75% bullish,of 4 ratings,$18
EFOI,$21.0567,1440785476215,"583,059",50% bullish,of 2 ratings,$20.50
EXXI,$1.77,1440785476243,"1,702,106",86% bullish,of 7 ratings,$3.50
ERII,$2.66,1440785476270,"35,148",80% bullish,of 5 ratings,$2.50
WATT,$7.03,1440785476315,"96,914",50% bullish,of 2 ratings,$13
ENG,$1.04,1440785476416,"2,360",100% bullish,of 3 ratings,N/A
ENPH,$4.6,1440785476456,"301,219",75% bullish,of 4 ratings,$11
ESGR,$146.02,1440785476481,"7,347",100% bearish,of 1 rating,$185
ENFC,$17.5696,1440785476625,"1,100",Not yet rated,NULL,N/A
ENTL,$22.23,1440785476654,"6,368",Not yet rated,NULL,$28
ENTG,$13.74,1440785476782,"309,168",100% bearish,of 1 rating,$18
ETRM,$0.2777,1440785476821,"324,371",69% bearish,of 35 ratings,$1.625
EGT,$2.02,1440785476867,"9,552",100% bullish,of 1 rating,N/A
EBTC,$21.99,1440785476895,"1,725",Not yet rated,NULL,N/A
EFSC,$23.93,1440785476929,"18,799",Not yet rated,NULL,$27
ENVI,$1.83,1440785477048,"13,288",67% bullish,of 3 ratings,N/A
ENZN,$1.0401,1440785477074,"120,102",100% bullish,of 9 ratings,N/A
ENZY,$9.7371,1440785477153,"16,874",67% bullish,of 3 ratings,$9.50
EPRS,$5.37,1440785477223,"52,827",82% bullish,of 11 ratings,$15
EPZM,$18.84,1440785477251,"132,320",60% bullish,of 5 ratings,$34
EPIQ,$12.9,1440785477278,"51,517",100% bearish,of 1 rating,$18
PLUS,$75.92,1440785477444,"16,555",50% bullish,of 2 ratings,$88
EQFN,NULL,1440785477474,0,100% bearish,of 1 rating,N/A
EQIX,$268.38,1440785477581,"147,590",75% bullish,of 4 ratings,$312.50
ERIC,$9.949,1440785477671,"794,782",67% bullish,of 9 ratings,$12.20
EAC,$3.3401,1440785477696,"2,715",100% bearish,of 1 rating,$8
ESCR,$0.0988,1440785477886,"172,527",50% bullish,of 2 ratings,N/A
ERIE,$82.29,1440785477914,"8,371",Not yet rated,NULL,$73
ESCRP,$1.215,1440785477942,"3,260",100% bearish,of 1 rating,N/A
ESCA,$17.83,1440785477977,"10,138",100% bearish,of 1 rating,$22
ESMC,$1.36,1440785478009,150,Not yet rated,NULL,N/A
ESSA,$12.75,1440785478078,100,100% bearish,of 1 rating,N/A
ESPR,$52.2,1440785478106,"419,811",70% bearish,of 10 ratings,$123
EPIX,NULL,1440785478132,0,Not yet rated,NULL,N/A
ESSX,$0.4531,1440785478373,"83,737",50% bullish,of 2 ratings,N/A
ESND,$34.55,1440785478406,"57,496",100% bearish,of 2 ratings,$40
ETSY,$14.665,1440785478503,"281,723",80% bullish,of 5 ratings,$16
EEFT,$65.44,1440785478532,"70,789",100% bearish,of 1 rating,$67.50
ESEA,$5.37,1440785478558,"2,609",100% bullish,of 1 rating,$15
EVEP,$8.3,1440785478601,"217,465",50% bullish,of 2 ratings,$15
CLWT,NULL,1440785478629,0,100% bullish,of 1 rating,N/A
EVOK,$3.8,1440785478760,"36,543",100% bearish,of 1 rating,$13.375
EVK,$3.73,1440785478800,200,75% bearish,of 4 ratings,N/A
EVLV,$2.635,1440785478858,"122,328",60% bullish,of 5 ratings,$5.125
EXAS,$22.12,1440785478892,"284,009",78% bullish,of 9 ratings,$31
EVOL,$6.187,1440785478916,"2,625",75% bullish,of 4 ratings,$10
EXA,$11.32,1440785478946,"10,044",100% bearish,of 1 rating,$13
EXAC,$18.51,1440785478978,"13,878",100% bearish,of 1 rating,$22.50
EXEL,$6.02,1440785478999,"2,069,336",81% bullish,of 16 ratings,$6
EXFO,$2.74,1440785479268,"2,909",67% bearish,of 3 ratings,$3.95
EXLS,$36.51,1440785479325,"53,477",50% bullish,of 2 ratings,$41
EXPE,$116.6,1440785479350,"204,477",64% bullish,of 11 ratings,$130
EXPD,$49.29,1440785479400,"529,221",80% bullish,of 5 ratings,$52
ESRX,$84.69,1440785479495,"939,061",67% bearish,of 6 ratings,$101
EXLP,$20.96,1440785479521,"119,295",100% bearish,of 1 rating,$25
EXTR,$2.8,1440785479553,"310,589",80% bullish,of 5 ratings,$3
EXPO,$42.28,1440785479574,"33,528",100% bearish,of 1 rating,$45.50
EYEGW,NULL,1440785479654,0,Not yet rated,NULL,N/A
EYEG,$3.6799,1440785479712,"4,320",Not yet rated,NULL,N/A
EZPW,$5.925,1440785479743,"84,143",50% bullish,of 4 ratings,$7.50
EZCH,$22.8,1440785479789,"75,207",75% bullish,of 8 ratings,$19.50
FB,$90.85,1440785479817,"15,280,461",73% bullish,of 1069 ratings,$111
FFIV,$122.79,1440785479846,"206,722",63% bullish,of 8 ratings,$132
FRP,$16.23,1440785479885,"62,631",100% bearish,of 1 rating,$18
FCS,$13.69,1440785479986,"236,291",67% bearish,of 3 ratings,$17
FWM,$2.26,1440785480212,"63,258",100% bearish,of 2 ratings,$3.20
DAVE,$15.1075,1440785480245,"10,021",100% bearish,of 1 rating,$15.50
FARM,$22.38,1440785480266,"11,150",100% bearish,of 1 rating,$35
FAST,$38.8549,1440785480305,"475,595",80% bullish,of 5 ratings,$45.50
FMNB,$8.25,1440785480343,"4,677",Not yet rated,NULL,N/A
FALC,$1.735,1440785480397,"56,442",63% bearish,of 8 ratings,N/A
FFKT,$25.95,1440785480422,"6,039",Not yet rated,NULL,$29
FARO,$37.89,1440785480478,"50,656",50% bullish,of 2 ratings,$48
FBRC,$22.47,1440785480651,"6,489",100% bearish,of 1 rating,$29
FBSS,$15.29,1440785480679,200,Not yet rated,NULL,N/A
FATE,$6.97,1440785480711,"15,345",50% bullish,of 2 ratings,$11
FDML,$8.5,1440785480738,"109,102",50% bullish,of 4 ratings,$14
FEIC,$75.72,1440785480815,"77,464",50% bullish,of 2 ratings,$95.50
FNHC,$21.23,1440785480873,"62,592",100% bearish,of 1 rating,$35
FHCO,$1.4,1440785480959,"22,877",50% bullish,of 4 ratings,N/A
FENX,$10,1440785481094,"59,840",100% bullish,of 1 rating,$14.25
FGEN,$24.25,1440785481116,"52,905",100% bearish,of 1 rating,$39
FCSC,$5.67,1440785481149,"55,524",100% bearish,of 1 rating,$8.125
ONEQ,$189.5109,1440785481178,"7,608",100% bullish,of 1 rating,N/A
LION,$19.27,1440785481244,"31,850",100% bullish,of 1 rating,$20
FDUS,$14.724,1440785481311,"15,589",50% bullish,of 2 ratings,$18
FSC,$6.46,1440785481338,"350,354",60% bullish,of 5 ratings,$8
FRGI,$52.92,1440785481393,"62,717",50% bullish,of 2 ratings,$70
FSAM,$8.13,1440785481498,"2,385",100% bearish,of 1 rating,$10.25
FSFR,$8.87,1440785481541,"53,694",100% bearish,of 1 rating,$11.50
FITB,$19.9764,1440785481632,"1,797,554",54% bullish,of 13 ratings,$22
FSCFL,$24.5264,1440785481657,"4,747",Not yet rated,NULL,N/A
FITBI,$27.51,1440785481689,"26,486",Not yet rated,NULL,N/A
FNGN,$33.18,1440785481792,"69,040",67% bullish,of 3 ratings,$47
FISI,$24.66,1440785481859,"7,675",100% bullish,of 2 ratings,$24.50
FNSR,$15.76,1440785482003,"314,944",71% bullish,of 7 ratings,$24.50
FNTC,NULL,1440785482031,0,Not yet rated,NULL,N/A
FNJN,$1.9001,1440785482064,"19,501",100% bearish,of 1 rating,$5
FNTCU,NULL,1440785482091,0,Not yet rated,NULL,N/A
FEYE,$39.05,1440785482132,"1,433,537",87% bullish,of 15 ratings,$55.50
FNTCW,NULL,1440785482157,0,Not yet rated,NULL,N/A
FBNC,$16.89,1440785482291,"10,100",100% bullish,of 1 rating,$20
FNLC,$18.76,1440785482391,"6,023",100% bullish,of 1 rating,N/A
FRBA,$6.09,1440785482422,800,Not yet rated,NULL,$8
FBIZ,$43.8,1440785482484,"20,368",100% bearish,of 2 ratings,$52
FCVA,NULL,1440785482522,0,Not yet rated,NULL,N/A
BUSE,$6.39,1440785482547,"54,678",Not yet rated,NULL,$6.875
FCAP,$26.5,1440785482572,202,Not yet rated,NULL,N/A
FCNCA,$240.04,1440785482803,"8,184",Not yet rated,NULL,N/A
FCFS,$39.61,1440785482836,"57,358",100% bearish,of 3 ratings,$48
FCBC,$17.4,1440785482890,"8,343",Not yet rated,NULL,$18
FCCO,$11.92,1440785482937,"1,200",Not yet rated,NULL,$13.25
FCLF,$9.05,1440785482989,304,Not yet rated,NULL,N/A
FBNK,$17.24,1440785483018,"15,848",100% bearish,of 1 rating,$17.50
FCFP,$6.94,1440785483045,"1,500",Not yet rated,NULL,N/A
FDEF,$37.47,1440785483114,"20,566",Not yet rated,NULL,$38
FFNM,$6.3566,1440785483255,981,Not yet rated,NULL,N/A
FFBC,$18.35,1440785483280,"49,577",67% bearish,of 3 ratings,$20.25
FFBCW,NULL,1440785483418,0,100% bearish,of 1 rating,N/A
THFF,$32.95,1440785483444,"7,826",Not yet rated,NULL,$35
FFIN,$30.79,1440785483469,"48,630",50% bullish,of 2 ratings,$31.75
FFNW,$12.11,1440785483595,"6,649",Not yet rated,NULL,$14
FFWM,$21.35,1440785483650,"2,216",Not yet rated,NULL,$24
INBK,$30.89,1440785483694,"7,128",50% bullish,of 2 ratings,$37
FIBK,$26.33,1440785483721,"42,047",Not yet rated,NULL,$32
FRME,$25.98,1440785483752,"49,814",Not yet rated,NULL,$26.50
FMBH,NULL,1440785483854,0,Not yet rated,NULL,N/A
FNBC,$34.94,1440785483881,"30,528",Not yet rated,NULL,$40
FMBI,$17.48,1440785484037,"105,201",Not yet rated,NULL,$20
FNWB,$11.85,1440785484139,"6,868",Not yet rated,NULL,N/A
FSFG,NULL,1440785484164,0,Not yet rated,NULL,N/A
FNFG,$9.195,1440785484230,"559,600",80% bullish,of 5 ratings,$9
FSGI,$2.49,1440785484293,"4,150",Not yet rated,NULL,N/A
FSLR,$48.18,1440785484330,"688,765",72% bullish,of 39 ratings,$65
FSBK,$7.8,1440785484357,"4,430",100% bullish,of 1 rating,N/A
FBZ,NULL,1440785484389,0,Not yet rated,NULL,N/A
BICK,$19.69,1440785484562,952,100% bullish,of 1 rating,N/A
FTCS,$36.6347,1440785484590,"11,311",100% bearish,of 1 rating,N/A
FCAN,$24.73,1440785484621,"2,260",Not yet rated,NULL,N/A
FV,$23.615,1440785484643,"1,457,856",100% bearish,of 1 rating,N/A
FCA,$20.44,1440785484674,"2,200",Not yet rated,NULL,N/A
IFV,$17.8401,1440785484778,"463,504",100% bearish,of 1 rating,N/A
FEMB,NULL,1440785484827,0,Not yet rated,NULL,N/A
TDIV,$24.85,1440785485064,"49,601",100% bearish,of 1 rating,N/A
FTSM,$59.853,1440785485108,"6,227",100% bearish,of 1 rating,N/A
FEUZ,$31.16,1440785485137,560,Not yet rated,NULL,N/A
FGM,$35.6999,1440785485245,407,Not yet rated,NULL,N/A
FTGC,$22.3673,1440785485277,"62,489",Not yet rated,NULL,N/A
FHK,$33.53,1440785485303,736,Not yet rated,NULL,N/A
FTHI,$19.5399,1440785485354,640,Not yet rated,NULL,N/A
MDIV,$19.2329,1440785485385,"86,522",Not yet rated,NULL,N/A
YDIV,$16.49,1440785485487,"2,298",Not yet rated,NULL,N/A
HYLS,$49.4609,1440785485523,"27,343",100% bearish,of 1 rating,N/A
FPXI,$27.24,1440785485545,300,Not yet rated,NULL,N/A
CU,$13.175,1440785485621,"3,140",100% bearish,of 1 rating,N/A
SKYY,$29.1599,1440785485652,"21,406",100% bullish,of 1 rating,N/A
PLTM,$6.44,1440785485758,"2,302",100% bearish,of 1 rating,N/A
FJP,$47.9,1440785485922,"55,419",Not yet rated,NULL,N/A
FTLB,$19.3188,1440785485985,"3,260",100% bearish,of 1 rating,N/A
LMBS,$49.96,1440785486012,"4,611",Not yet rated,NULL,N/A
FMB,$51.23,1440785486033,415,Not yet rated,NULL,N/A
QABA,$37.462,1440785486066,"5,455",100% bearish,of 1 rating,N/A
FONE,$35.4068,1440785486164,900,Not yet rated,NULL,N/A
CIBR,$18.0333,1440785486193,"41,190",Not yet rated,NULL,N/A
QCLN,$15.31,1440785486220,"13,890",Not yet rated,NULL,N/A
QQEW,$41.99,1440785486440,"35,455",Not yet rated,NULL,N/A
CARZ,$35.074,1440785486477,"1,527",100% bearish,of 1 rating,N/A
RDVY,$21.13,1440785486498,"2,749",Not yet rated,NULL,N/A
QQXT,$40.65,1440785486571,"16,580",Not yet rated,NULL,N/A
GRID,$33.01,1440785486597,400,100% bearish,of 1 rating,N/A
QTEC,$40.24,1440785486731,"16,878",Not yet rated,NULL,N/A
AIRR,$16.4,1440785486765,"1,852",100% bearish,of 1 rating,N/A
QINC,$20.2999,1440785486863,663,Not yet rated,NULL,N/A
FTSL,$48.825,1440785486890,"98,485",100% bearish,of 1 rating,N/A
FDIV,$46.9925,1440785487025,301,100% bearish,of 1 rating,N/A
FTW,$31.91,1440785487066,2,Not yet rated,NULL,N/A
FKO,NULL,1440785487107,0,Not yet rated,NULL,N/A
FSZ,$39.11,1440785487132,"1,260",Not yet rated,NULL,N/A
TUSA,$25.08,1440785487308,200,Not yet rated,NULL,N/A
FKU,$41.75,1440785487332,"1,622",Not yet rated,NULL,N/A
FUNC,$8.0192,1440785487358,760,Not yet rated,NULL,N/A
FMER,$17.93,1440785487568,"385,569",50% bullish,of 2 ratings,$20
FSV,$31.21,1440785487601,"5,333",Not yet rated,NULL,$33.60
SVVC,$9.45,1440785487622,"10,654",50% bullish,of 2 ratings,$26
FISV,$86.68,1440785487657,"311,903",100% bearish,of 3 ratings,$90
FIVE,$38.26,1440785487697,"484,602",75% bearish,of 4 ratings,$44
FPRX,$18.91,1440785487753,"118,886",50% bullish,of 2 ratings,$35
FIVN,$4.02,1440785487784,"45,607",100% bullish,of 1 rating,$8.50
FLKS,$11.77,1440785487939,"12,375",50% bullish,of 2 ratings,$27
SKOR,$50.23,1440785488039,400,Not yet rated,NULL,N/A
FLML,$21.94,1440785488069,"58,791",50% bullish,of 2 ratings,$30
FLXN,$24.78,1440785488095,"16,555",100% bearish,of 1 rating,$40
MBSD,$24.95,1440785488169,"13,103",Not yet rated,NULL,N/A
FLIR,$28.58,1440785488273,"448,672",100% bearish,of 1 rating,$38.50
FLEX,$10.62,1440785488303,"614,602",63% bullish,of 8 ratings,$12
FLXS,$32.19,1440785488333,"5,682",100% bearish,of 2 ratings,N/A
FFIC,$19.74,1440785488430,"37,964",Not yet rated,NULL,$21
FLDM,$11.64,1440785488464,"144,523",67% bearish,of 3 ratings,$15
FONR,$9.75,1440785488529,"3,652",100% bullish,of 1 rating,N/A
FOGO,$19.21,1440785488556,"25,614",50% bullish,of 2 ratings,$25.50
FOMX,$10.18,1440785488581,"60,945",50% bullish,of 2 ratings,$23.50
FORM,$6.54,1440785488762,"131,253",67% bullish,of 3 ratings,$10.50
FES,$0.96,1440785488789,"82,457",50% bullish,of 2 ratings,$1
FBIO,$2.88,1440785488926,"69,577",83% bullish,of 6 ratings,N/A
FORTY,$30.21,1440785488959,600,100% bearish,of 1 rating,N/A
FTNT,$42.85,1440785488980,"284,733",80% bullish,of 10 ratings,$52
FORR,$32.03,1440785489013,"5,904",Not yet rated,NULL,N/A
FWRD,$44.96,1440785489059,"51,981",100% bearish,of 1 rating,$50
FORD,$1.7994,1440785489111,"1,394,419",67% bullish,of 3 ratings,N/A
FWP,$26.95,1440785489198,"9,838",100% bearish,of 1 rating,$45
FOXF,$15.2,1440785489299,"11,870",100% bearish,of 1 rating,$19
FMI,$23.52,1440785489329,"212,818",100% bearish,of 2 ratings,$27.50
FXCB,$16.94,1440785489378,"29,733",Not yet rated,NULL,$19
FOSL,$61.9,1440785489412,"302,667",60% bearish,of 5 ratings,$80
FRED,$13.06,1440785489518,"110,418",50% bullish,of 2 ratings,$16
FRAN,$11.22,1440785489546,"199,955",50% bullish,of 4 ratings,$15
FELE,$29.06,1440785489576,"118,543",50% bullish,of 4 ratings,$33
FREE,$0.37,1440785489681,"275,066",92% bullish,of 12 ratings,N/A
RAIL,$20.5,1440785489758,"37,984",100% bearish,of 1 rating,$24.50
FEIM,$11.13,1440785489827,"2,001",100% bearish,of 1 rating,N/A
FRPT,$13.01,1440785489887,"169,723",67% bearish,of 3 ratings,$23.50
FTR,$5.085,1440785489960,"7,049,993",78% bullish,of 27 ratings,$6.25
FTRPR,$100.84,1440785489993,"49,728",100% bearish,of 1 rating,N/A
FRPH,$31.2,1440785490015,"2,784",100% bearish,of 1 rating,N/A
FSBW,$22.77,1440785490050,717,Not yet rated,NULL,N/A
FSYS,$6.595,1440785490089,"21,655",67% bullish,of 3 ratings,$10
FTD,$29.34,1440785490150,"43,094",100% bearish,of 1 rating,$40
FULL,$3.0836,1440785490316,"17,070",67% bearish,of 3 ratings,$4.25
FCEL,$0.8045,1440785490367,"1,211,982",88% bullish,of 41 ratings,$2.65
FTEK,$2.05,1440785490420,"24,235",75% bullish,of 4 ratings,N/A
FULLL,$24.9101,1440785490498,200,Not yet rated,NULL,N/A
FLL,$1.5,1440785490526,"5,100",75% bullish,of 4 ratings,$3.50
FULT,$12.12,1440785490548,"262,411",100% bearish,of 1 rating,$13
FSNN,NULL,1440785490790,0,67% bullish,of 3 ratings,$6
FFHL,$1.05,1440785490820,"17,697",50% bullish,of 4 ratings,N/A
FXEN,$0.87,1440785490841,"58,908",75% bullish,of 4 ratings,$1.10
FXENP,$15.7547,1440785490862,700,100% bearish,of 1 rating,N/A
WILC,$4.84,1440785490904,"1,029",100% bullish,of 2 ratings,N/A
GAIA,$5.9,1440785490925,"1,400",50% bullish,of 2 ratings,$8.50
GK,$67.91,1440785491000,"24,448",Not yet rated,NULL,$78
GLPG,$60.5355,1440785491101,"5,343",100% bullish,of 1 rating,$75
GALT,$1.97,1440785491183,"18,878",80% bullish,of 5 ratings,N/A
GALE,$1.49,1440785491256,"542,392",89% bullish,of 47 ratings,$4
GALTU,NULL,1440785491285,0,100% bearish,of 1 rating,N/A
GALTW,NULL,1440785491384,0,100% bullish,of 1 rating,N/A
GLPI,$31.49,1440785491459,"147,269",100% bearish,of 1 rating,$37.50
GLMD,$9,1440785491494,"4,255",67% bullish,of 3 ratings,$20.50
GPIC,$10.38,1440785491521,510,100% bearish,of 1 rating,N/A
GRMN,$38.07,1440785491591,"285,562",50% bullish,of 6 ratings,$46.50
GGACR,$0.29,1440785491621,"46,800",100% bullish,of 1 rating,N/A
GGAC,$9.9,1440785491671,"3,134",100% bearish,of 1 rating,N/A
GGACU,$10.29,1440785491725,"19,744",Not yet rated,NULL,N/A
GGACW,$0.19,1440785491761,700,Not yet rated,NULL,N/A
GARS,$14.24,1440785491893,"12,980",Not yet rated,NULL,$16
GENC,$9.15,1440785491922,"5,307",100% bearish,of 1 rating,N/A
GNCMA,$16.877,1440785492024,"49,706",100% bearish,of 1 rating,$12
GFN,$3.9,1440785492163,"13,589",100% bearish,of 2 ratings,$8
GENE,$2.26,1440785492196,"156,148",100% bullish,of 12 ratings,N/A
GFNSL,$25.62,1440785492225,600,Not yet rated,NULL,N/A
GFNCP,$93.95,1440785492257,340,Not yet rated,NULL,N/A
GHDX,$27.33,1440785492357,"123,142",50% bullish,of 2 ratings,$30
GNCA,$12.24,1440785492388,"48,087",100% bearish,of 1 rating,$20
GNTX,$15.49,1440785492483,"527,043",Not yet rated,NULL,$20
GNMK,$10.05,1440785492525,"103,368",67% bullish,of 6 ratings,$14
THRM,$46.5,1440785492554,"228,841",75% bearish,of 4 ratings,$55.50
GNVC,$2.56,1440785492618,"7,816",90% bullish,of 10 ratings,$8.50
GTWN,NULL,1440785492706,0,Not yet rated,NULL,N/A
GEOS,$16.44,1440785492736,"57,717",100% bearish,of 3 ratings,$21
GABC,$28.94,1440785492835,"9,830",Not yet rated,NULL,$31
GEVO,$2.3101,1440785492922,"257,134",75% bullish,of 12 ratings,$5
GERN,$3.15,1440785492974,"543,601",88% bullish,of 16 ratings,$5.25
ROCK,$16.25,1440785492999,"59,955",80% bullish,of 5 ratings,$24
GIGM,$0.5598,1440785493024,"34,504",100% bullish,of 2 ratings,N/A
GIGA,$1.44,1440785493166,"1,563",100% bearish,of 1 rating,N/A
GIII,$68.598,1440785493220,"74,357",67% bullish,of 3 ratings,$75
GILD,$107.3,1440785493246,"3,097,816",91% bullish,of 87 ratings,$129
GILT,$4.3912,1440785493275,900,50% bullish,of 2 ratings,N/A
GBCI,$25.82,1440785493313,"67,910",50% bullish,of 2 ratings,$31
GLAD,$8.7837,1440785493409,"131,003",50% bullish,of 2 ratings,$8.75
GLADO,$25.59,1440785493430,100,Not yet rated,NULL,N/A
GOOD,$14.6499,1440785493459,"51,401",Not yet rated,NULL,$19
GOODN,$25.407,1440785493608,400,Not yet rated,NULL,N/A
GOODO,$25,1440785493638,15,Not yet rated,NULL,N/A
GOODP,NULL,1440785493770,0,Not yet rated,NULL,N/A
GAINO,$25.1728,1440785493795,490,Not yet rated,NULL,N/A
GAIN,$7.4701,1440785493833,"80,256",100% bullish,of 2 ratings,$8.25
GAINP,$25.9,1440785493970,320,Not yet rated,NULL,N/A
GAINN,$25.01,1440785493991,"54,393",Not yet rated,NULL,N/A
LAND,$9.1,1440785494073,"32,822",50% bullish,of 2 ratings,$13.75
GDEF,$10.53,1440785494134,400,Not yet rated,NULL,N/A
ENT,$11.72,1440785494162,"25,248",100% bearish,of 1 rating,$18
GLBZ,NULL,1440785494186,0,Not yet rated,NULL,N/A
GBT,$42.94,1440785494219,"49,856",100% bearish,of 1 rating,N/A
GBLI,$26.88,1440785494320,"6,706",Not yet rated,NULL,N/A
GPACU,NULL,1440785494409,0,Not yet rated,NULL,N/A
GSOL,$8.07,1440785494434,"15,195",100% bearish,of 1 rating,N/A
ACTX,NULL,1440785494480,0,100% bullish,of 1 rating,N/A
SOCL,$17.78,1440785494576,"18,214",100% bullish,of 2 ratings,N/A
QQQC,$19.65,1440785494608,"2,061",100% bearish,of 1 rating,N/A
YLCO,$11.9181,1440785494789,"1,371",Not yet rated,NULL,N/A
SRET,$13.27,1440785494821,214,Not yet rated,NULL,N/A
ALTY,$14.44,1440785494842,600,Not yet rated,NULL,N/A
GAI,$5.9,1440785494873,900,50% bullish,of 2 ratings,N/A
GSM,$13.37,1440785494894,"215,638",50% bullish,of 2 ratings,$22
GBIM,$2.295,1440785495025,"15,369",50% bullish,of 2 ratings,N/A
GLRI,$1,1440785495059,"14,761",100% bearish,of 1 rating,$4.25
GLYC,$7.09,1440785495164,"5,943",50% bullish,of 2 ratings,$14
GLUU,$4.51,1440785495192,"501,492",92% bullish,of 26 ratings,$9
GOGO,$15.68,1440785495221,"233,052",80% bullish,of 5 ratings,$25
GLBS,NULL,1440785495246,0,67% bullish,of 3 ratings,N/A
GLNG,$38.41,1440785495358,"671,099",83% bullish,of 6 ratings,$58
GMLP,$18.4646,1440785495427,"103,148",50% bullish,of 4 ratings,$32.50
GLDC,$4.0001,1440785495563,"4,600",50% bullish,of 2 ratings,N/A
GOGL,$3.1158,1440785495594,"133,283",75% bullish,of 4 ratings,$5
GDEN,$9.04,1440785495615,"5,539",50% bullish,of 2 ratings,N/A
GBDC,$16.6809,1440785495656,"66,259",Not yet rated,NULL,$17.75
GTIM,$6.91,1440785495704,"23,241",Not yet rated,NULL,$11.50
GOOG,$628.9,1440785495748,"575,300",89% bullish,of 70 ratings,$825
GOOGL,$657.62,1440785495776,"511,233",88% bullish,of 1081 ratings,$749
GPRO,$48.66,1440785495936,"2,302,593",78% bullish,of 58 ratings,$72
GPIA,$9.79,1440785495989,150,Not yet rated,NULL,N/A
GMAN,$3.8,1440785496020,"168,018",60% bullish,of 5 ratings,$8.50
GPIAU,NULL,1440785496121,0,Not yet rated,NULL,N/A
GBSNU,NULL,1440785496195,0,NULL,NULL,NULL
GRVY,NULL,1440785496223,0,50% bullish,of 2 ratings,N/A
GPIAW,NULL,1440785496253,0,Not yet rated,NULL,N/A
LOPE,$37.45,1440785496280,"44,295",100% bearish,of 2 ratings,$50
GBSN,$0.3632,1440785496354,"2,626,955",50% bullish,of 2 ratings,$8.25
GLDD,$5.43,1440785496561,"48,337",100% bearish,of 4 ratings,$7.75
GSBC,$40.27,1440785496596,"9,194",100% bullish,of 1 rating,$44
GNBC,$11.89,1440785496643,"8,300",100% bearish,of 1 rating,$16.50
GPRE,$20.85,1440785496689,"751,469",67% bullish,of 6 ratings,$28.50
GRBK,$12,1440785496716,"63,117",77% bullish,of 13 ratings,N/A
GPP,$13.55,1440785496775,"27,645",Not yet rated,NULL,$20.50
GCBC,NULL,1440785496847,0,100% bullish,of 1 rating,N/A
GLRE,$25.61,1440785496981,"97,868",50% bullish,of 2 ratings,$41
GRIF,$30.62,1440785497060,54,100% bearish,of 1 rating,N/A
OMAB,$41.35,1440785497114,"8,778",100% bullish,of 1 rating,$44
GRPN,$4.505,1440785497145,"3,244,336",61% bullish,of 71 ratings,$6.75
GRFS,$30.56,1440785497194,"109,829",50% bullish,of 2 ratings,$35
GGAL,$19.72,1440785497219,"81,288",80% bullish,of 5 ratings,$40
GSIG,$12.96,1440785497279,"13,667",100% bearish,of 2 ratings,N/A
GSIT,$4.66,1440785497460,"4,802",100% bearish,of 1 rating,N/A
GSVC,$8.77,1440785497491,"52,809",50% bullish,of 2 ratings,$14.50
GTXI,$0.87,1440785497596,"13,470",100% bullish,of 5 ratings,$.75
GFED,$14.7278,1440785497632,185,Not yet rated,NULL,$17
GBNK,$15.86,1440785497662,"9,833",100% bearish,of 1 rating,$18
GUID,$7.3,1440785497690,"30,575",100% bearish,of 3 ratings,$10
GULTU,$0.3018,1440785497765,"1,146,131",100% bearish,of 1 rating,N/A
GURE,$1.69,1440785497820,"77,195",88% bullish,of 8 ratings,N/A
GIFI,$12.3,1440785497898,"18,583",100% bearish,of 1 rating,$16
GWPH,$108.945,1440785497957,"34,356",78% bullish,of 9 ratings,$148.50
GPOR,$35.545,1440785498033,"816,250",75% bullish,of 4 ratings,$55
GWGH,$7.7,1440785498106,500,100% bearish,of 1 rating,$15.05
GYRO,NULL,1440785498136,0,100% bearish,of 1 rating,N/A
HEES,$18.98,1440785498195,"201,800",67% bearish,of 3 ratings,$31
HNRG,$7.66,1440785498289,"41,202",100% bearish,of 1 rating,$10
HLG,$9,1440785498315,"2,225",100% bearish,of 1 rating,N/A
HALL,$11.4499,1440785498466,"11,106",Not yet rated,NULL,N/A
HALO,$18.46,1440785498498,"457,861",67% bullish,of 3 ratings,$22.50
HBK,NULL,1440785498595,0,50% bullish,of 2 ratings,N/A
HMPR,$1.88,1440785498651,"14,205",100% bullish,of 1 rating,N/A
HBHC,$27.595,1440785498679,"242,198",50% bullish,of 2 ratings,$30
HNSN,$0.5258,1440785498730,"29,514",88% bullish,of 8 ratings,$.40
HNH,$25.25,1440785498762,"12,737",100% bullish,of 1 rating,N/A
HQCL,$12.84,1440785498814,"24,177",67% bullish,of 3 ratings,$14
HBHCL,$24.4299,1440785498860,"24,008",Not yet rated,NULL,N/A
HAFC,$24.21,1440785499011,"52,402",100% bullish,of 2 ratings,$28.50
HDNG,$10.09,1440785499036,"7,563",50% bullish,of 4 ratings,N/A
HRMN,NULL,1440785499079,0,Not yet rated,NULL,N/A
HRMNU,NULL,1440785499172,0,Not yet rated,NULL,N/A
HRMNW,NULL,1440785499273,0,Not yet rated,NULL,N/A
HLIT,$5.7719,1440785499346,"100,329",100% bearish,of 1 rating,$6.50
TINY,$2.4901,1440785499376,"9,150",50% bullish,of 2 ratings,$5.26
HCAP,$12.27,1440785499450,"3,300",50% bullish,of 2 ratings,$15
HART,$1,1440785499485,"72,924",100% bearish,of 1 rating,N/A
HAS,$75.67,1440785499582,"275,322",63% bullish,of 8 ratings,$84.50
HCAPL,NULL,1440785499612,0,Not yet rated,NULL,N/A
HBIO,$4.3,1440785499643,"18,071",100% bearish,of 1 rating,$10
HA,$22.675,1440785499711,"269,049",67% bullish,of 9 ratings,$27
HCOM,$21.99,1440785499741,"26,915",100% bearish,of 1 rating,$28
HWKN,$36.88,1440785499812,"12,691",Not yet rated,NULL,N/A
HWBK,NULL,1440785499873,0,100% bearish,of 1 rating,N/A
HAYN,$37.77,1440785499972,"20,529",100% bearish,of 1 rating,$59
HDS,$33.285,1440785500007,"572,029",100% bearish,of 2 ratings,$39.50
HCSG,$33.365,1440785500182,"52,971",50% bullish,of 4 ratings,$35
HQY,$29.57,1440785500242,"56,146",67% bullish,of 3 ratings,$32
HIIQ,$5.02,1440785500269,"15,221",50% bullish,of 2 ratings,$7
HSTM,$25.26,1440785500291,"33,102",50% bullish,of 2 ratings,$33.75
HTLF,$35.95,1440785500424,"9,589",100% bullish,of 1 rating,$39.50
HSII,$19.63,1440785500470,"18,533",100% bullish,of 3 ratings,$25
HWAY,$11.91,1440785500498,"58,990",100% bearish,of 1 rating,$15
HTLD,$20.54,1440785500555,"121,203",Not yet rated,NULL,$22.50
HTBX,$5.08,1440785500591,"2,108",50% bullish,of 2 ratings,$15.50
HTWR,$85.13,1440785500612,"85,896",50% bullish,of 2 ratings,$103
HELE,$85.4,1440785500688,"34,459",67% bearish,of 3 ratings,$100
HMNY,NULL,1440785500844,0,100% bearish,of 1 rating,N/A
HMTV,$13.61,1440785500976,"3,845",100% bearish,of 1 rating,$16
HNNA,$24.9,1440785501002,"6,147",Not yet rated,NULL,N/A
HCACU,NULL,1440785501023,0,Not yet rated,NULL,N/A
HTBK,$10.605,1440785501054,"16,297",Not yet rated,NULL,$12
HSIC,$138.73,1440785501080,"117,572",83% bullish,of 6 ratings,$146
HERO,NULL,1440785501214,0,NULL,NULL,NULL
HEOP,$7.63,1440785501263,"8,224",Not yet rated,NULL,$8.50
HFWA,$17.727,1440785501319,"56,927",100% bullish,of 1 rating,$20
HCCI,$11.25,1440785501348,"30,391",100% bearish,of 1 rating,$16.50
MLHR,$27.03,1440785501375,"150,983",50% bullish,of 2 ratings,$33.50
HFFC,$16,1440785501529,"4,730",Not yet rated,NULL,N/A
HRTX,$35.43,1440785501560,"125,022",67% bullish,of 6 ratings,$41
HIBB,$38.94,1440785501586,"111,885",100% bearish,of 1 rating,$46.50
HSKA,$33.49,1440785501712,"10,603",100% bearish,of 1 rating,$38
HPJ,$2.13,1440785501744,"16,543",75% bullish,of 4 ratings,$12.43
HIHO,$3.63,1440785501864,"6,064",Not yet rated,NULL,N/A
HIFS,$117.21,1440785501990,812,Not yet rated,NULL,N/A
HMNF,$11.68,1440785502015,"1,650",Not yet rated,NULL,N/A
HMSY,$10.41,1440785502067,"438,430",67% bullish,of 3 ratings,$19.35
HOLI,$17.82,1440785502103,"64,251",50% bullish,of 4 ratings,$27
HSGX,$6.14,1440785502124,"3,200",100% bearish,of 1 rating,$17
HIMX,$6.88,1440785502199,"706,437",86% bullish,of 21 ratings,$8.50
HOLX,$39.635,1440785502226,"676,605",67% bullish,of 3 ratings,$42
HOMB,$38.06,1440785502382,"116,362",Not yet rated,NULL,$42
HBCP,$24.7,1440785502429,"1,400",Not yet rated,NULL,$29
HFBL,$21.58,1440785502486,500,Not yet rated,NULL,N/A
HMST,$21.97,1440785502562,"47,630",100% bullish,of 2 ratings,$27
AWAY,$28.99,1440785502587,"169,031",67% bullish,of 3 ratings,$36
HMIN,$26.75,1440785502642,"21,315",100% bearish,of 2 ratings,$35
HTBI,$18.2,1440785502786,"14,565",67% bullish,of 3 ratings,$18.625
CETC,$0.74,1440785502817,"157,186",86% bullish,of 7 ratings,N/A
HOFT,$23.58,1440785502844,"8,557",100% bearish,of 1 rating,N/A
HKTV,$4.76,1440785502869,100,100% bearish,of 1 rating,N/A
HFBC,$11.3,1440785502925,"2,300",Not yet rated,NULL,N/A
HZNP,$30.13,1440785503028,"792,670",85% bullish,of 20 ratings,$40
HBNC,$23.49,1440785503088,"5,904",100% bullish,of 1 rating,$27
ZINC,$7.8,1440785503168,"327,569",100% bearish,of 1 rating,$17
HDP,$24.11,1440785503266,"129,471",67% bearish,of 3 ratings,$30.50
HRZN,$10.382,1440785503297,"25,870",50% bullish,of 2 ratings,$14.25
HMHC,$22.71,1440785503434,"215,535",Not yet rated,NULL,$27
HOVNP,NULL,1440785503471,0,100% bearish,of 1 rating,N/A
HBMD,$14.23,1440785503601,400,100% bearish,of 1 rating,N/A
HWCC,$7.4957,1440785503657,"66,738",100% bearish,of 1 rating,$9
HSNI,$62.21,1440785503684,"74,577",Not yet rated,NULL,$80
HTGM,$5.595,1440785503765,"1,024",100% bearish,of 1 rating,$19.50
HSON,$2.6,1440785503814,"5,640",100% bearish,of 1 rating,$5
HUBG,$37.31,1440785503843,"247,090",100% bearish,of 1 rating,$43
HCBK,$9.39,1440785503871,"501,960",83% bullish,of 6 ratings,$8.61
HDSN,$3.095,1440785503949,"11,300",100% bullish,of 1 rating,$6.25
HURN,$73.26,1440785504080,"52,431",50% bullish,of 2 ratings,$80
HBAN,$10.915,1440785504106,"2,887,614",76% bullish,of 17 ratings,$12.29
HBANP,NULL,1440785504132,0,100% bearish,of 1 rating,N/A
HURC,$30.522,1440785504172,"4,329",100% bearish,of 1 rating,N/A
HTCH,$1.548,1440785504268,"77,024",100% bearish,of 1 rating,$3.50
HBP,$3.1242,1440785504344,131,100% bullish,of 1 rating,N/A
HDRAU,NULL,1440785504533,0,Not yet rated,NULL,N/A
HDRA,NULL,1440785504632,0,Not yet rated,NULL,N/A
HYGS,$9.61,1440785504660,"23,169",50% bullish,of 2 ratings,$13
HDRAR,NULL,1440785504686,0,Not yet rated,NULL,N/A
HDRAW,NULL,1440785504715,0,Not yet rated,NULL,N/A
IDSY,$3.88,1440785504747,"4,018",100% bearish,of 1 rating,$7
IACI,$71.13,1440785504820,"231,621",75% bullish,of 4 ratings,$90
IKGH,$1.69,1440785504846,"3,572",75% bullish,of 4 ratings,N/A
IBKC,$60.54,1440785504982,"44,775",100% bullish,of 1 rating,$70
IEP,$74.02,1440785505013,"39,668",75% bullish,of 4 ratings,$99
ICFI,$34.15,1440785505150,"31,565",50% bullish,of 2 ratings,$48.50
ICAD,$4.01,1440785505178,"67,443",100% bullish,of 2 ratings,$7.25
ICLR,$77.92,1440785505203,"145,806",100% bearish,of 3 ratings,$85
ICON,$13.48,1440785505307,"202,082",50% bullish,of 2 ratings,$18.50
ICUI,$113.54,1440785505385,"14,576",Not yet rated,NULL,$122
IPWR,$7.26,1440785505410,600,100% bullish,of 1 rating,$15
IDRA,$2.93,1440785505443,"302,348",89% bullish,of 9 ratings,$6.50
IDXX,$73.08,1440785505596,"189,287",100% bearish,of 1 rating,$77
INVE,$4.41,1440785505669,"60,747",75% bullish,of 4 ratings,$4
IROQ,$16.7,1440785505750,200,100% bullish,of 1 rating,N/A
DSKY,$11.07,1440785505776,"75,959",67% bullish,of 6 ratings,$11.50
IIVI,$16.8801,1440785505807,"54,190",100% bearish,of 1 rating,$22
IRG,$4.82,1440785505909,"16,044",100% bearish,of 1 rating,$4.25
RXDX,$13.62,1440785505936,"59,155",100% bullish,of 1 rating,$20
KANG,$15.8,1440785506190,"118,855",50% bullish,of 2 ratings,$22.55
ILMN,$200.07,1440785506292,"501,452",80% bullish,of 5 ratings,$245
IKAN,$2.7334,1440785506323,"3,566",83% bullish,of 6 ratings,$5
IKNX,NULL,1440785506352,0,100% bearish,of 1 rating,N/A
ISNS,$3.92,1440785506434,"7,800",50% bullish,of 2 ratings,N/A
IMMR,$11.87,1440785506468,"43,439",80% bullish,of 5 ratings,$15.50
IMDZ,$16.49,1440785506567,"13,025",100% bearish,of 1 rating,$33
ICCC,$7.2248,1440785506597,"10,231",100% bullish,of 1 rating,N/A
IMNP,$1.3,1440785506623,"26,947",50% bullish,of 2 ratings,$6
IMGN,$14.6099,1440785506700,"470,803",75% bullish,of 4 ratings,$17.50
IMMU,$2.0999,1440785506757,"353,856",86% bullish,of 7 ratings,$2
INCR,$41.765,1440785506974,"113,971",50% bullish,of 2 ratings,$53
IMMY,$7.65,1440785507013,925,100% bearish,of 1 rating,$11
IPXL,$42.74,1440785507077,"179,721",67% bullish,of 3 ratings,$46.50
SAAS,$7.705,1440785507143,"136,109",50% bullish,of 2 ratings,$15
INCY,$118.09,1440785507347,"600,674",50% bullish,of 6 ratings,$125.50
INDB,$44.4999,1440785507481,"113,146",Not yet rated,NULL,$44
IBCP,$14.14,1440785507542,"60,698",100% bullish,of 1 rating,$14.50
IDSA,$3.662,1440785507572,"1,600",Not yet rated,NULL,N/A
INFI,$9.33,1440785507634,"162,585",50% bullish,of 4 ratings,$18
INFN,$22.025,1440785507659,"653,721",71% bullish,of 7 ratings,$28
IBTX,$42.11,1440785507702,"9,447",100% bullish,of 2 ratings,$47.25
III,$3.91,1440785507727,"55,933",57% bullish,of 7 ratings,$6
IPCC,$76.77,1440785507791,"9,173",Not yet rated,NULL,$77.50
IFON,$1.25,1440785507924,"22,189",75% bullish,of 4 ratings,N/A
INWK,$7.05,1440785507951,"23,737",50% bullish,of 2 ratings,$10
IMKTA,$50.09,1440785507973,"25,726",100% bearish,of 1 rating,N/A
INOD,$2.43,1440785508006,"1,400",100% bearish,of 1 rating,N/A
INNL,$12.565,1440785508104,250,100% bearish,of 1 rating,$16.50
IOSP,$47.92,1440785508236,"88,883",100% bearish,of 1 rating,N/A
IPHS,$48.295,1440785508275,"35,895",100% bearish,of 1 rating,$60
ISSC,$2.8051,1440785508670,"1,700",67% bearish,of 3 ratings,N/A
ITEK,$12.21,1440785508760,"183,150",100% bearish,of 3 ratings,$20
INGN,$49.89,1440785508786,"146,660",100% bearish,of 1 rating,$50.50
INO,$7.6299,1440785508837,"1,243,044",89% bullish,of 18 ratings,$20
INOV,$21.69,1440785508858,"647,997",100% bearish,of 1 rating,$33
NSIT,$25.98,1440785508888,"43,889",50% bullish,of 2 ratings,N/A
ISIG,$2.75,1440785509026,"9,069",100% bearish,of 1 rating,N/A
INSM,$25.22,1440785509051,"143,537",71% bullish,of 7 ratings,$31.50
IIIN,$17.1,1440785509076,"8,821",100% bearish,of 2 ratings,N/A
PODD,$29.63,1440785509241,"93,489",67% bearish,of 3 ratings,$35
IART,$61.305,1440785509305,"59,973",100% bearish,of 1 rating,$71.50
NTEC,$5.59,1440785509374,"6,305",100% bearish,of 1 rating,N/A
IDTI,$19.07,1440785509399,"715,771",60% bullish,of 5 ratings,$25
INSY,$33.535,1440785509424,"141,500",75% bullish,of 4 ratings,$48
IESC,$7.08,1440785509819,900,100% bearish,of 1 rating,N/A
ISSI,$21.96,1440785509880,"76,726",67% bullish,of 3 ratings,$19.75
INTC,$28.6,1440785510636,"13,942,819",82% bullish,of 238 ratings,$36
IPAR,$25.4,1440785511607,"33,880",67% bullish,of 3 ratings,$38
IPCI,$2.2896,1440785511634,"47,343",67% bullish,of 6 ratings,$8
IQNT,$18.72,1440785511718,"80,645",86% bullish,of 7 ratings,$20
IBKR,$40.22,1440785511787,"193,393",100% bullish,of 1 rating,N/A
ICLD,$1.87,1440785511821,"72,400",75% bullish,of 4 ratings,N/A
ININ,$35.87,1440785511846,"34,602",67% bearish,of 3 ratings,$57
ICPT,$187.5,1440785511874,"65,459",70% bullish,of 10 ratings,$359.50
ICLDW,NULL,1440785511895,0,100% bearish,of 1 rating,N/A
IMI,$2.185,1440785512068,"7,195",67% bullish,of 3 ratings,$2.22
IDCC,$49.46,1440785512090,"98,353",80% bullish,of 5 ratings,$63
IBOC,$25.17,1440785512128,"55,510",100% bearish,of 1 rating,N/A
INAP,$8.01,1440785512224,"118,970",75% bullish,of 4 ratings,$11
TILE,$24.1,1440785512257,"195,842",100% bearish,of 3 ratings,$27
IGLD,NULL,1440785512327,0,50% bullish,of 2 ratings,N/A
ISCA,$31.82,1440785512354,"66,325",100% bearish,of 1 rating,N/A
PTNT,$3,1440785512662,"1,529",Not yet rated,NULL,N/A
IIJI,$10,1440785512700,20,50% bullish,of 2 ratings,$11.50
XENT,$25.36,1440785512729,"67,404",50% bullish,of 2 ratings,$36.50
INPH,$0.319,1440785512759,"137,536",50% bullish,of 2 ratings,N/A
INTX,$2.04,1440785512787,"77,149",67% bullish,of 3 ratings,N/A
ISIL,$10.63,1440785512818,"204,328",50% bullish,of 6 ratings,$15
IVAC,$4.81,1440785512840,"14,048",100% bearish,of 1 rating,$6.625
IILG,$19.92,1440785512874,"41,521",100% bearish,of 1 rating,$29
INTL,$25.7,1440785513036,"24,689",67% bearish,of 3 ratings,N/A
ITCI,$26.8514,1440785513119,"243,883",75% bearish,of 4 ratings,$40
INTLL,$26.09,1440785513245,850,Not yet rated,NULL,N/A
IIN,$6.28,1440785513273,"1,400",100% bearish,of 1 rating,$12
INVT,$0.3205,1440785513311,"155,909",67% bullish,of 3 ratings,N/A
INTU,$86.73,1440785513336,"867,019",86% bullish,of 7 ratings,$107.50
ISRG,$512.317,1440785513362,"27,770",67% bullish,of 3 ratings,$600
SNAK,$8.51,1440785513504,"73,327",50% bullish,of 2 ratings,$14
ISBC,$11.77,1440785513538,"497,137",100% bullish,of 1 rating,$13.25
ISTR,$15.7299,1440785513567,515,100% bearish,of 1 rating,$18.50
ITIC,$71.5,1440785513631,800,100% bearish,of 2 ratings,N/A
IVTY,$14.31,1440785513697,"9,404",Not yet rated,NULL,$18
DTUL,NULL,1440785513726,0,Not yet rated,NULL,N/A
IPAS,$1.09,1440785513758,"20,980",67% bullish,of 3 ratings,N/A
NVIV,$9.38,1440785513828,"74,248",50% bullish,of 4 ratings,$24.50
DFVL,NULL,1440785513892,0,Not yet rated,NULL,N/A
IPCM,$79.28,1440785514105,"63,553",50% bullish,of 2 ratings,$80.125
IPGP,$85.625,1440785514138,"138,280",100% bearish,of 2 ratings,$109.50
IRMD,$25.31,1440785514160,"8,770",67% bearish,of 3 ratings,$25
IRIX,$6.94,1440785514181,"5,700",100% bearish,of 1 rating,N/A
IRDMB,$288,1440785514246,20,67% bearish,of 3 ratings,N/A
IRDM,$7.17,1440785514311,"202,163",60% bullish,of 5 ratings,$11.50
IRBT,$29.38,1440785514416,"86,241",67% bullish,of 6 ratings,$37
GNMA,$50.03,1440785514474,"1,496",Not yet rated,NULL,N/A
FCHI,NULL,1440785514500,0,NULL,NULL,NULL
IRWD,$11.18,1440785514522,"665,553",100% bearish,of 1 rating,$13
COMT,$33.5101,1440785514561,"15,745",100% bearish,of 1 rating,N/A
IFAS,NULL,1440785514655,0,NULL,NULL,NULL
IRCP,NULL,1440785514687,0,100% bullish,of 2 ratings,N/A
IFEU,$38.0168,1440785514787,"1,582",Not yet rated,NULL,N/A
IFGL,$28.61,1440785514892,"83,349",Not yet rated,NULL,N/A
IFNA,NULL,1440785514919,0,NULL,NULL,NULL
AAIT,NULL,1440785515023,0,NULL,NULL,NULL
AXJS,NULL,1440785515054,0,NULL,NULL,NULL
ACWI,$56.25,1440785515125,"1,096,429",Not yet rated,NULL,N/A
EEMA,$50.4433,1440785515152,"18,781",Not yet rated,NULL,N/A
ACWX,$41.03,1440785515179,"252,480",100% bearish,of 1 rating,N/A
AAXJ,$53.56,1440785515210,"674,126",Not yet rated,NULL,N/A
EMEY,NULL,1440785515308,0,NULL,NULL,NULL
EEME,NULL,1440785515333,0,NULL,NULL,NULL
EGRW,NULL,1440785515355,0,NULL,NULL,NULL
EMDI,NULL,1440785515382,0,NULL,NULL,NULL
EEML,$27.795,1440785515517,"3,800",Not yet rated,NULL,N/A
EVAL,NULL,1440785515540,0,NULL,NULL,NULL
EUFN,$21.89,1440785515666,"30,801",100% bearish,of 1 rating,N/A
QAT,$21.43,1440785515774,400,Not yet rated,NULL,N/A
IEUS,$45.3901,1440785515805,"5,415",100% bearish,of 1 rating,N/A
UAE,$18.51,1440785515876,"9,800",Not yet rated,NULL,N/A
WOOD,$48.2168,1440785515967,"17,347",50% bullish,of 2 ratings,N/A
IBB,$349.94,1440785515997,"446,572",63% bullish,of 8 ratings,N/A
SOXX,$83.28,1440785516032,"288,663",50% bullish,of 2 ratings,N/A
ICLN,$9.62,1440785516073,"9,701",50% bullish,of 2 ratings,N/A
EMIF,$28.74,1440785516102,"8,390",Not yet rated,NULL,N/A
INDY,$27.5822,1440785516240,"104,184",50% bullish,of 2 ratings,N/A
ISHG,$79.4199,1440785516273,"4,602",100% bearish,of 1 rating,N/A
ISIS,$50.765,1440785516372,"424,950",53% bullish,of 15 ratings,$67
ISLE,$17.6071,1440785516400,"84,861",50% bullish,of 4 ratings,$16
IGOV,$90.6982,1440785516425,"4,724",100% bearish,of 1 rating,N/A
ISRL,$132.25,1440785516577,373,100% bearish,of 1 rating,N/A
ITRI,$30.03,1440785516607,"70,976",Not yet rated,NULL,$37
ITUS,$4.1299,1440785516710,"5,050",Not yet rated,NULL,N/A
XXIA,$15.28,1440785516821,"153,794",71% bullish,of 7 ratings,$14.625
IXYS,$11.24,1440785516857,"49,112",50% bullish,of 4 ratings,N/A
JJSF,$114.16,1440785516884,"8,911",100% bearish,of 1 rating,N/A
JCOM,$69.63,1440785516953,"79,641",100% bullish,of 2 ratings,$77
MAYS,NULL,1440785517006,0,Not yet rated,NULL,N/A
JBHT,$73.65,1440785517038,"239,733",50% bullish,of 4 ratings,$89.50
ITRN,$24.11,1440785517065,"1,168",50% bullish,of 2 ratings,N/A
JASO,$7.84,1440785517143,"526,933",82% bullish,of 17 ratings,$10
JXSB,NULL,1440785517463,0,Not yet rated,NULL,N/A
JACK,$81.54,1440785517493,"86,452",83% bullish,of 6 ratings,$105
JAGX,$3.55,1440785517517,"7,014",Not yet rated,NULL,N/A
JAXB,NULL,1440785517542,0,100% bullish,of 1 rating,N/A
JKHY,$68.56,1440785517579,"97,729",50% bullish,of 2 ratings,$72
JAKK,$9.38,1440785517602,"209,153",60% bearish,of 5 ratings,$11
JMBA,$13.9301,1440785517678,"59,515",75% bullish,of 4 ratings,$18
ERW,NULL,1440785517705,0,Not yet rated,NULL,N/A
JRVR,$26.7799,1440785517920,"20,835",Not yet rated,NULL,$32
JBLU,$22.35,1440785517951,"1,597,508",94% bullish,of 18 ratings,$27
JASNW,NULL,1440785517976,0,50% bullish,of 2 ratings,N/A
JD,$26.4899,1440785518004,"3,521,094",75% bullish,of 16 ratings,$36
JASN,$5,1440785518031,"17,289",50% bullish,of 2 ratings,$9.50
JAZZ,$171.16,1440785518052,"68,441",80% bullish,of 15 ratings,$206.50
JTPY,$2.95,1440785518196,100,100% bearish,of 1 rating,N/A
JCTCF,NULL,1440785518326,0,100% bullish,of 1 rating,N/A
JST,$3.9406,1440785518459,"4,602",75% bullish,of 4 ratings,N/A
DATE,$6.1,1440785518485,"49,778",75% bullish,of 4 ratings,$9
JIVE,$4.495,1440785518514,"178,724",75% bullish,of 4 ratings,$5
WYIGU,$10.2,1440785518615,3,Not yet rated,NULL,N/A
JOEZ,$0.167,1440785518675,"80,573",92% bullish,of 12 ratings,N/A
JNP,$10.9501,1440785518703,"21,425",100% bullish,of 3 ratings,$15
JOUT,$23.3,1440785518762,"2,825",100% bearish,of 1 rating,$34
JUNO,$38.13,1440785518835,"473,638",73% bullish,of 11 ratings,$71.50
JBSS,$54.18,1440785518864,"41,723",67% bearish,of 3 ratings,N/A
KTWO,$21.6,1440785518893,"53,352",100% bearish,of 1 rating,$28.50
KALU,$82.75,1440785518919,"42,126",67% bearish,of 3 ratings,$91
KBIO,$2.07,1440785519072,"14,196",50% bullish,of 4 ratings,N/A
KMDA,$3.38,1440785519098,"2,800",50% bullish,of 2 ratings,$8
KNDI,$6.74,1440785519158,"209,613",86% bullish,of 22 ratings,N/A
KCLI,$46.96,1440785519263,"23,467",Not yet rated,NULL,N/A
KPTI,$13.92,1440785519334,"115,361",67% bearish,of 3 ratings,$39
KCAP,$4.66,1440785519422,"28,598",75% bullish,of 4 ratings,$6
KBSF,NULL,1440785519447,0,100% bullish,of 1 rating,N/A
KELYB,NULL,1440785519501,0,50% bullish,of 2 ratings,N/A
KRNY,$11.31,1440785519527,"246,829",100% bearish,of 1 rating,$12
KELYA,$14.11,1440785519609,"35,753",67% bullish,of 6 ratings,$20
KFFB,$8.6126,1440785519755,"1,208",100% bearish,of 1 rating,N/A
KERX,$6.3601,1440785519783,"501,766",82% bullish,of 11 ratings,$12
