Symbol,Price,Date,Volume,Rating,RatingVoteCount,OneYearEstimate
FCCY,$11.59,1440616202954,"2,164",100% bullish,of 1 rating,$13
VNET,$17.415,1440616202980,"602,371",60% bullish,of 5 ratings,$29.50
TFSCR,NULL,1440616203053,0,Not yet rated,NULL,N/A
SRCE,$29.14,1440616203080,"19,234",100% bullish,of 3 ratings,$33
TFSCU,NULL,1440616203101,0,Not yet rated,NULL,N/A
TFSCW,NULL,1440616203133,0,100% bearish,of 1 rating,N/A
PIH,$7.205,1440616203244,"2,800",100% bearish,of 1 rating,N/A
TFSC,$9.73,1440616203319,"7,100",100% bearish,of 1 rating,N/A
FLWS,$9.48,1440616203348,"299,764",100% bullish,of 5 ratings,$15
TWOU,$34.6299,1440616203368,"114,576",50% bullish,of 2 ratings,$39
DGLD,$83.1672,1440616203508,"15,643",100% bullish,of 1 rating,N/A
UGLD,$9.05,1440616203538,"147,008",100% bearish,of 1 rating,N/A
FCTY,$7.85,1440616203569,"3,067",100% bullish,of 1 rating,$8.50
DSLV,$76.9016,1440616203666,"17,442",100% bearish,of 1 rating,N/A
USLV,$11.2596,1440616203870,"548,135",86% bullish,of 7 ratings,N/A
CAFD,$14.0548,1440616203930,"171,499",Not yet rated,NULL,$25
JOBS,$27.01,1440616203955,"63,256",50% bullish,of 4 ratings,$36
EGHT,$7.62,1440616204007,"219,766",82% bullish,of 17 ratings,$11
AVHI,$13.96,1440616204081,"12,120",100% bearish,of 1 rating,$19
SIXD,$2.9561,1440616204107,"370,640",Not yet rated,NULL,N/A
SHLM,$32.915,1440616204203,"57,701",100% bearish,of 1 rating,$50
AAON,$20.26,1440616204236,"91,399",100% bearish,of 1 rating,$24
ABGB,$6.31,1440616204265,"177,348",67% bullish,of 3 ratings,$5.50
ABEO,$4.5,1440616204367,"73,071",50% bullish,of 4 ratings,$15.50
ABY,$21.02,1440616204453,"517,961",100% bearish,of 2 ratings,$46
ABAX,$46.52,1440616204528,"67,066",100% bearish,of 1 rating,$60
ABEOW,$1.85,1440616204559,"2,286",100% bullish,of 1 rating,N/A
ABMD,$96.7,1440616204632,"234,829",75% bullish,of 4 ratings,$100.50
AXAS,$1.589,1440616204659,"492,557",78% bullish,of 9 ratings,$3.50
ACTG,$8.8,1440616204794,"190,619",67% bullish,of 3 ratings,$18.50
ACAD,$35.6039,1440616204997,"370,314",80% bullish,of 20 ratings,$48
ACHC,$69.4,1440616205027,"453,067",50% bullish,of 2 ratings,$92
ACST,$0.345,1440616205054,"10,793",100% bullish,of 2 ratings,N/A
XLRN,$28.42,1440616205098,"87,726",50% bullish,of 2 ratings,$57
ARAY,$6.43,1440616205123,"491,720",100% bearish,of 1 rating,$10.50
ANCX,$19.76,1440616205190,"18,427",Not yet rated,NULL,$20
AXDX,$18.205,1440616205325,"105,339",100% bearish,of 1 rating,N/A
VXDN,$1.9,1440616205516,"28,124",100% bearish,of 1 rating,N/A
ACRX,$4.17,1440616205548,"118,800",67% bearish,of 6 ratings,$5.50
ACHN,$7.09,1440616205575,"970,266",90% bullish,of 21 ratings,$16
ACET,$22.45,1440616205604,"50,461",75% bullish,of 4 ratings,$30
AKAO,$6.84,1440616205647,"96,284",75% bullish,of 4 ratings,$15
VXUP,$1.64,1440616205674,"53,589",100% bearish,of 1 rating,N/A
ACIW,$20.86,1440616205948,"240,687",67% bearish,of 3 ratings,$24
ACNB,$19.76,1440616206018,"3,200",Not yet rated,NULL,N/A
ATVI,$27.03,1440616206078,"2,720,534",68% bullish,of 84 ratings,$31.50
ACPW,$1.81,1440616206151,"21,756",100% bullish,of 4 ratings,$3.50
ACOR,$31.59,1440616206176,"510,662",67% bearish,of 3 ratings,$38.50
ACTS,$1.5672,1440616206203,"20,828",100% bearish,of 1 rating,N/A
ADMS,$19.205,1440616206421,"31,826",100% bearish,of 2 ratings,$36
ACXM,$20.26,1440616206452,"156,969",67% bullish,of 3 ratings,N/A
ADMP,$3.465,1440616206523,"24,481",50% bullish,of 2 ratings,$10
ACTA,$13,1440616206553,"30,583",67% bearish,of 3 ratings,$25
ACUR,$0.529,1440616206581,"40,934",100% bullish,of 5 ratings,$1
ADUS,$28.22,1440616206714,"34,854",100% bearish,of 1 rating,$31
ADAP,$11.305,1440616206745,"48,177",67% bullish,of 3 ratings,$22
ADMA,$9.12,1440616206918,"2,463",Not yet rated,NULL,$19
ADBE,$76.66,1440616207015,"1,051,437",65% bullish,of 17 ratings,$90
AEY,$2.29,1440616207085,"2,045",100% bearish,of 2 ratings,N/A
ADEP,$6.4843,1440616207194,"32,081",50% bullish,of 2 ratings,$10.75
ADTN,$15.2,1440616207221,"130,369",67% bullish,of 3 ratings,$17.125
AMD,$1.68,1440616207246,"4,984,681",83% bullish,of 103 ratings,$2
ADXS,$13.24,1440616207379,"648,458",64% bullish,of 14 ratings,$27
ADRO,$18.84,1440616207449,"181,974",80% bullish,of 5 ratings,$45.50
ADXSW,$8.57,1440616207582,"29,405",100% bullish,of 1 rating,N/A
AEIS,$23.905,1440616207609,"69,311",50% bullish,of 2 ratings,$32.50
YPRO,$22.97,1440616207635,"2,612",100% bearish,of 1 rating,N/A
AEGN,$17.76,1440616207790,"52,469",100% bearish,of 2 ratings,$21
MULT,NULL,1440616207891,0,100% bearish,of 1 rating,N/A
AEPI,$53.9,1440616208023,"5,772",100% bearish,of 1 rating,N/A
AERI,$15.76,1440616208074,"168,423",75% bullish,of 4 ratings,$31.50
AMTX,$2.45,1440616208103,"18,673",50% bullish,of 2 ratings,$26.11
AEHR,NULL,1440616208155,0,50% bullish,of 2 ratings,N/A
AEZS,$0.0839,1440616208214,"3,821,092",90% bullish,of 21 ratings,$1.50
AVAV,$23.1774,1440616208290,"39,733",50% bullish,of 4 ratings,$31
AFFX,$9.15,1440616208419,"182,677",80% bullish,of 5 ratings,$12
AGEN,$6.84,1440616208518,"613,530",85% bullish,of 13 ratings,$14
AEGR,$17.61,1440616208577,"147,637",50% bullish,of 6 ratings,$26
AEMD,$6.95,1440616208652,"13,930",Not yet rated,NULL,$27.50
AFMD,$9.69,1440616208709,"131,012",50% bullish,of 4 ratings,$15
AGIO,$86.205,1440616208754,"242,083",88% bullish,of 8 ratings,$114
AGYS,$9.55,1440616208809,"26,270",100% bearish,of 1 rating,N/A
AGRX,$8.3,1440616208971,"5,299",100% bearish,of 1 rating,$17.50
AGFSW,$1.8,1440616209037,"14,003",100% bearish,of 2 ratings,N/A
AGFS,$10.2948,1440616209102,"30,781",100% bearish,of 1 rating,N/A
AIRM,$35.4285,1440616209129,"116,394",80% bearish,of 5 ratings,$53
AIMT,$21.39,1440616209163,"105,845",Not yet rated,NULL,N/A
AIRT,$21.23,1440616209268,711,100% bullish,of 1 rating,N/A
ATSG,$8.76,1440616209373,"105,769",67% bullish,of 3 ratings,$13
AKAM,$67.38,1440616209553,"776,155",63% bullish,of 8 ratings,$77
AMCN,$4.4475,1440616209584,"458,098",83% bullish,of 6 ratings,N/A
AKRX,$38.71,1440616209681,"529,401",78% bullish,of 9 ratings,$56
AKER,$2.4897,1440616209781,"76,200",Not yet rated,NULL,N/A
AIXG,$5.79,1440616209812,"14,718",67% bearish,of 3 ratings,$5.25
ALSK,$2.01,1440616209837,"73,198",78% bullish,of 18 ratings,$2
AKBA,$6.22,1440616209913,"120,784",100% bearish,of 1 rating,$18
AMRI,$20,1440616210008,"304,593",75% bearish,of 4 ratings,$24
ADHD,$7.755,1440616210086,"99,906",50% bullish,of 4 ratings,$18
ALRM,$16.021,1440616210112,"112,584",100% bearish,of 1 rating,$22
ABDC,$11.9269,1440616210243,"58,464",Not yet rated,NULL,$15
ALXN,$171.37,1440616210315,"564,028",88% bullish,of 8 ratings,$223
ALDR,$37.99,1440616210347,"194,297",67% bearish,of 3 ratings,$62
ALXA,$1.11,1440616210372,"13,069",83% bullish,of 6 ratings,$2.125
ALDX,$6.64,1440616210447,"7,459",100% bearish,of 1 rating,$14.50
ALGN,$55.46,1440616210627,"296,249",100% bearish,of 2 ratings,$73
ALCO,$41.39,1440616210653,"4,970",50% bullish,of 2 ratings,N/A
ALIM,$3.12,1440616210678,"37,339",80% bullish,of 5 ratings,$10
ALGT,$216.33,1440616210808,"44,638",100% bearish,of 2 ratings,$235
AIQ,$13.25,1440616210986,"11,322",67% bullish,of 3 ratings,N/A
ALKS,$59.14,1440616211014,"321,973",67% bullish,of 3 ratings,$75
AHPI,$1.5,1440616211144,100,50% bullish,of 2 ratings,N/A
AHGP,$34.725,1440616211172,"28,895",67% bullish,of 3 ratings,N/A
AFOP,$18.3535,1440616211277,"72,445",75% bullish,of 8 ratings,$21
AMOT,$18.45,1440616211323,"39,638",100% bearish,of 1 rating,N/A
ALLB,$22.72,1440616211355,400,Not yet rated,NULL,N/A
ARLP,$24.41,1440616211455,"59,535",67% bearish,of 3 ratings,$32
ALQA,$4.1599,1440616211624,"26,180",75% bullish,of 4 ratings,$8.50
ALLT,$4.93,1440616211790,"108,028",75% bullish,of 4 ratings,$6.25
MDRX,$13.37,1440616211817,"1,051,257",60% bullish,of 5 ratings,$16
AOSL,$7.22,1440616211842,"39,451",67% bullish,of 3 ratings,$9
SMCP,NULL,1440616211867,0,Not yet rated,NULL,N/A
ATEC,$0.5799,1440616212055,"126,283",100% bullish,of 1 rating,$2
ALNY,$101.59,1440616212084,"298,465",67% bullish,of 3 ratings,$148.50
ALTR,$47.64,1440616212156,"1,179,664",80% bearish,of 5 ratings,$54
AFAM,$45.15,1440616212211,"44,273",50% bullish,of 2 ratings,$44
AMAG,$62.5999,1440616212242,"251,514",100% bullish,of 2 ratings,$77.50
ASPS,$25.335,1440616212272,"147,113",67% bullish,of 3 ratings,$46.50
AIMC,$24.32,1440616212318,"30,806",100% bearish,of 2 ratings,$28.50
AMRN,$1.8701,1440616212343,"813,625",85% bullish,of 39 ratings,$8
AYA,$19.5393,1440616212487,"10,623",100% bearish,of 1 rating,$40
AMRK,$10.4,1440616212704,"1,870",50% bullish,of 2 ratings,$14
AMZN,$495.27,1440616212729,"2,243,549",81% bullish,of 264 ratings,$646
AMBC,$15.61,1440616212767,"117,459",100% bearish,of 1 rating,$16.50
AMBCW,$7.5,1440616212793,"3,500",100% bearish,of 1 rating,N/A
AMCX,$69.82,1440616212930,"524,949",67% bullish,of 3 ratings,$87.50
EPAX,$2.67,1440616212958,"52,321",100% bearish,of 1 rating,N/A
AMBA,$88.5,1440616213089,"1,347,151",83% bullish,of 12 ratings,$102.50
AMED,$38.205,1440616213261,"75,893",100% bearish,of 1 rating,$42
AMDA,$0.455,1440616213315,"727,489",90% bullish,of 10 ratings,$1
ATAX,$5.15,1440616213341,"115,739",100% bullish,of 1 rating,$6.50
UHAL,$366.97,1440616213421,"7,890",100% bullish,of 2 ratings,$393.50
AMOV,$17.41,1440616213494,"4,200",100% bearish,of 1 rating,N/A
ASBI,$22.03,1440616213592,"4,223",Not yet rated,NULL,N/A
AAL,$38.4533,1440616213625,"6,235,460",93% bullish,of 88 ratings,$57
DOX,$56.2,1440616213651,"416,400",67% bearish,of 3 ratings,$60
AGNC,$19.25,1440616213677,"2,144,198",71% bullish,of 28 ratings,$22
MTGE,$15.315,1440616213879,"161,876",75% bullish,of 4 ratings,$19.50
AGNCP,$25.239,1440616213909,"3,350",Not yet rated,NULL,N/A
AGNCB,$24.12,1440616213933,"13,235",Not yet rated,NULL,N/A
ACAS,$13.2601,1440616214120,"953,897",60% bullish,of 5 ratings,$16.75
MTGEP,$24.5,1440616214179,600,Not yet rated,NULL,N/A
AETI,$3.97,1440616214207,"1,116",67% bearish,of 3 ratings,N/A
ANCI,$1.53,1440616214228,"2,800",100% bearish,of 1 rating,N/A
AMIC,NULL,1440616214374,0,Not yet rated,NULL,N/A
ACSF,$11.955,1440616214422,"18,954",100% bearish,of 1 rating,$15
AMNB,$22.85,1440616214519,"3,417",Not yet rated,NULL,$25.50
ANAT,$99.62,1440616214590,"19,030",100% bullish,of 1 rating,N/A
ASEI,$36.7201,1440616214657,"19,600",100% bearish,of 1 rating,$52.50
APEI,$21.14,1440616214696,"19,311",100% bearish,of 1 rating,$25.50
ARII,$38,1440616214745,"131,432",67% bearish,of 3 ratings,$45
AMSWA,$8.56,1440616214876,"13,456",100% bearish,of 2 ratings,$10.75
AMSC,$4.079,1440616215007,"85,142",50% bullish,of 4 ratings,N/A
AMRB,$10.08,1440616215036,"18,604",Not yet rated,NULL,$11
ABCB,$26.47,1440616215107,"64,532",Not yet rated,NULL,$31
AMWD,$64.435,1440616215134,"83,515",50% bullish,of 2 ratings,$70
ASRVP,NULL,1440616215173,0,Not yet rated,NULL,N/A
CRMT,$36.42,1440616215281,"16,505",100% bearish,of 1 rating,$39
ASRV,$3.19,1440616215341,"24,201",100% bullish,of 2 ratings,N/A
ATLO,$23,1440616215487,"1,864",Not yet rated,NULL,N/A
FOLD,$13.93,1440616215515,"682,644",56% bullish,of 9 ratings,$21
AMSF,$46.79,1440616215540,"20,481",Not yet rated,NULL,$57.50
AMGN,$152.045,1440616215716,"1,992,396",89% bullish,of 19 ratings,$185
AMKR,$4.63,1440616215781,"1,150,999",100% bearish,of 2 ratings,$5
AMSG,$78.01,1440616215913,"252,365",100% bearish,of 1 rating,$85.50
AMPH,$13.27,1440616215992,"124,414",50% bullish,of 2 ratings,$20
AFSI,$57.59,1440616216090,"341,548",60% bullish,of 5 ratings,$72
AMSGP,NULL,1440616216134,0,Not yet rated,NULL,N/A
ASYS,$4.975,1440616216160,"46,544",67% bullish,of 3 ratings,$12
AMRS,$1.59,1440616216187,"45,726",70% bullish,of 10 ratings,N/A
ADI,$53.16,1440616216319,"1,444,188",67% bullish,of 3 ratings,$69
ANAC,$131.51,1440616216375,"209,572",80% bullish,of 5 ratings,$180.50
ANAD,$0.3362,1440616216584,"151,859",100% bullish,of 2 ratings,$.50
ABCW,$39.97,1440616216605,"6,588",67% bullish,of 3 ratings,N/A
ANGI,$4.815,1440616216652,"231,650",64% bullish,of 11 ratings,$5.50
ANCB,$22.45,1440616216683,"1,032",Not yet rated,NULL,$23
ALOG,$78.65,1440616216708,"26,507",100% bearish,of 2 ratings,$100.50
AMCF,$0.2476,1440616216782,"1,900",100% bullish,of 7 ratings,N/A
ANGO,$14.67,1440616216918,"29,355",67% bullish,of 3 ratings,$19
ANIP,$49.46,1440616217013,"98,597",89% bullish,of 19 ratings,$66
ANIK,$34.04,1440616217068,"34,638",60% bullish,of 5 ratings,$51.25
ANTH,$6.77,1440616217095,"556,800",80% bullish,of 10 ratings,$13
ABAC,$0.71,1440616217347,"1,500",100% bearish,of 1 rating,N/A
APIC,$6.04,1440616217454,"54,453",100% bearish,of 1 rating,$19
APOG,$49.38,1440616217506,"100,861",50% bullish,of 2 ratings,$67
ATNY,$2.34,1440616217534,"9,200",50% bullish,of 2 ratings,$3.75
ANSS,$87.73,1440616217559,"257,766",100% bearish,of 1 rating,$100
APOL,$10.78,1440616217584,"666,678",87% bearish,of 68 ratings,$14
ATRS,$1.67,1440616217613,"435,661",92% bullish,of 12 ratings,$4.50
AAPL,$108.37,1440616217880,"38,797,597",86% bullish,of 2349 ratings,$150
AINV,$6.38,1440616217927,"512,052",50% bullish,of 4 ratings,$8
APPF,$16.75,1440616218056,"22,230",50% bullish,of 2 ratings,$22
APDN,$3.15,1440616218084,"22,150",Not yet rated,NULL,$9
APDNW,$1.03,1440616218213,"6,680",Not yet rated,NULL,N/A
AGTC,$15.1,1440616218238,"91,147",50% bullish,of 2 ratings,$33
ARCI,NULL,1440616218263,0,Not yet rated,NULL,N/A
AMCC,$5.42,1440616218392,"280,161",80% bullish,of 5 ratings,$8
AREX,$1.6699,1440616218460,"310,365",100% bearish,of 1 rating,$3
AAOI,$19.69,1440616218490,"122,809",50% bullish,of 4 ratings,$26
AMAT,$15.13,1440616218567,"14,986,876",82% bullish,of 11 ratings,$23
APRI,$1.18,1440616218764,"55,014",83% bullish,of 6 ratings,$4.86
AQMS,$4.9729,1440616218792,"16,367",Not yet rated,NULL,N/A
AUMA,NULL,1440616218817,0,Not yet rated,NULL,N/A
APTO,$4.9,1440616218848,"1,818",Not yet rated,NULL,$17
AQXP,$17.57,1440616218948,"179,356",50% bullish,of 2 ratings,$2
AUMAU,NULL,1440616219016,0,Not yet rated,NULL,N/A
AUMAW,NULL,1440616219051,0,Not yet rated,NULL,N/A
ARDM,$6.95,1440616219266,202,100% bullish,of 1 rating,$26
ARCW,$3.49,1440616219365,"16,621",100% bearish,of 2 ratings,$10.50
ABIO,$0.8799,1440616219393,"68,477",50% bullish,of 2 ratings,$3.75
ACGL,$67.18,1440616219568,"111,931",50% bullish,of 2 ratings,$72
ABUS,$6.97,1440616219598,"262,648",86% bullish,of 14 ratings,$23
RKDA,$5.83,1440616219702,"5,741",100% bearish,of 2 ratings,$10
ARNA,$2.6322,1440616219777,"1,506,692",90% bullish,of 77 ratings,$5.50
PETX,$16.79,1440616219803,"265,347",100% bearish,of 2 ratings,$26
ARCB,$27.99,1440616219938,"131,862",67% bearish,of 3 ratings,$39.50
ARCC,$14.92,1440616219967,"1,043,321",67% bearish,of 3 ratings,$17.875
AGII,$55.92,1440616220065,"49,172",Not yet rated,NULL,$59.50
ACAT,$25.18,1440616220103,"42,645",100% bearish,of 3 ratings,$33
ARDX,$17.4,1440616220137,"63,330",50% bullish,of 2 ratings,$24.50
AGIIL,$25.5999,1440616220187,"10,607",Not yet rated,NULL,N/A
ARGS,$6.13,1440616220237,"23,781",50% bullish,of 2 ratings,$19.50
ARIS,$4,1440616220470,"137,162",Not yet rated,NULL,$4.50
ARIA,$6.578,1440616220497,"1,844,954",87% bullish,of 46 ratings,$9
ARMH,$41.38,1440616220578,"3,005,468",54% bearish,of 13 ratings,$61
ARKR,$24.5,1440616220635,500,50% bullish,of 2 ratings,N/A
ARWA,NULL,1440616220714,0,Not yet rated,NULL,N/A
ARWAR,$0.27,1440616220864,800,Not yet rated,NULL,N/A
ARQL,$1.6093,1440616220912,"110,839",75% bullish,of 4 ratings,$5
ARWAW,NULL,1440616220995,0,Not yet rated,NULL,N/A
ARTX,$1.35,1440616221024,"158,565",88% bullish,of 16 ratings,$4.50
ARRS,$25.57,1440616221055,"443,951",50% bullish,of 2 ratings,$38
DWAT,$9.607,1440616221153,915,100% bearish,of 1 rating,N/A
ARRY,$5.59,1440616221185,"730,378",100% bullish,of 7 ratings,$10
ARWAU,NULL,1440616221285,0,100% bullish,of 1 rating,N/A
ARWR,$5.42,1440616221311,"433,945",75% bullish,of 4 ratings,$10.50
AROW,$26.89,1440616221336,"11,129",Not yet rated,NULL,N/A
ARTNA,$22.04,1440616221541,"9,234",100% bearish,of 1 rating,$29
ASND,$19.95,1440616221734,"79,306",100% bullish,of 1 rating,$30
ASNA,$11.18,1440616221761,"1,377,544",50% bullish,of 2 ratings,$18
ARTW,$4.396,1440616221835,"3,518",75% bearish,of 4 ratings,N/A
ASBB,$24.74,1440616221859,74,Not yet rated,NULL,N/A
APWC,$1.81,1440616221995,200,100% bearish,of 1 rating,N/A
ASML,$87.64,1440616222055,"471,599",50% bullish,of 4 ratings,$127
ASCMA,$26.67,1440616222163,"25,451",100% bearish,of 1 rating,$45
ASTI,$0.11,1440616222193,"1,051,370",83% bullish,of 6 ratings,$3
ASMB,$12.35,1440616222273,"20,768",67% bullish,of 3 ratings,N/A
AZPN,$37,1440616222299,"401,512",50% bullish,of 2 ratings,$42
ASFI,$8.88,1440616222332,"11,417",100% bullish,of 1 rating,N/A
ASTE,$36.17,1440616222587,"23,233",100% bearish,of 1 rating,$48
ASMI,NULL,1440616222637,0,NULL,NULL,NULL
ATRO,$50.5,1440616222662,"86,115",100% bearish,of 2 ratings,$80
ASTC,$1.9,1440616222795,"14,264",100% bullish,of 5 ratings,N/A
ALOT,$12.71,1440616222823,"18,097",100% bearish,of 1 rating,N/A
ATAI,$2.3101,1440616222849,"4,325",100% bearish,of 1 rating,N/A
ATHN,$130.61,1440616222977,"86,662",67% bearish,of 3 ratings,$153
ASUR,$5.28,1440616223048,"9,525",50% bullish,of 2 ratings,$8
ATHX,$1.0964,1440616223175,"163,356",89% bullish,of 9 ratings,$5
ATRA,$38.83,1440616223200,"42,376",50% bullish,of 2 ratings,$68
AFCB,$27.3,1440616223227,100,Not yet rated,NULL,N/A
AAPC,NULL,1440616223355,0,Not yet rated,NULL,N/A
AAME,$3.46,1440616223490,998,Not yet rated,NULL,N/A
ACFC,$5.701,1440616223515,"78,735",Not yet rated,NULL,$6.50
ATNI,$70.42,1440616223587,"32,844",100% bearish,of 1 rating,$69.50
AAWW,$38.99,1440616223803,"187,601",50% bullish,of 2 ratings,$65
AFH,$16.25,1440616223855,"22,746",Not yet rated,NULL,$21.50
ATML,$7.72,1440616223882,"4,405,269",78% bullish,of 9 ratings,$9.50
ATRC,$25.08,1440616223933,"79,167",100% bullish,of 1 rating,$30
ATLC,$3.86,1440616223958,"9,462",67% bullish,of 3 ratings,N/A
ATOS,$0.71,1440616224019,"142,209",100% bullish,of 7 ratings,$7
ATRI,$371.85,1440616224090,824,Not yet rated,NULL,N/A
ATRM,$2.83,1440616224151,500,50% bullish,of 2 ratings,N/A
LIFE,$13.985,1440616224346,"22,993",86% bullish,of 7 ratings,$43
AUBN,$27.45,1440616224391,"1,796",Not yet rated,NULL,N/A
AUPH,$3,1440616224549,"9,025",100% bearish,of 1 rating,$8
ATTU,$13.305,1440616224599,"44,366",100% bearish,of 1 rating,$20.50
EARS,$4.72,1440616224629,"5,759",100% bearish,of 2 ratings,$11.50
AUDC,$3.0799,1440616224728,"21,353",80% bullish,of 5 ratings,$5
ADSK,$48.9401,1440616224755,"1,296,235",67% bullish,of 6 ratings,$69.50
ADAT,$0.3301,1440616224780,"1,613,503",100% bullish,of 2 ratings,N/A
AAVL,$10.3,1440616224912,"202,955",100% bearish,of 1 rating,$20
ABTL,$17.05,1440616224939,"37,732",100% bullish,of 4 ratings,$20.25
AVGO,$115.5299,1440616224983,"1,789,188",88% bullish,of 8 ratings,$165
AVNU,$12.15,1440616225115,"4,821",Not yet rated,NULL,$14
ADP,$77.17,1440616225141,"1,552,052",100% bearish,of 1 rating,$88
AVEO,$1.265,1440616225205,"563,284",75% bullish,of 8 ratings,$3
AVID,$7.99,1440616225331,"179,326",100% bearish,of 1 rating,$20
AVNW,$1.1501,1440616225435,"21,733",50% bullish,of 2 ratings,$2.20
AVGR,$14.19,1440616225522,"13,238",100% bearish,of 1 rating,$20
CAR,$40.38,1440616225591,"1,673,742",80% bullish,of 5 ratings,$60
ACLS,$3.1099,1440616225652,"258,284",67% bullish,of 6 ratings,$4.75
AXPW,$1.0543,1440616225727,"37,713",83% bullish,of 6 ratings,N/A
AXPWW,$0.88,1440616225783,"1,646",Not yet rated,NULL,N/A
AWRE,$3.09,1440616225868,"10,078",67% bullish,of 3 ratings,N/A
AXTI,$2.12,1440616226001,"53,016",50% bullish,of 2 ratings,$2.75
BCOM,$18.27,1440616226055,"2,430",100% bearish,of 1 rating,N/A
AXGN,$3.75,1440616226081,"27,188",Not yet rated,NULL,$5
BEAV,$46.69,1440616226135,"470,181",67% bearish,of 3 ratings,$59
RILY,$9.9999,1440616226160,"1,696",Not yet rated,NULL,N/A
BOSC,$2.26,1440616226227,544,50% bullish,of 2 ratings,N/A
BCPC,$56.495,1440616226299,"50,759",100% bearish,of 1 rating,$75
BWINB,$22.675,1440616226516,"6,508",Not yet rated,NULL,N/A
BIDU,$141.3899,1440616226691,"3,733,462",81% bullish,of 88 ratings,$210
BOCH,$5.72,1440616226773,"5,920",Not yet rated,NULL,$6.50
BANFP,$27,1440616226804,200,Not yet rated,NULL,N/A
BWINA,NULL,1440616226824,0,Not yet rated,NULL,N/A
BANF,$59.38,1440616226852,"3,810",Not yet rated,NULL,$68
BLDP,$1.155,1440616226880,"422,418",91% bullish,of 22 ratings,$2.50
BKMU,$6.905,1440616227079,"22,607",Not yet rated,NULL,$8
BWFG,$18,1440616227242,"1,800",100% bearish,of 1 rating,N/A
BOTJ,NULL,1440616227269,0,Not yet rated,NULL,N/A
BKSC,$15.7155,1440616227290,903,Not yet rated,NULL,N/A
OZRK,$40.97,1440616227347,"259,498",67% bullish,of 3 ratings,$49.50
BANR,$43.46,1440616227426,"16,914",100% bullish,of 3 ratings,$50
BMRC,$47.75,1440616227454,"7,670",Not yet rated,NULL,$52
BFIN,$11.82,1440616227511,"7,064",Not yet rated,NULL,$13
BZUN,$4.72,1440616227636,"207,385",50% bullish,of 2 ratings,$11.50
BHACU,NULL,1440616227799,0,Not yet rated,NULL,N/A
BHACR,NULL,1440616227823,0,Not yet rated,NULL,N/A
TAPR,$32.26,1440616227860,"4,467",100% bearish,of 1 rating,N/A
BHACW,NULL,1440616227955,0,Not yet rated,NULL,N/A
BHAC,NULL,1440616227991,0,Not yet rated,NULL,N/A
BBSI,$33.7,1440616228087,"43,456",67% bearish,of 3 ratings,$62.50
BSET,$28.94,1440616228140,"25,858",100% bearish,of 1 rating,$35
BYBK,$4.9,1440616228244,475,100% bearish,of 1 rating,N/A
BYLK,$12.695,1440616228291,"1,100",Not yet rated,NULL,$14
BV,$4.95,1440616228435,"241,719",67% bullish,of 6 ratings,$9
BDCV,$4.8,1440616228498,"28,978",100% bearish,of 1 rating,$10.19
BSF,$8.3,1440616228654,"3,823",Not yet rated,NULL,N/A
BBCN,$14.17,1440616228681,"98,754",100% bearish,of 1 rating,$16
BEBE,$1.7101,1440616228814,"42,229",75% bullish,of 4 ratings,$3.075
BCBP,NULL,1440616228847,0,Not yet rated,NULL,N/A
BBBY,$61.15,1440616228951,"1,133,152",71% bullish,of 7 ratings,$75
BECN,$34.58,1440616228982,"237,437",50% bullish,of 2 ratings,$40
BELFA,$14.71,1440616229004,"5,281",100% bearish,of 1 rating,N/A
BBGI,$4.08,1440616229083,100,100% bearish,of 1 rating,N/A
BELFB,$17.63,1440616229137,"11,266",100% bearish,of 1 rating,N/A
BNCL,$12.33,1440616229332,"247,100",100% bullish,of 3 ratings,$12.50
BNFT,$34.05,1440616229381,"75,662",67% bullish,of 3 ratings,$46
BLCM,$16.41,1440616229424,"120,447",50% bullish,of 4 ratings,$40
BLPH,$5.13,1440616229454,"19,327",100% bearish,of 1 rating,$12.50
BNTC,$7.99,1440616229520,"15,061",100% bullish,of 1 rating,N/A
BGMD,$0.7538,1440616229552,"42,518",100% bullish,of 10 ratings,N/A
BGCP,$8.605,1440616229833,"662,770",88% bullish,of 8 ratings,$14
BGFV,$10.6,1440616229877,"47,296",57% bullish,of 7 ratings,$12
BIND,$4.21,1440616229910,"42,620",75% bullish,of 4 ratings,$13.50
ORPN,$5.2506,1440616229938,"5,591",100% bullish,of 1 rating,$28.50
BIOC,$1.8399,1440616230008,"203,502",83% bullish,of 6 ratings,$3.85
BCDA,NULL,1440616230034,0,Not yet rated,NULL,N/A
BASI,$1.64,1440616230082,"3,202",Not yet rated,NULL,N/A
BDSI,$6.41,1440616230336,"502,791",88% bullish,of 8 ratings,$17
BCRX,$10.718,1440616230416,"295,380",63% bullish,of 8 ratings,$18
BIOL,$1.37,1440616230443,"25,622",Not yet rated,NULL,N/A
BIOD,$0.6462,1440616230485,"43,284",80% bullish,of 5 ratings,$4
BIIB,$295.8513,1440616230512,"1,147,738",88% bullish,of 16 ratings,$400
BLFS,$1.9801,1440616230655,"1,973",100% bearish,of 1 rating,$4.75
BLRX,$1.29,1440616230786,"70,698",100% bullish,of 12 ratings,$5
BMRN,$125.92,1440616230813,"405,001",80% bullish,of 5 ratings,$160
BVXVW,NULL,1440616230837,0,100% bearish,of 1 rating,N/A
BRLI,NULL,1440616230878,0,NULL,NULL,NULL
BBC,$29.57,1440616231059,"11,848",Not yet rated,NULL,N/A
BVXV,$3.57,1440616231161,"4,100",Not yet rated,NULL,N/A
BIOS,$2.195,1440616231230,"756,971",71% bullish,of 7 ratings,$4
BPTH,$1.01,1440616231255,"67,550",100% bullish,of 2 ratings,$5
BSTC,$47.78,1440616231293,"25,898",100% bearish,of 1 rating,$76
BBP,$31,1440616231391,"6,521",Not yet rated,NULL,N/A
BSPM,$0.64,1440616231421,"19,248",50% bullish,of 2 ratings,N/A
TECH,$94.48,1440616231492,"82,907",100% bullish,of 1 rating,$117
BOTA,$2.135,1440616231548,"43,689",88% bullish,of 8 ratings,N/A
BITI,$16.5,1440616231643,"36,052",100% bullish,of 1 rating,$28
BEAT,$14.1967,1440616231776,"346,796",67% bearish,of 3 ratings,$15
BDMS,NULL,1440616231796,0,100% bearish,of 1 rating,N/A
BDE,$7.19,1440616231944,"35,321",50% bullish,of 2 ratings,$9
BBOX,$15.01,1440616232048,"35,937",100% bearish,of 1 rating,N/A
BJRI,$43.9,1440616232073,"119,135",50% bullish,of 2 ratings,$55
BKCC,$9.08,1440616232129,"216,454",100% bullish,of 2 ratings,$10
BBRY,$6.775,1440616232284,"2,515,325",61% bullish,of 330 ratings,$9
HAWK,$40.24,1440616232331,"481,822",91% bullish,of 11 ratings,$49
ADRA,$26.38,1440616232379,885,100% bearish,of 1 rating,N/A
BLKB,$58.08,1440616232409,"59,522",100% bearish,of 2 ratings,$66
ADRE,$28.64,1440616232444,"15,186",100% bearish,of 1 rating,N/A
ADRU,$21.1976,1440616232542,563,100% bearish,of 1 rating,N/A
BLMN,$19.41,1440616232577,"540,252",83% bullish,of 6 ratings,$27.50
ADRD,$21.3799,1440616232669,"7,784",100% bearish,of 1 rating,N/A
BCOR,$13.38,1440616232803,"90,769",57% bullish,of 7 ratings,$15
BLBD,$12.1,1440616232996,"15,235",Not yet rated,NULL,N/A
BBLU,$0.78,1440616233127,"72,861",100% bullish,of 2 ratings,$4.43
NILE,$32.71,1440616233198,"64,975",50% bullish,of 2 ratings,$34
BNCN,$20.05,1440616233282,"57,772",Not yet rated,NULL,$24
BKEP,$5.7901,1440616233318,"33,110",100% bearish,of 1 rating,$8.50
BPMC,$26.05,1440616233426,"76,461",50% bullish,of 2 ratings,$47.50
BLUE,$128.12,1440616233451,"283,932",71% bullish,of 7 ratings,$217.50
BUFF,$26,1440616233484,"134,966",83% bullish,of 12 ratings,$31.50
BKEPP,$7.02,1440616233512,"40,877",100% bearish,of 1 rating,N/A
BHBK,$13.8275,1440616233584,"70,181",100% bullish,of 1 rating,$14.50
BOBE,$42.98,1440616233763,"64,164",75% bullish,of 4 ratings,$57
BOFI,$119.39,1440616233790,"91,343",100% bullish,of 6 ratings,$144
WIFI,$7.43,1440616233834,"141,838",50% bullish,of 2 ratings,$13.50
BOJA,$20.75,1440616233980,"91,264",100% bullish,of 1 rating,$30
BPFHP,NULL,1440616234257,0,100% bearish,of 1 rating,N/A
BAMM,$3.2,1440616234307,"1,651",60% bullish,of 5 ratings,N/A
BNSO,$1.3341,1440616234367,240,100% bearish,of 1 rating,N/A
BDBD,$8,1440616234394,"346,611",60% bullish,of 5 ratings,$10
BOKF,$58.595,1440616234439,"148,321",100% bearish,of 1 rating,$69
BPFH,$11.64,1440616234466,"209,348",100% bearish,of 1 rating,$14
BPFHW,$4.55,1440616234529,"2,003",100% bearish,of 1 rating,N/A
BONA,$11.515,1440616234558,"62,385",75% bullish,of 4 ratings,$8.50
EPAY,$24.89,1440616234714,"53,948",100% bearish,of 2 ratings,$30
BBEP,$2.5001,1440616234797,"925,627",69% bullish,of 13 ratings,$5.625
BCLI,$2.868,1440616234842,"25,631",80% bullish,of 5 ratings,$12
BBEPP,$12.8908,1440616234944,"12,231",100% bearish,of 1 rating,N/A
BLIN,NULL,1440616235082,0,50% bullish,of 2 ratings,$2.20
BBRG,$12.45,1440616235255,"49,457",67% bullish,of 3 ratings,$14.50
BSFT,$30.51,1440616235315,"128,758",57% bullish,of 7 ratings,$40.50
BDGE,$26.36,1440616235384,"7,067",Not yet rated,NULL,$31.75
BCOV,$5.16,1440616235450,"38,821",67% bullish,of 3 ratings,$10.20
BRCM,$49.39,1440616235478,"3,045,408",75% bullish,of 12 ratings,$56
BVSN,$5.7009,1440616235519,"2,501",60% bearish,of 5 ratings,N/A
BRID,NULL,1440616235544,0,100% bearish,of 1 rating,N/A
BWEN,$3.17,1440616235614,"11,030",100% bullish,of 3 ratings,$8
BYFC,$1.4071,1440616235719,"1,100",50% bullish,of 2 ratings,N/A
BRKS,$10.13,1440616235912,"44,244",67% bullish,of 3 ratings,$15.25
BRCD,$10.52,1440616236043,"4,026,457",92% bullish,of 13 ratings,$11.50
BRKL,$10.56,1440616236090,"108,100",100% bearish,of 1 rating,$10.75
BMTC,$28.511,1440616236123,"58,099",Not yet rated,NULL,$34
BLMT,$20.515,1440616236159,"1,237",Not yet rated,NULL,N/A
BLDR,$13.77,1440616236259,"565,381",50% bullish,of 2 ratings,$22
BUR,$1.78,1440616236284,"9,646",100% bearish,of 1 rating,$8
BRKR,$18.42,1440616236311,"167,197",100% bearish,of 2 ratings,$22
BSQR,$5.91,1440616236442,"18,235",67% bullish,of 3 ratings,N/A
CA,$26.27,1440616236570,"1,638,804",50% bullish,of 4 ratings,$33
CFFI,$34.23,1440616236627,200,100% bearish,of 1 rating,N/A
CHRW,$66.68,1440616236653,"807,686",Not yet rated,NULL,$72
CDNS,$19.29,1440616236679,"755,126",75% bullish,of 4 ratings,$22.50
BWLD,$192.6275,1440616236719,"173,381",82% bullish,of 11 ratings,$205
CCMP,$42.87,1440616236848,"36,012",50% bullish,of 2 ratings,$59
CACQ,$6.95,1440616237051,"11,317",100% bearish,of 1 rating,$12.25
CZR,$8.45,1440616237222,"323,689",60% bearish,of 5 ratings,$10.50
CDZI,$7.81,1440616237250,"46,152",100% bearish,of 1 rating,N/A
CLBS,$1.27,1440616237289,"74,674",79% bullish,of 14 ratings,$4
CLMS,$10.34,1440616237387,"32,642",Not yet rated,NULL,$10.50
CHI,$10.35,1440616237415,"244,615",100% bearish,of 1 rating,N/A
CSTE,$39.16,1440616237440,"636,934",100% bearish,of 1 rating,$65
CHY,$11.025,1440616237638,"208,279",Not yet rated,NULL,N/A
CGO,$11.7128,1440616237772,"24,633",100% bearish,of 1 rating,N/A
CFGE,NULL,1440616237804,0,Not yet rated,NULL,N/A
PRSS,$4.37,1440616237827,"4,870",80% bullish,of 5 ratings,$4.50
CCD,$18.8001,1440616237862,"301,950",Not yet rated,NULL,N/A
CHW,$7.37,1440616237904,"137,019",100% bearish,of 1 rating,N/A
CSQ,$9.59,1440616237968,"361,320",Not yet rated,NULL,N/A
CAMP,$15.65,1440616237995,"150,431",88% bullish,of 8 ratings,$25
CVGW,$58.13,1440616238190,"134,423",50% bullish,of 2 ratings,$58.50
CFNB,NULL,1440616238275,0,100% bearish,of 1 rating,N/A
CALA,$4.71,1440616238346,"271,067",100% bullish,of 3 ratings,$19.50
CALM,$47.99,1440616238610,"492,515",80% bullish,of 5 ratings,$65
CLMT,$24.475,1440616238636,"177,653",75% bullish,of 8 ratings,$31
CAMBW,NULL,1440616238767,0,Not yet rated,NULL,N/A
CAMT,$2.61,1440616238798,"25,282",73% bullish,of 11 ratings,$4
CALD,$15.355,1440616238825,"189,949",100% bearish,of 1 rating,$20.50
ABCD,$4.965,1440616238850,"52,999",83% bullish,of 6 ratings,N/A
CAMB,$10.05,1440616238884,200,Not yet rated,NULL,N/A
CAMBU,NULL,1440616238931,0,100% bearish,of 1 rating,N/A
CAC,$39.51,1440616238986,"3,424",Not yet rated,NULL,N/A
CGIX,$9.8,1440616239163,"35,479",67% bullish,of 3 ratings,$14.375
CPHC,$10.23,1440616239306,100,100% bearish,of 1 rating,N/A
CSIQ,$16.9699,1440616239353,"1,889,886",86% bullish,of 28 ratings,$42.50
CPLA,$47.6,1440616239441,"45,970",67% bearish,of 3 ratings,$65
CBNJ,$10.97,1440616239469,"27,661",100% bullish,of 1 rating,N/A
CPLP,$6.43,1440616239547,"361,098",71% bullish,of 7 ratings,$11
CCBG,$14.88,1440616239600,"6,080",Not yet rated,NULL,$17.25
CSWC,$44.88,1440616239678,"10,436",Not yet rated,NULL,N/A
CBF,$28.57,1440616239705,"93,986",Not yet rated,NULL,$32
CFFN,$11.83,1440616239835,"397,298",Not yet rated,NULL,$12.75
CPTA,$13.74,1440616239866,"55,471",100% bearish,of 1 rating,$18.50
CAPR,$4.18,1440616239897,"22,324",Not yet rated,NULL,$12
CAPN,$1.66,1440616239923,"61,991",100% bullish,of 1 rating,$10.85
CAPNW,$0.4999,1440616239967,"9,600",Not yet rated,NULL,N/A
CPST,$0.357,1440616240100,"449,005",95% bullish,of 22 ratings,$1.25
CARA,$18.1,1440616240127,"315,496",50% bullish,of 4 ratings,$25
CARB,$11.13,1440616240407,"73,171",75% bullish,of 4 ratings,$12
CBYL,$5.25,1440616240507,"5,411",100% bearish,of 1 rating,$20
CSII,$22.99,1440616240534,"84,760",100% bearish,of 2 ratings,$42.125
CRDC,$0.34,1440616240563,"150,582",100% bullish,of 1 rating,$1.25
CFNL,$21.67,1440616240614,"37,829",Not yet rated,NULL,$24
CATM,$33.95,1440616240663,"69,879",100% bearish,of 1 rating,$44
CRME,$8.71,1440616240795,"9,012",89% bullish,of 9 ratings,$11.25
CDNA,$6.5,1440616240941,"6,200",100% bearish,of 1 rating,$9
CKEC,$22.29,1440616241067,"82,738",50% bullish,of 2 ratings,$35.915
CECO,$3.45,1440616241133,"142,436",67% bearish,of 3 ratings,$6
CLBH,$12.52,1440616241158,"2,699",Not yet rated,NULL,$16.50
CARO,$15.061,1440616241187,250,100% bearish,of 1 rating,$19
CART,$5.35,1440616241232,210,100% bearish,of 1 rating,N/A
CTRE,$11.3,1440616241292,"123,790",50% bullish,of 2 ratings,$13.50
TAST,$12.05,1440616241634,"111,366",Not yet rated,NULL,$14.25
CRTN,$2.51,1440616241661,500,100% bearish,of 1 rating,N/A
CRZO,$28.439,1440616241705,"453,354",67% bearish,of 3 ratings,$55.50
CARV,$7.18,1440616241734,"17,550",50% bullish,of 2 ratings,N/A
CASM,$1.14,1440616241755,"6,700",100% bullish,of 1 rating,$3.50
CSCD,$14.9,1440616242020,"42,616",100% bullish,of 2 ratings,$17
CASS,$48.32,1440616242075,"10,096",100% bearish,of 1 rating,N/A
CACB,$5.3,1440616242154,"28,231",Not yet rated,NULL,$5.50
CASI,$1.458,1440616242189,"1,590",100% bullish,of 1 rating,$3.50
CASY,$104.14,1440616242210,"100,194",50% bullish,of 2 ratings,$99.50
CWST,$5.98,1440616242231,"34,179",50% bullish,of 2 ratings,$7.25
CATB,$10.85,1440616242265,"17,371",100% bearish,of 1 rating,$28
CPRX,$3.44,1440616242439,"345,186",71% bullish,of 7 ratings,$7
CVCO,$71.07,1440616242654,"14,292",100% bearish,of 1 rating,N/A
CATYW,NULL,1440616242702,0,100% bearish,of 1 rating,N/A
CATY,$28.645,1440616242736,"250,140",100% bearish,of 1 rating,$33.50
CNLM,NULL,1440616242834,0,Not yet rated,NULL,N/A
CNLMU,NULL,1440616242862,0,100% bullish,of 1 rating,N/A
CBFV,$20.5,1440616242966,"6,175",Not yet rated,NULL,$25
CAVM,$66.93,1440616243121,"330,929",67% bearish,of 3 ratings,$72
CNLMW,NULL,1440616243201,0,Not yet rated,NULL,N/A
CNLMR,NULL,1440616243239,0,Not yet rated,NULL,N/A
CDW,$38.79,1440616243268,"567,775",75% bullish,of 4 ratings,$44
CBOE,$62.3775,1440616243293,"273,468",Not yet rated,NULL,$60
CDK,$47.39,1440616243328,"544,834",67% bearish,of 3 ratings,$50
CPXX,$2.01,1440616243357,"104,515",100% bullish,of 2 ratings,$7
CECE,$9.29,1440616243528,"42,760",50% bullish,of 2 ratings,$16
CELG,$117.87,1440616243606,"2,445,757",92% bullish,of 13 ratings,$155.50
CELGZ,$1.6884,1440616243895,"22,300",80% bullish,of 5 ratings,N/A
CLDN,$1.03,1440616243974,"64,549",71% bullish,of 7 ratings,$3
CBMG,$22.338,1440616244004,"42,317",50% bullish,of 2 ratings,N/A
CLRBW,$0.935,1440616244029,700,Not yet rated,NULL,N/A
CLTX,$2.3901,1440616244059,"207,457",100% bullish,of 2 ratings,N/A
CLDX,$13.83,1440616244080,"714,600",89% bullish,of 9 ratings,$36
CLRB,$3.11,1440616244131,803,100% bearish,of 1 rating,N/A
CLSN,$1.9,1440616244332,"83,372",80% bullish,of 10 ratings,$7.50
CEMP,$33.95,1440616244380,"314,193",71% bullish,of 7 ratings,$52
CLLS,$30.07,1440616244409,"100,108",75% bullish,of 4 ratings,$51.50
CETX,$2.28,1440616244438,"5,600",Not yet rated,NULL,$5.60
CYAD,$50.5737,1440616244465,"1,700",100% bullish,of 1 rating,$87.50
CSFL,$13.81,1440616244731,"49,490",Not yet rated,NULL,$15
CETV,$1.99,1440616244798,"49,835",67% bullish,of 3 ratings,$2.80
CVCY,$11.22,1440616244874,"1,400",Not yet rated,NULL,$12
CENTA,$12.495,1440616244900,"114,565",Not yet rated,NULL,N/A
CENX,$4.3332,1440616244926,"1,280,498",67% bullish,of 6 ratings,$9
CNBKA,$41.99,1440616245056,882,50% bullish,of 2 ratings,N/A
CERN,$61.265,1440616245269,"1,206,302",67% bullish,of 3 ratings,$79
CRNT,$1.34,1440616245294,"23,146",50% bullish,of 2 ratings,$2
CENT,$11.88,1440616245324,"31,623",Not yet rated,NULL,$10
CFBK,$1.37,1440616245370,"3,100",Not yet rated,NULL,N/A
CERE,$1.16,1440616245397,"197,964",88% bullish,of 8 ratings,N/A
CPHD,$48.3525,1440616245428,"270,443",67% bearish,of 3 ratings,$66.50
CNTY,$5.79,1440616245527,"10,722",80% bullish,of 5 ratings,$7.75
CERU,$3.45,1440616245554,"23,741",75% bullish,of 4 ratings,$15
CERS,$4.75,1440616245610,"215,994",75% bullish,of 4 ratings,$7
KOOL,$0.6354,1440616245835,"38,021",100% bullish,of 5 ratings,$7
CYOU,$19.35,1440616246088,"97,764",50% bullish,of 6 ratings,$24
CTHR,$1.27,1440616246114,"2,152",50% bullish,of 2 ratings,$2.50
HOTR,$1.46,1440616246136,"79,183",100% bullish,of 2 ratings,$5
CEVA,$18.02,1440616246166,"27,229",100% bearish,of 1 rating,$25
HOTRW,NULL,1440616246189,0,Not yet rated,NULL,N/A
CHFN,$12.41,1440616246326,"5,998",Not yet rated,NULL,$14
GTLS,$21.86,1440616246351,"90,694",50% bullish,of 4 ratings,$40
CHEK,$1.91,1440616246507,"44,333",Not yet rated,NULL,$7.75
CHFC,$30.94,1440616246545,"17,382",100% bearish,of 1 rating,$36
CHKP,$79.4683,1440616246640,"745,944",50% bullish,of 4 ratings,$92
CEMI,$3.65,1440616246668,"65,712",50% bullish,of 2 ratings,$7.50
CHEKW,NULL,1440616246703,0,Not yet rated,NULL,N/A
CHTR,$176.86,1440616246724,"486,631",100% bearish,of 2 ratings,$196
CHMG,$26.6,1440616246800,"1,200",Not yet rated,NULL,$30
CCXI,$6.735,1440616246928,"30,968",67% bullish,of 3 ratings,$14
CHKE,$26.048,1440616247058,"19,286",100% bearish,of 1 rating,$32.50
CBNK,$16.11,1440616247154,"11,467",100% bearish,of 1 rating,N/A
CHEV,$14.34,1440616247184,"1,146",Not yet rated,NULL,N/A
CMRX,$49.24,1440616247320,"159,709",50% bullish,of 2 ratings,$57
CHMA,$23.42,1440616247348,"32,724",Not yet rated,NULL,$40
CADC,NULL,1440616247427,0,78% bullish,of 9 ratings,N/A
CBAK,$1.77,1440616247562,"34,014",67% bullish,of 9 ratings,N/A
CCCL,$0.7647,1440616247595,"32,300",100% bullish,of 6 ratings,N/A
CALI,$0.8601,1440616247624,"4,223",67% bullish,of 3 ratings,N/A
PLCE,$57.91,1440616247670,"301,356",100% bearish,of 1 rating,$71
CBPO,$95.19,1440616247725,"104,530",75% bullish,of 8 ratings,$140.50
CAAS,$5.82,1440616247816,"21,178",93% bullish,of 14 ratings,$11.50
CCCR,$0.86,1440616247952,"16,011",67% bearish,of 3 ratings,N/A
JRJC,$3.04,1440616247992,"109,633",82% bullish,of 11 ratings,N/A
CHOP,$1.28,1440616248017,"15,680",50% bullish,of 2 ratings,N/A
HGSH,$1.72,1440616248099,"3,500",67% bullish,of 3 ratings,N/A
CNIT,$1.38,1440616248256,"45,540",67% bullish,of 6 ratings,N/A
CHLN,$2.08,1440616248282,"6,131",67% bullish,of 3 ratings,N/A
HTHT,$24.215,1440616248476,"79,075",50% bullish,of 2 ratings,$28.40
CSUN,$1.34,1440616248501,"15,225",80% bullish,of 5 ratings,N/A
CHNR,$1.6701,1440616248529,"2,382",100% bearish,of 1 rating,N/A
CREG,$0.66,1440616248554,"8,330",100% bullish,of 3 ratings,N/A
CXDC,$5.74,1440616248734,"38,037",67% bearish,of 3 ratings,N/A
CNTF,$0.7601,1440616248766,"32,506",Not yet rated,NULL,N/A
CJJD,$1.69,1440616248787,"27,710",100% bullish,of 1 rating,N/A
CPGI,$6.88,1440616248822,400,Not yet rated,NULL,N/A
CNYD,$3.013,1440616248932,"2,616",67% bullish,of 3 ratings,N/A
CCIH,$6.21,1440616249122,"205,821",67% bullish,of 6 ratings,$12.65
CHSCL,$26.9,1440616249255,"19,805",Not yet rated,NULL,N/A
IMOS,$16.53,1440616249281,"144,751",60% bullish,of 5 ratings,$21.50
CNET,$0.7803,1440616249338,"21,013",50% bullish,of 2 ratings,N/A
CHSCM,$25.85,1440616249366,"13,175",Not yet rated,NULL,N/A
CHSCO,$28.0503,1440616249419,"12,320",Not yet rated,NULL,N/A
CHSCN,$26.5601,1440616249495,"4,367",Not yet rated,NULL,N/A
CHUY,$30.93,1440616249726,"81,955",50% bullish,of 2 ratings,$34
CHDN,$132.35,1440616249822,"13,941",Not yet rated,NULL,$165
CIFC,$7,1440616249849,"1,702",100% bearish,of 1 rating,N/A
CMCT,$15,1440616249874,620,100% bearish,of 1 rating,N/A
CHSCP,$30.6499,1440616249904,"3,133",Not yet rated,NULL,N/A
CDTX,$14.14,1440616249985,"8,104",Not yet rated,NULL,$22
CMPR,$67.76,1440616250200,"150,357",50% bullish,of 2 ratings,$72.50
CPHR,$5.35,1440616250226,"10,199",100% bearish,of 1 rating,$17
CINF,$51.95,1440616250251,"290,661",50% bullish,of 4 ratings,$50.50
CIDM,$0.5762,1440616250287,"91,233",50% bullish,of 2 ratings,$2.10
CTAS,$83.52,1440616250478,"224,124",100% bearish,of 1 rating,$91
CRUS,$28.2,1440616250507,"427,837",75% bullish,of 12 ratings,$44.50
CSCO,$25.22,1440616250539,"21,143,191",84% bullish,of 208 ratings,$32
CTRN,$26.735,1440616250672,"64,347",100% bearish,of 1 rating,$31.50
CZNC,$19.51,1440616250701,"7,074",Not yet rated,NULL,N/A
CZWI,$8.99,1440616250729,600,Not yet rated,NULL,N/A
CZFC,NULL,1440616250804,0,Not yet rated,NULL,N/A
CIZN,$19.33,1440616251030,902,Not yet rated,NULL,N/A
CIVB,$10.05,1440616251063,"3,400",Not yet rated,NULL,$11
CTXS,$67.9114,1440616251087,"672,787",86% bullish,of 7 ratings,$80
CIVBP,NULL,1440616251117,0,Not yet rated,NULL,N/A
CHCO,$46.8,1440616251167,"15,199",Not yet rated,NULL,$46
CDTI,$1.5,1440616251254,"31,470",75% bullish,of 4 ratings,$3.20
CLNE,$4.31,1440616251326,"560,499",80% bullish,of 15 ratings,$9
CLNT,$1.37,1440616251456,"7,062",75% bullish,of 8 ratings,N/A
CLRO,$11.465,1440616251587,"37,092",50% bullish,of 2 ratings,$14.25
CSBK,$13.75,1440616251657,"41,419",Not yet rated,NULL,N/A
CMFN,$10.7499,1440616251894,"21,441",100% bearish,of 1 rating,$15.50
CLFD,$16.93,1440616251928,"25,094",67% bullish,of 3 ratings,$18
CLVS,$70.0299,1440616251956,"465,845",60% bullish,of 5 ratings,$101.50
CME,$90.745,1440616251985,"578,611",67% bullish,of 3 ratings,$102
CBLI,$3.63,1440616252010,"34,581",60% bullish,of 5 ratings,N/A
CLIR,$4.54,1440616252038,"39,352",100% bullish,of 3 ratings,N/A
CCNE,$16.776,1440616252087,"3,136",50% bullish,of 2 ratings,$21.50
CISG,$7.505,1440616252285,"59,697",100% bullish,of 5 ratings,$10
CWAY,$11.21,1440616252347,"2,278",Not yet rated,NULL,N/A
COBZ,$12.74,1440616252494,"23,020",100% bullish,of 1 rating,$14
COKE,$161.104,1440616252524,"10,275",79% bullish,of 19 ratings,N/A
CNV,$4.26,1440616252627,"31,360",50% bullish,of 2 ratings,$7.15
CDRB,$12.55,1440616252701,"11,284",67% bullish,of 3 ratings,N/A
CCOI,$27.2,1440616252762,"232,862",50% bullish,of 4 ratings,$35
CVLY,$20.25,1440616252787,900,Not yet rated,NULL,N/A
CGNT,$1.4784,1440616252832,"23,335",100% bullish,of 2 ratings,$2
CDXS,$3.42,1440616252858,"25,955",64% bullish,of 11 ratings,$6
JVA,$4.3601,1440616252926,"6,058",83% bullish,of 6 ratings,$7
CHRS,$27.5,1440616253146,"126,085",67% bearish,of 3 ratings,$37
CGNX,$33.585,1440616253182,"519,053",50% bullish,of 2 ratings,$47
CTSH,$61.8699,1440616253275,"2,026,805",90% bullish,of 10 ratings,$75
COHU,$9.17,1440616253303,"94,570",100% bearish,of 1 rating,$14.25
COHR,$55.69,1440616253348,"63,619",50% bullish,of 2 ratings,$72
CLRX,$0.5399,1440616253432,"30,117",50% bullish,of 2 ratings,N/A
CLCT,$18.301,1440616253457,"4,544",100% bearish,of 1 rating,N/A
CIGI,$42.04,1440616253614,"8,554",100% bearish,of 1 rating,$52
CBAN,NULL,1440616253639,0,Not yet rated,NULL,N/A
COLL,$14.61,1440616253666,"29,912",100% bearish,of 1 rating,$26
CBMX,$1.07,1440616253878,"23,627",83% bullish,of 6 ratings,$3.15
CLCD,$6.27,1440616254085,"66,625",100% bearish,of 1 rating,$20.50
CMCO,$17.96,1440616254122,"43,382",60% bullish,of 5 ratings,$28
COLM,$60.475,1440616254161,"50,495",100% bearish,of 1 rating,$71
CMCSA,$55.28,1440616254194,"5,435,243",66% bullish,of 35 ratings,$69.50
COLB,$29.47,1440616254220,"38,194",Not yet rated,NULL,$36
CMCSK,$55.59,1440616254295,"1,837,098",Not yet rated,NULL,$84
CBSH,$43.46,1440616254320,"138,441",50% bullish,of 2 ratings,$46
CBSHP,$25.32,1440616254520,"1,553",100% bearish,of 1 rating,N/A
CSAL,$20.3,1440616254613,"278,428",75% bullish,of 4 ratings,$30
COMM,$29.31,1440616254671,"447,103",67% bearish,of 3 ratings,$35
JCS,$8.7,1440616254778,"1,654",67% bullish,of 3 ratings,N/A
CUBN,$13.5,1440616254809,"3,271",Not yet rated,NULL,N/A
CVGI,$4.75,1440616254857,"79,709",50% bullish,of 2 ratings,$6
ESXB,$5.06,1440616254990,"2,604",Not yet rated,NULL,N/A
CYHHZ,$0.01,1440616255241,"73,198",100% bullish,of 1 rating,N/A
COB,$10.245,1440616255272,"2,536",100% bullish,of 1 rating,$11.75
CVLT,$34.8999,1440616255299,"277,565",75% bullish,of 4 ratings,$44.50
CID,$33.02,1440616255375,700,Not yet rated,NULL,N/A
CTBI,$34.56,1440616255433,"10,401",Not yet rated,NULL,$36
CIZ,$32.7588,1440616255500,586,100% bearish,of 1 rating,N/A
CIL,$32.83,1440616255567,400,Not yet rated,NULL,N/A
CWBC,$6.743,1440616255602,"1,202",Not yet rated,NULL,N/A
CSF,$35.62,1440616255703,"1,345",100% bearish,of 1 rating,N/A
CFO,$34.5031,1440616255724,"8,991",100% bearish,of 1 rating,N/A
CDC,$33.66,1440616255806,"14,885",Not yet rated,NULL,N/A
CSA,$31.8999,1440616255855,150,Not yet rated,NULL,N/A
CFA,$34.5419,1440616255984,"4,857",100% bearish,of 1 rating,N/A
CDL,NULL,1440616256074,0,Not yet rated,NULL,N/A
CSB,$32.44,1440616256203,1,Not yet rated,NULL,N/A
CPSI,$44.76,1440616256458,"40,466",100% bearish,of 1 rating,$45.50
CMTL,$25.4,1440616256524,"33,013",100% bearish,of 2 ratings,$37
CTG,$6.322,1440616256552,"24,972",100% bearish,of 1 rating,$8.50
SCOR,$53.02,1440616256574,"191,253",100% bearish,of 1 rating,$66
CNCE,$15.54,1440616256606,"62,195",75% bullish,of 4 ratings,$22
CNSI,$18.505,1440616256635,"162,137",100% bearish,of 2 ratings,$29
CGEN,$4.84,1440616256706,"69,080",50% bullish,of 2 ratings,$11
CHCI,$0.7101,1440616256804,"41,347",50% bullish,of 2 ratings,N/A
CCUR,$4.66,1440616257011,"43,556",75% bullish,of 4 ratings,N/A
CNAT,$3.519,1440616257036,"67,108",83% bullish,of 6 ratings,$13
CDOR,$1.315,1440616257068,525,100% bullish,of 1 rating,N/A
CDORO,NULL,1440616257169,0,100% bearish,of 1 rating,N/A
CXRX,$69.9,1440616257235,"2,045",100% bearish,of 1 rating,$90
CDORP,$6.37,1440616257305,"1,210",100% bearish,of 1 rating,N/A
CFMS,$19.293,1440616257522,"158,078",Not yet rated,NULL,$27
CNFR,$10.46,1440616257555,"14,586",Not yet rated,NULL,N/A
CTWS,$34.26,1440616257666,"5,657",100% bearish,of 1 rating,$44
CNXR,$6.42,1440616257694,"18,282",100% bearish,of 1 rating,$12
CNMD,$52.84,1440616257719,"45,084",Not yet rated,NULL,$59
CONN,$30.11,1440616257744,"378,986",67% bullish,of 3 ratings,$48.50
CNOB,$18.97,1440616257890,"17,446",100% bullish,of 1 rating,$23.50
CTCT,$24.05,1440616257921,"125,144",67% bullish,of 3 ratings,$37
CNSL,$19.36,1440616257946,"99,971",100% bearish,of 1 rating,$23
CPSS,$5.74,1440616258148,"26,579",100% bullish,of 1 rating,$10
CFRX,$4.99,1440616258195,"28,228",Not yet rated,NULL,$14
CFRXW,$1.89,1440616258226,800,100% bearish,of 1 rating,N/A
CWCO,$10.18,1440616258450,"35,746",67% bullish,of 3 ratings,$14.50
CTRV,$3.8,1440616258614,"8,900",Not yet rated,NULL,$6.40
CTRL,$7.81,1440616258643,"79,457",50% bullish,of 2 ratings,$11
CPRT,$33.92,1440616258747,"104,795",67% bearish,of 3 ratings,$40
CFRXZ,NULL,1440616258774,0,Not yet rated,NULL,N/A
BVA,$3.85,1440616258798,200,50% bullish,of 2 ratings,N/A
CORT,$4.85,1440616258904,"332,518",67% bullish,of 3 ratings,$12
CRVL,$30.4,1440616259039,"13,567",100% bearish,of 1 rating,N/A
CORI,$10.29,1440616259090,"35,712",100% bearish,of 1 rating,$18
CRBP,$1.832,1440616259193,"201,893",100% bullish,of 2 ratings,$6.25
CORE,$59.64,1440616259223,"65,286",100% bearish,of 1 rating,$72
COSI,$1.05,1440616259324,"179,972",100% bullish,of 1 rating,N/A
CSGP,$173.6,1440616259354,"87,364",50% bullish,of 2 ratings,$235
CSOD,$35.45,1440616259382,"243,546",50% bullish,of 2 ratings,$42
CPAH,NULL,1440616259485,0,50% bullish,of 2 ratings,N/A
COST,$137.5,1440616259623,"1,031,435",79% bullish,of 24 ratings,$154.50
ICBK,$18.55,1440616259671,300,Not yet rated,NULL,$21
CVTI,$22.05,1440616259887,"106,971",67% bearish,of 3 ratings,$39
CPSH,$2.17,1440616259938,"16,080",Not yet rated,NULL,N/A
CRAI,$21.62,1440616259987,"11,989",100% bearish,of 1 rating,$36
COWN,$4.995,1440616260007,"846,787",75% bullish,of 4 ratings,$7
COWNL,$27,1440616260043,"8,795",Not yet rated,NULL,N/A
CBRL,$143.47,1440616260144,"130,668",50% bullish,of 2 ratings,$155
COVS,$2.53,1440616260169,"52,723",67% bullish,of 3 ratings,N/A
CACC,$197.32,1440616260440,"69,286",50% bullish,of 2 ratings,$158.50
BREW,$7.3601,1440616260472,"46,124",67% bullish,of 6 ratings,$15
CRAY,$19.87,1440616260526,"152,775",83% bullish,of 6 ratings,$38.50
GLDI,$10.9911,1440616260570,"16,352",100% bearish,of 1 rating,N/A
CREE,$25.5701,1440616260714,"657,205",65% bullish,of 17 ratings,$29.50
SLVO,$9.72,1440616260761,"65,464",100% bearish,of 1 rating,N/A
CROX,$13.88,1440616260942,"679,306",63% bullish,of 8 ratings,$16.50
CRESY,$9.74,1440616260984,"86,183",100% bearish,of 1 rating,$19
CCRN,$13.74,1440616261011,"59,821",100% bearish,of 1 rating,$14.25
CRTO,$41.95,1440616261075,"181,067",67% bullish,of 6 ratings,$64
CRDS,$1.01,1440616261207,"18,936",50% bullish,of 4 ratings,$4.50
CRWN,$4.48,1440616261232,"42,325",75% bullish,of 4 ratings,N/A
CRWS,$7.9489,1440616261288,"5,300",Not yet rated,NULL,$10
CSGS,$30.04,1440616261485,"63,263",Not yet rated,NULL,$40
CYRX,$2.7501,1440616261543,"14,693",Not yet rated,NULL,$9
CCLP,$13.11,1440616261616,"38,580",67% bearish,of 3 ratings,$20
CSPI,$5.88,1440616261748,"1,050",67% bullish,of 3 ratings,N/A
CTCM,$1.7,1440616261780,"96,538",80% bearish,of 5 ratings,$3.90
CYRXW,$0.811,1440616261801,"19,200",Not yet rated,NULL,N/A
CTIB,$3.556,1440616261880,400,100% bearish,of 1 rating,N/A
CTRP,$63.84,1440616262011,"911,563",75% bullish,of 8 ratings,$92
CUNB,$20.9,1440616262040,"7,198",Not yet rated,NULL,$24.50
CTIC,$1.505,1440616262070,"1,130,489",84% bullish,of 76 ratings,$5.75
CPIX,$6.08,1440616262173,"64,300",Not yet rated,NULL,N/A
CMLS,$1.385,1440616262309,"415,271",50% bullish,of 4 ratings,$6
CUI,$5.0401,1440616262443,"14,252",50% bullish,of 2 ratings,$10
CRIS,$2.38,1440616262475,"297,401",100% bullish,of 8 ratings,$6
CUTR,$14.22,1440616262497,"32,261",67% bearish,of 3 ratings,$18
CVBF,$15.72,1440616262525,"148,528",Not yet rated,NULL,$18
CVV,$10.6,1440616262575,"11,518",100% bullish,of 5 ratings,N/A
CYAN,$7.273,1440616262707,920,100% bearish,of 1 rating,N/A
CBAY,$2.561,1440616262891,"52,672",100% bullish,of 1 rating,$4
CYBR,$49.19,1440616262923,"795,943",71% bullish,of 7 ratings,$66
CYBX,$67.34,1440616262955,"195,487",50% bullish,of 4 ratings,$71.50
CYBE,$5.86,1440616263056,"3,535",100% bearish,of 1 rating,N/A
CYCCP,$5.5,1440616263081,300,100% bearish,of 1 rating,N/A
CYNA,$16.19,1440616263107,"30,542",100% bullish,of 1 rating,$31.50
CYCC,$0.51,1440616263244,"145,217",73% bullish,of 11 ratings,N/A
CYRN,$1.6515,1440616263371,"29,950",67% bullish,of 3 ratings,$4
CYTK,$6.69,1440616263445,"104,019",71% bullish,of 14 ratings,$13.50
CYNO,$32.38,1440616263471,"42,221",67% bearish,of 3 ratings,$45.50
CONE,$31.26,1440616263496,"144,106",67% bearish,of 3 ratings,$35
CY,$9.251,1440616263523,"2,982,357",80% bullish,of 10 ratings,$15.50
CYTX,$0.3253,1440616263805,"1,156,131",83% bullish,of 12 ratings,$5.50
TVIZ,$18.42,1440616263838,"7,920",100% bearish,of 1 rating,N/A
ZIV,$41.06,1440616263933,"81,997",Not yet rated,NULL,N/A
CYTR,$2.145,1440616263957,"379,815",67% bullish,of 6 ratings,$10
CTSO,$6.34,1440616263982,"46,475",Not yet rated,NULL,$15.625
DAEG,$0.35,1440616264009,"8,296",100% bearish,of 1 rating,N/A
TVIX,$12.543,1440616264038,"20,699,644",81% bullish,of 16 ratings,N/A
XIV,$28.005,1440616264145,"22,283,229",75% bearish,of 4 ratings,N/A
DJCO,$193.18,1440616264211,501,Not yet rated,NULL,N/A
PLAY,$33.25,1440616264876,"163,931",100% bullish,of 5 ratings,$42
DWCH,$4.8,1440616264901,"15,004",75% bullish,of 4 ratings,$8.25
DTEA,$12.94,1440616264927,"51,237",100% bearish,of 2 ratings,$24
DARA,$0.8503,1440616264948,"83,283",83% bullish,of 6 ratings,$1.50
DWSN,$4.27,1440616264979,"20,951",67% bullish,of 3 ratings,N/A
DAKT,$8.31,1440616265000,"352,326",50% bullish,of 2 ratings,$14
DTLK,$5.4701,1440616265021,"60,099",100% bearish,of 1 rating,$9
DAIO,$2.57,1440616265153,"5,600",Not yet rated,NULL,N/A
DRAM,$1.13,1440616265228,"31,350",78% bullish,of 9 ratings,N/A
DBVT,$38.03,1440616265314,"32,107",100% bearish,of 1 rating,$53
TRAK,$62.85,1440616265417,"381,241",50% bullish,of 2 ratings,$62.50
DHRM,$1.424,1440616265448,"4,087",Not yet rated,NULL,N/A
TACO,$12.665,1440616265477,"145,011",75% bullish,of 4 ratings,$20
DFRG,$14.175,1440616265551,"120,810",100% bearish,of 1 rating,$20
TACOW,$3.9,1440616265610,"23,800",100% bullish,of 1 rating,N/A
DCTH,$0.3727,1440616265765,"439,479",78% bullish,of 9 ratings,N/A
DELTW,NULL,1440616265977,0,Not yet rated,NULL,N/A
DGAS,$20.49,1440616266007,"16,347",67% bearish,of 3 ratings,N/A
DELT,$2.65,1440616266031,400,Not yet rated,NULL,N/A
DENN,$11.38,1440616266138,"153,050",100% bullish,of 3 ratings,$15
DSCI,$5.68,1440616266306,"23,803",50% bullish,of 2 ratings,$16
XRAY,$52.31,1440616266340,"273,797",100% bullish,of 1 rating,$58
DEPO,$28.01,1440616266361,"252,913",60% bullish,of 5 ratings,$29
DEST,$11.38,1440616266395,"52,851",50% bullish,of 2 ratings,N/A
DXLG,$4.507,1440616266432,"156,971",100% bearish,of 1 rating,$8
DSWL,$1.6901,1440616266497,"58,992",100% bullish,of 1 rating,N/A
DERM,$24.97,1440616266528,"59,100",100% bearish,of 1 rating,$33.50
DXCM,$91.8627,1440616266623,"341,432",57% bullish,of 7 ratings,$98
DHXM,NULL,1440616266776,0,Not yet rated,NULL,N/A
DXM,$0.3096,1440616266820,"67,396",50% bullish,of 2 ratings,N/A
FANG,$60.71,1440616267025,"365,356",50% bullish,of 2 ratings,$86.50
DCIX,$1.5802,1440616267110,"53,533",50% bullish,of 4 ratings,$3.50
DMND,$27.91,1440616267139,"168,949",75% bullish,of 12 ratings,$32
DHIL,$189.98,1440616267160,"1,752",Not yet rated,NULL,N/A
DGII,$9.54,1440616267291,"13,982",100% bearish,of 1 rating,$10
DRNA,$10.3,1440616267322,"36,960",67% bearish,of 3 ratings,$25
DGLY,$7.965,1440616267345,"374,461",50% bullish,of 6 ratings,$20
DRAD,$3.6749,1440616267421,"6,070",100% bullish,of 1 rating,$5.25
APPS,$2.29,1440616267554,"85,375",100% bearish,of 1 rating,$10.25
DMRC,$34.0325,1440616267686,"98,170",100% bearish,of 1 rating,$44
DIOD,$19.43,1440616267762,"73,677",75% bearish,of 4 ratings,$24
DISCA,$26.38,1440616267828,"1,333,480",67% bullish,of 3 ratings,$34
DCOM,$16.59,1440616267878,"58,147",100% bearish,of 2 ratings,$16.50
DPRX,$12.24,1440616267899,"3,902",100% bullish,of 2 ratings,$27.75
DISCK,$25.07,1440616268030,"1,137,508",100% bearish,of 1 rating,$32
DSCO,$0.36,1440616268056,"190,028",83% bullish,of 6 ratings,$2.75
DISCB,$25.45,1440616268127,12,100% bearish,of 1 rating,$35
DVCR,$10.6,1440616268262,100,100% bullish,of 1 rating,N/A
BAGR,$2.7,1440616268343,"43,928",100% bearish,of 1 rating,$6
DISH,$58.38,1440616268444,"605,501",69% bullish,of 13 ratings,$73
DLTR,$76.86,1440616268504,"941,996",82% bullish,of 11 ratings,$88
DNBF,$26.15,1440616268575,"2,394",Not yet rated,NULL,$27.50
DLHC,$2.3841,1440616268779,"5,321",100% bearish,of 1 rating,N/A
DGICB,NULL,1440616268829,0,100% bearish,of 1 rating,N/A
DGICA,$14.14,1440616268857,"5,115",100% bearish,of 1 rating,$17
DRWI,$0.2286,1440616268936,"71,200",60% bullish,of 5 ratings,$.45
DORM,$50.26,1440616268991,"126,279",100% bearish,of 1 rating,$56
DMLP,$13.6832,1440616269016,"21,064",100% bearish,of 1 rating,N/A
DRYS,$0.3491,1440616269218,"1,585,221",77% bullish,of 31 ratings,$.60
DRWIW,$0.046,1440616269245,"1,400",Not yet rated,NULL,N/A
DWA,$19.65,1440616269272,"490,035",63% bullish,of 8 ratings,$26
HILL,$9.68,1440616269302,"1,814,119",60% bearish,of 5 ratings,$9.75
DSPG,$8.4699,1440616269327,"18,925",100% bearish,of 1 rating,$13.50
CADTU,NULL,1440616269640,0,Not yet rated,NULL,N/A
DSKX,$3.0899,1440616269672,"120,489",100% bullish,of 1 rating,N/A
CADTW,NULL,1440616269712,0,Not yet rated,NULL,N/A
CADT,NULL,1440616269768,0,Not yet rated,NULL,N/A
DTSI,$26.425,1440616269800,"32,092",100% bearish,of 2 ratings,$39.50
DNKN,$50.765,1440616269934,"486,038",67% bullish,of 15 ratings,$56.50
DRRX,$1.92,1440616269982,"777,173",50% bullish,of 6 ratings,$3
CADTR,NULL,1440616270011,0,Not yet rated,NULL,N/A
DYAX,$22.87,1440616270087,"337,034",89% bullish,of 9 ratings,$30
DXPE,$26.67,1440616270222,"86,748",50% bullish,of 2 ratings,N/A
DYNT,$2.98,1440616270259,"3,448",75% bullish,of 4 ratings,N/A
DYSL,$1.4001,1440616270289,"138,106",100% bullish,of 2 ratings,N/A
BOOM,$9.005,1440616270352,"57,774",67% bullish,of 3 ratings,$12
DVAX,$26.5,1440616270379,"102,610",70% bullish,of 10 ratings,$40
ETFC,$24.87,1440616270517,"1,620,077",57% bullish,of 14 ratings,$33
EBMT,$11.14,1440616270737,"2,045",Not yet rated,NULL,$13.50
EGLE,$6.34,1440616270763,"6,350",60% bullish,of 5 ratings,N/A
EGBN,$41.33,1440616270897,"68,139",Not yet rated,NULL,$48
EACQU,$10.19,1440616270922,"4,100",Not yet rated,NULL,N/A
ELNK,$8.2,1440616271084,"371,950",60% bullish,of 5 ratings,$9.50
EWBC,$38.2,1440616271220,"1,310,393",100% bearish,of 1 rating,$50
EML,$16.89,1440616271275,"3,857",Not yet rated,NULL,N/A
EROC,$1.26,1440616271330,"261,527",50% bullish,of 2 ratings,$3
EVBS,$6.4735,1440616271414,"3,618",Not yet rated,NULL,$7
ELON,$0.58,1440616271447,"70,661",50% bullish,of 2 ratings,N/A
EGRX,$78.6,1440616271470,"274,981",67% bullish,of 3 ratings,$97
EBAY,$25.995,1440616271550,"5,818,308",81% bullish,of 117 ratings,$48
EBIX,$27.2399,1440616271600,"154,541",69% bullish,of 13 ratings,$40
ECHO,$22.98,1440616271837,"136,675",67% bearish,of 3 ratings,$35.50
EEI,$10.95,1440616271937,702,67% bearish,of 3 ratings,N/A
ECACU,$10.06,1440616271974,"4,100",Not yet rated,NULL,N/A
ECTE,$1.37,1440616271999,"11,386",75% bullish,of 4 ratings,N/A
ESES,$3.0501,1440616272150,286,100% bearish,of 1 rating,$7
SATS,$42.86,1440616272190,"69,954",50% bullish,of 2 ratings,$60
EDAP,$3.47,1440616272219,"80,516",60% bullish,of 5 ratings,$4.50
EDGW,$6.78,1440616272325,"15,997",100% bearish,of 1 rating,N/A
EDUC,$4.9,1440616272418,"1,233",100% bearish,of 1 rating,N/A
EFUT,$4.2843,1440616272527,400,Not yet rated,NULL,N/A
EGLT,$10.43,1440616272743,"28,546",50% bullish,of 2 ratings,$21
EHTH,$13.7,1440616272812,"45,026",50% bullish,of 4 ratings,$16.50
EMITF,$1.225,1440616272844,"9,665",75% bullish,of 4 ratings,N/A
LOCO,$11.8398,1440616272871,"388,166",69% bullish,of 13 ratings,$20
EGAN,$3.26,1440616272897,"28,351",50% bullish,of 2 ratings,$6.25
ESLT,$74.56,1440616273086,"14,554",67% bullish,of 3 ratings,N/A
ELRC,$10.33,1440616273273,"22,317",100% bearish,of 1 rating,N/A
ELEC,NULL,1440616273303,0,Not yet rated,NULL,N/A
ELSE,$3.85,1440616273331,206,60% bullish,of 5 ratings,N/A
ERI,$9.41,1440616273408,"45,633",100% bearish,of 1 rating,$10
ESIO,$4.2,1440616273465,"96,407",50% bullish,of 2 ratings,$10
EA,$65.565,1440616273538,"1,814,957",77% bullish,of 35 ratings,$80
EFII,$42.875,1440616273627,"131,320",80% bullish,of 5 ratings,$55
ELECU,NULL,1440616273826,0,Not yet rated,NULL,N/A
RDEN,$10.46,1440616273865,"46,314",100% bearish,of 4 ratings,$15
ELECW,NULL,1440616273912,0,Not yet rated,NULL,N/A
EBIO,$3.1699,1440616273937,"296,147",100% bearish,of 2 ratings,$8.35
LONG,$16.75,1440616273998,"65,006",67% bullish,of 3 ratings,$15.75
CAPX,$22.0116,1440616274161,100,Not yet rated,NULL,N/A
ESBK,$19.8276,1440616274253,"2,700",Not yet rated,NULL,N/A
EMCI,$22.66,1440616274287,"13,577",Not yet rated,NULL,N/A
EMCF,NULL,1440616274314,0,100% bearish,of 1 rating,N/A
EMMS,$1.12,1440616274383,"46,980",67% bullish,of 6 ratings,N/A
ELTK,$1.1599,1440616274408,"33,533",67% bearish,of 3 ratings,N/A
EMMSP,$3,1440616274471,"2,498",100% bearish,of 1 rating,N/A
EMKR,$6.95,1440616274670,"66,066",75% bullish,of 4 ratings,$8.50
NYNY,$4.12,1440616274696,"37,487",50% bullish,of 2 ratings,N/A
ERS,$2.79,1440616274830,"6,400",Not yet rated,NULL,N/A
ECPG,$38.52,1440616274893,"63,429",100% bullish,of 2 ratings,$52
ENTA,$40.53,1440616274994,"82,810",50% bullish,of 2 ratings,$42
ECYT,$5.01,1440616275138,"155,793",83% bullish,of 6 ratings,$12
ENDP,$75.51,1440616275171,"820,962",50% bullish,of 6 ratings,$104
ELGX,$12.45,1440616275274,"336,427",75% bullish,of 4 ratings,$17
EFOI,$18.11,1440616275309,"788,633",50% bullish,of 2 ratings,$20.50
EIGI,$15,1440616275379,"491,877",67% bearish,of 3 ratings,$22.50
WIRE,$30.625,1440616275571,"30,238",100% bearish,of 1 rating,$37
WATT,$6.24,1440616275643,"130,556",50% bullish,of 2 ratings,$13
EXXI,$1.42,1440616275711,"809,491",86% bullish,of 7 ratings,$3.50
ENG,$0.9995,1440616275811,"39,178",100% bullish,of 3 ratings,N/A
ENPH,$4.49,1440616275840,"399,936",75% bullish,of 4 ratings,$11
ENOC,$8.26,1440616275905,"95,138",75% bullish,of 4 ratings,$18
ERII,$2.67,1440616275936,"55,503",80% bullish,of 5 ratings,$2.50
ENFC,$17.82,1440616276081,800,Not yet rated,NULL,N/A
ENTG,$13.405,1440616276155,"213,914",100% bearish,of 1 rating,$18
ESGR,$145.11,1440616276242,"20,700",100% bearish,of 1 rating,$185
ENTL,$21.43,1440616276267,"12,265",Not yet rated,NULL,$28
ETRM,$0.2394,1440616276326,"522,588",69% bearish,of 35 ratings,$1.625
EGT,$2.0999,1440616276503,693,100% bullish,of 1 rating,N/A
EBTC,$21,1440616276596,"1,804",Not yet rated,NULL,N/A
ENVI,$1.83,1440616276632,"3,780",67% bullish,of 3 ratings,N/A
EFSC,$23.38,1440616276657,"17,507",Not yet rated,NULL,$27
ENZN,$0.96,1440616276729,"191,300",100% bullish,of 9 ratings,N/A
EPRS,$4.7,1440616276983,"45,957",82% bullish,of 11 ratings,$15
ENZY,$9.07,1440616277058,"5,341",67% bullish,of 3 ratings,$9.50
PLUS,$74.99,1440616277084,"30,614",50% bullish,of 2 ratings,$88
EQIX,$259.58,1440616277142,"296,069",75% bullish,of 4 ratings,$312.50
EPIQ,$13.08,1440616277213,"38,688",100% bearish,of 1 rating,$18
EQFN,NULL,1440616277297,0,100% bearish,of 1 rating,N/A
ERIC,$9.65,1440616277344,"2,051,574",67% bullish,of 9 ratings,$12.20
EAC,$3.25,1440616277430,"8,811",100% bearish,of 1 rating,$8
EPZM,$17.235,1440616277455,"97,025",60% bullish,of 5 ratings,$34
ERIE,$81.06,1440616278029,"7,083",Not yet rated,NULL,$73
ESCRP,$1.1699,1440616278116,"6,702",100% bearish,of 1 rating,N/A
ESCA,$16.904,1440616278141,"5,282",100% bearish,of 1 rating,$22
ESMC,NULL,1440616278295,0,Not yet rated,NULL,N/A
ESCR,$0.1403,1440616278322,"4,478",50% bullish,of 2 ratings,N/A
EPIX,$4.85,1440616278475,"2,100",Not yet rated,NULL,N/A
ESSX,$0.4189,1440616278607,"14,938",50% bullish,of 2 ratings,N/A
ESEA,$5.69,1440616278634,200,100% bullish,of 1 rating,$15
ESPR,$52.525,1440616278659,"529,237",70% bearish,of 10 ratings,$123
ESSA,$12.59,1440616278690,"3,650",100% bearish,of 1 rating,N/A
EEFT,$63.72,1440616278794,"157,444",100% bearish,of 1 rating,$67.50
ESND,$33.52,1440616278827,"51,743",100% bearish,of 2 ratings,$40
CLWT,$2.56,1440616278856,500,100% bearish,of 1 rating,N/A
ETSY,$13,1440616278930,"256,239",80% bullish,of 5 ratings,$16
EVEP,$7.03,1440616278989,"214,706",50% bullish,of 2 ratings,$15
EVK,$3.61,1440616279090,"4,450",75% bearish,of 4 ratings,N/A
EVOL,$6,1440616279362,"9,264",75% bullish,of 4 ratings,$10
EXAC,$18.07,1440616279494,"11,966",100% bearish,of 1 rating,$22.50
EXAS,$20.6055,1440616279546,"423,428",78% bullish,of 9 ratings,$31
EVOK,$3.8,1440616279575,"52,610",100% bearish,of 1 rating,$13.375
EXFO,$2.6,1440616279624,"2,700",67% bearish,of 3 ratings,$3.95
EVLV,$2.23,1440616279659,"105,093",60% bullish,of 5 ratings,$6.50
EXEL,$5.54,1440616279684,"2,417,172",81% bullish,of 16 ratings,$6
EXA,$11.11,1440616279758,"8,665",100% bearish,of 1 rating,$13
EXPE,$114.53,1440616279789,"689,577",64% bullish,of 11 ratings,$130
ESRX,$83.76,1440616279996,"1,844,455",67% bearish,of 6 ratings,$101
EXPD,$48.59,1440616280046,"968,040",80% bullish,of 5 ratings,$52
EXLS,$35.57,1440616280092,"38,798",50% bullish,of 2 ratings,$41
EXPO,$42.06,1440616280118,"37,922",100% bearish,of 1 rating,$45.50
EXLP,$18.395,1440616280336,"126,369",100% bearish,of 1 rating,$25
EYEG,$3.716,1440616280410,"27,205",Not yet rated,NULL,N/A
EZPW,$5.86,1440616280442,"232,232",50% bullish,of 4 ratings,$7.50
EYEGW,NULL,1440616280463,0,Not yet rated,NULL,N/A
EXTR,$2.685,1440616280495,"294,549",80% bullish,of 5 ratings,$3
EZCH,$20.57,1440616280552,"47,100",75% bullish,of 8 ratings,$19.50
FFIV,$121.99,1440616280623,"453,128",63% bullish,of 8 ratings,$132
FCS,$13.22,1440616280655,"335,159",67% bearish,of 3 ratings,$17
FB,$86.65,1440616280827,"19,671,123",73% bullish,of 1066 ratings,$111
FRP,$15.46,1440616280856,"95,044",100% bearish,of 1 rating,$18
FWM,$2.39,1440616280882,"56,278",100% bearish,of 2 ratings,$3.20
FALC,$1.5965,1440616281015,"23,143",63% bearish,of 8 ratings,N/A
DAVE,$14.07,1440616281149,"6,537",100% bearish,of 1 rating,$15.50
FMNB,$8.03,1440616281181,"2,550",Not yet rated,NULL,N/A
FARO,$37.67,1440616281289,"37,056",50% bullish,of 2 ratings,$48
FFKT,$25.74,1440616281316,"7,280",Not yet rated,NULL,$29
FARM,$21.62,1440616281446,"16,701",100% bearish,of 1 rating,$35
FBRC,$22.135,1440616281475,"19,693",100% bearish,of 1 rating,$29
FBSS,$15.5,1440616281575,400,Not yet rated,NULL,N/A
FAST,$37.98,1440616281612,"1,141,491",80% bullish,of 5 ratings,$45.50
FATE,$6.32,1440616281669,"21,921",50% bullish,of 2 ratings,$11
FNHC,$21.76,1440616281709,"92,467",100% bearish,of 1 rating,$35
FDML,$8.307,1440616281802,"106,769",50% bullish,of 4 ratings,$14
FEIC,$74.02,1440616281996,"85,005",50% bullish,of 2 ratings,$95.50
FENX,$9.49,1440616282023,"55,468",100% bullish,of 1 rating,$14.25
FHCO,$1.3136,1440616282075,"24,858",50% bullish,of 4 ratings,N/A
LION,$18.6794,1440616282207,"62,142",100% bullish,of 1 rating,$20
ONEQ,$181.73,1440616282235,"26,338",100% bullish,of 1 rating,N/A
FGEN,$22.73,1440616282302,"102,739",100% bearish,of 1 rating,$39
FCSC,$5.35,1440616282332,"86,432",100% bearish,of 1 rating,$8.125
FDUS,$13.86,1440616282370,"40,571",50% bullish,of 2 ratings,$18
FRGI,$50.745,1440616282396,"55,439",50% bullish,of 2 ratings,$70
FSAM,$8.27,1440616282558,"12,545",100% bearish,of 1 rating,$10.25
FSCFL,$24.2499,1440616282594,"4,970",Not yet rated,NULL,N/A
FSC,$6.17,1440616282819,"549,518",60% bullish,of 5 ratings,$8
FSFR,$8.71,1440616282847,"56,550",100% bearish,of 1 rating,$11.50
FITB,$19.1,1440616282902,"5,767,910",54% bullish,of 13 ratings,$22
FNGN,$31.8,1440616283031,"202,963",67% bullish,of 3 ratings,$47
FITBI,$27.34,1440616283073,"6,308",Not yet rated,NULL,N/A
FNSR,$15.345,1440616283122,"590,020",71% bullish,of 7 ratings,$24.50
FNTC,NULL,1440616283146,0,Not yet rated,NULL,N/A
FISI,$24.63,1440616283203,"3,691",100% bullish,of 2 ratings,$24.50
FNJN,$1.6007,1440616283359,"20,809",100% bearish,of 1 rating,$5
FNTCW,NULL,1440616283411,0,Not yet rated,NULL,N/A
FNLC,$18.57,1440616283549,"5,822",100% bullish,of 1 rating,N/A
FBNC,$16.765,1440616283570,"1,776",100% bullish,of 1 rating,$20
FNTCU,$10.15,1440616283610,10,Not yet rated,NULL,N/A
FEYE,$37.94,1440616283645,"2,202,531",87% bullish,of 15 ratings,$55.50
FRBA,$6.05,1440616283706,"10,900",Not yet rated,NULL,$8
BUSE,$6.33,1440616283731,"16,796",Not yet rated,NULL,$6.875
FCVA,$4.6,1440616283975,845,Not yet rated,NULL,N/A
FCBC,$17.18,1440616284043,"14,272",Not yet rated,NULL,$18
FBIZ,$44.01,1440616284072,"38,700",100% bearish,of 2 ratings,$52
FCLF,NULL,1440616284229,0,Not yet rated,NULL,N/A
FCFS,$38.5499,1440616284276,"123,624",100% bearish,of 3 ratings,$48
FCAP,$27.02,1440616284301,202,Not yet rated,NULL,N/A
FCNCA,$231.2,1440616284332,"1,735",Not yet rated,NULL,N/A
FCCO,$11.81,1440616284437,"1,904",Not yet rated,NULL,$13.25
FBNK,$16.69,1440616284580,"17,710",100% bearish,of 1 rating,$17.50
FDEF,$37.15,1440616284616,"17,024",Not yet rated,NULL,$38
FCFP,$6.9,1440616284751,201,Not yet rated,NULL,N/A
FFBC,$17.85,1440616284835,"93,559",67% bearish,of 3 ratings,$20.25
FFIN,$30.17,1440616284961,"70,896",50% bullish,of 2 ratings,$31.75
INBK,$29.86,1440616285061,"6,527",50% bullish,of 2 ratings,$37
FFBCW,NULL,1440616285086,0,100% bearish,of 1 rating,N/A
FFNM,$6.37,1440616285149,200,Not yet rated,NULL,N/A
THFF,$33.07,1440616285219,"7,887",Not yet rated,NULL,$35
FFWM,$20.69,1440616285243,"13,144",Not yet rated,NULL,$24
FFNW,$11.89,1440616285441,"20,399",Not yet rated,NULL,$14
FMBH,$21.56,1440616285470,174,Not yet rated,NULL,N/A
FIBK,$26.275,1440616285499,"39,066",Not yet rated,NULL,$32
FRME,$25.46,1440616285568,"70,218",Not yet rated,NULL,$26.50
FMBI,$17.09,1440616285627,"111,539",Not yet rated,NULL,$20
FNFG,$8.75,1440616285768,"1,167,515",80% bullish,of 5 ratings,$9
FNWB,$11.75,1440616285830,"14,383",Not yet rated,NULL,N/A
FSFG,$30.79,1440616285960,780,Not yet rated,NULL,N/A
FSGI,$2.49,1440616285985,"6,572",Not yet rated,NULL,N/A
FNBC,$33.795,1440616286015,"22,502",Not yet rated,NULL,$40
FSLR,$46.0153,1440616286116,"865,304",74% bullish,of 39 ratings,$65
FCAN,$22.9399,1440616286147,225,Not yet rated,NULL,N/A
FBZ,$9.74,1440616286445,200,Not yet rated,NULL,N/A
FSBK,$7.588,1440616286529,"4,508",100% bullish,of 1 rating,N/A
FV,$22.8899,1440616286559,"2,279,919",100% bearish,of 1 rating,N/A
FCA,$18.58,1440616286584,"2,365",Not yet rated,NULL,N/A
BICK,$18.78,1440616286615,300,100% bullish,of 1 rating,N/A
IFV,$17.5499,1440616286635,"724,636",100% bearish,of 1 rating,N/A
FTCS,$35.585,1440616286656,"12,467",100% bearish,of 1 rating,N/A
FEMB,$41.88,1440616286718,18,Not yet rated,NULL,N/A
MDIV,$18.76,1440616287132,"244,213",Not yet rated,NULL,N/A
FTGC,$21.6416,1440616287188,"19,936",Not yet rated,NULL,N/A
FGM,$35.515,1440616287293,"39,724",Not yet rated,NULL,N/A
HYLS,$48.7801,1440616287320,"28,952",100% bearish,of 1 rating,N/A
FEUZ,$30.56,1440616287349,"10,910",Not yet rated,NULL,N/A
FTHI,$18.78,1440616287375,"9,500",Not yet rated,NULL,N/A
TDIV,$24.03,1440616287396,"212,323",100% bearish,of 1 rating,N/A
FTSM,$59.89,1440616287455,"10,340",100% bearish,of 1 rating,N/A
FPXI,NULL,1440616287736,0,Not yet rated,NULL,N/A
PLTM,$6.14,1440616287766,"6,307",100% bearish,of 1 rating,N/A
YDIV,$16,1440616287836,"2,817",Not yet rated,NULL,N/A
FHK,$32.505,1440616287901,"29,996",Not yet rated,NULL,N/A
SKYY,$28.2116,1440616287939,"52,906",100% bullish,of 1 rating,N/A
CU,$12.0836,1440616288002,"6,467",100% bearish,of 1 rating,N/A
FJP,$46.138,1440616288147,"55,398",Not yet rated,NULL,N/A
FTLB,$18.8731,1440616288215,"1,250",100% bearish,of 1 rating,N/A
LMBS,$50.11,1440616288320,200,Not yet rated,NULL,N/A
FMB,$51.04,1440616288375,325,Not yet rated,NULL,N/A
CIBR,$17.69,1440616288454,"75,824",Not yet rated,NULL,N/A
QABA,$36.4261,1440616288530,"10,062",100% bearish,of 1 rating,N/A
FONE,$33.7899,1440616288557,100,Not yet rated,NULL,N/A
QQEW,$40.478,1440616288686,"109,474",Not yet rated,NULL,N/A
RDVY,$20.47,1440616288715,"8,573",Not yet rated,NULL,N/A
CARZ,$33.9096,1440616288765,"5,924",100% bearish,of 1 rating,N/A
QQXT,$39.5256,1440616288820,"29,194",Not yet rated,NULL,N/A
QCLN,$14.19,1440616288848,"16,552",Not yet rated,NULL,N/A
GRID,NULL,1440616288875,0,100% bearish,of 1 rating,N/A
AIRR,$15.71,1440616289189,"2,328",100% bearish,of 1 rating,N/A
QINC,$19.83,1440616289285,"6,431",Not yet rated,NULL,N/A
QTEC,$38.8501,1440616289345,"107,634",Not yet rated,NULL,N/A
FDIV,$46.42,1440616289369,934,100% bearish,of 1 rating,N/A
TUSA,$24.248,1440616289503,"8,438",Not yet rated,NULL,N/A
FTW,NULL,1440616289527,0,Not yet rated,NULL,N/A
FKU,$41.02,1440616289659,"38,987",Not yet rated,NULL,N/A
FTSL,$48.4199,1440616289688,"81,519",100% bearish,of 1 rating,N/A
FKO,$22.59,1440616289790,300,Not yet rated,NULL,N/A
FSZ,$38.92,1440616289824,"51,301",Not yet rated,NULL,N/A
FMER,$17.54,1440616289874,"810,831",50% bullish,of 2 ratings,$20
FUNC,$8.2118,1440616289923,700,Not yet rated,NULL,N/A
FSV,$31.18,1440616289956,"9,856",Not yet rated,NULL,$33.60
SVVC,$9.325,1440616290007,"7,328",50% bullish,of 2 ratings,$26
FISV,$84.09,1440616290139,"803,177",100% bearish,of 3 ratings,$90
FIVE,$35.975,1440616290363,"399,600",75% bearish,of 4 ratings,$44
FLML,$21.075,1440616290438,"66,867",50% bullish,of 2 ratings,$30
FPRX,$18.51,1440616290526,"248,715",50% bullish,of 2 ratings,$35
FLXS,$31.03,1440616290568,"12,065",100% bearish,of 2 ratings,N/A
FLKS,$12.1,1440616290595,"28,491",50% bullish,of 2 ratings,$27
FIVN,$4.03,1440616290616,"120,873",100% bullish,of 1 rating,$8.50
SKOR,$50.2,1440616290647,100,Not yet rated,NULL,N/A
FLXN,$23.5901,1440616290745,"43,257",100% bearish,of 1 rating,$40
FLEX,$10.24,1440616290838,"1,302,202",63% bullish,of 8 ratings,$12
FLDM,$11.71,1440616290978,"188,993",67% bearish,of 3 ratings,$21.50
FOGO,$17.9999,1440616291024,"28,630",50% bullish,of 2 ratings,$25.50
FFIC,$19.85,1440616291050,"68,463",Not yet rated,NULL,$21
FLIR,$27.41,1440616291113,"451,588",100% bearish,of 1 rating,$38.50
MBSD,$24.9,1440616291194,700,Not yet rated,NULL,N/A
FOMX,$9.56,1440616291401,"64,372",50% bullish,of 2 ratings,$23.50
FONR,$9.5,1440616291432,"31,819",100% bullish,of 1 rating,N/A
FES,$0.94,1440616291458,"30,570",50% bullish,of 2 ratings,$1
FORTY,$29.58,1440616291532,831,100% bearish,of 1 rating,N/A
FBIO,$2.42,1440616291591,"61,570",83% bullish,of 6 ratings,N/A
FTNT,$42.6105,1440616291723,"546,853",80% bullish,of 10 ratings,$52
FORR,$31.21,1440616291760,"24,785",Not yet rated,NULL,N/A
FORM,$6.17,1440616291851,"144,019",67% bullish,of 3 ratings,$10.50
FWRD,$45.35,1440616291880,"58,120",100% bearish,of 1 rating,$50
FORD,$1.63,1440616291922,"8,771,857",67% bullish,of 3 ratings,N/A
FWP,$25.165,1440616291949,"44,803",100% bearish,of 1 rating,$45
FOSL,$58.495,1440616292013,"509,918",60% bearish,of 5 ratings,$80
FMI,$21.38,1440616292144,"82,504",100% bearish,of 2 ratings,$27.50
FXCB,$17.13,1440616292298,"5,428",Not yet rated,NULL,$19
FOXF,$15.21,1440616292390,"30,527",100% bearish,of 1 rating,$19
FRED,$12.94,1440616292479,"109,770",50% bullish,of 2 ratings,$16.50
FELE,$27.9,1440616292505,"76,526",50% bullish,of 4 ratings,$33
FRAN,$10.87,1440616292557,"365,922",50% bullish,of 4 ratings,$15
RAIL,$19.4,1440616292665,"53,449",100% bearish,of 1 rating,$24.50
FREE,$0.35,1440616292693,"215,688",92% bullish,of 12 ratings,N/A
FEIM,$10.51,1440616292718,"2,086",100% bearish,of 1 rating,N/A
FTR,$4.855,1440616292745,"13,475,458",78% bullish,of 27 ratings,$6.25
FSBW,$22.75,1440616292935,"1,138",Not yet rated,NULL,N/A
FTRPR,$96.94,1440616292969,"58,019",100% bearish,of 1 rating,N/A
FRPT,$12.32,1440616293030,"178,003",67% bearish,of 3 ratings,$23.50
FTD,$29.16,1440616293063,"40,904",100% bearish,of 1 rating,$40
FSYS,$6.14,1440616293095,"24,592",67% bullish,of 3 ratings,$10
FRPH,$30.51,1440616293120,"1,939",100% bearish,of 1 rating,N/A
FULL,$3.1,1440616293415,"16,709",67% bearish,of 3 ratings,$4.25
FTEK,$2.037,1440616293543,"55,848",75% bullish,of 4 ratings,N/A
FCEL,$0.715,1440616293570,"447,766",88% bullish,of 41 ratings,$2.65
FLL,$1.46,1440616293591,"19,815",75% bullish,of 4 ratings,$3.50
FULLL,$25.15,1440616293626,272,Not yet rated,NULL,N/A
FXEN,$0.7838,1440616293726,"31,077",75% bullish,of 4 ratings,$1.10
FULT,$11.89,1440616293758,"432,309",100% bearish,of 1 rating,$13
FFHL,$0.883,1440616293786,"1,100",50% bullish,of 4 ratings,N/A
FSNN,$2.24,1440616293807,"12,600",67% bullish,of 3 ratings,$6
GK,$67.12,1440616294015,"38,729",Not yet rated,NULL,$78
WILC,$4.789,1440616294062,"7,811",100% bullish,of 2 ratings,N/A
FXENP,$15.86,1440616294121,560,100% bearish,of 1 rating,N/A
GALTU,NULL,1440616294340,0,100% bearish,of 1 rating,N/A
GAIA,$5.85,1440616294411,"6,112",50% bullish,of 2 ratings,$8.50
GLMD,$8.4101,1440616294469,"50,774",67% bullish,of 3 ratings,$20.50
GALT,$1.68,1440616294496,"72,205",80% bullish,of 5 ratings,N/A
GLPG,$60.5301,1440616294539,"45,818",100% bullish,of 1 rating,$75
GALE,$1.48,1440616294570,"1,224,091",89% bullish,of 47 ratings,$4
GLPI,$31.18,1440616294591,"295,536",100% bearish,of 1 rating,$37.50
GALTW,NULL,1440616294621,0,100% bullish,of 1 rating,N/A
GRMN,$37.695,1440616294855,"474,886",50% bullish,of 6 ratings,$46.50
GPIC,$10,1440616294915,459,100% bearish,of 1 rating,N/A
GGACR,NULL,1440616294944,0,100% bullish,of 1 rating,N/A
GGAC,$9.85,1440616294970,189,100% bearish,of 1 rating,N/A
GGACU,$10.02,1440616295047,872,Not yet rated,NULL,N/A
GGACW,$0.11,1440616295117,"17,010",Not yet rated,NULL,N/A
GENC,$9.25,1440616295281,520,100% bearish,of 1 rating,N/A
GNCMA,$16.88,1440616295381,"84,285",100% bearish,of 1 rating,$12
GFN,$3.52,1440616295443,"9,802",100% bearish,of 2 ratings,$8
GARS,$14,1440616295479,"25,719",Not yet rated,NULL,$16
GFNSL,$25.6,1440616295523,"1,870",Not yet rated,NULL,N/A
GHDX,$25.42,1440616295575,"67,161",50% bullish,of 2 ratings,$30
GNMK,$9.3501,1440616295621,"70,125",67% bullish,of 6 ratings,$14
GENE,$2.0472,1440616295719,"82,349",100% bullish,of 12 ratings,N/A
GNCA,$12.395,1440616295778,"49,842",100% bearish,of 1 rating,$20
GFNCP,$94.18,1440616295807,500,Not yet rated,NULL,N/A
THRM,$42.73,1440616296064,"277,577",75% bearish,of 4 ratings,$55.50
GNTX,$15.17,1440616296098,"1,109,347",Not yet rated,NULL,$20
GABC,$29.07,1440616296200,"6,636",Not yet rated,NULL,$31
GERN,$3.0001,1440616296225,"1,363,396",88% bullish,of 16 ratings,$5.25
GNVC,$2.3,1440616296251,"13,508",90% bullish,of 10 ratings,$8.50
GEOS,$13.89,1440616296272,"64,614",100% bearish,of 3 ratings,$21
GTWN,NULL,1440616296451,0,Not yet rated,NULL,N/A
GIGM,$0.5616,1440616296595,"7,300",100% bullish,of 2 ratings,N/A
GEVO,$2.2185,1440616296624,"393,615",75% bullish,of 12 ratings,$5
GIGA,$1.44,1440616296657,"4,068",100% bearish,of 1 rating,N/A
GILD,$106.42,1440616296691,"5,674,411",91% bullish,of 87 ratings,$129
GILT,$4.25,1440616296714,"7,235",50% bullish,of 2 ratings,N/A
GIII,$65.57,1440616296755,"66,321",67% bullish,of 3 ratings,$75
ROCK,$16.23,1440616296789,"40,661",80% bullish,of 5 ratings,$24
GBCI,$24.97,1440616297229,"259,707",50% bullish,of 2 ratings,$31
GOOD,$14.22,1440616297261,"68,236",Not yet rated,NULL,$19
GLAD,$8.2328,1440616297284,"80,933",50% bullish,of 2 ratings,$8.75
GOODO,$25,1440616297309,400,Not yet rated,NULL,N/A
GLADO,$25.49,1440616297345,"1,275",Not yet rated,NULL,N/A
GAIN,$7.23,1440616297372,"134,063",100% bullish,of 2 ratings,$8.25
GOODP,$25.25,1440616297442,15,Not yet rated,NULL,N/A
GOODN,$25.27,1440616297467,300,Not yet rated,NULL,N/A
GLBZ,$11.62,1440616297667,850,Not yet rated,NULL,N/A
LAND,$9.49,1440616297732,"13,684",50% bullish,of 2 ratings,$13.75
GAINO,$25.1889,1440616297768,"4,121",Not yet rated,NULL,N/A
GAINP,$26,1440616297837,"2,644",Not yet rated,NULL,N/A
GBT,$42.47,1440616297931,"141,898",100% bearish,of 1 rating,N/A
GDEF,NULL,1440616297958,0,Not yet rated,NULL,N/A
GAINN,$25.19,1440616297984,"16,589",Not yet rated,NULL,N/A
ENT,$11.195,1440616298118,"523,359",100% bearish,of 1 rating,$18
GPACU,NULL,1440616298336,0,Not yet rated,NULL,N/A
GSOL,$8.09,1440616298365,"15,817",100% bearish,of 1 rating,N/A
GBLI,$26.77,1440616298386,"3,354",Not yet rated,NULL,N/A
QQQC,$18.0328,1440616298516,"3,390",100% bearish,of 1 rating,N/A
SRET,NULL,1440616298542,0,Not yet rated,NULL,N/A
SOCL,$16.9706,1440616298572,"45,510",100% bullish,of 2 ratings,N/A
ACTX,$12.5599,1440616298680,100,100% bullish,of 1 rating,N/A
YLCO,NULL,1440616298754,0,Not yet rated,NULL,N/A
ALTY,NULL,1440616298826,0,Not yet rated,NULL,N/A
GAI,$5.9899,1440616298970,"1,046",50% bullish,of 2 ratings,N/A
GSM,$12.35,1440616299031,"359,714",50% bullish,of 2 ratings,$23
GLBS,$1.0101,1440616299233,"2,500",67% bullish,of 3 ratings,N/A
GLUU,$4.19,1440616299269,"954,112",92% bullish,of 26 ratings,$9
GBIM,$2.09,1440616299292,"19,803",50% bullish,of 2 ratings,N/A
GLNG,$33.64,1440616299340,"410,349",83% bullish,of 6 ratings,$58
GLRI,$1,1440616299365,"6,250",100% bearish,of 1 rating,$4.25
GOGO,$15.16,1440616299390,"415,181",80% bullish,of 5 ratings,$25
GMLP,$17.2,1440616299548,"106,868",50% bullish,of 4 ratings,$32.50
GLYC,$6.75,1440616299577,"12,817",50% bullish,of 2 ratings,$14
GDEN,$9.07,1440616299618,"18,406",50% bullish,of 2 ratings,N/A
GOGL,$2.5699,1440616299841,"202,034",75% bullish,of 4 ratings,$5
GLDC,$4.0001,1440616299932,100,50% bullish,of 2 ratings,N/A
GTIM,$6.52,1440616299987,"25,454",Not yet rated,NULL,$11.50
GOOG,$624.31,1440616300064,"1,203,406",89% bullish,of 70 ratings,$825
GBDC,$16.455,1440616300122,"123,227",Not yet rated,NULL,$17.75
GPRO,$45.4905,1440616300147,"5,821,181",78% bullish,of 58 ratings,$72
GOOGL,$654.96,1440616300293,"1,170,962",88% bullish,of 1080 ratings,$749
GMAN,$4.1,1440616300324,"79,408",60% bullish,of 5 ratings,$8.50
GPIAU,NULL,1440616300362,0,Not yet rated,NULL,N/A
GPIA,NULL,1440616300465,0,Not yet rated,NULL,N/A
GBSNU,NULL,1440616300491,0,NULL,NULL,NULL
LOPE,$36.58,1440616300513,"86,436",100% bearish,of 2 ratings,$50
GPIAW,NULL,1440616300563,0,Not yet rated,NULL,N/A
GBSN,$0.32,1440616300727,"6,387,377",100% bearish,of 1 rating,$8.25
GLDD,$5.22,1440616300792,"113,480",100% bearish,of 4 ratings,$7.75
GRVY,$3.25,1440616300862,550,50% bullish,of 2 ratings,N/A
GSBC,$39.21,1440616300926,"6,912",100% bullish,of 1 rating,$44
GPP,$13.1375,1440616301136,"37,760",Not yet rated,NULL,$20.50
GRBK,$12.04,1440616301166,"103,998",77% bullish,of 13 ratings,N/A
GNBC,$11.24,1440616301265,"7,802",100% bearish,of 1 rating,$16.50
GRFS,$30.5,1440616301298,"66,499",50% bullish,of 2 ratings,$35
GCBC,$28.5,1440616301319,14,100% bullish,of 1 rating,N/A
GRIF,$30.6,1440616301393,400,100% bearish,of 1 rating,N/A
GLRE,$23.56,1440616301491,"102,792",50% bullish,of 2 ratings,$41
GPRE,$17.96,1440616301519,"256,756",67% bullish,of 6 ratings,$28.50
GSIG,$12.75,1440616301677,"39,247",100% bearish,of 2 ratings,N/A
GGAL,$18.2699,1440616301740,"119,265",80% bullish,of 5 ratings,$40
OMAB,$38.1862,1440616301824,"22,594",100% bullish,of 1 rating,$44
GRPN,$4.16,1440616301851,"5,009,887",61% bullish,of 71 ratings,$6.75
GBNK,$15.41,1440616302096,"7,710",100% bearish,of 1 rating,$18
GTXI,$0.782,1440616302118,"19,037",100% bullish,of 5 ratings,$.75
GSIT,$4.65,1440616302150,"2,503",100% bearish,of 1 rating,N/A
GSVC,$8.3804,1440616302180,"24,296",50% bullish,of 2 ratings,$14.50
GFED,$14.6,1440616302208,600,Not yet rated,NULL,$17
GIFI,$11.37,1440616302256,"31,803",100% bearish,of 1 rating,$16
GUID,$6.8,1440616302408,"68,407",100% bearish,of 3 ratings,$10
GULTU,$0.29,1440616302435,"63,590",100% bearish,of 1 rating,N/A
GPOR,$32.65,1440616302462,"761,203",75% bullish,of 4 ratings,$55
GURE,$1.59,1440616302607,"14,138",88% bullish,of 8 ratings,N/A
GWPH,$101.825,1440616302635,"69,212",78% bullish,of 9 ratings,$148.50
GWGH,$7.1101,1440616302777,"1,400",100% bearish,of 1 rating,$15.05
GYRO,NULL,1440616302848,0,100% bearish,of 1 rating,N/A
HLG,NULL,1440616302877,0,100% bearish,of 1 rating,N/A
HEES,$17.11,1440616302903,"213,291",67% bearish,of 3 ratings,$31
HNRG,$7.47,1440616303124,"95,188",100% bearish,of 1 rating,$10
HALO,$17.25,1440616303183,"622,062",67% bullish,of 3 ratings,$22.50
HALL,$10.99,1440616303353,"8,676",Not yet rated,NULL,N/A
HBK,$13.74,1440616303400,304,50% bullish,of 2 ratings,N/A
HBHCL,$24.316,1440616303434,"23,573",Not yet rated,NULL,N/A
HBHC,$26.21,1440616303456,"158,509",50% bullish,of 2 ratings,$30
HAFC,$23.6,1440616303492,"75,486",100% bullish,of 2 ratings,$28.50
HMPR,$1.84,1440616303513,"22,981",100% bullish,of 1 rating,N/A
HNH,$26,1440616303544,"2,444",100% bullish,of 1 rating,N/A
HNSN,$0.508,1440616303674,"45,974",88% bullish,of 8 ratings,$.40
HDNG,$9.5848,1440616303867,"12,579",50% bullish,of 4 ratings,N/A
HLIT,$5.59,1440616303938,"164,207",100% bearish,of 1 rating,$6.50
HQCL,$11.3776,1440616303999,"50,232",67% bullish,of 3 ratings,$14
HRMNU,NULL,1440616304131,0,Not yet rated,NULL,N/A
HRMN,NULL,1440616304191,0,Not yet rated,NULL,N/A
HRMNW,NULL,1440616304263,0,Not yet rated,NULL,N/A
HCAP,$12.08,1440616304290,"4,781",50% bullish,of 2 ratings,$15
HBIO,$4.5,1440616304317,"38,633",Not yet rated,NULL,$10
TINY,$2.4995,1440616304341,"5,672",50% bullish,of 2 ratings,$5.26
HART,$0.8808,1440616304531,"83,675",100% bearish,of 1 rating,N/A
HCAPL,$25.2,1440616304566,"4,214",Not yet rated,NULL,N/A
HAS,$72.93,1440616304667,"618,831",63% bullish,of 8 ratings,$84.50
HWKN,$35.55,1440616304694,"13,466",Not yet rated,NULL,N/A
HCOM,$21.875,1440616304867,"7,577",100% bearish,of 1 rating,$28
HA,$22.59,1440616304939,"273,834",67% bullish,of 9 ratings,$27
HDS,$31.83,1440616305111,"1,453,717",100% bearish,of 2 ratings,$39.50
HIIQ,$4.29,1440616305140,"5,646",50% bullish,of 2 ratings,$7
HWBK,$13.5001,1440616305166,200,100% bearish,of 1 rating,N/A
HAYN,$35.86,1440616305191,"23,954",100% bearish,of 1 rating,$59
HCSG,$33.005,1440616305246,"105,297",50% bullish,of 4 ratings,$35
HWAY,$11.97,1440616305427,"116,712",100% bearish,of 1 rating,$15
HSTM,$24.195,1440616305455,"21,779",50% bullish,of 2 ratings,$33.75
HTLF,$35.77,1440616305584,"14,785",100% bullish,of 1 rating,$39.50
HTWR,$81.74,1440616305616,"71,551",50% bullish,of 2 ratings,$103
HTLD,$20.42,1440616305644,"181,486",Not yet rated,NULL,$22.50
HQY,$28.74,1440616305677,"74,241",67% bullish,of 3 ratings,$31
HTBX,$5.07,1440616305716,"17,116",50% bullish,of 2 ratings,$15.50
HSII,$19.73,1440616305775,"55,452",100% bullish,of 3 ratings,$25
HMTV,$13.54,1440616306030,"31,916",100% bearish,of 1 rating,$16
HCACU,$9.9505,1440616306125,"2,000",Not yet rated,NULL,N/A
HMNY,$2.27,1440616306232,200,100% bearish,of 1 rating,N/A
HELE,$83.99,1440616306285,"102,105",67% bearish,of 3 ratings,$100
HERO,NULL,1440616306308,0,NULL,NULL,NULL
HSIC,$136.71,1440616306329,"143,829",83% bullish,of 6 ratings,$146
HTBK,$10.73,1440616306459,"16,022",Not yet rated,NULL,$12
HEOP,$7.69,1440616306489,"2,992",Not yet rated,NULL,$8.50
HNNA,$24.497,1440616306517,"5,682",Not yet rated,NULL,N/A
HFWA,$17.44,1440616306595,"8,846",100% bullish,of 1 rating,$20
HCCI,$10.95,1440616306676,"20,153",100% bearish,of 1 rating,$16.50
HRTX,$32.69,1440616306810,"539,506",67% bullish,of 6 ratings,$41
MLHR,$26.67,1440616306836,"136,459",50% bullish,of 2 ratings,$33.50
HFFC,$15.8,1440616306878,"2,640",Not yet rated,NULL,N/A
HSKA,$33.16,1440616306906,"20,455",100% bearish,of 1 rating,$38
HIBB,$38.2,1440616307098,"239,561",100% bearish,of 1 rating,$46.50
HSGX,$6.06,1440616307339,"2,600",100% bearish,of 1 rating,$17
HIMX,$6.39,1440616307398,"522,461",86% bullish,of 21 ratings,$8.50
HMSY,$9.85,1440616307424,"783,586",67% bullish,of 3 ratings,$19.35
HOLI,$16.91,1440616307471,"155,550",50% bullish,of 4 ratings,$27
HOLX,$38.6075,1440616307525,"1,502,615",67% bullish,of 3 ratings,$42
HIHO,$3.61,1440616307546,"11,210",Not yet rated,NULL,N/A
HPJ,$2.164,1440616307583,"18,999",75% bullish,of 4 ratings,$12.43
HIFS,$115.72,1440616307604,"1,282",Not yet rated,NULL,N/A
HMNF,$11.1422,1440616307752,"2,677",Not yet rated,NULL,N/A
HBCP,$24.35,1440616307801,"2,047",Not yet rated,NULL,$29
HOMB,$37.455,1440616307836,"100,044",Not yet rated,NULL,$42
HMST,$21.72,1440616308114,"84,843",100% bullish,of 2 ratings,$27
AWAY,$27.99,1440616308165,"458,017",67% bullish,of 3 ratings,$36
CETC,$0.7001,1440616308270,"52,965",86% bullish,of 7 ratings,N/A
HMIN,$26.47,1440616308330,"72,775",100% bearish,of 2 ratings,$35
HFBL,$21.54,1440616308359,200,Not yet rated,NULL,N/A
HTBI,$17.97,1440616308456,"16,133",67% bullish,of 3 ratings,$18.625
HKTV,$4.296,1440616308558,"23,845",100% bearish,of 1 rating,N/A
HBNC,$22.93,1440616308583,"10,058",100% bullish,of 1 rating,$27
HFBC,$10.96,1440616308610,"4,417",Not yet rated,NULL,N/A
HOFT,$23.33,1440616308639,"13,936",100% bearish,of 1 rating,N/A
ZINC,$7.055,1440616308825,"243,132",100% bearish,of 1 rating,$17
HRZN,$10,1440616308866,"42,956",50% bullish,of 2 ratings,$14.25
HDP,$23.125,1440616308956,"257,691",67% bearish,of 3 ratings,$30.50
HZNP,$28.855,1440616308985,"839,645",85% bullish,of 20 ratings,$40
HMHC,$22.465,1440616309007,"738,082",Not yet rated,NULL,$27
HWCC,$7.23,1440616309090,"27,952",100% bearish,of 1 rating,$9
HOVNP,$4.35,1440616309219,"3,400",100% bearish,of 1 rating,N/A
HTGM,$5.55,1440616309303,"11,811",100% bearish,of 1 rating,$19.50
HBMD,$14.28,1440616309434,300,100% bearish,of 1 rating,N/A
HUBG,$37.61,1440616309498,"73,180",100% bearish,of 1 rating,$43
HSNI,$61.03,1440616309533,"104,598",Not yet rated,NULL,$80
HCBK,$9.135,1440616309578,"1,191,670",83% bullish,of 6 ratings,$8.61
HBANP,$1350,1440616309630,25,100% bearish,of 1 rating,N/A
HBAN,$10.495,1440616309658,"4,152,984",76% bullish,of 17 ratings,$12.29
HDSN,$3.045,1440616309794,"134,887",100% bullish,of 1 rating,$6.25
HSON,$2.58,1440616309829,"4,303",100% bearish,of 1 rating,$5
HTCH,$1.46,1440616310057,"55,008",100% bearish,of 1 rating,$3.50
HURN,$72.97,1440616310084,"115,563",50% bullish,of 2 ratings,$80
HBP,$3.06,1440616310212,"6,673",100% bullish,of 1 rating,N/A
HURC,$29.04,1440616310241,"3,872",100% bearish,of 1 rating,N/A
HDRA,NULL,1440616310265,0,Not yet rated,NULL,N/A
HDRAR,NULL,1440616310488,0,Not yet rated,NULL,N/A
HDRAW,NULL,1440616310519,0,Not yet rated,NULL,N/A
HDRAU,NULL,1440616310574,0,Not yet rated,NULL,N/A
IDSY,$3.725,1440616310605,"76,757",100% bearish,of 1 rating,$7
IACI,$69.23,1440616310631,"403,931",75% bullish,of 4 ratings,$90
IKGH,$1.5001,1440616310759,"10,332",75% bullish,of 4 ratings,N/A
IBKC,$58.13,1440616310814,"86,426",100% bullish,of 1 rating,$70
HYGS,$7.75,1440616310861,"16,545",50% bullish,of 2 ratings,$13
ICAD,$3.41,1440616311044,"77,030",50% bullish,of 2 ratings,$7.25
ICFI,$34.02,1440616311070,"30,139",50% bullish,of 2 ratings,$48.50
IEP,$68.49,1440616311095,"66,018",75% bullish,of 4 ratings,$99
ICLR,$78.23,1440616311225,"301,702",100% bearish,of 3 ratings,$85
INVE,$4.22,1440616311283,"17,186",75% bullish,of 4 ratings,$4
ICUI,$112.724,1440616311358,"34,205",Not yet rated,NULL,$122
ICON,$12.55,1440616311418,"474,666",50% bullish,of 2 ratings,$18.50
IDRA,$2.745,1440616311522,"603,840",89% bullish,of 9 ratings,$6.50
DSKY,$10.75,1440616311558,"98,192",67% bullish,of 6 ratings,$11.50
IPWR,$7.11,1440616311650,"9,089",100% bullish,of 1 rating,$15
IROQ,$16.76,1440616311697,"1,235",100% bullish,of 1 rating,N/A
IRG,$4.57,1440616311726,"18,041",100% bearish,of 1 rating,$4.50
IDXX,$71.82,1440616311754,"178,817",100% bearish,of 1 rating,$77
IIVI,$16.93,1440616311907,"71,161",100% bearish,of 1 rating,$22
IKAN,$2.73,1440616312160,"33,212",83% bullish,of 6 ratings,$5
RXDX,$12.78,1440616312190,"61,309",100% bullish,of 1 rating,$20
KANG,$15.1396,1440616312412,"260,228",50% bullish,of 2 ratings,$22.55
IMMR,$11.81,1440616312444,"54,828",80% bullish,of 5 ratings,$15.50
ISNS,$3.975,1440616312470,"11,825",50% bullish,of 2 ratings,N/A
ICCC,$7.69,1440616312553,"7,143",100% bullish,of 1 rating,N/A
IMNP,$1.2192,1440616312601,"110,596",50% bullish,of 2 ratings,$6
ILMN,$194.545,1440616312630,"1,529,165",80% bullish,of 5 ratings,$240
IKNX,$11.95,1440616312699,100,100% bearish,of 1 rating,N/A
IMDZ,$14.61,1440616312726,"56,397",100% bearish,of 1 rating,$33
IMMU,$1.9099,1440616312893,"352,930",86% bullish,of 7 ratings,$2
IMGN,$13.55,1440616312924,"505,866",75% bullish,of 4 ratings,$17.50
IMMY,$7.2975,1440616313058,"7,202",100% bearish,of 1 rating,$11
IPXL,$43.21,1440616313087,"280,181",67% bullish,of 3 ratings,$46.50
INCR,$41.65,1440616313277,"110,316",50% bullish,of 2 ratings,$53
INCY,$106.65,1440616313303,"500,415",50% bullish,of 6 ratings,$125.50
SAAS,$7.34,1440616313382,"135,075",50% bullish,of 2 ratings,$15
INDB,$43.88,1440616313707,"44,270",Not yet rated,NULL,$44
III,$3.965,1440616313733,"10,320",57% bullish,of 7 ratings,$6
IBTX,$39.44,1440616313770,"20,901",100% bullish,of 2 ratings,$47.25
INFN,$20.99,1440616313800,"1,453,995",71% bullish,of 7 ratings,$28
IBCP,$14.055,1440616313822,"49,341",100% bullish,of 1 rating,$14.50
IPCC,$77.53,1440616313859,"11,258",Not yet rated,NULL,$77.50
IDSA,$3.35,1440616313885,"5,156",Not yet rated,NULL,N/A
INFI,$8.71,1440616313914,"249,017",50% bullish,of 4 ratings,$18
IMKTA,$51.62,1440616314186,"36,267",100% bearish,of 1 rating,N/A
INOD,$2.34,1440616314343,"10,720",100% bearish,of 1 rating,N/A
INNL,$12.4,1440616314376,"1,365",100% bearish,of 1 rating,$16.50
IFON,$1.22,1440616314409,"14,980",75% bullish,of 4 ratings,N/A
IPHS,$46.49,1440616314510,"40,652",100% bearish,of 1 rating,$60
INWK,$6.95,1440616314539,"62,674",50% bullish,of 2 ratings,$10
ISSC,$2.86,1440616314565,"5,138",67% bearish,of 3 ratings,N/A
IOSP,$47.33,1440616314643,"184,868",100% bearish,of 1 rating,N/A
ITEK,$11.74,1440616314714,"356,827",100% bearish,of 3 ratings,$20
NSIT,$25.5,1440616314778,"75,427",50% bullish,of 2 ratings,N/A
INGN,$46.3968,1440616314847,"72,741",100% bearish,of 1 rating,$50.50
INSM,$23.76,1440616314983,"182,288",71% bullish,of 7 ratings,$31.50
ISIG,$2.6,1440616315019,"7,800",100% bearish,of 1 rating,N/A
IIIN,$17,1440616315083,"27,773",100% bearish,of 2 ratings,N/A
INO,$6.77,1440616315109,"525,731",89% bullish,of 18 ratings,$20
INOV,$20.74,1440616315136,"304,775",100% bearish,of 1 rating,$33
PODD,$29.06,1440616315447,"137,985",67% bearish,of 3 ratings,$35
INSY,$32.52,1440616315497,"268,648",75% bullish,of 4 ratings,$48
IART,$59.62,1440616315627,"193,961",100% bearish,of 1 rating,$71.50
NTEC,$5.55,1440616315656,"38,299",100% bearish,of 1 rating,N/A
IDTI,$17.7686,1440616315684,"948,228",60% bullish,of 5 ratings,$25
ISSI,$22,1440616315711,"127,775",67% bullish,of 3 ratings,$19.75
IESC,$7.25,1440616315732,"2,093",100% bearish,of 1 rating,N/A
IQNT,$18.89,1440616315789,"120,132",86% bullish,of 7 ratings,$20
INTC,$27.19,1440616315866,"18,234,513",82% bullish,of 238 ratings,$36
IPAR,$25.73,1440616315939,"21,679",67% bullish,of 3 ratings,$38
ININ,$35.13,1440616316075,"36,967",67% bearish,of 3 ratings,$57
IPCI,$2.12,1440616316207,"57,293",67% bullish,of 6 ratings,$8
IBKR,$38,1440616316232,"297,639",100% bullish,of 1 rating,N/A
ICPT,$180.05,1440616316258,"174,208",70% bullish,of 10 ratings,$359.50
ICLDW,NULL,1440616316394,0,100% bearish,of 1 rating,N/A
TILE,$23.73,1440616316449,"280,421",100% bearish,of 3 ratings,$27
IDCC,$47.97,1440616316474,"116,889",80% bullish,of 5 ratings,$63
ICLD,$1.7301,1440616316526,"114,840",75% bullish,of 4 ratings,N/A
INAP,$7.9,1440616316764,"98,042",75% bullish,of 4 ratings,$11
IGLD,$6.965,1440616316791,"3,315",50% bullish,of 2 ratings,N/A
IIJI,$10.13,1440616316817,100,50% bullish,of 2 ratings,$11.50
IBOC,$24.74,1440616316845,"50,334",100% bearish,of 1 rating,N/A
IMI,$1.96,1440616316873,"102,035",67% bullish,of 3 ratings,$2.22
ISCA,$30.495,1440616316948,"74,429",100% bearish,of 1 rating,N/A
PTNT,$2.97,1440616317091,"10,602",Not yet rated,NULL,N/A
INPH,$0.2802,1440616317149,"13,200",50% bullish,of 2 ratings,N/A
XENT,$25.87,1440616317222,"86,298",50% bullish,of 2 ratings,$36.50
INTX,$2.02,1440616317355,"130,048",67% bullish,of 3 ratings,N/A
ISIL,$10.19,1440616317383,"329,284",50% bullish,of 6 ratings,$15
INTLL,$25.6499,1440616317511,"3,925",Not yet rated,NULL,N/A
IILG,$19.58,1440616317559,"58,432",100% bearish,of 1 rating,$29
IVAC,$4.65,1440616317586,"13,761",100% bearish,of 1 rating,$6.625
INTU,$83.82,1440616317714,"1,849,085",86% bullish,of 7 ratings,$107.50
ITCI,$25.9999,1440616317850,"361,846",75% bearish,of 4 ratings,$40
INVT,$0.26,1440616317881,"58,802",67% bullish,of 3 ratings,N/A
IIN,$6.02,1440616317908,100,100% bearish,of 1 rating,$12
ISRG,$507.61,1440616317934,"86,574",67% bullish,of 3 ratings,$600
INTL,$26.03,1440616317984,"38,616",67% bearish,of 3 ratings,N/A
SNAK,$8.36,1440616318313,"99,090",50% bullish,of 2 ratings,$14
ISTR,$15.55,1440616318339,"3,302",100% bearish,of 1 rating,$18.50
ISBC,$11.52,1440616318364,"1,108,745",100% bullish,of 1 rating,$13.25
IPAS,$1.07,1440616318414,"2,584",67% bullish,of 3 ratings,N/A
NVIV,$9.7448,1440616318441,"116,615",50% bullish,of 4 ratings,$24.50
ITIC,$71,1440616318496,600,100% bearish,of 2 ratings,N/A
DTUL,NULL,1440616318745,0,Not yet rated,NULL,N/A
IPCM,$79.15,1440616318804,"97,237",50% bullish,of 2 ratings,$80.125
IVTY,$13.61,1440616318838,"5,654",Not yet rated,NULL,$18
IRMD,$25.71,1440616318869,"4,658",67% bearish,of 3 ratings,$25
IPGP,$84.28,1440616318899,"189,678",100% bearish,of 2 ratings,$109.50
IRIX,$6.72,1440616318930,"37,242",100% bearish,of 1 rating,N/A
DFVL,NULL,1440616318969,0,Not yet rated,NULL,N/A
IRDM,$6.9599,1440616318995,"263,444",60% bullish,of 5 ratings,$11.50
IRDMB,$271.95,1440616319255,906,67% bearish,of 3 ratings,N/A
IRBT,$27.78,1440616319288,"173,546",67% bullish,of 6 ratings,$37
IRWD,$10.96,1440616319386,"471,617",100% bearish,of 1 rating,$13
GNMA,$50.17,1440616319465,"3,288",Not yet rated,NULL,N/A
FCHI,NULL,1440616319492,0,NULL,NULL,NULL
COMT,$31.05,1440616319595,"6,356",100% bearish,of 1 rating,N/A
IRCP,NULL,1440616319622,0,100% bullish,of 2 ratings,N/A
IFNA,NULL,1440616319678,0,NULL,NULL,NULL
IFGL,$28.1657,1440616319748,"72,944",Not yet rated,NULL,N/A
IFAS,NULL,1440616319775,0,NULL,NULL,NULL
ACWX,$40.11,1440616319848,"1,101,914",100% bearish,of 1 rating,N/A
IFEU,$37.75,1440616319910,"34,336",Not yet rated,NULL,N/A
AAIT,NULL,1440616320064,0,NULL,NULL,NULL
AXJS,NULL,1440616320089,0,NULL,NULL,NULL
AAXJ,$52,1440616320110,"2,016,662",Not yet rated,NULL,N/A
ACWI,$54.8,1440616320251,"1,683,842",Not yet rated,NULL,N/A
EEMA,$48.87,1440616320319,"8,842",Not yet rated,NULL,N/A
EEME,NULL,1440616320348,0,NULL,NULL,NULL
EMDI,NULL,1440616320446,0,NULL,NULL,NULL
EMEY,NULL,1440616320470,0,NULL,NULL,NULL
EGRW,NULL,1440616320531,0,NULL,NULL,NULL
EEML,$26.54,1440616320715,"9,686",Not yet rated,NULL,N/A
IEUS,$44.69,1440616320766,"8,922",100% bearish,of 1 rating,N/A
UAE,$16.815,1440616320873,300,Not yet rated,NULL,N/A
IBB,$339.03,1440616320958,"826,815",63% bullish,of 8 ratings,N/A
QAT,$20.285,1440616321014,688,Not yet rated,NULL,N/A
EVAL,NULL,1440616321060,0,NULL,NULL,NULL
EUFN,$21.625,1440616321153,"347,601",100% bearish,of 1 rating,N/A
SOXX,$78.78,1440616321246,"359,707",50% bullish,of 2 ratings,N/A
WOOD,$46.5,1440616321331,"8,864",50% bullish,of 2 ratings,N/A
EMIF,$27.4799,1440616321381,"31,897",Not yet rated,NULL,N/A
ICLN,$9.14,1440616321483,"9,886",50% bullish,of 2 ratings,N/A
ISIS,$48.6,1440616321530,"914,391",53% bullish,of 15 ratings,$67
ISHG,$80.2413,1440616321725,"23,793",100% bearish,of 1 rating,N/A
IGOV,$91.81,1440616321749,"38,673",100% bearish,of 1 rating,N/A
ISRL,$125,1440616321774,115,100% bearish,of 1 rating,N/A
INDY,$27.22,1440616321801,"91,302",50% bullish,of 2 ratings,N/A
ITRI,$29.26,1440616321950,"194,531",Not yet rated,NULL,$37
ISLE,$16.49,1440616321978,"117,042",50% bullish,of 4 ratings,$16
IXYS,$10.42,1440616322113,"56,064",50% bullish,of 4 ratings,N/A
ITUS,NULL,1440616322143,0,Not yet rated,NULL,N/A
ITRN,$23.58,1440616322240,"1,286",50% bullish,of 2 ratings,N/A
JJSF,$113.32,1440616322298,"24,394",100% bearish,of 1 rating,N/A
XXIA,$14.895,1440616322333,"157,430",71% bullish,of 7 ratings,$14.625
JBHT,$73.12,1440616322431,"780,348",50% bullish,of 4 ratings,$89.50
JCOM,$67.2599,1440616322563,"160,845",100% bullish,of 2 ratings,$77
MAYS,NULL,1440616322608,0,Not yet rated,NULL,N/A
JKHY,$68.43,1440616322635,"445,528",50% bullish,of 2 ratings,$72
JACK,$79.78,1440616322816,"193,913",83% bullish,of 6 ratings,$105
JASO,$7.48,1440616322862,"551,801",82% bullish,of 17 ratings,$10
JAKK,$9.38,1440616322995,"253,434",60% bearish,of 5 ratings,$11
JMBA,$13.4,1440616323023,"89,181",75% bullish,of 4 ratings,$18
JXSB,$23.92,1440616323044,700,Not yet rated,NULL,N/A
JAXB,$12.28,1440616323099,"64,500",100% bullish,of 1 rating,N/A
JRVR,$26.42,1440616323178,"43,085",Not yet rated,NULL,$32
JAGX,$2.79,1440616323225,"3,129",Not yet rated,NULL,N/A
ERW,NULL,1440616323312,0,Not yet rated,NULL,N/A
JASN,$4.8098,1440616323345,"14,193",50% bullish,of 2 ratings,$9.50
JAZZ,$164.9599,1440616323440,"195,073",80% bullish,of 15 ratings,$206.50
JASNW,NULL,1440616323546,0,50% bullish,of 2 ratings,N/A
JD,$25.46,1440616323575,"4,466,043",75% bullish,of 16 ratings,$36
JBLU,$22.17,1440616323680,"3,237,248",94% bullish,of 18 ratings,$27
JTPY,$2.92,1440616323876,920,100% bearish,of 1 rating,N/A
DATE,$5.69,1440616323902,"93,836",75% bullish,of 4 ratings,$9
JOUT,$22.6,1440616323955,"6,300",100% bearish,of 1 rating,$34
WYIGU,$10.01,1440616323988,"64,843",Not yet rated,NULL,N/A
JOEZ,$0.16,1440616324084,"205,196",92% bullish,of 12 ratings,N/A
JCTCF,$9.5,1440616324116,100,100% bullish,of 1 rating,N/A
JST,$3.76,1440616324144,"28,503",75% bullish,of 4 ratings,N/A
JIVE,$4.28,1440616324218,"269,057",75% bullish,of 4 ratings,$5
JUNO,$36.155,1440616324287,"713,736",73% bullish,of 11 ratings,$71.50
JNP,$9.37,1440616324358,"11,445",100% bullish,of 3 ratings,$15
JBSS,$53.03,1440616324383,"24,274",67% bearish,of 3 ratings,N/A
KBIO,$2.0199,1440616324775,"155,570",50% bullish,of 4 ratings,N/A
KMDA,$3.27,1440616324842,"4,600",50% bullish,of 2 ratings,$8
KPTI,$13.27,1440616324867,"115,730",67% bearish,of 3 ratings,$39
KTWO,$20.95,1440616324892,"68,035",100% bearish,of 1 rating,$28.50
