Symbol,Price,Date,Volume,Rating,RatingVoteCount,OneYearEstimate
TFSCW,NULL,1440278102297,0,100% bearish,of 1 rating,N/A
FCTY,$7.63,1440278102326,300,100% bullish,of 1 rating,$8.50
TFSCR,NULL,1440278102346,0,Not yet rated,NULL,N/A
SRCE,$30.03,1440278102368,"55,334",100% bullish,of 3 ratings,$33
FCCY,$11.6,1440278102399,354,100% bullish,of 1 rating,$13
VNET,$19.27,1440278102598,"733,790",60% bullish,of 5 ratings,$29.50
FLWS,$9.36,1440278102629,"220,692",100% bullish,of 5 ratings,$15
PIH,$7.2,1440278102661,"15,400",100% bearish,of 1 rating,N/A
DGLD,$76.08,1440278102684,"21,135",100% bullish,of 1 rating,N/A
TWOU,$34.02,1440278102710,"673,961",50% bullish,of 2 ratings,$39
DSLV,$61.29,1440278102741,"22,007",100% bearish,of 1 rating,N/A
UGLD,$9.99,1440278102776,"253,649",100% bearish,of 1 rating,N/A
USLV,$14.59,1440278102843,"218,982",86% bullish,of 7 ratings,N/A
JOBS,$25.35,1440278102908,"172,084",50% bullish,of 4 ratings,$36
TFSC,NULL,1440278102935,0,100% bearish,of 1 rating,N/A
EGHT,$8.215,1440278103223,"436,691",82% bullish,of 17 ratings,$11
SIXD,$1.47,1440278103277,"250,988",Not yet rated,NULL,N/A
CAFD,$15.52,1440278103298,"330,925",Not yet rated,NULL,$25
AAON,$21.67,1440278103329,"166,594",100% bearish,of 1 rating,$24
SHLM,$34.05,1440278103350,"123,800",100% bearish,of 1 rating,$50
TFSCU,NULL,1440278103381,0,Not yet rated,NULL,N/A
AVHI,$13.95,1440278103518,"37,920",100% bearish,of 1 rating,$19
ABY,$20,1440278103549,"1,100,886",100% bearish,of 2 ratings,$46
ABAX,$47.54,1440278103570,"139,615",100% bearish,of 1 rating,$60
ABEO,$4.83,1440278103620,"140,862",67% bullish,of 3 ratings,$15.50
ABGB,$4.09,1440278103649,"34,916",67% bullish,of 3 ratings,$5.50
ABEOW,$1.76,1440278103748,"2,525",100% bullish,of 1 rating,N/A
ABMD,$97.08,1440278103834,"831,796",75% bullish,of 4 ratings,$100.50
AXAS,$1.56,1440278103862,"860,487",78% bullish,of 9 ratings,$3.50
ACTG,$8.87,1440278103891,"323,174",67% bullish,of 3 ratings,$18.50
ACAD,$38.13,1440278103992,"928,540",80% bullish,of 20 ratings,$48
AXDX,$17.93,1440278104175,"220,988",100% bearish,of 1 rating,N/A
XLRN,$28.36,1440278104199,"111,031",50% bullish,of 2 ratings,$57
ANCX,$18.76,1440278104226,"31,836",Not yet rated,NULL,$19
ACST,$0.361,1440278104258,"71,223",100% bullish,of 2 ratings,N/A
VXDN,$5.5,1440278104360,"50,671",100% bearish,of 1 rating,N/A
VXUP,$27,1440278104424,"49,956",Not yet rated,NULL,N/A
ACRX,$4.05,1440278104497,"360,315",67% bearish,of 6 ratings,$5.50
ACET,$24.41,1440278104555,"127,207",75% bullish,of 4 ratings,$30
AKAO,$6.9457,1440278104633,"55,800",75% bullish,of 4 ratings,$15
ACHC,$73.6762,1440278104765,"815,815",50% bullish,of 2 ratings,$92
ACNB,$20.33,1440278104823,"1,376",Not yet rated,NULL,N/A
ACHN,$7.75,1440278104854,"1,754,841",90% bullish,of 21 ratings,$16
ACOR,$29.75,1440278104876,"642,828",67% bearish,of 3 ratings,$38.50
ACIW,$21.89,1440278104905,"571,274",50% bullish,of 2 ratings,$24
ACTS,$1.3,1440278104935,"51,585",100% bearish,of 1 rating,N/A
ACPW,$1.856,1440278105036,"65,399",100% bullish,of 4 ratings,$3.50
ARAY,$6.53,1440278105063,"3,387,732",100% bearish,of 1 rating,$10.50
ATVI,$27.2167,1440278105207,"5,132,751",68% bullish,of 84 ratings,$31.50
ACTA,$13.89,1440278105234,"113,227",67% bearish,of 3 ratings,$25
ACUR,$0.6182,1440278105257,"65,134",100% bullish,of 5 ratings,$1
ACXM,$20.1276,1440278105281,"350,940",67% bullish,of 3 ratings,N/A
ADMS,$20.07,1440278105318,"78,833",100% bearish,of 2 ratings,$36
ADMP,$3.65,1440278105418,"21,417",50% bullish,of 2 ratings,$10
ADEP,$6.75,1440278105622,"33,889",50% bullish,of 2 ratings,$10.75
ADAP,$12.53,1440278105649,"216,853",67% bullish,of 3 ratings,$22
ADMA,$9.3,1440278105670,"3,500",Not yet rated,NULL,$19
ADUS,$29.83,1440278105691,"59,827",100% bearish,of 1 rating,$31
ADBE,$78.87,1440278105723,"4,323,734",65% bullish,of 17 ratings,$90
AMD,$1.76,1440278105895,"7,935,981",83% bullish,of 103 ratings,$2
ADTN,$15.59,1440278105930,"349,681",67% bullish,of 3 ratings,$17.125
AEIS,$25.055,1440278105961,"198,884",50% bullish,of 2 ratings,$32.50
ADRO,$19.44,1440278105986,"252,323",80% bullish,of 5 ratings,$45.50
ADXS,$14.5,1440278106017,"919,015",64% bullish,of 14 ratings,$27
ADXSW,$10.15,1440278106037,"5,206",100% bullish,of 1 rating,N/A
MULT,NULL,1440278106068,0,100% bearish,of 1 rating,N/A
YPRO,$23.29,1440278106210,"4,120",100% bearish,of 1 rating,N/A
AEGR,$18.26,1440278106244,"394,681",50% bullish,of 6 ratings,$26
AEGN,$18.24,1440278106403,"212,917",100% bearish,of 1 rating,$21
AMTX,$3.09,1440278106782,"17,253",50% bullish,of 2 ratings,$26.11
AEPI,$57.13,1440278106814,"21,960",100% bearish,of 1 rating,N/A
AVAV,$24.38,1440278106845,"143,405",50% bullish,of 4 ratings,$31
AEMD,$7.22,1440278106866,"187,619",Not yet rated,NULL,$27.50
AEHR,$2.24,1440278106887,"7,972",50% bullish,of 2 ratings,N/A
AEY,$2.29,1440278106926,"39,023",100% bearish,of 2 ratings,N/A
AERI,$15.92,1440278106947,"361,223",75% bullish,of 4 ratings,$31.50
AEZS,$0.1005,1440278106968,"5,371,374",90% bullish,of 21 ratings,$1.50
AFMD,$9.78,1440278107450,"174,087",50% bullish,of 4 ratings,$15
AGRX,$8.17,1440278107478,"49,951",100% bearish,of 1 rating,$17.50
AFFX,$9.4,1440278107546,"587,032",80% bullish,of 5 ratings,$12
AGEN,$7.04,1440278107572,"940,432",85% bullish,of 13 ratings,$14
AGYS,$9.63,1440278107593,"33,010",100% bearish,of 1 rating,N/A
AGIO,$85.65,1440278107748,"509,530",88% bullish,of 8 ratings,$114
AIRM,$36.55,1440278107893,"309,312",80% bearish,of 5 ratings,$53
AIRT,$22.94,1440278107956,51,100% bullish,of 1 rating,N/A
AGFS,$9.8121,1440278108024,"73,206",100% bearish,of 1 rating,N/A
AIMT,$21.1,1440278108054,"120,787",Not yet rated,NULL,N/A
AGFSW,$1.79,1440278108084,"28,997",100% bearish,of 2 ratings,N/A
ATSG,$9.1,1440278108156,"264,911",67% bullish,of 3 ratings,$13
AKAM,$68.463,1440278108183,"1,585,448",63% bullish,of 8 ratings,$77
AKBA,$6.65,1440278108214,"184,781",100% bearish,of 1 rating,$18
AMCN,$4.9,1440278108317,"424,894",83% bullish,of 6 ratings,N/A
AIXG,$5.98,1440278108361,"34,571",67% bearish,of 3 ratings,$5.25
AKER,$2.62,1440278108464,"93,096",Not yet rated,NULL,N/A
ALRM,$16.46,1440278108489,"358,434",100% bearish,of 1 rating,$22
AKRX,$40.2552,1440278108516,"930,040",78% bullish,of 9 ratings,$56
AMRI,$19.73,1440278108542,"245,268",75% bearish,of 4 ratings,$24
ALSK,$2.11,1440278108567,"112,029",78% bullish,of 18 ratings,$2
ABDC,$12.7,1440278108696,"21,785",Not yet rated,NULL,$15
ALDR,$36.64,1440278108754,"474,720",67% bearish,of 3 ratings,$62
ALDX,$7.62,1440278108782,"6,759",100% bearish,of 1 rating,$14.50
ALXN,$173.81,1440278108851,"1,548,456",88% bullish,of 8 ratings,$223
ALGN,$56.4432,1440278108879,"422,327",100% bearish,of 2 ratings,$73
ALXA,$1.07,1440278108908,"26,737",83% bullish,of 6 ratings,$2.125
ALCO,$42.36,1440278108957,"24,127",50% bullish,of 2 ratings,N/A
ALIM,$3.15,1440278109122,"169,442",80% bullish,of 5 ratings,$10
ALKS,$60.35,1440278109149,"705,866",67% bullish,of 3 ratings,$75
ADHD,$8.31,1440278109177,"220,062",50% bullish,of 4 ratings,$18
ALGT,$216.09,1440278109208,"164,611",100% bearish,of 1 rating,$235
ALLB,$23.48,1440278109234,"1,820",Not yet rated,NULL,N/A
AIQ,$14.7,1440278109313,"29,906",67% bullish,of 3 ratings,N/A
AHGP,$36.6344,1440278109365,"31,919",67% bullish,of 3 ratings,N/A
AFOP,$17.51,1440278109420,"139,898",75% bullish,of 8 ratings,$21
AHPI,$1.46,1440278109466,435,50% bullish,of 2 ratings,N/A
ARLP,$24.94,1440278109520,"151,729",67% bearish,of 3 ratings,$32
AMOT,$17.09,1440278109569,"80,719",100% bearish,of 1 rating,N/A
ALQA,$4.43,1440278109594,"36,237",75% bullish,of 4 ratings,$8.50
MDRX,$13.52,1440278109742,"1,235,763",60% bullish,of 5 ratings,$16
AFAM,$46.84,1440278109774,"72,495",50% bullish,of 2 ratings,$44
ALLT,$5.04,1440278109802,"71,089",75% bullish,of 4 ratings,$6.25
ALNY,$100.3178,1440278109872,"414,351",67% bullish,of 3 ratings,$148.50
ALTR,$48.17,1440278110006,"2,956,121",80% bearish,of 5 ratings,$54
AOSL,$7.21,1440278110037,"45,497",67% bullish,of 3 ratings,$9
ASPS,$29.2565,1440278110066,"228,767",67% bullish,of 3 ratings,$46.50
ATEC,$0.5768,1440278110096,"46,618",100% bullish,of 1 rating,$2
SMCP,$22.56,1440278110170,"1,500",Not yet rated,NULL,N/A
AMRN,$2.03,1440278110200,"741,425",85% bullish,of 39 ratings,$8
AIMC,$25.28,1440278110304,"92,117",100% bearish,of 1 rating,$28.50
AMAG,$59.95,1440278110333,"476,323",100% bullish,of 2 ratings,$77.50
AMRK,$10.57,1440278110359,"4,627",50% bullish,of 2 ratings,$14
AYA,$21.62,1440278110435,"63,923",100% bearish,of 1 rating,$40
AMZN,$495.5,1440278110495,"3,790,755",81% bullish,of 263 ratings,$646
AMBC,$15.6,1440278110525,"245,406",100% bearish,of 1 rating,$16.50
AMBA,$89,1440278110623,"5,366,218",83% bullish,of 12 ratings,$102.50
EPAX,$2.69,1440278110692,"74,357",100% bearish,of 1 rating,N/A
AMBCW,$7.0532,1440278110723,"1,178",100% bearish,of 1 rating,N/A
AMCX,$67.7119,1440278110745,"687,069",67% bullish,of 3 ratings,$85.50
AMDA,$0.463,1440278110782,"1,233,767",90% bullish,of 10 ratings,$1
DOX,$59,1440278110826,"282,272",50% bullish,of 2 ratings,$60
AMED,$40.5,1440278110975,"290,278",100% bearish,of 1 rating,$42
UHAL,$363.52,1440278111010,"15,187",100% bullish,of 2 ratings,$393.50
AMOV,$17.65,1440278111035,"5,863",100% bearish,of 1 rating,N/A
ATAX,$5.23,1440278111060,"155,087",100% bullish,of 1 rating,$6.50
AAL,$39.75,1440278111108,"11,179,538",93% bullish,of 88 ratings,$57
AGNC,$19.553,1440278111188,"3,952,543",75% bullish,of 28 ratings,$22
ASBI,$22.55,1440278111242,154,Not yet rated,NULL,N/A
AGNCB,$24.23,1440278111290,"21,668",Not yet rated,NULL,N/A
MTGE,$15.7,1440278111319,"402,399",75% bullish,of 4 ratings,$19.50
AGNCP,$25.34,1440278111347,"7,150",Not yet rated,NULL,N/A
MTGEP,$24.12,1440278111422,"1,127",Not yet rated,NULL,N/A
ACSF,$12.225,1440278111510,"33,060",100% bearish,of 1 rating,$15
ANCI,$1.59,1440278111568,"10,070",100% bearish,of 1 rating,N/A
ACAS,$13.74,1440278111595,"1,556,266",60% bullish,of 5 ratings,$16.75
AMIC,$10.21,1440278111627,8,Not yet rated,NULL,N/A
AETI,$4.28,1440278111660,2,67% bearish,of 3 ratings,N/A
AMNB,$22.8,1440278111722,"22,976",Not yet rated,NULL,$25.50
ANAT,$100,1440278111791,"19,158",100% bullish,of 1 rating,N/A
APEI,$21.26,1440278111821,"155,037",100% bearish,of 1 rating,$25.50
ARII,$38.75,1440278111922,"183,877",67% bearish,of 3 ratings,$45
AMRB,$10,1440278111952,"2,054",Not yet rated,NULL,$11
AMSC,$3.48,1440278111998,"36,442",50% bullish,of 4 ratings,N/A
ASEI,$39.68,1440278112026,"53,467",100% bearish,of 1 rating,$52.50
AMSWA,$9.06,1440278112054,"86,700",100% bearish,of 2 ratings,$10.75
AMWD,$67.8,1440278112126,"272,213",50% bullish,of 2 ratings,$58
CRMT,$37.91,1440278112222,"120,497",100% bearish,of 1 rating,$49
ABCB,$27.64,1440278112254,"189,477",Not yet rated,NULL,$31
AMSF,$49.68,1440278112513,"122,373",Not yet rated,NULL,$57.50
ASRV,$3.27,1440278112788,840,100% bullish,of 2 ratings,N/A
FOLD,$14.05,1440278112814,"2,614,067",56% bullish,of 9 ratings,$21
ASRVP,NULL,1440278112841,0,Not yet rated,NULL,N/A
AMGN,$155.9,1440278112864,"4,702,712",89% bullish,of 19 ratings,$185
ATLO,$23.31,1440278112885,"15,885",Not yet rated,NULL,N/A
AMPH,$13.79,1440278113046,"166,636",50% bullish,of 2 ratings,$20
AMKR,$4.39,1440278113082,"1,544,185",100% bearish,of 2 ratings,$5
AMSGP,NULL,1440278113109,0,Not yet rated,NULL,N/A
AMSG,$81.5,1440278113151,"320,262",100% bearish,of 1 rating,$85.50
AFSI,$58.44,1440278113182,"1,008,977",60% bullish,of 5 ratings,$72
ASYS,$5.18,1440278113202,"35,518",67% bullish,of 3 ratings,$12
AMRS,$1.63,1440278113237,"53,848",70% bullish,of 10 ratings,N/A
ANAC,$129.49,1440278113388,"607,726",80% bullish,of 5 ratings,$180.50
ANAD,$0.333,1440278113433,"132,364",100% bullish,of 2 ratings,$.50
ALOG,$83.13,1440278113470,"75,588",100% bearish,of 2 ratings,$100.50
ANCB,$22.3001,1440278113519,500,Not yet rated,NULL,$23
ADI,$53.78,1440278113548,"3,922,593",67% bullish,of 3 ratings,$69
AMCF,$0.26,1440278113578,"9,494",100% bullish,of 7 ratings,N/A
ABCW,$39.96,1440278113599,"10,347",67% bullish,of 3 ratings,N/A
ANGI,$4.64,1440278113732,"919,270",64% bullish,of 11 ratings,$5.50
ANGO,$14.71,1440278113758,"99,313",67% bullish,of 3 ratings,$19
ANIP,$49.38,1440278113831,"250,484",89% bullish,of 19 ratings,$66
ANSS,$90.92,1440278113858,"391,059",100% bearish,of 1 rating,$100
ANIK,$34.88,1440278113900,"106,488",60% bullish,of 5 ratings,$51.25
ATRS,$1.81,1440278114006,"537,668",92% bullish,of 12 ratings,$4.50
ANTH,$7.04,1440278114058,"1,783,771",80% bullish,of 10 ratings,$13
ABAC,$0.73,1440278114108,"36,221",100% bearish,of 1 rating,N/A
ATNY,$2.37,1440278114163,"2,775",50% bullish,of 2 ratings,$3.75
APOL,$10.9787,1440278114188,"992,661",87% bearish,of 68 ratings,$14
APOG,$51.6,1440278114215,"212,697",100% bullish,of 1 rating,$67
APIC,$6.49,1440278114242,"180,683",100% bearish,of 1 rating,$19
AINV,$6.4767,1440278114375,"1,117,263",50% bullish,of 4 ratings,$8
APPF,$16.84,1440278114402,"52,701",50% bullish,of 2 ratings,$22
AAPL,$105.9,1440278114423,"82,174,464",86% bullish,of 2338 ratings,$150
ARCI,$1.33,1440278114456,"3,906",Not yet rated,NULL,N/A
APDNW,$1.15,1440278114666,"2,800",Not yet rated,NULL,N/A
APDN,$3.22,1440278114700,"61,834",Not yet rated,NULL,$9
AGTC,$15.74,1440278114730,"119,853",50% bullish,of 2 ratings,$33
AMCC,$5.35,1440278114802,"963,117",80% bullish,of 5 ratings,$8
AAOI,$19.89,1440278114827,"285,163",50% bullish,of 4 ratings,$26
AMAT,$15.497,1440278114853,"12,956,491",82% bullish,of 11 ratings,$23
AREX,$2.03,1440278114887,"890,815",100% bearish,of 1 rating,$3
APRI,$1.33,1440278114987,"155,441",83% bullish,of 6 ratings,$4.86
AQXP,$18.2999,1440278115048,"469,595",50% bullish,of 2 ratings,$2
AQMS,$5,1440278115077,"19,025",Not yet rated,NULL,N/A
APTO,$5.09,1440278115098,"8,208",Not yet rated,NULL,$17
AUMA,NULL,1440278115148,0,Not yet rated,NULL,N/A
AUMAU,$9.94,1440278115169,"1,200",Not yet rated,NULL,N/A
AUMAW,NULL,1440278115233,0,Not yet rated,NULL,N/A
ARDM,$7.03,1440278115258,"4,358",100% bullish,of 1 rating,$26
PETX,$17.4,1440278115465,"307,971",100% bearish,of 2 ratings,$26
ARCW,$3.48,1440278115539,"25,137",100% bearish,of 2 ratings,$10.50
ARCB,$29.47,1440278115573,"211,071",50% bullish,of 2 ratings,$39.50
ABIO,$0.9,1440278115600,"131,271",50% bullish,of 2 ratings,$3.75
ABUS,$7.21,1440278115626,"502,243",86% bullish,of 14 ratings,$23
ACGL,$70.5015,1440278115647,"414,489",50% bullish,of 2 ratings,$72
ACAT,$26.89,1440278115681,"260,125",100% bearish,of 3 ratings,$33
RKDA,$5.76,1440278115702,"19,343",100% bearish,of 2 ratings,$10
AGII,$57.69,1440278115836,"141,575",Not yet rated,NULL,$59.50
ARCC,$15.47,1440278115864,"1,615,433",67% bearish,of 3 ratings,$17.875
ARNA,$2.97,1440278115905,"4,127,037",90% bullish,of 77 ratings,$5.50
ARDX,$17.41,1440278115965,"91,948",50% bullish,of 2 ratings,$24.50
ARGS,$6.17,1440278116044,"116,903",50% bullish,of 2 ratings,$19.50
AGIIL,$25.45,1440278116070,"5,893",Not yet rated,NULL,N/A
ARIS,$3.3,1440278116140,"8,290",Not yet rated,NULL,$4.50
ARMH,$40.1,1440278116211,"1,339,073",54% bearish,of 13 ratings,$61
ARIA,$6.7,1440278116241,"3,153,702",87% bullish,of 46 ratings,$9
ARKR,$25.36,1440278116345,552,50% bullish,of 2 ratings,N/A
ARWA,NULL,1440278116376,0,Not yet rated,NULL,N/A
ARWAR,NULL,1440278116402,0,Not yet rated,NULL,N/A
ARTX,$1.48,1440278116434,"105,854",88% bullish,of 16 ratings,$4.50
ARWAU,NULL,1440278116459,0,100% bullish,of 1 rating,N/A
ARWAW,NULL,1440278116505,0,Not yet rated,NULL,N/A
ARQL,$1.67,1440278116561,"200,267",75% bullish,of 4 ratings,$5
ARRS,$26.44,1440278116693,"1,060,211",50% bullish,of 2 ratings,$38
DWAT,$9.92,1440278116723,"46,463",100% bearish,of 1 rating,N/A
ARRY,$5.45,1440278116766,"1,219,732",100% bullish,of 7 ratings,$10
ARWR,$5.57,1440278116829,"814,360",75% bullish,of 4 ratings,$10.50
AROW,$27.24,1440278116855,"41,580",Not yet rated,NULL,N/A
ASBB,$25.05,1440278116987,372,Not yet rated,NULL,N/A
ARTNA,$22.48,1440278117020,"42,576",100% bearish,of 1 rating,$29
ASND,$18.23,1440278117126,"38,275",100% bullish,of 1 rating,$30
ARTW,$4.45,1440278117153,"3,048",75% bearish,of 4 ratings,N/A
ASNA,$11.2187,1440278117175,"8,984,030",50% bullish,of 2 ratings,$18
ASTI,$0.13,1440278117212,"1,817,223",83% bullish,of 6 ratings,$3
ASCMA,$28.6,1440278117233,"180,787",100% bearish,of 1 rating,$45
APWC,$1.9,1440278117254,406,100% bearish,of 1 rating,N/A
ASMI,NULL,1440278117392,0,NULL,NULL,NULL
ASML,$85.91,1440278118019,"1,134,628",67% bullish,of 3 ratings,$127
ASFI,$8.95,1440278118052,"3,732",100% bullish,of 1 rating,N/A
ASMB,$12.44,1440278118073,"80,806",67% bullish,of 3 ratings,N/A
AZPN,$38.4,1440278118094,"991,920",50% bullish,of 2 ratings,$42
ALOT,$13.51,1440278118116,"1,011",100% bearish,of 1 rating,N/A
ASTE,$36.28,1440278118294,"88,638",100% bearish,of 1 rating,$48
ATAI,$2.78,1440278118332,"31,993",100% bearish,of 1 rating,N/A
ASTC,$2.2,1440278118360,"39,970",100% bullish,of 5 ratings,N/A
ATRO,$52.77,1440278118381,"98,668",100% bearish,of 2 ratings,$80
ATRA,$42.01,1440278118421,"183,569",50% bullish,of 2 ratings,$68
ASUR,$5.76,1440278118449,"10,939",100% bearish,of 1 rating,$8
ATHN,$135.79,1440278118474,"193,647",67% bearish,of 3 ratings,$153
ATHX,$1.17,1440278118514,"238,940",89% bullish,of 9 ratings,$5
AFCB,$28.01,1440278118586,249,Not yet rated,NULL,N/A
AAPC,$10.21,1440278118615,394,Not yet rated,NULL,N/A
AAME,$3.58,1440278118726,"1,190",Not yet rated,NULL,N/A
ATNI,$73.68,1440278118853,"66,107",100% bearish,of 1 rating,$69.50
ACFC,$6.11,1440278118888,"95,163",Not yet rated,NULL,$6.50
AAWW,$41.78,1440278118915,"365,924",50% bullish,of 2 ratings,$65
ATML,$6.95,1440278118954,"2,918,067",78% bullish,of 9 ratings,$9.50
AFH,$16.545,1440278118981,"75,284",Not yet rated,NULL,$21.50
ATLC,$3.9,1440278119012,"17,113",67% bullish,of 3 ratings,N/A
ATRI,$389.5,1440278119041,"4,458",Not yet rated,NULL,N/A
ATRC,$25.67,1440278119107,"198,665",100% bullish,of 1 rating,$30
ATOS,$0.85,1440278119207,"182,378",100% bullish,of 7 ratings,$7
LIFE,$14.04,1440278119253,"32,217",86% bullish,of 7 ratings,$43
ATRM,$2.89,1440278119281,"1,200",50% bullish,of 2 ratings,N/A
AUBN,$27.68,1440278119338,948,Not yet rated,NULL,N/A
ATTU,$13.55,1440278119365,"51,302",100% bearish,of 1 rating,$20.50
AUDC,$3.18,1440278119434,"55,482",80% bullish,of 5 ratings,$5
AUPH,$3.19,1440278119511,"14,987",100% bearish,of 1 rating,$8
ADAT,$0.12,1440278119566,"123,764",100% bullish,of 2 ratings,N/A
ADSK,$51.76,1440278119707,"2,339,645",83% bullish,of 6 ratings,$69.50
ABTL,$18.05,1440278119740,"70,992",100% bullish,of 4 ratings,$20.25
EARS,$4.845,1440278119767,"14,045",100% bearish,of 2 ratings,$11.50
ADP,$79.23,1440278119788,"2,485,062",100% bearish,of 1 rating,$88
AAVL,$10.62,1440278119836,"258,588",100% bearish,of 1 rating,$20
AVNU,$12.7,1440278119925,506,Not yet rated,NULL,$14
AVGO,$112.787,1440278119950,"3,328,073",88% bullish,of 8 ratings,$160
AVEO,$1.38,1440278119977,"1,367,791",75% bullish,of 8 ratings,$3
AVNW,$1.24,1440278120113,"161,594",50% bullish,of 2 ratings,$2.20
AVID,$8.01,1440278120143,"539,251",100% bearish,of 1 rating,$20
CAR,$42.2749,1440278120177,"1,835,525",80% bullish,of 5 ratings,$60
AVGR,$14.23,1440278120198,"21,077",100% bearish,of 1 rating,$20
AXPWW,NULL,1440278120273,0,Not yet rated,NULL,N/A
ACLS,$3.29,1440278120328,"557,776",67% bullish,of 6 ratings,$4.75
AWRE,$3.14,1440278120356,"21,064",67% bullish,of 3 ratings,N/A
AXPW,$1.1,1440278120377,"56,422",83% bullish,of 6 ratings,N/A
AXGN,$3.94,1440278120453,"27,034",Not yet rated,NULL,$5
AXTI,$2.15,1440278120559,"35,695",50% bullish,of 2 ratings,$2.75
BCOM,NULL,1440278120586,0,100% bearish,of 1 rating,N/A
RILY,$10,1440278120622,600,Not yet rated,NULL,N/A
BEAV,$48.57,1440278120719,"742,264",67% bearish,of 3 ratings,$59
BCPC,$57.76,1440278120750,"128,021",100% bearish,of 1 rating,$75
BOSC,$2.37,1440278120772,"1,297",50% bullish,of 2 ratings,N/A
BIDU,$152.9,1440278120802,"3,843,564",81% bullish,of 88 ratings,$210
BLDP,$1.24,1440278120935,"470,551",91% bullish,of 22 ratings,$2.50
BWINA,NULL,1440278120969,0,Not yet rated,NULL,N/A
BWINB,$23.01,1440278120990,"25,265",Not yet rated,NULL,N/A
BANF,$60.97,1440278121021,"18,077",Not yet rated,NULL,$68
BANFP,NULL,1440278121042,0,Not yet rated,NULL,N/A
BKMU,$7.19,1440278121076,"511,937",Not yet rated,NULL,$8
BOCH,$5.76,1440278121271,"16,932",Not yet rated,NULL,$6.50
BMRC,$48.75,1440278121302,"17,961",Not yet rated,NULL,$52
OZRK,$40.71,1440278121342,"553,107",67% bullish,of 3 ratings,$49.50
BKSC,$15.6,1440278121368,705,Not yet rated,NULL,N/A
BOTJ,$11.15,1440278121398,"3,090",Not yet rated,NULL,N/A
BANR,$45.64,1440278121497,"84,960",100% bullish,of 3 ratings,$50
BFIN,$12.01,1440278121527,"29,911",Not yet rated,NULL,$13
BZUN,$5.65,1440278121577,"399,133",50% bullish,of 2 ratings,$12.60
BWFG,$18.03,1440278121605,"3,688",100% bearish,of 1 rating,N/A
TAPR,$29.38,1440278121640,"4,550",100% bearish,of 1 rating,N/A
BHAC,NULL,1440278121737,0,Not yet rated,NULL,N/A
BHACR,$0.25,1440278121763,700,Not yet rated,NULL,N/A
BHACU,NULL,1440278121787,0,Not yet rated,NULL,N/A
BHACW,NULL,1440278121812,0,Not yet rated,NULL,N/A
BBSI,$34.87,1440278121958,"71,494",67% bearish,of 3 ratings,$62.50
BSET,$29.1,1440278122034,"49,205",100% bearish,of 1 rating,$35
BYBK,$5.02,1440278122062,"1,546",100% bearish,of 1 rating,N/A
BBCN,$14.81,1440278122090,"308,877",100% bearish,of 1 rating,$16
BYLK,$12.95,1440278122121,"4,701",Not yet rated,NULL,$14
BCBP,$11.73,1440278122143,"8,625",Not yet rated,NULL,N/A
BV,$5.08,1440278122219,"375,082",67% bullish,of 6 ratings,$9
BDCV,$4.84,1440278122302,"9,821",100% bearish,of 1 rating,$10.19
BSF,$8.62,1440278122868,"18,869",Not yet rated,NULL,N/A
BEBE,$1.81,1440278122899,"150,846",75% bullish,of 4 ratings,$3.075
BBBY,$61.8626,1440278122925,"2,676,226",71% bullish,of 7 ratings,$75
BBGI,$4.68,1440278122946,2,100% bearish,of 1 rating,N/A
BECN,$35.48,1440278122967,"294,756",50% bullish,of 2 ratings,$40
BELFA,$15.5,1440278122989,100,100% bearish,of 1 rating,N/A
BELFB,$17.92,1440278123029,"70,318",100% bearish,of 1 rating,N/A
BLCM,$17.46,1440278123168,"701,289",50% bullish,of 4 ratings,$40
BLPH,$5.01,1440278123213,"26,371",100% bearish,of 1 rating,$12.50
BNCL,$12.64,1440278123243,"393,855",100% bullish,of 3 ratings,$12.50
BNFT,$36.3,1440278123269,"94,715",67% bullish,of 3 ratings,$46
BNTC,$8.6562,1440278123344,"29,198",100% bullish,of 1 rating,N/A
BASI,$1.39,1440278123488,"12,876",Not yet rated,NULL,N/A
BGMD,$0.8536,1440278123513,"210,316",100% bullish,of 10 ratings,N/A
BGCP,$8.8,1440278123541,"2,203,135",88% bullish,of 8 ratings,$14
BIND,$4.56,1440278123573,"42,392",67% bullish,of 3 ratings,$13.50
BGFV,$10.86,1440278123594,"167,409",57% bullish,of 7 ratings,$12
BCDA,NULL,1440278123614,0,Not yet rated,NULL,N/A
ORPN,$5.34,1440278123743,"18,329",100% bullish,of 1 rating,$28.50
BIOC,$2.08,1440278123770,"466,899",83% bullish,of 6 ratings,$3.85
BCRX,$11.99,1440278123791,"637,416",63% bullish,of 8 ratings,$18
BIOD,$0.6899,1440278123824,"144,374",80% bullish,of 5 ratings,$4
BDSI,$6.52,1440278123928,"1,009,736",88% bullish,of 8 ratings,$17
BIIB,$298,1440278123969,"2,250,449",88% bullish,of 16 ratings,$400
BIOL,$1.46,1440278124031,"36,518",Not yet rated,NULL,N/A
BLFS,$2.03,1440278124106,"86,446",100% bearish,of 1 rating,$4.75
BMRN,$130,1440278124138,"823,308",80% bullish,of 5 ratings,$160
BVXVW,$0.77,1440278124164,"1,008",100% bearish,of 1 rating,N/A
BLRX,$1.42,1440278124213,"228,173",100% bullish,of 12 ratings,$5
BVXV,$3.86,1440278124239,"7,057",Not yet rated,NULL,N/A
BRLI,NULL,1440278124312,0,NULL,NULL,NULL
BBC,$30.48,1440278124408,"62,013",Not yet rated,NULL,N/A
BPTH,$1.13,1440278124434,"64,428",100% bullish,of 2 ratings,$5
BIOS,$1.84,1440278124467,"1,061,659",71% bullish,of 7 ratings,$4
BBP,$32.07,1440278124497,"91,659",Not yet rated,NULL,N/A
BSPM,$0.72,1440278124562,"10,225",50% bullish,of 2 ratings,N/A
BSTC,$49.71,1440278124596,"66,008",100% bearish,of 1 rating,$76
BOTA,$2.2,1440278124643,"47,009",88% bullish,of 8 ratings,N/A
TECH,$101.4978,1440278124702,"129,987",100% bullish,of 1 rating,$117
BITI,$17.33,1440278124772,"31,694",100% bullish,of 1 rating,$28
BEAT,$13.69,1440278124802,"339,071",67% bearish,of 3 ratings,$15
BDMS,NULL,1440278124905,0,100% bearish,of 1 rating,N/A
BBOX,$15.44,1440278124991,"68,675",100% bearish,of 1 rating,N/A
BDE,$7.5,1440278125227,"220,690",50% bullish,of 2 ratings,$9
BLKB,$58.91,1440278125260,"225,935",100% bearish,of 2 ratings,$66
BJRI,$44.71,1440278125281,"215,274",50% bullish,of 2 ratings,$55
BBRY,$7.15,1440278125314,"5,450,296",61% bullish,of 330 ratings,$9
HAWK,$42,1440278125349,"525,334",91% bullish,of 11 ratings,$49
BKCC,$9.118,1440278125371,"334,015",100% bullish,of 2 ratings,$10
ADRA,$27.52,1440278125392,"1,065",Not yet rated,NULL,N/A
ADRD,$22.12,1440278125447,"8,231",100% bearish,of 1 rating,N/A
ADRU,$21.85,1440278125607,"2,468",100% bearish,of 1 rating,N/A
BLMN,$20.36,1440278125649,"1,559,840",83% bullish,of 6 ratings,$27.50
ADRE,$29.55,1440278125676,"44,928",Not yet rated,NULL,N/A
BCOR,$13.4,1440278125734,"257,015",57% bullish,of 7 ratings,$15
BLBD,$11.53,1440278125764,"7,869",Not yet rated,NULL,N/A
BUFF,$26.91,1440278125842,"472,572",83% bullish,of 12 ratings,$31.50
BHBK,$14.06,1440278125876,"103,355",100% bullish,of 1 rating,$14.50
BBLU,$0.89,1440278125906,"120,329",100% bullish,of 2 ratings,$4.43
NILE,$34.29,1440278125976,"91,641",50% bullish,of 2 ratings,$34
BLUE,$124.9,1440278126007,"511,022",71% bullish,of 7 ratings,$217.50
BKEP,$6.6,1440278126038,"42,067",100% bearish,of 1 rating,$8.50
BKEPP,$7.773,1440278126059,"1,100",100% bearish,of 1 rating,N/A
BPMC,$25.74,1440278126105,"43,864",50% bullish,of 2 ratings,$47.50
BNCN,$21.26,1440278126201,"105,692",Not yet rated,NULL,$23
BOBE,$44.5,1440278126298,"144,944",75% bullish,of 4 ratings,$57
WIFI,$7.83,1440278126382,"402,837",50% bullish,of 2 ratings,$13.50
BOFI,$123.99,1440278126409,"365,678",100% bullish,of 6 ratings,$144
BOJA,$20.83,1440278126435,"194,845",100% bullish,of 1 rating,$30
BOKF,$61.8126,1440278126563,"136,973",100% bearish,of 1 rating,$70.50
BNSO,$1.38,1440278126593,"6,280",100% bearish,of 1 rating,N/A
BAMM,$3.21,1440278126614,"12,873",60% bullish,of 5 ratings,N/A
BONA,$11.82,1440278126635,"182,491",75% bullish,of 4 ratings,$8.50
BPFH,$12.155,1440278126677,"304,942",100% bearish,of 1 rating,$14
BPFHP,$25,1440278126698,"1,571",100% bearish,of 1 rating,N/A
BPFHW,$5.5,1440278126766,837,100% bearish,of 1 rating,N/A
EPAY,$25.46,1440278126857,"155,496",100% bearish,of 2 ratings,$30
BBRG,$12.58,1440278126910,"83,065",67% bullish,of 3 ratings,$14.50
BDBD,$8.43,1440278126936,"500,690",60% bullish,of 5 ratings,$10
BCLI,$2.92,1440278127083,"80,439",80% bullish,of 5 ratings,$12
BBEP,$2.26,1440278127109,"2,113,660",69% bullish,of 13 ratings,$5.625
BBEPP,$13.24,1440278127162,"73,231",100% bearish,of 1 rating,N/A
BRID,$8.62,1440278127237,86,100% bearish,of 1 rating,N/A
BDGE,$27.4,1440278127265,"33,067",Not yet rated,NULL,$31.75
BLIN,$1.15,1440278127286,"21,500",50% bullish,of 2 ratings,$2.20
BCOV,$5.22,1440278127323,"120,648",67% bullish,of 3 ratings,$10.20
BRCM,$48.57,1440278127344,"5,158,085",75% bullish,of 12 ratings,$56
BVSN,$5.54,1440278127475,"12,787",60% bearish,of 5 ratings,N/A
BSFT,$30.87,1440278127501,"134,160",57% bullish,of 7 ratings,$40.50
BYFC,$1.37,1440278127526,200,50% bullish,of 2 ratings,N/A
BRCD,$10.6,1440278128136,"10,780,307",92% bullish,of 13 ratings,$12.50
BWEN,$3.26,1440278128172,"21,709",100% bullish,of 3 ratings,$8
BRKL,$10.765,1440278128194,"389,012",100% bearish,of 1 rating,$10.75
BRKS,$10.37,1440278128215,"191,066",67% bullish,of 3 ratings,$15.25
BRKR,$19.0677,1440278128237,"233,562",100% bearish,of 2 ratings,$22
BMTC,$29.46,1440278128259,"89,269",Not yet rated,NULL,$34
BSQR,$6.03,1440278128280,"89,784",67% bullish,of 3 ratings,N/A
BLMT,$20.8,1440278128315,"14,194",Not yet rated,NULL,N/A
BLDR,$14.9615,1440278128485,"1,078,324",50% bullish,of 2 ratings,$22
BUR,$1.85,1440278128513,"2,443",100% bearish,of 1 rating,$8
CHRW,$67.24,1440278128534,"1,128,419",Not yet rated,NULL,$72
CFFI,$36,1440278128555,"6,616",100% bearish,of 1 rating,N/A
BWLD,$189.5073,1440278128588,"260,082",82% bullish,of 11 ratings,$205
CA,$27.33,1440278128775,"2,905,194",50% bullish,of 4 ratings,$33
CDNS,$19.8,1440278128805,"1,519,633",75% bullish,of 4 ratings,$22.50
CACQ,$7.1,1440278128834,"100,797",100% bearish,of 1 rating,$12.25
CCMP,$44.25,1440278128860,"90,039",50% bullish,of 2 ratings,$59
CZR,$8.02,1440278128881,"1,345,062",60% bearish,of 5 ratings,$10.50
CSTE,$45,1440278128906,"526,244",100% bearish,of 1 rating,$65
CDZI,$7.53,1440278128945,"30,147",100% bearish,of 1 rating,N/A
PRSS,$4.42,1440278128966,"18,224",80% bullish,of 5 ratings,$4.50
CHY,$11.51,1440278129145,"256,541",Not yet rated,NULL,N/A
CLBS,$1.33,1440278129171,"263,782",79% bullish,of 14 ratings,$4
CLMS,$11.43,1440278129230,"84,354",Not yet rated,NULL,$10.50
CHI,$10.67,1440278129324,"301,618",100% bearish,of 1 rating,N/A
CFGE,NULL,1440278129359,0,Not yet rated,NULL,N/A
CCD,$19.57,1440278129391,"275,211",Not yet rated,NULL,N/A
CHW,$7.59,1440278129520,"273,520",100% bearish,of 1 rating,N/A
CAMP,$15.71,1440278129557,"335,596",88% bullish,of 8 ratings,$25
CGO,$11.92,1440278129579,"30,892",100% bearish,of 1 rating,N/A
CSQ,$9.88,1440278129607,"547,189",Not yet rated,NULL,N/A
CFNB,$13.73,1440278129647,143,100% bearish,of 1 rating,N/A
CALA,$5.13,1440278129676,"381,343",100% bullish,of 3 ratings,$19.50
CALD,$15.56,1440278129743,"396,608",100% bearish,of 1 rating,$20.50
CALM,$49.67,1440278129818,"539,610",80% bullish,of 5 ratings,$65
CLMT,$25.21,1440278129923,"367,348",75% bullish,of 8 ratings,$31
ABCD,$4.64,1440278130055,"122,674",83% bullish,of 6 ratings,N/A
CAMB,NULL,1440278130088,0,Not yet rated,NULL,N/A
CAMBU,NULL,1440278130120,0,100% bearish,of 1 rating,N/A
CAMBW,$0.14,1440278130188,200,Not yet rated,NULL,N/A
CAMT,$2.76,1440278130214,"17,958",73% bullish,of 11 ratings,$4
CAC,$40.79,1440278130241,"25,045",Not yet rated,NULL,N/A
CSIQ,$17.5,1440278130272,"3,511,125",86% bullish,of 28 ratings,$45
CGIX,$9.21,1440278130368,"38,415",67% bullish,of 3 ratings,$14.375
CBNJ,$10.65,1440278130470,"60,681",100% bullish,of 1 rating,N/A
CPHC,$10.66,1440278130512,"2,320",100% bearish,of 1 rating,N/A
CPLA,$48.57,1440278130557,"84,854",50% bullish,of 2 ratings,$65
CBF,$30.13,1440278130585,"102,306",Not yet rated,NULL,$32
CVGW,$54.49,1440278130612,"146,768",50% bullish,of 2 ratings,$58.50
CCBG,$15.17,1440278130637,"20,399",Not yet rated,NULL,$17.25
CSWC,$46.68,1440278130822,"16,339",Not yet rated,NULL,N/A
CPTA,$14.22,1440278130952,"52,411",Not yet rated,NULL,$18.50
CPLP,$7.07,1440278130973,"470,786",71% bullish,of 7 ratings,$11
CFFN,$12.0086,1440278131007,"689,306",Not yet rated,NULL,$12.75
CAPN,$1.99,1440278131028,"269,769",100% bullish,of 1 rating,$10.85
CAPNW,$0.6199,1440278131050,615,Not yet rated,NULL,N/A
CAPR,$3.95,1440278131087,"6,718",Not yet rated,NULL,$12
CPST,$0.3777,1440278131109,"956,493",95% bullish,of 22 ratings,$1.25
CRDC,$0.38,1440278131281,"10,734",100% bullish,of 1 rating,$1.25
CARA,$21.01,1440278131312,"286,045",50% bullish,of 4 ratings,$25
CBYL,$6.29,1440278131333,"38,631",100% bearish,of 1 rating,$20
CARB,$11.43,1440278131362,"85,069",75% bullish,of 4 ratings,$12
CFNL,$22.47,1440278131411,"122,419",Not yet rated,NULL,$24
CRME,$9.535,1440278131563,"32,837",89% bullish,of 9 ratings,$11.25
CDNA,$6.47,1440278131596,"6,286",100% bearish,of 1 rating,$9
CECO,$3.63,1440278131629,"476,999",67% bearish,of 3 ratings,$6
CATM,$34.54,1440278131651,"283,184",100% bearish,of 1 rating,$44
CKEC,$21.84,1440278131686,"283,627",50% bullish,of 2 ratings,$35.915
CSII,$24.6527,1440278131707,"477,244",100% bearish,of 2 ratings,$42.125
CTRE,$12.03,1440278131741,"422,076",50% bullish,of 2 ratings,N/A
CLBH,$12.79,1440278131761,288,Not yet rated,NULL,$16.50
CARO,$15.35,1440278132445,"1,700",100% bearish,of 1 rating,$19
CART,NULL,1440278132477,0,100% bearish,of 1 rating,N/A
CRZO,$32,1440278132500,"968,169",67% bearish,of 3 ratings,$57
TAST,$11.91,1440278132521,"220,515",Not yet rated,NULL,$14.25
CASM,$1.09,1440278132542,"4,748",100% bullish,of 1 rating,$3.50
CRTN,$2.66,1440278132563,103,100% bearish,of 1 rating,N/A
CARV,$5.51,1440278132584,"1,650",50% bullish,of 2 ratings,N/A
CWST,$6.2,1440278132736,"271,280",50% bullish,of 2 ratings,$7
CACB,$5.43,1440278132772,"111,472",Not yet rated,NULL,$5.50
CSCD,$14.23,1440278132803,"100,500",100% bullish,of 2 ratings,$17
CASI,$1.42,1440278132833,"13,082",100% bullish,of 1 rating,$3.50
CASY,$104.8974,1440278132855,"370,086",50% bullish,of 2 ratings,$99.50
CASS,$47.46,1440278132888,"46,174",100% bearish,of 1 rating,N/A
CATB,$11.26,1440278132920,"70,464",100% bearish,of 1 rating,$28
CPRX,$3.66,1440278133030,"846,503",71% bullish,of 7 ratings,$7
CATY,$30.2864,1440278133175,"491,578",100% bearish,of 1 rating,$33.50
CATYW,$10.54,1440278133205,100,100% bearish,of 1 rating,N/A
CVCO,$73.17,1440278133242,"73,964",100% bearish,of 1 rating,N/A
CBFV,$20.75,1440278133309,"4,266",Not yet rated,NULL,N/A
CAVM,$66.14,1440278133338,"458,453",67% bearish,of 3 ratings,$72
CNLMU,NULL,1440278133365,0,100% bullish,of 1 rating,N/A
CNLM,$9.97,1440278133385,"1,883",Not yet rated,NULL,N/A
CNLMR,NULL,1440278133417,0,Not yet rated,NULL,N/A
CNLMW,NULL,1440278133552,0,Not yet rated,NULL,N/A
CBOE,$61.4126,1440278133578,"495,206",Not yet rated,NULL,$60
CDW,$38.25,1440278133610,"1,490,342",75% bullish,of 4 ratings,$44
CDK,$48.5,1440278133632,"517,921",67% bearish,of 3 ratings,$50
CECE,$9.45,1440278133664,"124,266",50% bullish,of 2 ratings,$16
CPXX,$2.13,1440278133713,"85,814",100% bullish,of 2 ratings,$7
CELG,$119.5,1440278133869,"5,582,818",92% bullish,of 13 ratings,$155.50
CLRB,$3.05,1440278133906,"5,111",100% bearish,of 1 rating,N/A
CELGZ,$1.81,1440278133938,"14,200",80% bullish,of 5 ratings,N/A
CLDN,$1.05,1440278133965,"324,992",71% bullish,of 7 ratings,$3
CLDX,$13.53,1440278133986,"2,065,127",89% bullish,of 9 ratings,$36
CLRBW,$0.94,1440278134034,300,Not yet rated,NULL,N/A
CLLS,$30.45,1440278134183,"113,250",75% bullish,of 4 ratings,$51.50
CBMG,$22.63,1440278134204,"40,791",50% bullish,of 2 ratings,N/A
CLSN,$2,1440278134249,"140,086",80% bullish,of 10 ratings,$7.50
CLTX,$3,1440278134279,"2,660,088",100% bullish,of 2 ratings,N/A
CYAD,$50.47,1440278134338,"5,476",100% bullish,of 1 rating,$87.50
CSFL,$14.06,1440278134364,"147,356",Not yet rated,NULL,$15
CEMP,$35.5,1440278134385,"686,260",71% bullish,of 7 ratings,$52
CETX,$2.47,1440278134416,"12,950",Not yet rated,NULL,$5.60
CETV,$2.02,1440278134583,"177,717",67% bullish,of 3 ratings,$2.80
CFBK,$1.38,1440278134618,"6,308",Not yet rated,NULL,N/A
CNBKA,$40.33,1440278134673,"9,839",100% bullish,of 1 rating,N/A
CENT,$11.93,1440278134713,"28,453",Not yet rated,NULL,$10
CENX,$5.17,1440278134742,"1,660,584",67% bullish,of 6 ratings,$9
CVCY,$11.19,1440278134763,675,Not yet rated,NULL,$12
CENTA,$12.57,1440278134792,"238,725",Not yet rated,NULL,N/A
CNTY,$6.02,1440278134974,"6,571",80% bullish,of 5 ratings,$7.75
CERE,$1.1,1440278135011,"479,152",88% bullish,of 8 ratings,N/A
CPHD,$47.8043,1440278135033,"535,219",50% bullish,of 2 ratings,$66.50
CRNT,$1.37,1440278135058,"280,066",50% bullish,of 2 ratings,$2
CERU,$3.42,1440278135095,"35,413",75% bullish,of 4 ratings,$15
CERN,$61.72,1440278135121,"1,895,743",67% bullish,of 3 ratings,$79
CERS,$4.73,1440278135154,"650,339",75% bullish,of 4 ratings,$7
KOOL,$0.6998,1440278135190,"19,783",100% bullish,of 5 ratings,$7
CEVA,$18.37,1440278135323,"70,931",100% bearish,of 1 rating,$25
CYOU,$20.0874,1440278135372,"457,679",50% bullish,of 6 ratings,$24
HOTR,$1.5,1440278135401,"212,526",100% bullish,of 2 ratings,$5
HOTRW,NULL,1440278135503,0,Not yet rated,NULL,N/A
CTHR,$1.23,1440278135536,"48,304",50% bullish,of 2 ratings,$2.50
GTLS,$22.3973,1440278135636,"330,795",50% bullish,of 4 ratings,$40
CHTR,$177.5087,1440278135662,"962,693",100% bearish,of 2 ratings,$196
CHEK,$3.16,1440278135718,"1,665",Not yet rated,NULL,$7.75
CHFN,$12.45,1440278135741,"35,096",Not yet rated,NULL,$14
CHKP,$76.9,1440278135768,"1,048,652",50% bullish,of 4 ratings,$92
CHEKW,NULL,1440278135827,0,Not yet rated,NULL,N/A
CEMI,$4.25,1440278135904,"5,139",50% bullish,of 2 ratings,$7.50
CHFC,$31.81,1440278135933,"100,386",100% bearish,of 1 rating,$36
CCXI,$6.66,1440278136002,"125,627",67% bullish,of 3 ratings,$14
CHKE,$25.42,1440278136033,"26,595",100% bearish,of 1 rating,$32.50
CHMG,$26.6,1440278136059,700,Not yet rated,NULL,$30
CHEV,$14.63,1440278136231,"8,266",Not yet rated,NULL,N/A
CHMA,$24.05,1440278136261,"123,730",Not yet rated,NULL,$40
CBNK,$16.48,1440278136295,297,100% bearish,of 1 rating,N/A
CMRX,$46.44,1440278136321,"341,351",50% bullish,of 2 ratings,$57
PLCE,$58.5,1440278136359,"386,298",100% bearish,of 1 rating,$71
CADC,NULL,1440278136394,0,78% bullish,of 9 ratings,N/A
CAAS,$6.48,1440278136454,"52,022",93% bullish,of 14 ratings,$11.50
CALI,$0.87,1440278136487,"7,037",67% bullish,of 3 ratings,N/A
CBAK,$1.8,1440278136580,"39,266",67% bullish,of 9 ratings,N/A
CBPO,$97.5633,1440278136614,"275,264",75% bullish,of 8 ratings,$140.50
JRJC,$3.88,1440278136682,"166,421",82% bullish,of 11 ratings,N/A
CCCL,$0.85,1440278136707,"10,030",100% bullish,of 6 ratings,N/A
CCCR,$0.89,1440278136732,"36,866",67% bearish,of 3 ratings,N/A
CHOP,$1.2,1440278136790,"146,084",50% bullish,of 2 ratings,N/A
CHLN,$2.05,1440278136925,"8,803",67% bullish,of 3 ratings,N/A
HGSH,$1.89,1440278136959,"13,900",67% bullish,of 3 ratings,N/A
CNIT,$1.54,1440278136993,"31,123",67% bullish,of 6 ratings,N/A
CJJD,$1.9,1440278137066,"52,186",100% bullish,of 1 rating,N/A
CHNR,$2.01,1440278137099,"1,911",100% bearish,of 1 rating,N/A
HTHT,$24.5,1440278137120,"81,284",50% bullish,of 2 ratings,$28
CREG,$0.7,1440278137172,"109,561",100% bullish,of 3 ratings,N/A
CPGI,$6.94,1440278137831,"2,888",Not yet rated,NULL,N/A
CSUN,$1.38,1440278137863,"19,180",80% bullish,of 5 ratings,N/A
CNTF,$0.85,1440278137896,"130,860",Not yet rated,NULL,N/A
CXDC,$6.21,1440278137918,"128,308",67% bullish,of 3 ratings,N/A
CNET,$0.8899,1440278137939,"36,501",50% bullish,of 2 ratings,N/A
CCIH,$6.0688,1440278137960,"995,724",67% bullish,of 6 ratings,$12.65
CNYD,$3.17,1440278137981,"7,840",67% bullish,of 3 ratings,N/A
IMOS,$16.0456,1440278138002,"208,767",60% bullish,of 5 ratings,$21.50
CHSCM,$25.86,1440278138239,"33,418",Not yet rated,NULL,N/A
CHSCN,$27.02,1440278138266,"3,839",Not yet rated,NULL,N/A
CHSCL,$27.06,1440278138287,"26,654",Not yet rated,NULL,N/A
CHSCO,$28.32,1440278138308,"9,147",Not yet rated,NULL,N/A
CHSCP,$30.29,1440278138484,"3,905",Not yet rated,NULL,N/A
CHDN,$134.37,1440278138517,"57,359",Not yet rated,NULL,$165
CHUY,$31.27,1440278138550,"229,822",50% bullish,of 2 ratings,$34
CDTX,$14.04,1440278138571,"21,619",Not yet rated,NULL,$22
CIFC,$6.85,1440278138606,"10,311",Not yet rated,NULL,N/A
CIDM,$0.62,1440278138627,"87,510",50% bullish,of 2 ratings,$2.10
CMCT,$15,1440278138662,"2,992",100% bearish,of 1 rating,N/A
CMPR,$67.75,1440278138683,"558,567",50% bullish,of 2 ratings,$72.50
CPHR,$6.2,1440278138816,"1,500",100% bearish,of 1 rating,$16
CINF,$53.8535,1440278138845,"1,065,857",50% bullish,of 4 ratings,$50.50
CTAS,$84.87,1440278138866,"522,195",100% bearish,of 1 rating,$91
CRUS,$27.46,1440278138887,"973,633",75% bullish,of 12 ratings,$44.50
CSCO,$26.48,1440278139103,"34,066,946",84% bullish,of 208 ratings,$32
CZFC,$12.7201,1440278139137,700,Not yet rated,NULL,N/A
CZWI,$9.09,1440278139166,10,Not yet rated,NULL,N/A
CZNC,$19.63,1440278139187,"13,840",Not yet rated,NULL,N/A
CIVB,$10.29,1440278139222,"5,841",Not yet rated,NULL,$11
CIZN,$19.55,1440278139248,"1,220",Not yet rated,NULL,N/A
CTXS,$73.91,1440278139269,"1,231,547",86% bullish,of 7 ratings,$80
CTRN,$27.92,1440278139307,"144,202",100% bearish,of 1 rating,$31.50
CHCO,$47.47,1440278139410,"74,330",Not yet rated,NULL,$46
CIVBP,NULL,1440278139500,0,Not yet rated,NULL,N/A
CDTI,$1.56,1440278139526,"65,316",75% bullish,of 4 ratings,$3.20
CLNE,$4.02,1440278139547,"1,114,136",80% bullish,of 15 ratings,$9
CLFD,$16.89,1440278139760,"50,082",67% bullish,of 3 ratings,$18
CLRO,$11.74,1440278139813,"4,663",50% bullish,of 2 ratings,$14.25
CLIR,$5.07,1440278139846,"32,472",100% bullish,of 3 ratings,N/A
CLNT,$1.69,1440278139876,"56,834",75% bullish,of 8 ratings,N/A
CSBK,$13.76,1440278139899,"62,601",Not yet rated,NULL,N/A
CBLI,$3.82,1440278139921,"47,562",60% bullish,of 5 ratings,N/A
CLVS,$72.68,1440278139962,"346,682",60% bullish,of 5 ratings,$101.50
CMFN,$11.79,1440278139986,"14,093",100% bearish,of 1 rating,$15.50
CME,$91.629,1440278140059,"3,306,208",67% bullish,of 3 ratings,$102
CCNE,$17.08,1440278140194,"21,997",50% bullish,of 2 ratings,$21.50
CISG,$7.78,1440278140222,"151,935",100% bullish,of 5 ratings,$10
CNV,$4.72,1440278140243,"20,202",50% bullish,of 2 ratings,$7.15
CWAY,$11.36,1440278140379,502,Not yet rated,NULL,N/A
COKE,$154.15,1440278140422,"30,930",79% bullish,of 19 ratings,N/A
COBZ,$13,1440278140451,"155,494",100% bullish,of 1 rating,$14
CCOI,$28.31,1440278140482,"322,021",50% bullish,of 4 ratings,$35
CDXS,$3.96,1440278140513,"51,237",64% bullish,of 11 ratings,$6
CVLY,$20.55,1440278140535,"8,047",Not yet rated,NULL,N/A
CDRB,$11.18,1440278140598,"11,033",67% bullish,of 3 ratings,N/A
JVA,$4.57,1440278140621,"28,204",83% bullish,of 6 ratings,$7
CGNT,$1.66,1440278140705,"34,162",100% bullish,of 2 ratings,$2
CGNX,$35.7,1440278140753,"695,000",50% bullish,of 2 ratings,$47
CTSH,$62.85,1440278140779,"3,763,692",90% bullish,of 10 ratings,$75
COHR,$57.2,1440278140854,"130,953",50% bullish,of 2 ratings,$72
CHRS,$29.87,1440278140942,"170,994",67% bearish,of 3 ratings,$37
COHU,$9.89,1440278141042,"271,999",100% bearish,of 1 rating,$14.25
CLCT,$18.06,1440278141073,"74,153",100% bearish,of 1 rating,N/A
CLRX,$0.4901,1440278141141,"59,544",50% bullish,of 2 ratings,N/A
CLCD,$6.91,1440278141173,"23,570",100% bearish,of 1 rating,$20.50
CBAN,$8.95,1440278141199,520,Not yet rated,NULL,N/A
CIGI,$44.35,1440278141226,"9,835",100% bearish,of 1 rating,$52
COLL,$15.25,1440278141246,"33,838",100% bearish,of 1 rating,$26
COLB,$31.17,1440278141390,"236,131",Not yet rated,NULL,$36
CMCO,$19.42,1440278141415,"118,644",60% bullish,of 5 ratings,$28
CBMX,$1.21,1440278141449,"39,549",83% bullish,of 6 ratings,$3.15
COLM,$62.63,1440278141471,"170,550",100% bearish,of 1 rating,$71
CMCSA,$56.78,1440278141549,"15,010,891",66% bullish,of 35 ratings,$69.50
CMCSK,$57.64,1440278141683,"4,128,285",Not yet rated,NULL,$84
CBSH,$45.3446,1440278141708,"380,222",50% bullish,of 2 ratings,$46
CVGI,$4.69,1440278141864,"105,073",50% bullish,of 2 ratings,$6
COMM,$29.31,1440278141916,"1,032,402",67% bearish,of 3 ratings,$35
CBSHP,$25.25,1440278141941,"1,462",100% bearish,of 1 rating,N/A
CUBN,$13.6,1440278141993,"2,416",Not yet rated,NULL,N/A
JCS,$9.21,1440278142022,626,67% bullish,of 3 ratings,N/A
ESXB,$5.12,1440278142043,"12,099",Not yet rated,NULL,N/A
CSAL,$20.6075,1440278142064,"718,045",75% bullish,of 4 ratings,$30
CYHHZ,$0.011,1440278142105,"5,341",100% bullish,of 1 rating,N/A
CTBI,$34.8,1440278142199,"47,075",Not yet rated,NULL,$36
COB,$10.42,1440278142283,"21,470",100% bullish,of 1 rating,$11.75
CIZ,$33.33,1440278142330,"5,278",100% bearish,of 1 rating,N/A
CWBC,$6.78,1440278142358,"5,828",Not yet rated,NULL,N/A
CVLT,$36.34,1440278142380,"370,999",75% bullish,of 4 ratings,$44.50
CIL,$33.53,1440278142525,500,Not yet rated,NULL,N/A
CSA,$33.32,1440278142581,"2,560",Not yet rated,NULL,N/A
CID,$33.93,1440278142635,300,Not yet rated,NULL,N/A
CFA,$35.77,1440278142662,"2,458",100% bearish,of 1 rating,N/A
CSF,$36.84,1440278142683,"5,120",100% bearish,of 1 rating,N/A
CDC,$35.22,1440278142722,"23,106",Not yet rated,NULL,N/A
CFO,$35.7,1440278142743,"16,998",100% bearish,of 1 rating,N/A
CSB,NULL,1440278142773,0,Not yet rated,NULL,N/A
CDL,$34.42,1440278142811,"7,600",Not yet rated,NULL,N/A
CGEN,$5.15,1440278142970,"114,352",50% bullish,of 2 ratings,$11
CTG,$6.63,1440278143000,"46,409",100% bearish,of 1 rating,$8.50
CPSI,$45.08,1440278143021,"89,664",100% bearish,of 1 rating,$45.50
SCOR,$56.5,1440278143096,"463,584",100% bearish,of 1 rating,$66
CNSI,$18.79,1440278143182,"160,869",100% bearish,of 2 ratings,$29
CHCI,$0.6,1440278143217,"23,882",50% bullish,of 2 ratings,N/A
CMTL,$26.49,1440278143246,"90,800",100% bearish,of 2 ratings,$37
CNCE,$15.39,1440278143273,"221,475",75% bullish,of 4 ratings,$22
CNAT,$4,1440278143309,"134,269",83% bullish,of 6 ratings,$13
CXRX,$71.01,1440278143342,"3,584",Not yet rated,NULL,$90
CCUR,$5.18,1440278143410,"18,754",75% bullish,of 4 ratings,N/A
CDOR,$1.47,1440278143440,"5,359",100% bullish,of 1 rating,N/A
CDORO,NULL,1440278143465,0,100% bearish,of 1 rating,N/A
CDORP,$6.7921,1440278143514,800,100% bearish,of 1 rating,N/A
CNFR,$10.42,1440278143662,"16,866",Not yet rated,NULL,N/A
CFMS,$21.32,1440278143688,"241,608",Not yet rated,NULL,$27
CNMD,$54.8,1440278143748,"186,789",Not yet rated,NULL,$59
CTWS,$35.1,1440278143819,"49,177",100% bearish,of 1 rating,$44
CNOB,$19.5,1440278143846,"153,863",100% bullish,of 1 rating,$23.50
CNXR,$6.26,1440278143884,"22,458",100% bearish,of 1 rating,$12
CWCO,$10.65,1440278143975,"129,607",67% bullish,of 3 ratings,$14.50
CONN,$31.23,1440278144006,"383,835",67% bullish,of 3 ratings,$48.50
CNSL,$20.06,1440278144027,"235,939",100% bearish,of 1 rating,$23
CTCT,$24.27,1440278144063,"286,115",67% bullish,of 3 ratings,$37
CPSS,$5.64,1440278144085,"88,625",100% bullish,of 1 rating,$10
CFRX,$5.14,1440278144214,"29,285",Not yet rated,NULL,$14
CFRXW,$1.87,1440278144240,"4,588",100% bearish,of 1 rating,N/A
CFRXZ,$0.531,1440278144261,"2,550",Not yet rated,NULL,N/A
CTRV,$3.55,1440278144312,"57,680",Not yet rated,NULL,$6.40
CTRL,$7.91,1440278144397,"125,610",50% bullish,of 2 ratings,$11
CPRT,$34.5858,1440278144539,"275,415",67% bearish,of 3 ratings,$40
CRBP,$2.13,1440278144569,"925,466",100% bullish,of 2 ratings,$6.25
CORT,$4.57,1440278144590,"394,867",67% bullish,of 3 ratings,$12
CORI,$10.8,1440278144627,"63,491",100% bearish,of 1 rating,$18
CSOD,$36.95,1440278144650,"368,582",50% bullish,of 2 ratings,$42
BVA,$3.75,1440278144674,"3,794",50% bullish,of 2 ratings,N/A
CORE,$59.8,1440278144723,"94,606",100% bearish,of 1 rating,$72
CSGP,$181.61,1440278144871,"73,784",50% bullish,of 2 ratings,$235
COSI,$1.11,1440278144901,"87,642",100% bullish,of 1 rating,N/A
CRVL,$32.1,1440278144922,"47,501",100% bearish,of 1 rating,N/A
COST,$139.357,1440278144943,"2,522,098",79% bullish,of 24 ratings,$154.50
CPAH,$0.4625,1440278144981,"11,752",50% bullish,of 2 ratings,N/A
ICBK,$18.6,1440278145070,402,Not yet rated,NULL,$21
COVS,$2.56,1440278145143,"72,882",67% bullish,of 3 ratings,N/A
CVTI,$22.53,1440278145177,"149,049",67% bearish,of 3 ratings,$39
COWN,$5.1,1440278145199,"839,094",75% bullish,of 4 ratings,$7
COWNL,$27.19,1440278145244,"3,700",Not yet rated,NULL,N/A
CPSH,$2.36,1440278145270,300,Not yet rated,NULL,N/A
CBRL,$143.9027,1440278145302,"281,725",50% bullish,of 2 ratings,$155
CRAI,$22.39,1440278145407,"55,819",Not yet rated,NULL,$36
CACC,$192.85,1440278145527,"121,732",50% bullish,of 2 ratings,$158.50
BREW,$7.3,1440278145554,"59,792",67% bullish,of 6 ratings,$15
CRAY,$20.49,1440278145575,"284,812",83% bullish,of 6 ratings,$38.50
GLDI,$11.09,1440278145604,"41,785",100% bearish,of 1 rating,N/A
SLVO,$10.46,1440278145635,"9,370",100% bearish,of 1 rating,N/A
CREE,$25.45,1440278145739,"1,082,980",65% bullish,of 17 ratings,$29.50
CRESY,$10.29,1440278145787,"38,860",100% bearish,of 1 rating,$19
CRDS,$1.05,1440278145869,"13,476",50% bullish,of 4 ratings,$4.50
CROX,$14.19,1440278145900,"1,360,754",63% bullish,of 8 ratings,$16.50
CCRN,$14.41,1440278145921,"188,998",100% bearish,of 1 rating,$14.25
CRTO,$43.49,1440278145943,"541,309",67% bullish,of 6 ratings,$64
CRWS,$8.03,1440278145978,"2,485",Not yet rated,NULL,$10
CRWN,$4.56,1440278146115,"130,545",75% bullish,of 4 ratings,N/A
CYRXW,$0.86,1440278146185,"41,500",Not yet rated,NULL,N/A
CYRX,$2.88,1440278146212,"35,137",Not yet rated,NULL,$9
CSGS,$31.06,1440278146242,"172,648",Not yet rated,NULL,$40
CCLP,$13.8063,1440278146270,"64,248",67% bearish,of 3 ratings,$21
CSPI,$6.18,1440278146291,"3,803",67% bullish,of 3 ratings,N/A
CTCM,$1.71,1440278146344,"372,018",80% bearish,of 5 ratings,$3.90
CTIC,$1.68,1440278146435,"1,708,372",84% bullish,of 76 ratings,$5.75
CTIB,NULL,1440278146470,0,100% bearish,of 1 rating,N/A
CTRP,$64.2374,1440278146565,"1,571,691",75% bullish,of 8 ratings,$92
CUI,$4.8908,1440278146599,"121,551",50% bullish,of 2 ratings,$10
CUNB,$22.03,1440278146658,"49,607",Not yet rated,NULL,$24.50
CPIX,$5.87,1440278146685,"3,515",Not yet rated,NULL,N/A
CRIS,$2.57,1440278146744,"442,411",100% bullish,of 8 ratings,$6
CMLS,$1.3,1440278146770,"970,308",50% bullish,of 4 ratings,$6
CVBF,$16.66,1440278146900,"658,942",Not yet rated,NULL,$18
CYAN,$7.3,1440278146926,"5,900",100% bearish,of 1 rating,N/A
CUTR,$14.4,1440278146959,"57,497",67% bearish,of 3 ratings,$18
CVV,$11.44,1440278146986,"25,260",100% bullish,of 5 ratings,N/A
CYBE,$5.96,1440278147015,"9,802",100% bearish,of 1 rating,N/A
CYBR,$51.5,1440278147054,"2,002,023",86% bullish,of 7 ratings,$66
CYBX,$66.48,1440278147119,"561,566",50% bullish,of 4 ratings,$70
CYCC,$0.5699,1440278147257,"125,541",73% bullish,of 11 ratings,N/A
CYCCP,NULL,1440278147283,0,100% bearish,of 1 rating,N/A
CYNA,$16.08,1440278147305,"23,175",100% bullish,of 1 rating,$31.50
CBAY,$2.69,1440278147351,"42,788",100% bullish,of 1 rating,$4
CYNO,$31.99,1440278147441,"242,311",67% bearish,of 3 ratings,$45.50
CYRN,$1.64,1440278147482,"253,906",67% bullish,of 3 ratings,$4
CY,$9.447,1440278147512,"3,384,357",80% bullish,of 10 ratings,$15.50
CONE,$32.98,1440278147582,"454,437",67% bearish,of 3 ratings,$35
CYTK,$6.54,1440278147610,"193,233",71% bullish,of 14 ratings,$13.50
CTSO,$6.95,1440278147639,"54,249",Not yet rated,NULL,$15.625
CYTX,$0.375,1440278147672,"766,187",83% bullish,of 12 ratings,$5.50
CYTR,$2.18,1440278147772,"755,510",67% bullish,of 6 ratings,$10
DAEG,$0.3443,1440278147801,"4,306",100% bearish,of 1 rating,N/A
TVIZ,$14.69,1440278147904,"3,240",100% bearish,of 1 rating,N/A
ZIV,$46.57,1440278147963,"149,070",Not yet rated,NULL,N/A
TVIX,$8.99,1440278147989,"19,877,376",81% bullish,of 16 ratings,N/A
XIV,$36.2,1440278148010,"25,218,869",75% bearish,of 4 ratings,N/A
DJCO,$197.2,1440278148058,"1,966",Not yet rated,NULL,N/A
DAKT,$11.7,1440278148085,"198,964",50% bullish,of 2 ratings,$14
DARA,$0.9,1440278148160,"39,987",83% bullish,of 6 ratings,$1.50
DAIO,$2.55,1440278148252,"4,354",Not yet rated,NULL,N/A
DRAM,$1.4,1440278148295,"5,900",78% bullish,of 9 ratings,N/A
DTLK,$5.5,1440278148320,"91,469",100% bearish,of 1 rating,$9
DWCH,$4.97,1440278148349,"77,045",75% bullish,of 4 ratings,$8.25
PLAY,$34.47,1440278148374,"228,236",100% bullish,of 5 ratings,$42
DTEA,$13.49,1440278148399,"126,308",100% bearish,of 2 ratings,$24
DWSN,$4.02,1440278149050,"44,331",67% bullish,of 3 ratings,$6
TRAK,$62.93,1440278149082,"1,034,755",50% bullish,of 2 ratings,$62.50
TACO,$13.13,1440278149103,"216,919",100% bullish,of 3 ratings,$20
DBVT,$39.13,1440278149124,"112,606",100% bearish,of 1 rating,$53
DHRM,$1.68,1440278149145,"4,586",Not yet rated,NULL,N/A
DFRG,$14.75,1440278149165,"199,012",100% bearish,of 1 rating,$20
TACOW,$4.01,1440278149320,"3,651",100% bullish,of 1 rating,N/A
DELT,$2.59,1440278149362,"2,349",Not yet rated,NULL,N/A
DGAS,$20.24,1440278149392,"1,955",67% bearish,of 3 ratings,N/A
DENN,$11.6,1440278149456,"551,633",100% bullish,of 3 ratings,$15
XRAY,$53.63,1440278149484,"910,051",100% bullish,of 1 rating,$58
DCTH,$0.48,1440278149505,"110,038",78% bullish,of 9 ratings,N/A
DELTW,NULL,1440278149534,0,Not yet rated,NULL,N/A
DEPO,$28.75,1440278149725,"1,112,213",60% bullish,of 5 ratings,$29
DSCI,$6.45,1440278149754,"49,351",50% bullish,of 2 ratings,$16
DEST,$11.83,1440278149787,"39,808",50% bullish,of 2 ratings,N/A
DXLG,$4.5,1440278149814,"65,758",100% bearish,of 1 rating,$8
DERM,$24.15,1440278149846,"253,637",100% bearish,of 1 rating,$33.50
DSWL,$1.75,1440278149867,"10,432",100% bullish,of 1 rating,N/A
DXM,$0.32,1440278149901,"22,270",50% bullish,of 2 ratings,N/A
DHXM,NULL,1440278149942,0,Not yet rated,NULL,N/A
DXCM,$89.9992,1440278150078,"957,976",57% bullish,of 7 ratings,$98
DHIL,$190.8,1440278150179,"18,491",Not yet rated,NULL,N/A
FANG,$66.542,1440278150204,"1,043,554",50% bullish,of 2 ratings,$86
DMND,$30.41,1440278150234,"181,308",75% bullish,of 12 ratings,$32
DCIX,$1.74,1440278150338,"92,529",50% bullish,of 4 ratings,$3.50
DGII,$9.95,1440278150380,"78,052",100% bearish,of 1 rating,$10
DRNA,$10.34,1440278150413,"90,197",67% bearish,of 3 ratings,$25
DMRC,$36.52,1440278150469,"70,922",100% bearish,of 1 rating,$44
DRAD,$3.88,1440278150494,"12,681",100% bullish,of 1 rating,$5.25
DCOM,$16.82,1440278150652,"156,270",100% bearish,of 2 ratings,$16.50
APPS,$2.36,1440278150706,"204,374",100% bearish,of 1 rating,$10.25
DPRX,$11.95,1440278150728,"18,525",100% bullish,of 2 ratings,$27.75
DGLY,$6.75,1440278150749,"241,709",50% bullish,of 6 ratings,$20
DIOD,$19.31,1440278150777,"281,801",75% bearish,of 4 ratings,$24
DISCA,$27.1,1440278150912,"3,037,195",67% bullish,of 3 ratings,$34
DISCB,NULL,1440278150938,0,100% bearish,of 1 rating,$35
DSCO,$0.4055,1440278151008,"156,711",83% bullish,of 6 ratings,$2.75
DISCK,$25.9869,1440278151033,"2,884,033",100% bearish,of 1 rating,$32
DISH,$60.9427,1440278151178,"1,735,171",69% bullish,of 13 ratings,$73
DVCR,$10.25,1440278151205,"18,982",100% bullish,of 1 rating,N/A
DNBF,$27.15,1440278151247,"8,727",Not yet rated,NULL,$27.50
DGICA,$14.4,1440278151336,"16,557",100% bearish,of 1 rating,$17
DLHC,$2.5,1440278151367,"6,270",100% bearish,of 1 rating,N/A
DLTR,$76.3408,1440278151389,"2,448,980",82% bullish,of 11 ratings,$88
DGICB,NULL,1440278151410,0,100% bearish,of 1 rating,N/A
BAGR,$3.01,1440278151453,"16,511",100% bearish,of 1 rating,$6
DMLP,$13.9,1440278151542,"47,201",100% bearish,of 1 rating,N/A
DORM,$49.7,1440278151567,"307,182",100% bearish,of 1 rating,$56
DRWIW,$0.0589,1440278151715,"1,581",Not yet rated,NULL,N/A
HILL,$9.69,1440278151759,"2,314,246",60% bearish,of 5 ratings,$9.75
DRWI,$0.2625,1440278151785,"193,656",60% bullish,of 5 ratings,$.45
DWA,$19.0777,1440278151856,"879,680",63% bullish,of 8 ratings,$26
CADT,$10.02,1440278151913,206,Not yet rated,NULL,N/A
DSPG,$8.595,1440278151950,"67,339",100% bearish,of 1 rating,$13.50
DSKX,$3.44,1440278151986,"117,971",100% bullish,of 1 rating,N/A
DRYS,$0.357,1440278152007,"1,482,398",77% bullish,of 31 ratings,$.60
CADTR,NULL,1440278152080,0,Not yet rated,NULL,N/A
CADTU,NULL,1440278152112,0,Not yet rated,NULL,N/A
CADTW,NULL,1440278152184,0,Not yet rated,NULL,N/A
DTSI,$26.055,1440278152215,"125,141",100% bearish,of 2 ratings,$39.50
DRRX,$1.99,1440278152240,"346,049",50% bullish,of 6 ratings,$3
DNKN,$49.874,1440278152316,"1,291,182",67% bullish,of 15 ratings,$56.50
DXPE,$28.59,1440278152471,"166,279",50% bullish,of 2 ratings,N/A
DYAX,$22.55,1440278152505,"854,965",89% bullish,of 9 ratings,$30
DYSL,$1.55,1440278152535,"180,829",100% bullish,of 2 ratings,N/A
DYNT,$2.86,1440278152597,"3,600",75% bullish,of 4 ratings,N/A
BOOM,$9.64,1440278152623,"57,962",67% bullish,of 3 ratings,$12
DVAX,$27.73,1440278152652,"350,077",70% bullish,of 10 ratings,$40
ETFC,$25.3,1440278152696,"2,489,422",57% bullish,of 14 ratings,$33
EGBN,$42.84,1440278152758,"89,593",Not yet rated,NULL,$48
EGLE,$6,1440278152839,"60,394",60% bullish,of 5 ratings,N/A
EBMT,$11.53,1440278152888,"19,207",Not yet rated,NULL,$13.50
EGRX,$65.38,1440278152913,"389,557",67% bullish,of 3 ratings,$97
EROC,$1.1,1440278152939,"356,235",50% bullish,of 2 ratings,$3
ELNK,$8.58,1440278152960,"814,740",60% bullish,of 5 ratings,$9.50
EWBC,$41.405,1440278152994,"1,077,281",100% bearish,of 1 rating,$50
EACQU,NULL,1440278153128,0,Not yet rated,NULL,N/A
EML,$16.81,1440278153228,"6,029",Not yet rated,NULL,N/A
EVBS,$6.45,1440278153255,"6,522",Not yet rated,NULL,$7
EBAY,$25.613,1440278153303,"13,096,604",81% bullish,of 117 ratings,$48
EBIX,$28.05,1440278153332,"477,773",69% bullish,of 13 ratings,$40
ECHO,$24.82,1440278153431,"412,036",67% bearish,of 3 ratings,$35.50
SATS,$45.42,1440278153474,"155,588",50% bullish,of 2 ratings,$60
ECTE,$1.63,1440278153505,"78,541",75% bullish,of 4 ratings,N/A
EEI,$11.09,1440278153533,"4,741",67% bearish,of 3 ratings,N/A
ECACU,$10.1,1440278153558,"1,738",Not yet rated,NULL,N/A
ESES,$3.45,1440278153603,"8,309",100% bearish,of 1 rating,$7
ELON,$0.545,1440278153733,"64,729",50% bullish,of 2 ratings,N/A
EDUC,$4.59,1440278153761,"7,183",100% bearish,of 1 rating,N/A
EDAP,$3.085,1440278153782,"136,353",60% bullish,of 5 ratings,$4.50
EDGW,$7.14,1440278153815,"35,959",100% bearish,of 1 rating,N/A
EFUT,NULL,1440278153918,0,Not yet rated,NULL,N/A
EGAN,$3.47,1440278153945,"10,092",50% bullish,of 2 ratings,$6.25
EGLT,$11.42,1440278154022,"23,570",50% bullish,of 2 ratings,$21
EHTH,$14.08,1440278154075,"414,120",50% bullish,of 4 ratings,$16.50
EMITF,$1.29,1440278154154,"7,100",75% bullish,of 4 ratings,N/A
LOCO,$12.26,1440278154182,"1,085,303",69% bullish,of 13 ratings,$20
ESLT,$80.34,1440278154205,"5,018",100% bullish,of 2 ratings,N/A
ERI,$9.6,1440278154239,"124,258",100% bearish,of 1 rating,$10
ELRC,$10.65,1440278154339,"75,948",100% bearish,of 1 rating,N/A
EFII,$43.93,1440278154373,"255,202",80% bullish,of 5 ratings,$55
ESIO,$4.58,1440278154400,"42,139",50% bullish,of 2 ratings,$10
EA,$66.47,1440278154421,"3,731,767",77% bullish,of 35 ratings,$80
ELSE,$4.02,1440278154468,"1,000",60% bullish,of 5 ratings,N/A
ELECU,NULL,1440278154552,0,Not yet rated,NULL,N/A
ELEC,NULL,1440278154580,0,Not yet rated,NULL,N/A
ELECW,NULL,1440278154682,0,Not yet rated,NULL,N/A
EBIO,$3.39,1440278154721,"858,193",100% bearish,of 2 ratings,$8.35
RDEN,$10.38,1440278154748,"93,838",100% bearish,of 4 ratings,$15
CAPX,$22.63,1440278154787,"1,168",Not yet rated,NULL,N/A
ESBK,$19.8,1440278154917,879,Not yet rated,NULL,N/A
EMCI,$23,1440278154950,"15,824",Not yet rated,NULL,N/A
EMCF,NULL,1440278154993,0,100% bearish,of 1 rating,N/A
LONG,$17.39,1440278155022,"18,568",67% bullish,of 3 ratings,$15.75
EMKR,$7.16,1440278155054,"129,455",75% bullish,of 4 ratings,$8.50
ELTK,$1.04,1440278155085,"51,304",67% bearish,of 3 ratings,N/A
NYNY,$4.06,1440278155157,"74,163",50% bullish,of 2 ratings,N/A
EMMS,$1.28,1440278155182,"12,299",67% bullish,of 6 ratings,N/A
EMMSP,$3.25,1440278155316,400,100% bearish,of 1 rating,N/A
ERS,$2.86,1440278155341,"1,336",Not yet rated,NULL,N/A
ENTA,$40.22,1440278155387,"172,455",50% bullish,of 2 ratings,$42
ECPG,$39.21,1440278155414,"126,955",100% bullish,of 2 ratings,$52
ENDP,$76.6008,1440278155543,"2,114,082",50% bullish,of 6 ratings,$104
WIRE,$32.7,1440278155596,"124,660",100% bearish,of 1 rating,$37
ECYT,$5.2,1440278155617,"252,908",83% bullish,of 6 ratings,$12
EIGI,$15.18,1440278155649,"788,018",67% bearish,of 3 ratings,$22.50
ELGX,$13.15,1440278155670,"557,451",75% bullish,of 4 ratings,$17
EFOI,$15.8,1440278155805,"328,386",50% bullish,of 2 ratings,$20.50
WATT,$6.74,1440278155838,"109,967",50% bullish,of 2 ratings,$13
ERII,$2.89,1440278155859,"84,939",80% bullish,of 5 ratings,$2.50
EXXI,$1.44,1440278155895,"1,757,742",86% bullish,of 7 ratings,$3.50
ENOC,$8.08,1440278155987,"211,114",75% bullish,of 4 ratings,$18
ENG,$1.02,1440278156013,"5,407",100% bullish,of 3 ratings,N/A
ENPH,$4.42,1440278156082,"567,322",75% bullish,of 4 ratings,$11
ENFC,$18.34,1440278156143,"2,236",Not yet rated,NULL,N/A
ESGR,$151,1440278156175,"69,547",100% bearish,of 1 rating,$185
ENTL,$21.44,1440278156277,"15,857",Not yet rated,NULL,$28
ENTG,$13.72,1440278156303,"439,650",100% bearish,of 1 rating,$18
ETRM,$0.2331,1440278156333,"441,727",69% bearish,of 35 ratings,$1.625
EBTC,$20.07,1440278156434,"8,123",Not yet rated,NULL,N/A
ENVI,$1.85,1440278156462,"15,528",67% bullish,of 3 ratings,N/A
EGT,$2.09,1440278156489,"1,500",100% bullish,of 1 rating,N/A
EFSC,$24.75,1440278156515,"69,838",Not yet rated,NULL,$27
EPRS,$4.76,1440278156617,"74,298",82% bullish,of 11 ratings,$15
ENZY,$8.98,1440278156646,"9,946",67% bullish,of 3 ratings,$9.50
EPIQ,$13.87,1440278156697,"92,324",100% bearish,of 1 rating,$18
ENZN,$1,1440278156723,"766,555",100% bullish,of 9 ratings,N/A
EPZM,$15.93,1440278156790,"285,509",60% bullish,of 5 ratings,$34
PLUS,$77.81,1440278156821,"952,339",50% bullish,of 2 ratings,$88
EQIX,$273,1440278156929,"589,444",75% bullish,of 4 ratings,$312.50
EQFN,$8.3,1440278157065,300,Not yet rated,NULL,N/A
ERIE,$84.5099,1440278157097,"26,146",Not yet rated,NULL,$73
EAC,$3.67,1440278157119,"15,388",100% bearish,of 1 rating,$8
ERIC,$9.83,1440278157140,"2,368,815",63% bullish,of 8 ratings,$12.20
ESCA,$18.35,1440278157174,"25,641",100% bearish,of 1 rating,$22
ESCRP,$1.65,1440278157201,"5,017",100% bearish,of 1 rating,N/A
ESMC,$1.33,1440278157330,502,Not yet rated,NULL,N/A
EPIX,$6.1,1440278157362,"1,200",Not yet rated,NULL,N/A
ESPR,$54.47,1440278157395,"1,355,738",67% bearish,of 9 ratings,$123
ESCR,$0.14,1440278157417,"63,314",50% bullish,of 2 ratings,N/A
ESND,$35.095,1440278157472,"147,368",100% bearish,of 2 ratings,$40
ESSA,$12.45,1440278157500,"16,679",100% bearish,of 1 rating,N/A
ESSX,$0.5249,1440278157560,"6,504",50% bullish,of 2 ratings,N/A
ETSY,$13.46,1440278157711,"796,058",80% bullish,of 5 ratings,$16
CLWT,NULL,1440278157742,0,100% bearish,of 1 rating,N/A
EEFT,$64.81,1440278157771,"236,603",100% bearish,of 1 rating,$67.50
ESEA,$6.15,1440278157846,"3,082",100% bullish,of 1 rating,$15
EVK,$3.74,1440278157909,982,75% bearish,of 4 ratings,N/A
EVEP,$7.26,1440278157930,"294,425",50% bullish,of 2 ratings,$15
EVLV,$2.14,1440278157975,"85,207",60% bullish,of 5 ratings,$6.50
EVOK,$4,1440278158001,"114,285",100% bearish,of 1 rating,$13.375
EVOL,$5.85,1440278158033,"13,690",75% bullish,of 4 ratings,$10
EXAS,$20.31,1440278158134,"1,234,918",78% bullish,of 9 ratings,$31
EXEL,$5.25,1440278158180,"5,463,517",81% bullish,of 16 ratings,$6
EXAC,$18.17,1440278158210,"136,951",100% bearish,of 1 rating,$22.50
EXA,$10.73,1440278158241,"22,120",100% bearish,of 1 rating,$13
EXFO,$2.9,1440278158316,"3,300",67% bearish,of 3 ratings,$3.95
EXLS,$36.55,1440278158345,"207,530",100% bullish,of 1 rating,$41
EXPE,$114.6,1440278158374,"1,238,899",64% bullish,of 11 ratings,$130
EXPD,$48.2,1440278158473,"1,810,722",80% bullish,of 5 ratings,$51.50
EXPO,$42.83,1440278158518,"146,412",100% bearish,of 1 rating,$45.50
EXLP,$18.2,1440278158605,"94,863",100% bearish,of 1 rating,$27
ESRX,$84.81,1440278158639,"5,163,905",67% bearish,of 6 ratings,$101
EYEG,$4.17,1440278158671,"19,980",Not yet rated,NULL,N/A
EXTR,$2.85,1440278158703,"805,798",80% bullish,of 5 ratings,$3
EZCH,$21.4963,1440278158743,"127,057",75% bullish,of 8 ratings,$19.50
EYEGW,$1.24,1440278158770,800,Not yet rated,NULL,N/A
EZPW,$6.08,1440278158798,"351,949",50% bullish,of 4 ratings,$7.50
FFIV,$122.51,1440278158931,"846,241",63% bullish,of 8 ratings,$132
FB,$85.88,1440278158964,"39,696,768",73% bullish,of 1066 ratings,$111
FCS,$13.14,1440278159036,"1,086,086",67% bearish,of 3 ratings,$17
FRP,$16.9,1440278159061,"50,706",100% bearish,of 1 rating,$18
FWM,$2.25,1440278159105,"178,419",100% bearish,of 2 ratings,$3.20
FALC,$1.65,1440278159236,"10,845",63% bearish,of 8 ratings,N/A
DAVE,$14.36,1440278159266,"19,659",100% bearish,of 1 rating,$15.50
FFKT,$26.79,1440278159367,"20,439",Not yet rated,NULL,$29
FARM,$22.62,1440278159397,"21,053",100% bearish,of 1 rating,$35
FMNB,$8.03,1440278159426,"3,562",Not yet rated,NULL,N/A
FARO,$38.92,1440278159447,"118,530",50% bullish,of 2 ratings,$48
FAST,$39.1,1440278159486,"3,000,801",80% bullish,of 5 ratings,$46
FATE,$6.24,1440278159578,"82,980",50% bullish,of 2 ratings,$11
FBSS,NULL,1440278159608,0,Not yet rated,NULL,N/A
FBRC,$22.24,1440278159634,"44,108",100% bearish,of 1 rating,$29
FDML,$8.96,1440278159708,"230,349",50% bullish,of 4 ratings,$14
FNHC,$21.92,1440278159767,"80,132",100% bearish,of 1 rating,$35
FEIC,$77.57,1440278159840,"344,496",50% bullish,of 2 ratings,$95.50
FGEN,$22.96,1440278159978,"374,029",100% bearish,of 1 rating,$39
FHCO,$1.43,1440278160000,"18,402",50% bullish,of 4 ratings,N/A
FCSC,$5.86,1440278160026,"212,270",100% bearish,of 1 rating,$8.125
FENX,$9.84,1440278160053,"59,141",100% bullish,of 1 rating,$14.25
ONEQ,$185.63,1440278160090,"41,902",100% bullish,of 1 rating,N/A
LION,$19.31,1440278160185,"108,630",100% bullish,of 1 rating,$20
FRGI,$51.57,1440278160217,"149,676",50% bullish,of 2 ratings,$70
FDUS,$14.42,1440278160247,"64,363",100% bullish,of 1 rating,$18
FSAM,$8.56,1440278160277,"20,457",100% bearish,of 1 rating,$11
FSC,$6.42,1440278160313,"839,385",75% bullish,of 4 ratings,$8
FSCFL,$24.7,1440278160370,"11,419",Not yet rated,NULL,N/A
FSFR,$8.92,1440278160397,"131,626",100% bearish,of 1 rating,$11.50
FITB,$19.7,1440278160525,"7,100,591",54% bullish,of 13 ratings,$22
FITBI,$27.68,1440278160593,"5,800",Not yet rated,NULL,N/A
FNGN,$33.616,1440278160621,"485,960",67% bullish,of 3 ratings,$47
FNSR,$15.33,1440278160689,"1,137,273",71% bullish,of 7 ratings,$24.50
FISI,$24.77,1440278160751,"41,074",100% bullish,of 2 ratings,$24.50
FNJN,$1.66,1440278160779,"15,161",100% bearish,of 1 rating,$5
FNTCU,NULL,1440278160807,0,Not yet rated,NULL,N/A
FNTC,NULL,1440278160839,0,Not yet rated,NULL,N/A
FNTCW,NULL,1440278160938,0,Not yet rated,NULL,N/A
FEYE,$37,1440278160967,"7,331,774",87% bullish,of 15 ratings,$55.50
FBNC,$16.81,1440278160999,"59,972",100% bullish,of 1 rating,$20
FNLC,$18.46,1440278161100,"17,421",100% bullish,of 1 rating,N/A
BUSE,$6.37,1440278161130,"197,401",Not yet rated,NULL,$6.875
FRBA,$6.02,1440278161151,611,Not yet rated,NULL,$8
FBIZ,$44.04,1440278161283,"28,467",100% bearish,of 2 ratings,$52
FCVA,$4.75,1440278161313,"1,132",Not yet rated,NULL,N/A
FCFS,$38.15,1440278161345,"157,660",100% bearish,of 2 ratings,$48
FCAP,$26.55,1440278161414,226,Not yet rated,NULL,N/A
FCNCA,$241.45,1440278161439,"17,885",Not yet rated,NULL,N/A
FCLF,$9.08,1440278161473,55,Not yet rated,NULL,N/A
FCBC,$17.88,1440278161609,"60,860",Not yet rated,NULL,$18
FCFP,$6.9,1440278161630,"2,500",Not yet rated,NULL,N/A
FBNK,$16.65,1440278161651,"60,146",100% bearish,of 1 rating,$17.50
FCCO,$12.11,1440278161708,202,Not yet rated,NULL,$13.25
FDEF,$38.3,1440278161783,"42,408",Not yet rated,NULL,$38
FFBC,$18.76,1440278161839,"176,775",67% bearish,of 3 ratings,$20.25
FFNM,$6.32,1440278161865,"3,040",Not yet rated,NULL,N/A
FFBCW,NULL,1440278161942,0,100% bearish,of 1 rating,N/A
FFIN,$31.1263,1440278162038,"286,801",50% bullish,of 2 ratings,$31.75
FFNW,$12.46,1440278162076,"21,487",Not yet rated,NULL,$14
INBK,$32.43,1440278162139,"13,595",50% bullish,of 2 ratings,$37
THFF,$33.27,1440278162167,"47,577",Not yet rated,NULL,$35
FIBK,$26.83,1440278162229,"83,623",Not yet rated,NULL,$32
FRME,$25.47,1440278162257,"199,009",Not yet rated,NULL,$26.50
FFWM,$21.44,1440278162297,"10,014",Not yet rated,NULL,$24
FMBH,NULL,1440278162399,0,Not yet rated,NULL,N/A
FNBC,$34.45,1440278162428,"116,074",Not yet rated,NULL,$41.50
FNFG,$9.2289,1440278162497,"1,658,831",80% bullish,of 5 ratings,$9
FMBI,$17.84,1440278162524,"374,767",Not yet rated,NULL,$20
FNWB,$12.08,1440278162588,"8,662",Not yet rated,NULL,N/A
FSGI,$2.45,1440278162722,"4,889",Not yet rated,NULL,N/A
FSFG,$30.1754,1440278162750,729,Not yet rated,NULL,N/A
FSLR,$45.5,1440278162779,"2,207,203",74% bullish,of 39 ratings,$65
FSBK,$7.93,1440278162823,"1,441",100% bullish,of 1 rating,N/A
BICK,$19.6,1440278162887,"1,801",100% bullish,of 1 rating,N/A
FBZ,NULL,1440278162917,0,Not yet rated,NULL,N/A
FCAN,$24.47,1440278162951,964,Not yet rated,NULL,N/A
FTCS,$36.65,1440278163018,"33,745",Not yet rated,NULL,N/A
FCA,$20,1440278163085,"2,607",Not yet rated,NULL,N/A
IFV,$17.6,1440278163175,"2,040,199",100% bearish,of 1 rating,N/A
FEMB,NULL,1440278163214,0,Not yet rated,NULL,N/A
FTSM,$59.9,1440278163243,"20,701",100% bearish,of 1 rating,N/A
FV,$23.23,1440278163344,"4,139,653",Not yet rated,NULL,N/A
MDIV,$19.22,1440278163485,"565,706",Not yet rated,NULL,N/A
TDIV,$24.46,1440278163515,"449,109",100% bearish,of 1 rating,N/A
FEUZ,$30.69,1440278163546,"5,731",Not yet rated,NULL,N/A
FTGC,$22.05,1440278163578,"122,767",Not yet rated,NULL,N/A
FGM,$35.03,1440278163606,"69,317",Not yet rated,NULL,N/A
FTHI,$19.4,1440278163635,"10,468",Not yet rated,NULL,N/A
HYLS,$49.21,1440278163676,"102,494",100% bearish,of 1 rating,N/A
FHK,$32.72,1440278163769,"128,700",Not yet rated,NULL,N/A
FPXI,$27.51,1440278163846,"1,318",Not yet rated,NULL,N/A
YDIV,$16.62,1440278164555,"2,670",Not yet rated,NULL,N/A
SKYY,$28.68,1440278164582,"76,557",100% bullish,of 1 rating,N/A
CU,$12.76,1440278164611,"13,066",100% bearish,of 1 rating,N/A
PLTM,$6.66,1440278164633,"3,862",100% bearish,of 1 rating,N/A
FJP,$46.13,1440278164664,"49,025",Not yet rated,NULL,N/A
FTLB,$19.28,1440278164691,"2,451",100% bearish,of 1 rating,N/A
LMBS,$50.49,1440278164711,862,Not yet rated,NULL,N/A
FMB,$51.195,1440278164732,"1,778",Not yet rated,NULL,N/A
QABA,$38.13,1440278164872,"44,503",100% bearish,of 1 rating,N/A
CIBR,$18.04,1440278164915,"162,032",Not yet rated,NULL,N/A
GRID,$33.62,1440278164949,834,100% bearish,of 1 rating,N/A
FONE,$34.05,1440278164981,"1,800",Not yet rated,NULL,N/A
QCLN,$14.54,1440278165002,"17,473",Not yet rated,NULL,N/A
CARZ,$34.42,1440278165030,"11,011",100% bearish,of 1 rating,N/A
QQEW,$41.94,1440278165245,"313,108",Not yet rated,NULL,N/A
QQXT,$40.09,1440278165299,"60,503",Not yet rated,NULL,N/A
QTEC,$39.35,1440278165331,"147,804",Not yet rated,NULL,N/A
RDVY,$21.64,1440278165352,"318,269",Not yet rated,NULL,N/A
QINC,$20.71,1440278165389,"1,700",Not yet rated,NULL,N/A
FKO,$22.32,1440278165443,"3,700",Not yet rated,NULL,N/A
AIRR,$16.37,1440278165478,"9,058",100% bearish,of 1 rating,N/A
FDIV,$47.59,1440278165504,"6,143",100% bearish,of 1 rating,N/A
FSZ,$38.85,1440278165585,"76,690",Not yet rated,NULL,N/A
FTSL,$48.8,1440278165644,"33,452",100% bearish,of 1 rating,N/A
TUSA,$25.08,1440278165730,"4,920",Not yet rated,NULL,N/A
FTW,$29.425,1440278165758,"1,534",Not yet rated,NULL,N/A
FKU,$41.6,1440278165808,"86,339",Not yet rated,NULL,N/A
SVVC,$10.15,1440278165900,"36,001",100% bullish,of 1 rating,$26
FUNC,$8.33,1440278165938,"3,636",Not yet rated,NULL,N/A
FMER,$17.6579,1440278165987,"1,802,777",50% bullish,of 2 ratings,$20
FSV,$31.87,1440278166018,"12,538",Not yet rated,NULL,$33.60
FIVE,$35.34,1440278166105,"409,909",75% bearish,of 4 ratings,$44
FISV,$84.87,1440278166137,"1,522,717",100% bearish,of 3 ratings,$90
FPRX,$18.26,1440278166160,"303,751",50% bullish,of 2 ratings,$35
FIVN,$4.11,1440278166244,"185,266",100% bullish,of 1 rating,$8.50
FLML,$21.11,1440278166296,"134,027",50% bullish,of 2 ratings,$30
FLKS,$13.13,1440278166332,"55,627",50% bullish,of 2 ratings,$27
FLXN,$24.39,1440278166426,"86,363",100% bearish,of 1 rating,$40
MBSD,NULL,1440278166452,0,Not yet rated,NULL,N/A
SKOR,$50.52,1440278166475,"1,000",Not yet rated,NULL,N/A
FLXS,$30.45,1440278166622,"36,609",100% bearish,of 2 ratings,N/A
FLEX,$10.51,1440278166655,"2,454,407",63% bullish,of 8 ratings,$12
FLIR,$28.75,1440278166688,"720,631",100% bearish,of 1 rating,$38.50
FLDM,$12.54,1440278166715,"686,894",67% bearish,of 3 ratings,$21.50
FFIC,$20.38,1440278166750,"69,120",Not yet rated,NULL,$21
FOGO,$18.84,1440278166782,"114,696",50% bullish,of 2 ratings,$25.50
FOMX,$9.79,1440278166813,"135,576",50% bullish,of 2 ratings,$23.50
FORM,$6,1440278166950,"267,226",67% bullish,of 3 ratings,$10.50
FES,$0.92,1440278166977,"4,841",50% bullish,of 2 ratings,$1
FONR,$9.54,1440278167006,"18,526",100% bullish,of 1 rating,N/A
FORTY,$32.4,1440278167105,"4,710",Not yet rated,NULL,N/A
FORR,$32.21,1440278167141,"52,356",Not yet rated,NULL,N/A
FTNT,$42.98,1440278167210,"1,928,364",80% bullish,of 10 ratings,$52
FWRD,$46.8,1440278167272,"307,366",100% bearish,of 1 rating,$50
FBIO,$2.51,1440278167294,"188,268",83% bullish,of 6 ratings,N/A
FORD,$1.04,1440278167366,"120,974",50% bullish,of 2 ratings,N/A
FOSL,$59.15,1440278167424,"1,014,809",50% bullish,of 4 ratings,$80
FMI,$21.61,1440278167455,"391,770",100% bearish,of 2 ratings,$27.50
FWP,$25.67,1440278167483,"46,088",100% bearish,of 1 rating,$45
FXCB,$17.3,1440278167552,"17,445",Not yet rated,NULL,$19
FOXF,$15.28,1440278167625,"65,653",100% bearish,of 1 rating,$19
FRAN,$10.24,1440278167650,"689,114",50% bullish,of 4 ratings,$15
FELE,$28.92,1440278167711,"341,251",50% bullish,of 4 ratings,$33
FRED,$14.505,1440278167789,"342,264",50% bullish,of 2 ratings,$16.50
FREE,$0.43,1440278167871,"823,292",92% bullish,of 12 ratings,N/A
RAIL,$20.87,1440278167901,"125,948",100% bearish,of 1 rating,$24.50
FEIM,$11.17,1440278167971,"8,777",100% bearish,of 1 rating,N/A
FRPT,$13,1440278168027,"495,123",67% bearish,of 3 ratings,$23.50
FTRPR,$102.05,1440278168052,"61,829",100% bearish,of 1 rating,N/A
FTR,$5.2,1440278168080,"19,477,135",78% bullish,of 27 ratings,$6.25
FRPH,$30.33,1440278168132,"14,572",100% bearish,of 1 rating,N/A
FSBW,$23.34,1440278168211,"2,300",Not yet rated,NULL,N/A
FTD,$29.45,1440278168239,"149,230",100% bearish,of 1 rating,$40
FTEK,$2.16,1440278168312,"40,018",75% bullish,of 4 ratings,N/A
FSYS,$6.38,1440278168376,"45,792",67% bullish,of 3 ratings,$10
FULL,$3.14,1440278168402,"56,049",67% bearish,of 3 ratings,$4.25
FCEL,$0.7366,1440278168427,"1,658,337",88% bullish,of 40 ratings,$2.65
FULLL,$25.3,1440278168477,"2,099",Not yet rated,NULL,N/A
FLL,$1.58,1440278168566,"14,473",75% bullish,of 4 ratings,$2.825
FULT,$12.4385,1440278168659,"1,361,369",100% bearish,of 1 rating,$13
FFHL,NULL,1440278168714,0,50% bullish,of 4 ratings,N/A
FSNN,$2.61,1440278168743,"1,800",67% bullish,of 3 ratings,$6
FXEN,$0.82,1440278168800,"170,889",75% bullish,of 4 ratings,$1.10
FXENP,$15.9,1440278168843,"2,740",100% bearish,of 1 rating,N/A
GK,$70.3,1440278168933,"83,887",Not yet rated,NULL,$78
WILC,$5.06,1440278168965,"5,946",100% bullish,of 2 ratings,N/A
GAIA,$5.86,1440278168992,"23,978",50% bullish,of 2 ratings,$8.50
GLPG,$61.54,1440278169034,"27,887",100% bullish,of 1 rating,$75
GALT,$1.99,1440278169067,"104,198",80% bullish,of 5 ratings,N/A
GALTU,NULL,1440278169171,0,100% bearish,of 1 rating,N/A
GALTW,NULL,1440278169191,0,100% bullish,of 1 rating,N/A
GALE,$1.34,1440278169276,"1,297,229",89% bullish,of 47 ratings,$4
GLMD,$8.52,1440278169322,"7,887",67% bullish,of 3 ratings,$20.50
GLPI,$31.6262,1440278169353,"495,016",100% bearish,of 1 rating,$37.50
GPIC,$11.09,1440278169374,8,100% bearish,of 1 rating,N/A
GRMN,$38.26,1440278169452,"1,619,493",50% bullish,of 6 ratings,$48
GGAC,NULL,1440278169532,0,100% bearish,of 1 rating,N/A
GGACR,NULL,1440278169581,0,100% bullish,of 1 rating,N/A
GGACW,$0.12,1440278169637,438,Not yet rated,NULL,N/A
GGACU,NULL,1440278169663,0,Not yet rated,NULL,N/A
GARS,$14.82,1440278169692,"25,735",Not yet rated,NULL,$16
GENC,$9.48,1440278169718,"1,326",100% bearish,of 1 rating,N/A
GNCMA,$16.75,1440278169748,"180,927",100% bearish,of 1 rating,$12
GFN,$3.59,1440278169851,"35,382",100% bearish,of 2 ratings,$8
GFNCP,NULL,1440278169876,0,Not yet rated,NULL,N/A
GFNSL,$25.8,1440278170009,"1,200",Not yet rated,NULL,N/A
GENE,$2.36,1440278170145,"148,645",100% bullish,of 12 ratings,N/A
GNMK,$9.4,1440278170175,"146,170",67% bullish,of 6 ratings,$14
GNTX,$15.0882,1440278170254,"1,731,017",Not yet rated,NULL,$20
GHDX,$25.37,1440278170285,"139,056",50% bullish,of 2 ratings,$30
GNCA,$12.48,1440278170310,"168,679",100% bearish,of 1 rating,$20
GNVC,$2.24,1440278170340,"34,502",90% bullish,of 10 ratings,$8.50
THRM,$44.01,1440278170385,"309,602",75% bearish,of 4 ratings,$55.50
GABC,$29.73,1440278170446,"47,076",Not yet rated,NULL,$31.50
GTWN,NULL,1440278170483,0,Not yet rated,NULL,N/A
GEOS,$15.3,1440278170511,"116,850",100% bearish,of 3 ratings,$25.50
GEVO,$2.29,1440278170642,"240,735",75% bullish,of 12 ratings,$5
GERN,$3.08,1440278170669,"2,161,517",88% bullish,of 16 ratings,$5.25
ROCK,$17.57,1440278170690,"235,847",80% bullish,of 5 ratings,$24
GIGA,$1.42,1440278170743,"46,287",100% bearish,of 1 rating,N/A
GIGM,$0.6,1440278170837,"112,719",100% bullish,of 2 ratings,N/A
GIII,$64.77,1440278170928,"271,077",67% bullish,of 3 ratings,$75
GILT,$4.47,1440278171010,"2,023",50% bullish,of 2 ratings,N/A
GOOD,$15.44,1440278171060,"98,286",Not yet rated,NULL,$19
GLADO,$25.59,1440278171086,"3,000",Not yet rated,NULL,N/A
GLAD,$8.51,1440278171107,"155,251",50% bullish,of 2 ratings,$8.75
GBCI,$26.4218,1440278171138,"334,049",50% bullish,of 2 ratings,$31
GILD,$105.383,1440278171161,"15,611,252",91% bullish,of 87 ratings,$129
GAIN,$7.47,1440278171298,"246,309",100% bullish,of 2 ratings,$8.25
GOODO,$25.1,1440278171352,"1,266",Not yet rated,NULL,N/A
GOODN,$25.64,1440278171376,426,Not yet rated,NULL,N/A
GOODP,$25.14,1440278171413,"1,250",Not yet rated,NULL,N/A
GAINN,$25.2379,1440278171440,150,Not yet rated,NULL,N/A
GAINO,$25.31,1440278171510,"1,726",Not yet rated,NULL,N/A
GAINP,$25.85,1440278171535,"3,950",Not yet rated,NULL,N/A
LAND,$9.5,1440278171696,"16,439",50% bullish,of 2 ratings,$13.75
GLBZ,NULL,1440278171720,0,Not yet rated,NULL,N/A
GDEF,$10.5401,1440278171748,100,Not yet rated,NULL,N/A
GBT,$45.75,1440278171783,"252,564",100% bearish,of 1 rating,N/A
GPACU,$10.1,1440278171877,"2,854",Not yet rated,NULL,N/A
ENT,$11.73,1440278171904,"196,363",100% bearish,of 1 rating,$18
GBLI,$26.25,1440278171937,"16,164",Not yet rated,NULL,N/A
ACTX,$13.25,1440278171964,600,100% bullish,of 1 rating,N/A
GSOL,$8.26,1440278172035,"15,789",100% bearish,of 1 rating,N/A
QQQC,$19.26,1440278172095,"4,950",100% bearish,of 1 rating,N/A
SOCL,$17.18,1440278172123,"100,120",100% bullish,of 2 ratings,N/A
ALTY,$14.587,1440278172223,700,Not yet rated,NULL,N/A
SRET,$13.6,1440278172252,"4,194",Not yet rated,NULL,N/A
YLCO,$11.75,1440278172319,"1,235",Not yet rated,NULL,N/A
GAI,$5.27,1440278172349,"3,415",50% bullish,of 2 ratings,N/A
GBIM,$2.26,1440278172482,"43,964",50% bullish,of 2 ratings,N/A
GSM,$13.26,1440278172511,"403,098",50% bullish,of 2 ratings,$24.50
GLBS,$1.06,1440278172534,"10,500",67% bullish,of 3 ratings,N/A
GLRI,$1.1,1440278172568,"80,101",100% bearish,of 1 rating,$6
GLUU,$4.37,1440278172593,"2,317,587",92% bullish,of 26 ratings,$9
GLYC,$7.26,1440278172673,"7,663",50% bullish,of 2 ratings,$14
GOGO,$15.48,1440278172703,"479,979",80% bullish,of 5 ratings,$25
GLNG,$35.44,1440278172734,"792,592",83% bullish,of 6 ratings,$58
GMLP,$19.13,1440278172836,"137,734",50% bullish,of 4 ratings,$32.50
GDEN,$8.88,1440278172879,"11,961",50% bullish,of 2 ratings,N/A
GLDC,$4.13,1440278172910,"3,480",50% bullish,of 2 ratings,N/A
GBDC,$16.5151,1440278173017,"145,009",Not yet rated,NULL,$17.75
GOGL,$2.92,1440278173074,"540,722",75% bullish,of 4 ratings,$5
GTIM,$6.47,1440278173121,"80,995",Not yet rated,NULL,$11.50
GOOG,$616,1440278173200,"2,256,491",90% bullish,of 68 ratings,$825
GPRO,$48.84,1440278173232,"5,811,963",78% bullish,of 58 ratings,$72
GPIA,NULL,1440278173298,0,Not yet rated,NULL,N/A
GOOGL,$647,1440278173325,"2,533,646",88% bullish,of 1079 ratings,$749
GMAN,$4.4,1440278173353,"71,999",60% bullish,of 5 ratings,$8
GPIAW,NULL,1440278173378,0,Not yet rated,NULL,N/A
GPIAU,NULL,1440278173405,0,Not yet rated,NULL,N/A
GRVY,$3.43,1440278173596,"1,202",50% bullish,of 2 ratings,N/A
GBSN,$1.46,1440278173622,"747,556",100% bearish,of 1 rating,$8.25
GBSNU,$16,1440278173649,"22,548",Not yet rated,NULL,N/A
LOPE,$37.1955,1440278173670,"420,323",100% bearish,of 2 ratings,$50
GLDD,$5.39,1440278173805,"288,709",100% bearish,of 4 ratings,$7.75
GSBC,$40.6,1440278173834,"36,220",100% bullish,of 1 rating,$44
GNBC,$12.08,1440278173878,"33,737",100% bearish,of 1 rating,$17
GRBK,$13.35,1440278173967,"154,269",77% bullish,of 13 ratings,N/A
GPRE,$18.8277,1440278173998,"832,352",67% bullish,of 6 ratings,$28.50
GPP,$14.94,1440278174020,"24,630",Not yet rated,NULL,$20.50
GCBC,NULL,1440278174050,0,100% bullish,of 1 rating,N/A
GLRE,$24.86,1440278174079,"262,384",50% bullish,of 2 ratings,$41
GRIF,$30.945,1440278174183,209,100% bearish,of 1 rating,N/A
GRFS,$30.3,1440278174210,"180,141",50% bullish,of 2 ratings,$35
GRPN,$4.077,1440278174286,"7,070,465",61% bullish,of 71 ratings,$6.75
GGAL,$18.96,1440278174341,"423,209",80% bullish,of 5 ratings,$40
OMAB,$39.57,1440278174366,"24,030",100% bullish,of 1 rating,$44
GSIG,$13.11,1440278174569,"71,415",100% bearish,of 2 ratings,N/A
GSIT,$4.97,1440278174605,"9,824",100% bearish,of 1 rating,N/A
GSVC,$8.56,1440278174627,"118,374",50% bullish,of 2 ratings,$14.50
GTXI,$0.83,1440278174648,"67,416",100% bullish,of 5 ratings,$.75
GBNK,$15.76,1440278174692,"43,034",100% bearish,of 1 rating,$18
GFED,$14.94,1440278174713,10,Not yet rated,NULL,$17
GIFI,$11.97,1440278174734,"46,892",100% bearish,of 1 rating,$16
GULTU,$0.2905,1440278174772,"102,116",100% bearish,of 1 rating,N/A
GURE,$1.62,1440278174911,"151,052",88% bullish,of 8 ratings,N/A
GUID,$7.29,1440278174940,"187,217",100% bearish,of 3 ratings,$10
GPOR,$33.8159,1440278174965,"937,085",75% bullish,of 4 ratings,$55
GWGH,$7.35,1440278175121,"1,284",100% bearish,of 1 rating,$15.05
GWPH,$104.03,1440278175149,"200,237",78% bullish,of 9 ratings,$148.50
HLG,$9.64,1440278175223,"5,100",100% bearish,of 1 rating,N/A
GYRO,$2.85,1440278175253,"76,416",100% bearish,of 1 rating,N/A
HNRG,$7.22,1440278175291,"124,047",100% bearish,of 1 rating,$10
HEES,$16.51,1440278175312,"306,657",67% bearish,of 3 ratings,$31
HBK,$13.8,1440278175389,8,50% bullish,of 2 ratings,N/A
HALL,$11.67,1440278175428,"28,021",Not yet rated,NULL,N/A
HALO,$17.33,1440278175449,"1,204,693",67% bullish,of 3 ratings,$22.50
HMPR,$1.89,1440278175522,"118,740",100% bullish,of 1 rating,N/A
HBHCL,$24.49,1440278175591,"18,426",Not yet rated,NULL,N/A
HBHC,$26.8668,1440278175690,"451,705",50% bullish,of 2 ratings,$30
HNH,$27.82,1440278175717,"21,502",100% bullish,of 1 rating,N/A
HAFC,$24.565,1440278175854,"117,041",100% bullish,of 2 ratings,$28.50
HQCL,$8.63,1440278175883,"24,293",67% bullish,of 3 ratings,N/A
HNSN,$0.501,1440278175904,"78,898",88% bullish,of 8 ratings,$.40
HDNG,$9.98,1440278175944,"11,225",50% bullish,of 4 ratings,N/A
HLIT,$5.58,1440278175965,"331,156",100% bearish,of 1 rating,$6.50
HRMNW,NULL,1440278176038,0,Not yet rated,NULL,N/A
HRMNU,NULL,1440278176066,0,Not yet rated,NULL,N/A
HRMN,NULL,1440278176095,0,Not yet rated,NULL,N/A
HART,$0.775,1440278176223,"213,330",100% bearish,of 1 rating,N/A
HCAP,$12.17,1440278176250,"24,008",50% bullish,of 2 ratings,$15
TINY,$2.45,1440278176271,"20,315",50% bullish,of 2 ratings,$5.26
HBIO,$4.39,1440278176327,"81,394",Not yet rated,NULL,$10
HCAPL,$25.4,1440278176517,"1,773",Not yet rated,NULL,N/A
HAS,$75.171,1440278176551,"1,049,605",63% bullish,of 8 ratings,$84.50
HCOM,$22.51,1440278176584,"37,331",100% bearish,of 1 rating,$28
HA,$23.05,1440278176606,"931,944",67% bullish,of 9 ratings,$27
HWBK,$13.8,1440278176644,674,100% bearish,of 1 rating,N/A
HWKN,$36.84,1440278176681,"29,157",Not yet rated,NULL,N/A
HAYN,$37.88,1440278176711,"48,863",100% bearish,of 1 rating,$59
HDS,$33.08,1440278176745,"1,295,702",100% bearish,of 2 ratings,$39.50
HIIQ,$4.48,1440278176879,"28,731",50% bullish,of 2 ratings,$7
HCSG,$33.546,1440278176940,"309,474",50% bullish,of 4 ratings,$35
HSTM,$24.87,1440278177010,"220,098",50% bullish,of 2 ratings,$33.75
HQY,$29.27,1440278177043,"394,569",67% bullish,of 3 ratings,$31
HWAY,$12.48,1440278177065,"386,123",100% bearish,of 1 rating,$15
HTLD,$20.165,1440278177145,"492,188",Not yet rated,NULL,$22.50
HTLF,$36.24,1440278177218,"48,371",100% bullish,of 1 rating,$39.50
HTWR,$83.28,1440278177249,"239,502",50% bullish,of 2 ratings,$103
HTBX,$5.31,1440278177322,"21,712",50% bullish,of 2 ratings,$15.50
HSII,$20.17,1440278177348,"59,389",100% bullish,of 3 ratings,$25
HMNY,$2.2261,1440278177388,"2,878",100% bearish,of 1 rating,N/A
HELE,$87.93,1440278177413,"151,548",67% bearish,of 3 ratings,$100
HMTV,$12.84,1440278177480,"12,852",100% bearish,of 1 rating,$16
HNNA,$24.57,1440278177557,"15,081",Not yet rated,NULL,N/A
HSIC,$138.0834,1440278177584,"512,882",83% bullish,of 6 ratings,$146
HCACU,$10.0043,1440278177614,"2,000",Not yet rated,NULL,N/A
HTBK,$11.04,1440278177720,"93,871",Not yet rated,NULL,$12
HERO,$0.06,1440278177757,"5,839,839",81% bullish,of 16 ratings,$.75
HFWA,$17.74,1440278177900,"62,742",100% bullish,of 1 rating,$20
HEOP,$7.68,1440278177931,"27,087",Not yet rated,NULL,$8.50
HCCI,$11.65,1440278177965,"27,277",100% bearish,of 1 rating,$16.50
HRTX,$35.05,1440278177986,"839,423",67% bullish,of 6 ratings,$41
MLHR,$28.1966,1440278178007,"238,584",50% bullish,of 2 ratings,$33.50
HSKA,$33.2,1440278178065,"28,561",100% bearish,of 1 rating,$38
HFFC,$16.27,1440278178090,946,Not yet rated,NULL,N/A
HIMX,$6.29,1440278178238,"1,170,901",86% bullish,of 21 ratings,$8.50
HPJ,$2.25,1440278178265,"130,395",75% bullish,of 4 ratings,$12.43
HIBB,$37.37,1440278178295,"1,128,881",100% bearish,of 1 rating,$48.50
HIHO,$4,1440278178316,"9,057",Not yet rated,NULL,N/A
HIFS,$118.11,1440278178397,"8,734",Not yet rated,NULL,N/A
HSGX,$5.92,1440278178458,"24,278",100% bearish,of 1 rating,$17
HOLI,$16.9527,1440278178537,"228,631",50% bullish,of 4 ratings,$27
HMSY,$8.8389,1440278178585,"1,363,874",67% bullish,of 3 ratings,$19.35
HBCP,$24.4,1440278178626,"41,618",Not yet rated,NULL,$29
HMNF,$11.42,1440278178660,"2,480",Not yet rated,NULL,N/A
HOMB,$39.23,1440278178761,"321,450",Not yet rated,NULL,$41
HOLX,$39.74,1440278178793,"2,134,552",67% bullish,of 3 ratings,$42
HFBL,$21.69,1440278178820,"1,800",Not yet rated,NULL,N/A
HMIN,$29.096,1440278178894,"61,111",100% bearish,of 2 ratings,$35
AWAY,$29.3662,1440278179123,"943,583",67% bullish,of 3 ratings,$36
HTBI,$18.39,1440278179641,"70,970",67% bullish,of 3 ratings,$18.625
HKTV,$4.68,1440278179677,"7,455",100% bearish,of 1 rating,N/A
CETC,$0.77,1440278179698,"45,584",86% bullish,of 7 ratings,N/A
HOFT,$24.43,1440278179719,"62,910",100% bearish,of 1 rating,N/A
HFBC,$11.61,1440278179740,"2,835",Not yet rated,NULL,N/A
HBNC,$24.3,1440278179761,"31,745",100% bullish,of 1 rating,$27
HMST,$21.57,1440278179782,"119,006",100% bullish,of 2 ratings,$27
HDP,$25.5,1440278179955,"235,894",67% bearish,of 3 ratings,$30.50
HRZN,$10.59,1440278179980,"54,947",100% bearish,of 1 rating,$14.25
ZINC,$7.25,1440278180005,"624,456",100% bearish,of 1 rating,$17
HZNP,$29.2,1440278180031,"2,449,005",85% bullish,of 20 ratings,$40
HMHC,$22.4,1440278180055,"923,176",Not yet rated,NULL,$27
HWCC,$7.22,1440278180261,"136,206",100% bearish,of 1 rating,$9
HSNI,$60.9227,1440278180315,"239,269",Not yet rated,NULL,$80
HOVNP,NULL,1440278180342,0,100% bearish,of 1 rating,N/A
HBMD,$14.95,1440278180376,502,100% bearish,of 1 rating,N/A
HTGM,$5.59,1440278180405,"9,721",100% bearish,of 1 rating,$19.50
HUBG,$39.18,1440278180472,"205,184",100% bearish,of 1 rating,$43
HSON,$2.8,1440278180504,"20,391",100% bearish,of 1 rating,$5
HCBK,$9.5789,1440278180532,"2,422,499",83% bullish,of 6 ratings,$8.61
HBAN,$11.11,1440278180604,"6,980,840",76% bullish,of 17 ratings,$12.29
HDSN,$2.81,1440278180672,"30,286",100% bullish,of 1 rating,$6.25
HBANP,$1337,1440278180702,12,100% bearish,of 1 rating,N/A
HDRA,NULL,1440278180878,0,Not yet rated,NULL,N/A
HURC,$29.88,1440278180906,"26,946",100% bearish,of 1 rating,N/A
HURN,$73.02,1440278180933,"109,473",50% bullish,of 2 ratings,$80
HBP,$3.09,1440278180958,"1,457",100% bullish,of 1 rating,N/A
HTCH,$1.58,1440278180984,"60,402",100% bearish,of 1 rating,$3.50
HDRAR,NULL,1440278181112,0,Not yet rated,NULL,N/A
HDRAU,$10.06,1440278181140,100,Not yet rated,NULL,N/A
HDRAW,NULL,1440278181161,0,Not yet rated,NULL,N/A
HYGS,$7.48,1440278181192,"42,666",50% bullish,of 2 ratings,$13
IDSY,$3.85,1440278181322,"6,888",100% bearish,of 1 rating,$7
IACI,$71.15,1440278181351,"768,044",75% bullish,of 4 ratings,$90
IBKC,$60.3428,1440278181386,"191,218",100% bullish,of 1 rating,$70
IKGH,$1.81,1440278181453,"12,492",75% bullish,of 4 ratings,N/A
ICAD,$3.54,1440278181484,"22,041",50% bullish,of 2 ratings,$7.25
ICFI,$35.71,1440278181514,"104,061",50% bullish,of 2 ratings,$48.50
IEP,$67.43,1440278181539,"123,610",75% bullish,of 4 ratings,$99
ICON,$12.25,1440278181747,"780,798",50% bullish,of 2 ratings,$18.50
IPWR,$7.36,1440278181776,"3,392",100% bullish,of 1 rating,$15
ICLR,$77.7434,1440278181829,"297,930",100% bearish,of 3 ratings,$85
ICUI,$115.51,1440278181852,"147,406",Not yet rated,NULL,$122
INVE,$4.66,1440278181881,"109,550",75% bullish,of 4 ratings,$4
IROQ,$16.68,1440278181914,502,100% bullish,of 1 rating,N/A
DSKY,$12.1367,1440278181985,"291,194",67% bullish,of 6 ratings,$11.50
IDRA,$2.52,1440278182058,"1,118,091",89% bullish,of 9 ratings,$6.50
IRG,$4.73,1440278182190,"29,774",100% bearish,of 1 rating,$4.50
IIVI,$17.63,1440278182219,"240,082",100% bearish,of 1 rating,$22
IDXX,$74.1911,1440278182247,"439,447",100% bearish,of 1 rating,$77
RXDX,$12.57,1440278182268,"107,394",100% bullish,of 1 rating,$20
IKAN,$2.73,1440278182410,"14,561",83% bullish,of 6 ratings,$5
IKNX,$11.46,1440278182441,722,100% bearish,of 1 rating,N/A
KANG,$15,1440278182462,"344,010",50% bullish,of 2 ratings,$22.55
ILMN,$199.29,1440278182496,"1,014,627",80% bullish,of 5 ratings,$240
ISNS,$3.82,1440278182549,"67,780",50% bullish,of 2 ratings,N/A
IMMR,$11.38,1440278182629,"215,531",80% bullish,of 5 ratings,$15.50
ICCC,$8.05,1440278182700,"7,929",100% bullish,of 1 rating,N/A
IMDZ,$15.49,1440278182727,"55,028",100% bearish,of 1 rating,$33
IMNP,$1.38,1440278182856,"103,462",50% bullish,of 2 ratings,$6
IMGN,$13.07,1440278182882,"1,107,990",75% bullish,of 4 ratings,$17.50
IPXL,$43.4148,1440278182914,"694,109",67% bullish,of 3 ratings,$46.50
IMMU,$1.87,1440278183012,"975,603",86% bullish,of 7 ratings,$2
IMMY,$7.49,1440278183042,"6,448",100% bearish,of 1 rating,$11
INCR,$42.36,1440278183069,"1,097,736",50% bullish,of 2 ratings,$53
INCY,$104.2975,1440278183090,"711,350",50% bullish,of 6 ratings,$125.50
SAAS,$7.7296,1440278183226,"487,787",50% bullish,of 2 ratings,$15
INDB,$46.44,1440278183255,"91,428",Not yet rated,NULL,$44
IBCP,$14.21,1440278183286,"66,760",100% bullish,of 1 rating,$14.50
IBTX,$42.68,1440278183386,"39,240",100% bullish,of 2 ratings,$47.25
IDSA,$3.64,1440278183412,174,Not yet rated,NULL,N/A
INFI,$9.44,1440278183457,"820,535",50% bullish,of 4 ratings,$18
IPCC,$79.97,1440278183483,"44,593",Not yet rated,NULL,$77.50
INFN,$21.08,1440278183543,"2,781,964",71% bullish,of 7 ratings,$28
III,$4.14,1440278183643,"158,901",57% bullish,of 7 ratings,$6
IMKTA,$52.89,1440278183706,"113,692",100% bearish,of 1 rating,N/A
IFON,$1.23,1440278183731,"45,196",75% bullish,of 4 ratings,N/A
INWK,$7.33,1440278183760,"164,366",50% bullish,of 2 ratings,$10
IPHS,$47.91,1440278183892,"90,391",100% bearish,of 1 rating,$60
IOSP,$46.19,1440278183913,"4,359,888",100% bearish,of 1 rating,N/A
INOD,$2.48,1440278183941,"19,784",100% bearish,of 1 rating,N/A
INNL,NULL,1440278183991,0,100% bearish,of 1 rating,$16.50
ISSC,$2.92,1440278184092,"8,615",67% bearish,of 3 ratings,N/A
ITEK,$13.7368,1440278184127,"780,060",100% bearish,of 3 ratings,$20
INGN,$49.39,1440278184149,"168,397",100% bearish,of 1 rating,$50.50
INOV,$20.95,1440278184226,"349,429",100% bearish,of 1 rating,$33
INO,$7.07,1440278184281,"991,184",89% bullish,of 18 ratings,$20
NSIT,$25.94,1440278184308,"161,989",50% bullish,of 2 ratings,N/A
ISIG,$2.58,1440278184337,"12,103",100% bearish,of 1 rating,N/A
INSM,$24.29,1440278184367,"376,220",71% bullish,of 7 ratings,$31.50
IIIN,$18,1440278184471,"160,188",100% bearish,of 2 ratings,N/A
INSY,$32.5,1440278184566,"744,412",75% bullish,of 4 ratings,$48
PODD,$28.7,1440278184600,"377,984",50% bullish,of 2 ratings,$35
NTEC,$5.94,1440278184701,"22,000",Not yet rated,NULL,N/A
IART,$60.71,1440278184728,"233,404",100% bearish,of 1 rating,$71.50
IDTI,$17.29,1440278184756,"2,463,021",60% bullish,of 5 ratings,$25
IESC,$7.27,1440278184781,"1,500",100% bearish,of 1 rating,N/A
ISSI,$22.3,1440278184887,"296,636",67% bullish,of 3 ratings,$19.75
INTC,$26.7,1440278184931,"36,675,246",82% bullish,of 238 ratings,$36
IQNT,$19.28,1440278184959,"257,467",86% bullish,of 7 ratings,$20
IPCI,$2.12,1440278184993,"35,773",67% bullish,of 6 ratings,$7.75
IPAR,$27.27,1440278185034,"59,510",67% bullish,of 3 ratings,$38
IBKR,$38.66,1440278185094,"576,484",100% bullish,of 1 rating,N/A
ININ,$37,1440278185119,"115,076",67% bearish,of 3 ratings,$57
ICLD,$1.87,1440278185257,"413,066",75% bullish,of 4 ratings,N/A
ICPT,$190.6771,1440278185285,"265,072",70% bullish,of 10 ratings,$359.50
ICLDW,$0.9601,1440278185328,"1,250",100% bearish,of 1 rating,N/A
IDCC,$47.38,1440278185355,"294,240",80% bullish,of 5 ratings,$63
TILE,$24.33,1440278185483,"583,565",67% bearish,of 3 ratings,$27
IMI,$2.13,1440278185509,"9,131",67% bullish,of 3 ratings,$2.22
INAP,$8.27,1440278185541,"157,177",75% bullish,of 4 ratings,$11
ISCA,$31.76,1440278185585,"75,500",100% bearish,of 1 rating,N/A
IBOC,$26.0269,1440278185640,"200,228",100% bearish,of 1 rating,N/A
IIJI,$8.9299,1440278185669,"1,000",50% bullish,of 2 ratings,$11.50
PTNT,$3.05,1440278185738,"4,282",Not yet rated,NULL,N/A
IGLD,$7.15,1440278185765,"2,377",50% bullish,of 2 ratings,N/A
INPH,$0.3099,1440278185844,"9,140",50% bullish,of 2 ratings,N/A
XENT,$27.72,1440278185909,"196,800",50% bullish,of 2 ratings,$36.50
ISIL,$10.2,1440278186011,"911,504",50% bullish,of 6 ratings,$15
INTX,$2.44,1440278186044,"40,947",67% bullish,of 3 ratings,N/A
IVAC,$4.89,1440278186077,"16,408",Not yet rated,NULL,$6.625
IILG,$20.03,1440278186098,"307,013",100% bearish,of 1 rating,$30.50
INTL,$25.88,1440278186140,"119,017",67% bearish,of 3 ratings,N/A
INTLL,$25.77,1440278186172,"1,100",Not yet rated,NULL,N/A
IIN,$6.38,1440278186341,"6,399",100% bearish,of 1 rating,$12
ISRG,$506.65,1440278186378,"238,287",67% bullish,of 3 ratings,$600
ITCI,$28.5,1440278186409,"400,140",75% bearish,of 4 ratings,$40
INTU,$89.98,1440278186431,"5,254,872",86% bullish,of 7 ratings,$110.50
INVT,$0.2713,1440278186480,"28,221",67% bullish,of 3 ratings,N/A
SNAK,$8.47,1440278186506,"286,014",50% bullish,of 2 ratings,$14
ISTR,$15.85,1440278186534,"2,506",100% bearish,of 1 rating,$18.50
ISBC,$11.8686,1440278186669,"2,158,729",100% bullish,of 1 rating,$13.25
NVIV,$9.83,1440278186716,"458,296",50% bullish,of 4 ratings,$24.50
ITIC,$71.35,1440278186741,16,100% bearish,of 2 ratings,N/A
IPAS,$1.01,1440278186809,"153,876",67% bullish,of 3 ratings,N/A
DTUL,NULL,1440278186876,0,Not yet rated,NULL,N/A
IVTY,$12.69,1440278186904,"13,088",Not yet rated,NULL,$18
DFVL,NULL,1440278186939,0,Not yet rated,NULL,N/A
IPCM,$79.5,1440278186976,"605,193",50% bullish,of 2 ratings,$80.125
IRIX,$7.16,1440278187118,"14,066",100% bearish,of 1 rating,N/A
IPGP,$84.18,1440278187190,"196,618",100% bearish,of 2 ratings,$109.50
IRDM,$6.69,1440278187226,"599,667",60% bullish,of 5 ratings,$11.50
IRMD,$25.1,1440278187252,"16,337",67% bearish,of 3 ratings,$25
IRWD,$10.95,1440278187290,"1,059,107",100% bearish,of 1 rating,$13
IRDMB,$266.65,1440278187315,"1,378",67% bearish,of 3 ratings,N/A
IRBT,$29.9,1440278187341,"240,464",67% bullish,of 6 ratings,$37
IRCP,$32,1440278187379,651,100% bullish,of 2 ratings,N/A
COMT,$32.24,1440278187606,"20,256",100% bearish,of 1 rating,N/A
FCHI,$47.8,1440278187635,"4,334",Not yet rated,NULL,N/A
GNMA,$50.25,1440278187671,"2,022",Not yet rated,NULL,N/A
IFEU,$39.05,1440278187700,"52,081",Not yet rated,NULL,N/A
IFAS,$28.76,1440278187721,"9,892",Not yet rated,NULL,N/A
ACWX,$40.41,1440278187777,"332,696",100% bearish,of 1 rating,N/A
IFGL,$28.84,1440278187852,"124,298",Not yet rated,NULL,N/A
IFNA,$56.26,1440278187877,2,Not yet rated,NULL,N/A
AXJS,NULL,1440278188012,0,Not yet rated,NULL,N/A
AAXJ,$52.27,1440278188041,"1,955,125",Not yet rated,NULL,N/A
ACWI,$55.66,1440278188062,"1,415,661",Not yet rated,NULL,N/A
AAIT,$30.53,1440278188096,"1,424",100% bullish,of 1 rating,N/A
EEMA,$48.76,1440278188195,"380,775",Not yet rated,NULL,N/A
EMDI,$46.16,1440278188265,300,Not yet rated,NULL,N/A
EEME,$38.47,1440278188296,"1,248",100% bearish,of 1 rating,N/A
EGRW,$47,1440278188364,"2,678",Not yet rated,NULL,N/A
EEML,$27.35,1440278188396,700,Not yet rated,NULL,N/A
EMEY,$24.77,1440278188429,200,Not yet rated,NULL,N/A
EVAL,$36.84,1440278188495,"4,617",Not yet rated,NULL,N/A
IEUS,$45.52,1440278188524,"8,328",100% bearish,of 1 rating,N/A
EUFN,$21.91,1440278188548,"205,824",100% bearish,of 1 rating,N/A
QAT,$20.45,1440278188720,"23,345",Not yet rated,NULL,N/A
IBB,$340.47,1440278188750,"2,475,808",63% bullish,of 8 ratings,N/A
UAE,$17.61,1440278188822,"11,802",Not yet rated,NULL,N/A
SOXX,$78.63,1440278188847,"710,879",50% bullish,of 2 ratings,N/A
EMIF,$28.27,1440278188880,"15,998",Not yet rated,NULL,N/A
ICLN,$9.42,1440278188981,"40,619",50% bullish,of 2 ratings,N/A
WOOD,$49.3,1440278189008,"53,527",50% bullish,of 2 ratings,N/A
INDY,$27.85,1440278189034,"903,318",50% bullish,of 2 ratings,N/A
ISHG,$80.2,1440278189065,"83,600",100% bearish,of 1 rating,N/A
IGOV,$92.1372,1440278189167,"25,494",100% bearish,of 1 rating,N/A
ISRL,$128.55,1440278189211,"1,003",100% bearish,of 1 rating,N/A
ISLE,$16.59,1440278189236,"295,431",50% bullish,of 4 ratings,$16
ISIS,$47.09,1440278189265,"1,346,021",53% bullish,of 15 ratings,$67
ITRI,$31.94,1440278189367,"253,746",Not yet rated,NULL,$37
ITRN,$24.7,1440278189508,"30,305",50% bullish,of 2 ratings,N/A
ITUS,$4.16,1440278189538,"6,967",Not yet rated,NULL,N/A
XXIA,$15.37,1440278189567,"314,105",71% bullish,of 7 ratings,$14.625
MAYS,NULL,1440278189607,0,Not yet rated,NULL,N/A
JJSF,$113.14,1440278189633,"100,391",100% bearish,of 1 rating,N/A
IXYS,$10.57,1440278189665,"247,242",50% bullish,of 4 ratings,N/A
JBHT,$76.18,1440278189693,"901,669",50% bullish,of 4 ratings,$89.50
JCOM,$69.56,1440278189848,"218,346",100% bullish,of 2 ratings,$77
JASO,$7,1440278189898,"1,435,775",82% bullish,of 17 ratings,$10
JXSB,$24.05,1440278189930,742,Not yet rated,NULL,N/A
JKHY,$68.27,1440278189952,"285,534",50% bullish,of 2 ratings,$72
JAXB,$12.76,1440278190000,"1,300",100% bullish,of 1 rating,N/A
JAGX,$2.5784,1440278190034,"18,491",Not yet rated,NULL,N/A
JACK,$81.43,1440278190083,"546,557",83% bullish,of 6 ratings,$105
JAKK,$9.07,1440278190175,"491,312",60% bearish,of 5 ratings,$11
JRVR,$26.32,1440278190333,"51,011",Not yet rated,NULL,$32
ERW,NULL,1440278190361,0,Not yet rated,NULL,N/A
JMBA,$13.18,1440278190389,"107,503",75% bullish,of 4 ratings,$18
JASN,$4.81,1440278190410,"34,092",50% bullish,of 2 ratings,$9.50
JBLU,$21.8,1440278190555,"7,445,018",94% bullish,of 17 ratings,$27
JAZZ,$170.2996,1440278190588,"486,735",80% bullish,of 15 ratings,$206.50
JASNW,$0.18,1440278190609,"12,833",50% bullish,of 2 ratings,N/A
JD,$25.2,1440278190630,"9,448,374",75% bullish,of 16 ratings,$36
JTPY,$3.02,1440278190689,"5,165",100% bearish,of 1 rating,N/A
JCTCF,NULL,1440278190768,0,100% bullish,of 1 rating,N/A
DATE,$6.47,1440278190825,"197,033",75% bullish,of 4 ratings,$9
JST,$4,1440278190852,"43,984",75% bullish,of 4 ratings,N/A
JIVE,$4.1,1440278190931,"633,964",75% bullish,of 4 ratings,$5
WYIGU,$10.0227,1440278190986,100,Not yet rated,NULL,N/A
JOEZ,$0.185,1440278191013,"70,020",92% bullish,of 12 ratings,N/A
JOUT,$23.01,1440278191147,"16,294",100% bearish,of 1 rating,$34
JBSS,$48.96,1440278191177,"138,677",67% bearish,of 3 ratings,N/A
