Symbol,Price,Date,Volume,Rating,RatingVoteCount,OneYearEstimate
TFSC,NULL,1441213802471,0,100% bearish,of 1 rating,N/A
TFSCU,NULL,1441213802503,0,Not yet rated,NULL,N/A
TFSCW,NULL,1441213802528,0,100% bearish,of 1 rating,N/A
FLWS,$8.49,1441213802559,"116,584",80% bullish,of 5 ratings,$15
PIH,NULL,1441213802581,0,100% bearish,of 1 rating,N/A
TFSCR,NULL,1441213802610,0,Not yet rated,NULL,N/A
FCTY,$7.7401,1441213802631,790,100% bullish,of 1 rating,$8.50
FCCY,$11.74,1441213802660,150,100% bullish,of 1 rating,$13
VNET,$16.63,1441213802786,"221,205",60% bullish,of 5 ratings,$35
SRCE,$29.5,1441213802811,"5,308",100% bullish,of 3 ratings,$33
USLV,$12.81,1441213802867,"199,318",86% bullish,of 7 ratings,N/A
UGLD,$9.32,1441213802894,"90,578",100% bearish,of 1 rating,N/A
TWOU,$34.57,1441213802915,"44,650",50% bullish,of 2 ratings,$39
DSLV,$68.66,1441213802950,"15,540",100% bearish,of 1 rating,N/A
DGLD,$81.0476,1441213802981,"3,975",100% bullish,of 1 rating,N/A
JOBS,$26.45,1441213803080,"46,724",50% bullish,of 4 ratings,$36
SIXD,$2.6999,1441213803317,"13,577",Not yet rated,NULL,N/A
AVHI,$13.95,1441213803355,"2,027",100% bearish,of 1 rating,$19
SHLM,$33.09,1441213803415,"45,520",100% bearish,of 1 rating,$47
ABAX,$46.945,1441213803444,"56,627",100% bearish,of 1 rating,$60
CAFD,$14.855,1441213803498,"81,840",Not yet rated,NULL,$24.50
AAON,$20.26,1441213803520,"39,586",100% bearish,of 1 rating,$24
EGHT,$7.67,1441213803549,"98,615",82% bullish,of 17 ratings,$11
ABEO,$4.82,1441213803578,"40,438",50% bullish,of 4 ratings,$15.50
ABY,$22.3,1441213803650,"261,634",100% bearish,of 2 ratings,$46
ABGB,$5.25,1441213803714,"8,807",67% bullish,of 3 ratings,$5.50
ABMD,$94.51,1441213803794,"136,047",75% bullish,of 4 ratings,$100.50
ABEOW,$1.8,1441213803821,400,100% bullish,of 1 rating,N/A
ACHC,$71.8925,1441213803854,"93,980",50% bullish,of 2 ratings,$92
AXAS,$1.77,1441213803898,"264,594",78% bullish,of 9 ratings,$3.50
ACTG,$9.13,1441213803955,"222,643",67% bullish,of 3 ratings,$18.50
ACAD,$36.79,1441213804114,"286,024",80% bullish,of 20 ratings,$48
AXDX,$19.1,1441213804154,"33,303",100% bearish,of 1 rating,N/A
XLRN,$28.73,1441213804217,"30,499",50% bullish,of 2 ratings,$57
ACST,$0.34,1441213804298,490,100% bullish,of 2 ratings,N/A
ANCX,$20.07,1441213804345,"8,157",Not yet rated,NULL,$20
VXDN,$1.7688,1441213804370,"15,395",100% bearish,of 1 rating,N/A
ARAY,$6.62,1441213804579,"170,179",100% bearish,of 1 rating,$10.50
ACHN,$7.1,1441213804663,"1,049,082",90% bullish,of 21 ratings,$16
ACRX,$4.5,1441213804726,"203,840",67% bearish,of 6 ratings,$5.50
ACET,$21.7,1441213804795,"34,209",75% bullish,of 4 ratings,$30
ACIW,$21.05,1441213804823,"128,059",67% bearish,of 3 ratings,$24
ACNB,$19.8,1441213804844,268,Not yet rated,NULL,N/A
AKAO,$6.95,1441213804875,"25,883",75% bullish,of 4 ratings,$15
ACOR,$32.2,1441213805047,"219,537",67% bearish,of 3 ratings,$38.50
ACPW,$1.9592,1441213805110,"17,224",100% bullish,of 4 ratings,$3.25
ACTS,$1.6,1441213805149,"7,448",100% bearish,of 1 rating,N/A
ATVI,$28.26,1441213805175,"4,330,101",67% bullish,of 84 ratings,$31.50
ACUR,$2.8228,1441213805242,"1,448",100% bullish,of 5 ratings,$5
VXUP,$1.7,1441213805340,"17,772",100% bearish,of 1 rating,N/A
ACXM,$20.4,1441213805404,"67,584",67% bullish,of 3 ratings,N/A
ACTA,$13.82,1441213805436,"34,582",67% bearish,of 3 ratings,$25
ADAP,$11.162,1441213805468,"21,681",67% bullish,of 3 ratings,$22
ADMS,$19.27,1441213805494,"12,424",100% bearish,of 2 ratings,$36
ADMP,$3.67,1441213805515,600,50% bullish,of 2 ratings,$10
ADUS,$29.1,1441213805647,"14,299",100% bearish,of 1 rating,$31
ADMA,$9.05,1441213805677,"1,031",Not yet rated,NULL,$19
AEY,$2.3441,1441213805709,"1,220",100% bearish,of 2 ratings,N/A
ADEP,$6.7,1441213805805,"17,502",50% bullish,of 2 ratings,$10.75
ADBE,$76.115,1441213805845,"626,839",65% bullish,of 17 ratings,$90
ADTN,$15.76,1441213805875,"65,623",67% bullish,of 3 ratings,$17.125
ADRO,$18.885,1441213805897,"90,649",80% bullish,of 5 ratings,$45.50
AEIS,$24.06,1441213805978,"37,701",50% bullish,of 2 ratings,$32.50
AMD,$1.7625,1441213806106,"2,431,577",83% bullish,of 103 ratings,$2
ADXS,$13.275,1441213806176,"278,506",64% bullish,of 14 ratings,$27
ADXSW,$9,1441213806210,"5,040",100% bullish,of 1 rating,N/A
YPRO,$22.9,1441213806240,2,100% bearish,of 1 rating,N/A
AEGN,$17.85,1441213806308,"25,216",100% bearish,of 2 ratings,$21
MULT,NULL,1441213806335,0,100% bearish,of 1 rating,N/A
AEGR,$17.62,1441213806360,"61,786",50% bullish,of 6 ratings,$26
AEPI,$55.69,1441213806543,"2,908",100% bearish,of 1 rating,N/A
AERI,$15.33,1441213806571,"281,496",75% bullish,of 4 ratings,$31.50
AMTX,$2.785,1441213806599,"4,568",50% bullish,of 2 ratings,$26.11
AEHR,$2.27,1441213806620,"2,686",50% bullish,of 2 ratings,N/A
AVAV,$21.4,1441213806651,"454,356",50% bullish,of 4 ratings,$31
AEZS,$0.087,1441213806673,"4,566,771",90% bullish,of 21 ratings,$1.50
AFMD,$10.2,1441213806863,"59,739",50% bullish,of 4 ratings,$15
AGEN,$6.92,1441213806897,"147,749",85% bullish,of 13 ratings,$14
AEMD,$7.35,1441213806928,"10,298",Not yet rated,NULL,$27.50
AGRX,$8.34,1441213806949,"15,281",100% bearish,of 1 rating,$17.50
AFFX,$9.07,1441213806978,"82,354",80% bullish,of 5 ratings,$12.50
AGIO,$85.7,1441213807010,"48,185",88% bullish,of 8 ratings,$114
AGYS,$9.83,1441213807036,"5,124",100% bearish,of 1 rating,N/A
AIMT,$21.89,1441213807278,"30,169",Not yet rated,NULL,$35.50
AGFS,$9.73,1441213807308,"88,469",100% bearish,of 1 rating,N/A
AIRM,$35.755,1441213807360,"47,905",80% bearish,of 5 ratings,$53
AIRT,$22.38,1441213807406,976,100% bullish,of 1 rating,N/A
ATSG,$8.79,1441213807453,"57,907",67% bullish,of 3 ratings,$13
AKAM,$70.31,1441213807510,"454,745",63% bullish,of 8 ratings,$77.50
AGFSW,$1.98,1441213807537,200,100% bearish,of 2 ratings,N/A
AMCN,$4.45,1441213807565,"38,287",83% bullish,of 6 ratings,N/A
AIXG,$6.31,1441213807599,"3,600",67% bearish,of 3 ratings,$5.25
AKRX,$39.005,1441213807693,"165,233",78% bullish,of 9 ratings,$56
AKER,$2.6,1441213807726,"8,523",Not yet rated,NULL,N/A
AKBA,$7.45,1441213807752,"140,246",100% bearish,of 1 rating,$18
ALRM,$15.72,1441213807777,"80,948",100% bearish,of 1 rating,$22
ALSK,$2.215,1441213807825,"38,570",78% bullish,of 18 ratings,$2
AMRI,$19.72,1441213807961,"39,189",75% bearish,of 4 ratings,$24
ADHD,$7.885,1441213808156,"89,705",50% bullish,of 4 ratings,$18
ALXN,$172.42,1441213808188,"301,823",88% bullish,of 8 ratings,$223.50
ABDC,$12.85,1441213808216,"11,600",Not yet rated,NULL,$15
ALDX,$6.97,1441213808237,"5,859",100% bearish,of 1 rating,$14.50
ALDR,$40.39,1441213808271,"328,385",67% bearish,of 3 ratings,$62
ALXA,$1.2,1441213808297,"3,100",83% bullish,of 6 ratings,$2.125
ALCO,$41.4,1441213808372,"3,452",50% bullish,of 2 ratings,N/A
ALGN,$54.46,1441213808431,"198,770",100% bearish,of 2 ratings,$73
ALIM,$3.17,1441213808470,"25,474",80% bullish,of 5 ratings,$10
ALKS,$61.23,1441213808499,"322,247",67% bullish,of 3 ratings,$75
ALLB,$22.66,1441213808527,300,Not yet rated,NULL,N/A
ALGT,$201.83,1441213808558,"61,094",100% bearish,of 2 ratings,$235
AFOP,$18.5427,1441213808656,"61,286",75% bullish,of 8 ratings,$21
AIQ,$14.25,1441213808816,"2,207",67% bullish,of 3 ratings,N/A
AHGP,$35.05,1441213808950,"12,737",67% bullish,of 3 ratings,N/A
ARLP,$24.71,1441213808972,"112,189",67% bearish,of 3 ratings,$32
AHPI,$1.49,1441213809010,300,50% bullish,of 2 ratings,N/A
ALQA,$4.64,1441213809049,"8,979",75% bullish,of 4 ratings,$8.50
AMOT,$17.9701,1441213809100,"101,440",100% bearish,of 1 rating,N/A
ALLT,$5.075,1441213809125,"23,170",75% bullish,of 4 ratings,$6.25
MDRX,$13.24,1441213809184,"1,008,665",60% bullish,of 5 ratings,$16
AFAM,$44.78,1441213809244,"22,752",50% bullish,of 2 ratings,$44
AOSL,$8,1441213809321,"68,345",67% bullish,of 3 ratings,$9
SMCP,$22.84,1441213809355,211,Not yet rated,NULL,N/A
ALNY,$98.316,1441213809384,"184,990",67% bullish,of 3 ratings,$151.50
ATEC,$0.5808,1441213809412,"8,470",100% bullish,of 1 rating,$2
ASPS,$25.72,1441213809438,"70,315",67% bullish,of 3 ratings,$46.50
ALTR,$48.8,1441213809469,"472,190",80% bearish,of 5 ratings,$54
AIMC,$23.54,1441213809679,"29,150",100% bearish,of 2 ratings,$28.50
AMRN,$2.275,1441213809740,"969,623",85% bullish,of 39 ratings,$8
AMAG,$63.33,1441213809767,"194,065",100% bullish,of 2 ratings,$75
AYA,$20.25,1441213809814,"15,532",100% bearish,of 1 rating,$40
AMZN,$505.45,1441213809843,"930,878",81% bullish,of 267 ratings,$646
AMRK,$10.5,1441213809896,800,50% bullish,of 2 ratings,$14
AMBC,$16.69,1441213809943,"140,507",100% bearish,of 1 rating,$16.50
AMBCW,$8.01,1441213810074,"2,700",100% bearish,of 1 rating,N/A
AMBA,$78.2199,1441213810109,"4,572,074",83% bullish,of 12 ratings,$102.50
AMDA,$0.4689,1441213810146,"219,926",90% bullish,of 10 ratings,$1
EPAX,$2.68,1441213810167,"23,641",100% bearish,of 1 rating,N/A
DOX,$56.14,1441213810201,"181,311",67% bearish,of 3 ratings,$60
AMCX,$69.09,1441213810226,"255,578",67% bullish,of 3 ratings,$87.50
AMED,$40.495,1441213810256,"81,652",100% bearish,of 1 rating,$42
UHAL,$368.04,1441213810390,"4,847",100% bullish,of 2 ratings,$393.50
ATAX,$5.3318,1441213810562,"11,768",100% bullish,of 1 rating,$6.50
AAL,$40.83,1441213810618,"5,749,516",93% bullish,of 88 ratings,$57
AGNC,$19.13,1441213810647,"655,292",71% bullish,of 28 ratings,$22
AGNCP,$25.32,1441213810669,"5,518",Not yet rated,NULL,N/A
AMOV,$17.72,1441213810703,"4,553",100% bearish,of 1 rating,N/A
ASBI,$22.73,1441213810727,200,Not yet rated,NULL,N/A
AGNCB,$24.266,1441213810751,"1,300",Not yet rated,NULL,N/A
MTGE,$15.3101,1441213810802,"141,574",75% bullish,of 4 ratings,$19.50
ACSF,$12.39,1441213811011,"9,323",100% bearish,of 1 rating,$15
ACAS,$13.56,1441213811037,"392,743",60% bullish,of 5 ratings,$16.75
MTGEP,$24.69,1441213811058,200,Not yet rated,NULL,N/A
ANCI,$1.54,1441213811091,300,100% bearish,of 1 rating,N/A
AETI,$3.95,1441213811191,300,67% bearish,of 3 ratings,N/A
AMNB,$23.36,1441213811273,"1,008",Not yet rated,NULL,$25.50
AMIC,NULL,1441213811300,0,100% bearish,of 1 rating,N/A
AMRB,$10.13,1441213811573,"2,100",Not yet rated,NULL,$11
ANAT,$97.57,1441213811605,"9,058",100% bullish,of 1 rating,N/A
APEI,$21.4952,1441213811638,"11,509",100% bearish,of 1 rating,$25.50
AMSWA,$8.93,1441213811672,"21,212",100% bearish,of 2 ratings,$10.75
ARII,$40.44,1441213811707,"68,717",67% bearish,of 3 ratings,$45
AMSC,$4.88,1441213811737,"26,769",50% bullish,of 4 ratings,N/A
ASEI,$38.09,1441213811764,"7,295",100% bearish,of 1 rating,$52.50
AMWD,$64.925,1441213811799,"38,699",50% bullish,of 2 ratings,$70
CRMT,$35.65,1441213812071,"15,773",100% bearish,of 1 rating,$39
ABCB,$26.25,1441213812120,"18,012",Not yet rated,NULL,$31
ASRV,$3.23,1441213812202,974,100% bullish,of 2 ratings,N/A
AMGN,$148.5,1441213812231,"974,323",89% bullish,of 19 ratings,$185
ATLO,$23.42,1441213812253,"1,569",Not yet rated,NULL,N/A
ASRVP,NULL,1441213812273,0,Not yet rated,NULL,N/A
FOLD,$14.49,1441213812309,"422,689",56% bullish,of 9 ratings,$21
AMSF,$46.27,1441213812330,"5,761",Not yet rated,NULL,$57.50
AMKR,$5.07,1441213812463,"480,252",100% bearish,of 2 ratings,$5
AMPH,$13.23,1441213812493,"33,807",50% bullish,of 2 ratings,$20
ASYS,$5.38,1441213812520,"5,799",67% bullish,of 3 ratings,$12
AFSI,$56.1075,1441213812558,"122,496",60% bullish,of 5 ratings,$72
AMSGP,$146.04,1441213812579,100,Not yet rated,NULL,N/A
AMSG,$76.92,1441213812603,"46,222",100% bearish,of 1 rating,$85.50
AMRS,$1.6359,1441213812660,"68,847",70% bullish,of 10 ratings,N/A
ANAC,$129.6093,1441213812740,"117,428",80% bullish,of 5 ratings,$180.50
ANAD,$0.31,1441213812866,"86,604",100% bullish,of 2 ratings,$.50
ADI,$53.9896,1441213812964,"492,235",75% bullish,of 4 ratings,$69
ANCB,$21.4,1441213813076,"1,300",Not yet rated,NULL,$23
AMCF,NULL,1441213813095,0,NULL,NULL,NULL
ABCW,$40.24,1441213813130,"3,004",67% bullish,of 3 ratings,N/A
ANIP,$49.98,1441213813170,"51,322",89% bullish,of 19 ratings,$66
ANIK,$35.2,1441213813203,"38,157",60% bullish,of 5 ratings,$51.25
ALOG,$80.81,1441213813224,"16,547",100% bearish,of 2 ratings,$100.50
ANGI,$5.12,1441213813255,"79,403",64% bullish,of 11 ratings,$5.50
ANGO,$14.59,1441213813289,"25,728",67% bullish,of 3 ratings,$19
ANSS,$87.41,1441213813385,"171,192",100% bearish,of 1 rating,$100
ATRS,$1.85,1441213813481,"227,106",92% bullish,of 12 ratings,$4.50
ABAC,$0.798,1441213813523,"2,001",100% bearish,of 1 rating,N/A
ANTH,$7.1111,1441213813614,"292,980",80% bullish,of 10 ratings,$13
ATNY,$2.4,1441213813640,"1,100",50% bullish,of 2 ratings,$3.75
AAPL,$110.63,1441213813806,"17,683,210",86% bullish,of 2361 ratings,$150
APOL,$10.93,1441213813832,"297,466",87% bearish,of 68 ratings,$14
APOG,$50.64,1441213813866,"61,243",50% bullish,of 2 ratings,$67
APPF,$15.65,1441213813899,"13,163",50% bullish,of 2 ratings,$22
AINV,$6.335,1441213813931,"341,236",50% bullish,of 4 ratings,$8
APIC,$6.47,1441213813952,"33,538",100% bearish,of 1 rating,$19
APDN,$3.38,1441213813997,"17,999",Not yet rated,NULL,$9
ARCI,$1.26,1441213814028,"7,512",Not yet rated,NULL,N/A
APDNW,$1.46,1441213814134,700,Not yet rated,NULL,N/A
AGTC,$15.99,1441213814160,"18,737",50% bullish,of 2 ratings,$33
AMAT,$15.6,1441213814190,"4,185,233",82% bullish,of 11 ratings,$23
AMCC,$5.66,1441213814292,"150,919",80% bullish,of 5 ratings,$8
AAOI,$20.15,1441213814428,"71,618",50% bullish,of 4 ratings,$26
APRI,$1.63,1441213814462,"255,291",83% bullish,of 6 ratings,$4.86
AQMS,$4.86,1441213814487,"1,902",Not yet rated,NULL,N/A
AREX,$2.25,1441213814514,"643,147",50% bullish,of 2 ratings,$3
APTO,$5.2827,1441213814571,"1,730",Not yet rated,NULL,$17
AQXP,$16.068,1441213814593,"87,672",50% bullish,of 2 ratings,$2
AUMA,NULL,1441213814617,0,Not yet rated,NULL,N/A
AUMAU,NULL,1441213814682,0,Not yet rated,NULL,N/A
AUMAW,NULL,1441213814754,0,Not yet rated,NULL,N/A
ABUS,$6.87,1441213814885,"325,287",86% bullish,of 14 ratings,$23
ARCW,$3.22,1441213814914,"12,839",100% bearish,of 2 ratings,$10.50
ARDM,NULL,1441213814935,0,100% bullish,of 1 rating,$26
PETX,$18.05,1441213814968,"123,268",100% bearish,of 2 ratings,$26
ABIO,$0.9072,1441213815067,"5,354",50% bullish,of 2 ratings,$3.75
RKDA,$5.96,1441213815110,"2,634",100% bearish,of 2 ratings,$10
ACGL,$68.15,1441213815200,"75,728",50% bullish,of 2 ratings,$72
ARDX,$18.82,1441213815237,"34,546",50% bullish,of 2 ratings,$24.50
ARCB,$27.787,1441213815268,"58,733",67% bearish,of 3 ratings,$39.50
ACAT,$25.66,1441213815290,"38,194",100% bearish,of 3 ratings,$33
ARNA,$2.655,1441213815318,"472,735",90% bullish,of 78 ratings,$5.50
ARCC,$15.375,1441213815353,"459,313",67% bearish,of 3 ratings,$17.75
AGII,$55.2,1441213815378,"12,136",Not yet rated,NULL,$59.50
AGIIL,$25.159,1441213815561,"5,116",Not yet rated,NULL,N/A
ARGS,$6.28,1441213815586,"19,391",50% bullish,of 2 ratings,$19.50
ARIS,$3.654,1441213815611,"1,874",Not yet rated,NULL,$4.50
ARIA,$7.275,1441213815917,"5,227,750",87% bullish,of 46 ratings,$9
ARTX,$1.4401,1441213816018,"24,991",88% bullish,of 16 ratings,$4.50
ARWA,NULL,1441213816043,0,Not yet rated,NULL,N/A
ARKR,$25,1441213816071,"6,409",50% bullish,of 2 ratings,N/A
ARWAR,NULL,1441213816092,0,Not yet rated,NULL,N/A
ARMH,$42.12,1441213816126,"399,175",54% bearish,of 13 ratings,$60
ARQL,$1.63,1441213816223,"20,995",75% bullish,of 4 ratings,$5
ARWAU,NULL,1441213816305,0,100% bullish,of 1 rating,N/A
ARRY,$5.82,1441213816359,"388,889",100% bullish,of 7 ratings,$10
ARWAW,$0.17,1441213816379,"7,500",Not yet rated,NULL,N/A
ARRS,$25.755,1441213816412,"330,602",50% bullish,of 2 ratings,$38
DWAT,$9.73,1441213816457,"1,200",100% bearish,of 1 rating,N/A
AROW,$27.01,1441213816487,"2,016",Not yet rated,NULL,N/A
ARWR,$5.6301,1441213816675,"567,924",75% bullish,of 4 ratings,$10.50
ARTW,$4.11,1441213816708,"1,457",75% bearish,of 4 ratings,N/A
ASBB,$24.8,1441213816770,100,Not yet rated,NULL,N/A
ARTNA,$21.94,1441213816802,"2,441",100% bearish,of 1 rating,$29
ASND,$19.2,1441213816827,"7,847",50% bullish,of 2 ratings,$30
ASNA,$12.19,1441213816852,"832,529",50% bullish,of 2 ratings,$18
ASTI,$0.26,1441213816903,"9,710,176",83% bullish,of 6 ratings,$3
APWC,$1.75,1441213817036,"1,068",100% bearish,of 1 rating,N/A
ASCMA,$27.63,1441213817076,"15,100",100% bearish,of 1 rating,$45
ASMI,NULL,1441213817095,0,NULL,NULL,NULL
ASML,$89.9,1441213817126,"461,027",50% bullish,of 4 ratings,$127
ASMB,$14.05,1441213817171,"15,002",67% bullish,of 3 ratings,N/A
AZPN,$37.06,1441213817202,"90,966",50% bullish,of 2 ratings,$42
ASFI,$8.87,1441213817307,879,100% bullish,of 1 rating,N/A
ASTE,$38.08,1441213817355,"35,097",100% bearish,of 1 rating,$49
ALOT,$13.77,1441213817396,200,100% bearish,of 1 rating,N/A
ASTC,$2.1,1441213817449,"7,100",100% bullish,of 5 ratings,N/A
ATRO,$49.75,1441213817494,"27,177",100% bearish,of 2 ratings,$80
ASUR,$5.49,1441213817584,"2,126",50% bullish,of 2 ratings,$8
ATAI,$2.38,1441213817660,"6,598",100% bearish,of 1 rating,N/A
ATRA,$42.0988,1441213817718,"81,715",50% bullish,of 2 ratings,$68
ATHN,$130.05,1441213817749,"73,074",67% bearish,of 3 ratings,$153
ATHX,$1.1413,1441213817778,"43,527",89% bullish,of 9 ratings,$5
AFCB,NULL,1441213817808,0,Not yet rated,NULL,N/A
AAPC,NULL,1441213817851,0,Not yet rated,NULL,N/A
AAME,$3.6,1441213817880,1,Not yet rated,NULL,N/A
ACFC,$5.456,1441213818008,"12,283",100% bearish,of 1 rating,$6.50
ATLC,$3.9,1441213818038,"9,457",67% bullish,of 3 ratings,N/A
ATNI,$71.58,1441213818114,"22,262",100% bearish,of 1 rating,$69.50
AAWW,$38.45,1441213818144,"103,768",50% bullish,of 2 ratings,$65
ATOS,$0.7968,1441213818247,"24,482",100% bullish,of 7 ratings,$7
ATML,$7.905,1441213818329,"1,758,673",78% bullish,of 9 ratings,$9.50
ATRC,$24.33,1441213818357,"21,749",100% bullish,of 1 rating,$30
ATRI,$382.94,1441213818392,300,Not yet rated,NULL,N/A
ATRM,$2.83,1441213818423,800,50% bullish,of 2 ratings,N/A
ATTU,$13.23,1441213818487,"6,424",100% bearish,of 1 rating,$20.50
LIFE,$13.76,1441213818513,"20,656",86% bullish,of 7 ratings,$43
AFH,$16.28,1441213818541,"22,429",Not yet rated,NULL,$21.50
AUBN,$27,1441213818573,100,Not yet rated,NULL,N/A
AUDC,$3.3,1441213818705,"15,302",80% bullish,of 5 ratings,$5
AUPH,$3.42,1441213818749,"10,560",100% bearish,of 1 rating,$8
EARS,$4.33,1441213818806,"16,404",100% bearish,of 2 ratings,$11
ADAT,$0.2701,1441213818838,"83,175",100% bullish,of 2 ratings,N/A
ABTL,$17.81,1441213818883,"25,885",100% bullish,of 4 ratings,$20.25
ADSK,$45.315,1441213818910,"2,435,340",67% bullish,of 6 ratings,$66
ADP,$76.17,1441213818935,"520,174",100% bearish,of 1 rating,$88
AVGO,$121.37,1441213819068,"863,657",88% bullish,of 8 ratings,$165
AAVL,$10.43,1441213819114,"90,770",100% bearish,of 1 rating,$20
AVNU,$12.9,1441213819162,"86,304",Not yet rated,NULL,$14
AVNW,$1.195,1441213819194,"18,550",50% bullish,of 2 ratings,N/A
AVEO,$1.34,1441213819224,"231,155",75% bullish,of 8 ratings,$3
AVID,$8.4,1441213819249,"135,069",100% bearish,of 1 rating,$20
CAR,$42.85,1441213819302,"470,435",80% bullish,of 5 ratings,$60
AVGR,$14.75,1441213819385,"4,446",100% bearish,of 1 rating,$20
AWRE,$3.22,1441213819515,"8,903",67% bullish,of 3 ratings,N/A
ACLS,$3.21,1441213819559,"89,267",67% bullish,of 6 ratings,$4.75
AXPW,$2.136,1441213819588,"2,239,287",86% bullish,of 7 ratings,N/A
AXPWW,NULL,1441213819621,0,Not yet rated,NULL,N/A
BCOM,NULL,1441213819722,0,100% bearish,of 1 rating,N/A
AXGN,$4.7,1441213819748,"57,894",Not yet rated,NULL,$5
AXTI,$2.14,1441213819773,"5,049",50% bullish,of 2 ratings,$2.75
RILY,NULL,1441213820059,0,Not yet rated,NULL,N/A
BEAV,$48.535,1441213820099,"336,090",67% bearish,of 3 ratings,$59
BOSC,$2.14,1441213820196,400,50% bullish,of 2 ratings,N/A
BIDU,$145.98,1441213820218,"570,032",81% bullish,of 88 ratings,$210
BCPC,$57.8,1441213820281,"32,931",100% bearish,of 1 rating,$75
BWINA,NULL,1441213820307,0,Not yet rated,NULL,N/A
BWINB,$22.53,1441213820328,"1,649",Not yet rated,NULL,N/A
BLDP,$1.29,1441213820378,"207,642",91% bullish,of 22 ratings,$2.50
BANF,$59.73,1441213820411,"6,110",Not yet rated,NULL,$68
BOCH,$5.75,1441213820549,"4,747",Not yet rated,NULL,$6.50
BANFP,NULL,1441213820581,0,Not yet rated,NULL,N/A
BKMU,$7.01,1441213820602,"5,134",Not yet rated,NULL,$8
BMRC,$47.91,1441213820691,"16,307",Not yet rated,NULL,$52
BKSC,$16.9,1441213820754,"3,126",Not yet rated,NULL,N/A
OZRK,$39.81,1441213820848,"170,427",67% bullish,of 3 ratings,$49.50
BWFG,$18.23,1441213820885,"1,763",100% bearish,of 1 rating,N/A
BOTJ,NULL,1441213820906,0,Not yet rated,NULL,N/A
BFIN,$12.15,1441213820942,"15,557",Not yet rated,NULL,$13
BZUN,$4.91,1441213820974,"31,494",50% bullish,of 2 ratings,$11.50
BANR,$43.145,1441213821000,"3,945",100% bullish,of 3 ratings,$50
BHAC,NULL,1441213821046,0,Not yet rated,NULL,N/A
BHACR,NULL,1441213821070,0,Not yet rated,NULL,N/A
TAPR,$33.5299,1441213821200,"1,331",100% bearish,of 1 rating,N/A
BHACU,NULL,1441213821264,0,Not yet rated,NULL,N/A
BHACW,NULL,1441213821331,0,Not yet rated,NULL,N/A
BSET,$28.58,1441213821431,"28,602",100% bearish,of 1 rating,$35
BBSI,$34.38,1441213821459,"6,260",67% bearish,of 3 ratings,$62.50
BYBK,$4.95,1441213821485,200,100% bearish,of 1 rating,N/A
BYLK,$13.01,1441213821540,"2,816",Not yet rated,NULL,$14
BV,$4.96,1441213821616,"411,588",67% bullish,of 6 ratings,$8.75
BCBP,$11.6599,1441213821683,627,Not yet rated,NULL,N/A
BBCN,$14.01,1441213821710,"61,689",100% bearish,of 1 rating,$16
BSF,$8.51,1441213821743,"2,407",Not yet rated,NULL,N/A
BDCV,$4.9,1441213821768,6,100% bearish,of 1 rating,$10.19
BECN,$35.82,1441213821793,"49,874",50% bullish,of 2 ratings,$40
BBGI,$4.23,1441213821929,307,100% bearish,of 1 rating,N/A
BBBY,$61.71,1441213821955,"466,612",71% bullish,of 7 ratings,$75
BEBE,$1.27,1441213821980,"166,798",75% bullish,of 4 ratings,$2.125
BELFB,$18.25,1441213822125,"4,678",100% bearish,of 1 rating,N/A
BLCM,$16.39,1441213822223,"36,075",50% bullish,of 4 ratings,$40
BNTC,$7.7499,1441213822254,"1,640",100% bullish,of 1 rating,N/A
BELFA,$15.1,1441213822284,507,100% bearish,of 1 rating,N/A
BNCL,$12.415,1441213822311,"136,653",100% bullish,of 3 ratings,$12.50
BNFT,$36.18,1441213822332,"41,270",67% bullish,of 3 ratings,$46
BLPH,$3.9355,1441213822371,"15,452",100% bearish,of 1 rating,$12.50
BGMD,$0.655,1441213822393,"64,143",100% bullish,of 10 ratings,N/A
BGCP,$8.76,1441213822466,"158,185",88% bullish,of 8 ratings,$14
BGFV,$11.34,1441213822530,"26,935",57% bullish,of 7 ratings,$12
BASI,$1.62,1441213822662,"6,400",Not yet rated,NULL,N/A
BIND,$4.81,1441213822690,"133,895",75% bullish,of 4 ratings,$13.50
ORPN,$5.72,1441213822711,"1,540",100% bullish,of 1 rating,$28.50
BCRX,$11.39,1441213822852,"123,403",63% bullish,of 8 ratings,$18
BIOC,$1.9142,1441213822877,"43,559",83% bullish,of 6 ratings,$3.85
BCDA,NULL,1441213822928,0,Not yet rated,NULL,N/A
BIIB,$301.81,1441213822959,"477,835",88% bullish,of 16 ratings,$400
BDSI,$6.21,1441213822980,"518,991",88% bullish,of 8 ratings,$17
BIOL,$1.55,1441213823012,"13,382",Not yet rated,NULL,N/A
BIOD,$0.7197,1441213823058,"61,878",80% bullish,of 5 ratings,$4
BLFS,$2.3838,1441213823146,"168,535",100% bearish,of 1 rating,$4.75
BMRN,$126.713,1441213823177,"105,947",80% bullish,of 5 ratings,$160
BLRX,$1.533,1441213823209,"124,043",100% bullish,of 12 ratings,$5
BVXV,$4.2166,1441213823230,"1,558,317",Not yet rated,NULL,N/A
BPTH,$1.16,1441213823311,"112,737",100% bullish,of 2 ratings,$5
BVXVW,$0.85,1441213823362,"77,145",100% bearish,of 1 rating,N/A
BRLI,NULL,1441213823461,0,NULL,NULL,NULL
BBC,$31.3905,1441213823551,"2,172",Not yet rated,NULL,N/A
BIOS,$2.39,1441213823582,"220,392",71% bullish,of 7 ratings,$4
BBP,$32.2099,1441213823609,"4,930",Not yet rated,NULL,N/A
BSTC,$50.165,1441213823682,"16,158",100% bearish,of 1 rating,$76
BITI,$16.79,1441213823742,"6,302",100% bullish,of 1 rating,$28
BSPM,$0.6492,1441213823769,"10,066",50% bullish,of 2 ratings,N/A
BEAT,$15.5503,1441213823792,"392,223",67% bearish,of 3 ratings,$15
BOTA,$2.178,1441213823821,"2,420",88% bullish,of 8 ratings,N/A
TECH,$92.7,1441213823853,"43,279",100% bullish,of 1 rating,$117
BDMS,$12.89,1441213823959,350,100% bearish,of 1 rating,N/A
BJRI,$42.9899,1441213823985,"46,457",50% bullish,of 2 ratings,$55
BBOX,$14.98,1441213824022,"11,158",100% bearish,of 1 rating,N/A
BDE,$7.39,1441213824062,"51,036",50% bullish,of 2 ratings,$9
BLKB,$55.815,1441213824116,"17,021",100% bearish,of 2 ratings,$66
BBRY,$7.3549,1441213824141,"1,063,450",61% bullish,of 330 ratings,$9
HAWK,$38.35,1441213824308,"74,287",91% bullish,of 11 ratings,$49
BKCC,$9.22,1441213824335,"91,433",50% bullish,of 2 ratings,$10
ADRA,$26.41,1441213824356,"1,935",100% bearish,of 1 rating,N/A
ADRD,$21.5509,1441213824389,"3,087",100% bearish,of 1 rating,N/A
ADRE,$29.04,1441213824613,"3,943",100% bearish,of 1 rating,N/A
ADRU,$21.47,1441213824639,12,100% bearish,of 1 rating,N/A
BUFF,$23.9941,1441213824693,"116,999",83% bullish,of 12 ratings,$31.50
BLBD,$11.95,1441213824799,"11,000",Not yet rated,NULL,N/A
BLMN,$20.56,1441213824849,"257,489",83% bullish,of 6 ratings,$27.50
BBLU,$0.8298,1441213824881,"82,748",100% bullish,of 2 ratings,$4.43
BCOR,$13.35,1441213824903,"38,337",57% bullish,of 7 ratings,$15
BHBK,$13.94,1441213824936,"19,553",100% bullish,of 1 rating,$14.50
NILE,$33.64,1441213824981,"71,496",50% bullish,of 2 ratings,$34
BLUE,$128.65,1441213825068,"103,725",71% bullish,of 7 ratings,$217.50
BKEP,$6.22,1441213825121,"18,442",100% bearish,of 1 rating,$8.50
BPMC,$27.88,1441213825219,"16,554",50% bullish,of 2 ratings,$47.50
BNCN,$20.61,1441213825277,"24,745",Not yet rated,NULL,$24
BOBE,$47.645,1441213825305,"395,858",75% bullish,of 4 ratings,$57
BOFI,$106.93,1441213825376,"203,430",100% bullish,of 6 ratings,$144
BKEPP,$7.59,1441213825405,24,100% bearish,of 1 rating,N/A
BOJA,$20.27,1441213825507,"44,341",100% bullish,of 1 rating,$30
WIFI,$7.45,1441213825535,"53,384",50% bullish,of 2 ratings,$13.50
BOKF,$60.9899,1441213825604,"59,568",100% bearish,of 1 rating,$69
BAMM,$3.19,1441213825675,"1,975",60% bullish,of 5 ratings,N/A
BONA,$11.31,1441213825728,"19,017",75% bullish,of 4 ratings,$8.50
BNSO,$1.2788,1441213825754,100,100% bearish,of 1 rating,N/A
BPFH,$11.5,1441213825783,"100,239",100% bearish,of 1 rating,$14
BPFHP,$24.9999,1441213825862,"9,035",100% bearish,of 1 rating,N/A
EPAY,$26.3516,1441213825998,"49,750",100% bearish,of 2 ratings,$30
BDBD,$8.24,1441213826029,"152,258",60% bullish,of 5 ratings,$10
BPFHW,NULL,1441213826049,0,100% bearish,of 1 rating,N/A
BCLI,$3.1,1441213826085,"32,915",80% bullish,of 5 ratings,$12
BBRG,$12.44,1441213826131,"8,181",67% bullish,of 3 ratings,$14.50
BBEP,$2.68,1441213826193,"608,502",69% bullish,of 13 ratings,$5.625
BDGE,$26.25,1441213826336,"3,032",Not yet rated,NULL,$31.75
BBEPP,$14.03,1441213826387,"11,663",100% bearish,of 1 rating,N/A
BRID,$8.4,1441213826420,"1,115",100% bearish,of 1 rating,N/A
BCOV,$5.19,1441213826441,"23,538",67% bullish,of 3 ratings,$10.20
BRCM,$50.075,1441213826475,"955,119",69% bullish,of 13 ratings,$56
BLIN,$1.3599,1441213826496,"5,421",100% bullish,of 2 ratings,$2.20
BSFT,$31.18,1441213826528,"36,302",57% bullish,of 7 ratings,$40.50
BVSN,$6.0499,1441213826680,166,60% bearish,of 5 ratings,N/A
BYFC,NULL,1441213826724,0,50% bullish,of 2 ratings,N/A
BRCD,$10.15,1441213826768,"873,386",92% bullish,of 13 ratings,$12
BWEN,$3.1,1441213826793,"8,238",75% bullish,of 4 ratings,$8
BRKL,$10.125,1441213826822,"183,358",100% bearish,of 1 rating,$10.75
BRKS,$10.23,1441213826850,"25,367",67% bullish,of 3 ratings,$15.25
BMTC,$28.83,1441213827076,"11,132",Not yet rated,NULL,$34
BSQR,$6.1201,1441213827107,"16,108",67% bullish,of 3 ratings,N/A
BRKR,$17.84,1441213827129,"149,370",100% bearish,of 2 ratings,$22
BLMT,$20.803,1441213827160,"1,054",Not yet rated,NULL,N/A
BLDR,$15.07,1441213827181,"326,811",67% bullish,of 3 ratings,$22
BWLD,$191.33,1441213827221,"84,080",82% bullish,of 11 ratings,$205
CFFI,$35.59,1441213827314,200,100% bearish,of 1 rating,N/A
BUR,NULL,1441213827341,0,100% bearish,of 1 rating,$8
CHRW,$67.6,1441213827474,"472,685",Not yet rated,NULL,$72
CDNS,$19.63,1441213827503,"505,045",75% bullish,of 4 ratings,$22.50
CA,$26.87,1441213827524,"661,418",50% bullish,of 4 ratings,$33
CCMP,$42.41,1441213827560,"12,227",50% bullish,of 2 ratings,$59
CDZI,$7.78,1441213827661,"8,156",100% bearish,of 1 rating,N/A
CSTE,$38.29,1441213827696,"190,431",50% bullish,of 2 ratings,$65
CACQ,$7.278,1441213827717,"3,971",100% bearish,of 1 rating,$12.25
CZR,$8.85,1441213827746,"213,527",60% bearish,of 5 ratings,$10.50
CLBS,$1.605,1441213827793,"98,767",79% bullish,of 14 ratings,$4
PRSS,$4.4,1441213827819,"6,122",80% bullish,of 5 ratings,$4.50
CCD,$19.2065,1441213828160,"43,635",Not yet rated,NULL,N/A
CHY,$11.2848,1441213828186,"122,498",Not yet rated,NULL,N/A
CHW,$7.4041,1441213828208,"114,690",100% bearish,of 1 rating,N/A
CFGE,$10.33,1441213828237,"2,400",Not yet rated,NULL,N/A
CHI,$10.4518,1441213828260,"120,539",100% bearish,of 1 rating,N/A
CLMS,$9.9645,1441213828288,"24,959",Not yet rated,NULL,$10.50
CSQ,$9.77,1441213828388,"133,096",Not yet rated,NULL,N/A
CGO,$11.9572,1441213828436,"7,841",100% bearish,of 1 rating,N/A
CAMP,$16.087,1441213828469,"74,636",88% bullish,of 8 ratings,$25
CALD,$15.535,1441213828523,"103,154",100% bearish,of 1 rating,$21
CFNB,$13.3,1441213828552,200,100% bearish,of 1 rating,N/A
CALM,$51.096,1441213828587,"227,319",80% bullish,of 5 ratings,$63.50
CVGW,$56.91,1441213828608,"43,389",50% bullish,of 2 ratings,$62
CALA,$5.64,1441213828643,"138,094",67% bullish,of 3 ratings,$19.50
CLMT,$24.9901,1441213828741,"148,567",75% bullish,of 8 ratings,$31
ABCD,$4.99,1441213828777,"31,853",83% bullish,of 6 ratings,N/A
CAMB,$10.05,1441213828984,400,Not yet rated,NULL,N/A
CAMBU,NULL,1441213829008,0,100% bearish,of 1 rating,N/A
CAMT,$2.59,1441213829064,"17,413",73% bullish,of 11 ratings,$4
CGIX,$9.76,1441213829095,"6,353",67% bullish,of 3 ratings,$14.375
CAMBW,$0.15,1441213829116,200,Not yet rated,NULL,N/A
CBNJ,$11,1441213829148,"20,662",100% bearish,of 1 rating,N/A
CAC,$40.07,1441213829169,"2,182",Not yet rated,NULL,N/A
CPHC,$10.28,1441213829198,100,100% bearish,of 1 rating,N/A
CSIQ,$18,1441213829334,"442,051",86% bullish,of 28 ratings,$42.50
CPLA,$48.39,1441213829370,"23,844",67% bearish,of 3 ratings,$65
CBF,$29.96,1441213829401,"14,156",Not yet rated,NULL,$32
CSWC,$44.5,1441213829428,"13,428",Not yet rated,NULL,N/A
CPLP,$7.1337,1441213829462,"75,969",71% bullish,of 7 ratings,$11
CCBG,$15.09,1441213829487,"6,414",Not yet rated,NULL,$17.25
CPTA,$13.68,1441213829733,"10,298",100% bearish,of 1 rating,$18.50
CAPN,$2.1454,1441213829765,"57,253",100% bullish,of 1 rating,$10.85
CFFN,$11.78,1441213829787,"248,302",Not yet rated,NULL,$12.75
CARA,$18.93,1441213829864,"58,160",50% bullish,of 4 ratings,$25
CPST,$0.3795,1441213829914,"196,152",95% bullish,of 22 ratings,$1.25
CAPR,$4.6,1441213829940,"9,625",Not yet rated,NULL,$12
CAPNW,$0.6789,1441213829961,100,Not yet rated,NULL,N/A
CARB,$11.12,1441213830016,"10,302",75% bullish,of 4 ratings,$12
CBYL,$4.74,1441213830092,"31,475",100% bearish,of 1 rating,$20
CRDC,$0.3,1441213830122,"94,305",100% bullish,of 1 rating,$1.25
CFNL,$21.85,1441213830234,"18,053",Not yet rated,NULL,$24
CATM,$34,1441213830450,"90,027",100% bearish,of 1 rating,$44
CSII,$23.2,1441213830478,"35,540",100% bearish,of 2 ratings,$42.125
CRME,$9.155,1441213830508,"6,280",89% bullish,of 9 ratings,$11.25
CDNA,NULL,1441213830608,0,100% bearish,of 1 rating,$9
CTRE,$10.88,1441213830665,"117,357",50% bullish,of 2 ratings,$13.50
CECO,$3.62,1441213830695,"61,458",67% bearish,of 3 ratings,$6
CLBH,$12.7,1441213830736,300,Not yet rated,NULL,$16.50
CKEC,$23.14,1441213830797,"27,612",50% bullish,of 2 ratings,$35.915
TAST,$12.73,1441213831027,"51,674",Not yet rated,NULL,$14.25
CART,$5.39,1441213831057,"1,300",100% bearish,of 1 rating,N/A
CARO,NULL,1441213831078,0,100% bearish,of 1 rating,$19
CRZO,$33.81,1441213831099,"282,618",67% bearish,of 3 ratings,$54.50
CRTN,$2.5,1441213831231,402,100% bearish,of 1 rating,N/A
CASM,$1.19,1441213831795,"2,982",100% bullish,of 1 rating,$3.50
CARV,NULL,1441213831821,0,50% bullish,of 2 ratings,N/A
CACB,$5.28,1441213831847,"11,779",Not yet rated,NULL,$5.50
CSCD,$15,1441213832155,"2,739",100% bullish,of 2 ratings,$17
CWST,$6.205,1441213832326,"16,899",50% bullish,of 2 ratings,$7.25
CASY,$105.04,1441213832383,"89,330",50% bullish,of 2 ratings,$99.50
CASI,$1.353,1441213832482,"2,100",100% bullish,of 1 rating,$3.50
CASS,$47.5395,1441213832510,"1,697",100% bearish,of 1 rating,N/A
CATB,$11.13,1441213832536,"3,200",100% bearish,of 1 rating,$28
CPRX,$3.659,1441213832561,"85,676",71% bullish,of 7 ratings,$7
CATY,$28.58,1441213832707,"130,583",100% bearish,of 1 rating,$33.50
CATYW,NULL,1441213832755,0,100% bearish,of 1 rating,N/A
CVCO,$72.9,1441213832784,"7,734",100% bearish,of 1 rating,N/A
CAVM,$66.1,1441213832840,"74,533",67% bearish,of 3 ratings,$72
CNLM,$9.92,1441213832945,100,Not yet rated,NULL,N/A
CBFV,$20.5601,1441213832997,407,Not yet rated,NULL,$25
CNLMR,NULL,1441213833089,0,Not yet rated,NULL,N/A
CNLMW,NULL,1441213833293,0,Not yet rated,NULL,N/A
CNLMU,NULL,1441213833330,0,100% bullish,of 1 rating,N/A
CBOE,$63.47,1441213833352,"212,473",Not yet rated,NULL,$60
CDK,$47.96,1441213833392,"119,092",67% bearish,of 3 ratings,$50
CDW,$38.415,1441213833419,"198,779",75% bullish,of 4 ratings,$44
CELG,$117.17,1441213833444,"1,479,430",92% bullish,of 13 ratings,$156
CPXX,$2.1418,1441213833483,"84,757",100% bullish,of 2 ratings,$7
CECE,$9.6,1441213833516,"30,723",50% bullish,of 2 ratings,$16
CELGZ,$1.84,1441213833616,"3,010",80% bullish,of 5 ratings,N/A
CLRB,$3.0441,1441213833764,500,100% bearish,of 1 rating,N/A
CLDX,$14.46,1441213833802,"260,414",89% bullish,of 9 ratings,$36
CLDN,$1.14,1441213833823,"34,389",71% bullish,of 7 ratings,$3
CBMG,$23.11,1441213833900,"37,453",50% bullish,of 2 ratings,N/A
CLRBW,$0.9201,1441213833920,"1,000",Not yet rated,NULL,N/A
CLLS,$31.88,1441213834002,"26,534",75% bullish,of 4 ratings,$51.50
CLSN,$2.04,1441213834053,"7,670",80% bullish,of 10 ratings,$7.50
CYAD,$48,1441213834079,"2,917",100% bullish,of 1 rating,$87.50
CLTX,$2.1484,1441213834102,"132,848",100% bullish,of 2 ratings,N/A
CEMP,$33.9208,1441213834134,"132,358",71% bullish,of 7 ratings,$52
CETX,$2.396,1441213834265,"3,962",Not yet rated,NULL,$5.60
CETV,$2.06,1441213834292,"9,293",67% bullish,of 3 ratings,$2.80
CSFL,$13.59,1441213834313,"27,940",Not yet rated,NULL,$15
CENT,$12.96,1441213834349,"46,282",Not yet rated,NULL,$10
CENTA,$13.205,1441213834444,"56,951",Not yet rated,NULL,N/A
CFBK,$1.37,1441213834468,200,Not yet rated,NULL,N/A
CENX,$5.08,1441213834621,"818,804",67% bullish,of 6 ratings,$9
CVCY,$11.75,1441213834652,900,Not yet rated,NULL,$12
CNBKA,$41.33,1441213834681,101,50% bullish,of 2 ratings,N/A
CNTY,$5.9499,1441213834727,"7,792",80% bullish,of 5 ratings,$7.75
CPHD,$47.29,1441213834753,"113,603",67% bearish,of 3 ratings,$66.50
CRNT,$1.41,1441213834886,"47,022",50% bullish,of 2 ratings,$2
CERN,$60.685,1441213834917,"377,476",67% bullish,of 3 ratings,$79
CERE,$1.065,1441213834945,"120,708",88% bullish,of 8 ratings,N/A
CERU,$4.24,1441213834971,"16,825",75% bullish,of 4 ratings,$14
CERS,$4.74,1441213835014,"110,968",75% bullish,of 4 ratings,$7
KOOL,$0.6818,1441213835113,"17,963",100% bullish,of 5 ratings,$7
CEVA,$18.99,1441213835144,"8,586",100% bearish,of 1 rating,$25
CYOU,$19.48,1441213835217,"61,040",50% bullish,of 6 ratings,$24
HOTR,$1.38,1441213835243,"49,387",100% bullish,of 2 ratings,$5
HOTRW,NULL,1441213835301,0,Not yet rated,NULL,N/A
CTHR,$1.3,1441213835326,371,50% bullish,of 2 ratings,$2.50
CHTR,$177.98,1441213835468,"212,622",100% bearish,of 2 ratings,$202
GTLS,$22.91,1441213835495,"197,577",50% bullish,of 4 ratings,$40
CHFN,$12.41,1441213835518,"9,875",Not yet rated,NULL,$14
CHKP,$78.12,1441213835552,"483,935",50% bullish,of 4 ratings,$92
CHEK,$2.3572,1441213835579,"3,681",Not yet rated,NULL,$7.75
CHEKW,$0.74,1441213835654,115,Not yet rated,NULL,N/A
CEMI,$4.23,1441213835713,"10,347",50% bullish,of 2 ratings,$7.50
CHMG,$26.5,1441213835796,200,Not yet rated,NULL,$30
CHFC,$30.74,1441213835844,"10,484",100% bearish,of 1 rating,$36
CCXI,$6.52,1441213835876,"10,155",67% bullish,of 3 ratings,$14
CHKE,$25.605,1441213835929,"19,313",100% bearish,of 1 rating,$32.50
CHEV,$14.6,1441213835975,998,Not yet rated,NULL,N/A
CHMA,$27.105,1441213836061,"70,760",Not yet rated,NULL,$40
CBNK,NULL,1441213836142,0,100% bearish,of 1 rating,N/A
PLCE,$59.29,1441213836188,"59,433",100% bearish,of 1 rating,$69
CMRX,$48.94,1441213836218,"66,495",50% bullish,of 2 ratings,$57
CAAS,$6.05,1441213836272,"4,783",93% bullish,of 14 ratings,$11.50
CBAK,$1.8258,1441213836300,"14,115",67% bullish,of 9 ratings,N/A
CADC,$3.33,1441213836322,200,78% bullish,of 9 ratings,N/A
CALI,$0.8461,1441213836350,"22,235",67% bullish,of 3 ratings,N/A
CBPO,$94,1441213836508,"50,684",75% bullish,of 8 ratings,$140.50
CCCL,NULL,1441213836537,0,100% bullish,of 6 ratings,N/A
CCCR,NULL,1441213836599,0,67% bearish,of 3 ratings,N/A
JRJC,$3.4101,1441213836637,"85,519",82% bullish,of 11 ratings,N/A
CHLN,$1.95,1441213836703,210,67% bullish,of 3 ratings,N/A
CHOP,$1.1,1441213837082,10,50% bullish,of 2 ratings,N/A
HGSH,$1.73,1441213837121,"6,003",67% bullish,of 3 ratings,N/A
HTHT,$25.57,1441213837183,"45,870",50% bullish,of 2 ratings,$28.40
CHNR,$1.6199,1441213837212,585,100% bearish,of 1 rating,N/A
CREG,$0.66,1441213837265,500,100% bullish,of 3 ratings,N/A
CJJD,$1.82,1441213837287,"3,078",100% bullish,of 1 rating,N/A
CNIT,$1.2799,1441213837318,"13,166",67% bullish,of 6 ratings,N/A
CSUN,$1.42,1441213837428,"4,326",80% bullish,of 5 ratings,N/A
CNTF,$0.8001,1441213837450,"19,022",Not yet rated,NULL,N/A
CXDC,$5.83,1441213837581,"6,217",67% bearish,of 3 ratings,N/A
CNYD,$3.01,1441213837614,210,67% bullish,of 3 ratings,N/A
CCIH,$7.18,1441213837636,"24,073",67% bullish,of 6 ratings,$12.65
CPGI,NULL,1441213837657,0,Not yet rated,NULL,N/A
CNET,$0.8326,1441213837796,"5,541",50% bullish,of 2 ratings,N/A
IMOS,$18.68,1441213837904,"106,490",60% bullish,of 5 ratings,$21.50
CHSCM,$26.3,1441213837938,"8,613",Not yet rated,NULL,N/A
CHSCL,$27.15,1441213837960,"16,215",Not yet rated,NULL,N/A
CHSCO,$28.24,1441213837993,"1,082",Not yet rated,NULL,N/A
CHSCN,$26.93,1441213838030,"9,458",Not yet rated,NULL,N/A
CHUY,$31.82,1441213838090,"78,093",50% bullish,of 2 ratings,$34
CHDN,$133.25,1441213838118,"12,506",Not yet rated,NULL,$165
CHSCP,$30.4201,1441213838145,"1,500",Not yet rated,NULL,N/A
CDTX,$14.09,1441213838347,"3,501",Not yet rated,NULL,$22
CIFC,$7.25,1441213838380,203,100% bearish,of 1 rating,N/A
CMCT,$15.5,1441213838479,225,100% bearish,of 1 rating,N/A
CMPR,$68.2147,1441213838505,"76,974",50% bullish,of 2 ratings,$72.50
CTAS,$84.11,1441213838636,"103,195",100% bearish,of 1 rating,$91
CINF,$51.805,1441213838684,"189,391",50% bullish,of 4 ratings,$50.50
CIDM,$0.5401,1441213838710,"8,706",50% bullish,of 2 ratings,$2.10
CRUS,$29.16,1441213838840,"202,685",75% bullish,of 12 ratings,$44.50
CPHR,$5.03,1441213838866,"7,939",100% bearish,of 1 rating,$17
CTRN,$26.125,1441213838997,"16,971",100% bearish,of 1 rating,$31.50
CSCO,$25.335,1441213839023,"7,564,913",83% bullish,of 210 ratings,$32
CZNC,$19.68,1441213839078,"1,306",Not yet rated,NULL,N/A
CZFC,NULL,1441213839156,0,Not yet rated,NULL,N/A
CZWI,$8.95,1441213839235,307,Not yet rated,NULL,N/A
CIZN,$19.62,1441213839264,100,Not yet rated,NULL,N/A
CTXS,$65.96,1441213839367,"386,992",86% bullish,of 7 ratings,$80
CHCO,$46.8,1441213839395,"6,892",Not yet rated,NULL,$46
CIVB,$9.861,1441213839427,351,Not yet rated,NULL,$11
CDTI,$1.5089,1441213839529,"60,071",75% bullish,of 4 ratings,$3.20
CLNE,$5.08,1441213839678,"308,847",80% bullish,of 15 ratings,$9
CLFD,$17.02,1441213839707,"15,341",67% bullish,of 3 ratings,$18
CLNT,$1.45,1441213839741,"8,826",75% bullish,of 8 ratings,N/A
CLRO,$11.16,1441213839837,"4,708",50% bullish,of 2 ratings,$14.25
CIVBP,NULL,1441213839862,0,Not yet rated,NULL,N/A
CLIR,$4.86,1441213839898,"10,180",100% bullish,of 3 ratings,N/A
CSBK,$13.86,1441213840104,"10,037",Not yet rated,NULL,N/A
CBLI,$4.31,1441213840126,"235,429",60% bullish,of 5 ratings,N/A
CLVS,$80.33,1441213840207,"121,416",60% bullish,of 5 ratings,$101.50
CME,$92.15,1441213840260,"383,322",67% bullish,of 3 ratings,$102
CMFN,$11.4674,1441213840339,"6,027",100% bearish,of 1 rating,$15.50
CCNE,$17.0495,1441213840520,"4,372",50% bullish,of 2 ratings,$21.50
CWAY,$11.08,1441213840550,669,Not yet rated,NULL,N/A
CISG,$7.92,1441213840576,"12,236",100% bullish,of 5 ratings,$10
CNV,$4.37,1441213840597,"2,810",50% bullish,of 2 ratings,$7.15
COBZ,$12.61,1441213840735,"18,571",100% bullish,of 1 rating,$14
COKE,$154.805,1441213840761,"5,720",79% bullish,of 19 ratings,N/A
CVLY,NULL,1441213840963,0,Not yet rated,NULL,N/A
JVA,$4.66,1441213841219,"6,232",83% bullish,of 6 ratings,$7
CDXS,$3.59,1441213841244,"4,800",64% bullish,of 11 ratings,$6
CCOI,$27.155,1441213841295,"95,399",50% bullish,of 4 ratings,$35
CGNT,$1.54,1441213841380,"4,900",100% bullish,of 2 ratings,$2
CGNX,$34.615,1441213841519,"100,363",50% bullish,of 2 ratings,$47
CHRS,$27.15,1441213841546,"12,992",67% bearish,of 3 ratings,$37
CTSH,$61.64,1441213841599,"994,373",90% bullish,of 10 ratings,$75
COHR,$55.355,1441213841633,"29,955",50% bullish,of 2 ratings,$72
COHU,$9.52,1441213841683,"23,346",100% bearish,of 1 rating,$14.25
COLL,$14.35,1441213841734,"61,453",100% bearish,of 1 rating,$26
CLRX,$0.6301,1441213841763,"86,759",50% bullish,of 2 ratings,N/A
CDRB,$9.095,1441213842000,"147,553",67% bullish,of 3 ratings,N/A
CLCT,$17.69,1441213842026,"14,815",100% bearish,of 1 rating,N/A
CIGI,$45.2,1441213842106,"27,750",100% bearish,of 1 rating,$52
CLCD,$5.92,1441213842162,"31,173",100% bearish,of 1 rating,$20.50
CBAN,$8.8,1441213842191,201,Not yet rated,NULL,N/A
COLB,$29.06,1441213842222,"33,190",Not yet rated,NULL,$36
COLM,$59.85,1441213842293,"39,666",100% bearish,of 1 rating,$71
CMCO,$18.95,1441213842320,"28,021",60% bullish,of 5 ratings,$28
CMCSK,$56.83,1441213842364,"1,026,970",Not yet rated,NULL,$84
CMCSA,$55.59,1441213842499,"5,243,780",66% bullish,of 35 ratings,$69.50
CBMX,$1.1399,1441213842528,"7,764",83% bullish,of 6 ratings,$3.15
CUBN,$13.5,1441213842568,"1,368",Not yet rated,NULL,N/A
CBSHP,$25.45,1441213842594,"1,200",100% bearish,of 1 rating,N/A
CBSH,$43.17,1441213842674,"83,996",50% bullish,of 2 ratings,$46
COMM,$32.149,1441213842748,"476,426",67% bearish,of 3 ratings,$35
CVGI,$4.99,1441213842810,"22,221",50% bullish,of 2 ratings,$6
CSAL,$20.34,1441213843016,"194,648",75% bullish,of 4 ratings,$30
ESXB,$5.09,1441213843084,101,Not yet rated,NULL,N/A
JCS,$9.0301,1441213843117,700,67% bullish,of 3 ratings,N/A
CTBI,$34.33,1441213843139,"6,528",Not yet rated,NULL,$36
CYHHZ,$0.0101,1441213843181,"16,241",100% bullish,of 1 rating,N/A
COB,$10.38,1441213843207,"1,667",100% bullish,of 1 rating,$11.75
CWBC,$6.85,1441213843232,"46,362",Not yet rated,NULL,N/A
CIZ,NULL,1441213843267,0,100% bearish,of 1 rating,N/A
CVLT,$35.194,1441213843368,"82,547",75% bullish,of 4 ratings,$44.50
CID,NULL,1441213843459,0,Not yet rated,NULL,N/A
CIL,NULL,1441213843484,0,Not yet rated,NULL,N/A
CDC,$33.83,1441213843624,"6,400",Not yet rated,NULL,N/A
CSA,NULL,1441213843648,0,Not yet rated,NULL,N/A
CFA,NULL,1441213843783,0,100% bearish,of 1 rating,N/A
CFO,$34.71,1441213843819,"2,167",100% bearish,of 1 rating,N/A
CSF,NULL,1441213843844,0,100% bearish,of 1 rating,N/A
CDL,$33.53,1441213843915,70,Not yet rated,NULL,N/A
CGEN,$4.99,1441213843997,"12,595",50% bullish,of 2 ratings,$11
CSB,$32.83,1441213844050,72,Not yet rated,NULL,N/A
CPSI,$45.51,1441213844078,"29,492",100% bearish,of 1 rating,$45.50
SCOR,$43.87,1441213844132,"559,080",100% bearish,of 1 rating,$66
CTG,$6.6628,1441213844214,"8,337",100% bearish,of 1 rating,$8.50
CHCI,$0.67,1441213844243,400,50% bullish,of 2 ratings,N/A
CMTL,$25.8,1441213844268,"18,566",100% bearish,of 2 ratings,$37
CNSI,$18.08,1441213844400,"20,654",100% bearish,of 2 ratings,$29
CNAT,$3.89,1441213844477,"58,898",83% bullish,of 6 ratings,$13
CNCE,$16.39,1441213844502,"34,660",75% bullish,of 4 ratings,$22
CXRX,$78.31,1441213844575,606,100% bearish,of 1 rating,$90
CCUR,$5.23,1441213844604,"10,651",75% bullish,of 4 ratings,N/A
CDOR,$1.2861,1441213844711,"1,980",100% bullish,of 1 rating,N/A
CDORO,$19,1441213844737,160,100% bearish,of 1 rating,N/A
CDORP,$6.491,1441213844862,100,100% bearish,of 1 rating,N/A
CFMS,$14.67,1441213844916,"154,474",100% bearish,of 1 rating,$26.50
CNFR,$10.2,1441213844954,"1,054",Not yet rated,NULL,N/A
CTWS,$34.98,1441213844987,"5,036",100% bearish,of 1 rating,$44
CNMD,$50.515,1441213845008,"120,656",Not yet rated,NULL,$59
CNOB,$18.94,1441213845090,"4,385",100% bullish,of 1 rating,$23.50
CNXR,$7.08,1441213845137,"28,824",100% bearish,of 1 rating,$12
CONN,$27.45,1441213845308,"141,185",67% bullish,of 3 ratings,$48.50
CNSL,$19.27,1441213845333,"56,352",100% bearish,of 1 rating,$23
CWCO,$10.4201,1441213845669,"23,022",67% bullish,of 3 ratings,$14.50
CTCT,$23.965,1441213845774,"63,672",67% bullish,of 3 ratings,$37
CPSS,$5.57,1441213845907,"8,658",100% bullish,of 1 rating,$10
CFRX,$4.744,1441213845932,"8,798",Not yet rated,NULL,$14
CFRXW,NULL,1441213845962,0,100% bearish,of 1 rating,N/A
CFRXZ,$0.4,1441213846062,"1,000",Not yet rated,NULL,N/A
CTRV,$3.77,1441213846108,"4,713",Not yet rated,NULL,$6.40
CTRL,$8.25,1441213846133,"24,990",50% bullish,of 2 ratings,$11
CORT,$4.98,1441213846411,"99,202",67% bullish,of 3 ratings,$12
BVA,NULL,1441213846471,0,50% bullish,of 2 ratings,N/A
CORE,$60,1441213846502,"32,607",100% bearish,of 1 rating,$72
CPRT,$34.685,1441213846524,"98,008",67% bearish,of 3 ratings,$40
CRVL,$31.13,1441213846562,"4,765",100% bearish,of 1 rating,N/A
CRBP,$1.87,1441213846585,"66,407",100% bullish,of 2 ratings,$6.25
CORI,$10.61,1441213846615,"20,633",100% bearish,of 1 rating,$18
CSOD,$35.8,1441213846637,"99,341",50% bullish,of 2 ratings,$42
COST,$139.94,1441213846924,"476,644",79% bullish,of 24 ratings,$154.50
COSI,$1.08,1441213846974,"18,101",100% bullish,of 1 rating,N/A
CSGP,$171.74,1441213847001,"49,199",50% bullish,of 2 ratings,$235
COVS,$2.55,1441213847132,"32,249",67% bullish,of 3 ratings,N/A
CPAH,$0.4305,1441213847156,400,50% bullish,of 2 ratings,N/A
CVTI,$22.6,1441213847186,"46,293",67% bearish,of 3 ratings,$39
ICBK,$18.7,1441213847212,500,Not yet rated,NULL,$21
CPSH,$2.36,1441213847293,"3,900",Not yet rated,NULL,N/A
CRAI,$23.44,1441213847346,"16,810",100% bearish,of 1 rating,$36
COWNL,$26.447,1441213847382,"1,500",Not yet rated,NULL,N/A
COWN,$5.08,1441213847403,"181,236",75% bullish,of 4 ratings,$7
CBRL,$145.005,1441213847476,"52,604",50% bullish,of 2 ratings,$155
CRAY,$20.6,1441213847508,"56,853",83% bullish,of 6 ratings,$38.50
BREW,$7.717,1441213847540,"4,349",67% bullish,of 6 ratings,$15
CACC,$199.755,1441213847637,"52,319",50% bullish,of 2 ratings,$158.50
GLDI,$11.03,1441213847666,"2,572",100% bearish,of 1 rating,N/A
CREE,$26.5,1441213847924,"267,114",65% bullish,of 17 ratings,$29.50
SLVO,$10.2,1441213847955,"1,038",100% bearish,of 1 rating,N/A
CRESY,$10.1782,1441213847987,"9,563",100% bearish,of 1 rating,$19
CCRN,$14.035,1441213848020,"55,493",100% bearish,of 1 rating,$14.25
CRTO,$37.995,1441213848043,"240,914",67% bullish,of 6 ratings,$64
CROX,$14.06,1441213848072,"186,110",63% bullish,of 8 ratings,$16.50
CRWS,$7.99,1441213848101,"4,600",Not yet rated,NULL,$10
CRDS,$0.96,1441213848123,"43,082",75% bullish,of 4 ratings,$4.50
CYRXW,$0.74,1441213848255,"6,600",Not yet rated,NULL,N/A
CRWN,$4.89,1441213848281,"101,750",75% bullish,of 4 ratings,N/A
CYRX,$2.95,1441213848318,113,Not yet rated,NULL,$9
CSGS,$30.29,1441213848413,"45,656",Not yet rated,NULL,$40
CCLP,$14.16,1441213848444,"29,323",67% bearish,of 3 ratings,$20
CSPI,$5.8,1441213848475,899,67% bullish,of 3 ratings,N/A
CTIC,$1.56,1441213848546,"199,942",84% bullish,of 76 ratings,$5.75
CTCM,$1.68,1441213848574,"21,991",80% bearish,of 5 ratings,$3.90
CTRP,$64.98,1441213848703,"423,261",75% bullish,of 8 ratings,$92.50
CUNB,$21.6,1441213848829,"9,326",Not yet rated,NULL,$24.50
CPIX,NULL,1441213848920,0,Not yet rated,NULL,N/A
CMLS,$1.325,1441213848948,"133,819",50% bullish,of 4 ratings,$6
CUI,$5.42,1441213848972,"14,389",50% bullish,of 2 ratings,$10
CUTR,$14.89,1441213849004,"19,428",67% bearish,of 3 ratings,$18
CRIS,$2.59,1441213849025,"56,288",100% bullish,of 8 ratings,$6
CTIB,NULL,1441213849059,0,100% bearish,of 1 rating,N/A
CVV,$11.57,1441213849162,"4,744",100% bullish,of 5 ratings,N/A
CYAN,$6.5001,1441213849300,"1,650",100% bearish,of 1 rating,N/A
CYBR,$50.39,1441213849338,"400,000",75% bullish,of 8 ratings,$68.50
CYBX,$62.5088,1441213849363,"81,897",50% bullish,of 4 ratings,$71.50
CVBF,$15.73,1441213849440,"79,098",Not yet rated,NULL,$18
CYBE,$6.77,1441213849465,"1,253",100% bearish,of 1 rating,N/A
CYCCP,NULL,1441213849616,0,100% bearish,of 1 rating,N/A
CYCC,$0.5494,1441213849648,"20,050",73% bullish,of 11 ratings,N/A
CYNA,$16.2,1441213849683,"13,849",50% bullish,of 2 ratings,$31.50
CBAY,$2.72,1441213849714,"8,038",100% bullish,of 1 rating,$4
CYNO,$31.86,1441213849743,"53,079",67% bearish,of 3 ratings,$45.50
CYRN,$1.767,1441213849779,"1,300",67% bullish,of 3 ratings,$4
CY,$10.24,1441213849804,"4,166,353",80% bullish,of 10 ratings,$15.50
CONE,$31.21,1441213849829,"69,695",67% bearish,of 3 ratings,$35.50
CYTX,$0.3517,1441213850182,"681,249",83% bullish,of 12 ratings,$5.50
CTSO,$7.25,1441213850281,"54,763",Not yet rated,NULL,$15.625
CYTK,$7.18,1441213850314,"85,393",71% bullish,of 14 ratings,$13.50
CYTR,$2.355,1441213850370,"119,905",67% bullish,of 6 ratings,$10
DAEG,$0.3699,1441213850395,620,100% bearish,of 1 rating,N/A
TVIZ,$23.52,1441213850447,"12,835",100% bearish,of 1 rating,N/A
XIV,$23.14,1441213850471,"8,400,358",75% bearish,of 4 ratings,N/A
DJCO,$196,1441213850525,202,Not yet rated,NULL,N/A
ZIV,$35.65,1441213850606,"65,484",Not yet rated,NULL,N/A
TVIX,$17.1848,1441213850655,"6,694,050",81% bullish,of 16 ratings,N/A
DAKT,$8.551,1441213850688,"46,561",50% bullish,of 2 ratings,$12
DAIO,$2.71,1441213850757,"1,854",Not yet rated,NULL,N/A
DRAM,$1.35,1441213850793,"5,092",78% bullish,of 9 ratings,N/A
DARA,$0.86,1441213850818,"1,935",83% bullish,of 6 ratings,$1.50
DTLK,$5.59,1441213850888,"20,332",100% bearish,of 1 rating,$9
DWCH,$4.96,1441213850952,"6,886",75% bullish,of 4 ratings,$8.25
DTEA,$12.95,1441213851140,"14,003",100% bearish,of 2 ratings,$24
DWSN,$4.25,1441213851190,"5,053",67% bullish,of 3 ratings,N/A
PLAY,$35.15,1441213851217,"68,122",100% bullish,of 5 ratings,$42
DBVT,$37.677,1441213851270,"33,006",100% bearish,of 1 rating,$53
TRAK,$62.7899,1441213851299,"173,852",50% bullish,of 2 ratings,$62.50
DFRG,$14.46,1441213851320,"67,477",100% bearish,of 1 rating,$20
DHRM,$1.64,1441213851341,890,Not yet rated,NULL,N/A
TACO,$12.47,1441213851481,"76,030",75% bullish,of 4 ratings,$20
DGAS,$20.68,1441213851512,810,67% bearish,of 3 ratings,N/A
TACOW,$3.54,1441213851543,700,100% bullish,of 1 rating,N/A
DCTH,$0.4245,1441213851584,"74,648",78% bullish,of 9 ratings,N/A
DELT,$2.25,1441213851648,100,Not yet rated,NULL,N/A
DENN,$11.13,1441213851673,"133,269",100% bullish,of 3 ratings,$15
DELTW,NULL,1441213851717,0,Not yet rated,NULL,N/A
DEPO,$26.69,1441213851932,"184,647",60% bullish,of 5 ratings,$29
DSCI,$5.78,1441213851965,"26,125",50% bullish,of 2 ratings,$16
XRAY,$51.38,1441213852006,"142,781",100% bullish,of 1 rating,$58
DERM,$26.1,1441213852033,"14,792",100% bearish,of 1 rating,$33.50
DEST,$10.815,1441213852070,"11,822",50% bullish,of 2 ratings,N/A
DXCM,$87.85,1441213852098,"159,698",57% bullish,of 7 ratings,$98
DSWL,$1.5401,1441213852125,"9,104",100% bullish,of 1 rating,N/A
DXLG,$6.24,1441213852152,"51,819",100% bearish,of 1 rating,$8
DXM,$0.29,1441213852257,"197,072",50% bullish,of 2 ratings,N/A
DMND,$30.15,1441213852387,"48,760",75% bullish,of 12 ratings,$32
DHIL,$190.4,1441213852482,202,Not yet rated,NULL,N/A
FANG,$65.07,1441213852514,"275,059",50% bullish,of 2 ratings,$86
DHXM,$6.45,1441213852545,200,Not yet rated,NULL,N/A
DCIX,$1.6138,1441213852651,"16,854",50% bullish,of 4 ratings,$3.50
DRNA,$11.24,1441213852676,"41,923",67% bearish,of 3 ratings,$25
DMRC,$37.98,1441213852807,"10,585",100% bearish,of 1 rating,$44
DGII,$10.1799,1441213852846,"3,942",100% bearish,of 1 rating,$11
DRAD,$3.78,1441213852868,"6,694",100% bullish,of 1 rating,$5.25
DGLY,$7.3,1441213852901,"139,509",50% bullish,of 6 ratings,$20
DCOM,$16.55,1441213852930,"13,555",100% bearish,of 2 ratings,$16
APPS,$2.26,1441213852964,"230,567",100% bearish,of 1 rating,$10.25
DIOD,$19.36,1441213852985,"27,147",75% bearish,of 4 ratings,$24
DISCA,$26.18,1441213853032,"672,206",67% bullish,of 3 ratings,$34
DPRX,$14.77,1441213853166,"6,655",100% bullish,of 2 ratings,$27.75
DISCB,NULL,1441213853232,0,100% bearish,of 1 rating,$35
DISCK,$25.035,1441213853258,"307,431",100% bearish,of 1 rating,$32
DSCO,$0.42,1441213853395,"130,760",83% bullish,of 6 ratings,$2.75
DISH,$58.99,1441213853430,"362,857",69% bullish,of 13 ratings,$73
DVCR,$10.93,1441213853465,"1,727",100% bullish,of 1 rating,N/A
BAGR,$2.71,1441213853529,"9,100",100% bearish,of 1 rating,$6
DLHC,$2.5401,1441213853554,"2,521",100% bearish,of 1 rating,N/A
DLTR,$67.97,1441213853586,"4,149,869",82% bullish,of 11 ratings,$88
DNBF,$26.05,1441213853607,"1,128",Not yet rated,NULL,$27.50
DGICA,$14.38,1441213853642,"7,134",100% bearish,of 1 rating,$17
DMLP,$14.779,1441213853738,"28,146",100% bearish,of 1 rating,N/A
DGICB,NULL,1441213853832,0,100% bearish,of 1 rating,N/A
DORM,$50.35,1441213853961,"95,091",100% bearish,of 1 rating,$56
HILL,$9.68,1441213853987,"482,340",60% bearish,of 5 ratings,$9.75
DRWI,$0.214,1441213854008,"640,912",60% bullish,of 5 ratings,$.45
DWA,$19.73,1441213854772,"661,415",63% bullish,of 8 ratings,$26
DSKX,$3.405,1441213854833,"56,287",100% bullish,of 1 rating,N/A
CADT,$10.02,1441213854863,100,Not yet rated,NULL,N/A
DRWIW,NULL,1441213854884,0,Not yet rated,NULL,N/A
DSPG,$8.82,1441213854912,"6,063",100% bearish,of 1 rating,$13.50
CADTU,NULL,1441213854941,0,Not yet rated,NULL,N/A
DRYS,$0.4311,1441213854967,"807,677",77% bullish,of 31 ratings,$.60
CADTW,NULL,1441213854992,0,Not yet rated,NULL,N/A
DTSI,$28.9,1441213855129,"98,975",100% bearish,of 2 ratings,$39.50
DRRX,$2.07,1441213855163,"58,810",50% bullish,of 6 ratings,$3
CADTR,NULL,1441213855206,0,Not yet rated,NULL,N/A
DNKN,$49.0225,1441213855231,"493,321",67% bullish,of 15 ratings,$56.50
DXPE,$29.91,1441213855260,"49,100",50% bullish,of 2 ratings,N/A
DYSL,$1.54,1441213855532,"10,021",100% bullish,of 2 ratings,N/A
BOOM,$10.82,1441213855622,"67,289",67% bullish,of 3 ratings,$12
DVAX,$28.18,1441213855660,"69,994",70% bullish,of 10 ratings,$40
DYNT,$3,1441213855697,"3,727",75% bullish,of 4 ratings,N/A
DYAX,$22.38,1441213855718,"129,417",89% bullish,of 9 ratings,$30
EBMT,$11.69,1441213855756,"1,300",Not yet rated,NULL,$13.50
EGBN,$40.37,1441213855787,"54,280",Not yet rated,NULL,$48
ETFC,$25.09,1441213855816,"812,378",57% bullish,of 14 ratings,$32.50
EGLE,$6.86,1441213855845,"6,608",60% bullish,of 5 ratings,N/A
EGRX,$79.9,1441213856044,"62,572",67% bullish,of 3 ratings,$97
EROC,$1.4774,1441213856069,"107,724",50% bullish,of 2 ratings,$3
ELNK,$8.26,1441213856144,"169,717",60% bullish,of 5 ratings,$9.50
EWBC,$38.51,1441213856275,"198,845",100% bearish,of 1 rating,$50
EACQU,$10.01,1441213856305,200,Not yet rated,NULL,N/A
EML,$16.24,1441213856331,"2,689",Not yet rated,NULL,N/A
EVBS,$6.67,1441213856427,300,Not yet rated,NULL,$7
EBAY,$26.585,1441213856561,"2,888,613",81% bullish,of 117 ratings,$34
EBIX,$28.06,1441213857378,"68,136",69% bullish,of 13 ratings,$40
ECHO,$22.21,1441213857605,"50,183",67% bearish,of 3 ratings,$34.50
SATS,$43.33,1441213857851,"33,438",50% bullish,of 2 ratings,$60
EEI,$11.7396,1441213857890,"1,200",67% bearish,of 3 ratings,N/A
ELON,$0.58,1441213857921,"8,445",50% bullish,of 2 ratings,N/A
ECTE,$1.4801,1441213857952,"2,090",75% bullish,of 4 ratings,N/A
ECACU,$10.1,1441213858025,200,Not yet rated,NULL,N/A
ESES,NULL,1441213858156,0,100% bearish,of 1 rating,$7
EDGW,$7.15,1441213858184,959,100% bearish,of 1 rating,N/A
EDAP,$3.62,1441213858211,"15,733",60% bullish,of 5 ratings,$4.50
EGAN,$3.67,1441213858251,"1,625",50% bullish,of 2 ratings,$6.25
EDUC,$6.54,1441213858281,"36,623",100% bearish,of 1 rating,N/A
EFUT,$4.52,1441213858379,400,Not yet rated,NULL,N/A
EHTH,$14.715,1441213858409,"55,242",50% bullish,of 4 ratings,$16.50
LOCO,$12.64,1441213858436,"145,572",69% bullish,of 13 ratings,$19.50
EGLT,$12.4,1441213858457,"68,154",50% bullish,of 2 ratings,$21
ESLT,$78.51,1441213858591,"3,676",67% bullish,of 3 ratings,N/A
EMITF,$1.2058,1441213858616,572,75% bullish,of 4 ratings,N/A
ERI,$9.5,1441213858751,"34,254",100% bearish,of 1 rating,$10
EA,$64.515,1441213858807,"953,904",78% bullish,of 36 ratings,$80
ESIO,$4.5,1441213858834,"13,103",50% bullish,of 2 ratings,$10
EFII,$43.13,1441213858862,"26,270",80% bullish,of 5 ratings,$55
ELRC,$10.46,1441213858889,"9,030",100% bearish,of 1 rating,N/A
ELSE,$3.9288,1441213859023,300,60% bullish,of 5 ratings,N/A
ELEC,NULL,1441213859049,0,Not yet rated,NULL,N/A
EBIO,$3.46,1441213859102,"115,239",100% bearish,of 2 ratings,$8.35
ELECU,NULL,1441213859129,0,Not yet rated,NULL,N/A
ELECW,NULL,1441213859181,0,Not yet rated,NULL,N/A
RDEN,$11.22,1441213859263,"30,184",100% bearish,of 4 ratings,$15
ESBK,$19.85,1441213859401,639,Not yet rated,NULL,N/A
CAPX,$22.74,1441213859441,1,Not yet rated,NULL,N/A
LONG,$16.9,1441213859481,"1,508",67% bullish,of 3 ratings,$15.75
EMCI,$22.45,1441213859538,"6,424",Not yet rated,NULL,N/A
ELTK,$1.34,1441213859567,"22,660",67% bearish,of 3 ratings,N/A
EMCF,NULL,1441213859594,0,100% bearish,of 1 rating,N/A
EMKR,$6.81,1441213859620,"24,112",75% bullish,of 4 ratings,$8.50
EMMS,$1.19,1441213859802,"5,925",83% bullish,of 6 ratings,N/A
NYNY,$4.2,1441213859828,"9,853",50% bullish,of 2 ratings,N/A
EMMSP,NULL,1441213859860,0,100% bearish,of 1 rating,N/A
ERS,$3.28,1441213859890,"7,265",Not yet rated,NULL,N/A
ENTA,$38.3,1441213859958,"44,837",50% bullish,of 2 ratings,$42
ECPG,$38.32,1441213859985,"67,967",100% bullish,of 2 ratings,$52
WIRE,$31.76,1441213860127,"27,063",100% bearish,of 1 rating,$37
ECYT,$5.21,1441213860302,"89,806",83% bullish,of 6 ratings,$12
EIGI,$14.64,1441213860402,"86,458",67% bearish,of 3 ratings,$22.50
ELGX,$12.58,1441213860431,"114,826",75% bullish,of 4 ratings,$17
ENDP,$73.8,1441213860466,"342,094",50% bullish,of 6 ratings,$101.50
WATT,$7.0575,1441213860534,"12,751",50% bullish,of 2 ratings,$13
ERII,$2.59,1441213860561,"8,350",80% bullish,of 5 ratings,$2.50
EFOI,$25.227,1441213860589,"639,218",50% bullish,of 2 ratings,$24.50
ENOC,$8.89,1441213860624,"60,588",75% bullish,of 4 ratings,$18
EXXI,$1.66,1441213860646,"659,572",86% bullish,of 7 ratings,$3.50
ENPH,$4.4111,1441213860726,"288,524",75% bullish,of 4 ratings,$11
ENG,$1.01,1441213860762,"28,479",100% bullish,of 3 ratings,N/A
ESGR,$148.295,1441213860789,"12,978",100% bearish,of 1 rating,$185
ENFC,$17.8,1441213860862,200,Not yet rated,NULL,N/A
ENTG,$13.43,1441213860921,"66,974",100% bearish,of 1 rating,$18
ENTL,$21.05,1441213860993,"11,570",Not yet rated,NULL,$28
ETRM,$0.292,1441213861019,"3,917,093",69% bearish,of 35 ratings,$1.625
EFSC,$23.89,1441213861178,"8,206",Not yet rated,NULL,$27
ENVI,$1.86,1441213861213,"13,652",67% bullish,of 3 ratings,N/A
EBTC,$21.65,1441213861239,310,Not yet rated,NULL,N/A
EGT,$1.9999,1441213861278,"4,001",100% bullish,of 1 rating,N/A
ENZN,$0.9925,1441213861306,"122,743",100% bullish,of 9 ratings,N/A
EPIQ,$12.7099,1441213861567,"18,485",100% bearish,of 1 rating,$18
ENZY,$10.18,1441213861596,"14,292",67% bullish,of 3 ratings,$9.50
PLUS,$72.99,1441213861620,"13,025",50% bullish,of 2 ratings,$88
EPZM,$20.145,1441213861653,"131,871",60% bullish,of 5 ratings,$34
EPRS,$5.03,1441213861674,"12,149",82% bullish,of 11 ratings,$15
EQIX,$267.8,1441213861695,"233,977",75% bullish,of 4 ratings,$312.50
EQFN,NULL,1441213861752,0,100% bearish,of 1 rating,N/A
ERIC,$9.6,1441213861927,"622,166",67% bullish,of 9 ratings,$12.20
EAC,$3.425,1441213861963,"3,467",100% bearish,of 1 rating,$8
ESCR,$0.1599,1441213862001,"45,453",50% bullish,of 2 ratings,N/A
ESCA,$18.227,1441213862026,"6,752",100% bearish,of 1 rating,$22
ERIE,$81.56,1441213862053,"3,854",Not yet rated,NULL,$73
ESCRP,NULL,1441213862078,0,100% bearish,of 1 rating,N/A
ESMC,$1.4,1441213862238,640,Not yet rated,NULL,N/A
ESSA,$12.85,1441213862313,"4,765",100% bearish,of 1 rating,N/A
EPIX,NULL,1441213862340,0,Not yet rated,NULL,N/A
ESPR,$46.545,1441213862372,"352,659",70% bearish,of 10 ratings,$115
ESND,$33.1,1441213862401,"63,188",100% bearish,of 2 ratings,$40
ETSY,$14.31,1441213862422,"176,312",80% bullish,of 5 ratings,$16
ESSX,$0.4896,1441213862471,"1,709",50% bullish,of 2 ratings,N/A
EEFT,$63.5,1441213862646,"43,883",100% bearish,of 1 rating,$67.50
CLWT,NULL,1441213862672,0,100% bullish,of 1 rating,N/A
ESEA,$4.6342,1441213862697,"10,285",100% bullish,of 1 rating,$15
EVK,$3.95,1441213862898,200,75% bearish,of 4 ratings,N/A
EVLV,$2.63,1441213862944,"35,397",60% bullish,of 5 ratings,$4.625
EVOL,$5.85,1441213863031,"7,448",75% bullish,of 4 ratings,$10
EXA,$10.51,1441213863060,"21,667",100% bearish,of 1 rating,$13
EVOK,$3.305,1441213863118,"9,494",100% bearish,of 1 rating,$13.375
EXAC,$19.21,1441213863139,"8,288",100% bearish,of 1 rating,$22.50
EXAS,$21.86,1441213863160,"331,720",78% bullish,of 9 ratings,$31
EXEL,$5.725,1441213863400,"2,030,211",81% bullish,of 16 ratings,$6
EXPE,$111.97,1441213863466,"228,994",64% bullish,of 11 ratings,$130
EXFO,$2.91,1441213863493,200,67% bearish,of 3 ratings,$3.95
EXLS,$36.17,1441213863517,"38,595",50% bullish,of 2 ratings,$41
EXPD,$49.3263,1441213863543,"418,452",80% bullish,of 5 ratings,$52
EXLP,$19.48,1441213863735,"52,887",100% bearish,of 1 rating,$25
ESRX,$82.59,1441213863775,"736,776",67% bearish,of 6 ratings,$101
EVEP,$8.59,1441213863796,"44,602",50% bullish,of 2 ratings,$15
EXPO,$42.27,1441213863828,"27,842",100% bearish,of 1 rating,$45.50
EXTR,$3.005,1441213863857,"162,696",80% bullish,of 5 ratings,$3
EYEG,$3.87,1441213863890,"4,718",Not yet rated,NULL,N/A
EZCH,$22.56,1441213863913,"21,103",75% bullish,of 8 ratings,$19.50
EYEGW,$1.0001,1441213863934,700,Not yet rated,NULL,N/A
EZPW,$6.27,1441213864069,"101,271",50% bullish,of 4 ratings,$7
FB,$88.8,1441213864094,"8,221,865",73% bullish,of 1074 ratings,$111
FFIV,$119.02,1441213864159,"280,695",63% bullish,of 8 ratings,$132
FRP,$15.83,1441213864339,"17,936",100% bearish,of 1 rating,$18
FCS,$13.34,1441213864372,"151,919",67% bearish,of 3 ratings,$17
FWM,$2.18,1441213864472,"52,264",100% bearish,of 2 ratings,$3.20
FALC,$1.75,1441213864504,"12,100",63% bearish,of 8 ratings,N/A
FARM,$21.89,1441213864533,"12,126",100% bearish,of 1 rating,$35
FFKT,$26.05,1441213864554,"3,416",Not yet rated,NULL,$29
FMNB,$8.24,1441213864575,600,Not yet rated,NULL,N/A
DAVE,$14.55,1441213864621,"4,663",100% bearish,of 1 rating,$15.50
FATE,$6.28,1441213864711,"6,449",50% bullish,of 2 ratings,$11
FARO,$37.58,1441213864743,"22,508",50% bullish,of 2 ratings,$48
FAST,$38.21,1441213864843,"568,193",80% bullish,of 5 ratings,$45.50
FBRC,$22.19,1441213864872,"19,102",100% bearish,of 1 rating,$29
FBSS,NULL,1441213864897,0,Not yet rated,NULL,N/A
FDML,$8.715,1441213865045,"56,121",50% bullish,of 4 ratings,$14
FEIC,$74.45,1441213865080,"79,333",50% bullish,of 2 ratings,$95.50
FNHC,$21.96,1441213865106,"11,542",100% bearish,of 1 rating,$35
FENX,$9.8,1441213865236,"25,371",100% bullish,of 1 rating,$14.25
FHCO,$1.38,1441213865267,"3,784",50% bullish,of 4 ratings,N/A
FCSC,$5.56,1441213865288,"28,943",100% bearish,of 1 rating,$8.125
ONEQ,$184.44,1441213865326,"13,315",100% bullish,of 1 rating,N/A
FGEN,$22.96,1441213865367,"55,571",100% bearish,of 1 rating,$39
LION,$18.9,1441213865426,"16,339",100% bullish,of 1 rating,$20
FDUS,$14.92,1441213865532,"8,100",50% bullish,of 2 ratings,$18
FSAM,$7.993,1441213865559,"1,751",100% bearish,of 1 rating,$10.25
FRGI,$51.51,1441213865584,"32,848",50% bullish,of 2 ratings,$70
FSC,$6.575,1441213865719,"205,785",60% bullish,of 5 ratings,$8
FSCFL,$24.37,1441213865872,522,Not yet rated,NULL,N/A
FSFR,$8.71,1441213865905,"85,893",100% bearish,of 1 rating,$11.50
FITB,$19.19,1441213865934,"1,294,748",54% bullish,of 13 ratings,$22
FNGN,$30.2728,1441213865967,"104,091",67% bullish,of 3 ratings,$47
FITBI,$27.47,1441213865993,"10,096",Not yet rated,NULL,N/A
FISI,$24.75,1441213866022,"1,161",100% bullish,of 2 ratings,$24.50
FNSR,$15.06,1441213866063,"209,561",71% bullish,of 7 ratings,$24
FNJN,$1.79,1441213866088,"1,300",100% bearish,of 1 rating,$5
FNTC,NULL,1441213866222,0,Not yet rated,NULL,N/A
FNTCW,NULL,1441213866300,0,Not yet rated,NULL,N/A
FEYE,$36.8999,1441213866353,"986,009",88% bullish,of 16 ratings,$55.50
FNTCU,NULL,1441213866382,0,Not yet rated,NULL,N/A
FRBA,$6.1,1441213866486,"6,400",Not yet rated,NULL,$8
FBNC,$16.8104,1441213866533,"1,915",100% bullish,of 1 rating,$20
FNLC,$18.59,1441213866573,"2,306",100% bullish,of 1 rating,N/A
FBIZ,$22.58,1441213866666,"31,936",100% bearish,of 2 ratings,$26
BUSE,$6.31,1441213866696,"34,236",Not yet rated,NULL,$6.875
FCAP,$26.9,1441213866726,39,Not yet rated,NULL,N/A
FCNCA,$231.29,1441213866761,"1,507",Not yet rated,NULL,N/A
FCVA,NULL,1441213866829,0,Not yet rated,NULL,N/A
FCFS,$39.72,1441213866860,"22,674",100% bearish,of 3 ratings,$47
FCLF,$9.35,1441213866885,271,Not yet rated,NULL,N/A
FCCO,$12.34,1441213867027,300,Not yet rated,NULL,$13.25
FCBC,$17.25,1441213867063,"1,536",Not yet rated,NULL,$18
FCFP,NULL,1441213867231,0,Not yet rated,NULL,N/A
FDEF,$36.48,1441213867275,"8,683",Not yet rated,NULL,$38
FBNK,$16.728,1441213867310,"5,120",100% bearish,of 1 rating,$17.50
FFNM,NULL,1441213867363,0,Not yet rated,NULL,N/A
FFBCW,NULL,1441213867387,0,100% bearish,of 1 rating,N/A
FFBC,$18.08,1441213867413,"28,987",67% bearish,of 3 ratings,$20.25
FFIN,$29.71,1441213867434,"35,392",50% bullish,of 2 ratings,$31.75
FFWM,$21.13,1441213867591,"2,846",Not yet rated,NULL,$24
FFNW,$12.12,1441213867617,"6,369",Not yet rated,NULL,$14
INBK,$30.69,1441213867660,"5,758",50% bullish,of 2 ratings,$37
THFF,$32.49,1441213867690,"1,297",Not yet rated,NULL,$35
FIBK,$26.25,1441213867750,"24,848",Not yet rated,NULL,$32
FRME,$25.85,1441213867789,"49,544",Not yet rated,NULL,$26.50
FMBH,$22.35,1441213868086,382,Not yet rated,NULL,N/A
FMBI,$17.04,1441213868192,"94,284",Not yet rated,NULL,$20
FNFG,$8.855,1441213868218,"567,667",80% bullish,of 5 ratings,$9
FNBC,$34.01,1441213868247,"46,555",Not yet rated,NULL,$40
FSLR,$47.38,1441213868282,"481,745",72% bullish,of 39 ratings,$65
FSGI,$2.47,1441213868348,"2,600",Not yet rated,NULL,N/A
FNWB,$11.9882,1441213868376,"1,060",Not yet rated,NULL,N/A
FSBK,$7.83,1441213868406,"6,300",100% bullish,of 1 rating,N/A
FSFG,NULL,1441213868439,0,Not yet rated,NULL,N/A
FTCS,$35.6095,1441213868511,"252,499",100% bearish,of 1 rating,N/A
BICK,NULL,1441213868542,0,100% bullish,of 1 rating,N/A
FBZ,$9.44,1441213868569,200,Not yet rated,NULL,N/A
FCAN,$23.86,1441213868604,101,Not yet rated,NULL,N/A
FCA,$18.866,1441213868701,107,Not yet rated,NULL,N/A
FV,$22.9199,1441213868726,"1,013,518",100% bearish,of 1 rating,N/A
IFV,$17.439,1441213868752,"109,209",100% bearish,of 1 rating,N/A
FEMB,NULL,1441213869006,0,Not yet rated,NULL,N/A
FEUZ,NULL,1441213869042,0,Not yet rated,NULL,N/A
MDIV,$18.9656,1441213869070,"94,337",Not yet rated,NULL,N/A
FTSM,$59.96,1441213869092,"18,500",100% bearish,of 1 rating,N/A
TDIV,$24.3901,1441213869120,"45,604",100% bearish,of 1 rating,N/A
FTGC,$22.164,1441213869155,"117,794",Not yet rated,NULL,N/A
FGM,$35.07,1441213869177,"3,910",Not yet rated,NULL,N/A
FTHI,$19.14,1441213869224,651,Not yet rated,NULL,N/A
HYLS,$49.54,1441213869355,"44,361",100% bearish,of 1 rating,N/A
FHK,$32.24,1441213869388,"5,100",Not yet rated,NULL,N/A
SKYY,$28.2,1441213869425,"19,925",100% bullish,of 1 rating,N/A
FPXI,$26.4,1441213869489,200,Not yet rated,NULL,N/A
YDIV,$16.13,1441213869514,700,Not yet rated,NULL,N/A
FJP,$45.25,1441213869682,"14,421",Not yet rated,NULL,N/A
PLTM,$6.17,1441213869713,700,100% bearish,of 1 rating,N/A
CU,$12.56,1441213869734,920,100% bearish,of 1 rating,N/A
FTLB,$18.91,1441213869822,1,100% bearish,of 1 rating,N/A
LMBS,$50.37,1441213869865,"1,200",Not yet rated,NULL,N/A
QABA,$36.57,1441213869891,"1,744",100% bearish,of 1 rating,N/A
FMB,$51.08,1441213869912,"2,562",Not yet rated,NULL,N/A
CIBR,$17.3873,1441213870048,"19,148",Not yet rated,NULL,N/A
FONE,NULL,1441213870100,0,Not yet rated,NULL,N/A
QCLN,$14.85,1441213870126,"8,761",Not yet rated,NULL,N/A
CARZ,$34.0399,1441213870195,291,100% bearish,of 1 rating,N/A
GRID,$31.04,1441213870255,330,100% bearish,of 1 rating,N/A
RDVY,$20.63,1441213870281,"3,188",Not yet rated,NULL,N/A
QQEW,$40.98,1441213870301,"148,318",Not yet rated,NULL,N/A
QQXT,$39.468,1441213870332,"8,937",Not yet rated,NULL,N/A
QTEC,$39.2101,1441213870497,"11,068",Not yet rated,NULL,N/A
AIRR,$16.175,1441213870536,"4,279",100% bearish,of 1 rating,N/A
QINC,NULL,1441213870568,0,Not yet rated,NULL,N/A
FTSL,$48.82,1441213870589,"28,992",100% bearish,of 1 rating,N/A
FKO,NULL,1441213870626,0,Not yet rated,NULL,N/A
FTW,$31.445,1441213870655,158,Not yet rated,NULL,N/A
FDIV,$46.96,1441213870676,925,100% bearish,of 1 rating,N/A
FSZ,$38.21,1441213870807,829,Not yet rated,NULL,N/A
TUSA,$24.3128,1441213870970,"2,737",Not yet rated,NULL,N/A
FKU,$41.277,1441213870999,"9,314",Not yet rated,NULL,N/A
FUNC,$8.12,1441213871071,400,Not yet rated,NULL,N/A
SVVC,$9.21,1441213871101,"6,155",50% bullish,of 2 ratings,$26
FMER,$17.16,1441213871133,"170,079",50% bullish,of 2 ratings,$20
FSV,$32.13,1441213871158,"5,004",Not yet rated,NULL,$33.60
FISV,$84.15,1441213871205,"352,367",100% bearish,of 3 ratings,$90
FIVE,$37.756,1441213871230,"401,531",75% bearish,of 4 ratings,$44
FIVN,$3.885,1441213871381,"33,217",100% bullish,of 1 rating,$8.50
FPRX,$18.32,1441213871411,"79,875",50% bullish,of 2 ratings,$35
FLML,$22.75,1441213871431,"52,919",50% bullish,of 2 ratings,$30
FLKS,$11.49,1441213871453,"22,259",50% bullish,of 2 ratings,$27
FLXN,$25.42,1441213871490,"73,178",100% bearish,of 1 rating,$40
MBSD,$24.91,1441213871621,315,Not yet rated,NULL,N/A
SKOR,NULL,1441213871655,0,Not yet rated,NULL,N/A
FLXS,$31.2,1441213871691,"4,802",100% bearish,of 2 ratings,N/A
FLDM,$11.26,1441213871756,"74,692",67% bearish,of 3 ratings,$15
FLEX,$10.22,1441213871784,"489,546",63% bullish,of 8 ratings,$12
FLIR,$28.18,1441213871810,"317,794",100% bearish,of 2 ratings,$38.50
FOMX,$9.96,1441213871942,"26,914",50% bullish,of 2 ratings,$23.50
FOGO,$19.31,1441213872007,"27,030",50% bullish,of 2 ratings,$25.50
FFIC,$19.45,1441213872038,"34,083",Not yet rated,NULL,$20.50
FONR,$9.65,1441213872059,"1,410",100% bullish,of 1 rating,N/A
FORM,$6.495,1441213872088,"51,150",67% bullish,of 3 ratings,$10.50
FES,$0.9,1441213872145,"22,728",50% bullish,of 2 ratings,$1
FORR,$31.495,1441213872281,"9,291",Not yet rated,NULL,N/A
FTNT,$41.11,1441213872514,"264,363",80% bullish,of 10 ratings,$52
FORTY,$30.17,1441213872544,200,100% bearish,of 1 rating,N/A
FBIO,$2.58,1441213872580,"43,675",83% bullish,of 6 ratings,N/A
FORD,$1.7614,1441213872604,"1,545,945",67% bullish,of 3 ratings,N/A
FWRD,$43.2975,1441213872645,"44,478",100% bearish,of 1 rating,$50
FOSL,$60.11,1441213872857,"165,989",60% bearish,of 5 ratings,$80
FXCB,$17.17,1441213872890,"3,578",Not yet rated,NULL,$19
FELE,$27.71,1441213872919,"71,481",50% bullish,of 4 ratings,$33
FWP,$26.32,1441213872950,"17,497",100% bearish,of 1 rating,$45
FRAN,$11.45,1441213872971,"180,123",50% bullish,of 4 ratings,$15
FMI,$23.06,1441213873011,"71,304",100% bearish,of 2 ratings,$27.50
FOXF,$15.05,1441213873032,"6,115",100% bearish,of 1 rating,$19
RAIL,$20.92,1441213873105,"26,843",100% bearish,of 1 rating,$24.50
FREE,$0.4399,1441213873163,"2,919,140",92% bullish,of 12 ratings,N/A
FRED,$12.95,1441213873189,"36,665",50% bullish,of 2 ratings,$15.50
FEIM,$11.05,1441213873241,"1,700",100% bearish,of 1 rating,N/A
FTR,$5.185,1441213873465,"6,432,512",78% bullish,of 27 ratings,$6.25
FTRPR,$101.83,1441213873492,"1,000",100% bearish,of 1 rating,N/A
FRPH,$31.19,1441213873524,902,100% bearish,of 1 rating,N/A
FRPT,$12.009,1441213873552,"157,201",67% bearish,of 3 ratings,$23.50
FSYS,$6.51,1441213873580,"142,106",67% bullish,of 3 ratings,$10
FSBW,$22.99,1441213873601,"4,780",Not yet rated,NULL,N/A
FTD,$29.85,1441213873622,"11,507",100% bearish,of 1 rating,$40
FTEK,$1.99,1441213873661,"11,529",75% bullish,of 4 ratings,N/A
FULL,$3.08,1441213873842,"4,298",67% bearish,of 3 ratings,$4.25
FULT,$11.72,1441213873889,"140,726",100% bearish,of 1 rating,$13
FLL,$1.4,1441213873939,"48,522",75% bullish,of 4 ratings,$3.50
FULLL,NULL,1441213873960,0,Not yet rated,NULL,N/A
FCEL,$0.8358,1441213873993,"463,607",88% bullish,of 41 ratings,$2.65
FFHL,$0.9947,1441213874087,870,50% bullish,of 4 ratings,N/A
FSNN,$2.1,1441213874131,"2,900",67% bullish,of 3 ratings,$6
WILC,$4.88,1441213874224,"2,110",100% bullish,of 2 ratings,N/A
FXEN,$1.0494,1441213874254,"99,008",75% bullish,of 4 ratings,$1.10
GAIA,$6,1441213874284,"170,490",50% bullish,of 2 ratings,$8.50
GK,$66.78,1441213874311,"34,812",Not yet rated,NULL,$78
GLPG,$57.06,1441213874336,"7,858",100% bullish,of 1 rating,$75
FXENP,NULL,1441213874368,0,100% bearish,of 1 rating,N/A
GALT,$2.1101,1441213874502,"19,764",80% bullish,of 5 ratings,N/A
GALTU,NULL,1441213874529,0,100% bearish,of 1 rating,N/A
GALTW,NULL,1441213874677,0,100% bullish,of 1 rating,N/A
GLMD,$8.47,1441213874707,"17,858",67% bullish,of 3 ratings,$20.50
GALE,$1.61,1441213874734,"375,944",89% bullish,of 47 ratings,$4
GLPI,$30.79,1441213874805,"151,813",100% bearish,of 1 rating,$37.50
GPIC,$9.76,1441213874865,100,100% bearish,of 1 rating,N/A
GGACR,$0.26,1441213874892,"25,300",100% bullish,of 1 rating,N/A
GRMN,$37.16,1441213874923,"200,995",50% bullish,of 6 ratings,$46.50
GGAC,NULL,1441213874971,0,100% bearish,of 1 rating,N/A
GGACW,$0.1436,1441213875022,"3,816",Not yet rated,NULL,N/A
GARS,$14.3,1441213875104,"16,636",Not yet rated,NULL,$16
GGACU,$10.24,1441213875129,100,Not yet rated,NULL,N/A
GNCMA,$16.78,1441213875275,"50,326",100% bearish,of 1 rating,$12
GFN,$3.87,1441213875312,"2,481",100% bearish,of 2 ratings,$8
GENC,NULL,1441213875380,0,100% bearish,of 1 rating,N/A
GFNCP,NULL,1441213875410,0,Not yet rated,NULL,N/A
GFNSL,$26.1399,1441213875474,700,Not yet rated,NULL,N/A
GENE,$2.32,1441213875508,"16,393",100% bullish,of 12 ratings,N/A
GNMK,$9.66,1441213875538,"62,680",67% bullish,of 6 ratings,$14
GNCA,$11.24,1441213875651,"17,075",100% bearish,of 1 rating,$20
GHDX,$26.053,1441213875684,"64,076",50% bullish,of 2 ratings,$30
GNTX,$15.4,1441213875710,"713,312",Not yet rated,NULL,$20
GTWN,$18.97,1441213875747,500,Not yet rated,NULL,N/A
THRM,$44.58,1441213875774,"50,768",75% bearish,of 4 ratings,$55.50
GNVC,$2.4599,1441213875799,"3,254",90% bullish,of 10 ratings,$8.50
GEOS,$17.11,1441213875841,"35,081",100% bearish,of 3 ratings,$21
GABC,$28.5512,1441213875972,"5,726",Not yet rated,NULL,$31
GERN,$2.965,1441213875997,"489,985",88% bullish,of 16 ratings,$5.25
GEVO,$2.3576,1441213876129,"111,184",75% bullish,of 12 ratings,$5
ROCK,$16.49,1441213876195,"47,370",80% bullish,of 5 ratings,$24
GIGA,$1.41,1441213876225,"26,658",100% bearish,of 1 rating,N/A
GIGM,$0.521,1441213876247,"3,379",100% bullish,of 2 ratings,N/A
GILD,$102.01,1441213876331,"2,568,363",91% bullish,of 87 ratings,$129
GILT,$4.1714,1441213876378,"1,536",50% bullish,of 2 ratings,N/A
GBCI,$25.6,1441213876404,"133,553",50% bullish,of 2 ratings,$31
GIII,$64.8952,1441213876432,"423,511",67% bullish,of 3 ratings,$75
GLADO,$25.5,1441213876461,727,Not yet rated,NULL,N/A
GLAD,$8.66,1441213876566,"61,677",50% bullish,of 2 ratings,$8.75
GOOD,$14.21,1441213876595,"20,082",Not yet rated,NULL,$19
GOODN,$25.609,1441213876624,100,Not yet rated,NULL,N/A
GOODP,$25.1,1441213876878,712,Not yet rated,NULL,N/A
GOODO,$25.4599,1441213876965,203,Not yet rated,NULL,N/A
GAIN,$7.385,1441213877065,"41,520",100% bullish,of 2 ratings,$8.25
GAINN,$25.19,1441213877102,"14,996",Not yet rated,NULL,N/A
GAINO,$25.19,1441213877160,1,Not yet rated,NULL,N/A
GBT,$50.1,1441213877191,"44,486",100% bearish,of 1 rating,N/A
LAND,$9.163,1441213877217,"13,085",50% bullish,of 2 ratings,$13.75
GLBZ,NULL,1441213877263,0,Not yet rated,NULL,N/A
GAINP,$25.6,1441213877289,"4,819",Not yet rated,NULL,N/A
GDEF,$10.65,1441213877317,400,Not yet rated,NULL,N/A
GBLI,$27.08,1441213877449,"6,774",Not yet rated,NULL,N/A
GPACU,NULL,1441213877478,0,Not yet rated,NULL,N/A
ENT,$10.96,1441213877500,"20,072",100% bearish,of 1 rating,$18
GSOL,$8.13,1441213877535,"12,919",100% bearish,of 1 rating,N/A
QQQC,$18.35,1441213877641,"6,300",100% bearish,of 1 rating,N/A
ACTX,$12.76,1441213877665,"2,000",100% bullish,of 1 rating,N/A
SOCL,$17.15,1441213877799,"33,378",100% bullish,of 2 ratings,N/A
ALTY,$14.04,1441213877833,660,Not yet rated,NULL,N/A
SRET,$12.95,1441213877862,"2,153",Not yet rated,NULL,N/A
YLCO,$11.66,1441213877894,600,Not yet rated,NULL,N/A
GAI,$6.03,1441213877915,100,50% bullish,of 2 ratings,N/A
GBIM,$2.47,1441213877992,"5,130",50% bullish,of 2 ratings,N/A
GLBS,$1.06,1441213878098,300,67% bullish,of 3 ratings,N/A
GSM,$13.56,1441213878130,"78,761",50% bullish,of 2 ratings,$22
GLRI,$1.05,1441213878160,"32,757",100% bearish,of 1 rating,$4.25
GLYC,$6.97,1441213878190,900,50% bullish,of 2 ratings,$14
GLUU,$4.24,1441213878218,"538,506",92% bullish,of 26 ratings,$9
GLNG,$38,1441213878243,"230,870",83% bullish,of 6 ratings,$55.50
GOGO,$16.02,1441213878271,"247,675",80% bullish,of 5 ratings,$25
GMLP,$19.85,1441213878433,"57,935",50% bullish,of 4 ratings,$29
GDEN,$8.96,1441213878487,"1,100",50% bullish,of 2 ratings,N/A
GLDC,$4.0987,1441213878522,200,50% bullish,of 2 ratings,N/A
GOGL,$2.98,1441213878563,"118,406",75% bullish,of 4 ratings,$5
GBDC,$17.06,1441213878620,"88,612",Not yet rated,NULL,$17.75
GTIM,$6.78,1441213878646,"7,846",Not yet rated,NULL,$11.50
GOOG,$607.52,1441213878683,"565,757",88% bullish,of 73 ratings,$787.50
GOOGL,$638.6,1441213878704,"336,786",88% bullish,of 1082 ratings,$749
GPRO,$40.3532,1441213878780,"8,536,095",78% bullish,of 58 ratings,$72
GMAN,$3.67,1441213878810,"15,481",60% bullish,of 5 ratings,$8.50
GPIA,NULL,1441213878884,0,100% bearish,of 1 rating,N/A
GPIAU,$9.95,1441213878939,500,Not yet rated,NULL,N/A
GPIAW,NULL,1441213878969,0,Not yet rated,NULL,N/A
LOPE,$36.405,1441213878991,"44,740",100% bearish,of 2 ratings,$50
GBSN,$0.2699,1441213879070,"2,627,562",50% bullish,of 2 ratings,$8.25
GRVY,NULL,1441213879128,0,50% bullish,of 2 ratings,N/A
GBSNU,NULL,1441213879203,0,NULL,NULL,NULL
GSBC,$40.5,1441213879256,"6,510",100% bullish,of 1 rating,$44
GLDD,$5.46,1441213879282,"64,147",100% bearish,of 4 ratings,$7.75
GNBC,$11.7,1441213879365,"2,996",100% bearish,of 1 rating,$16.50
GRBK,$11.76,1441213879391,"56,542",77% bullish,of 13 ratings,N/A
GPP,$14.26,1441213879454,"20,160",Not yet rated,NULL,$20.50
GLRE,$25.105,1441213879526,"89,092",50% bullish,of 2 ratings,$41
GPRE,$20.13,1441213879561,"156,385",67% bullish,of 6 ratings,$28.50
GCBC,$28.5,1441213879587,101,100% bullish,of 1 rating,N/A
GRIF,NULL,1441213879617,0,100% bearish,of 1 rating,N/A
GRPN,$4.295,1441213879652,"1,367,864",61% bullish,of 71 ratings,$6.75
GRFS,$29.75,1441213879688,"163,156",50% bullish,of 2 ratings,$35
OMAB,$41.5,1441213879785,"10,633",100% bullish,of 1 rating,$44
GGAL,$18.76,1441213879810,"44,168",80% bullish,of 5 ratings,$40
GSIG,$12.72,1441213879936,"5,700",100% bearish,of 2 ratings,N/A
GSIT,$4.61,1441213879961,"3,600",100% bearish,of 1 rating,N/A
GTXI,$0.88,1441213880039,"11,746",100% bullish,of 5 ratings,$.75
GBNK,$15.68,1441213880095,"4,113",100% bearish,of 1 rating,$18
GSVC,$8.83,1441213880122,"10,642",50% bullish,of 2 ratings,$15.75
GFED,$14.97,1441213880146,300,Not yet rated,NULL,$17
GUID,$6.83,1441213880485,"15,613",100% bearish,of 3 ratings,$10
GULTU,$0.3274,1441213880506,"12,203",100% bearish,of 1 rating,N/A
GIFI,$12.53,1441213880551,"24,309",100% bearish,of 1 rating,$16
GURE,$1.6719,1441213880572,"23,348",88% bullish,of 8 ratings,N/A
GPOR,$33.86,1441213880601,"287,560",75% bullish,of 4 ratings,$54
GWPH,$104.117,1441213880634,"39,076",78% bullish,of 9 ratings,$148.50
GYRO,$29.7,1441213880665,"2,600",100% bearish,of 1 rating,N/A
GWGH,$8.12,1441213880770,100,100% bearish,of 1 rating,$15.05
HLG,NULL,1441213880863,0,100% bearish,of 1 rating,N/A
HEES,$18.785,1441213880998,"161,732",67% bearish,of 3 ratings,$31
HALL,$11.37,1441213881030,"3,600",Not yet rated,NULL,N/A
HNRG,$7.52,1441213881061,"27,418",100% bearish,of 1 rating,$10
HMPR,$1.83,1441213881084,"6,299",100% bullish,of 1 rating,N/A
HBHC,$26.5405,1441213881109,"82,970",50% bullish,of 2 ratings,$30
HALO,$17.19,1441213881140,"220,481",67% bullish,of 3 ratings,$22.50
HBK,NULL,1441213881166,0,50% bullish,of 2 ratings,N/A
HBHCL,$24.5,1441213881297,"28,222",Not yet rated,NULL,N/A
HNSN,$0.5275,1441213881326,"21,322",88% bullish,of 8 ratings,$.40
HNH,$24.69,1441213881347,"12,195",100% bullish,of 1 rating,N/A
HAFC,$23.55,1441213881381,"24,246",100% bullish,of 2 ratings,$28.50
HQCL,$12.16,1441213881410,"3,534",67% bullish,of 3 ratings,$14
HDNG,$9.88,1441213881512,"3,672",50% bullish,of 4 ratings,N/A
HLIT,$5.66,1441213881542,"85,656",100% bearish,of 1 rating,$6.50
HRMNU,NULL,1441213881713,0,Not yet rated,NULL,N/A
HRMN,NULL,1441213881748,0,Not yet rated,NULL,N/A
HRMNW,$0.4375,1441213881769,100,Not yet rated,NULL,N/A
TINY,$2.42,1441213881843,"6,838",50% bullish,of 2 ratings,$5.26
HART,$1.2,1441213881881,"137,150",100% bearish,of 1 rating,N/A
HBIO,$4.41,1441213881910,"30,357",100% bearish,of 1 rating,$10
HCAP,$12.057,1441213881938,"1,737",50% bullish,of 2 ratings,$15
HCAPL,$25.45,1441213881972,300,Not yet rated,NULL,N/A
HA,$23.4301,1441213882005,"180,443",67% bullish,of 9 ratings,$27
HAS,$74.5,1441213882027,"643,820",63% bullish,of 8 ratings,$84.50
HCOM,$21.97,1441213882108,"2,613",100% bearish,of 1 rating,$28
HWBK,$13.56,1441213882163,300,100% bearish,of 1 rating,N/A
HWKN,$38.15,1441213882254,"3,056",Not yet rated,NULL,N/A
HAYN,$38.18,1441213882293,"8,916",100% bearish,of 1 rating,$59
HDS,$32.16,1441213882323,"570,110",100% bearish,of 2 ratings,$39.50
HIIQ,$4.8,1441213882428,"15,084",50% bullish,of 2 ratings,$7
HCSG,$32.75,1441213882465,"32,260",50% bullish,of 4 ratings,$35
HSTM,$24.19,1441213882597,"23,671",50% bullish,of 2 ratings,$33.75
HTLD,$20.045,1441213882627,"135,399",Not yet rated,NULL,$22.50
HTLF,$35.7,1441213882659,"2,875",100% bullish,of 1 rating,$39.50
HQY,$29.33,1441213882690,"65,992",67% bullish,of 3 ratings,$35
HTWR,$65.77,1441213882724,"1,229,828",50% bullish,of 2 ratings,$103
HTBX,$4.0923,1441213882757,"15,116",50% bullish,of 2 ratings,$15.50
HWAY,$11.86,1441213882790,"69,265",100% bearish,of 1 rating,$15
HSII,$19.91,1441213882820,"12,284",100% bullish,of 3 ratings,$25
HELE,$82.3,1441213882987,"43,650",67% bearish,of 3 ratings,$100
HMTV,$13.4,1441213883018,"2,539",100% bearish,of 1 rating,$16
HMNY,NULL,1441213883039,0,100% bearish,of 1 rating,N/A
HCACU,$9.99,1441213883127,700,Not yet rated,NULL,N/A
HSIC,$134.21,1441213883174,"86,901",83% bullish,of 6 ratings,$146
HERO,NULL,1441213883201,0,NULL,NULL,NULL
HTBK,$10.3,1441213883305,"14,458",Not yet rated,NULL,$12
HEOP,$7.63,1441213883342,"1,068",Not yet rated,NULL,$8.50
HFWA,$17.46,1441213883366,"77,217",100% bullish,of 1 rating,$20
HCCI,$11.81,1441213883392,"13,855",100% bearish,of 1 rating,$16.50
HNNA,$24.64,1441213883426,"4,394",Not yet rated,NULL,N/A
MLHR,$26.63,1441213883459,"150,160",50% bullish,of 2 ratings,$33.50
HRTX,$36.105,1441213883480,"248,673",57% bullish,of 7 ratings,$41
HSKA,$33.9,1441213883565,"28,868",100% bearish,of 1 rating,$38
HFFC,$16,1441213883611,"5,200",Not yet rated,NULL,N/A
HIBB,$38.435,1441213883671,"126,092",100% bearish,of 1 rating,$46.50
HPJ,$2.08,1441213883711,"19,810",75% bullish,of 4 ratings,$12.43
HIMX,$6.55,1441213883806,"711,088",86% bullish,of 21 ratings,$8.50
HIHO,$4.14,1441213883841,"6,680",Not yet rated,NULL,N/A
HIFS,$115.81,1441213884145,"2,767",Not yet rated,NULL,N/A
HSGX,$6.03,1441213884175,"1,104",100% bearish,of 1 rating,$17
HMNF,NULL,1441213884196,0,Not yet rated,NULL,N/A
HOLX,$37.4,1441213884236,"1,143,088",50% bullish,of 4 ratings,$42
HOLI,$16.67,1441213884260,"87,474",50% bullish,of 4 ratings,$27
HOMB,$36.93,1441213884290,"31,190",Not yet rated,NULL,$42
HMSY,$9.79,1441213884327,"257,465",67% bullish,of 3 ratings,$19.35
HBCP,$24.76,1441213884357,7,Not yet rated,NULL,$29
HFBL,$22,1441213884427,700,Not yet rated,NULL,N/A
AWAY,$28,1441213884458,"224,185",67% bullish,of 3 ratings,$36
HMIN,$25.45,1441213884559,"27,103",100% bearish,of 2 ratings,$35
HTBI,$18.06,1441213884759,"10,556",67% bullish,of 3 ratings,$18.625
HKTV,$4.38,1441213884785,"14,750",100% bearish,of 1 rating,N/A
HMST,$21.74,1441213884806,"70,399",100% bullish,of 2 ratings,$27
CETC,$0.7556,1441213884849,"23,114",86% bullish,of 7 ratings,N/A
HOFT,$23.34,1441213884870,"25,273",100% bearish,of 1 rating,N/A
HFBC,$11.415,1441213884942,"2,000",Not yet rated,NULL,N/A
HBNC,$23.58,1441213884978,"1,550",100% bullish,of 1 rating,$27
HRZN,$10.43,1441213885007,"7,247",50% bullish,of 2 ratings,$14.25
HZNP,$29.64,1441213885075,"415,204",85% bullish,of 20 ratings,$40
ZINC,$7.23,1441213885104,"556,555",100% bearish,of 1 rating,$17
HDP,$23.4101,1441213885154,"105,176",67% bearish,of 3 ratings,$30.50
HWCC,$7.64,1441213885241,"42,792",100% bearish,of 1 rating,$9
HMHC,$21.91,1441213885269,"420,471",Not yet rated,NULL,$27
HOVNP,$3.95,1441213885317,"1,700",100% bearish,of 1 rating,N/A
HSNI,$59.98,1441213885426,"31,538",Not yet rated,NULL,$80
HBMD,$14.4,1441213885453,40,100% bearish,of 1 rating,N/A
HSON,$2.7,1441213885505,"11,173",100% bearish,of 1 rating,$5
HTGM,$5.75,1441213885589,"1,203",100% bearish,of 1 rating,$19.50
HUBG,$37.31,1441213885616,"37,815",100% bearish,of 1 rating,$43
HCBK,$8.935,1441213885636,"543,951",83% bullish,of 6 ratings,$8.61
HDSN,$3.1,1441213885669,"5,400",100% bullish,of 1 rating,$6.25
HBANP,$1347,1441213885809,29,100% bearish,of 1 rating,N/A
HURC,$29.55,1441213885839,"7,606",100% bearish,of 1 rating,N/A
HBAN,$10.5,1441213885869,"1,878,239",76% bullish,of 17 ratings,$12.29
HURN,$72.195,1441213885908,"26,443",50% bullish,of 2 ratings,$80
HBP,$3.14,1441213885975,"3,876",100% bullish,of 1 rating,N/A
HTCH,$1.38,1441213886000,"50,488",100% bearish,of 1 rating,$3.50
HDRA,NULL,1441213886048,0,Not yet rated,NULL,N/A
HDRAR,NULL,1441213886185,0,Not yet rated,NULL,N/A
HDRAW,NULL,1441213886241,0,Not yet rated,NULL,N/A
HDRAU,$10.18,1441213886271,900,Not yet rated,NULL,N/A
HYGS,$8.793,1441213886316,"24,787",50% bullish,of 2 ratings,$13
IDSY,$3.6,1441213886343,"73,050",100% bearish,of 1 rating,$7
IACI,$69.63,1441213886364,"301,732",80% bullish,of 5 ratings,$90
IKGH,$1.52,1441213886397,"2,300",75% bullish,of 4 ratings,N/A
IBKC,$58.8468,1441213886525,"25,006",100% bullish,of 1 rating,$70
ICAD,$3.73,1441213886577,"24,737",100% bullish,of 2 ratings,$7.25
IEP,$70.8101,1441213886613,"21,928",75% bullish,of 4 ratings,$99
ICLR,$75.4901,1441213886644,"121,730",100% bearish,of 3 ratings,$85
ICFI,$34.37,1441213886670,"16,962",50% bullish,of 2 ratings,$48.50
ICON,$13.19,1441213886741,"183,887",50% bullish,of 2 ratings,$28
ICUI,$111.23,1441213886831,"53,384",Not yet rated,NULL,$122
IPWR,$7.33,1441213886861,"6,900",100% bullish,of 1 rating,$15
IDRA,$2.85,1441213886911,"197,661",89% bullish,of 9 ratings,$6.50
IDXX,$71.99,1441213886960,"151,210",100% bearish,of 1 rating,$76
INVE,$4.38,1441213887005,"13,180",75% bullish,of 4 ratings,$4
IROQ,$16.83,1441213887036,100,100% bullish,of 1 rating,N/A
DSKY,$10.91,1441213887062,"26,450",67% bullish,of 6 ratings,$11.50
IRG,$5,1441213887345,"7,016",100% bearish,of 1 rating,$4.25
RXDX,$13.87,1441213887379,"49,671",100% bullish,of 1 rating,$20
IIVI,$16.39,1441213887414,"73,035",100% bearish,of 1 rating,$22
KANG,$15.44,1441213887478,"119,979",50% bullish,of 2 ratings,$23.10
ILMN,$195.068,1441213887503,"172,095",80% bullish,of 5 ratings,$245
IKAN,$2.74,1441213887530,"13,792",83% bullish,of 6 ratings,$5
IKNX,NULL,1441213887550,0,100% bearish,of 1 rating,N/A
ICCC,$6.531,1441213887699,"21,405",100% bullish,of 1 rating,N/A
ISNS,$4.1301,1441213887730,"1,890",50% bullish,of 2 ratings,N/A
IMMR,$11.63,1441213887765,"102,164",80% bullish,of 5 ratings,$15.50
IMDZ,$15.81,1441213887791,"20,933",100% bearish,of 1 rating,$33
IMNP,$1.24,1441213887823,"28,165",50% bullish,of 2 ratings,$6
IMGN,$13.25,1441213887849,"227,766",75% bullish,of 4 ratings,$17.50
IMMY,$7.6,1441213887885,"1,003",100% bearish,of 1 rating,$11
IMMU,$2.09,1441213887913,"190,053",86% bullish,of 7 ratings,$2
IPXL,$40.6,1441213887989,"89,806",67% bullish,of 3 ratings,$46.50
SAAS,$7.115,1441213888162,"188,986",50% bullish,of 2 ratings,$15
INCR,$41.785,1441213888188,"106,438",50% bullish,of 2 ratings,$53
INCY,$118.93,1441213888254,"563,017",50% bullish,of 6 ratings,$125.50
INDB,$43.9,1441213888281,"6,408",Not yet rated,NULL,$44
IBCP,$14.01,1441213888319,"25,294",100% bullish,of 1 rating,$14.50
IDSA,NULL,1441213888344,0,Not yet rated,NULL,N/A
IBTX,$39.7098,1441213888365,"5,956",100% bullish,of 2 ratings,$47.25
INFI,$8.83,1441213888554,"83,898",50% bullish,of 4 ratings,$16.50
IPCC,$75.38,1441213888584,"9,949",Not yet rated,NULL,$77.50
INFN,$21.7421,1441213888616,"221,872",71% bullish,of 7 ratings,$28
IFON,$1.3,1441213888637,"7,699",75% bullish,of 4 ratings,N/A
III,$3.67,1441213888676,"51,850",57% bullish,of 7 ratings,$6
INWK,$7.02,1441213888697,"29,103",50% bullish,of 2 ratings,$10
IMKTA,$49.58,1441213888718,"28,097",100% bearish,of 1 rating,N/A
INNL,NULL,1441213888782,0,100% bearish,of 1 rating,$16.50
INOD,$2.35,1441213888958,"1,237",100% bearish,of 1 rating,N/A
IOSP,$49.56,1441213888990,"96,544",100% bearish,of 1 rating,N/A
IPHS,$46.85,1441213889011,"21,303",100% bearish,of 1 rating,$60
INGN,$49.175,1441213889090,"36,428",100% bearish,of 1 rating,$50.50
INOV,$21.75,1441213889180,"104,000",100% bearish,of 1 rating,$33
ISSC,$2.855,1441213889212,"12,900",67% bearish,of 3 ratings,N/A
ITEK,$12.235,1441213889245,"108,655",100% bearish,of 3 ratings,$20
INO,$7.0275,1441213889311,"262,942",89% bullish,of 18 ratings,$20
NSIT,$24.5,1441213889338,"67,422",50% bullish,of 2 ratings,N/A
ISIG,$2.69,1441213889374,875,100% bearish,of 1 rating,N/A
IIIN,$17.63,1441213889400,"10,799",100% bearish,of 2 ratings,N/A
INSM,$24.18,1441213889425,"77,718",71% bullish,of 7 ratings,$31.50
PODD,$28.5,1441213889480,"62,418",67% bearish,of 3 ratings,$35
NTEC,$5.66,1441213889634,"4,620",100% bearish,of 1 rating,N/A
INSY,$33.46,1441213889660,"159,490",75% bullish,of 4 ratings,$48
IART,$59.39,1441213889688,"83,089",100% bearish,of 2 ratings,$71.50
IDTI,$18.7964,1441213889743,"429,695",60% bullish,of 5 ratings,$25
IESC,$7.21,1441213889818,"1,605",100% bearish,of 1 rating,N/A
INTC,$28.55,1441213889875,"10,848,656",82% bullish,of 238 ratings,$36
ISSI,$21.96,1441213889917,"29,181",67% bullish,of 3 ratings,$19.75
IPCI,$2.2002,1441213890005,"13,758",67% bullish,of 6 ratings,$8
IQNT,$18.28,1441213890033,"49,428",86% bullish,of 7 ratings,$20
IBKR,$37,1441213890069,"334,852",100% bullish,of 1 rating,N/A
IPAR,$24.86,1441213890095,"10,711",67% bullish,of 3 ratings,$38
ININ,$34.5375,1441213890116,"19,157",67% bearish,of 3 ratings,$57
ICPT,$185.915,1441213890153,"62,910",70% bullish,of 10 ratings,$359.50
ICLD,$1.87,1441213890181,"74,074",75% bullish,of 4 ratings,N/A
ICLDW,$1.17,1441213890248,200,100% bearish,of 1 rating,N/A
IDCC,$48.49,1441213890378,"47,458",80% bullish,of 5 ratings,$63
TILE,$23.91,1441213890409,"142,983",100% bearish,of 3 ratings,$27
IMI,$2.02,1441213890508,"4,344",67% bullish,of 3 ratings,$2.22
INAP,$9.01,1441213890584,"177,881",75% bullish,of 4 ratings,$11
IBOC,$24.61,1441213890615,"21,391",100% bearish,of 1 rating,N/A
IIJI,$9.14,1441213890663,100,50% bullish,of 2 ratings,$11.50
ISCA,$32.2,1441213890716,"13,261",100% bearish,of 1 rating,N/A
INPH,NULL,1441213890746,0,50% bullish,of 2 ratings,N/A
IGLD,$7.35,1441213890767,520,50% bullish,of 2 ratings,N/A
PTNT,$3.03,1441213890848,100,Not yet rated,NULL,N/A
INTX,$2.09,1441213890905,"28,442",67% bullish,of 3 ratings,N/A
ISIL,$10.45,1441213890978,"250,346",50% bullish,of 6 ratings,$15
XENT,$25.99,1441213891010,"26,393",50% bullish,of 2 ratings,$36.50
IILG,$19.6,1441213891031,"12,093",100% bearish,of 1 rating,$29
IVAC,$4.65,1441213891111,"10,484",100% bearish,of 1 rating,$6.625
INTL,$25.105,1441213891160,"38,925",67% bearish,of 3 ratings,N/A
INTLL,NULL,1441213891351,0,Not yet rated,NULL,N/A
INTU,$84.79,1441213891384,"582,958",86% bullish,of 7 ratings,$107.50
ITCI,$26.8099,1441213891408,"492,566",75% bearish,of 4 ratings,$40
IIN,NULL,1441213891440,0,100% bearish,of 1 rating,$12
ISRG,$506.63,1441213891461,"50,053",67% bullish,of 3 ratings,$600
INVT,$0.329,1441213891482,"119,400",67% bullish,of 3 ratings,N/A
SNAK,$8.428,1441213891517,"17,005",50% bullish,of 2 ratings,$14
ISBC,$11.47,1441213891651,"1,120,145",100% bullish,of 1 rating,$13.25
ISTR,$15.6101,1441213891682,749,100% bearish,of 1 rating,$18.50
ITIC,$71.12,1441213891709,400,100% bearish,of 2 ratings,N/A
NVIV,$9.18,1441213891816,"51,736",50% bullish,of 4 ratings,$24.50
DTUL,NULL,1441213891908,0,Not yet rated,NULL,N/A
IPAS,$1.06,1441213891934,"196,364",67% bullish,of 3 ratings,N/A
IVTY,$13.91,1441213891966,"5,600",Not yet rated,NULL,$18
DFVL,NULL,1441213892071,0,Not yet rated,NULL,N/A
IPCM,$79.37,1441213892100,"111,659",50% bullish,of 2 ratings,$80.125
IPGP,$82.4862,1441213892130,"98,698",67% bearish,of 3 ratings,$109.50
IRMD,$23.78,1441213892235,"6,058",67% bearish,of 3 ratings,$25
IRIX,$6.76,1441213892273,"1,400",100% bearish,of 1 rating,N/A
IRDMB,$265,1441213892304,"10,350",67% bearish,of 3 ratings,N/A
IRBT,$29.26,1441213892372,"62,496",67% bullish,of 6 ratings,$37
IRWD,$10.85,1441213892403,"185,687",100% bearish,of 1 rating,$13
IRDM,$6.88,1441213892435,"212,456",60% bullish,of 5 ratings,$11.50
COMT,$32.98,1441213892512,"4,190",100% bearish,of 1 rating,N/A
IRCP,NULL,1441213892545,0,100% bullish,of 2 ratings,N/A
GNMA,$50,1441213892617,200,Not yet rated,NULL,N/A
FCHI,NULL,1441213892639,0,NULL,NULL,NULL
IFAS,NULL,1441213892674,0,NULL,NULL,NULL
IFGL,$27.83,1441213892817,"15,630",Not yet rated,NULL,N/A
IFEU,$37.71,1441213892876,"6,199",Not yet rated,NULL,N/A
IFNA,NULL,1441213893101,0,NULL,NULL,NULL
AAIT,NULL,1441213893126,0,NULL,NULL,NULL
AXJS,NULL,1441213893154,0,NULL,NULL,NULL
EEMA,$49.2646,1441213893263,"23,826",Not yet rated,NULL,N/A
ACWX,$39.7607,1441213893298,"247,179",100% bearish,of 1 rating,N/A
EMDI,NULL,1441213893316,0,NULL,NULL,NULL
AAXJ,$52.1,1441213893347,"349,741",Not yet rated,NULL,N/A
ACWI,$54.63,1441213893368,"596,918",Not yet rated,NULL,N/A
EEME,NULL,1441213893400,0,NULL,NULL,NULL
EVAL,NULL,1441213893581,0,NULL,NULL,NULL
EMEY,NULL,1441213893606,0,NULL,NULL,NULL
EGRW,NULL,1441213893629,0,NULL,NULL,NULL
EEML,NULL,1441213893653,0,Not yet rated,NULL,N/A
EUFN,$21.2705,1441213893678,"46,447",100% bearish,of 1 rating,N/A
QAT,$21.33,1441213893831,4,Not yet rated,NULL,N/A
IBB,$337.952,1441213893867,"295,315",63% bullish,of 8 ratings,N/A
IEUS,$44.62,1441213893888,"3,406",100% bearish,of 1 rating,N/A
UAE,$17.98,1441213893925,"9,379",Not yet rated,NULL,N/A
SOXX,$81.19,1441213893957,"190,338",50% bullish,of 2 ratings,N/A
WOOD,$47.18,1441213893982,"21,662",50% bullish,of 2 ratings,N/A
ICLN,$9.2,1441213894015,"6,558",50% bullish,of 2 ratings,N/A
EMIF,$27.6853,1441213894057,"3,134",Not yet rated,NULL,N/A
INDY,$26.6528,1441213894147,"34,778",50% bullish,of 2 ratings,N/A
IGOV,$90.8,1441213894280,"46,318",100% bearish,of 1 rating,N/A
ISIS,$50.83,1441213894333,"410,327",53% bullish,of 15 ratings,$67
ISHG,$79.82,1441213894363,"11,007",100% bearish,of 1 rating,N/A
ISLE,$19.73,1441213894438,"449,763",50% bullish,of 4 ratings,$16
ITRI,$29.29,1441213894463,"74,272",100% bearish,of 1 rating,$37
ISRL,$126.18,1441213894510,2,100% bearish,of 1 rating,N/A
IXYS,$11.3,1441213894609,"50,677",50% bullish,of 4 ratings,N/A
ITRN,$23.72,1441213894636,"1,407",50% bullish,of 2 ratings,N/A
ITUS,$4.06,1441213894663,"3,400",Not yet rated,NULL,N/A
XXIA,$15.18,1441213894685,"56,437",71% bullish,of 7 ratings,$14.625
MAYS,NULL,1441213894837,0,Not yet rated,NULL,N/A
JBHT,$72.385,1441213894864,"177,017",50% bullish,of 4 ratings,$89.50
JJSF,$112.8,1441213894885,"8,990",100% bearish,of 1 rating,N/A
JCOM,$66.48,1441213894916,"76,014",100% bullish,of 2 ratings,$77
JKHY,$66.02,1441213895020,"151,633",67% bearish,of 3 ratings,$72
JASO,$7.86,1441213895047,"289,605",82% bullish,of 17 ratings,$10
JAXB,NULL,1441213895178,0,100% bullish,of 1 rating,N/A
JACK,$77.04,1441213895206,"130,577",71% bullish,of 7 ratings,$105
JAGX,$3.3999,1441213895234,"5,004",Not yet rated,NULL,$10.50
JXSB,NULL,1441213895255,0,Not yet rated,NULL,N/A
JAKK,$9.52,1441213895283,"95,300",60% bearish,of 5 ratings,$11
ERW,NULL,1441213895421,0,Not yet rated,NULL,N/A
JASN,$4.9,1441213895456,"4,797",50% bullish,of 2 ratings,$9.50
JMBA,$14.18,1441213895486,"23,768",75% bullish,of 4 ratings,$18
JRVR,$27.33,1441213895526,"14,537",Not yet rated,NULL,$32
JAZZ,$164.225,1441213895564,"58,927",80% bullish,of 15 ratings,$206.50
JASNW,NULL,1441213895585,0,50% bullish,of 2 ratings,N/A
JBLU,$23.155,1441213895658,"2,721,349",94% bullish,of 18 ratings,$27
JD,$24.68,1441213895686,"2,239,326",75% bullish,of 16 ratings,$36
JTPY,NULL,1441213895724,0,100% bearish,of 1 rating,N/A
JCTCF,$9.65,1441213895948,100,100% bullish,of 1 rating,N/A
JST,$3.77,1441213895977,"2,705",75% bullish,of 4 ratings,N/A
DATE,$6.19,1441213895998,"39,709",75% bullish,of 4 ratings,$9
WYIGU,NULL,1441213896034,0,100% bearish,of 1 rating,N/A
JIVE,$4.6,1441213896060,"61,130",75% bullish,of 4 ratings,$5
JOUT,$23.85,1441213896136,"7,216",100% bearish,of 1 rating,$34
JOEZ,$0.1819,1441213896163,"81,986",92% bullish,of 12 ratings,N/A
JBSS,$49.88,1441213896202,"10,634",67% bearish,of 3 ratings,N/A
JNP,$11.9,1441213896290,"27,652",100% bullish,of 3 ratings,$15
KBIO,$2.08,1441213896367,"10,381",50% bullish,of 4 ratings,N/A
KTWO,$21,1441213896395,"25,780",100% bearish,of 1 rating,$28.50
KALU,$81.16,1441213896416,"39,453",67% bearish,of 3 ratings,$91
JUNO,$34.6401,1441213896447,"316,271",73% bullish,of 11 ratings,$71.50
KMDA,$3.46,1441213896576,"1,800",50% bullish,of 2 ratings,$8
KCLI,$46.43,1441213896602,"8,155",Not yet rated,NULL,N/A
KNDI,$6.29,1441213896640,"100,563",86% bullish,of 22 ratings,N/A
KCAP,$4.6462,1441213896739,"20,214",75% bullish,of 4 ratings,$6
KRNY,$11.33,1441213896775,"128,072",100% bearish,of 1 rating,$12
KPTI,$14.0736,1441213896799,"110,127",67% bearish,of 3 ratings,$39
KBSF,NULL,1441213896823,0,100% bullish,of 1 rating,N/A
KELYA,$14.39,1441213896867,"24,195",67% bullish,of 6 ratings,$20
KELYB,NULL,1441213897008,0,50% bullish,of 2 ratings,N/A
KMPH,$19.96,1441213897041,"6,956",100% bearish,of 2 ratings,$22
KERX,$5.8681,1441213897138,"221,897",82% bullish,of 11 ratings,$12
KFFB,$8.6346,1441213897165,740,100% bearish,of 1 rating,N/A
KTEC,$12.14,1441213897220,200,Not yet rated,NULL,N/A
KTCC,$10.4,1441213897250,"1,443",100% bearish,of 1 rating,$16
GMCR,$56.54,1441213897271,"782,373",71% bullish,of 42 ratings,$64
KEQU,$16.825,1441213897310,950,100% bullish,of 1 rating,N/A
