Symbol,Price,Date,Volume,Rating,RatingVoteCount,OneYearEstimate
PIH,$7.33,1441293302602,500,100% bearish,of 1 rating,N/A
FCTY,$7.98,1441293302636,100,100% bullish,of 1 rating,$8.50
FCCY,NULL,1441293302670,0,100% bullish,of 1 rating,$13
TFSCU,$10.23,1441293302697,"2,000",Not yet rated,NULL,N/A
TFSCR,NULL,1441293302733,0,Not yet rated,NULL,N/A
FLWS,$8.485,1441293302758,"56,360",80% bullish,of 5 ratings,$15
TFSC,NULL,1441293302784,0,100% bearish,of 1 rating,N/A
SRCE,$30.1799,1441293302805,"2,907",100% bullish,of 3 ratings,$33
USLV,$12.71,1441293303053,"145,733",86% bullish,of 7 ratings,N/A
VNET,$17.55,1441293303099,"123,162",60% bullish,of 5 ratings,$35
TFSCW,NULL,1441293303139,0,100% bearish,of 1 rating,N/A
JOBS,$26.73,1441293303368,"15,635",50% bullish,of 4 ratings,$36
DSLV,$68.13,1441293303400,"8,482",100% bearish,of 1 rating,N/A
TWOU,$35.36,1441293303430,"105,464",50% bullish,of 2 ratings,$39
UGLD,$9,1441293303534,"83,896",100% bearish,of 1 rating,N/A
DGLD,$83.181,1441293303559,"2,342",100% bullish,of 1 rating,N/A
CAFD,$15.3488,1441293303800,"137,669",Not yet rated,NULL,$24.50
EGHT,$7.86,1441293303852,"50,933",82% bullish,of 17 ratings,$11
SIXD,$2.74,1441293303875,"20,385",Not yet rated,NULL,N/A
SHLM,$33.11,1441293303897,"24,319",100% bearish,of 1 rating,$47
AAON,$20.16,1441293303935,"7,426",100% bearish,of 1 rating,$24
ABY,$22.41,1441293304037,"64,875",100% bearish,of 2 ratings,$46
AVHI,$13.94,1441293304094,"9,914",100% bearish,of 1 rating,$19
ABGB,$4.88,1441293304183,"30,393",67% bullish,of 3 ratings,$5.50
ABEO,$4.81,1441293304212,"6,110",50% bullish,of 4 ratings,$15.50
ABAX,$47.3,1441293304248,"7,100",100% bearish,of 1 rating,$60
ABEOW,$1.77,1441293304273,"6,540",100% bullish,of 1 rating,N/A
ABMD,$96.68,1441293304511,"93,702",75% bullish,of 4 ratings,$100.50
AXAS,$1.735,1441293304578,"268,406",78% bullish,of 9 ratings,$3.50
ACHC,$74.43,1441293304612,"71,639",50% bullish,of 2 ratings,$92
ACTG,$9.16,1441293304646,"50,858",67% bullish,of 3 ratings,$18.50
AXDX,$19.21,1441293304671,"6,364",100% bearish,of 1 rating,N/A
ACAD,$40,1441293304743,"1,199,446",80% bullish,of 20 ratings,$48
ACST,$0.32,1441293304814,"32,824",100% bullish,of 2 ratings,N/A
XLRN,$29.53,1441293304950,"23,191",50% bullish,of 2 ratings,$57
ANCX,$19.75,1441293305000,"1,752",Not yet rated,NULL,$20
ARAY,$6.825,1441293305103,"132,662",100% bearish,of 1 rating,$10.50
VXUP,$1.5,1441293305166,"15,513",100% bearish,of 1 rating,N/A
ACET,$22.01,1441293305200,"15,012",75% bullish,of 4 ratings,$30
ACRX,$4.38,1441293305297,"50,859",67% bearish,of 6 ratings,$7
VXDN,$1.98,1441293305329,"45,636",100% bearish,of 1 rating,N/A
AKAO,$7.02,1441293305382,"10,480",75% bullish,of 4 ratings,$15
ACHN,$7.587,1441293305431,"621,893",90% bullish,of 21 ratings,$16
ACOR,$32.9,1441293305560,"89,863",67% bearish,of 3 ratings,$38.50
ACPW,$1.9601,1441293305624,"7,782",100% bullish,of 4 ratings,$3.25
ACNB,NULL,1441293305649,0,Not yet rated,NULL,N/A
ACIW,$21.43,1441293305690,"34,028",67% bearish,of 3 ratings,$24
ACTA,$14.28,1441293305779,"18,336",67% bearish,of 3 ratings,$25
ACTS,$1.61,1441293305820,"3,700",100% bearish,of 1 rating,N/A
ACUR,$2.85,1441293306042,"4,383",100% bullish,of 5 ratings,$5
ACXM,$20.8701,1441293306097,"27,604",67% bullish,of 3 ratings,N/A
ATVI,$28.93,1441293306126,"1,985,509",67% bullish,of 84 ratings,$31.50
ADMP,$3.64,1441293306229,"16,971",50% bullish,of 2 ratings,$10
ADMS,$19.44,1441293306254,"19,415",100% bearish,of 2 ratings,$36
ADAP,$11.37,1441293306296,"3,357",67% bullish,of 3 ratings,$22
AEY,$2.39,1441293306390,"1,332",100% bearish,of 2 ratings,N/A
ADEP,$7.1133,1441293306435,"29,228",50% bullish,of 2 ratings,$10.75
ADUS,$29.65,1441293306566,"13,438",100% bearish,of 1 rating,$31
ADBE,$78.99,1441293306603,"560,291",65% bullish,of 17 ratings,$90
ADMA,$9.0786,1441293306624,"1,616",Not yet rated,NULL,$19
ADTN,$15.84,1441293306656,"22,498",67% bullish,of 3 ratings,$17.125
AEIS,$24.65,1441293306708,"21,889",50% bullish,of 2 ratings,$32.50
ADRO,$19.37,1441293306798,"11,929",80% bullish,of 5 ratings,$45.50
ADXS,$14.14,1441293306931,"121,263",64% bullish,of 14 ratings,$27
AMD,$1.83,1441293306960,"1,782,759",83% bullish,of 103 ratings,$2
ADXSW,$9.65,1441293307062,"5,650",100% bullish,of 1 rating,N/A
MULT,NULL,1441293307228,0,100% bearish,of 1 rating,N/A
AEGR,$17.9,1441293307315,"55,098",50% bullish,of 6 ratings,$26
AEGN,$18.3473,1441293307353,"13,796",100% bearish,of 2 ratings,$21
AEHR,$2.25,1441293307380,"3,330",50% bullish,of 2 ratings,N/A
AMTX,$2.7,1441293307401,"4,090",50% bullish,of 2 ratings,$26.11
AEPI,$56.307,1441293307445,"3,978",100% bearish,of 1 rating,N/A
YPRO,NULL,1441293307474,0,100% bearish,of 1 rating,N/A
AERI,$16.15,1441293307578,"74,072",75% bullish,of 4 ratings,$31.50
AEZS,$0.0882,1441293307823,"4,968,319",90% bullish,of 21 ratings,$1.50
AEMD,$7.86,1441293307879,"39,052",Not yet rated,NULL,$27.50
AVAV,$21.08,1441293307908,"62,581",50% bullish,of 4 ratings,$30
AFFX,$9.05,1441293308011,"111,558",80% bullish,of 5 ratings,$12.50
AFMD,$10.02,1441293308083,"20,326",50% bullish,of 4 ratings,$15
AGIO,$87.41,1441293308308,"56,214",88% bullish,of 8 ratings,$114
AGRX,$8.56,1441293308334,"6,448",100% bearish,of 1 rating,$17.50
AGEN,$7.04,1441293308356,"160,107",85% bullish,of 13 ratings,$14
AGYS,$9.77,1441293308391,"2,231",100% bearish,of 1 rating,N/A
AGFS,$9.75,1441293308412,"3,897",100% bearish,of 1 rating,N/A
AGFSW,NULL,1441293308490,0,100% bearish,of 2 ratings,N/A
AIMT,$23.74,1441293308620,"60,110",Not yet rated,NULL,$35.50
AIRT,NULL,1441293308672,0,100% bullish,of 1 rating,N/A
AMCN,$4.54,1441293308710,"15,711",83% bullish,of 6 ratings,N/A
AIRM,$36.73,1441293308750,"21,700",80% bearish,of 5 ratings,$53
ATSG,$8.86,1441293308881,"14,416",67% bullish,of 3 ratings,$13
AIXG,$6.54,1441293308906,"3,887",67% bearish,of 3 ratings,$5.25
AKBA,$7.422,1441293308939,"32,247",100% bearish,of 1 rating,$18
AKAM,$73.8812,1441293308970,"638,319",63% bullish,of 8 ratings,$77.50
AKRX,$39.16,1441293309191,"73,314",78% bullish,of 9 ratings,$56
AKER,$2.8299,1441293309221,"3,000",Not yet rated,NULL,N/A
ALRM,$16.1,1441293309328,"29,975",100% bearish,of 1 rating,$22
ABDC,$12.96,1441293309431,"9,401",Not yet rated,NULL,$15
ALSK,$2.2302,1441293309457,"20,934",78% bullish,of 18 ratings,$2
AMRI,$20.69,1441293309510,"38,443",75% bearish,of 4 ratings,$24
ADHD,$7.975,1441293309593,"24,485",50% bullish,of 4 ratings,$18
ALXA,$1.2,1441293309639,"6,344",83% bullish,of 6 ratings,$2.125
ALDX,$7.0501,1441293309669,"1,101",100% bearish,of 1 rating,$14.50
ALXN,$177.58,1441293309690,"206,038",88% bullish,of 8 ratings,$223.50
ALDR,$40.945,1441293309734,"68,613",67% bearish,of 3 ratings,$62
ALCO,$42.04,1441293309862,355,50% bullish,of 2 ratings,N/A
ALIM,$3.165,1441293309967,"3,952",80% bullish,of 5 ratings,$10
ALGN,$55.6,1441293309994,"239,640",100% bearish,of 2 ratings,$73
ALKS,$64.48,1441293310025,"152,583",67% bullish,of 3 ratings,$75
ALGT,$208.45,1441293310052,"30,828",100% bearish,of 2 ratings,$235
ALLB,$23.03,1441293310127,601,Not yet rated,NULL,N/A
AFOP,$19.12,1441293310303,"84,001",75% bullish,of 8 ratings,$21
AHGP,$36,1441293310345,"2,887",67% bullish,of 3 ratings,N/A
AHPI,$1.5,1441293310372,625,50% bullish,of 2 ratings,N/A
AIQ,$14.62,1441293310440,"1,606",67% bullish,of 3 ratings,N/A
ALQA,$4.6617,1441293310508,"7,356",75% bullish,of 4 ratings,$8.50
ARLP,$25.41,1441293310536,"27,114",67% bearish,of 3 ratings,$32
AMOT,$18.11,1441293310557,"39,589",100% bearish,of 1 rating,N/A
ALLT,$5.1601,1441293310793,"7,550",75% bullish,of 4 ratings,$6.25
ALNY,$100.64,1441293310862,"76,253",67% bullish,of 3 ratings,$151.50
MDRX,$13.07,1441293310894,"1,856,462",60% bullish,of 5 ratings,$16
AFAM,$45.84,1441293310942,"6,879",50% bullish,of 2 ratings,$44
AOSL,$7.99,1441293310970,"6,434",67% bullish,of 3 ratings,$9
ATEC,$0.5959,1441293310998,"1,680",100% bullish,of 1 rating,$2
ALTR,$49.03,1441293311105,"324,769",80% bearish,of 5 ratings,$54
SMCP,NULL,1441293311202,0,Not yet rated,NULL,N/A
ASPS,$26.67,1441293311339,"35,988",67% bullish,of 3 ratings,$46.50
AMAG,$63.2399,1441293311369,"128,602",100% bullish,of 2 ratings,$75
AMRN,$2.3,1441293311399,"194,928",85% bullish,of 40 ratings,$8
AIMC,$23.64,1441293311471,"34,455",100% bearish,of 2 ratings,$28.50
AMRK,$10.3,1441293311500,200,50% bullish,of 2 ratings,$14
AYA,$20.74,1441293311547,858,100% bearish,of 1 rating,$40
AMZN,$514.63,1441293311599,"563,598",81% bullish,of 267 ratings,$646
AMBCW,$8.5,1441293311788,500,100% bearish,of 1 rating,N/A
AMBC,$16.66,1441293311819,"36,619",100% bearish,of 1 rating,$16.50
AMBA,$77.7658,1441293311892,"848,325",83% bullish,of 12 ratings,$95
EPAX,$2.68,1441293311921,"26,376",100% bearish,of 1 rating,N/A
AMCX,$71.62,1441293311963,"74,815",67% bullish,of 3 ratings,$87.50
DOX,$57.31,1441293312021,"110,896",67% bearish,of 3 ratings,$60
AMED,$40.527,1441293312092,"28,616",100% bearish,of 1 rating,$42
AMDA,$0.4788,1441293312149,"77,082",90% bullish,of 10 ratings,$1
UHAL,$378.4999,1441293312237,"2,028",100% bullish,of 2 ratings,$393.50
ASBI,$22.81,1441293312332,"2,979",Not yet rated,NULL,N/A
ATAX,$5.29,1441293312391,"13,435",100% bullish,of 1 rating,$6.50
AMOV,$18.03,1441293312416,141,100% bearish,of 1 rating,N/A
AAL,$41.35,1441293312463,"2,012,525",93% bullish,of 88 ratings,$57
AGNC,$19.232,1441293312492,"315,308",71% bullish,of 28 ratings,$22
AGNCB,$24.24,1441293312596,"1,200",Not yet rated,NULL,N/A
AGNCP,$25.31,1441293312727,"3,607",Not yet rated,NULL,N/A
MTGE,$15.31,1441293312756,"64,596",75% bullish,of 4 ratings,$19.50
MTGEP,NULL,1441293312777,0,Not yet rated,NULL,N/A
ANCI,$1.55,1441293312907,1,100% bearish,of 1 rating,N/A
ACSF,$12.404,1441293312934,"5,375",100% bearish,of 1 rating,$15
ACAS,$13.86,1441293312982,"206,135",60% bullish,of 5 ratings,$16.75
AETI,$3.5999,1441293313111,920,67% bearish,of 3 ratings,N/A
AMNB,$23.37,1441293313195,"5,235",Not yet rated,NULL,$25.50
AMIC,NULL,1441293313242,0,100% bearish,of 1 rating,N/A
ANAT,$99.06,1441293313272,597,100% bullish,of 1 rating,N/A
APEI,$21.6,1441293313327,"21,239",100% bearish,of 1 rating,$25.50
ARII,$41,1441293313374,"20,776",67% bearish,of 3 ratings,$45
ASEI,$39.11,1441293313522,"2,813",100% bearish,of 1 rating,$52.50
AMRB,$10.15,1441293313547,"2,713",Not yet rated,NULL,$11
AMSWA,$9.0161,1441293313578,"3,153",100% bearish,of 2 ratings,$10.75
AMSC,$5.07,1441293313706,"11,482",50% bullish,of 4 ratings,N/A
AMWD,$66.65,1441293313733,"19,854",50% bullish,of 2 ratings,$70
ABCB,$27.06,1441293313781,"60,188",Not yet rated,NULL,$31
CRMT,$35.82,1441293313809,"23,143",100% bearish,of 1 rating,$38
ASRVP,NULL,1441293314059,0,Not yet rated,NULL,N/A
AMSF,$46.67,1441293314142,"2,186",Not yet rated,NULL,$57.50
ASRV,$3.29,1441293314189,501,100% bullish,of 2 ratings,N/A
ATLO,$23.87,1441293314214,200,Not yet rated,NULL,N/A
AMKR,$5.355,1441293314242,"170,110",100% bearish,of 2 ratings,$5
AMPH,$13.41,1441293314281,"17,654",50% bullish,of 2 ratings,$20
FOLD,$15.32,1441293314377,"283,005",56% bullish,of 9 ratings,$21
AMGN,$152.1101,1441293314406,"423,714",89% bullish,of 19 ratings,$185
ASYS,$5.55,1441293314598,"9,042",67% bullish,of 3 ratings,$12
AMSG,$78.87,1441293314746,"38,686",100% bearish,of 1 rating,$85.50
AMSGP,NULL,1441293314791,0,Not yet rated,NULL,N/A
AFSI,$57.72,1441293314854,"44,368",60% bullish,of 5 ratings,$72
ANAC,$133.16,1441293314887,"100,106",80% bullish,of 5 ratings,$180.50
AMRS,$1.68,1441293314916,"8,413",70% bullish,of 10 ratings,N/A
ANAD,$0.3107,1441293314985,"85,082",100% bullish,of 2 ratings,$.50
ADI,$55.63,1441293315013,"410,465",75% bullish,of 4 ratings,$69
ANCB,$21.47,1441293315050,870,Not yet rated,NULL,$23
ALOG,$81.1,1441293315340,"6,600",100% bearish,of 2 ratings,$100.50
ABCW,$41,1441293315375,954,67% bullish,of 3 ratings,N/A
AMCF,NULL,1441293315400,0,NULL,NULL,NULL
ANGO,$14.72,1441293315449,"18,755",67% bullish,of 3 ratings,$19
ANGI,$5.16,1441293315475,"20,572",64% bullish,of 11 ratings,$5.50
ANIP,$53.26,1441293315504,"58,402",89% bullish,of 19 ratings,$66
ANIK,$35.73,1441293315607,"22,232",60% bullish,of 5 ratings,$51.25
ANSS,$90.26,1441293315739,"68,001",100% bearish,of 1 rating,$100
ATRS,$1.885,1441293315793,"87,283",92% bullish,of 12 ratings,$4.50
ANTH,$7.22,1441293315822,"138,713",80% bullish,of 10 ratings,$13
APOG,$53.35,1441293315889,"29,965",50% bullish,of 2 ratings,$67
ABAC,$0.84,1441293315919,"10,218",100% bearish,of 1 rating,N/A
APIC,$6.58,1441293315951,"27,383",100% bearish,of 1 rating,$19
ATNY,$2.4,1441293315990,"1,366",50% bullish,of 2 ratings,$3.75
AINV,$6.4705,1441293316242,"245,859",50% bullish,of 4 ratings,$8
APOL,$11,1441293316275,"125,326",87% bearish,of 68 ratings,$14
APPF,$16.548,1441293316375,"7,711",50% bullish,of 2 ratings,$22
ARCI,NULL,1441293316400,0,Not yet rated,NULL,N/A
AAPL,$112.1901,1441293316429,"9,976,713",86% bullish,of 2363 ratings,$150
APDN,$3.3999,1441293316533,"6,818",Not yet rated,NULL,$9
AMAT,$16.001,1441293316572,"1,584,770",82% bullish,of 11 ratings,$23
AGTC,$16.22,1441293316614,"5,037",50% bullish,of 2 ratings,$33
APDNW,$1.4236,1441293316668,680,Not yet rated,NULL,N/A
AAOI,$20.55,1441293316746,"25,518",50% bullish,of 4 ratings,$26
AREX,$2.58,1441293316819,"191,461",50% bullish,of 2 ratings,$3
AMCC,$5.77,1441293316883,"65,452",80% bullish,of 5 ratings,$8
APTO,$5.33,1441293316904,14,Not yet rated,NULL,$17
APRI,$1.6121,1441293316990,"156,321",83% bullish,of 6 ratings,$4.86
AQXP,$16.602,1441293317120,"40,818",50% bullish,of 2 ratings,$2
AQMS,$4.9999,1441293317145,"8,130",Not yet rated,NULL,N/A
AUMAU,NULL,1441293317282,0,Not yet rated,NULL,N/A
PETX,$18.58,1441293317344,"34,140",100% bearish,of 2 ratings,$26
ARDM,NULL,1441293317419,0,100% bullish,of 1 rating,$26
AUMA,NULL,1441293317448,0,Not yet rated,NULL,N/A
AUMAW,NULL,1441293317469,0,Not yet rated,NULL,N/A
ARCW,$3.48,1441293317502,"3,567",100% bearish,of 2 ratings,$10.50
ABUS,$7.01,1441293317598,"119,153",86% bullish,of 14 ratings,$21.50
ABIO,$0.91,1441293317682,"9,054",50% bullish,of 2 ratings,$3.75
RKDA,$5.68,1441293317708,"1,600",100% bearish,of 2 ratings,$10
ARCB,$28.39,1441293317763,"25,804",67% bearish,of 3 ratings,$39.50
ACGL,$69.25,1441293317898,"34,968",50% bullish,of 2 ratings,$72
ACAT,$26.0134,1441293318153,"13,728",100% bearish,of 3 ratings,$33
ARDX,$19.2,1441293318197,"46,116",50% bullish,of 2 ratings,$24.50
ARCC,$15.595,1441293318253,"270,408",67% bearish,of 3 ratings,$17.75
ARNA,$2.817,1441293318279,"525,685",90% bullish,of 78 ratings,$5.50
AGII,$55.19,1441293318417,"20,436",Not yet rated,NULL,$59.50
ARGS,$6.294,1441293318446,"18,296",50% bullish,of 2 ratings,$19.50
ARKR,$25.0401,1441293318523,361,50% bullish,of 2 ratings,N/A
ARIS,$3.75,1441293318555,44,Not yet rated,NULL,$4.50
ARMH,$43.26,1441293318658,"297,468",54% bearish,of 13 ratings,$60
ARIA,$7.8899,1441293318719,"1,654,725",87% bullish,of 46 ratings,$9
AGIIL,$25.24,1441293318788,744,Not yet rated,NULL,N/A
ARWAU,NULL,1441293318825,0,100% bullish,of 1 rating,N/A
ARTX,$1.44,1441293318846,"10,693",88% bullish,of 16 ratings,$4.50
ARWA,NULL,1441293318919,0,Not yet rated,NULL,N/A
ARWAR,NULL,1441293318945,0,Not yet rated,NULL,N/A
ARWAW,NULL,1441293319117,0,Not yet rated,NULL,N/A
ARRY,$5.94,1441293319248,"220,582",100% bullish,of 7 ratings,$10
ARQL,$1.67,1441293319277,"4,613",75% bullish,of 4 ratings,$5
ARWR,$5.625,1441293319341,"279,199",75% bullish,of 4 ratings,$10.50
ARRS,$26.32,1441293319377,"183,746",50% bullish,of 2 ratings,$38
AROW,$27.18,1441293319404,"1,000",Not yet rated,NULL,N/A
ARTNA,$21.9412,1441293319471,"2,784",100% bearish,of 1 rating,$29
DWAT,NULL,1441293319496,0,100% bearish,of 1 rating,N/A
ASBB,$24,1441293319627,125,Not yet rated,NULL,N/A
ARTW,$4.11,1441293319652,"2,365",75% bearish,of 4 ratings,N/A
ASNA,$12.33,1441293319730,"275,943",50% bullish,of 2 ratings,$18
ASTI,$0.2703,1441293319865,"3,448,732",83% bullish,of 6 ratings,$3
ASCMA,$27.6,1441293319891,"4,896",100% bearish,of 1 rating,$45
ASND,$20.16,1441293319912,"3,757",50% bullish,of 2 ratings,$30
APWC,NULL,1441293320056,0,100% bearish,of 1 rating,N/A
ASMI,NULL,1441293320080,0,NULL,NULL,NULL
AZPN,$38.4,1441293320154,"64,551",50% bullish,of 2 ratings,$42
ASML,$93.6099,1441293320214,"165,113",50% bullish,of 4 ratings,$127
ASTE,$38.12,1441293320384,"18,335",100% bearish,of 1 rating,$49
ASFI,$8.87,1441293320415,"1,868",100% bullish,of 1 rating,N/A
ASMB,$14.37,1441293320468,"6,701",67% bullish,of 3 ratings,N/A
ATRO,$51.225,1441293320494,"36,134",100% bearish,of 2 ratings,$80
ALOT,$13.98,1441293320523,"1,508",100% bearish,of 1 rating,N/A
ASTC,$2.19,1441293320624,"6,859",100% bullish,of 5 ratings,N/A
ASUR,$5.4,1441293320649,"4,801",50% bullish,of 2 ratings,$8
ATAI,$2.38,1441293320816,"1,444",100% bearish,of 1 rating,N/A
ATRA,$43.98,1441293320844,"21,831",50% bullish,of 2 ratings,$68
AFCB,$27.15,1441293320973,1,Not yet rated,NULL,N/A
ATHX,$1.12,1441293320998,"70,375",89% bullish,of 9 ratings,$5
ATHN,$132.705,1441293321069,"31,944",67% bearish,of 3 ratings,$153
AAME,$3.6,1441293321164,1,Not yet rated,NULL,N/A
AAPC,$10.1,1441293321192,8,Not yet rated,NULL,N/A
ATNI,$73.94,1441293321295,"2,717",100% bearish,of 1 rating,$69.50
ATLC,$3.85,1441293321427,"2,954",67% bullish,of 3 ratings,N/A
AFH,$16.25,1441293321457,"18,297",Not yet rated,NULL,$21.50
ATML,$8.02,1441293321482,"826,683",78% bullish,of 9 ratings,$9.50
ACFC,$5.46,1441293321504,"2,282",100% bearish,of 1 rating,$6.50
AAWW,$39.32,1441293321528,"54,438",50% bullish,of 2 ratings,$65
ATRC,$24.47,1441293321660,"11,347",100% bullish,of 1 rating,$30
ATOS,$0.81,1441293321762,"7,404",100% bullish,of 7 ratings,$7
ATTU,$13.13,1441293321957,"2,103",100% bearish,of 1 rating,$20.50
ATRI,$382.55,1441293321982,"2,437",Not yet rated,NULL,N/A
LIFE,$14.23,1441293322009,"10,238",86% bullish,of 7 ratings,$43
ATRM,$2.74,1441293322037,207,50% bullish,of 2 ratings,N/A
EARS,$4.54,1441293322146,"1,622",100% bearish,of 2 ratings,$11
AUDC,$3.345,1441293322174,"18,634",80% bullish,of 5 ratings,$5
AUPH,$3.4799,1441293322202,"3,754",100% bearish,of 1 rating,$8
AUBN,$26.47,1441293322226,100,Not yet rated,NULL,N/A
ABTL,$18.211,1441293322399,"15,139",100% bullish,of 4 ratings,$20.25
ADSK,$46.13,1441293322426,"1,021,160",67% bullish,of 6 ratings,$66
AVGO,$126.19,1441293322458,"448,886",88% bullish,of 8 ratings,$165
ADAT,$0.2899,1441293322479,"98,901",100% bullish,of 2 ratings,N/A
AAVL,$10.5,1441293322556,"22,938",100% bearish,of 1 rating,$20
ADP,$77.955,1441293322613,"286,272",100% bearish,of 1 rating,$88
AVNU,$12.91,1441293322810,626,Not yet rated,NULL,$14
AVGR,$14.82,1441293322939,"3,606",100% bearish,of 1 rating,$20
AVNW,$1.21,1441293322998,"2,246",50% bullish,of 2 ratings,N/A
CAR,$44.23,1441293323024,"341,643",80% bullish,of 5 ratings,$60
AVEO,$1.3799,1441293323159,"66,696",75% bullish,of 8 ratings,$3
AVID,$8.38,1441293323189,"49,497",100% bearish,of 1 rating,$20
ACLS,$3.245,1441293323217,"76,318",67% bullish,of 6 ratings,$4.75
AWRE,$3.21,1441293323263,450,67% bullish,of 3 ratings,N/A
AXPWW,NULL,1441293323290,0,Not yet rated,NULL,N/A
AXGN,$4.83,1441293323419,"61,499",Not yet rated,NULL,$5
AXPW,$2.2399,1441293323449,"835,830",86% bullish,of 7 ratings,N/A
AXTI,$2.1336,1441293323476,"4,900",50% bullish,of 2 ratings,$2.75
BCOM,$19.31,1441293323610,610,100% bearish,of 1 rating,N/A
RILY,NULL,1441293323638,0,Not yet rated,NULL,N/A
BOSC,$2.11,1441293323674,500,50% bullish,of 2 ratings,N/A
BEAV,$49.41,1441293323779,"51,582",67% bearish,of 3 ratings,$59
BIDU,$148.2,1441293323839,"376,881",81% bullish,of 88 ratings,$210
BCPC,$58.07,1441293323883,"18,115",100% bearish,of 1 rating,$75
BWINA,NULL,1441293323983,0,Not yet rated,NULL,N/A
BWINB,$22.59,1441293324057,"1,447",Not yet rated,NULL,N/A
BLDP,$1.373,1441293324091,"184,873",91% bullish,of 22 ratings,$2.50
BANFP,NULL,1441293324112,0,Not yet rated,NULL,N/A
BANF,$60.38,1441293324199,"2,637",Not yet rated,NULL,$68
BKMU,$7.07,1441293324243,"3,214",Not yet rated,NULL,$8
BOCH,$5.77,1441293324328,"1,398",Not yet rated,NULL,$6.50
BMRC,$47.96,1441293324383,585,Not yet rated,NULL,$52
BOTJ,NULL,1441293324412,0,Not yet rated,NULL,N/A
BKSC,$16.5,1441293324512,"2,805",Not yet rated,NULL,N/A
OZRK,$41.03,1441293324540,"49,287",67% bullish,of 3 ratings,$49.50
BFIN,$12.2,1441293324727,"1,493",Not yet rated,NULL,$13
BANR,$44.18,1441293324780,"7,255",100% bullish,of 3 ratings,$50
BWFG,$18,1441293324806,"4,765",100% bearish,of 1 rating,N/A
BZUN,$5.35,1441293324884,"206,715",50% bullish,of 2 ratings,$11.50
TAPR,$33.25,1441293324941,100,100% bearish,of 1 rating,N/A
BHAC,NULL,1441293324966,0,Not yet rated,NULL,N/A
BHACW,NULL,1441293325030,0,Not yet rated,NULL,N/A
BHACU,NULL,1441293325098,0,Not yet rated,NULL,N/A
BBSI,$34.63,1441293325135,"4,930",67% bearish,of 3 ratings,$62.50
BHACR,NULL,1441293325263,0,Not yet rated,NULL,N/A
BYLK,$12.9963,1441293325295,"2,100",Not yet rated,NULL,$14
BV,$5.03,1441293325333,"82,938",67% bullish,of 6 ratings,$8.75
BYBK,NULL,1441293325362,0,100% bearish,of 1 rating,N/A
BSET,$29.08,1441293325391,"10,446",100% bearish,of 1 rating,$35
BBCN,$14.3101,1441293325520,"26,355",100% bearish,of 1 rating,$16
BCBP,$11.6204,1441293325662,125,Not yet rated,NULL,N/A
BDCV,$4.88,1441293325748,"3,878",100% bearish,of 1 rating,$10.19
BSF,$8.5967,1441293325805,"1,113",Not yet rated,NULL,N/A
BECN,$36.39,1441293325840,"41,167",50% bullish,of 2 ratings,$40
BBGI,$4.23,1441293325876,1,100% bearish,of 1 rating,N/A
BEBE,$1.25,1441293326005,"78,451",75% bullish,of 4 ratings,$2.125
BBBY,$62.65,1441293326032,"174,341",71% bullish,of 7 ratings,$75
BELFA,$15.38,1441293326115,7,100% bearish,of 1 rating,N/A
BLPH,$4.17,1441293326217,"2,167",100% bearish,of 1 rating,$12.50
BELFB,$18.75,1441293326249,"1,693",100% bearish,of 1 rating,N/A
BLCM,$16.19,1441293326302,"30,545",50% bullish,of 4 ratings,$40
BNCL,$12.41,1441293326350,"25,716",100% bullish,of 3 ratings,$12.50
BNFT,$37.75,1441293326377,"16,192",67% bullish,of 3 ratings,$46
BNTC,$7.255,1441293326510,"11,367",100% bullish,of 1 rating,N/A
BGCP,$8.99,1441293326642,"116,252",88% bullish,of 8 ratings,$14
BGMD,$0.6799,1441293326671,"64,946",100% bullish,of 10 ratings,N/A
BGFV,$11.4,1441293326702,"17,417",57% bullish,of 7 ratings,$12
BIND,$4.95,1441293326777,"44,772",75% bullish,of 4 ratings,$13.50
ORPN,$5.7,1441293326811,"5,110",100% bullish,of 1 rating,$28.50
BASI,$1.65,1441293326910,1,Not yet rated,NULL,N/A
BCDA,NULL,1441293326941,0,Not yet rated,NULL,N/A
BIOC,$2.02,1441293327044,"44,783",83% bullish,of 6 ratings,$3.85
BCRX,$11.61,1441293327071,"56,352",63% bullish,of 8 ratings,$18
BIOD,$0.6915,1441293327221,"37,199",80% bullish,of 5 ratings,$4
BIIB,$308.905,1441293327253,"312,577",88% bullish,of 16 ratings,$400
BDSI,$6.47,1441293327358,"225,828",88% bullish,of 8 ratings,$17
BLFS,$2.3,1441293327417,"31,944",100% bearish,of 1 rating,$4.75
BIOL,$1.5401,1441293327457,"1,689",Not yet rated,NULL,N/A
BLRX,$1.6699,1441293327515,"133,464",100% bullish,of 12 ratings,$5
BMRN,$130.543,1441293327559,"82,235",80% bullish,of 5 ratings,$160
BVXV,$4.0556,1441293327619,"68,983",Not yet rated,NULL,N/A
BRLI,NULL,1441293327694,0,NULL,NULL,NULL
BVXVW,NULL,1441293327750,0,100% bearish,of 1 rating,N/A
BPTH,$1.15,1441293327783,"3,660",100% bullish,of 2 ratings,$5
BIOS,$2.435,1441293327885,"159,333",71% bullish,of 7 ratings,$4
BBP,$33.04,1441293327955,"4,284",Not yet rated,NULL,N/A
BSTC,$49.1933,1441293327986,"7,361",100% bearish,of 1 rating,$76
BBC,$32.1536,1441293328087,737,Not yet rated,NULL,N/A
BSPM,NULL,1441293328157,0,50% bullish,of 2 ratings,N/A
BOTA,$2.19,1441293328227,"10,630",88% bullish,of 8 ratings,N/A
BEAT,$15.7399,1441293328320,"117,524",67% bearish,of 3 ratings,$15
TECH,$93.51,1441293328346,"12,805",100% bullish,of 1 rating,$117
BJRI,$44.645,1441293328473,"44,334",50% bullish,of 2 ratings,$55
BITI,$16.8,1441293328498,800,100% bullish,of 1 rating,$28
BBOX,$15.02,1441293328546,"3,248",100% bearish,of 1 rating,N/A
BDMS,NULL,1441293328571,0,100% bearish,of 1 rating,N/A
BDE,$7.499,1441293328702,"24,295",50% bullish,of 2 ratings,$9
HAWK,$40.0465,1441293328760,"81,092",91% bullish,of 11 ratings,$49
BLKB,$57.27,1441293328813,"7,899",100% bearish,of 2 ratings,$66
BBRY,$7.51,1441293328916,"599,670",61% bullish,of 330 ratings,$9
BKCC,$9.58,1441293329094,"82,220",50% bullish,of 2 ratings,$10
ADRU,NULL,1441293329144,0,100% bearish,of 1 rating,N/A
ADRA,$26.86,1441293329168,150,100% bearish,of 1 rating,N/A
ADRE,$29.5589,1441293329195,"1,040",100% bearish,of 1 rating,N/A
ADRD,$21.78,1441293329363,1,100% bearish,of 1 rating,N/A
BCOR,$13.37,1441293329421,"12,869",57% bullish,of 7 ratings,$15
BLMN,$20.665,1441293329496,"102,289",83% bullish,of 6 ratings,$27.50
BLBD,$11.81,1441293329528,450,Not yet rated,NULL,N/A
BUFF,$23.95,1441293329557,"75,037",77% bullish,of 13 ratings,$31.50
BBLU,$0.8672,1441293329635,"68,055",100% bullish,of 2 ratings,$4.43
BHBK,$14.06,1441293329660,"2,966",100% bullish,of 1 rating,$14.50
BLUE,$129.97,1441293329837,"55,782",71% bullish,of 7 ratings,$217.50
NILE,$34,1441293329879,"16,388",50% bullish,of 2 ratings,$34
BKEP,$6.3825,1441293329924,"14,129",100% bearish,of 1 rating,$8.50
BPMC,$28.49,1441293330074,"13,203",50% bullish,of 2 ratings,$47.50
BKEPP,$7.86,1441293330125,"1,004",100% bearish,of 1 rating,N/A
BOBE,$44.87,1441293330151,"184,598",75% bullish,of 4 ratings,$57
BNCN,$21.26,1441293330178,"5,062",Not yet rated,NULL,$24
BOFI,$108.23,1441293330406,"85,581",100% bullish,of 6 ratings,$144
BOJA,$20.98,1441293330431,"17,467",100% bullish,of 1 rating,$30
BOKF,$62.74,1441293330457,"19,481",100% bearish,of 1 rating,$69
WIFI,$7.69,1441293330478,"45,961",50% bullish,of 2 ratings,$13.50
BONA,$11.45,1441293330621,"10,884",75% bullish,of 4 ratings,$8.50
BNSO,$1.274,1441293330652,"2,222",100% bearish,of 1 rating,N/A
BPFH,$11.83,1441293330750,"39,950",100% bearish,of 1 rating,$14
BAMM,$3.18,1441293330798,"1,086",60% bullish,of 5 ratings,N/A
BPFHP,$24.9916,1441293330847,150,100% bearish,of 1 rating,N/A
BPFHW,NULL,1441293330978,0,100% bearish,of 1 rating,N/A
EPAY,$26.5,1441293331010,"11,252",100% bearish,of 2 ratings,$30
BCLI,$3.08,1441293331110,"5,656",80% bullish,of 5 ratings,$12
BDBD,$8.39,1441293331135,"90,481",60% bullish,of 5 ratings,$10
BBEP,$2.7599,1441293331195,"376,732",69% bullish,of 13 ratings,$5.625
BBEPP,$14.8199,1441293331324,"7,928",100% bearish,of 1 rating,N/A
BBRG,$12.39,1441293331351,"7,570",67% bullish,of 3 ratings,$14.50
BLIN,NULL,1441293331380,0,50% bullish,of 2 ratings,$2.20
BRID,$8.4,1441293331484,1,100% bearish,of 1 rating,N/A
BDGE,$26.3,1441293331513,580,Not yet rated,NULL,$31.75
BCOV,$5.33,1441293331615,"24,513",67% bullish,of 3 ratings,$10.20
BRCM,$51.65,1441293331673,"354,216",69% bullish,of 13 ratings,$56
BVSN,$5.9501,1441293331774,"1,300",60% bearish,of 5 ratings,N/A
BSFT,$31.84,1441293331810,"17,409",57% bullish,of 7 ratings,$40.50
BYFC,$1.35,1441293331904,"2,144",50% bullish,of 2 ratings,N/A
BWEN,$3.12,1441293331930,"2,802",75% bullish,of 4 ratings,$8
BRKL,$10.49,1441293332060,"89,578",100% bearish,of 1 rating,$10.75
BRCD,$10.38,1441293332116,"585,587",92% bullish,of 13 ratings,$12
BRKS,$10.41,1441293332217,"15,639",67% bullish,of 3 ratings,$15.25
BMTC,$29.41,1441293332238,"5,557",Not yet rated,NULL,$34
BRKR,$18.14,1441293332272,"318,384",100% bearish,of 2 ratings,$22
BLMT,$20.94,1441293332366,41,Not yet rated,NULL,N/A
BLDR,$15.62,1441293332467,"363,744",67% bullish,of 3 ratings,$22
BWLD,$196.4545,1441293332499,"45,333",82% bullish,of 11 ratings,$205
BUR,$1.86,1441293332548,"9,100",100% bearish,of 1 rating,$8
BSQR,$6.16,1441293332608,"4,700",67% bullish,of 3 ratings,N/A
CFFI,$36.76,1441293332742,101,100% bearish,of 1 rating,N/A
CHRW,$68.9364,1441293332881,"275,684",Not yet rated,NULL,$72
CCMP,$43.18,1441293332912,"3,411",50% bullish,of 2 ratings,$59
CDNS,$20.645,1441293332940,"788,247",75% bullish,of 4 ratings,$22.50
CA,$27.49,1441293332966,"339,452",50% bullish,of 4 ratings,$33
CDZI,$7.58,1441293332993,"3,961",100% bearish,of 1 rating,N/A
CZR,$9.385,1441293333019,"142,297",60% bearish,of 5 ratings,$10.50
CACQ,$7.25,1441293333151,"27,266",100% bearish,of 1 rating,$12.25
CLBS,$1.7299,1441293333282,"97,653",79% bullish,of 14 ratings,$4
PRSS,$4.3636,1441293333355,"1,628",80% bullish,of 5 ratings,$4.50
CLMS,$9.8061,1441293333449,"25,471",Not yet rated,NULL,$10.50
CHY,$11.32,1441293333483,"65,031",Not yet rated,NULL,N/A
CHW,$7.53,1441293333875,"72,178",100% bearish,of 1 rating,N/A
CGO,$12.11,1441293333978,"5,618",100% bearish,of 1 rating,N/A
CSTE,$39.46,1441293334404,"46,817",50% bullish,of 2 ratings,$65
CVGW,$51.57,1441293334433,"195,236",50% bullish,of 2 ratings,$62
CCD,$19.383,1441293334458,"14,477",Not yet rated,NULL,N/A
CFNB,NULL,1441293334507,0,100% bearish,of 1 rating,N/A
CFGE,$10.53,1441293334535,"1,100",Not yet rated,NULL,N/A
CHI,$10.5201,1441293334639,"52,062",100% bearish,of 1 rating,N/A
CALA,$5.9,1441293334686,"55,579",67% bullish,of 3 ratings,$19.50
CALD,$16.0201,1441293334822,"91,950",100% bearish,of 1 rating,$21
CAMP,$16.26,1441293334857,"23,372",88% bullish,of 8 ratings,$25
CALM,$54.115,1441293334928,"87,056",80% bullish,of 5 ratings,$63.50
ABCD,$5.1999,1441293334961,"13,423",83% bullish,of 6 ratings,N/A
CAMB,NULL,1441293334982,0,Not yet rated,NULL,N/A
CSQ,$9.96,1441293335064,"68,036",Not yet rated,NULL,N/A
CLMT,$26.3,1441293335201,"62,219",75% bullish,of 8 ratings,$31
CAMBU,NULL,1441293335332,0,100% bearish,of 1 rating,N/A
CAMBW,NULL,1441293335434,0,Not yet rated,NULL,N/A
CAC,$39.94,1441293335510,337,Not yet rated,NULL,N/A
CSIQ,$18.98,1441293335576,"435,492",86% bullish,of 28 ratings,$42.50
CGIX,$9.81,1441293335642,"4,761",67% bullish,of 3 ratings,$14.375
CPLA,$47.79,1441293335705,"16,544",67% bearish,of 3 ratings,$65
CBNJ,$10.9463,1441293335773,"15,594",100% bearish,of 1 rating,N/A
CAMT,$2.58,1441293335802,"6,316",73% bullish,of 11 ratings,$4
CPHC,NULL,1441293335822,0,100% bearish,of 1 rating,N/A
CBF,$30.35,1441293335958,"32,604",Not yet rated,NULL,$32
CCBG,$15.09,1441293336089,"1,155",Not yet rated,NULL,$17.25
CPTA,$13.83,1441293336149,"18,909",100% bearish,of 1 rating,$18.50
CPLP,$7.164,1441293336181,"29,627",71% bullish,of 7 ratings,$11
CSWC,$44.625,1441293336207,"7,961",Not yet rated,NULL,N/A
CFFN,$11.85,1441293336285,"98,824",Not yet rated,NULL,$12.75
CAPN,$2.23,1441293336411,"6,632",100% bullish,of 1 rating,$10.85
CAPR,$4.5,1441293336512,"12,012",Not yet rated,NULL,$12
CPST,$0.395,1441293336539,"141,767",95% bullish,of 22 ratings,$1.25
CAPNW,NULL,1441293336569,0,Not yet rated,NULL,N/A
CARA,$19.43,1441293336596,"72,808",50% bullish,of 4 ratings,$25
CBYL,$4.29,1441293336673,"26,490",100% bearish,of 1 rating,$20
CARB,$11.12,1441293336732,"3,641",75% bullish,of 4 ratings,$12
CFNL,$22.25,1441293336809,"10,685",Not yet rated,NULL,$24
CRME,$9.023,1441293337014,700,89% bullish,of 9 ratings,$11.25
CSII,$23.3,1441293337061,"15,978",100% bearish,of 2 ratings,$42.125
CRDC,$0.3102,1441293337086,"31,483",100% bullish,of 1 rating,$1.25
CTRE,$11.09,1441293337268,"41,305",50% bullish,of 2 ratings,$13.50
CATM,$33.83,1441293337294,"19,219",100% bearish,of 1 rating,$44
CECO,$3.58,1441293337315,"41,475",67% bearish,of 3 ratings,$6
CDNA,$7.32,1441293337343,"12,953",100% bearish,of 1 rating,$9
CLBH,$12.82,1441293337472,100,Not yet rated,NULL,$16.50
CARO,$15.2701,1441293337507,"1,315",100% bearish,of 1 rating,$19
CKEC,$22.88,1441293337534,"19,963",50% bullish,of 2 ratings,$35.915
CART,NULL,1441293337686,0,100% bearish,of 1 rating,N/A
TAST,$12.77,1441293337715,"29,441",Not yet rated,NULL,$14.25
CRTN,NULL,1441293337737,0,100% bearish,of 1 rating,N/A
CARV,$6.824,1441293337764,"7,800",50% bullish,of 2 ratings,N/A
CRZO,$36.47,1441293337814,"208,180",67% bearish,of 3 ratings,$54.50
CACB,$5.42,1441293338140,927,Not yet rated,NULL,$5.50
CASY,$105.1,1441293338168,"50,300",50% bullish,of 2 ratings,$99.50
CASS,$48.1488,1441293338199,369,100% bearish,of 1 rating,N/A
CWST,$6.32,1441293338232,"26,751",50% bullish,of 2 ratings,$7.25
CASM,$1.2,1441293338257,"3,602",100% bullish,of 1 rating,$3.50
CSCD,$15.38,1441293338281,"2,918",100% bullish,of 2 ratings,$17
CASI,$1.3416,1441293338306,655,100% bullish,of 1 rating,$3.50
CATB,$11.76,1441293338453,"6,496",100% bearish,of 1 rating,$28
CPRX,$3.9001,1441293338624,"118,435",71% bullish,of 7 ratings,$7
CAVM,$68.982,1441293338650,"85,905",67% bearish,of 3 ratings,$72
CATY,$29.595,1441293338718,"90,891",100% bearish,of 1 rating,$33.50
CATYW,NULL,1441293338748,0,100% bearish,of 1 rating,N/A
CBFV,$21,1441293338815,200,Not yet rated,NULL,$25
CNLM,NULL,1441293338843,0,Not yet rated,NULL,N/A
CVCO,$71.44,1441293338883,"1,892",100% bearish,of 1 rating,N/A
CNLMR,NULL,1441293339133,0,Not yet rated,NULL,N/A
CNLMU,NULL,1441293339200,0,100% bullish,of 1 rating,N/A
CNLMW,NULL,1441293339267,0,Not yet rated,NULL,N/A
CBOE,$64.285,1441293339300,"79,414",Not yet rated,NULL,$63
CDW,$39.24,1441293339359,"71,501",75% bullish,of 4 ratings,$44
CDK,$49.46,1441293339385,"64,063",67% bearish,of 3 ratings,$50
CELG,$121.09,1441293339458,"632,116",100% bullish,of 13 ratings,$156
CPXX,$2.25,1441293339520,"9,242",100% bullish,of 2 ratings,$7
CELGZ,$1.8301,1441293339650,"10,664",80% bullish,of 5 ratings,N/A
CECE,$9.59,1441293339680,"41,915",50% bullish,of 2 ratings,$16
CLDN,$1.195,1441293339781,"38,860",71% bullish,of 7 ratings,$3
CLDX,$14.5998,1441293339858,"171,435",89% bullish,of 9 ratings,$36
CLRB,$3.09,1441293339887,1,100% bearish,of 1 rating,N/A
CLRBW,NULL,1441293339990,0,Not yet rated,NULL,N/A
CLLS,$32.07,1441293340070,"11,536",75% bullish,of 4 ratings,$51.50
CBMG,$23.8,1441293340103,"14,762",50% bullish,of 2 ratings,N/A
CYAD,NULL,1441293340201,0,100% bullish,of 1 rating,$87.50
CLSN,$2,1441293340227,"6,975",80% bullish,of 10 ratings,$7.50
CLTX,$1.9499,1441293340362,"63,217",100% bullish,of 2 ratings,N/A
CEMP,$35.14,1441293340395,"107,457",71% bullish,of 7 ratings,$52
CSFL,$13.85,1441293340426,"18,363",Not yet rated,NULL,$15
CETX,$2.37,1441293340495,"6,200",Not yet rated,NULL,$5.60
CETV,$2.12,1441293340522,"5,309",67% bullish,of 3 ratings,$2.80
CFBK,$1.34,1441293340724,100,Not yet rated,NULL,N/A
CENT,$14.1605,1441293340749,"171,645",Not yet rated,NULL,$10
CENTA,$14.48,1441293340778,"90,964",Not yet rated,NULL,N/A
CVCY,$11.74,1441293340799,"4,358",Not yet rated,NULL,$12
CNBKA,$41.07,1441293341026,17,50% bullish,of 2 ratings,N/A
CENX,$5.33,1441293341051,"356,229",67% bullish,of 6 ratings,$9
CNTY,$5.91,1441293341080,"1,801",80% bullish,of 5 ratings,$7.75
CRNT,$1.43,1441293341110,"17,538",50% bullish,of 2 ratings,$2
CPHD,$48.69,1441293341218,"72,176",67% bearish,of 3 ratings,$66
CERE,$1.21,1441293341243,"1,215,251",88% bullish,of 8 ratings,N/A
CERN,$61.495,1441293341395,"127,677",67% bullish,of 3 ratings,$79
CERU,$4.2111,1441293341454,"7,536",75% bullish,of 4 ratings,$14
CERS,$5.0799,1441293341583,"146,950",75% bullish,of 4 ratings,$7
KOOL,$0.6695,1441293341655,911,100% bullish,of 5 ratings,$7
CYOU,$18.92,1441293341718,"24,120",50% bullish,of 6 ratings,$24
CEVA,$19.36,1441293341743,"9,408",100% bearish,of 1 rating,$25
HOTR,$1.3801,1441293341771,"38,070",100% bullish,of 2 ratings,$5
CTHR,$1.26,1441293341995,233,50% bullish,of 2 ratings,$2.50
HOTRW,$0.1849,1441293342054,100,Not yet rated,NULL,N/A
CHTR,$183.083,1441293342162,"162,035",100% bearish,of 2 ratings,$202
CHKP,$78.65,1441293342270,"134,307",50% bullish,of 4 ratings,$92
CHFN,$12.2,1441293342308,484,Not yet rated,NULL,$14
GTLS,$23.28,1441293342367,"54,207",50% bullish,of 4 ratings,$40
CHEK,$2.34,1441293342396,"1,482",Not yet rated,NULL,$7.75
CHEKW,NULL,1441293342473,0,Not yet rated,NULL,N/A
CEMI,$4.15,1441293342678,"2,323",50% bullish,of 2 ratings,$7.50
CCXI,$6.57,1441293342708,"2,325",67% bullish,of 3 ratings,$14
CHFC,$30.82,1441293342809,"15,836",100% bearish,of 1 rating,$36
CHMG,$26.26,1441293342839,1,Not yet rated,NULL,$30
CHKE,$25.4051,1441293342862,"4,534",100% bearish,of 1 rating,$32.50
CBNK,$16.6,1441293342943,"1,767",100% bearish,of 1 rating,N/A
CHEV,$14.5,1441293342996,101,Not yet rated,NULL,N/A
CHMA,$28.46,1441293343124,"25,746",Not yet rated,NULL,$40
PLCE,$59.54,1441293343291,"11,832",100% bearish,of 1 rating,$69
CADC,NULL,1441293343486,0,78% bullish,of 9 ratings,N/A
CBAK,$1.905,1441293343518,"13,031",67% bullish,of 9 ratings,N/A
CMRX,$52.29,1441293343551,"125,219",50% bullish,of 2 ratings,$57
CBPO,$95.225,1441293343576,"21,481",75% bullish,of 8 ratings,$140.50
CALI,$0.8111,1441293343616,200,67% bullish,of 3 ratings,N/A
CAAS,$6.1351,1441293343645,"5,021",93% bullish,of 14 ratings,$11.50
CCCR,$0.7,1441293343675,100,67% bearish,of 3 ratings,N/A
CCCL,NULL,1441293343757,0,100% bullish,of 6 ratings,N/A
JRJC,$3.4,1441293343971,"34,986",82% bullish,of 11 ratings,N/A
CHOP,NULL,1441293344071,0,50% bullish,of 2 ratings,N/A
CHLN,$1.8739,1441293344100,300,67% bullish,of 3 ratings,N/A
HGSH,$1.7151,1441293344126,"1,300",67% bullish,of 3 ratings,N/A
CNIT,$1.18,1441293344203,"19,860",67% bullish,of 6 ratings,N/A
CJJD,NULL,1441293344346,0,100% bullish,of 1 rating,N/A
CSUN,$1.373,1441293344486,"1,403",80% bullish,of 5 ratings,N/A
CHNR,$1.53,1441293344518,668,100% bearish,of 1 rating,N/A
CPGI,NULL,1441293344549,0,Not yet rated,NULL,N/A
HTHT,$25.8,1441293344578,"19,150",50% bullish,of 2 ratings,$28.40
CNTF,$0.8375,1441293344621,500,Not yet rated,NULL,N/A
CREG,$0.65,1441293344646,800,100% bullish,of 3 ratings,N/A
CXDC,$5.95,1441293344720,"10,965",67% bearish,of 3 ratings,N/A
CNYD,$3.05,1441293344816,"3,041",67% bullish,of 3 ratings,N/A
CCIH,$7.3,1441293344905,"17,283",67% bullish,of 6 ratings,$12.65
CNET,$0.8506,1441293345049,"13,859",50% bullish,of 2 ratings,N/A
IMOS,$19.2,1441293345184,"63,139",60% bullish,of 5 ratings,$21.50
CHSCL,$27.1,1441293345220,"2,632",Not yet rated,NULL,N/A
CHSCN,$26.9831,1441293345276,132,Not yet rated,NULL,N/A
CHSCO,$28.39,1441293345309,"2,270",Not yet rated,NULL,N/A
CHSCP,$30.697,1441293345330,365,Not yet rated,NULL,N/A
CHDN,$132.32,1441293345361,"13,506",Not yet rated,NULL,$165
CHSCM,$26.19,1441293345412,"7,433",Not yet rated,NULL,N/A
CMPR,$71.13,1441293345752,"51,423",50% bullish,of 2 ratings,$72.50
CIFC,$7.05,1441293345782,30,100% bearish,of 1 rating,N/A
CMCT,NULL,1441293345803,0,100% bearish,of 1 rating,N/A
CINF,$52.82,1441293345837,"87,464",50% bullish,of 4 ratings,$50.50
CHUY,$30.74,1441293345883,"54,843",50% bullish,of 2 ratings,$34
CDTX,$14.17,1441293345946,"1,602",Not yet rated,NULL,$22
CIDM,$0.5451,1441293346079,"5,900",50% bullish,of 2 ratings,$2.10
CPHR,NULL,1441293346159,0,100% bearish,of 1 rating,$17
CTAS,$85.27,1441293346206,"57,483",100% bearish,of 1 rating,$91
CSCO,$26.115,1441293346299,"4,718,040",83% bullish,of 210 ratings,$32
CZNC,$19.59,1441293346364,"1,293",Not yet rated,NULL,N/A
CTRN,$26.58,1441293346389,"15,355",100% bearish,of 1 rating,$31.50
CZFC,NULL,1441293346591,0,Not yet rated,NULL,N/A
CZWI,$8.91,1441293346621,101,Not yet rated,NULL,N/A
CIZN,NULL,1441293346732,0,Not yet rated,NULL,N/A
CTXS,$68.76,1441293346867,"232,572",86% bullish,of 7 ratings,$80
CIVB,$10.1999,1441293346897,"1,237",Not yet rated,NULL,$11
CHCO,$47.45,1441293346918,"2,757",Not yet rated,NULL,$46
CIVBP,NULL,1441293347002,0,Not yet rated,NULL,N/A
CDTI,$1.56,1441293347050,"18,622",75% bullish,of 4 ratings,$3.20
CLNE,$5.35,1441293347110,"300,316",80% bullish,of 15 ratings,$9
CLNT,$1.4901,1441293347149,350,75% bullish,of 8 ratings,N/A
CLFD,$17.7,1441293347336,"21,652",67% bullish,of 3 ratings,$18
CLIR,$5.03,1441293347391,"10,950",100% bullish,of 3 ratings,N/A
CBLI,$4.25,1441293347467,"22,969",60% bullish,of 5 ratings,N/A
CLVS,$84.51,1441293347744,"61,265",60% bullish,of 5 ratings,$101.50
CRUS,$30.26,1441293347768,"123,750",75% bullish,of 12 ratings,$44.50
CMFN,$11.44,1441293347793,"1,301",100% bearish,of 1 rating,$15.50
CME,$94.41,1441293347958,"159,962",67% bullish,of 3 ratings,$102
CCNE,$17.06,1441293347988,945,50% bullish,of 2 ratings,$21.50
CISG,$7.89,1441293348008,"9,220",100% bullish,of 5 ratings,$10
CNV,$4.5,1441293348296,"2,800",50% bullish,of 2 ratings,$7.15
COBZ,$12.885,1441293348367,"13,035",100% bullish,of 1 rating,$14
CWAY,NULL,1441293348401,0,Not yet rated,NULL,N/A
COKE,$161.147,1441293348499,"2,553",79% bullish,of 19 ratings,N/A
CDRB,$9.0999,1441293348524,"22,471",67% bullish,of 3 ratings,N/A
CLRO,$11.3,1441293348732,608,50% bullish,of 2 ratings,$14.25
CDXS,$3.6,1441293348758,"3,000",64% bullish,of 11 ratings,$6
JVA,$4.63,1441293348811,"2,521",83% bullish,of 6 ratings,$7
CVLY,NULL,1441293348956,0,Not yet rated,NULL,N/A
CGNT,$1.5799,1441293348982,116,100% bullish,of 2 ratings,$2
CGNX,$35.4,1441293349010,"82,860",50% bullish,of 2 ratings,$47
CCOI,$27.57,1441293349037,"43,106",50% bullish,of 4 ratings,$35
CSBK,$13.89,1441293349063,"3,436",Not yet rated,NULL,N/A
CTSH,$63.213,1441293350124,"283,470",90% bullish,of 10 ratings,$75
COHU,$9.72,1441293350161,"9,072",100% bearish,of 1 rating,$14.25
CLCT,$17.75,1441293350456,"2,810",100% bearish,of 1 rating,N/A
COHR,$56.69,1441293350592,"4,584",50% bullish,of 2 ratings,$72
COLL,$15,1441293350616,"17,235",100% bearish,of 1 rating,$26
CHRS,$27.31,1441293350670,"17,046",67% bearish,of 3 ratings,$37
CIGI,$44.34,1441293350900,"12,200",100% bearish,of 1 rating,$52
COLB,$29.8,1441293351042,"11,151",Not yet rated,NULL,$36
CLCD,$6.05,1441293351068,"23,959",100% bearish,of 1 rating,$20.50
CMCO,$19.03,1441293351093,"7,886",60% bullish,of 5 ratings,$28
CMCSK,$57.85,1441293351139,"530,917",Not yet rated,NULL,$84
CBMX,$1.1429,1441293351331,165,83% bullish,of 6 ratings,$3.15
CMCSA,$56.58,1441293351464,"2,041,724",66% bullish,of 35 ratings,$69.50
CLRX,$0.68,1441293351499,"10,775",50% bullish,of 2 ratings,N/A
COLM,$61.97,1441293351526,"13,165",100% bearish,of 1 rating,$71
CBAN,$8.9,1441293351594,100,Not yet rated,NULL,N/A
CBSH,$44.18,1441293351620,"29,723",50% bullish,of 2 ratings,$46
CUBN,NULL,1441293351762,0,Not yet rated,NULL,N/A
CBSHP,$25.4699,1441293351787,"1,598",100% bearish,of 1 rating,N/A
COMM,$32.91,1441293352026,"112,193",67% bearish,of 3 ratings,$35
ESXB,$5.1099,1441293352252,"1,500",Not yet rated,NULL,N/A
CVGI,$5.06,1441293352282,"10,457",50% bullish,of 2 ratings,$6
CTBI,$34.79,1441293352328,"1,974",Not yet rated,NULL,$36
CSAL,$20.75,1441293352359,"192,300",75% bullish,of 4 ratings,$30
JCS,$9.26,1441293352385,600,67% bullish,of 3 ratings,N/A
CYHHZ,$0.01,1441293352456,"3,060",100% bullish,of 1 rating,N/A
CWBC,$6.87,1441293352518,1,Not yet rated,NULL,N/A
COB,$10.37,1441293352591,"4,340",100% bullish,of 1 rating,$11.75
CIZ,NULL,1441293352681,0,100% bearish,of 1 rating,N/A
CVLT,$35.58,1441293352777,"24,009",75% bullish,of 4 ratings,$44.50
CID,NULL,1441293352816,0,Not yet rated,NULL,N/A
CIL,NULL,1441293352840,0,Not yet rated,NULL,N/A
CSA,NULL,1441293353103,0,Not yet rated,NULL,N/A
CFO,$35.39,1441293353139,"6,146",100% bearish,of 1 rating,N/A
CDC,$34.44,1441293353170,"3,675",Not yet rated,NULL,N/A
CFA,NULL,1441293353272,0,100% bearish,of 1 rating,N/A
CDL,NULL,1441293353297,0,Not yet rated,NULL,N/A
CSF,$36.63,1441293353323,828,100% bearish,of 1 rating,N/A
CSB,NULL,1441293353354,0,Not yet rated,NULL,N/A
CGEN,$5.0615,1441293353451,"36,103",50% bullish,of 2 ratings,$11
CPSI,$45.88,1441293353514,"5,244",100% bearish,of 1 rating,$45.50
CTG,$6.71,1441293353669,"4,027",100% bearish,of 1 rating,$8.50
SCOR,$47.16,1441293353694,"317,522",100% bearish,of 1 rating,$66
CHCI,NULL,1441293353857,0,50% bullish,of 2 ratings,N/A
CNSI,$18.55,1441293353883,"23,958",100% bearish,of 2 ratings,$29
CMTL,$26.13,1441293353908,"1,609",100% bearish,of 2 ratings,$37
CNCE,$16.41,1441293353957,"12,660",75% bullish,of 4 ratings,$22
CNAT,$4.03,1441293354049,"13,504",83% bullish,of 6 ratings,$13
CXRX,$81.91,1441293354140,"1,220",100% bearish,of 1 rating,$90
CDOR,$1.26,1441293354174,100,100% bullish,of 1 rating,N/A
CCUR,$5.25,1441293354204,"1,517",75% bullish,of 4 ratings,N/A
CDORO,$16.95,1441293354303,"1,700",100% bearish,of 1 rating,N/A
CDORP,$6.62,1441293354353,"4,838",100% bearish,of 1 rating,N/A
CNFR,$9.95,1441293354388,"2,200",Not yet rated,NULL,N/A
CFMS,$14.8199,1441293354414,"159,394",100% bearish,of 1 rating,$26.50
CNMD,$51.21,1441293354679,"16,346",Not yet rated,NULL,$59
CTWS,$34.98,1441293354763,"2,161",100% bearish,of 1 rating,$44
CNXR,$6.86,1441293354809,"10,545",100% bearish,of 1 rating,$12
CNOB,$19.03,1441293354835,"2,250",100% bullish,of 1 rating,$23.50
CONN,$28.75,1441293354894,"57,286",67% bullish,of 3 ratings,$48.50
CNSL,$19.68,1441293354921,"19,048",100% bearish,of 1 rating,$23
CWCO,$10.42,1441293354964,"3,460",67% bullish,of 3 ratings,$14.50
CPSS,$5.66,1441293355098,"1,411",100% bullish,of 1 rating,$10
CFRX,$4.87,1441293355228,"4,076",Not yet rated,NULL,$14
CFRXW,NULL,1441293355253,0,100% bearish,of 1 rating,N/A
CFRXZ,NULL,1441293355315,0,Not yet rated,NULL,N/A
CTCT,$24.93,1441293355336,"37,511",67% bullish,of 3 ratings,$37
CTRL,$8.7668,1441293355416,"52,455",50% bullish,of 2 ratings,$11
CPRT,$35.23,1441293355590,"21,648",67% bearish,of 3 ratings,$40
CRBP,$1.8799,1441293355661,"36,350",100% bullish,of 2 ratings,$6.25
BVA,$3.83,1441293355762,1,50% bullish,of 2 ratings,N/A
CTRV,$3.74,1441293355831,539,Not yet rated,NULL,$6.40
CORE,$60.26,1441293355863,"11,644",100% bearish,of 1 rating,$72
CORT,$4.925,1441293355893,"37,429",67% bullish,of 3 ratings,$12
CSOD,$36.86,1441293355973,"67,187",50% bullish,of 2 ratings,$42
CORI,$10.915,1441293356031,"9,701",100% bearish,of 1 rating,$18
COSI,$1.09,1441293356106,"16,109",100% bullish,of 1 rating,N/A
CRVL,$30.66,1441293356134,"3,355",100% bearish,of 1 rating,N/A
COST,$141.0496,1441293356272,"251,565",79% bullish,of 24 ratings,$154.50
CPAH,$0.45,1441293356375,"2,300",50% bullish,of 2 ratings,N/A
CSGP,$177.619,1441293356407,"20,555",50% bullish,of 2 ratings,$235
CVTI,$22.4101,1441293356504,"9,035",67% bearish,of 3 ratings,$39
ICBK,$18.8,1441293356529,1,Not yet rated,NULL,$21
COVS,$2.52,1441293356554,"7,281",67% bullish,of 3 ratings,N/A
COWN,$5.085,1441293356721,"212,352",75% bullish,of 4 ratings,$7
CPSH,$2.3799,1441293356747,200,Not yet rated,NULL,N/A
COWNL,$26.42,1441293356899,"3,300",Not yet rated,NULL,N/A
CBRL,$145.21,1441293357031,"36,421",50% bullish,of 2 ratings,$155
BREW,$7.815,1441293357103,815,67% bullish,of 6 ratings,$15
CRAY,$21.45,1441293357137,"30,841",83% bullish,of 6 ratings,$38.50
CRAI,$23.45,1441293357158,"2,585",100% bearish,of 1 rating,$36
CACC,$204.66,1441293357235,"11,026",50% bullish,of 2 ratings,$158.50
SLVO,$10.151,1441293357377,150,100% bearish,of 1 rating,N/A
GLDI,$11.01,1441293357404,125,100% bearish,of 1 rating,N/A
CREE,$26.93,1441293357600,"168,478",65% bullish,of 17 ratings,$29.50
CRESY,$10.19,1441293357625,"4,192",100% bearish,of 1 rating,$19
CCRN,$14.195,1441293357684,"24,413",100% bearish,of 1 rating,$14.25
CRTO,$38.24,1441293357705,"73,705",67% bullish,of 6 ratings,$64
CROX,$14.395,1441293357787,"87,596",63% bullish,of 8 ratings,$16.50
CRDS,$1.13,1441293357846,"72,123",50% bullish,of 4 ratings,$3.50
CRWN,$5.11,1441293357979,"21,011",75% bullish,of 4 ratings,N/A
CRWS,$8.06,1441293358045,"3,293",Not yet rated,NULL,$10
CYRX,$2.96,1441293358111,"1,900",Not yet rated,NULL,$9
CSGS,$30.95,1441293358175,"21,356",Not yet rated,NULL,$40
CCLP,$14.06,1441293358304,"16,330",67% bearish,of 3 ratings,$20
CSPI,$5.75,1441293358329,1,67% bullish,of 3 ratings,N/A
CTCM,$1.7,1441293358380,"16,585",80% bearish,of 5 ratings,$3.90
CTIC,$1.57,1441293358517,"81,796",84% bullish,of 76 ratings,$5.75
CYRXW,$0.79,1441293358544,"14,800",Not yet rated,NULL,N/A
CTIB,$3.61,1441293358569,200,100% bearish,of 1 rating,N/A
CTRP,$67.66,1441293358707,"343,502",75% bullish,of 8 ratings,$92.50
CUNB,$21.76,1441293358772,"6,610",Not yet rated,NULL,$24.50
CUI,$5.55,1441293358838,"2,220",50% bullish,of 2 ratings,$10
CPIX,$6.17,1441293358914,876,Not yet rated,NULL,N/A
CRIS,$2.69,1441293358942,"25,020",100% bullish,of 8 ratings,$6
CMLS,$1.32,1441293358982,"20,577",50% bullish,of 4 ratings,$6
CUTR,$14.99,1441293359077,"36,524",67% bearish,of 3 ratings,$18
CVBF,$16.095,1441293359142,"22,189",Not yet rated,NULL,$18
CVV,$11.52,1441293359170,"2,601",100% bullish,of 5 ratings,N/A
CYBR,$50.2,1441293359310,"187,933",75% bullish,of 8 ratings,$68.50
CYAN,$6.5,1441293359339,"4,464",100% bearish,of 1 rating,N/A
CYCC,$0.5401,1441293359512,"6,107",73% bullish,of 11 ratings,N/A
CYBX,$64.89,1441293359537,"16,038",50% bullish,of 4 ratings,$71.50
CYCCP,NULL,1441293359583,0,100% bearish,of 1 rating,N/A
CYBE,$7,1441293359609,"3,212",100% bearish,of 1 rating,N/A
CBAY,$2.63,1441293359682,"2,184",100% bullish,of 1 rating,$4
CYNO,$33.29,1441293359737,"47,287",67% bearish,of 3 ratings,$45.50
CYNA,$16,1441293359766,"4,887",50% bullish,of 2 ratings,$31.50
CONE,$31.99,1441293359936,"52,022",67% bearish,of 3 ratings,$35.50
CY,$10.31,1441293359965,"1,955,574",80% bullish,of 10 ratings,$15.50
CYRN,$1.8,1441293360067,205,67% bullish,of 3 ratings,$4
CYTX,$0.3662,1441293360247,"417,282",83% bullish,of 12 ratings,$5.50
CYTK,$7.22,1441293360276,"45,321",71% bullish,of 14 ratings,$13.50
CTSO,$7.2063,1441293360304,"15,158",Not yet rated,NULL,$15.625
TVIZ,$21.72,1441293360384,"4,212",100% bearish,of 1 rating,N/A
CYTR,$2.46,1441293360462,"104,756",67% bullish,of 6 ratings,$10
DAEG,$0.36,1441293360521,"1,700",100% bearish,of 1 rating,N/A
TVIX,$13.1299,1441293360550,"3,842,540",81% bullish,of 16 ratings,N/A
ZIV,$37.521,1441293360629,"21,565",Not yet rated,NULL,N/A
XIV,$26.01,1441293360703,"7,565,173",75% bearish,of 4 ratings,N/A
DJCO,$194.32,1441293360759,5,Not yet rated,NULL,N/A
DARA,$0.85,1441293360841,"2,388",83% bullish,of 6 ratings,$1.50
DAKT,$8.5301,1441293360943,"16,952",50% bullish,of 2 ratings,$12
DAIO,$2.6,1441293360990,"1,104",Not yet rated,NULL,N/A
DTLK,$5.49,1441293361137,"9,043",100% bearish,of 1 rating,$9
DRAM,$1.3499,1441293361163,"1,507",78% bullish,of 9 ratings,N/A
DWCH,$5.01,1441293361209,"3,742",75% bullish,of 4 ratings,$8.25
DTEA,$13.17,1441293361240,"5,049",100% bearish,of 2 ratings,$24
PLAY,$35.95,1441293361298,"32,843",100% bullish,of 5 ratings,$42
DWSN,$4.55,1441293361402,"12,781",67% bullish,of 3 ratings,N/A
TRAK,$62.85,1441293361423,"41,451",50% bullish,of 2 ratings,$62.50
DHRM,NULL,1441293361555,0,Not yet rated,NULL,N/A
DBVT,$37.02,1441293361580,"20,380",100% bearish,of 1 rating,$53
TACO,$13.068,1441293361642,"7,943",75% bullish,of 4 ratings,$20
DFRG,$14.4664,1441293361771,"14,312",100% bearish,of 1 rating,$20
TACOW,$4.34,1441293361796,908,100% bullish,of 1 rating,N/A
DCTH,$0.4196,1441293361868,"35,359",78% bullish,of 9 ratings,N/A
DGAS,$20.39,1441293361893,"2,944",67% bearish,of 3 ratings,N/A
DELTW,NULL,1441293362058,0,Not yet rated,NULL,N/A
DELT,NULL,1441293362102,0,Not yet rated,NULL,N/A
XRAY,$52.04,1441293362203,"63,517",100% bullish,of 1 rating,$58
DEPO,$26.93,1441293362232,"272,875",60% bullish,of 5 ratings,$29
DENN,$11.2001,1441293362261,"39,353",100% bullish,of 3 ratings,$15
DERM,$26.25,1441293362365,"5,785",100% bearish,of 1 rating,$33.50
DSCI,$6.1,1441293362392,"59,850",50% bullish,of 2 ratings,$16
DXLG,$6.45,1441293362538,"37,537",100% bearish,of 1 rating,$8
DEST,$10.655,1441293362580,"1,804",50% bullish,of 2 ratings,N/A
DSWL,$1.54,1441293362670,650,100% bullish,of 1 rating,N/A
DXCM,$89.21,1441293362743,"79,893",57% bullish,of 7 ratings,$98
DXM,$0.28,1441293362825,"30,330",50% bullish,of 2 ratings,N/A
DHXM,$6.2,1441293362960,"5,179",Not yet rated,NULL,N/A
DMND,$30.7,1441293362987,"9,044",75% bullish,of 12 ratings,$32
DHIL,$189.82,1441293363013,608,Not yet rated,NULL,N/A
FANG,$68.18,1441293363043,"164,408",50% bullish,of 2 ratings,$86
DCIX,$1.61,1441293363120,"12,247",50% bullish,of 4 ratings,$3.50
DRNA,$11.09,1441293363224,"29,091",67% bearish,of 3 ratings,$25
DGII,$10.3725,1441293363252,"23,667",100% bearish,of 1 rating,$11
DRAD,$3.78,1441293363394,500,100% bullish,of 1 rating,$5.25
DMRC,$38.5,1441293363419,"9,605",100% bearish,of 1 rating,$44
DGLY,$7.469,1441293363474,"25,268",50% bullish,of 6 ratings,$20
APPS,$2.17,1441293363499,"99,369",100% bearish,of 1 rating,$10.25
DCOM,$16.83,1441293363675,"26,399",100% bearish,of 2 ratings,$16
DIOD,$21.185,1441293363795,"136,163",75% bearish,of 4 ratings,$24
DISCA,$27.41,1441293363835,"358,384",67% bullish,of 3 ratings,$34
DISCB,$27.43,1441293363867,300,100% bearish,of 1 rating,$35
DPRX,$14.11,1441293363939,"9,534",100% bullish,of 2 ratings,$27.75
DISCK,$26.16,1441293363969,"114,617",100% bearish,of 1 rating,$32
DSCO,$0.4308,1441293363997,"33,788",83% bullish,of 6 ratings,$2.75
DVCR,$10.9,1441293364048,101,100% bullish,of 1 rating,N/A
DISH,$59.5999,1441293364132,"128,012",69% bullish,of 13 ratings,$73
BAGR,$2.755,1441293364273,125,100% bearish,of 1 rating,$6
DNBF,$26.01,1441293364361,200,Not yet rated,NULL,$27.50
DLHC,$2.49,1441293364434,702,100% bearish,of 1 rating,N/A
DLTR,$67.1,1441293364579,"952,618",82% bullish,of 11 ratings,$85
DGICA,$14,1441293364605,"3,838",100% bearish,of 1 rating,$17
DGICB,NULL,1441293364633,0,100% bearish,of 1 rating,N/A
DMLP,$14.9775,1441293364665,"4,674",100% bearish,of 1 rating,N/A
DORM,$50.4,1441293364689,"20,946",100% bearish,of 1 rating,$56
DRWI,$0.2298,1441293364737,"361,164",60% bullish,of 5 ratings,$.45
HILL,$9.7,1441293364795,"140,907",60% bearish,of 5 ratings,$9.75
DRWIW,$0.0548,1441293365055,"25,300",Not yet rated,NULL,N/A
DRYS,$0.4475,1441293365081,"920,454",77% bullish,of 31 ratings,$.60
DSKX,$3.3101,1441293365103,"34,130",100% bullish,of 1 rating,N/A
DWA,$20.6801,1441293365135,"75,180",63% bullish,of 8 ratings,$26
DSPG,$8.84,1441293365241,"2,756",100% bearish,of 1 rating,$13.50
CADTU,NULL,1441293365338,0,Not yet rated,NULL,N/A
CADT,NULL,1441293365395,0,Not yet rated,NULL,N/A
CADTR,NULL,1441293365443,0,Not yet rated,NULL,N/A
CADTW,NULL,1441293365527,0,Not yet rated,NULL,N/A
DTSI,$28.009,1441293365585,"36,383",100% bearish,of 2 ratings,$39.50
DRRX,$2.1201,1441293365620,"22,429",50% bullish,of 6 ratings,$3
DXPE,$30.075,1441293365718,"17,238",50% bullish,of 2 ratings,N/A
DNKN,$48.949,1441293365747,"123,033",67% bullish,of 15 ratings,$56.50
DYAX,$23.04,1441293365772,"97,406",89% bullish,of 9 ratings,$30
BOOM,$10.81,1441293366077,"6,322",67% bullish,of 3 ratings,$12
DYSL,$1.49,1441293366113,"3,889",100% bullish,of 2 ratings,N/A
DVAX,$28.92,1441293366135,"56,438",70% bullish,of 10 ratings,$40
DYNT,$3.06,1441293366207,"1,650",75% bullish,of 4 ratings,N/A
ETFC,$26.06,1441293366239,"555,711",57% bullish,of 14 ratings,$32.50
EBMT,$11.53,1441293366267,667,Not yet rated,NULL,$13.50
EGBN,$41.72,1441293366292,"4,631",Not yet rated,NULL,$48
EGLE,$7.03,1441293366341,"12,911",60% bullish,of 5 ratings,N/A
EGRX,$81.3223,1441293366515,"27,080",67% bullish,of 3 ratings,$97
ELNK,$8.495,1441293366603,"72,944",60% bullish,of 5 ratings,$9.50
EACQU,NULL,1441293366631,0,Not yet rated,NULL,N/A
EROC,$1.52,1441293366680,"27,754",50% bullish,of 2 ratings,$3
EWBC,$39.67,1441293366760,"124,654",100% bearish,of 1 rating,$50
EBAY,$27.345,1441293366811,"2,222,601",81% bullish,of 117 ratings,$34
EVBS,NULL,1441293366837,0,Not yet rated,NULL,$7
EML,$17.288,1441293366864,245,Not yet rated,NULL,N/A
EBIX,$28.84,1441293367136,"24,495",69% bullish,of 13 ratings,$40
ECHO,$22.66,1441293367171,"48,094",67% bearish,of 3 ratings,$34.50
SATS,$44.42,1441293367232,"8,123",50% bullish,of 2 ratings,$60
ELON,$0.585,1441293367259,"2,901",50% bullish,of 2 ratings,N/A
ECTE,$1.58,1441293367294,"6,086",75% bullish,of 4 ratings,N/A
EEI,$11.82,1441293367315,1,67% bearish,of 3 ratings,N/A
ECACU,NULL,1441293367401,0,Not yet rated,NULL,N/A
ESES,$3.75,1441293367446,6,100% bearish,of 1 rating,$7
EDUC,$6.36,1441293367667,"8,080",100% bearish,of 1 rating,N/A
EDAP,$3.64,1441293367707,"3,421",60% bullish,of 5 ratings,$4.50
EFUT,NULL,1441293367771,0,Not yet rated,NULL,N/A
EDGW,$7.18,1441293367800,84,100% bearish,of 1 rating,N/A
EGLT,$13.02,1441293367900,"20,707",50% bullish,of 2 ratings,$21
EGAN,$3.65,1441293367991,"4,104",50% bullish,of 2 ratings,$6.25
EHTH,$14.78,1441293368030,"16,040",50% bullish,of 4 ratings,$17
LOCO,$12.63,1441293368058,"71,773",69% bullish,of 13 ratings,$19.50
ESLT,$78.19,1441293368088,"1,515",67% bullish,of 3 ratings,N/A
EMITF,$1.2,1441293368228,798,75% bullish,of 4 ratings,N/A
ERI,$9.4686,1441293368263,"6,361",100% bearish,of 1 rating,$10
ELRC,$10.7,1441293368292,"1,656",100% bearish,of 1 rating,N/A
ESIO,$4.545,1441293368360,"22,272",50% bullish,of 2 ratings,$10
EFII,$43.81,1441293368671,"20,499",80% bullish,of 5 ratings,$55
ELSE,NULL,1441293368706,0,60% bullish,of 5 ratings,N/A
EA,$66.06,1441293368796,"551,592",78% bullish,of 36 ratings,$80
ELEC,NULL,1441293368826,0,Not yet rated,NULL,N/A
ELECU,$9.998,1441293368854,300,Not yet rated,NULL,N/A
EBIO,$3.43,1441293368895,"45,525",100% bearish,of 2 ratings,$8.35
ELECW,NULL,1441293368921,0,Not yet rated,NULL,N/A
RDEN,$11.71,1441293368983,"29,564",100% bearish,of 4 ratings,$15
LONG,$16.7,1441293369276,"1,400",67% bullish,of 3 ratings,$15.75
ESBK,NULL,1441293369311,0,Not yet rated,NULL,N/A
CAPX,$22.85,1441293369335,1,Not yet rated,NULL,N/A
ELTK,$1.2539,1441293369365,"27,874",67% bearish,of 3 ratings,N/A
EMCF,$23.51,1441293369394,100,100% bearish,of 1 rating,N/A
EMCI,$22.55,1441293369431,"3,126",Not yet rated,NULL,N/A
EMKR,$6.86,1441293369453,"16,815",75% bullish,of 4 ratings,$8.50
EMMS,$1.21,1441293369536,"6,516",67% bullish,of 6 ratings,N/A
NYNY,$4.28,1441293369814,"2,228",50% bullish,of 2 ratings,N/A
EMMSP,NULL,1441293369870,0,100% bearish,of 1 rating,N/A
ERS,NULL,1441293369944,0,Not yet rated,NULL,N/A
ENTA,$39.2503,1441293370002,"14,760",50% bullish,of 2 ratings,$42
ENDP,$76.36,1441293370034,"209,691",50% bullish,of 6 ratings,$101.50
ECPG,$38.38,1441293370086,"24,449",100% bullish,of 2 ratings,$52
WIRE,$32.3,1441293370169,"3,958",100% bearish,of 1 rating,$37
ELGX,$12.65,1441293370312,"339,745",75% bullish,of 4 ratings,$17
ECYT,$5.29,1441293370340,"65,892",83% bullish,of 6 ratings,$12
EIGI,$15.18,1441293370365,"18,704",67% bearish,of 3 ratings,$22.50
EFOI,$24.68,1441293370386,"494,047",50% bullish,of 2 ratings,$24.50
WATT,$6.9757,1441293370423,"10,849",50% bullish,of 2 ratings,$13
EXXI,$1.84,1441293370580,"534,927",86% bullish,of 7 ratings,$3.50
ENOC,$9.05,1441293370624,"18,953",75% bullish,of 4 ratings,$18
ERII,$2.65,1441293370650,"10,018",80% bullish,of 5 ratings,$2.50
ENG,$1.039,1441293370813,"18,583",100% bullish,of 3 ratings,N/A
EFSC,$23.87,1441293371017,"3,170",Not yet rated,NULL,$27
ENPH,$4.56,1441293371045,"294,446",75% bullish,of 4 ratings,$11
ETRM,$0.2869,1441293371071,"533,023",69% bearish,of 35 ratings,$1.625
ENTL,$21.94,1441293371105,"1,427",Not yet rated,NULL,$28
ENFC,$17.51,1441293371126,1,Not yet rated,NULL,N/A
ENTG,$13.71,1441293371161,"33,817",100% bearish,of 1 rating,$18
ESGR,$150.27,1441293371212,"6,826",100% bearish,of 1 rating,$185
EBTC,$21.159,1441293371264,554,Not yet rated,NULL,N/A
ENZN,$1,1441293371473,"26,511",100% bullish,of 9 ratings,N/A
ENVI,$1.9,1441293371498,"12,229",67% bullish,of 3 ratings,N/A
EGT,$2.11,1441293371535,400,100% bullish,of 1 rating,N/A
ENZY,$10.445,1441293371731,"12,156",67% bullish,of 3 ratings,$9.50
EPIQ,$12.79,1441293371789,"2,964",100% bearish,of 1 rating,$18
EPRS,$5.16,1441293371816,"4,430",82% bullish,of 11 ratings,$15
EPZM,$20.64,1441293371868,"39,301",60% bullish,of 5 ratings,$34
PLUS,$73.67,1441293371944,"5,665",50% bullish,of 2 ratings,$88
EAC,$3.45,1441293371997,103,100% bearish,of 1 rating,$8
EQFN,$8.38,1441293372021,100,100% bearish,of 1 rating,N/A
EQIX,$272.99,1441293372049,"146,197",75% bullish,of 4 ratings,$312.50
ERIC,$9.935,1441293372199,"515,475",67% bullish,of 9 ratings,$12.20
ERIE,$81.53,1441293372330,"6,108",Not yet rated,NULL,$73
ESCA,$17.89,1441293372357,"1,481",100% bearish,of 1 rating,$22
ESCR,$0.1898,1441293372383,"36,234",50% bullish,of 2 ratings,N/A
ESCRP,$1.5,1441293372534,"2,736",100% bearish,of 1 rating,N/A
ESMC,NULL,1441293372665,0,Not yet rated,NULL,N/A
ESSA,$12.84,1441293372751,"1,020",100% bearish,of 1 rating,N/A
EPIX,NULL,1441293372805,0,Not yet rated,NULL,N/A
ETSY,$14.715,1441293372835,"99,068",80% bullish,of 5 ratings,$16
ESPR,$48,1441293372880,"121,594",70% bearish,of 10 ratings,$115
CLWT,NULL,1441293372937,0,100% bearish,of 1 rating,N/A
ESSX,$0.467,1441293372980,450,50% bullish,of 2 ratings,N/A
EEFT,$65.115,1441293373225,"18,179",100% bearish,of 1 rating,$67.50
ESEA,$4.7,1441293373260,"1,188",100% bullish,of 1 rating,$15
EVK,NULL,1441293373291,0,75% bearish,of 4 ratings,N/A
EVEP,$8.7802,1441293373317,"99,993",50% bullish,of 2 ratings,$15
EVLV,$2.69,1441293373448,"14,594",60% bullish,of 5 ratings,$4.625
EVOK,$3.42,1441293373589,"23,656",100% bearish,of 1 rating,$13.375
EVOL,$5.84,1441293373617,"1,457",75% bullish,of 4 ratings,$10
EXFO,$2.97,1441293373819,1,67% bearish,of 3 ratings,$3.95
EXAS,$21.96,1441293373850,"127,008",78% bullish,of 9 ratings,$31
EXAC,$19.29,1441293373879,"1,451",100% bearish,of 1 rating,$22.50
EXLS,$36.905,1441293373900,"14,925",50% bullish,of 2 ratings,$41
EXEL,$5.78,1441293373921,"1,004,456",81% bullish,of 16 ratings,$6
EXA,$10.8,1441293373964,"18,112",100% bearish,of 1 rating,$13
ESND,$33.92,1441293374054,"12,755",100% bearish,of 2 ratings,$40
EXPE,$115.18,1441293374201,"99,505",64% bullish,of 11 ratings,$130
EXPD,$49.49,1441293374287,"428,875",80% bullish,of 5 ratings,$52
EXPO,$42.7,1441293374360,"5,632",100% bearish,of 1 rating,$45.50
EXLP,$19.44,1441293374566,"14,065",100% bearish,of 1 rating,$25
EXTR,$3.21,1441293374622,"275,187",80% bullish,of 5 ratings,$3
EZCH,$22.51,1441293374655,"17,346",75% bullish,of 8 ratings,$19.50
ESRX,$84.81,1441293374676,"416,409",67% bearish,of 6 ratings,$101
EYEG,$3.77,1441293374698,"4,797",Not yet rated,NULL,N/A
EZPW,$6.05,1441293374766,"50,686",50% bullish,of 4 ratings,$7
EYEGW,$1.0401,1441293374827,200,Not yet rated,NULL,N/A
FFIV,$121.9082,1441293374899,"84,692",63% bullish,of 8 ratings,$132
FWM,$2.24,1441293375068,"20,892",100% bearish,of 2 ratings,$3.20
FRP,$16.09,1441293375116,"5,131",100% bearish,of 1 rating,$18
FB,$89.3,1441293375144,"5,307,536",73% bullish,of 1074 ratings,$111
FCS,$13.86,1441293375165,"105,354",67% bearish,of 3 ratings,$17
FARM,$22.76,1441293375595,"9,629",100% bearish,of 1 rating,$35
FMNB,$8.2,1441293375858,301,Not yet rated,NULL,N/A
FALC,$1.68,1441293376026,"1,346",63% bearish,of 8 ratings,N/A
FFKT,$25.92,1441293376053,"1,276",Not yet rated,NULL,$29
FATE,$6.1999,1441293376083,"2,829",50% bullish,of 2 ratings,$11
FBRC,$22.37,1441293376113,"16,143",100% bearish,of 1 rating,$29
DAVE,$14.99,1441293376141,"6,609",100% bearish,of 1 rating,$15.50
FARO,$37.83,1441293376189,"14,331",50% bullish,of 2 ratings,$48
FAST,$38.1,1441293376215,"424,980",80% bullish,of 5 ratings,$45.50
FBSS,NULL,1441293376401,0,Not yet rated,NULL,N/A
FDML,$8.73,1441293376477,"25,653",50% bullish,of 4 ratings,$14
FEIC,$76.05,1441293376531,"23,432",50% bullish,of 2 ratings,$95.50
FNHC,$22.0299,1441293376556,"2,465",100% bearish,of 1 rating,$35
FHCO,$1.4,1441293376719,"1,379",50% bullish,of 4 ratings,N/A
FENX,$9.77,1441293376800,"24,433",100% bullish,of 1 rating,$14.25
FGEN,$23.12,1441293376825,"34,637",100% bearish,of 1 rating,$39
ONEQ,$188.8599,1441293376892,"4,281",100% bullish,of 1 rating,N/A
FCSC,$5.53,1441293376923,"29,217",100% bearish,of 1 rating,$8.125
LION,$19.5041,1441293376986,"16,954",100% bullish,of 1 rating,$20
FRGI,$52.19,1441293377017,"9,533",50% bullish,of 2 ratings,$70
FDUS,$14.921,1441293377054,"5,892",50% bullish,of 2 ratings,$18
FSAM,$7.99,1441293377230,530,100% bearish,of 1 rating,$10.25
FSC,$6.575,1441293377334,"122,327",60% bullish,of 5 ratings,$8
FSCFL,$24.5883,1441293377427,"4,870",Not yet rated,NULL,N/A
FSFR,$8.8347,1441293377570,"19,743",100% bearish,of 1 rating,$11.50
FITB,$19.6731,1441293377592,"573,269",54% bullish,of 13 ratings,$22
FNGN,$31.3456,1441293377625,"53,102",67% bullish,of 3 ratings,$47
FISI,$24.7399,1441293377670,995,100% bullish,of 2 ratings,$24.50
FITBI,$27.4335,1441293377700,"1,006",Not yet rated,NULL,N/A
FNSR,$15.4,1441293377803,"88,826",71% bullish,of 7 ratings,$24
FNJN,$1.74,1441293377831,"4,905",100% bearish,of 1 rating,$5
FNTC,NULL,1441293377859,0,Not yet rated,NULL,N/A
FNTCU,NULL,1441293377962,0,Not yet rated,NULL,N/A
FNTCW,$0.35,1441293377988,"4,200",Not yet rated,NULL,N/A
FEYE,$38.12,1441293378258,"1,283,063",88% bullish,of 16 ratings,$55.50
FRBA,$6.07,1441293378410,101,Not yet rated,NULL,$8
BUSE,$6.34,1441293378464,"14,469",Not yet rated,NULL,$6.875
FBNC,$16.83,1441293378513,"2,098",100% bullish,of 1 rating,$20
FNLC,$18.945,1441293378564,"4,334",100% bullish,of 1 rating,N/A
FBIZ,$22.51,1441293378589,"2,755",100% bearish,of 2 ratings,$26
FCVA,$4.7999,1441293378653,101,Not yet rated,NULL,N/A
FCFS,$39.55,1441293378733,"13,784",100% bearish,of 3 ratings,$47
FCAP,$27.39,1441293378760,100,Not yet rated,NULL,N/A
FCLF,$9.2,1441293378906,318,Not yet rated,NULL,N/A
FCBC,$17.44,1441293378938,739,Not yet rated,NULL,$18
FCCO,$12.3,1441293379036,1,Not yet rated,NULL,$13.25
FCNCA,$233.69,1441293379099,"1,154",Not yet rated,NULL,N/A
FBNK,$16.8501,1441293379126,"1,681",100% bearish,of 1 rating,$17.50
FCFP,NULL,1441293379147,0,Not yet rated,NULL,N/A
FDEF,$36.89,1441293379279,"5,605",Not yet rated,NULL,$38
FFNM,$6.34,1441293379516,101,Not yet rated,NULL,N/A
FFIN,$30.32,1441293379560,"8,763",50% bullish,of 2 ratings,$31.75
FFBC,$18.32,1441293379586,"9,928",67% bearish,of 3 ratings,$20.25
FFNW,$12.12,1441293379654,"2,102",Not yet rated,NULL,$14
FFBCW,NULL,1441293379680,0,100% bearish,of 1 rating,N/A
THFF,$32.78,1441293379705,"4,215",Not yet rated,NULL,$35
FFWM,$21,1441293379811,"3,981",Not yet rated,NULL,$24
FIBK,$26.54,1441293379844,"5,625",Not yet rated,NULL,$32
INBK,$30.0001,1441293379975,"1,656",50% bullish,of 2 ratings,$37
FMBH,NULL,1441293380059,0,Not yet rated,NULL,N/A
FRME,$26.13,1441293380142,"20,212",Not yet rated,NULL,$26.50
FNBC,$34.59,1441293380169,"74,408",Not yet rated,NULL,$40
FMBI,$17.46,1441293380241,"44,836",Not yet rated,NULL,$20
FNFG,$9.18,1441293380343,"624,879",80% bullish,of 5 ratings,$9
FNWB,$11.91,1441293380443,425,Not yet rated,NULL,N/A
FSFG,$31.11,1441293380514,300,Not yet rated,NULL,N/A
FSGI,$2.45,1441293380569,"1,900",Not yet rated,NULL,N/A
FSLR,$49.1472,1441293380595,"317,419",72% bullish,of 39 ratings,$65
BICK,$19.22,1441293380670,585,100% bullish,of 1 rating,N/A
FSBK,$7.7601,1441293380742,"2,000",100% bullish,of 1 rating,N/A
FBZ,NULL,1441293380802,0,Not yet rated,NULL,N/A
FCAN,$24.67,1441293380984,"81,500",Not yet rated,NULL,N/A
FCA,$19.43,1441293381016,"116,900",Not yet rated,NULL,N/A
FV,$23.42,1441293381112,"292,646",100% bearish,of 1 rating,N/A
FTCS,$36.3819,1441293381153,"6,144",100% bearish,of 1 rating,N/A
IFV,$17.6436,1441293381209,"91,361",100% bearish,of 1 rating,N/A
FTSM,$59.958,1441293381296,"31,381",100% bearish,of 1 rating,N/A
FEMB,NULL,1441293381323,0,Not yet rated,NULL,N/A
FEUZ,NULL,1441293381348,0,Not yet rated,NULL,N/A
TDIV,$24.942,1441293381497,"20,363",100% bearish,of 1 rating,N/A
MDIV,$19.1,1441293381527,"17,918",Not yet rated,NULL,N/A
FGM,$35.74,1441293381556,"10,700",Not yet rated,NULL,N/A
FTGC,$22.48,1441293381581,"35,022",Not yet rated,NULL,N/A
FTHI,$19.29,1441293381848,100,Not yet rated,NULL,N/A
FHK,$32.9,1441293381903,"17,555",Not yet rated,NULL,N/A
HYLS,$49.62,1441293381928,"5,358",100% bearish,of 1 rating,N/A
CU,$12.857,1441293382123,"1,000",100% bearish,of 1 rating,N/A
SKYY,$28.8514,1441293382152,"11,141",100% bullish,of 1 rating,N/A
YDIV,$16.29,1441293382179,"1,562",Not yet rated,NULL,N/A
FPXI,NULL,1441293382200,0,Not yet rated,NULL,N/A
FJP,$46.28,1441293382418,"3,217",Not yet rated,NULL,N/A
FTLB,$19.25,1441293382456,"10,000",100% bearish,of 1 rating,N/A
FMB,NULL,1441293382504,0,Not yet rated,NULL,N/A
CIBR,$17.7594,1441293382590,"33,885",Not yet rated,NULL,N/A
LMBS,NULL,1441293382622,0,Not yet rated,NULL,N/A
PLTM,$6.34,1441293382650,800,100% bearish,of 1 rating,N/A
QABA,$37.2202,1441293382723,"2,050",100% bearish,of 1 rating,N/A
FONE,NULL,1441293382751,0,Not yet rated,NULL,N/A
QCLN,$15.36,1441293382880,"1,333",Not yet rated,NULL,N/A
RDVY,$21.02,1441293383044,950,Not yet rated,NULL,N/A
GRID,$31.33,1441293383145,820,100% bearish,of 1 rating,N/A
CARZ,$34.74,1441293383177,400,100% bearish,of 1 rating,N/A
AIRR,$16.4,1441293383280,307,100% bearish,of 1 rating,N/A
QQEW,$41.8836,1441293383306,"7,487",Not yet rated,NULL,N/A
QTEC,$40.24,1441293383332,"7,729",Not yet rated,NULL,N/A
QINC,NULL,1441293383353,0,Not yet rated,NULL,N/A
QQXT,$40.5299,1441293383385,"4,043",Not yet rated,NULL,N/A
FKO,NULL,1441293383521,0,Not yet rated,NULL,N/A
FTSL,$48.84,1441293383554,"12,986",100% bearish,of 1 rating,N/A
FDIV,NULL,1441293383682,0,100% bearish,of 1 rating,N/A
FTW,$32.25,1441293383713,"60,875",Not yet rated,NULL,N/A
FSZ,$38.72,1441293383815,228,Not yet rated,NULL,N/A
TUSA,NULL,1441293383946,0,Not yet rated,NULL,N/A
FKU,$41.585,1441293383972,776,Not yet rated,NULL,N/A
FSV,$31.83,1441293384110,"1,000",Not yet rated,NULL,$33.60
SVVC,$9.2101,1441293384205,"5,589",50% bullish,of 2 ratings,$26
FMER,$17.585,1441293384240,"135,418",50% bullish,of 2 ratings,$20
FUNC,$8.0601,1441293384266,"1,051",Not yet rated,NULL,N/A
FIVE,$35.05,1441293384341,"2,907,388",75% bearish,of 4 ratings,$44
FIVN,$3.79,1441293384370,"28,725",100% bullish,of 1 rating,$8.50
FISV,$86.32,1441293384405,"200,830",100% bearish,of 3 ratings,$90
FPRX,$20.25,1441293384500,"65,093",50% bullish,of 2 ratings,$35
FLML,$22.74,1441293384540,"47,801",50% bullish,of 2 ratings,$30
FLKS,$11.88,1441293384680,"5,860",50% bullish,of 2 ratings,$27
FLXN,$26.1799,1441293384858,"12,594",100% bearish,of 1 rating,$40
SKOR,$50.38,1441293384990,700,Not yet rated,NULL,N/A
FLXS,$31.26,1441293385024,"1,646",100% bearish,of 2 ratings,N/A
FLDM,$11.28,1441293385046,"23,115",67% bearish,of 3 ratings,$15
FLIR,$28.7208,1441293385067,"101,608",100% bearish,of 2 ratings,$38.50
FLEX,$10.59,1441293385107,"911,535",63% bullish,of 8 ratings,$12
MBSD,$24.94,1441293385134,200,Not yet rated,NULL,N/A
FOMX,$9.75,1441293385201,"38,122",50% bullish,of 2 ratings,$23.50
FFIC,$19.69,1441293385266,"4,323",Not yet rated,NULL,$20.50
FES,$0.9053,1441293385494,829,50% bullish,of 2 ratings,$1
FORM,$6.72,1441293385533,"21,372",67% bullish,of 3 ratings,$10.50
FOGO,$19.355,1441293385559,"12,856",50% bullish,of 2 ratings,$25.50
FORR,$31.12,1441293385806,"7,479",Not yet rated,NULL,N/A
FTNT,$42.47,1441293385833,"238,764",80% bullish,of 10 ratings,$52
FONR,$9.79,1441293385859,878,100% bullish,of 1 rating,N/A
FBIO,$2.62,1441293385893,"10,971",83% bullish,of 6 ratings,N/A
FORTY,$30.12,1441293385914,553,100% bearish,of 1 rating,N/A
FORD,$1.6,1441293385965,"213,785",67% bullish,of 3 ratings,N/A
FWRD,$44.13,1441293386059,"24,673",100% bearish,of 1 rating,$50
FMI,$24.2,1441293386216,"63,219",100% bearish,of 2 ratings,$27.50
FWP,$27.05,1441293386244,"18,146",100% bearish,of 1 rating,$45
FOSL,$61.3,1441293386279,"71,787",60% bearish,of 5 ratings,$80
FOXF,$15.59,1441293386453,"1,230",100% bearish,of 1 rating,$19
FRAN,$12.28,1441293386482,"384,387",50% bullish,of 4 ratings,$15
FXCB,$17.2,1441293386539,359,Not yet rated,NULL,$19
FELE,$28.18,1441293386586,"21,627",50% bullish,of 4 ratings,$33
FRED,$13.01,1441293386733,"42,480",50% bullish,of 2 ratings,$15.50
FEIM,$11.1,1441293386863,100,100% bearish,of 1 rating,N/A
FREE,$0.37,1441293386894,"452,764",92% bullish,of 12 ratings,N/A
RAIL,$20.44,1441293386915,"10,308",100% bearish,of 1 rating,$24.50
FRPT,$12.57,1441293386936,"82,618",67% bearish,of 3 ratings,$23.50
FTR,$5.4601,1441293387077,"5,955,671",78% bullish,of 27 ratings,$6.25
FRPH,$31.3001,1441293387181,535,100% bearish,of 1 rating,N/A
FTRPR,$106.6,1441293387207,"8,050",100% bearish,of 1 rating,N/A
FSBW,NULL,1441293387282,0,Not yet rated,NULL,N/A
FTEK,$1.93,1441293387451,"16,820",75% bullish,of 4 ratings,N/A
FSYS,$6.255,1441293387496,"72,333",67% bullish,of 3 ratings,$8.50
FTD,$30.015,1441293387582,"25,953",100% bearish,of 1 rating,$40
FULT,$11.96,1441293387926,"166,618",100% bearish,of 1 rating,$13
FULLL,NULL,1441293387960,0,Not yet rated,NULL,N/A
FLL,$1.5,1441293387983,"2,400",75% bullish,of 4 ratings,$3.50
FCEL,$0.9009,1441293388014,"402,853",88% bullish,of 41 ratings,$2.65
FSNN,$2.14,1441293388042,6,67% bullish,of 3 ratings,$6
FULL,$3.12,1441293388075,"10,259",67% bearish,of 3 ratings,$4.25
FFHL,NULL,1441293388096,0,50% bullish,of 4 ratings,N/A
FXENP,NULL,1441293388223,0,100% bearish,of 1 rating,N/A
FXEN,$1.04,1441293388434,"27,236",75% bullish,of 4 ratings,$1.10
GK,$67.815,1441293388459,"4,113",Not yet rated,NULL,$78
GAIA,$6.0196,1441293388519,"6,048",50% bullish,of 2 ratings,$8.50
WILC,$4.84,1441293388601,"1,200",100% bullish,of 2 ratings,N/A
GLPG,$59.144,1441293388674,"4,245",100% bullish,of 1 rating,$75
GALT,$2.07,1441293388700,"18,016",80% bullish,of 5 ratings,N/A
GALTW,$0.58,1441293388882,"8,183",100% bullish,of 1 rating,N/A
GALTU,NULL,1441293388911,0,100% bearish,of 1 rating,N/A
GALE,$1.63,1441293388933,"169,720",89% bullish,of 47 ratings,$4
GLMD,$8.41,1441293388963,320,67% bullish,of 3 ratings,$20.50
GPIC,$9.94,1441293389150,"2,746",100% bearish,of 1 rating,N/A
GRMN,$37.44,1441293389178,"128,959",50% bullish,of 6 ratings,$46.50
GLPI,$30.85,1441293389203,"55,139",100% bearish,of 1 rating,$37.50
GGAC,NULL,1441293389234,0,100% bearish,of 1 rating,N/A
GGACR,NULL,1441293389337,0,100% bullish,of 1 rating,N/A
GGACU,NULL,1441293389442,0,Not yet rated,NULL,N/A
GFNCP,$88.06,1441293389672,110,Not yet rated,NULL,N/A
GARS,$14.6,1441293389703,"14,112",Not yet rated,NULL,$16
GNCMA,$16.85,1441293389725,"38,334",100% bearish,of 1 rating,$12
GENC,$9.03,1441293389763,519,100% bearish,of 1 rating,N/A
GGACW,NULL,1441293389784,0,Not yet rated,NULL,N/A
GFNSL,NULL,1441293389812,0,Not yet rated,NULL,N/A
GFN,$3.94,1441293389857,"1,896",100% bearish,of 2 ratings,$8
GNMK,$9.8792,1441293390160,"4,800",67% bullish,of 6 ratings,$14
GENE,$2.3905,1441293390186,"23,867",100% bullish,of 12 ratings,N/A
GHDX,$26.21,1441293390211,"14,173",50% bullish,of 2 ratings,$30
GNCA,$11.08,1441293390237,"16,537",100% bearish,of 1 rating,$20
GNTX,$15.73,1441293390367,"181,086",Not yet rated,NULL,$20
THRM,$45.96,1441293390418,"38,426",75% bearish,of 4 ratings,$55.50
GNVC,$2.61,1441293390443,"13,732",90% bullish,of 10 ratings,$8.50
GTWN,NULL,1441293390587,0,Not yet rated,NULL,N/A
GEOS,$17.91,1441293390616,"35,306",100% bearish,of 3 ratings,$21
GABC,$28.76,1441293390647,"1,520",Not yet rated,NULL,$31.50
GEVO,$2.435,1441293390668,"235,211",75% bullish,of 12 ratings,$5
GERN,$3.4969,1441293390750,"6,393,922",88% bullish,of 16 ratings,$5.25
ROCK,$16.81,1441293390819,"13,041",80% bullish,of 5 ratings,$24
GIGM,$0.53,1441293390954,"2,000",100% bullish,of 2 ratings,N/A
GIGA,$1.41,1441293391084,"16,500",100% bearish,of 1 rating,N/A
GIII,$70.3,1441293391148,"168,865",67% bullish,of 3 ratings,$75
GILD,$104.1701,1441293391218,"1,388,456",91% bullish,of 87 ratings,$129
GILT,$4.13,1441293391291,"1,581",50% bullish,of 2 ratings,N/A
GBCI,$26.03,1441293391425,"17,178",50% bullish,of 2 ratings,$31
GOOD,$14.28,1441293391531,"10,425",Not yet rated,NULL,$19
GLAD,$8.69,1441293391591,"7,817",50% bullish,of 2 ratings,$8.75
GLADO,NULL,1441293391664,0,Not yet rated,NULL,N/A
GOODN,$25.5,1441293391693,500,Not yet rated,NULL,N/A
GOODP,NULL,1441293391720,0,Not yet rated,NULL,N/A
GOODO,NULL,1441293391749,0,Not yet rated,NULL,N/A
GAINN,$25.1992,1441293391826,"31,000",Not yet rated,NULL,N/A
GAIN,$7.48,1441293391964,"8,806",100% bullish,of 2 ratings,$8.25
GAINO,NULL,1441293392122,0,Not yet rated,NULL,N/A
GAINP,$25.64,1441293392146,"1,464",Not yet rated,NULL,N/A
LAND,$9.22,1441293392186,"2,576",50% bullish,of 2 ratings,$13.75
GLBZ,NULL,1441293392322,0,Not yet rated,NULL,N/A
GBT,$52.2225,1441293392352,"25,407",100% bearish,of 1 rating,N/A
ENT,$11.25,1441293392456,"68,681",100% bearish,of 1 rating,$18
GDEF,$10.6499,1441293392483,300,Not yet rated,NULL,N/A
GSOL,$8.28,1441293392621,"1,311",100% bearish,of 1 rating,N/A
ACTX,NULL,1441293392673,0,100% bullish,of 1 rating,N/A
SOCL,$17.3051,1441293392703,"1,469",100% bullish,of 2 ratings,N/A
GBLI,$27.31,1441293392805,"2,612",Not yet rated,NULL,N/A
GPACU,NULL,1441293392831,0,Not yet rated,NULL,N/A
ALTY,NULL,1441293392965,0,Not yet rated,NULL,N/A
QQQC,$18.62,1441293392995,"4,037",100% bearish,of 1 rating,N/A
SRET,NULL,1441293393115,0,Not yet rated,NULL,N/A
GAI,$6.4,1441293393306,108,50% bullish,of 2 ratings,N/A
YLCO,$11.6326,1441293393477,"2,310",Not yet rated,NULL,N/A
GLBS,$1.04,1441293393506,100,67% bullish,of 3 ratings,N/A
GLUU,$4.55,1441293393548,"381,396",92% bullish,of 26 ratings,$9
GLRI,$1.1,1441293393576,"144,548",100% bearish,of 1 rating,$4.25
GSM,$13.835,1441293393596,"41,578",50% bullish,of 2 ratings,$22
GLYC,$6.97,1441293393854,301,50% bullish,of 2 ratings,$14
GMLP,$21.38,1441293394015,"27,905",50% bullish,of 4 ratings,$29
GLNG,$40.16,1441293394041,"123,061",83% bullish,of 6 ratings,$55.50
GBIM,$2.47,1441293394070,"2,500",50% bullish,of 2 ratings,N/A
GDEN,$9.0001,1441293394169,"4,400",50% bullish,of 2 ratings,N/A
GOGO,$16.46,1441293394302,"83,692",80% bullish,of 5 ratings,$25
GLDC,$4.0888,1441293394332,200,50% bullish,of 2 ratings,N/A
GOGL,$2.99,1441293394429,"95,641",75% bullish,of 4 ratings,$5
GBDC,$17.06,1441293394458,"35,186",Not yet rated,NULL,$17.75
GTIM,$6.7599,1441293394528,"1,550",Not yet rated,NULL,$11.50
GOOG,$614.885,1441293394556,"255,565",88% bullish,of 73 ratings,$787.50
GOOGL,$648.68,1441293394589,"245,031",88% bullish,of 1082 ratings,$749
GPRO,$40.265,1441293394782,"2,919,458",78% bullish,of 59 ratings,$72
GMAN,$3.79,1441293394807,"6,000",60% bullish,of 5 ratings,$8.50
GPIA,NULL,1441293394950,0,100% bearish,of 1 rating,N/A
GPIAW,NULL,1441293395021,0,Not yet rated,NULL,N/A
LOPE,$36.98,1441293395173,"19,725",100% bearish,of 2 ratings,$50
GRVY,NULL,1441293395200,0,50% bullish,of 2 ratings,N/A
GBSNU,NULL,1441293395229,0,NULL,NULL,NULL
GBSN,$0.1856,1441293395254,"4,994,828",50% bullish,of 2 ratings,$8.25
GLDD,$5.463,1441293395408,"10,857",100% bearish,of 4 ratings,$7.75
GPIAU,NULL,1441293395436,0,Not yet rated,NULL,N/A
GSBC,$40.72,1441293395457,"7,401",100% bullish,of 1 rating,$44
GNBC,$11.84,1441293395488,"1,251",100% bearish,of 1 rating,$16.50
GRBK,$11.9,1441293395659,"13,470",77% bullish,of 13 ratings,N/A
GPP,$14.49,1441293395699,"4,200",Not yet rated,NULL,$20.50
GPRE,$20.735,1441293395724,"62,320",67% bullish,of 6 ratings,$28.50
GLRE,$25.08,1441293396086,"49,585",50% bullish,of 2 ratings,$34
GRFS,$31.39,1441293396116,"246,652",50% bullish,of 2 ratings,$35
GSIG,$12.99,1441293396217,872,100% bearish,of 2 ratings,N/A
OMAB,$41.7201,1441293396319,"3,619",100% bullish,of 1 rating,$44
GSIT,$4.621,1441293396348,621,100% bearish,of 1 rating,N/A
GRIF,NULL,1441293396401,0,100% bearish,of 1 rating,N/A
GCBC,NULL,1441293396450,0,100% bullish,of 1 rating,N/A
GSVC,$8.89,1441293396630,"9,410",50% bullish,of 2 ratings,$15.75
GGAL,$18.95,1441293396662,"31,822",80% bullish,of 5 ratings,$40
GRPN,$4.34,1441293396684,"835,376",61% bullish,of 71 ratings,$6.75
GBNK,$16.02,1441293396770,"9,954",100% bearish,of 1 rating,$18
GFED,$14.65,1441293396820,400,Not yet rated,NULL,$17
GTXI,$0.887,1441293396905,"2,382",100% bullish,of 5 ratings,$.75
GULTU,$0.3001,1441293397046,"55,750",100% bearish,of 1 rating,N/A
GIFI,$12.635,1441293397122,"8,784",100% bearish,of 1 rating,$16
GUID,$7.09,1441293397182,"2,192",100% bearish,of 3 ratings,$10
GWPH,$104.7,1441293397315,"38,437",78% bullish,of 9 ratings,$148.50
GPOR,$34.74,1441293397347,"241,816",75% bullish,of 4 ratings,$54
GURE,$1.73,1441293397368,401,88% bullish,of 8 ratings,N/A
HEES,$18.81,1441293397401,"109,492",67% bearish,of 3 ratings,$31
GWGH,$7.7,1441293397447,300,100% bearish,of 1 rating,$15.05
GYRO,$30.38,1441293397530,299,100% bearish,of 1 rating,N/A
HNRG,$7.66,1441293397759,"22,183",100% bearish,of 1 rating,$10
HLG,NULL,1441293397824,0,100% bearish,of 1 rating,N/A
HALL,$11.4,1441293397891,"4,347",Not yet rated,NULL,N/A
HALO,$17.88,1441293397920,"189,021",67% bullish,of 3 ratings,$22.50
HMPR,$1.85,1441293397946,954,100% bullish,of 1 rating,N/A
HBK,$13.8,1441293398023,1,50% bullish,of 2 ratings,N/A
HBHC,$27.49,1441293398095,"71,416",50% bullish,of 2 ratings,$30
HNH,$25.58,1441293398316,"4,350",100% bullish,of 1 rating,N/A
HBHCL,$24.55,1441293398347,"1,673",Not yet rated,NULL,N/A
HNSN,$0.5258,1441293398418,"16,532",88% bullish,of 8 ratings,$.40
HAFC,$24.02,1441293398447,"45,328",100% bullish,of 2 ratings,$28.50
HQCL,$12.64,1441293398473,"4,357",67% bullish,of 3 ratings,$14
HDNG,$9.93,1441293398502,"2,526",50% bullish,of 4 ratings,N/A
HLIT,$5.755,1441293398605,"61,447",100% bearish,of 1 rating,$6.50
HRMN,NULL,1441293398708,0,Not yet rated,NULL,N/A
HRMNU,NULL,1441293399111,0,Not yet rated,NULL,N/A
HRMNW,NULL,1441293399241,0,Not yet rated,NULL,N/A
TINY,$2.4301,1441293399278,"3,300",50% bullish,of 2 ratings,$5.26
HART,$1.17,1441293399303,"26,659",100% bearish,of 1 rating,N/A
HBIO,$4.505,1441293399328,"11,961",100% bearish,of 1 rating,$10
HA,$23.97,1441293399548,"67,637",67% bullish,of 9 ratings,$27
HAS,$76.77,1441293399578,"420,882",63% bullish,of 8 ratings,$84.50
HCAP,$12.08,1441293399609,"2,346",50% bullish,of 2 ratings,$15
HCAPL,NULL,1441293399677,0,Not yet rated,NULL,N/A
HCOM,$22.07,1441293399706,154,100% bearish,of 1 rating,$28
HDS,$32.84,1441293399735,"328,572",100% bearish,of 2 ratings,$39.50
HWBK,NULL,1441293399762,0,100% bearish,of 1 rating,N/A
HWKN,$38.31,1441293399898,"2,005",Not yet rated,NULL,N/A
HIIQ,$4.84,1441293400004,"3,420",50% bullish,of 2 ratings,$7
HAYN,$38.65,1441293400050,"11,080",100% bearish,of 1 rating,$59
HCSG,$32.73,1441293400075,"46,579",50% bullish,of 4 ratings,$35
HQY,$29.69,1441293400256,"33,726",67% bullish,of 3 ratings,$35
HWAY,$11.98,1441293400387,"16,568",100% bearish,of 1 rating,$15
HTLF,$35.94,1441293400417,"2,757",100% bullish,of 1 rating,$39.50
HTLD,$20.26,1441293400521,"45,665",Not yet rated,NULL,$22.50
HTWR,$67.0199,1441293400552,"242,186",50% bullish,of 2 ratings,$104
HELE,$85.28,1441293400579,"39,363",67% bearish,of 3 ratings,$100
HSTM,$24.21,1441293400600,"4,626",50% bullish,of 2 ratings,$33.75
HTBX,$3.41,1441293400807,"33,907",50% bullish,of 2 ratings,$15.50
HNNA,NULL,1441293400832,0,Not yet rated,NULL,N/A
HSII,$19.995,1441293400874,"3,264",100% bullish,of 3 ratings,$25
HMTV,$13.43,1441293400899,588,100% bearish,of 1 rating,$16
HMNY,NULL,1441293400961,0,100% bearish,of 1 rating,N/A
HERO,NULL,1441293401211,0,NULL,NULL,NULL
HFWA,$17.74,1441293401396,"2,810",100% bullish,of 1 rating,$20
HCACU,NULL,1441293401426,0,Not yet rated,NULL,N/A
HSIC,$136.63,1441293401448,"36,037",83% bullish,of 6 ratings,$146
HCCI,$11.93,1441293401476,913,100% bearish,of 1 rating,$16.50
HEOP,$7.8,1441293401533,"1,206",Not yet rated,NULL,$8.50
MLHR,$26.895,1441293401638,"50,894",50% bullish,of 2 ratings,$33.50
HTBK,$10.458,1441293401717,"10,423",Not yet rated,NULL,$12
HRTX,$38.14,1441293401959,"214,656",57% bullish,of 7 ratings,$41
HIBB,$38.63,1441293402015,"50,905",100% bearish,of 1 rating,$46.50
HFFC,$16,1441293402106,101,Not yet rated,NULL,N/A
HSKA,$34.17,1441293402143,"14,335",100% bearish,of 1 rating,$38
HPJ,$2.17,1441293402234,900,75% bullish,of 4 ratings,$12.43
HIHO,$4.1901,1441293402273,"8,598",Not yet rated,NULL,N/A
HIMX,$7.025,1441293402324,"419,486",86% bullish,of 21 ratings,$8.50
HIFS,$116,1441293402453,200,Not yet rated,NULL,N/A
HSGX,$5.84,1441293402517,"3,301",100% bearish,of 1 rating,$17
HMSY,$9.9703,1441293402549,"74,972",67% bullish,of 3 ratings,$19.35
HOLI,$16.95,1441293402621,"49,834",50% bullish,of 4 ratings,$27
HMNF,$11.49,1441293402653,102,Not yet rated,NULL,N/A
HBCP,$24.84,1441293402752,557,Not yet rated,NULL,$29
HOLX,$38.78,1441293402779,"363,460",50% bullish,of 4 ratings,$42
HOMB,$37.61,1441293402987,"8,601",Not yet rated,NULL,$42
HFBL,NULL,1441293403012,0,Not yet rated,NULL,N/A
HMIN,$25.78,1441293403081,"3,331",100% bearish,of 2 ratings,$35
HMST,$21.9,1441293403183,"11,923",100% bullish,of 2 ratings,$27
HTBI,$18.12,1441293403214,"5,801",67% bullish,of 3 ratings,$18.625
AWAY,$28.78,1441293403240,"156,660",67% bullish,of 3 ratings,$36
HKTV,$4.28,1441293403315,200,100% bearish,of 1 rating,N/A
CETC,$0.785,1441293403369,"6,236",86% bullish,of 7 ratings,N/A
HFBC,$11.34,1441293403505,20,Not yet rated,NULL,N/A
HOFT,$24.585,1441293403537,"13,323",100% bearish,of 1 rating,N/A
HBNC,$23.66,1441293403643,"2,254",100% bullish,of 1 rating,$27
HZNP,$30.11,1441293403723,"260,301",85% bullish,of 20 ratings,$40
HRZN,$10.37,1441293403748,440,50% bullish,of 2 ratings,$14.25
ZINC,$7.54,1441293403773,"71,965",100% bearish,of 1 rating,$17
HMHC,$22.245,1441293403948,"91,740",Not yet rated,NULL,$27
HDP,$23.36,1441293403990,"43,753",67% bearish,of 3 ratings,$30.50
HOVNP,$4.0997,1441293404055,"1,850",100% bearish,of 1 rating,N/A
HWCC,$7.52,1441293404121,"4,852",100% bearish,of 1 rating,$9
HBMD,$13.98,1441293404155,3,100% bearish,of 1 rating,N/A
HSNI,$60.25,1441293404286,"21,503",Not yet rated,NULL,$80
HUBG,$38.39,1441293404358,"23,352",100% bearish,of 1 rating,$43
HTGM,$5.64,1441293404392,750,100% bearish,of 1 rating,$19.50
HCBK,$9.35,1441293404412,"731,517",83% bullish,of 6 ratings,$8.61
HSON,$2.72,1441293404566,"2,292",100% bearish,of 1 rating,$5
HBAN,$10.78,1441293404865,"707,821",76% bullish,of 17 ratings,$12.29
HDSN,$3.095,1441293404895,"6,930",100% bullish,of 1 rating,$6.25
HURC,$29.3496,1441293404974,"2,820",100% bearish,of 1 rating,N/A
HBANP,$1330,1441293405005,8,100% bearish,of 1 rating,N/A
HTCH,$1.44,1441293405032,"10,957",100% bearish,of 1 rating,$3.50
HURN,$72.75,1441293405112,"26,399",50% bullish,of 2 ratings,$80
HDRAU,NULL,1441293405318,0,Not yet rated,NULL,N/A
HDRAR,NULL,1441293405351,0,Not yet rated,NULL,N/A
HBP,$3.1399,1441293405372,"1,000",100% bullish,of 1 rating,N/A
HDRA,NULL,1441293405407,0,Not yet rated,NULL,N/A
HDRAW,$0.264,1441293405450,1,Not yet rated,NULL,N/A
HYGS,$8.7,1441293405509,"14,800",50% bullish,of 2 ratings,$13
IDSY,$3.7975,1441293405592,"1,620",100% bearish,of 1 rating,$7
IACI,$70.79,1441293405690,"105,396",80% bullish,of 5 ratings,$90
IKGH,$1.48,1441293405769,"3,746",75% bullish,of 4 ratings,N/A
IBKC,$60.485,1441293405896,"18,055",100% bullish,of 1 rating,$70
IEP,$70.5724,1441293406062,"10,177",75% bullish,of 4 ratings,$99
ICAD,$3.89,1441293406089,"4,298",50% bullish,of 2 ratings,$7.25
ICFI,$34.18,1441293406159,"1,624",50% bullish,of 2 ratings,$48.50
ICLR,$77.38,1441293406225,"79,836",100% bearish,of 3 ratings,$85
ICUI,$112.15,1441293406252,"15,129",Not yet rated,NULL,$122
ICON,$13.3301,1441293406275,"104,507",50% bullish,of 2 ratings,$18.50
INVE,$4.45,1441293406327,"1,652",75% bullish,of 4 ratings,$4
IDRA,$3.085,1441293406484,"299,676",89% bullish,of 9 ratings,$6.50
IDXX,$73.11,1441293406509,"100,839",100% bearish,of 1 rating,$76
IPWR,$7.425,1441293406538,101,100% bullish,of 1 rating,$15
DSKY,$10.86,1441293406665,"21,250",67% bullish,of 6 ratings,$11.50
IRG,$4.95,1441293406708,"1,647",100% bearish,of 1 rating,$4.25
IROQ,$16.793,1441293406736,697,100% bullish,of 1 rating,N/A
KANG,$15.61,1441293406936,"37,894",50% bullish,of 2 ratings,$23.10
IIVI,$16.79,1441293407042,"19,805",100% bearish,of 1 rating,$22
RXDX,$14.75,1441293407070,"44,971",100% bullish,of 1 rating,$20
IKAN,$2.74,1441293407101,"11,630",83% bullish,of 6 ratings,$5
ILMN,$198.43,1441293407196,"138,658",80% bullish,of 5 ratings,$245
IKNX,$12.282,1441293407299,401,100% bearish,of 1 rating,N/A
ISNS,$4.1199,1441293407329,"3,048",50% bullish,of 2 ratings,N/A
IMMR,$12.05,1441293407354,"17,987",80% bullish,of 5 ratings,$15.50
ICCC,$6.87,1441293407379,800,100% bullish,of 1 rating,N/A
IMDZ,$16.94,1441293407625,"6,559",100% bearish,of 1 rating,$33
IMGN,$13.4,1441293407654,"134,701",75% bullish,of 4 ratings,$17.50
IMNP,$1.29,1441293407682,"57,941",50% bullish,of 2 ratings,$6
IMMU,$2.21,1441293407758,"209,530",86% bullish,of 7 ratings,$2
IMMY,$7.66,1441293407814,"3,251",100% bearish,of 1 rating,$11
IPXL,$41.5,1441293407840,"61,875",67% bullish,of 3 ratings,$46.50
INCR,$43.07,1441293407861,"46,934",50% bullish,of 2 ratings,$53
SAAS,$7.29,1441293408042,"49,057",50% bullish,of 2 ratings,$15
INCY,$122.5899,1441293408172,"178,782",50% bullish,of 6 ratings,$125.50
IBCP,$14.18,1441293408197,"3,932",100% bullish,of 1 rating,$14.50
IDSA,$3.5375,1441293408330,100,Not yet rated,NULL,N/A
INFN,$22.18,1441293408359,"378,775",71% bullish,of 7 ratings,$28
IBTX,$40.45,1441293408487,888,100% bullish,of 2 ratings,$47.25
INDB,$44.1,1441293408514,"20,215",Not yet rated,NULL,$44
INFI,$8.88,1441293408535,"58,527",50% bullish,of 4 ratings,$16.50
IPCC,$76.13,1441293408667,"9,252",Not yet rated,NULL,$77.50
III,$3.75,1441293408724,"26,871",57% bullish,of 7 ratings,$6
IFON,$1.28,1441293408749,"3,470",75% bullish,of 4 ratings,N/A
IMKTA,$50.4,1441293408908,"23,980",100% bearish,of 1 rating,N/A
INWK,$7,1441293409035,"25,352",50% bullish,of 2 ratings,$10
INOD,$2.33,1441293409092,48,100% bearish,of 1 rating,N/A
INNL,NULL,1441293409131,0,100% bearish,of 1 rating,$16.50
IOSP,$49.4,1441293409190,"22,336",100% bearish,of 1 rating,N/A
IPHS,$46.71,1441293409215,"14,412",100% bearish,of 1 rating,$60
INGN,$52.32,1441293409290,"43,628",100% bearish,of 1 rating,$50.50
ISSC,$2.8272,1441293409374,675,67% bearish,of 3 ratings,N/A
ITEK,$13.63,1441293409456,"154,779",100% bearish,of 3 ratings,$20
INOV,$21.74,1441293409551,"86,918",100% bearish,of 1 rating,$33
NSIT,$25.41,1441293409586,"18,866",50% bullish,of 2 ratings,N/A
INO,$7.18,1441293409619,"190,192",89% bullish,of 18 ratings,$20
INSM,$25.4,1441293409718,"34,423",71% bullish,of 7 ratings,$31.50
ISIG,NULL,1441293409784,0,100% bearish,of 1 rating,N/A
PODD,$28.84,1441293409815,"15,431",67% bearish,of 3 ratings,$35
IIIN,$17.57,1441293409918,"4,965",100% bearish,of 2 ratings,N/A
NTEC,$5.634,1441293410023,509,100% bearish,of 1 rating,N/A
INSY,$34.3951,1441293410083,"53,437",75% bullish,of 4 ratings,$48
IDTI,$19.39,1441293410210,"243,262",60% bullish,of 5 ratings,$25
IART,$62.05,1441293410313,"68,656",100% bearish,of 2 ratings,$71.50
IESC,NULL,1441293410340,0,100% bearish,of 1 rating,N/A
INTC,$29.355,1441293410371,"7,229,238",82% bullish,of 238 ratings,$36
ISSI,$21.85,1441293410392,"6,909",67% bullish,of 3 ratings,$19.75
IQNT,$19.06,1441293410477,"42,460",86% bullish,of 7 ratings,$20
IPCI,$2.28,1441293410553,"8,500",67% bullish,of 6 ratings,$8
IPAR,$24.89,1441293410637,"3,784",67% bullish,of 3 ratings,$38
IBKR,$38.32,1441293410663,"107,106",100% bullish,of 1 rating,N/A
ININ,$35.796,1441293410790,"13,461",67% bearish,of 3 ratings,$57
ICPT,$192.74,1441293410820,"26,257",70% bullish,of 10 ratings,$359.50
ICLDW,NULL,1441293410895,0,100% bearish,of 1 rating,N/A
ICLD,$1.88,1441293410925,"22,557",75% bullish,of 4 ratings,N/A
IDCC,$48.7,1441293411076,"22,301",80% bullish,of 5 ratings,$63
IMI,$2.01,1441293411171,"3,251",67% bullish,of 3 ratings,$2.22
TILE,$24.65,1441293411244,"40,274",100% bearish,of 3 ratings,$27
INAP,$9.2501,1441293411326,"82,062",75% bullish,of 4 ratings,$11
IBOC,$25.15,1441293411373,"7,922",100% bearish,of 1 rating,N/A
ISCA,$32.75,1441293411462,"5,402",100% bearish,of 1 rating,N/A
IIJI,$9.14,1441293411488,100,50% bullish,of 2 ratings,$12.50
IGLD,$7.335,1441293411520,975,50% bullish,of 2 ratings,N/A
PTNT,$3.03,1441293411630,108,Not yet rated,NULL,N/A
INPH,$0.307,1441293411717,200,50% bullish,of 2 ratings,N/A
XENT,$26,1441293411822,"15,576",50% bullish,of 2 ratings,$36.50
ISIL,$10.61,1441293411907,"140,352",50% bullish,of 6 ratings,$15
IILG,$19.66,1441293412045,"11,600",100% bearish,of 1 rating,$29
INTX,$2.05,1441293412074,"2,450",67% bullish,of 3 ratings,N/A
INTL,$26.23,1441293412147,"20,248",67% bearish,of 3 ratings,N/A
IVAC,$4.66,1441293412172,"4,816",100% bearish,of 1 rating,$6.625
IIN,$6.59,1441293412356,1,100% bearish,of 1 rating,$12
INTLL,NULL,1441293412381,0,Not yet rated,NULL,N/A
ITCI,$27.18,1441293412419,"147,866",75% bearish,of 4 ratings,$40
ISRG,$521.395,1441293412460,"31,249",67% bullish,of 3 ratings,$600
INTU,$86.58,1441293412604,"274,010",86% bullish,of 7 ratings,$107.50
INVT,$0.3126,1441293413274,"67,698",67% bullish,of 3 ratings,N/A
ISTR,$15.5201,1441293413326,140,100% bearish,of 1 rating,$18.50
SNAK,$8.525,1441293413355,"8,524",50% bullish,of 2 ratings,$14
ISBC,$11.71,1441293413380,"343,631",100% bullish,of 1 rating,$13.25
ITIC,$71.25,1441293413455,200,100% bearish,of 2 ratings,N/A
IVTY,$13.85,1441293413600,"4,800",Not yet rated,NULL,$18
NVIV,$9.73,1441293413628,"41,407",50% bullish,of 4 ratings,$24.50
IPAS,$1.01,1441293413653,"4,000",67% bullish,of 3 ratings,N/A
DTUL,NULL,1441293413763,0,Not yet rated,NULL,N/A
IPGP,$84.15,1441293413795,"29,421",67% bearish,of 3 ratings,$109.50
DFVL,NULL,1441293413816,0,Not yet rated,NULL,N/A
IPCM,$79.3925,1441293413898,"74,194",50% bullish,of 2 ratings,$80.125
IRIX,$6.92,1441293413959,"5,808",100% bearish,of 1 rating,N/A
IRMD,$23.92,1441293414125,"1,605",67% bearish,of 3 ratings,$25
IRDM,$7.14,1441293414330,"502,083",60% bullish,of 5 ratings,$11.50
IRDMB,$273.157,1441293414355,"10,000",67% bearish,of 3 ratings,N/A
IRBT,$29.51,1441293414381,"22,892",67% bullish,of 6 ratings,$37
IRWD,$11.055,1441293414535,"104,128",100% bearish,of 1 rating,$13
IRCP,NULL,1441293414561,0,100% bullish,of 2 ratings,N/A
COMT,$33.9399,1441293414582,"1,796",100% bearish,of 1 rating,N/A
IFAS,NULL,1441293414619,0,NULL,NULL,NULL
GNMA,$50.19,1441293414714,301,Not yet rated,NULL,N/A
FCHI,NULL,1441293414806,0,NULL,NULL,NULL
IFGL,$28.0629,1441293414832,"24,332",Not yet rated,NULL,N/A
IFNA,NULL,1441293414958,0,NULL,NULL,NULL
IFEU,$37.8386,1441293414985,248,Not yet rated,NULL,N/A
ACWX,$40.3483,1441293415006,"95,123",100% bearish,of 1 rating,N/A
ACWI,$55.565,1441293415136,"151,255",Not yet rated,NULL,N/A
AXJS,NULL,1441293415262,0,NULL,NULL,NULL
EMDI,NULL,1441293415288,0,NULL,NULL,NULL
AAXJ,$53.015,1441293415317,"144,304",Not yet rated,NULL,N/A
AAIT,NULL,1441293415363,0,NULL,NULL,NULL
EEMA,$50.03,1441293415448,"16,864",Not yet rated,NULL,N/A
EGRW,NULL,1441293415476,0,NULL,NULL,NULL
EEME,NULL,1441293415502,0,NULL,NULL,NULL
EMEY,NULL,1441293415576,0,NULL,NULL,NULL
EVAL,NULL,1441293415679,0,NULL,NULL,NULL
IEUS,$45.42,1441293415806,"7,695",100% bearish,of 1 rating,N/A
EEML,NULL,1441293415879,0,Not yet rated,NULL,N/A
QAT,NULL,1441293415909,0,Not yet rated,NULL,N/A
EUFN,$21.57,1441293415952,"23,801",100% bearish,of 1 rating,N/A
IBB,$347.39,1441293416010,"455,881",63% bullish,of 8 ratings,N/A
UAE,$17.94,1441293416035,500,Not yet rated,NULL,N/A
ICLN,$9.2791,1441293416209,"95,900",50% bullish,of 2 ratings,N/A
SOXX,$83.6,1441293416266,"70,217",50% bullish,of 2 ratings,N/A
WOOD,$47.78,1441293416314,"4,789",50% bullish,of 2 ratings,N/A
EMIF,$28.0323,1441293416340,275,Not yet rated,NULL,N/A
ISHG,$79.2398,1441293416479,716,100% bearish,of 1 rating,N/A
IGOV,$90.4096,1441293416530,"3,563",100% bearish,of 1 rating,N/A
INDY,$27.2649,1441293416557,"50,884",50% bullish,of 2 ratings,N/A
ISIS,$52.84,1441293416612,"270,197",53% bullish,of 15 ratings,$67
ISLE,$19.46,1441293416791,"102,560",50% bullish,of 4 ratings,$16
ISRL,$127.94,1441293416819,22,100% bearish,of 1 rating,N/A
ITRI,$29.51,1441293416949,"13,666",100% bearish,of 1 rating,$37
ITRN,$23.2601,1441293417075,"1,132",50% bullish,of 2 ratings,N/A
ITUS,$3.85,1441293417133,"1,109",Not yet rated,NULL,N/A
IXYS,$11.72,1441293417181,"18,838",50% bullish,of 4 ratings,N/A
XXIA,$15.2,1441293417206,"46,845",71% bullish,of 7 ratings,$14.625
JJSF,$115.67,1441293417237,"4,661",100% bearish,of 1 rating,N/A
MAYS,NULL,1441293417335,0,Not yet rated,NULL,N/A
JBHT,$75.07,1441293417442,"232,444",50% bullish,of 4 ratings,$89.50
JCOM,$67.6,1441293417499,"105,945",100% bullish,of 2 ratings,$77
JASO,$8.17,1441293417572,"182,304",82% bullish,of 17 ratings,$10
JKHY,$67.54,1441293417626,"31,053",67% bearish,of 3 ratings,$72
JACK,$78.76,1441293417727,"44,522",71% bullish,of 7 ratings,$105
JXSB,$24,1441293417756,"1,815",Not yet rated,NULL,N/A
JAXB,$13,1441293417859,100,100% bullish,of 1 rating,N/A
JAGX,$3.38,1441293417899,"3,500",Not yet rated,NULL,$10.50
JMBA,$14.24,1441293418037,"75,891",75% bullish,of 4 ratings,$18
JRVR,$27.86,1441293418064,"23,221",Not yet rated,NULL,$32
JAKK,$9.4201,1441293418089,"82,905",60% bearish,of 5 ratings,$11
ERW,NULL,1441293418145,0,Not yet rated,NULL,N/A
JASN,$4.85,1441293418312,207,50% bullish,of 2 ratings,$9.50
JAZZ,$167.36,1441293418379,"27,724",80% bullish,of 15 ratings,$206.50
JASNW,NULL,1441293418405,0,50% bullish,of 2 ratings,N/A
JD,$24.85,1441293418438,"1,845,855",75% bullish,of 16 ratings,$36
JBLU,$23.79,1441293418481,"1,279,494",94% bullish,of 18 ratings,$27
JTPY,$2.95,1441293418542,1,100% bearish,of 1 rating,N/A
DATE,$6.2354,1441293418674,"25,495",75% bullish,of 4 ratings,$9
JCTCF,$9.6,1441293418748,100,100% bullish,of 1 rating,N/A
JIVE,$4.64,1441293418908,"20,147",75% bullish,of 4 ratings,$5
JST,$3.8,1441293418936,"1,500",75% bullish,of 4 ratings,N/A
JBSS,$50.38,1441293418957,"7,472",67% bearish,of 3 ratings,N/A
JOEZ,$0.1621,1441293419010,"82,916",92% bullish,of 12 ratings,N/A
WYIGU,NULL,1441293419093,0,100% bearish,of 1 rating,N/A
JOUT,$24.6,1441293419270,"2,054",100% bearish,of 1 rating,$34
KTWO,$21.45,1441293419376,"13,602",100% bearish,of 1 rating,$28.50
JUNO,$36.007,1441293419402,"172,663",73% bullish,of 11 ratings,$71.50
KBIO,$2.5172,1441293419435,"130,424",50% bullish,of 4 ratings,N/A
KALU,$82.89,1441293419457,"27,039",67% bearish,of 3 ratings,$91
JNP,$13.09,1441293419486,"88,604",100% bullish,of 3 ratings,$15
KMDA,$3.45,1441293419535,"7,055",50% bullish,of 2 ratings,$8
KNDI,$6.3399,1441293419682,"28,011",86% bullish,of 22 ratings,N/A
KPTI,$14.83,1441293419880,"49,052",67% bearish,of 3 ratings,$39
KCAP,$4.63,1441293419911,"33,902",75% bullish,of 4 ratings,$6
KBSF,NULL,1441293419931,0,100% bullish,of 1 rating,N/A
KRNY,$11.33,1441293419953,"33,961",100% bearish,of 1 rating,$12
KCLI,$46.45,1441293419984,"3,885",Not yet rated,NULL,N/A
KELYA,$14.5,1441293420177,"6,070",67% bullish,of 6 ratings,$20
KMPH,$19.83,1441293420213,"2,435",100% bearish,of 2 ratings,$22
KELYB,NULL,1441293420239,0,50% bullish,of 2 ratings,N/A
GMCR,$57.4046,1441293420309,"512,380",71% bullish,of 42 ratings,$64
KFFB,NULL,1441293420338,0,100% bearish,of 1 rating,N/A
KERX,$5.475,1441293420359,"773,726",82% bullish,of 11 ratings,$12
KEQU,$16.64,1441293420394,100,100% bullish,of 1 rating,N/A
KTCC,$10.18,1441293420655,"1,300",100% bearish,of 1 rating,$16
KFRC,$26.85,1441293420803,"70,315",100% bullish,of 2 ratings,$29
KE,$11.35,1441293420931,"2,992",67% bearish,of 3 ratings,$16
KIN,$6.09,1441293421005,806,50% bullish,of 2 ratings,$6.25
KGJI,$0.6502,1441293421031,"1,600",89% bullish,of 9 ratings,N/A
KTEC,$12.05,1441293421061,7,Not yet rated,NULL,N/A
KONE,NULL,1441293421089,0,Not yet rated,NULL,N/A
KBAL,$10.6,1441293421114,"6,522",50% bullish,of 2 ratings,N/A
KINS,$8.69,1441293421164,"6,650",100% bullish,of 1 rating,N/A
KIRK,$22.6851,1441293421310,"12,909",50% bullish,of 2 ratings,$32
KITE,$54.59,1441293421348,"72,940",89% bullish,of 9 ratings,$85
KLAC,$49.36,1441293421440,"139,698",100% bearish,of 1 rating,$61.50
KONA,$18.48,1441293421466,"6,288",50% bullish,of 2 ratings,$28
KZ,$6.42,1441293421491,"9,130",60% bearish,of 5 ratings,N/A
