Symbol,Price,Date,Volume,Rating,RatingVoteCount,OneYearEstimate
FCCY,$11.56,1441728602981,100,100% bullish,of 1 rating,$13
FCTY,$7.88,1441728603015,212,100% bullish,of 1 rating,$8.50
SRCE,$30.66,1441728603266,"6,652",100% bullish,of 3 ratings,$33
TFSCW,$0.3,1441728603312,"4,500",100% bearish,of 1 rating,N/A
VNET,$18.31,1441728603407,"147,263",60% bullish,of 5 ratings,$35
PIH,$7.54,1441728603470,503,100% bearish,of 1 rating,N/A
FLWS,$8.57,1441728603495,"59,529",80% bullish,of 5 ratings,$15
UGLD,$9.04,1441728603925,"41,058",100% bearish,of 1 rating,N/A
USLV,$13.12,1441728603953,"130,992",86% bullish,of 7 ratings,N/A
DGLD,$82.99,1441728604053,"3,137",100% bullish,of 1 rating,N/A
TWOU,$35.74,1441728604143,"86,873",50% bullish,of 2 ratings,$39
DSLV,$65.4915,1441728604298,"12,547",100% bearish,of 1 rating,N/A
JOBS,$26.85,1441728604443,"37,197",50% bullish,of 4 ratings,$36
SIXD,$2.78,1441728604804,"10,201",Not yet rated,NULL,N/A
CAFD,$14.33,1441728605560,"53,973",Not yet rated,NULL,$24.50
ABY,$20.42,1441728606048,"1,120,229",100% bearish,of 2 ratings,$46
SHLM,$32.37,1441728606116,"43,019",100% bearish,of 1 rating,$47
AVHI,$13.83,1441728606141,"2,243",100% bearish,of 1 rating,$19
EGHT,$7.97,1441728606175,"61,403",82% bullish,of 17 ratings,$11
AAON,$19.77,1441728606339,"16,366",100% bearish,of 1 rating,$24
ABEOW,$1.7101,1441728606614,100,100% bullish,of 1 rating,N/A
ABAX,$48.1,1441728606783,"17,202",100% bearish,of 1 rating,$60
ABGB,$5.7,1441728606976,"51,770",67% bullish,of 3 ratings,$5.50
ABEO,$4.83,1441728607026,"16,823",50% bullish,of 4 ratings,$15.50
ABMD,$95.055,1441728607135,"153,576",75% bullish,of 4 ratings,$100.50
AXAS,$1.71,1441728607238,"323,887",78% bullish,of 9 ratings,$3.50
ACTG,$9.22,1441728607311,"101,777",67% bullish,of 3 ratings,$18.50
ACHC,$73.64,1441728607540,"106,687",50% bullish,of 2 ratings,$92
AXDX,$18.16,1441728607786,"40,683",100% bearish,of 1 rating,N/A
ARAY,$6.57,1441728607813,"114,583",100% bearish,of 1 rating,$10.50
ACST,$0.3002,1441728607834,"10,140",100% bullish,of 2 ratings,N/A
ACAD,$40.16,1441728607864,"238,686",80% bullish,of 20 ratings,$48
ANCX,$20.215,1441728607887,"11,481",Not yet rated,NULL,$20
XLRN,$30.245,1441728607920,"55,918",50% bullish,of 2 ratings,$57
VXDN,$1.8601,1441728608020,"3,469",100% bearish,of 1 rating,N/A
TFSCU,NULL,1441728608342,0,Not yet rated,NULL,N/A
TFSC,NULL,1441728608367,0,100% bearish,of 1 rating,N/A
ACRX,$4.035,1441728608394,"336,064",67% bearish,of 6 ratings,$7
TFSCR,$0.3723,1441728608534,"1,000",Not yet rated,NULL,N/A
ACET,$22.88,1441728608568,"24,746",75% bullish,of 4 ratings,$30
VXUP,$1.5,1441728608593,"23,325",100% bearish,of 1 rating,N/A
AKAO,$7,1441728608618,"15,422",75% bullish,of 4 ratings,$15
ACIW,$21.45,1441728608831,"61,451",67% bearish,of 3 ratings,$24
ACHN,$8.02,1441728608868,"2,414,364",90% bullish,of 21 ratings,$16
ACNB,$20.12,1441728608922,300,Not yet rated,NULL,N/A
ATVI,$28.435,1441728609105,"1,870,073",67% bullish,of 84 ratings,$31.50
ACPW,$1.93,1441728609130,"16,383",100% bullish,of 4 ratings,$3.25
ACTS,$1.61,1441728609188,"4,101",100% bearish,of 1 rating,N/A
ACTA,$14.16,1441728609265,"25,126",67% bearish,of 3 ratings,$25
ACUR,$2.93,1441728609292,"3,400",100% bullish,of 5 ratings,$5
ACOR,$32.9399,1441728609426,"59,012",67% bearish,of 3 ratings,$38.50
ADMS,$19.79,1441728609592,"33,788",100% bearish,of 2 ratings,$36
ADAP,$11.18,1441728609725,"6,145",67% bullish,of 3 ratings,$22
ACXM,$20.76,1441728609756,"34,016",67% bullish,of 3 ratings,N/A
ADEP,$7.8,1441728609783,"37,329",50% bullish,of 2 ratings,$10.75
AEY,$2.3205,1441728609997,450,100% bearish,of 2 ratings,N/A
ADTN,$15.68,1441728610094,"33,044",67% bullish,of 3 ratings,$17.125
ADUS,$29.16,1441728610123,"14,461",100% bearish,of 1 rating,$31
ADMA,$8.96,1441728610165,"1,806",Not yet rated,NULL,$19
ADRO,$18.79,1441728610223,"79,806",80% bullish,of 5 ratings,$45.50
ADBE,$78.73,1441728610264,"519,001",61% bullish,of 18 ratings,$90
ADMP,$3.83,1441728610310,"6,961",50% bullish,of 2 ratings,$10
AEIS,$24.5,1441728610444,"74,979",50% bullish,of 2 ratings,$32.50
ADXS,$13.92,1441728610545,"203,556",64% bullish,of 14 ratings,$27
AMD,$1.8558,1441728610636,"1,329,854",83% bullish,of 103 ratings,$2
ADXSW,$9.97,1441728610660,150,100% bullish,of 1 rating,N/A
MULT,NULL,1441728610846,0,100% bearish,of 1 rating,N/A
AEGR,$17.78,1441728610945,"54,040",50% bullish,of 6 ratings,$26
AEGN,$17.97,1441728610971,"37,819",100% bearish,of 2 ratings,$21
YPRO,NULL,1441728610995,0,100% bearish,of 1 rating,N/A
AEHR,NULL,1441728611031,0,50% bullish,of 2 ratings,N/A
AMTX,$2.922,1441728611127,"4,728",50% bullish,of 2 ratings,N/A
AERI,$16.45,1441728611162,"217,637",75% bullish,of 4 ratings,$31.50
AEPI,$61.6,1441728611259,"20,689",100% bearish,of 1 rating,N/A
AEMD,$7.28,1441728611371,"58,164",Not yet rated,NULL,$27.50
AVAV,$20.63,1441728611397,"48,199",50% bullish,of 4 ratings,$28
AFMD,$9.77,1441728611476,"28,131",50% bullish,of 4 ratings,$15
AFFX,$9.42,1441728611635,"214,188",80% bullish,of 5 ratings,$12.50
AEZS,$0.077,1441728611660,"5,626,898",90% bullish,of 21 ratings,$1.50
AGIO,$88.46,1441728611859,"79,451",88% bullish,of 8 ratings,$114
AGRX,$8.75,1441728611907,"1,935",100% bearish,of 1 rating,$17.50
AGYS,$9.59,1441728611933,"2,805",100% bearish,of 1 rating,N/A
AGFSW,$2.1,1441728612063,"2,801",100% bearish,of 2 ratings,N/A
AGFS,$10.05,1441728612088,"32,899",100% bearish,of 1 rating,N/A
AIRT,$22.6,1441728612296,"2,935",100% bullish,of 1 rating,N/A
AGEN,$7.04,1441728612372,"136,712",85% bullish,of 13 ratings,$14
ATSG,$8.87,1441728612400,"26,681",67% bullish,of 3 ratings,$13
AMCN,$4.6,1441728612421,"153,860",83% bullish,of 6 ratings,N/A
AIMT,$23.73,1441728612454,"92,115",Not yet rated,NULL,$35.50
AIRM,$36.97,1441728612553,"43,535",80% bearish,of 5 ratings,$53
AKAM,$73.31,1441728612581,"242,020",63% bullish,of 8 ratings,$77.50
AIXG,$6.91,1441728612637,"6,644",67% bearish,of 3 ratings,$5.25
AKER,$2.7497,1441728612783,"1,520",Not yet rated,NULL,N/A
AKRX,$39.21,1441728612858,"153,994",78% bullish,of 9 ratings,$56
AKBA,$7.53,1441728612913,"136,148",100% bearish,of 1 rating,$18
ALRM,$16.33,1441728613084,"22,034",100% bearish,of 1 rating,$22
AMRI,$20.35,1441728613215,"41,814",75% bearish,of 4 ratings,$24
ABDC,$12.89,1441728613241,"12,268",Not yet rated,NULL,$15
ALSK,$2.2699,1441728613264,"38,055",78% bullish,of 18 ratings,$2
ADHD,$7.86,1441728613298,"29,437",50% bullish,of 4 ratings,$18
ALDX,$7.23,1441728613406,"8,327",100% bearish,of 1 rating,$14.50
ALDR,$42.16,1441728613439,"103,987",67% bearish,of 3 ratings,$62
ALXA,$1.35,1441728613465,"16,534",83% bullish,of 6 ratings,$2.125
ALXN,$173.61,1441728613495,"255,778",88% bullish,of 8 ratings,$223.50
ALCO,$42.3,1441728613656,"3,434",50% bullish,of 2 ratings,N/A
ALGN,$55.17,1441728613683,"50,525",100% bearish,of 2 ratings,$73
ALIM,$2.99,1441728613716,"18,500",80% bullish,of 5 ratings,$10
ALKS,$66.375,1441728613947,"154,056",67% bullish,of 3 ratings,$75
ALGT,$207.07,1441728614139,"23,912",100% bearish,of 2 ratings,$235
AFOP,$19.13,1441728614168,"24,317",75% bullish,of 8 ratings,$21
AHGP,$35.79,1441728614194,"12,964",67% bullish,of 3 ratings,N/A
AIQ,$14.91,1441728614222,"4,402",67% bullish,of 3 ratings,N/A
AHPI,NULL,1441728614270,0,50% bullish,of 2 ratings,N/A
ALLB,$23.31,1441728614403,100,Not yet rated,NULL,N/A
AMOT,$17.35,1441728614430,"16,562",100% bearish,of 1 rating,N/A
ARLP,$25.03,1441728614455,"45,666",67% bearish,of 3 ratings,$32
ALLT,$5.19,1441728614617,"7,385",75% bullish,of 4 ratings,$6.25
MDRX,$13.235,1441728614668,"516,638",60% bullish,of 5 ratings,$16
AFAM,$45.28,1441728614714,"10,971",50% bullish,of 2 ratings,$44
ALQA,$4.535,1441728614742,"7,677",75% bullish,of 4 ratings,$8.50
ALNY,$100.49,1441728614882,"151,086",67% bullish,of 3 ratings,$151.50
AOSL,$8.24,1441728614935,"7,444",67% bullish,of 3 ratings,$9
SMCP,$23.1701,1441728614964,575,Not yet rated,NULL,N/A
ATEC,$0.546,1441728615066,"68,914",100% bullish,of 1 rating,$2
ALTR,$50.4,1441728615196,"2,150,669",67% bearish,of 6 ratings,$54
ASPS,$26.6801,1441728615246,"70,200",67% bullish,of 3 ratings,$46.50
AMAG,$60.4961,1441728615267,"102,831",100% bullish,of 2 ratings,$75
AIMC,$23.99,1441728615297,"27,554",100% bearish,of 2 ratings,$28.50
AMRK,$10.88,1441728615447,"34,954",50% bullish,of 2 ratings,$14
AMZN,$511.89,1441728615505,"1,074,226",81% bullish,of 269 ratings,$646
AMBA,$72.17,1441728615608,"1,072,913",71% bullish,of 14 ratings,$102.50
AMRN,$2.35,1441728615640,"503,001",85% bullish,of 40 ratings,$8
AMBC,$16.52,1441728615746,"46,206",100% bearish,of 1 rating,$16.50
AYA,$21.04,1441728615773,"7,997",100% bearish,of 1 rating,$40
AMBCW,NULL,1441728615903,0,100% bearish,of 1 rating,N/A
EPAX,$2.7,1441728615967,"16,841",100% bearish,of 1 rating,N/A
DOX,$56.84,1441728615992,"177,564",67% bearish,of 3 ratings,$60
AMCX,$73.35,1441728616032,"143,470",67% bullish,of 3 ratings,$87.50
AMED,$40.7606,1441728616057,"46,289",100% bearish,of 1 rating,$42
AMDA,$0.4016,1441728616242,"2,788,208",90% bullish,of 10 ratings,$1
ATAX,$5.307,1441728616335,"29,035",100% bullish,of 1 rating,$6.50
UHAL,$372.815,1441728616398,"9,655",100% bullish,of 2 ratings,$393.50
ASBI,$22.91,1441728616467,"9,732",Not yet rated,NULL,N/A
AMOV,$17.79,1441728616493,760,100% bearish,of 1 rating,N/A
AGNC,$19.035,1441728616519,"677,276",71% bullish,of 28 ratings,$22
AAL,$40.94,1441728616575,"2,263,919",93% bullish,of 88 ratings,$57
AGNCB,$24.2575,1441728616706,"4,254",Not yet rated,NULL,N/A
AGNCP,$25.36,1441728616842,"1,450",Not yet rated,NULL,N/A
MTGEP,NULL,1441728616869,0,Not yet rated,NULL,N/A
ACSF,$12.22,1441728616905,"4,759",100% bearish,of 1 rating,$15
MTGE,$15.19,1441728616933,"120,257",75% bullish,of 4 ratings,$19.50
ACAS,$13.905,1441728617037,"380,540",60% bullish,of 5 ratings,$16.75
ANCI,$1.41,1441728617091,700,100% bearish,of 1 rating,N/A
ANAT,$98.12,1441728617292,"21,522",100% bullish,of 1 rating,N/A
AMIC,NULL,1441728617318,0,100% bearish,of 1 rating,N/A
AETI,$3.4594,1441728617367,"1,600",67% bearish,of 3 ratings,N/A
ARII,$40.77,1441728617393,"57,277",67% bearish,of 3 ratings,$45
APEI,$22.45,1441728617524,"11,779",100% bearish,of 1 rating,$25.50
AMRB,$10.3524,1441728617551,"2,699",Not yet rated,NULL,$11
AMNB,$23.33,1441728617596,"2,288",Not yet rated,NULL,$25.50
AMSWA,$9.08,1441728617739,"9,863",100% bearish,of 2 ratings,$10.75
ASEI,$39.02,1441728617765,"10,130",100% bearish,of 1 rating,$52.50
CRMT,$35.57,1441728617896,"3,402",100% bearish,of 1 rating,$38
AMSC,$5.1,1441728617926,"24,645",50% bullish,of 4 ratings,N/A
AMWD,$68.12,1441728617951,"41,120",50% bullish,of 2 ratings,$70
ABCB,$27.635,1441728617972,"15,973",Not yet rated,NULL,$31
ASRV,$3.22,1441728618145,"3,600",100% bullish,of 2 ratings,N/A
AMSF,$47.075,1441728618173,"5,015",Not yet rated,NULL,$57.50
ATLO,$22.94,1441728618340,694,Not yet rated,NULL,N/A
AMGN,$152.03,1441728618367,"1,149,177",89% bullish,of 19 ratings,$185
ASRVP,NULL,1441728618422,0,Not yet rated,NULL,N/A
FOLD,$16.895,1441728618555,"558,363",56% bullish,of 9 ratings,$21
AMKR,$5.51,1441728618616,"408,030",100% bearish,of 2 ratings,$5
AMPH,$13.965,1441728618653,"51,886",50% bullish,of 2 ratings,$20
AMSGP,$152.74,1441728618682,146,Not yet rated,NULL,N/A
AMSG,$80.67,1441728618709,"107,656",100% bearish,of 1 rating,$85.50
AFSI,$58.2,1441728618742,"78,548",60% bullish,of 5 ratings,$72
ASYS,$5.45,1441728618844,"11,996",67% bullish,of 3 ratings,$12
ANAC,$135,1441728618987,"71,829",80% bullish,of 5 ratings,$180.50
ANAD,$0.3,1441728619035,"179,914",100% bullish,of 2 ratings,$.50
AMRS,$1.8,1441728619062,"87,759",70% bullish,of 10 ratings,N/A
ADI,$56.4758,1441728619204,"752,284",75% bullish,of 4 ratings,$69
ANCB,$21.6,1441728619261,"3,169",Not yet rated,NULL,$23
ALOG,$82.16,1441728619289,"30,488",100% bearish,of 2 ratings,$100.50
AMCF,NULL,1441728619418,0,NULL,NULL,NULL
ABCW,$42.25,1441728619450,"10,955",67% bullish,of 3 ratings,N/A
ANGI,$5.26,1441728619480,"124,513",64% bullish,of 11 ratings,$5.50
ANGO,$14.67,1441728619554,"12,481",67% bullish,of 3 ratings,$19
ANSS,$91.39,1441728619582,"72,019",100% bearish,of 1 rating,$100
ANIP,$53.3,1441728619611,"28,570",89% bullish,of 19 ratings,$66
ANIK,$36.635,1441728619656,"22,280",60% bullish,of 5 ratings,$51.25
ATRS,$1.84,1441728619790,"70,920",92% bullish,of 12 ratings,$4.50
ABAC,$0.79,1441728619825,40,100% bearish,of 1 rating,N/A
ANTH,$7.439,1441728619956,"124,148",80% bullish,of 10 ratings,$13
ATNY,$2.4101,1441728620090,"4,223",50% bullish,of 2 ratings,$3.75
AINV,$6.5,1441728620223,"267,020",50% bullish,of 4 ratings,$8
APIC,$7.59,1441728620254,"48,184",100% bearish,of 1 rating,$19
AAPL,$111.66,1441728620287,"12,709,705",86% bullish,of 2368 ratings,$150
APOL,$11.5501,1441728620318,"301,769",87% bearish,of 68 ratings,$14
APOG,$53.984,1441728620351,"26,441",50% bullish,of 2 ratings,$67
ARCI,$1.16,1441728620392,"2,618",Not yet rated,NULL,N/A
APPF,$17.71,1441728620421,"12,965",50% bullish,of 2 ratings,$22
APDN,$3.54,1441728620628,"28,170",Not yet rated,NULL,$9
APDNW,$1.48,1441728620662,435,Not yet rated,NULL,N/A
AMAT,$15.76,1441728620704,"3,755,911",82% bullish,of 11 ratings,$23
AGTC,$16.92,1441728620760,"12,964",50% bullish,of 2 ratings,$33
AMCC,$5.87,1441728620838,"90,224",80% bullish,of 5 ratings,$8
AAOI,$21.77,1441728620906,"85,472",50% bullish,of 4 ratings,$26
AREX,$2.7001,1441728621031,"259,087",50% bullish,of 2 ratings,$3
APRI,$1.72,1441728621133,"132,317",83% bullish,of 6 ratings,$4.86
AQXP,$15.86,1441728621159,"107,472",67% bearish,of 3 ratings,$2
AUMA,NULL,1441728621213,0,Not yet rated,NULL,N/A
AQMS,$4.995,1441728621290,"6,216",Not yet rated,NULL,N/A
APTO,$5.25,1441728621344,154,Not yet rated,NULL,$17
PETX,$17.59,1441728621471,"33,447",100% bearish,of 2 ratings,$26
ARDM,$7.33,1441728621502,200,100% bullish,of 1 rating,$26
AUMAW,NULL,1441728621522,0,Not yet rated,NULL,N/A
AUMAU,NULL,1441728621647,0,Not yet rated,NULL,N/A
ARCW,$3.24,1441728621710,"13,654",100% bearish,of 2 ratings,$10.50
ABIO,$7.4061,1441728621738,"83,941",50% bullish,of 2 ratings,$26.242
ABUS,$7.06,1441728621766,"51,496",86% bullish,of 14 ratings,$21.50
RKDA,$5.5,1441728621920,"11,473",100% bearish,of 2 ratings,$10
ARCB,$29.39,1441728621948,"24,646",67% bearish,of 3 ratings,$39.50
ACGL,$69.09,1441728621973,"89,043",50% bullish,of 2 ratings,$72
ACAT,$24.5,1441728622104,"65,036",100% bearish,of 3 ratings,$33
ARNA,$2.77,1441728622144,"289,782",90% bullish,of 78 ratings,$5.50
ARDX,$19.7,1441728622255,"64,682",50% bullish,of 2 ratings,$24.50
ARCC,$15.545,1441728622332,"261,672",67% bearish,of 3 ratings,$17.75
ARGS,$6.186,1441728622467,"8,306",50% bullish,of 2 ratings,$19.50
ARIA,$7.889,1441728622499,"1,486,523",87% bullish,of 46 ratings,$9
AGIIL,$25.35,1441728622520,"4,120",Not yet rated,NULL,N/A
AGII,$54.76,1441728622541,"10,297",Not yet rated,NULL,$59.50
ARIS,$3.78,1441728622563,"6,296",Not yet rated,NULL,$4.50
ARKR,$24.9,1441728622809,"2,400",50% bullish,of 2 ratings,N/A
ARMH,$44.19,1441728622878,"633,901",54% bearish,of 13 ratings,$60
ARWAR,NULL,1441728622912,0,Not yet rated,NULL,N/A
ARWA,NULL,1441728622940,0,Not yet rated,NULL,N/A
ARWAU,NULL,1441728623012,0,100% bullish,of 1 rating,N/A
ARTX,$1.375,1441728623071,"32,255",88% bullish,of 16 ratings,$4.50
ARWAW,NULL,1441728623151,0,Not yet rated,NULL,N/A
ARRS,$26.6999,1441728623357,"145,904",50% bullish,of 2 ratings,$38
ARRY,$5.754,1441728623442,"290,224",100% bullish,of 7 ratings,$10
AROW,$27.24,1441728623472,"3,060",Not yet rated,NULL,N/A
ARQL,$1.71,1441728623502,"46,276",75% bullish,of 4 ratings,$5
DWAT,$9.7615,1441728623531,"7,605",100% bearish,of 1 rating,N/A
ARTW,$4.02,1441728623569,390,75% bearish,of 4 ratings,N/A
ARWR,$5.4966,1441728623598,"253,587",75% bullish,of 4 ratings,$10.50
ARTNA,$21.84,1441728623739,"1,583",100% bearish,of 1 rating,$29
ASBB,$25.23,1441728623826,6,Not yet rated,NULL,N/A
ASND,$20.41,1441728623934,"9,250",50% bullish,of 2 ratings,$30
ASNA,$12.18,1441728624002,"814,439",50% bullish,of 2 ratings,$17.50
ASTI,$0.235,1441728624034,"2,213,584",83% bullish,of 6 ratings,$3
ASCMA,$28.61,1441728624060,"20,165",100% bearish,of 1 rating,$45
APWC,$1.75,1441728624204,204,100% bearish,of 1 rating,N/A
ASML,$93.017,1441728624233,"254,501",50% bullish,of 4 ratings,$127
ASMI,NULL,1441728624338,0,NULL,NULL,NULL
ASMB,$13.33,1441728624366,"9,866",67% bullish,of 3 ratings,N/A
AZPN,$39.305,1441728624391,"148,837",50% bullish,of 2 ratings,$42
ASTE,$38.15,1441728624446,"19,284",100% bearish,of 1 rating,$49
ASFI,$8.7,1441728624524,"1,400",100% bullish,of 1 rating,N/A
ALOT,$13.95,1441728624553,522,100% bearish,of 1 rating,N/A
ATRO,$49.73,1441728624680,"47,375",100% bearish,of 2 ratings,$80
ASTC,$2.307,1441728624708,"13,307",100% bullish,of 5 ratings,N/A
ASUR,$5.57,1441728624782,881,50% bullish,of 2 ratings,$8
ATRA,$43.5,1441728624964,"68,820",50% bullish,of 2 ratings,$68
ATAI,$2.365,1441728625004,"13,269",100% bearish,of 1 rating,N/A
ATHN,$134.95,1441728625058,"63,699",67% bearish,of 3 ratings,$153
ATHX,$1.16,1441728625096,"31,119",89% bullish,of 9 ratings,$5
AFCB,NULL,1441728625123,0,Not yet rated,NULL,N/A
AAPC,$10.1,1441728625199,200,Not yet rated,NULL,N/A
AAME,$3.46,1441728625279,"1,200",Not yet rated,NULL,N/A
ACFC,$5.51,1441728625304,"3,665",100% bearish,of 1 rating,$6.50
ATNI,$73.83,1441728625437,"13,384",100% bearish,of 1 rating,$69.50
ATLC,$3.85,1441728625465,200,67% bullish,of 3 ratings,N/A
AAWW,$38.889,1441728625565,"57,226",50% bullish,of 2 ratings,$65
AFH,$16.3,1441728625612,"23,799",Not yet rated,NULL,$21.50
ATML,$7.95,1441728625718,"1,288,600",78% bullish,of 9 ratings,$9.50
ATOS,$0.89,1441728625753,"25,270",100% bullish,of 7 ratings,$7
ATRI,$384,1441728625849,536,Not yet rated,NULL,N/A
ATRC,$24.26,1441728625875,"28,259",100% bullish,of 1 rating,$30
LIFE,$15.2,1441728626007,"16,229",86% bullish,of 7 ratings,$43
ATTU,$13.3,1441728626034,"3,675",100% bearish,of 1 rating,$20.50
ATRM,$3.105,1441728626060,100,50% bullish,of 2 ratings,N/A
AUPH,$3.4128,1441728626258,"4,720",100% bearish,of 1 rating,$8
AUDC,$3.3,1441728626286,"3,231",80% bullish,of 5 ratings,$5
ADAT,$0.3365,1441728626315,"158,226",100% bullish,of 2 ratings,N/A
AUBN,$26.86,1441728626344,502,Not yet rated,NULL,N/A
EARS,$4.46,1441728626448,"4,208",100% bearish,of 2 ratings,$8.49
ABTL,$19.15,1441728626499,"20,484",100% bullish,of 4 ratings,$20.25
ADP,$77.09,1441728626548,"366,177",100% bearish,of 1 rating,$88
AVGO,$126.65,1441728626691,"651,658",88% bullish,of 8 ratings,$165
AAVL,$10.56,1441728626750,"93,286",100% bearish,of 1 rating,$20
ADSK,$46.19,1441728626822,"321,281",67% bullish,of 6 ratings,$66
AVNW,$1.1986,1441728626881,"12,865",50% bullish,of 2 ratings,N/A
AVEO,$1.3799,1441728627051,"200,565",75% bullish,of 8 ratings,$3
AVNU,$13,1441728627122,"4,000",Not yet rated,NULL,$14
AVID,$8.73,1441728627208,"85,591",100% bearish,of 1 rating,$20
CAR,$43.22,1441728627280,"245,538",67% bullish,of 6 ratings,$60
ACLS,$3.46,1441728627306,"624,001",67% bullish,of 6 ratings,$4.75
AWRE,$3.2142,1441728627329,"2,768",67% bullish,of 3 ratings,N/A
AVGR,$15.32,1441728627362,"8,159",100% bearish,of 1 rating,$20
AXPWW,$0.95,1441728627464,30,Not yet rated,NULL,N/A
AXPW,$1.8365,1441728627499,"323,379",86% bullish,of 7 ratings,N/A
AXGN,$4.75,1441728627593,"24,537",Not yet rated,NULL,$5
AXTI,$2.16,1441728627738,"6,112",50% bullish,of 2 ratings,$2.75
RILY,NULL,1441728627763,0,Not yet rated,NULL,N/A
BCOM,$19.52,1441728627807,109,100% bearish,of 1 rating,N/A
BOSC,$2.2499,1441728627839,"27,954",50% bullish,of 2 ratings,N/A
BIDU,$148.283,1441728627974,"1,061,489",81% bullish,of 88 ratings,$210
BEAV,$49.755,1441728627999,"71,611",67% bearish,of 3 ratings,$59
BWINB,$22.29,1441728628156,"5,895",Not yet rated,NULL,N/A
BCPC,$57.305,1441728628183,"27,949",100% bearish,of 1 rating,$75
BLDP,$1.38,1441728628216,"90,916",91% bullish,of 22 ratings,$2.50
BANFP,NULL,1441728628236,0,Not yet rated,NULL,N/A
BWINA,$22.98,1441728628270,187,Not yet rated,NULL,N/A
BANF,$60.73,1441728628321,"3,770",Not yet rated,NULL,$68
BKMU,$7.09,1441728628483,"20,445",Not yet rated,NULL,$8
BOCH,$5.7707,1441728628612,"8,691",Not yet rated,NULL,$6.50
BMRC,$48.555,1441728628660,636,Not yet rated,NULL,$52
BKSC,$16.51,1441728628791,"4,398",Not yet rated,NULL,N/A
BOTJ,$10.94,1441728628932,"1,666",Not yet rated,NULL,N/A
BFIN,$12.09,1441728628979,"5,024",Not yet rated,NULL,$13
OZRK,$41.77,1441728629062,"101,235",67% bullish,of 3 ratings,$49.50
TAPR,$33.44,1441728629095,265,100% bearish,of 1 rating,N/A
BZUN,$5.33,1441728629123,"47,477",50% bullish,of 2 ratings,$11.50
BHAC,NULL,1441728629162,0,Not yet rated,NULL,N/A
BANR,$44.33,1441728629223,"14,371",100% bullish,of 3 ratings,$50
BWFG,$18.3,1441728629296,"2,245",100% bearish,of 1 rating,N/A
BHACR,NULL,1441728629320,0,Not yet rated,NULL,N/A
BHACW,NULL,1441728629488,0,Not yet rated,NULL,N/A
BHACU,NULL,1441728629540,0,Not yet rated,NULL,N/A
BBSI,$34.78,1441728629786,"14,474",67% bearish,of 3 ratings,$62.50
BYBK,$5.03,1441728629821,"1,900",100% bearish,of 1 rating,N/A
BCBP,NULL,1441728629871,0,Not yet rated,NULL,N/A
BSET,$30.26,1441728629898,"15,641",100% bearish,of 1 rating,$35
BBCN,$14.51,1441728629951,"33,586",100% bearish,of 1 rating,$16
BYLK,$12.8777,1441728630034,"6,972",Not yet rated,NULL,$14
BV,$5.125,1441728630082,"144,712",67% bullish,of 6 ratings,$8.75
BDCV,$4.8469,1441728630168,"2,592",100% bearish,of 1 rating,$10.19
BBGI,NULL,1441728630201,0,100% bearish,of 1 rating,N/A
BECN,$36.11,1441728630229,"106,076",50% bullish,of 2 ratings,$40
BEBE,$1.19,1441728630255,"147,435",75% bullish,of 4 ratings,$2.125
BSF,$8.84,1441728630297,"1,619",Not yet rated,NULL,N/A
BBBY,$62.575,1441728630495,"461,400",71% bullish,of 7 ratings,$75
BELFB,$18.68,1441728630658,"10,405",100% bearish,of 1 rating,N/A
BELFA,$15.98,1441728630686,8,100% bearish,of 1 rating,N/A
BLPH,$3.9201,1441728630748,"11,270",100% bearish,of 1 rating,$12.50
BLCM,$16.75,1441728630819,"85,442",50% bullish,of 4 ratings,$40
BNCL,$12.75,1441728630844,"98,098",100% bullish,of 3 ratings,$12.50
BNTC,$6.8001,1441728630881,"3,061",100% bullish,of 1 rating,N/A
BGCP,$8.98,1441728631039,"244,094",88% bullish,of 8 ratings,$14
BNFT,$36.29,1441728631067,"16,322",67% bullish,of 3 ratings,$46
BGMD,$0.627,1441728631140,"139,025",100% bullish,of 10 ratings,N/A
ORPN,$5.54,1441728631200,"2,500",100% bullish,of 1 rating,$28.50
BCDA,NULL,1441728631334,0,Not yet rated,NULL,N/A
BIND,$5.04,1441728631359,"50,849",75% bullish,of 4 ratings,$13.50
BASI,$1.65,1441728631397,5,Not yet rated,NULL,N/A
BGFV,$11.64,1441728631431,"35,633",57% bullish,of 7 ratings,$12
BIOC,$2.14,1441728631577,"278,607",83% bullish,of 6 ratings,$3.85
BCRX,$11.9,1441728631811,"73,276",63% bullish,of 8 ratings,$18
BIIB,$304.65,1441728631836,"370,343",88% bullish,of 16 ratings,$400
BIOL,$1.5536,1441728631861,"6,896",Not yet rated,NULL,N/A
BDSI,$6.5,1441728631889,"235,889",88% bullish,of 8 ratings,$17
BIOD,$0.69,1441728632023,"6,900",80% bullish,of 5 ratings,$4
BVXV,$3.903,1441728632050,"11,256",Not yet rated,NULL,N/A
BLFS,$2.43,1441728632081,"23,553",50% bullish,of 2 ratings,$4.75
BLRX,$1.7495,1441728632187,"96,453",100% bullish,of 12 ratings,$5
BVXVW,NULL,1441728632253,0,100% bearish,of 1 rating,N/A
BPTH,$1.1758,1441728632342,"14,813",100% bullish,of 2 ratings,$5
BMRN,$129.48,1441728632367,"157,115",80% bullish,of 5 ratings,$160
BRLI,NULL,1441728632499,0,NULL,NULL,NULL
BIOS,$2.52,1441728632634,"129,071",71% bullish,of 7 ratings,$4
BSTC,$49.6,1441728632667,"23,028",100% bearish,of 1 rating,$76
BBP,$32.49,1441728632701,"2,335",Not yet rated,NULL,N/A
BBC,$32.1332,1441728632795,"10,783",Not yet rated,NULL,N/A
TECH,$93.56,1441728632823,"63,306",100% bullish,of 1 rating,$117
BSPM,$0.703,1441728632852,770,50% bullish,of 2 ratings,N/A
BOTA,$2.17,1441728632888,"18,161",88% bullish,of 8 ratings,N/A
BITI,$16.9501,1441728633072,"11,445",100% bullish,of 1 rating,$28
BEAT,$15.9,1441728633207,"232,989",67% bearish,of 3 ratings,$15
BBOX,$14.82,1441728633332,"15,320",100% bearish,of 1 rating,N/A
BDMS,$13.1,1441728633444,100,100% bearish,of 1 rating,N/A
BBRY,$7.335,1441728633491,"1,335,875",61% bullish,of 331 ratings,$9
BDE,$7.47,1441728633523,"16,020",50% bullish,of 2 ratings,$9
BJRI,$45.1,1441728633550,"55,967",50% bullish,of 2 ratings,$55
HAWK,$39.7425,1441728633628,"41,606",91% bullish,of 11 ratings,$49
BLKB,$57.7,1441728633681,"18,176",100% bearish,of 2 ratings,$66
ADRA,$26.76,1441728633706,"1,221",100% bearish,of 1 rating,N/A
BKCC,$9.4879,1441728633762,"92,020",50% bullish,of 2 ratings,$10
ADRD,$21.7092,1441728633901,"1,301",100% bearish,of 1 rating,N/A
ADRE,$29.265,1441728634036,"2,708",100% bearish,of 1 rating,N/A
BLMN,$20.71,1441728634233,"174,342",83% bullish,of 6 ratings,$27.50
BCOR,$13.2,1441728634267,"45,988",57% bullish,of 7 ratings,$15
BLBD,$11.53,1441728634297,"4,438",Not yet rated,NULL,N/A
ADRU,$21.55,1441728634319,"1,808",100% bearish,of 1 rating,N/A
BBLU,$0.91,1441728634364,"27,434",100% bullish,of 2 ratings,$4.43
BUFF,$23.435,1441728634395,"359,843",77% bullish,of 13 ratings,$31.50
NILE,$33.77,1441728634503,"7,969",50% bullish,of 2 ratings,$34
BLUE,$135.81,1441728634768,"313,675",71% bullish,of 7 ratings,$217.50
BKEP,$6.4048,1441728634798,"3,982",100% bearish,of 1 rating,$8.50
BHBK,$14.105,1441728634829,"2,527",100% bullish,of 1 rating,$14.50
BPMC,$29.36,1441728634900,"16,421",50% bullish,of 2 ratings,$47.50
BKEPP,$7.81,1441728634962,"2,000",100% bearish,of 1 rating,N/A
BOBE,$46.37,1441728634988,"87,521",75% bullish,of 4 ratings,$57
BNCN,$21.53,1441728635028,"7,490",Not yet rated,NULL,$24
BOFI,$116.529,1441728635199,"76,556",100% bullish,of 6 ratings,$144
BOJA,$21.2244,1441728635231,"25,850",100% bullish,of 1 rating,$30
WIFI,$7.82,1441728635325,"49,976",50% bullish,of 2 ratings,$13.50
BOKF,$63.32,1441728635360,"16,013",100% bearish,of 1 rating,$69
BONA,$11.29,1441728635423,"80,320",75% bullish,of 4 ratings,$8.50
BNSO,$1.2699,1441728635516,563,100% bearish,of 1 rating,N/A
BAMM,$3.21,1441728635549,"2,051",60% bullish,of 5 ratings,N/A
BPFH,$12,1441728635654,"57,445",100% bearish,of 1 rating,$14
BPFHP,$25.4145,1441728635702,"2,300",100% bearish,of 1 rating,N/A
EPAY,$26.41,1441728635835,"40,737",100% bearish,of 2 ratings,$30
BPFHW,NULL,1441728635862,0,100% bearish,of 1 rating,N/A
BDBD,$8.43,1441728636017,"114,619",60% bullish,of 5 ratings,$10
BBEP,$2.8562,1441728636044,"718,443",69% bullish,of 13 ratings,$5.625
BBRG,$12.485,1441728636070,"11,861",67% bullish,of 3 ratings,$14.50
BLIN,$1.57,1441728636280,"38,681",50% bullish,of 2 ratings,$2.20
BCOV,$5.22,1441728636311,"8,898",67% bullish,of 3 ratings,$10.20
BCLI,$3.15,1441728636336,"31,176",80% bullish,of 5 ratings,$12
BDGE,$26.54,1441728636360,"7,852",Not yet rated,NULL,$31.75
BBEPP,$14.87,1441728636392,"3,899",50% bullish,of 2 ratings,N/A
BRID,NULL,1441728636566,0,100% bearish,of 1 rating,N/A
BRCM,$51.95,1441728636596,"383,412",69% bullish,of 13 ratings,$56
BSFT,$32.87,1441728636666,"51,364",57% bullish,of 7 ratings,$40.50
BVSN,$5.86,1441728636770,331,60% bearish,of 5 ratings,N/A
BWEN,$3.2,1441728636841,"16,750",75% bullish,of 4 ratings,$8
BYFC,$1.43,1441728636903,200,50% bullish,of 2 ratings,N/A
BRKL,$10.55,1441728637153,"33,920",100% bearish,of 1 rating,$12
BMTC,$29.77,1441728637204,"11,549",Not yet rated,NULL,$34
BRCD,$10.2901,1441728637226,"657,839",92% bullish,of 13 ratings,$12
BRKS,$10.46,1441728637251,"18,519",67% bullish,of 3 ratings,$15.25
BRKR,$18.01,1441728637283,"42,452",100% bearish,of 2 ratings,$22
BLMT,$21.3,1441728637418,"5,200",Not yet rated,NULL,N/A
BWLD,$198.24,1441728637467,"73,799",82% bullish,of 11 ratings,$205
BSQR,$6.07,1441728637493,"11,124",67% bullish,of 3 ratings,N/A
BUR,$1.78,1441728637562,"6,626",100% bearish,of 1 rating,$8
CFFI,$35.7,1441728637719,100,100% bearish,of 1 rating,N/A
BLDR,$15.63,1441728637745,"278,548",67% bullish,of 3 ratings,$22
CHRW,$68.3735,1441728637789,"219,360",Not yet rated,NULL,$72
CDZI,$7.84,1441728637972,"6,625",100% bearish,of 1 rating,N/A
CDNS,$20.655,1441728638028,"409,445",75% bullish,of 4 ratings,$22.50
CACQ,$7.32,1441728638120,"108,362",100% bearish,of 1 rating,$12.25
CA,$27.71,1441728638151,"657,177",50% bullish,of 4 ratings,$33
CCMP,$42.78,1441728638172,"19,548",50% bullish,of 2 ratings,$59
CSTE,$40,1441728638205,"96,578",50% bullish,of 2 ratings,$65
PRSS,$4.315,1441728638234,"27,702",80% bullish,of 5 ratings,$4.50
CZR,$9.43,1441728638266,"352,307",60% bearish,of 5 ratings,$10.50
CLBS,$1.76,1441728638374,"31,657",79% bullish,of 14 ratings,$4
CLMS,$9.95,1441728638522,"26,245",Not yet rated,NULL,$10.50
CHY,$10.95,1441728638565,"129,806",Not yet rated,NULL,N/A
CHI,$10.289,1441728638590,"81,710",100% bearish,of 1 rating,N/A
CCD,$19.23,1441728638782,"37,066",Not yet rated,NULL,N/A
CHW,$7.39,1441728638807,"118,323",100% bearish,of 1 rating,N/A
CFGE,$10.52,1441728638856,12,Not yet rated,NULL,N/A
CGO,$11.9405,1441728638885,"4,620",100% bearish,of 1 rating,N/A
CVGW,$49.76,1441728638985,"39,668",50% bullish,of 2 ratings,$58
CAMP,$16.09,1441728639091,"74,870",88% bullish,of 8 ratings,$25
CSQ,$9.68,1441728639154,"134,957",Not yet rated,NULL,N/A
CFNB,NULL,1441728639179,0,100% bearish,of 1 rating,N/A
CALD,$16.595,1441728639221,"171,694",100% bearish,of 1 rating,$21
CALA,$6.23,1441728639247,"131,755",67% bullish,of 3 ratings,$19.50
CALM,$55.27,1441728639326,"161,933",80% bullish,of 5 ratings,$63.50
CLMT,$25.98,1441728639501,"47,368",75% bullish,of 8 ratings,$31
ABCD,$5.18,1441728639568,"34,976",83% bullish,of 6 ratings,N/A
CAMB,$10.0101,1441728639760,"17,200",Not yet rated,NULL,N/A
CAMBU,NULL,1441728639787,0,100% bearish,of 1 rating,N/A
CAMBW,$0.22,1441728639817,"106,363",Not yet rated,NULL,N/A
CAC,$40.35,1441728639842,"1,801",Not yet rated,NULL,N/A
CAMT,$2.68,1441728639926,"21,908",73% bullish,of 11 ratings,$4
CPHC,$10.47,1441728640059,110,100% bearish,of 1 rating,N/A
CSIQ,$18.95,1441728640102,"527,647",86% bullish,of 28 ratings,$42.50
CGIX,$10.2499,1441728640251,"19,740",67% bullish,of 3 ratings,$14.375
CCBG,$15.15,1441728640299,"1,526",Not yet rated,NULL,$17.25
CPLP,$6.94,1441728640383,"61,448",71% bullish,of 7 ratings,$11
CBNJ,$11.247,1441728640413,"45,468",100% bearish,of 1 rating,N/A
CPLA,$49.92,1441728640441,"21,252",67% bearish,of 3 ratings,$65
CBF,$30.82,1441728640518,"20,966",Not yet rated,NULL,$32
CSWC,$44.25,1441728640627,"7,685",Not yet rated,NULL,N/A
CPTA,$14.45,1441728640731,"21,691",100% bearish,of 1 rating,$18.25
CFFN,$11.89,1441728640760,"81,848",Not yet rated,NULL,$12.75
CAPN,$2.635,1441728640786,"3,708,641",100% bullish,of 1 rating,$10.85
CAPR,$4.3,1441728640942,"5,375",Not yet rated,NULL,$12
CAPNW,$0.8077,1441728640973,"14,421",Not yet rated,NULL,N/A
CARA,$19.3125,1441728640995,"65,168",50% bullish,of 4 ratings,$25
CPST,$0.3905,1441728641127,"230,192",95% bullish,of 22 ratings,$1.25
CBYL,$5.36,1441728641253,"2,186",100% bearish,of 1 rating,$20
CFNL,$22.34,1441728641291,"19,863",Not yet rated,NULL,$24
CARB,$11.09,1441728641354,"12,977",75% bullish,of 4 ratings,$12
CRME,$9.41,1441728641381,"1,200",89% bullish,of 9 ratings,$11.25
CRDC,$0.328,1441728641407,"68,910",100% bullish,of 1 rating,$1.25
CDNA,$7.07,1441728641539,"3,690",100% bearish,of 1 rating,$9
CATM,$33.89,1441728641568,"45,714",100% bearish,of 1 rating,$44
CSII,$23.05,1441728641644,"75,189",100% bearish,of 2 ratings,$42.125
CTRE,$11.03,1441728641799,"45,199",50% bullish,of 2 ratings,$13.50
CECO,$4,1441728641859,"167,371",67% bearish,of 3 ratings,$6
CLBH,$12.8,1441728641888,"2,493",Not yet rated,NULL,$16.50
CKEC,$23.09,1441728641916,"73,391",50% bullish,of 2 ratings,$35.915
CARO,$15.2999,1441728641989,600,100% bearish,of 1 rating,$19
CART,$5.3501,1441728642086,570,100% bearish,of 1 rating,N/A
CRZO,$36.815,1441728642161,"346,219",67% bearish,of 3 ratings,$54.50
TAST,$12.81,1441728642263,"61,379",Not yet rated,NULL,$14.25
CARV,$6.96,1441728642365,"8,616",50% bullish,of 2 ratings,N/A
CASM,$1.21,1441728642391,"5,737",100% bullish,of 1 rating,$3.50
CRTN,NULL,1441728642421,0,100% bearish,of 1 rating,N/A
CSCD,$15.47,1441728642530,"8,241",100% bullish,of 2 ratings,$17
CACB,$5.36,1441728642663,"11,613",Not yet rated,NULL,$5.50
CWST,$6.66,1441728642693,"73,185",50% bullish,of 2 ratings,$7.25
CASY,$108,1441728642747,"64,431",50% bullish,of 2 ratings,$99.50
CASI,$1.25,1441728642792,"18,343",100% bullish,of 1 rating,$3.50
CASS,$48.94,1441728642927,"2,766",100% bearish,of 1 rating,N/A
CATB,$11.41,1441728643027,"13,120",100% bearish,of 1 rating,$28
CPRX,$3.935,1441728643066,"90,704",71% bullish,of 7 ratings,$7
CAVM,$71.05,1441728643129,"127,183",67% bearish,of 3 ratings,$72
CATY,$29.43,1441728643169,"108,272",100% bearish,of 1 rating,$33.50
CBFV,$20.599,1441728643297,304,Not yet rated,NULL,$25
CATYW,NULL,1441728643324,0,100% bearish,of 1 rating,N/A
CVCO,$70.54,1441728643349,"7,264",100% bearish,of 1 rating,N/A
CNLM,$9.99,1441728643584,"6,700",Not yet rated,NULL,N/A
CNLMR,NULL,1441728643653,0,Not yet rated,NULL,N/A
CNLMU,NULL,1441728643687,0,100% bullish,of 1 rating,N/A
CBOE,$63.93,1441728643784,"66,546",Not yet rated,NULL,$63
CNLMW,$0.3,1441728643809,"1,000",Not yet rated,NULL,N/A
CDK,$49.277,1441728643876,"68,494",67% bearish,of 3 ratings,$50
CDW,$40.1,1441728643958,"339,861",75% bullish,of 4 ratings,$44
CECE,$9.12,1441728644014,"73,212",50% bullish,of 2 ratings,$16
CELGZ,$1.8,1441728644247,"3,431",80% bullish,of 5 ratings,N/A
CPXX,$2.5001,1441728644277,"183,242",100% bullish,of 2 ratings,$7
CLDN,$1.25,1441728644303,"126,223",63% bullish,of 8 ratings,$3
CELG,$119.73,1441728644329,"887,978",92% bullish,of 13 ratings,$156
CLDX,$14.4773,1441728644463,"152,135",89% bullish,of 9 ratings,$36
CLRBW,NULL,1441728644491,0,Not yet rated,NULL,N/A
CLRB,NULL,1441728644552,0,100% bearish,of 1 rating,N/A
CLLS,$32.1512,1441728644685,"19,641",75% bullish,of 4 ratings,$51.50
CLSN,$2.12,1441728644817,"74,367",80% bullish,of 10 ratings,$7.50
CLTX,$1.9155,1441728644838,"54,822",100% bullish,of 2 ratings,N/A
CBMG,$23.39,1441728644875,"25,357",50% bullish,of 2 ratings,N/A
CYAD,$44.55,1441728644920,"1,527",100% bullish,of 1 rating,$87.50
CEMP,$35.01,1441728644980,"322,095",71% bullish,of 7 ratings,$52
CETX,$2.5,1441728645179,"5,668",Not yet rated,NULL,$5.60
CETV,$2.115,1441728645248,"9,882",67% bullish,of 3 ratings,$2.80
CSFL,$14.13,1441728645310,"17,596",Not yet rated,NULL,$15
CENTA,$15.43,1441728645391,"91,321",Not yet rated,NULL,N/A
CENT,$15.0503,1441728645474,"159,954",Not yet rated,NULL,$10
CFBK,NULL,1441728645579,0,Not yet rated,NULL,N/A
CVCY,$11.75,1441728645642,400,Not yet rated,NULL,$12
CNTY,$5.878,1441728645771,"4,334",80% bullish,of 5 ratings,$7.75
CENX,$5.5,1441728645796,"509,256",67% bullish,of 6 ratings,$9
CERE,$1.131,1441728645941,"43,573",88% bullish,of 8 ratings,N/A
CNBKA,$39.826,1441728645971,"1,100",50% bullish,of 2 ratings,N/A
CPHD,$50.65,1441728645999,"140,613",67% bearish,of 3 ratings,$66
CRNT,$1.34,1441728646039,"113,332",50% bullish,of 2 ratings,$2
CERN,$62.2,1441728646069,"404,927",67% bullish,of 3 ratings,$79
CERU,$4.39,1441728646131,"11,282",75% bullish,of 4 ratings,$14
CERS,$5.34,1441728646205,"172,631",75% bullish,of 4 ratings,$7
KOOL,$0.62,1441728646310,"6,546",100% bullish,of 5 ratings,$7
CEVA,$19.4,1441728646381,"9,849",100% bearish,of 1 rating,$25
CYOU,$19.08,1441728646514,"44,683",50% bullish,of 6 ratings,$24
HOTR,$1.34,1441728646562,"63,398",100% bullish,of 2 ratings,$5
GTLS,$23.59,1441728646731,"57,139",50% bullish,of 4 ratings,$40
HOTRW,$0.15,1441728646781,"9,000",Not yet rated,NULL,N/A
CHFN,$12.25,1441728646833,"3,681",Not yet rated,NULL,$14
CTHR,$1.24,1441728646858,"2,562",50% bullish,of 2 ratings,$2.50
CHKP,$77.39,1441728646883,"272,079",50% bullish,of 4 ratings,$92
CHTR,$183.9,1441728646910,"164,158",67% bearish,of 3 ratings,$202
CHEK,$2.71,1441728647043,"3,550",Not yet rated,NULL,$7.75
CHEKW,NULL,1441728647072,0,Not yet rated,NULL,N/A
CEMI,$4.22,1441728647138,865,50% bullish,of 2 ratings,$7.50
CHFC,$30.78,1441728647319,"53,492",100% bearish,of 1 rating,$36
CCXI,$6.28,1441728647366,"16,129",67% bullish,of 3 ratings,$14
CHMG,$26.41,1441728647421,676,Not yet rated,NULL,$30
CHEV,$14.5,1441728647554,"1,410",Not yet rated,NULL,N/A
CHKE,$25.68,1441728647581,"1,676",100% bearish,of 1 rating,$32.50
CHMA,$27.96,1441728647608,"62,412",Not yet rated,NULL,$40
CBNK,$16.51,1441728647739,"1,100",100% bearish,of 1 rating,N/A
CMRX,$50.85,1441728647812,"45,148",50% bullish,of 2 ratings,$57
CALI,$0.82,1441728647870,6,67% bullish,of 3 ratings,N/A
PLCE,$58.44,1441728647901,"44,241",100% bearish,of 1 rating,$69
CBAK,$2.09,1441728647955,"32,905",67% bullish,of 9 ratings,N/A
CADC,NULL,1441728647999,0,78% bullish,of 9 ratings,N/A
CAAS,$6.0399,1441728648098,"4,950",93% bullish,of 14 ratings,$11.50
CBPO,$97.67,1441728648159,"37,705",75% bullish,of 8 ratings,$140.50
CCCL,$0.75,1441728648242,"1,003",100% bullish,of 6 ratings,N/A
CCCR,NULL,1441728648300,0,67% bearish,of 3 ratings,N/A
JRJC,$3.62,1441728648324,"36,435",82% bullish,of 11 ratings,N/A
CHOP,$1.1233,1441728648495,"1,623",50% bullish,of 2 ratings,N/A
HGSH,$1.77,1441728648521,"1,000",67% bullish,of 3 ratings,N/A
CHLN,$1.71,1441728648678,"7,807",67% bullish,of 3 ratings,N/A
CNIT,$1.141,1441728648711,"34,521",67% bullish,of 6 ratings,N/A
CJJD,$1.86,1441728648774,"3,300",100% bullish,of 1 rating,N/A
HTHT,$25.52,1441728648804,"22,808",50% bullish,of 2 ratings,$28.40
CHNR,$1.71,1441728648831,"2,203",100% bearish,of 1 rating,N/A
CREG,$0.6364,1441728648866,"7,850",100% bullish,of 3 ratings,N/A
CPGI,NULL,1441728648998,0,Not yet rated,NULL,N/A
CSUN,$1.4,1441728649027,943,80% bullish,of 5 ratings,N/A
CXDC,$6.06,1441728649248,"4,858",67% bearish,of 3 ratings,N/A
CNTF,$0.7821,1441728649311,"8,541",Not yet rated,NULL,N/A
CCIH,$7.96,1441728649345,"58,527",67% bullish,of 6 ratings,$12.65
CNYD,$3.13,1441728649384,"3,600",67% bullish,of 3 ratings,N/A
IMOS,$19.83,1441728649441,"130,672",60% bullish,of 5 ratings,$21.50
CNET,$0.82,1441728649472,"3,048",50% bullish,of 2 ratings,N/A
CHSCL,$27.26,1441728649643,"16,487",Not yet rated,NULL,N/A
CHSCO,$28.5075,1441728649696,"4,862",Not yet rated,NULL,N/A
CHSCM,$26.21,1441728649722,"16,276",Not yet rated,NULL,N/A
CHSCN,$27.0149,1441728649857,"2,315",Not yet rated,NULL,N/A
CHUY,$31.53,1441728649888,"30,004",50% bullish,of 2 ratings,$34
CHSCP,$30.2,1441728649919,"10,369",Not yet rated,NULL,N/A
CHDN,$136.79,1441728649993,"10,932",Not yet rated,NULL,$165
CDTX,$14.689,1441728650018,"10,050",Not yet rated,NULL,$22
CMCT,$17.66,1441728650178,"6,229",100% bearish,of 1 rating,N/A
CIFC,$7.48,1441728650283,"3,419",100% bearish,of 1 rating,N/A
CIDM,$0.5401,1441728650463,"15,877",50% bullish,of 2 ratings,$2.10
CINF,$52.595,1441728650494,"134,085",50% bullish,of 4 ratings,$50.50
CTAS,$85.287,1441728650520,"70,031",100% bearish,of 1 rating,$91
CMPR,$72.635,1441728650545,"58,641",50% bullish,of 2 ratings,$72.50
CPHR,$5.1317,1441728650595,"2,200",100% bearish,of 1 rating,$17
CRUS,$30.42,1441728650760,"180,255",75% bullish,of 12 ratings,$44.50
CTRN,$25.37,1441728650825,"25,332",100% bearish,of 1 rating,$31.50
CZFC,$12.75,1441728650933,"5,200",Not yet rated,NULL,N/A
CSCO,$26.065,1441728651032,"5,029,547",83% bullish,of 210 ratings,$32
CIZN,NULL,1441728651111,0,Not yet rated,NULL,N/A
CZNC,$19.6,1441728651135,"2,632",Not yet rated,NULL,N/A
CZWI,$8.92,1441728651290,700,Not yet rated,NULL,N/A
CHCO,$47.5,1441728651429,"6,706",Not yet rated,NULL,$46
CTXS,$68.64,1441728651496,"271,495",86% bullish,of 7 ratings,$80
CDTI,$1.6,1441728651523,"16,896",75% bullish,of 4 ratings,$3.20
CIVBP,NULL,1441728651554,0,Not yet rated,NULL,N/A
CLNE,$5.1001,1441728651575,"258,334",80% bullish,of 15 ratings,$9
CIVB,$10.04,1441728651605,100,Not yet rated,NULL,$11
CLFD,$17.26,1441728651907,"6,773",67% bullish,of 3 ratings,$18
CLNT,$1.535,1441728651939,397,75% bullish,of 8 ratings,N/A
CLIR,$5.19,1441728652011,"40,474",100% bullish,of 3 ratings,N/A
CBLI,$4.3599,1441728652035,"14,392",60% bullish,of 5 ratings,N/A
CLRO,$11.38,1441728652060,"3,160",50% bullish,of 2 ratings,$14.25
CSBK,$13.95,1441728652088,"16,108",Not yet rated,NULL,N/A
CLVS,$83.16,1441728652378,"131,847",60% bullish,of 5 ratings,$101.50
CME,$93.3215,1441728652405,"247,610",67% bullish,of 3 ratings,$102
CCNE,$17.05,1441728652475,"1,563",50% bullish,of 2 ratings,$21.50
CMFN,$11.14,1441728652500,"4,864",100% bearish,of 1 rating,$15.50
CISG,$8.06,1441728652578,"31,821",100% bullish,of 5 ratings,$10
COBZ,$13,1441728652659,"10,605",100% bullish,of 1 rating,$14
CWAY,$11.2,1441728652709,"1,200",Not yet rated,NULL,N/A
CDRB,$9.8788,1441728652785,"11,838",67% bullish,of 3 ratings,N/A
CNV,$4.34,1441728652810,"19,576",50% bullish,of 2 ratings,$7.15
COKE,$163,1441728652988,"5,790",79% bullish,of 19 ratings,N/A
CDXS,$3.48,1441728653055,"3,786",64% bullish,of 11 ratings,$6
CCOI,$27.44,1441728653159,"96,448",50% bullish,of 4 ratings,$35
JVA,$4.6932,1441728653183,"6,544",83% bullish,of 6 ratings,$7
CVLY,NULL,1441728653208,0,Not yet rated,NULL,N/A
CGNX,$35.96,1441728653343,"131,446",50% bullish,of 2 ratings,$47
COHR,$56.22,1441728653372,"10,126",50% bullish,of 2 ratings,$72
CGNT,$1.58,1441728653427,"8,701",100% bullish,of 2 ratings,$2
CLRX,$0.6772,1441728653614,"14,539",50% bullish,of 2 ratings,N/A
CTSH,$62.6665,1441728653718,"679,554",90% bullish,of 10 ratings,$75
COHU,$9.58,1441728653745,"30,806",100% bearish,of 1 rating,$14.25
CHRS,$25.89,1441728653821,"90,493",67% bearish,of 3 ratings,$37
CLCT,$17.6772,1441728653877,"7,279",100% bearish,of 1 rating,N/A
CIGI,$42.28,1441728654122,"6,300",100% bearish,of 1 rating,$52
CLCD,$6.134,1441728654206,"5,212",100% bearish,of 1 rating,$20.50
COLM,$62.42,1441728654253,"20,780",100% bearish,of 1 rating,$71
CMCO,$19.04,1441728654338,"19,527",60% bullish,of 5 ratings,$28
CMCSA,$56.615,1441728654749,"2,553,965",66% bullish,of 35 ratings,$69.50
CMCSK,$57.59,1441728654779,"702,157",Not yet rated,NULL,$84
CBMX,$1.11,1441728654810,"12,802",83% bullish,of 6 ratings,$3.15
CBSH,$44.24,1441728655212,"70,463",50% bullish,of 2 ratings,$46
COLL,$16.04,1441728655259,"19,632",100% bearish,of 1 rating,$26
COLB,$29.92,1441728655311,"14,508",Not yet rated,NULL,$36
CBAN,$8.75,1441728655337,"1,200",Not yet rated,NULL,N/A
CUBN,$13.25,1441728655362,"4,100",Not yet rated,NULL,N/A
CVGI,$5.08,1441728655420,"72,405",50% bullish,of 2 ratings,$6
COMM,$33.24,1441728655526,"235,290",67% bearish,of 3 ratings,$35
CSAL,$20.38,1441728655671,"142,402",75% bullish,of 4 ratings,$30
CYHHZ,$0.0111,1441728655718,"18,644",100% bullish,of 1 rating,N/A
JCS,$8.72,1441728655869,200,67% bullish,of 3 ratings,N/A
CTBI,$35.02,1441728655942,"4,327",Not yet rated,NULL,$36
CBSHP,$25.3917,1441728656009,"7,371",100% bearish,of 1 rating,N/A
CWBC,NULL,1441728656042,0,Not yet rated,NULL,N/A
COB,$10.36,1441728656065,"2,658",100% bullish,of 1 rating,$11.75
ESXB,$5.04,1441728656086,"2,610",Not yet rated,NULL,N/A
CVLT,$35.745,1441728656222,"38,086",75% bullish,of 4 ratings,$44.50
CIL,NULL,1441728656569,0,Not yet rated,NULL,N/A
CSF,NULL,1441728656634,0,100% bearish,of 1 rating,N/A
CIZ,$32.8799,1441728656660,220,100% bearish,of 1 rating,N/A
CID,NULL,1441728656697,0,Not yet rated,NULL,N/A
CDC,$34.2199,1441728656735,230,Not yet rated,NULL,N/A
CDL,NULL,1441728656789,0,Not yet rated,NULL,N/A
CFO,$35.2,1441728656816,"1,305",100% bearish,of 1 rating,N/A
CSA,NULL,1441728656837,0,Not yet rated,NULL,N/A
CSB,NULL,1441728656992,0,Not yet rated,NULL,N/A
CGEN,$5.19,1441728657122,"83,227",50% bullish,of 2 ratings,$11
CFA,NULL,1441728657217,0,100% bearish,of 1 rating,N/A
CTG,$6.57,1441728657245,"7,156",100% bearish,of 1 rating,$8.50
CHCI,$0.7,1441728657376,"17,541",50% bullish,of 2 ratings,N/A
CPSI,$45.54,1441728657401,"9,789",100% bearish,of 1 rating,$45.50
SCOR,$48.01,1441728657430,"85,883",100% bearish,of 1 rating,$66
CNAT,$3.92,1441728657660,"25,190",83% bullish,of 6 ratings,$13
CNCE,$16.37,1441728657696,"78,232",75% bullish,of 4 ratings,$22
CMTL,$26.38,1441728657743,"9,147",100% bearish,of 2 ratings,$37
CNSI,$18.805,1441728657794,"39,664",100% bearish,of 2 ratings,$29
CCUR,$5.36,1441728657966,"4,883",75% bullish,of 4 ratings,N/A
CXRX,$76.21,1441728658012,"16,794",100% bearish,of 1 rating,$90
CDOR,$1.2998,1441728658040,"1,900",100% bullish,of 1 rating,N/A
CDORO,NULL,1441728658068,0,100% bearish,of 1 rating,N/A
CDORP,$6.3,1441728658167,"1,800",100% bearish,of 1 rating,N/A
CNMD,$51.7,1441728658488,"10,371",Not yet rated,NULL,$59
CNXR,$6.87,1441728658622,"14,842",100% bearish,of 1 rating,$12
CNOB,$19.28,1441728658838,"3,743",100% bullish,of 1 rating,$23.50
CTCT,$25.17,1441728659110,"37,389",67% bullish,of 3 ratings,$37
CFRX,$5.02,1441728659187,"10,845",Not yet rated,NULL,$14
CFMS,$14.59,1441728659211,"121,583",100% bearish,of 1 rating,$26.50
CNSL,$19.98,1441728659238,"25,472",100% bearish,of 1 rating,$23
CPSS,$5.49,1441728659264,"11,560",100% bullish,of 1 rating,$10
CNFR,$9.916,1441728659392,"6,157",Not yet rated,NULL,N/A
CTWS,$34.45,1441728659586,"5,088",100% bearish,of 1 rating,$44
CTRV,$3.47,1441728659655,443,Not yet rated,NULL,$6.40
CWCO,$10.58,1441728659714,"24,986",67% bullish,of 3 ratings,$14.50
CFRXW,NULL,1441728659738,0,100% bearish,of 1 rating,N/A
CFRXZ,NULL,1441728659811,0,Not yet rated,NULL,N/A
CONN,$29.69,1441728660169,"208,902",67% bullish,of 3 ratings,$48.50
CPRT,$35.03,1441728660233,"76,810",67% bearish,of 3 ratings,$40
CRBP,$1.86,1441728660265,"27,811",100% bullish,of 2 ratings,$6.25
CORT,$5,1441728660363,"58,680",67% bullish,of 3 ratings,$12
CORI,$10.83,1441728660388,"10,098",100% bearish,of 1 rating,$18
CORE,$59.23,1441728660549,"14,015",100% bearish,of 1 rating,$72
CTRL,$8.545,1441728660652,"46,589",50% bullish,of 2 ratings,$11
CRVL,$32.71,1441728660695,"7,035",100% bearish,of 1 rating,N/A
COSI,$1.08,1441728660721,"57,815",100% bullish,of 1 rating,N/A
CSOD,$37.25,1441728660801,"66,321",50% bullish,of 2 ratings,$42
COST,$139.61,1441728660852,"278,137",79% bullish,of 24 ratings,$154.50
BVA,NULL,1441728660904,0,50% bullish,of 2 ratings,N/A
CSGP,$177.31,1441728661061,"24,059",50% bullish,of 2 ratings,$235
ICBK,$19,1441728661126,"1,783",Not yet rated,NULL,$21
CPAH,$0.4399,1441728661203,500,50% bullish,of 2 ratings,N/A
CVTI,$23.09,1441728661229,"11,372",67% bearish,of 3 ratings,$39
COVS,$2.43,1441728661426,"63,399",67% bullish,of 3 ratings,N/A
COWN,$5.1438,1441728661451,"268,510",75% bullish,of 4 ratings,$7
CBRL,$147.9,1441728661491,"44,089",50% bullish,of 2 ratings,$155
COWNL,NULL,1441728661628,0,Not yet rated,NULL,N/A
BREW,$7.9701,1441728661732,"4,866",67% bullish,of 6 ratings,$15
CPSH,$2.39,1441728661759,"11,100",Not yet rated,NULL,N/A
CACC,$199,1441728661784,"30,114",50% bullish,of 2 ratings,$158.50
CRAI,$23.33,1441728661811,"14,413",100% bearish,of 1 rating,$36
GLDI,$11.0499,1441728662062,"10,912",100% bearish,of 1 rating,N/A
SLVO,$10.18,1441728662117,"1,703",100% bearish,of 1 rating,N/A
CRAY,$21.515,1441728662163,"53,068",83% bullish,of 6 ratings,$38.50
CRESY,$10.22,1441728662188,"6,568",100% bearish,of 1 rating,$19
CREE,$27.025,1441728662390,"261,988",65% bullish,of 17 ratings,$29.50
CRTO,$35.03,1441728662418,"256,875",67% bullish,of 6 ratings,$64
CROX,$13.98,1441728662446,"187,450",63% bullish,of 8 ratings,$16.50
CCRN,$14.4,1441728662547,"68,084",100% bearish,of 1 rating,$14.25
CRWN,$5.28,1441728662586,"67,238",75% bullish,of 4 ratings,N/A
CYRX,$3.08,1441728662634,"14,914",Not yet rated,NULL,$9
CRDS,$1.21,1441728662714,"16,937",50% bullish,of 4 ratings,$3.375
CRWS,$8.147,1441728662742,"7,919",Not yet rated,NULL,$10
CSGS,$30,1441728662847,"24,360",Not yet rated,NULL,$40
CYRXW,$0.78,1441728662925,"7,952",Not yet rated,NULL,N/A
CCLP,$13.565,1441728663065,"28,851",67% bearish,of 3 ratings,$20
CTCM,$1.71,1441728663170,"78,329",80% bearish,of 5 ratings,$3.90
CSPI,$5.78,1441728663216,200,67% bullish,of 3 ratings,N/A
CUNB,$21.94,1441728663316,"1,928",Not yet rated,NULL,$24.50
CTIC,$1.55,1441728663386,"286,580",84% bullish,of 76 ratings,$5.75
CTIB,NULL,1441728663419,0,100% bearish,of 1 rating,N/A
CPIX,$6.12,1441728663522,"4,986",Not yet rated,NULL,N/A
CTRP,$65.51,1441728663547,"462,718",75% bullish,of 8 ratings,$92.50
CUI,$5.31,1441728663576,"3,050",50% bullish,of 2 ratings,$10
CRIS,$2.56,1441728663628,"40,040",100% bullish,of 8 ratings,$6
CMLS,$1.3,1441728663706,"45,893",50% bullish,of 4 ratings,$6
CVV,$11.5498,1441728663972,"8,909",100% bullish,of 5 ratings,N/A
CVBF,$16.385,1441728664002,"129,798",Not yet rated,NULL,$18
CUTR,$15.23,1441728664050,"7,198",67% bearish,of 3 ratings,$18
CYAN,$6.13,1441728664075,"1,026",100% bearish,of 1 rating,N/A
CYBR,$46.4,1441728664100,"465,911",75% bullish,of 8 ratings,$68.50
CYBX,$66.95,1441728664251,"179,199",50% bullish,of 4 ratings,$71.50
CYBE,$6.84,1441728664277,"3,187",100% bearish,of 1 rating,N/A
CBAY,$2.935,1441728664434,"273,806",100% bullish,of 2 ratings,$4
CYNA,$16.05,1441728664505,"1,420",50% bullish,of 2 ratings,$31.50
CYCC,$0.5899,1441728664537,"64,462",73% bullish,of 11 ratings,N/A
CYCCP,$5.5,1441728664566,564,100% bearish,of 1 rating,N/A
CY,$10.205,1441728664608,"699,750",80% bullish,of 10 ratings,$15.50
CYRN,$1.7699,1441728664632,"2,831",67% bullish,of 3 ratings,$4
CYNO,$34.61,1441728664695,"54,639",67% bearish,of 3 ratings,$45.50
CYTK,$7.52,1441728664897,"97,276",71% bullish,of 14 ratings,$13.50
CTSO,$7.45,1441728665004,"13,763",Not yet rated,NULL,$15.625
CYTX,$0.3983,1441728665031,"1,189,449",83% bullish,of 12 ratings,$5.50
CONE,$32.51,1441728665066,"93,164",67% bearish,of 3 ratings,$35.50
CYTR,$2.53,1441728665254,"227,136",67% bullish,of 6 ratings,$10
DAEG,$0.35,1441728665292,"1,800",100% bearish,of 1 rating,N/A
TVIZ,$22.93,1441728665389,"1,107",100% bearish,of 1 rating,N/A
DARA,$0.835,1441728665597,"9,080",83% bullish,of 6 ratings,$1.50
TVIX,$14.9901,1441728665626,"4,120,643",81% bullish,of 16 ratings,N/A
DJCO,$198.4999,1441728665653,900,Not yet rated,NULL,N/A
XIV,$24.0699,1441728665679,"7,612,308",75% bearish,of 4 ratings,N/A
DAKT,$8.54,1441728665714,"32,137",50% bullish,of 2 ratings,$12
ZIV,$35.96,1441728665783,"43,051",Not yet rated,NULL,N/A
DAIO,$2.59,1441728665810,"5,511",Not yet rated,NULL,N/A
DTLK,$5.59,1441728665844,"26,104",100% bearish,of 1 rating,$9
DRAM,$1.3,1441728666089,"7,436",78% bullish,of 9 ratings,N/A
DWCH,$4.85,1441728666116,"21,562",75% bullish,of 4 ratings,$8.25
DWSN,$4.4,1441728666266,"1,969",67% bullish,of 3 ratings,N/A
TRAK,$62.88,1441728666313,"72,748",50% bullish,of 2 ratings,$62.50
DTEA,$13.26,1441728666340,"35,869",100% bearish,of 2 ratings,$24
PLAY,$36.825,1441728666365,"120,439",100% bullish,of 5 ratings,$42
DBVT,$36.69,1441728666503,"25,616",100% bearish,of 1 rating,$53
DFRG,$14.12,1441728666540,"52,072",100% bearish,of 1 rating,$20
DHRM,$1.6,1441728666604,"1,000",Not yet rated,NULL,N/A
TACOW,$4.88,1441728666797,"9,700",100% bullish,of 1 rating,N/A
DCTH,$0.5361,1441728666822,"485,447",78% bullish,of 9 ratings,N/A
TACO,$14.03,1441728666849,"158,507",75% bullish,of 4 ratings,$20
DGAS,$20.3,1441728666877,516,67% bearish,of 3 ratings,N/A
DELT,$2.2,1441728667019,100,Not yet rated,NULL,N/A
DENN,$11.39,1441728667060,"46,729",100% bullish,of 3 ratings,$15
DELTW,$0.17,1441728667154,"2,200",Not yet rated,NULL,N/A
XRAY,$51.975,1441728667205,"117,531",100% bullish,of 1 rating,$58
DEPO,$27.27,1441728667305,"338,597",60% bullish,of 5 ratings,$29
DSCI,$6.27,1441728667373,"15,961",50% bullish,of 2 ratings,$16
DERM,$26.93,1441728667400,"22,817",100% bearish,of 1 rating,$33.50
DEST,$10.19,1441728667446,"12,929",50% bullish,of 2 ratings,N/A
DXLG,$6.465,1441728667576,"31,141",100% bearish,of 1 rating,$8
DSWL,$1.5,1441728667608,"4,433",100% bullish,of 1 rating,N/A
DXCM,$89.3,1441728667707,"95,464",57% bullish,of 7 ratings,$98
DXM,$0.4288,1441728667734,"967,303",50% bullish,of 2 ratings,N/A
DHXM,$6.16,1441728667767,"2,900",100% bearish,of 1 rating,N/A
DMND,$30.88,1441728667875,"15,710",75% bullish,of 12 ratings,$32
DCIX,$1.55,1441728667991,"13,500",50% bullish,of 4 ratings,$3.50
DHIL,$190.33,1441728668090,849,100% bearish,of 1 rating,N/A
DRNA,$11.16,1441728668117,"50,757",67% bearish,of 3 ratings,$25
FANG,$67.55,1441728668138,"156,668",50% bullish,of 2 ratings,$86
DGII,$10.43,1441728668271,"23,732",100% bearish,of 1 rating,$11
DMRC,$39.69,1441728668296,"18,176",100% bearish,of 1 rating,$44
DRAD,$3.835,1441728668438,"3,253",100% bullish,of 1 rating,$5.25
APPS,$2.2,1441728668508,"32,360",100% bearish,of 1 rating,$10.25
DCOM,$16.8025,1441728668534,"15,020",100% bearish,of 2 ratings,$16
DISCA,$27.3965,1441728668610,"717,464",67% bullish,of 3 ratings,$34
DGLY,$7.33,1441728668667,"31,783",50% bullish,of 6 ratings,$20
DIOD,$23.08,1441728668722,"89,388",75% bearish,of 4 ratings,$28
DPRX,$14.404,1441728668743,"9,623",100% bullish,of 2 ratings,$27.75
DISCB,$27.35,1441728668824,200,100% bearish,of 1 rating,$35
DSCO,$0.435,1441728669039,"36,402",83% bullish,of 6 ratings,$2.75
DISCK,$25.821,1441728669071,"351,715",100% bearish,of 1 rating,$32
DISH,$60.04,1441728669123,"182,449",69% bullish,of 13 ratings,$73
BAGR,$2.71,1441728669218,"6,900",100% bearish,of 1 rating,$6
DLHC,NULL,1441728669250,0,100% bearish,of 1 rating,N/A
DVCR,$10.6301,1441728669275,"2,220",100% bullish,of 1 rating,N/A
DNBF,$26.3,1441728669459,200,Not yet rated,NULL,$27.50
DLTR,$67.97,1441728669487,"1,081,499",82% bullish,of 11 ratings,$85
DGICB,NULL,1441728669508,0,100% bearish,of 1 rating,N/A
DGICA,$13.8,1441728669639,"2,835",100% bearish,of 1 rating,$17
DMLP,$15,1441728669820,"9,696",100% bearish,of 1 rating,N/A
HILL,$9.68,1441728669848,"500,721",60% bearish,of 5 ratings,$9.75
DORM,$50.49,1441728669869,"26,319",100% bearish,of 1 rating,$56
DRWI,$0.1833,1441728669999,"296,957",60% bullish,of 5 ratings,$.45
DRWIW,$0.0366,1441728670027,"16,200",Not yet rated,NULL,N/A
DSPG,$8.97,1441728670213,"3,386",100% bearish,of 1 rating,$13.50
DSKX,$3.4284,1441728670240,"32,931",100% bullish,of 1 rating,N/A
CADT,$10,1441728670261,100,Not yet rated,NULL,N/A
DWA,$21.21,1441728670300,"90,578",63% bullish,of 8 ratings,$26
DRYS,$0.462,1441728670395,"920,910",77% bullish,of 31 ratings,$.60
CADTU,$10.26,1441728670430,201,Not yet rated,NULL,N/A
CADTR,NULL,1441728670457,0,Not yet rated,NULL,N/A
CADTW,NULL,1441728670525,0,Not yet rated,NULL,N/A
DTSI,$27.3501,1441728670622,"31,288",100% bearish,of 2 ratings,$39.50
DNKN,$49.18,1441728670647,"123,936",67% bullish,of 15 ratings,$56.50
DRRX,$2.18,1441728670911,"27,587",50% bullish,of 6 ratings,$3
DXPE,$31.23,1441728670939,"32,137",50% bullish,of 2 ratings,N/A
DYAX,$22.5,1441728671000,"125,300",89% bullish,of 9 ratings,$30
DYNT,NULL,1441728671036,0,75% bullish,of 4 ratings,N/A
DVAX,$29,1441728671102,"49,370",70% bullish,of 10 ratings,$40
BOOM,$10.14,1441728671129,"53,495",67% bullish,of 3 ratings,$12
DYSL,$1.4903,1441728671157,"2,408",100% bullish,of 2 ratings,N/A
ETFC,$27.4,1441728671185,"1,789,067",57% bullish,of 14 ratings,$32.50
EGLE,$6.57,1441728671324,"2,918",60% bullish,of 5 ratings,N/A
EBMT,$11.46,1441728671388,"4,513",Not yet rated,NULL,$13.50
EGBN,$41.86,1441728671702,"9,365",Not yet rated,NULL,$48
EGRX,$83.23,1441728671779,"100,109",67% bullish,of 3 ratings,$97
EACQU,$10.15,1441728671834,"1,100",Not yet rated,NULL,N/A
ELNK,$8.55,1441728671866,"81,555",60% bullish,of 5 ratings,$9.50
EROC,$1.5,1441728671888,"43,591",50% bullish,of 2 ratings,$3
EVBS,$6.8,1441728671909,"12,207",Not yet rated,NULL,$7
EWBC,$39.46,1441728671946,"135,162",100% bearish,of 1 rating,$50
EML,$16.4,1441728672039,20,Not yet rated,NULL,N/A
EBAY,$26.34,1441728672120,"3,980,512",81% bullish,of 117 ratings,$33
ELON,$0.6002,1441728672267,"45,647",50% bullish,of 2 ratings,N/A
ECTE,$1.48,1441728672296,"1,000",75% bullish,of 4 ratings,N/A
ECHO,$23.21,1441728672335,"54,586",67% bearish,of 3 ratings,$34.50
EBIX,$28.05,1441728672400,"43,313",69% bullish,of 13 ratings,$40
SATS,$44.09,1441728672481,"10,760",50% bullish,of 2 ratings,$60
EDAP,$3.62,1441728672697,"10,244",60% bullish,of 5 ratings,$4.50
EEI,$11.9399,1441728672725,"1,900",67% bearish,of 3 ratings,N/A
EFUT,$4.66,1441728672751,"1,159",Not yet rated,NULL,N/A
EDUC,$7.0499,1441728672791,"19,313",100% bearish,of 1 rating,N/A
ESES,$3.44,1441728672816,500,100% bearish,of 1 rating,$7
ECACU,$10.1,1441728672883,"7,500",Not yet rated,NULL,N/A
EDGW,$7.22,1441728672975,875,100% bearish,of 1 rating,N/A
EGAN,$3.81,1441728673220,"8,293",50% bullish,of 2 ratings,$6.25
EHTH,$14.4,1441728673260,"35,725",50% bullish,of 4 ratings,$17
EGLT,$13.335,1441728673292,"24,891",50% bullish,of 2 ratings,$21
LOCO,$12.435,1441728673349,"190,824",69% bullish,of 13 ratings,$19.50
EMITF,$1.26,1441728673374,"63,202",75% bullish,of 4 ratings,N/A
ESLT,$79.66,1441728673399,"2,223",67% bullish,of 3 ratings,N/A
ERI,$9.45,1441728673528,"22,432",100% bearish,of 1 rating,$10
ESIO,$4.8,1441728673587,"19,845",50% bullish,of 2 ratings,$10
ELRC,$10.53,1441728673776,"6,582",100% bearish,of 1 rating,N/A
ELECU,$10.09,1441728673804,700,Not yet rated,NULL,N/A
EFII,$43.91,1441728673834,"25,707",80% bullish,of 5 ratings,$55
EA,$67.33,1441728673862,"761,717",78% bullish,of 36 ratings,$80
ELSE,NULL,1441728673887,0,60% bullish,of 5 ratings,N/A
ELEC,NULL,1441728673934,0,Not yet rated,NULL,N/A
EBIO,$3.35,1441728674242,"62,279",100% bearish,of 2 ratings,$8.35
RDEN,$11.7,1441728674294,"15,189",100% bearish,of 4 ratings,$15
LONG,$16.99,1441728674319,"3,900",67% bullish,of 3 ratings,$15.75
ESBK,$19.63,1441728674348,795,Not yet rated,NULL,N/A
ELECW,NULL,1441728674450,0,Not yet rated,NULL,N/A
EMCI,$22.34,1441728674497,"1,890",Not yet rated,NULL,N/A
CAPX,NULL,1441728674630,0,Not yet rated,NULL,N/A
ELTK,$1.2806,1441728674663,"17,367",67% bearish,of 3 ratings,N/A
EMCF,$22.9,1441728674761,200,100% bearish,of 1 rating,N/A
EMMS,$1.25,1441728674808,"10,500",67% bullish,of 6 ratings,N/A
EMMSP,NULL,1441728674843,0,100% bearish,of 1 rating,N/A
NYNY,$4.79,1441728674901,"23,606",50% bullish,of 2 ratings,N/A
EMKR,$6.91,1441728674978,"22,544",75% bullish,of 4 ratings,$8.50
ERS,NULL,1441728675033,0,Not yet rated,NULL,N/A
ENTA,$39.59,1441728675165,"44,189",50% bullish,of 2 ratings,$42
ECPG,$37.055,1441728675245,"57,771",100% bullish,of 2 ratings,$52
ENDP,$75.27,1441728675351,"297,721",50% bullish,of 6 ratings,$101.50
WIRE,$33.61,1441728675383,"24,643",100% bearish,of 1 rating,$37
ECYT,$5.08,1441728675486,"100,743",83% bullish,of 6 ratings,$12
EIGI,$14.965,1441728675548,"60,340",67% bearish,of 3 ratings,$22.50
WATT,$6.8008,1441728675588,"24,101",50% bullish,of 2 ratings,$13
ELGX,$13.322,1441728675634,"108,725",75% bullish,of 4 ratings,$17
EFOI,$27.9,1441728675662,"588,502",67% bullish,of 3 ratings,$24.50
ERII,$2.615,1441728675720,"12,810",80% bullish,of 5 ratings,$2.50
ENOC,$9.22,1441728675879,"70,975",75% bullish,of 4 ratings,$18
EXXI,$1.77,1441728675913,"502,911",86% bullish,of 7 ratings,$3.50
ENPH,$4.67,1441728676059,"195,178",75% bullish,of 4 ratings,$10
ENG,$1.01,1441728676145,"1,345",100% bullish,of 3 ratings,N/A
ENFC,$17.58,1441728676215,100,Not yet rated,NULL,N/A
ESGR,$149.955,1441728676268,"14,740",100% bearish,of 1 rating,$185
ENTG,$13.65,1441728676296,"148,355",100% bearish,of 1 rating,$18
EBTC,$21.25,1441728676342,800,Not yet rated,NULL,N/A
ENTL,$22.41,1441728676371,"7,290",Not yet rated,NULL,$28
EGT,$2.0001,1441728676611,"8,721",100% bullish,of 1 rating,N/A
ENVI,$1.97,1441728676675,"62,522",67% bullish,of 3 ratings,N/A
ETRM,$0.2751,1441728676743,"281,348",69% bearish,of 35 ratings,$1.625
EFSC,$24.04,1441728676775,"6,308",Not yet rated,NULL,$27
EPIQ,$12.46,1441728676946,"8,512",100% bearish,of 1 rating,$18
EPRS,$5.36,1441728676974,"8,975",82% bullish,of 11 ratings,$15
ENZY,$10.435,1441728676995,"22,201",67% bullish,of 3 ratings,$9.50
ENZN,$1.01,1441728677127,"54,532",100% bullish,of 9 ratings,N/A
EQFN,$8.12,1441728677187,500,100% bearish,of 1 rating,N/A
EPZM,$19.97,1441728677212,"51,485",60% bullish,of 5 ratings,$34
EAC,$3.5,1441728677348,"4,208",100% bearish,of 1 rating,$8
ERIC,$9.77,1441728677386,"698,421",67% bullish,of 9 ratings,$12.20
PLUS,$76.15,1441728677416,"6,416",50% bullish,of 2 ratings,$88
EQIX,$275.36,1441728677448,"107,358",75% bullish,of 4 ratings,$312.50
ERIE,$79.98,1441728677547,"5,188",Not yet rated,NULL,$73
ESCA,$18.378,1441728677604,"2,804",100% bearish,of 1 rating,$22
ESCRP,$1.24,1441728677750,"12,936",100% bearish,of 1 rating,N/A
ESCR,$0.3698,1441728677775,"377,196",50% bullish,of 2 ratings,N/A
EPIX,$6.07,1441728677907,"1,250",Not yet rated,NULL,N/A
ESMC,$1.29,1441728677931,"1,000",Not yet rated,NULL,N/A
ESND,$34.155,1441728678121,"16,455",100% bearish,of 2 ratings,$40
CLWT,NULL,1441728678153,0,100% bearish,of 1 rating,N/A
ESPR,$45.595,1441728678174,"114,769",70% bearish,of 10 ratings,$115
ESSX,$0.48,1441728678195,"2,450",50% bullish,of 2 ratings,N/A
ESSA,$12.92,1441728678235,"1,600",100% bearish,of 1 rating,N/A
ETSY,$14.33,1441728678323,"63,691",80% bullish,of 5 ratings,$16
EEFT,$67.62,1441728678424,"34,818",100% bearish,of 1 rating,$67.50
ESEA,$4.457,1441728678555,599,100% bullish,of 1 rating,$15
EVK,NULL,1441728678581,0,75% bearish,of 4 ratings,N/A
EVEP,$8.586,1441728678606,"74,510",50% bullish,of 2 ratings,$14
EXA,$10.65,1441728678890,666,100% bearish,of 1 rating,$13
EXAC,$19.25,1441728678919,"7,892",100% bearish,of 1 rating,$22.50
EXEL,$5.9,1441728678952,"1,174,347",81% bullish,of 16 ratings,$6
EVOL,$5.5601,1441728678973,"10,404",75% bullish,of 4 ratings,$10
EVLV,$2.56,1441728679018,"47,514",60% bullish,of 5 ratings,$4.625
EXAS,$20.54,1441728679048,"354,684",78% bullish,of 9 ratings,$31
EVOK,$3.5201,1441728679119,"3,139",100% bearish,of 1 rating,$13.375
EXFO,$2.99,1441728679179,"2,765",67% bearish,of 3 ratings,$3.95
EXLS,$37.29,1441728679312,"19,926",50% bullish,of 2 ratings,$41
EXPD,$47.92,1441728679368,"762,920",80% bullish,of 5 ratings,$52
EXPE,$113.345,1441728679455,"210,912",64% bullish,of 11 ratings,$130
EXPO,$43.13,1441728679480,"12,334",100% bearish,of 1 rating,$45.50
ESRX,$83.55,1441728679624,"1,090,298",67% bearish,of 6 ratings,$101
EXLP,$18.31,1441728679654,"21,711",100% bearish,of 1 rating,$25
EXTR,$3.194,1441728679756,"149,268",80% bullish,of 5 ratings,$3
EYEG,$4.14,1441728679780,"21,767",Not yet rated,NULL,N/A
EZCH,$22.97,1441728679960,"36,480",75% bullish,of 8 ratings,$19
EYEGW,$0.998,1441728679991,200,Not yet rated,NULL,N/A
FFIV,$119.95,1441728680017,"115,701",63% bullish,of 8 ratings,$132
FB,$89.04,1441728680091,"7,426,352",74% bullish,of 1078 ratings,$111
FRP,$15.71,1441728680172,"33,354",100% bearish,of 1 rating,$18
FCS,$13.9,1441728680272,"604,545",67% bearish,of 3 ratings,$17
EZPW,$6.14,1441728680331,"39,067",50% bullish,of 4 ratings,$7
FWM,$2.28,1441728680425,"72,128",100% bearish,of 2 ratings,$3.20
FALC,$1.77,1441728680450,"15,159",63% bearish,of 8 ratings,N/A
FARM,$22.015,1441728680503,"8,298",100% bearish,of 1 rating,$35
DAVE,$15.275,1441728680529,"8,179",100% bearish,of 1 rating,$15.50
FFKT,$25.7,1441728680718,"1,077",Not yet rated,NULL,$29
FATE,$6.35,1441728680937,"2,555",50% bullish,of 2 ratings,$11
FMNB,$8.31,1441728680959,"2,200",Not yet rated,NULL,N/A
FBSS,NULL,1441728680995,0,Not yet rated,NULL,N/A
FARO,$37.37,1441728681016,"23,645",50% bullish,of 2 ratings,$48
FDML,$8.26,1441728681039,"66,237",50% bullish,of 4 ratings,$14
FAST,$38.45,1441728681073,"593,863",80% bullish,of 5 ratings,$43
FBRC,$22.29,1441728681099,"4,011",100% bearish,of 1 rating,$29
FNHC,$21.77,1441728681250,"8,742",100% bearish,of 1 rating,$35
FEIC,$75.495,1441728681330,"53,480",50% bullish,of 2 ratings,$95.50
FHCO,$1.4,1441728681399,"5,532",50% bullish,of 4 ratings,N/A
FENX,$9.69,1441728681431,"19,300",100% bullish,of 1 rating,$14.25
FCSC,$5.95,1441728681537,"45,209",100% bearish,of 1 rating,$8.125
FGEN,$25.36,1441728681564,"220,179",100% bearish,of 1 rating,$39
LION,$19.98,1441728681695,"16,058",100% bullish,of 1 rating,$20
FDUS,$14.56,1441728681830,"5,044",50% bullish,of 2 ratings,$18
FSAM,$7.63,1441728681860,"10,257",100% bearish,of 1 rating,$10.25
ONEQ,$187.662,1441728681883,"5,325",100% bullish,of 1 rating,N/A
FRGI,$52.08,1441728681916,"10,192",50% bullish,of 2 ratings,$70
FSC,$6.55,1441728682015,"195,059",60% bullish,of 5 ratings,$8
FSFR,$8.8,1441728682044,"24,693",100% bearish,of 1 rating,$11.50
FSCFL,$24.6875,1441728682146,600,Not yet rated,NULL,N/A
FITB,$19.58,1441728682171,"795,499",54% bullish,of 13 ratings,$22
FITBI,$27.5,1441728682305,"26,422",Not yet rated,NULL,N/A
FNGN,$29.78,1441728682339,"77,085",67% bullish,of 3 ratings,$47
FISI,$24.39,1441728682515,"2,478",100% bullish,of 2 ratings,$24.50
FNSR,$15.35,1441728682681,"162,606",71% bullish,of 7 ratings,$24
FEYE,$37.76,1441728682708,"1,110,850",88% bullish,of 16 ratings,$55.50
FNJN,$1.69,1441728682738,"2,272",100% bearish,of 1 rating,$5
FNTCU,NULL,1441728682758,0,Not yet rated,NULL,N/A
FNTC,NULL,1441728682793,0,Not yet rated,NULL,N/A
FBNC,$16.99,1441728682839,"1,143",100% bullish,of 1 rating,$20
FNTCW,NULL,1441728682891,0,Not yet rated,NULL,N/A
FNLC,$18.9499,1441728683173,"1,390",100% bullish,of 1 rating,N/A
FRBA,$6.11,1441728683202,900,Not yet rated,NULL,$8
BUSE,$19.49,1441728683231,"16,561",Not yet rated,NULL,$6.875
FBIZ,$23.04,1441728683306,"8,975",100% bearish,of 2 ratings,$26
FCVA,$4.63,1441728683353,200,Not yet rated,NULL,N/A
FCAP,$26.1,1441728683510,680,Not yet rated,NULL,N/A
FCFS,$39.21,1441728683550,"6,055",100% bearish,of 3 ratings,$47
FCLF,$9.19,1441728683575,200,Not yet rated,NULL,N/A
FCBC,$17.62,1441728683704,"3,711",Not yet rated,NULL,$18
FCCO,$12.39,1441728683775,200,Not yet rated,NULL,$13.25
FDEF,$37.19,1441728683838,"5,116",Not yet rated,NULL,$38
FCNCA,$233.27,1441728683865,"1,127",Not yet rated,NULL,N/A
FBNK,$17.01,1441728683904,"29,119",100% bearish,of 1 rating,$17.50
FCFP,$6.88,1441728683929,600,Not yet rated,NULL,N/A
FFNM,$6.49,1441728684009,"1,000",Not yet rated,NULL,N/A
FFBC,$18.38,1441728684145,"12,177",67% bearish,of 3 ratings,$20.25
FFBCW,NULL,1441728684278,0,100% bearish,of 1 rating,N/A
THFF,$32.78,1441728684307,"6,372",Not yet rated,NULL,$35
FFWM,$21.93,1441728684411,"10,602",Not yet rated,NULL,$24
FFIN,$30.31,1441728684451,"15,994",50% bullish,of 2 ratings,$31.75
FFNW,$12.24,1441728684482,"1,378",Not yet rated,NULL,$14
INBK,$29.81,1441728684579,"8,544",50% bullish,of 2 ratings,$37
FRME,$26.3,1441728684622,"16,266",Not yet rated,NULL,$26.50
FIBK,$26.5,1441728684662,"9,733",Not yet rated,NULL,$32
FMBI,$17.61,1441728684803,"28,492",Not yet rated,NULL,$20
FMBH,NULL,1441728684833,0,Not yet rated,NULL,N/A
FNFG,$9.185,1441728684854,"349,028",80% bullish,of 5 ratings,$9
FNBC,$34.7,1441728684885,"16,404",Not yet rated,NULL,$40
FNWB,$12.14,1441728685020,"4,292",Not yet rated,NULL,N/A
FSFG,$30.48,1441728685050,787,Not yet rated,NULL,N/A
FSGI,$2.46,1441728685260,"5,370",Not yet rated,NULL,N/A
BICK,NULL,1441728685358,0,100% bullish,of 1 rating,N/A
FSLR,$48.81,1441728685387,"330,083",72% bullish,of 39 ratings,$65
FSBK,$7.77,1441728685420,100,100% bullish,of 1 rating,N/A
FTCS,$36.0401,1441728685441,"5,148",100% bearish,of 1 rating,N/A
FCAN,NULL,1441728685520,0,Not yet rated,NULL,N/A
IFV,$17.68,1441728685545,"96,069",100% bearish,of 1 rating,N/A
FBZ,NULL,1441728685674,0,Not yet rated,NULL,N/A
FCA,$19.77,1441728685758,415,Not yet rated,NULL,N/A
FV,$23.26,1441728685783,"446,524",100% bearish,of 1 rating,N/A
TDIV,$24.7999,1441728685922,"26,335",100% bearish,of 1 rating,N/A
FEUZ,$30.89,1441728685950,100,Not yet rated,NULL,N/A
FTSM,$59.95,1441728685974,"20,361",100% bearish,of 1 rating,N/A
FEMB,$41.09,1441728686136,"3,600",Not yet rated,NULL,N/A
FGM,$35.862,1441728686221,"6,810",Not yet rated,NULL,N/A
MDIV,$19.004,1441728686353,"45,377",Not yet rated,NULL,N/A
HYLS,$49.73,1441728686442,"8,540",100% bearish,of 1 rating,N/A
FHK,$33.68,1441728686482,"1,300",Not yet rated,NULL,N/A
FPXI,$26.86,1441728686550,200,Not yet rated,NULL,N/A
FTHI,$19.27,1441728686576,100,Not yet rated,NULL,N/A
FTGC,$22.47,1441728686623,"16,207",Not yet rated,NULL,N/A
YDIV,NULL,1441728686716,0,Not yet rated,NULL,N/A
SKYY,$28.5299,1441728686749,"13,498",100% bullish,of 1 rating,N/A
CU,$13,1441728686852,"3,078",100% bearish,of 1 rating,N/A
PLTM,$6.18,1441728686987,220,100% bearish,of 1 rating,N/A
FTLB,NULL,1441728687093,0,100% bearish,of 1 rating,N/A
LMBS,NULL,1441728687136,0,Not yet rated,NULL,N/A
FJP,$45.08,1441728687162,"53,456",Not yet rated,NULL,N/A
FMB,$50.97,1441728687183,"4,888",Not yet rated,NULL,N/A
QABA,$37.47,1441728687326,"1,692",100% bearish,of 1 rating,N/A
CIBR,$17.5297,1441728687354,"8,869",Not yet rated,NULL,N/A
FONE,$35.21,1441728687484,137,Not yet rated,NULL,N/A
GRID,$31.11,1441728687569,35,100% bearish,of 1 rating,N/A
CARZ,$34.95,1441728687612,"3,139",100% bearish,of 1 rating,N/A
QCLN,$15.411,1441728687746,"10,071",Not yet rated,NULL,N/A
RDVY,$20.8765,1441728687807,"2,290",Not yet rated,NULL,N/A
QQXT,$40.15,1441728687833,892,Not yet rated,NULL,N/A
QQEW,$41.6299,1441728687874,"11,668",Not yet rated,NULL,N/A
QTEC,$40.1,1441728687960,"4,230",Not yet rated,NULL,N/A
AIRR,$16.55,1441728688059,"1,120",100% bearish,of 1 rating,N/A
QINC,NULL,1441728688120,0,Not yet rated,NULL,N/A
FDIV,$47.4,1441728688218,300,100% bearish,of 1 rating,N/A
FTSL,$48.8804,1441728688243,"9,379",100% bearish,of 1 rating,N/A
FSZ,$38.46,1441728688371,916,Not yet rated,NULL,N/A
FKO,NULL,1441728688396,0,Not yet rated,NULL,N/A
FTW,NULL,1441728688438,0,Not yet rated,NULL,N/A
TUSA,$24.83,1441728688528,508,Not yet rated,NULL,N/A
FUNC,$8.06,1441728688657,"1,800",Not yet rated,NULL,N/A
SVVC,$9.17,1441728688687,"4,650",50% bullish,of 2 ratings,$26
FKU,$41.6601,1441728688708,"1,773",Not yet rated,NULL,N/A
FMER,$17.55,1441728688755,"97,571",50% bullish,of 2 ratings,$20
FSV,$32.05,1441728688924,"2,000",Not yet rated,NULL,$33.60
FISV,$85.39,1441728688949,"230,565",100% bearish,of 3 ratings,$90
FIVE,$33.96,1441728689119,"360,511",75% bearish,of 4 ratings,$43.50
FLML,$22.75,1441728689186,"63,370",50% bullish,of 2 ratings,$30
FPRX,$19.95,1441728689211,"38,744",50% bullish,of 2 ratings,$35
FIVN,$3.76,1441728689238,"25,742",100% bullish,of 1 rating,$8.50
FLKS,$11.77,1441728689263,"22,229",50% bullish,of 2 ratings,$27
MBSD,$24.93,1441728689408,"2,400",Not yet rated,NULL,N/A
FLXS,$30.8,1441728689549,"1,570",100% bearish,of 2 ratings,N/A
FLEX,$10.5,1441728689640,"538,082",63% bullish,of 8 ratings,$12
SKOR,$50.44,1441728689722,"4,600",Not yet rated,NULL,N/A
FLDM,$11.29,1441728689777,"54,858",67% bearish,of 3 ratings,$15
FLIR,$28.75,1441728689821,"154,793",100% bearish,of 2 ratings,$38.50
FOMX,$9.95,1441728689883,"16,578",50% bullish,of 2 ratings,$23.50
FLXN,$28.235,1441728689908,"28,325",100% bearish,of 1 rating,$40
FFIC,$19.51,1441728689933,"5,958",Not yet rated,NULL,$20.50
FONR,$10.67,1441728690135,"18,200",100% bullish,of 1 rating,N/A
FOGO,$19.32,1441728690220,"10,378",50% bullish,of 2 ratings,$25.50
FES,$0.9,1441728690352,"33,500",50% bullish,of 2 ratings,$1
FORR,$30.85,1441728690382,"5,987",Not yet rated,NULL,N/A
FORM,$6.83,1441728690405,"27,488",67% bullish,of 3 ratings,$10.50
FORTY,NULL,1441728690426,0,100% bearish,of 1 rating,N/A
FBIO,$2.54,1441728690585,"34,740",83% bullish,of 6 ratings,N/A
FWP,$25.72,1441728690730,"18,200",100% bearish,of 1 rating,$45
FTNT,$42.4499,1441728690755,"270,916",80% bullish,of 10 ratings,$52
FORD,$1.6449,1441728690796,"785,463",67% bullish,of 3 ratings,N/A
FWRD,$44.72,1441728690882,"21,254",100% bearish,of 1 rating,$50
FOSL,$60.97,1441728690927,"179,782",60% bearish,of 5 ratings,$80
FMI,$23.21,1441728690952,"28,207",100% bearish,of 2 ratings,$27.50
FOXF,$15.29,1441728691141,"5,097",100% bearish,of 1 rating,$19
FRED,$12.91,1441728691181,"25,385",50% bullish,of 2 ratings,$15.50
FXCB,$17.14,1441728691206,735,Not yet rated,NULL,$19
FELE,$27.92,1441728691230,"30,528",50% bullish,of 4 ratings,$33
FRAN,$12.45,1441728691271,"433,220",50% bullish,of 4 ratings,$15
RAIL,$20.45,1441728691377,"25,010",100% bearish,of 1 rating,$24.50
FREE,$0.3402,1441728691445,"297,894",92% bullish,of 12 ratings,N/A
FEIM,$10.76,1441728691550,"1,400",100% bearish,of 1 rating,N/A
FRPT,$12.5,1441728691597,"62,704",67% bearish,of 3 ratings,$23.50
FTR,$5.3658,1441728691626,"4,358,204",78% bullish,of 27 ratings,$6.25
FTRPR,$104.7,1441728691759,"20,514",100% bearish,of 1 rating,N/A
FSBW,$23.29,1441728691867,300,Not yet rated,NULL,N/A
FRPH,$30.505,1441728691892,"4,424",100% bearish,of 1 rating,N/A
FSYS,$6.3,1441728692067,"70,100",67% bullish,of 3 ratings,$8.50
FULL,$3.11,1441728692099,"16,068",67% bearish,of 3 ratings,$4.25
FTD,$29.18,1441728692147,"6,318",100% bearish,of 1 rating,$40
FCEL,$0.914,1441728692202,"612,628",88% bullish,of 41 ratings,$2.65
FTEK,$2.02,1441728692282,"7,777",75% bullish,of 4 ratings,N/A
FULLL,$25.2999,1441728692311,900,Not yet rated,NULL,N/A
FLL,$1.485,1441728692338,"2,937",75% bullish,of 4 ratings,$3.50
FULT,$11.945,1441728692363,"103,153",100% bearish,of 1 rating,$13
FFHL,NULL,1441728692572,0,50% bullish,of 4 ratings,N/A
FSNN,$2.28,1441728692601,"8,100",67% bullish,of 3 ratings,$6
FXEN,$0.986,1441728692627,"11,805",75% bullish,of 4 ratings,$1.10
GK,$67.63,1441728692774,"7,028",Not yet rated,NULL,$78
FXENP,$15.13,1441728692804,700,100% bearish,of 1 rating,N/A
WILC,NULL,1441728692825,0,100% bullish,of 2 ratings,N/A
GAIA,$5.98,1441728692911,"5,091",50% bullish,of 2 ratings,$8.50
GLPG,$59.17,1441728692958,"3,133",100% bullish,of 1 rating,$75
GALT,$2.18,1441728693014,"47,606",80% bullish,of 5 ratings,N/A
GLPI,$30.49,1441728693183,"69,368",100% bearish,of 1 rating,$37.50
GALE,$1.5801,1441728693210,"148,948",89% bullish,of 47 ratings,$4
GALTU,NULL,1441728693348,0,100% bearish,of 1 rating,N/A
GLMD,$8.56,1441728693400,"2,563",67% bullish,of 3 ratings,$20.50
GALTW,NULL,1441728693454,0,100% bullish,of 1 rating,N/A
GRMN,$37.26,1441728693479,"207,957",50% bullish,of 6 ratings,$46.50
GPIC,$9.77,1441728693503,"2,500",100% bearish,of 1 rating,N/A
GGAC,$9.92,1441728693650,81,100% bearish,of 1 rating,N/A
GGACU,NULL,1441728693721,0,Not yet rated,NULL,N/A
GGACR,$0.24,1441728693782,"9,000",100% bullish,of 1 rating,N/A
GNCMA,$17.32,1441728693912,"25,031",100% bearish,of 1 rating,$12
GENC,$9.04,1441728693965,200,100% bearish,of 1 rating,N/A
GARS,$14.562,1441728694007,"15,624",Not yet rated,NULL,$16
GGACW,$0.1469,1441728694040,480,Not yet rated,NULL,N/A
GFNCP,$88.5,1441728694095,70,Not yet rated,NULL,N/A
GFN,$3.76,1441728694122,"5,975",100% bearish,of 2 ratings,$8
GFNSL,$25.5,1441728694419,600,Not yet rated,NULL,N/A
GNMK,$9.95,1441728694448,"9,917",67% bullish,of 6 ratings,$14
GHDX,$25.14,1441728694549,"15,337",50% bullish,of 2 ratings,$30
GNCA,$11.21,1441728694596,"12,800",100% bearish,of 1 rating,$20
GENE,$2.39,1441728694623,"39,491",100% bullish,of 12 ratings,N/A
GNTX,$15.97,1441728694650,"681,960",Not yet rated,NULL,$20
THRM,$45.625,1441728694675,"58,837",75% bearish,of 4 ratings,$55.50
GNVC,$2.59,1441728694875,"12,831",90% bullish,of 10 ratings,$8.50
GTWN,NULL,1441728694936,0,Not yet rated,NULL,N/A
GEOS,$16.92,1441728695022,"14,283",100% bearish,of 3 ratings,$21
GEVO,$2.3758,1441728695068,"250,931",75% bullish,of 12 ratings,$5
ROCK,$16.77,1441728695197,"20,189",80% bullish,of 5 ratings,$24
GERN,$3.36,1441728695232,"710,500",88% bullish,of 17 ratings,$5.25
GABC,$28.81,1441728695301,"1,849",Not yet rated,NULL,$31.50
GIGA,$1.31,1441728695364,"108,860",100% bearish,of 1 rating,N/A
GIGM,$0.5298,1441728695390,"19,700",100% bullish,of 2 ratings,N/A
GILD,$103.09,1441728695437,"2,055,671",91% bullish,of 89 ratings,$129
GIII,$69.74,1441728695525,"62,661",67% bullish,of 3 ratings,$79
GILT,$4.12,1441728695584,"2,380",50% bullish,of 2 ratings,N/A
GBCI,$26.03,1441728695715,"18,967",50% bullish,of 2 ratings,$31
GOOD,$13.98,1441728695847,"16,264",Not yet rated,NULL,$19
GLAD,$8.96,1441728695929,"71,373",50% bullish,of 2 ratings,$8.75
GOODN,$25.61,1441728695978,39,Not yet rated,NULL,N/A
GOODO,NULL,1441728696003,0,Not yet rated,NULL,N/A
GLADO,$25.59,1441728696029,800,Not yet rated,NULL,N/A
GOODP,$25.2,1441728696053,400,Not yet rated,NULL,N/A
GAIN,$7.49,1441728696158,"37,795",100% bullish,of 2 ratings,$8.25
GAINN,$25.21,1441728696364,"32,701",Not yet rated,NULL,N/A
LAND,$9.18,1441728696442,"6,364",50% bullish,of 2 ratings,$13.75
GBT,$50.55,1441728696496,"71,218",100% bearish,of 1 rating,N/A
GLBZ,NULL,1441728696522,0,Not yet rated,NULL,N/A
GAINP,$25.65,1441728696543,"1,900",Not yet rated,NULL,N/A
GAINO,NULL,1441728696571,0,Not yet rated,NULL,N/A
GDEF,$10.65,1441728696774,400,Not yet rated,NULL,N/A
ENT,$11.25,1441728696841,"25,453",100% bearish,of 1 rating,$18
GBLI,$27.29,1441728696870,"1,232",Not yet rated,NULL,N/A
GSOL,$8.35,1441728696974,"1,898",100% bearish,of 1 rating,N/A
ACTX,NULL,1441728697025,0,100% bullish,of 1 rating,N/A
QQQC,$18.65,1441728697103,505,100% bearish,of 1 rating,N/A
SOCL,$17.4999,1441728697130,"9,204",100% bullish,of 2 ratings,N/A
ALTY,$14.43,1441728697190,1,Not yet rated,NULL,N/A
GPACU,NULL,1441728697297,0,Not yet rated,NULL,N/A
SRET,$12.96,1441728697370,11,Not yet rated,NULL,N/A
YLCO,$11.6412,1441728697563,200,Not yet rated,NULL,N/A
GSM,$14.6,1441728697590,"116,365",50% bullish,of 2 ratings,$22
GAI,$6.16,1441728697615,500,50% bullish,of 2 ratings,N/A
GLUU,$4.61,1441728697755,"599,072",92% bullish,of 26 ratings,$9
GBIM,$2.71,1441728697784,844,50% bullish,of 2 ratings,N/A
GLYC,$6.91,1441728697814,"25,167",50% bullish,of 2 ratings,$14
GLRI,$1.0132,1441728697887,"16,786",100% bearish,of 1 rating,$4.25
GLBS,$1.25,1441728697937,"9,338",67% bullish,of 3 ratings,N/A
GOGO,$15.9,1441728698073,"107,985",80% bullish,of 5 ratings,$25
GMLP,$21.21,1441728698151,"28,494",50% bullish,of 4 ratings,$29
GLDC,$3.97,1441728698211,912,50% bullish,of 2 ratings,N/A
GDEN,$9.07,1441728698282,"1,800",50% bullish,of 2 ratings,N/A
GOGL,$2.94,1441728698521,"37,313",75% bullish,of 4 ratings,$5
GOOGL,$639.32,1441728698661,"456,018",88% bullish,of 1083 ratings,$749
GTIM,$7.09,1441728698688,"8,783",Not yet rated,NULL,$11.50
GOOG,$611.09,1441728698720,"390,454",87% bullish,of 75 ratings,$787.50
GBDC,$17.04,1441728698869,"77,049",Not yet rated,NULL,$17.75
GLNG,$39,1441728698927,"233,388",83% bullish,of 6 ratings,$55.50
GPIA,NULL,1441728698976,0,100% bearish,of 1 rating,N/A
GPRO,$36.57,1441728699003,"3,533,275",78% bullish,of 59 ratings,$71
GMAN,$3.6501,1441728699061,"10,737",60% bullish,of 5 ratings,$8.50
GPIAU,$9.96,1441728699206,700,Not yet rated,NULL,N/A
LOPE,$37.58,1441728699231,"19,248",100% bearish,of 2 ratings,$50
GPIAW,NULL,1441728699269,0,Not yet rated,NULL,N/A
GBSN,$0.159,1441728699489,"4,087,586",50% bullish,of 2 ratings,$8.25
GRVY,$3.632,1441728699595,761,50% bullish,of 2 ratings,N/A
GBSNU,NULL,1441728699618,0,NULL,NULL,NULL
GNBC,$11.99,1441728699643,"16,250",100% bearish,of 1 rating,$16.50
GSBC,$41.28,1441728699664,"3,941",100% bullish,of 1 rating,$44
GLDD,$5.487,1441728699693,"26,956",100% bearish,of 4 ratings,$7.75
GPP,$14.15,1441728699883,"6,285",Not yet rated,NULL,$20.50
GRBK,$11.94,1441728699909,"29,856",77% bullish,of 13 ratings,N/A
GPRE,$20.74,1441728699942,"144,969",67% bullish,of 6 ratings,$28.50
GCBC,$29,1441728700042,27,100% bullish,of 1 rating,N/A
GRIF,$32.49,1441728700069,"3,800",100% bearish,of 1 rating,N/A
GRFS,$31.8,1441728700128,"157,370",50% bullish,of 2 ratings,$35
GLRE,$24.75,1441728700215,"32,660",50% bullish,of 2 ratings,$34
GGAL,$20.16,1441728700474,"80,809",80% bullish,of 5 ratings,$40
OMAB,$41.15,1441728700531,"17,748",100% bullish,of 1 rating,$44
GTXI,$0.87,1441728700636,"3,000",100% bullish,of 5 ratings,$.75
GRPN,$4.28,1441728700671,"1,956,902",61% bullish,of 71 ratings,$6.75
GSIT,$4.58,1441728700692,"1,788",100% bearish,of 1 rating,N/A
GSIG,$12.97,1441728700723,"4,044",100% bearish,of 2 ratings,N/A
GSVC,$8.98,1441728700743,"11,487",50% bullish,of 2 ratings,$15.75
GBNK,$15.61,1441728700774,"2,808",100% bearish,of 1 rating,$18
GFED,$14.5,1441728701042,532,Not yet rated,NULL,$17
GULTU,$0.3398,1441728701091,"104,951",100% bearish,of 1 rating,N/A
GWPH,$105.26,1441728701236,"29,188",78% bullish,of 9 ratings,$148.50
GUID,$6.75,1441728701261,"17,602",100% bearish,of 3 ratings,$10
GIFI,$12.02,1441728701305,"16,697",100% bearish,of 1 rating,$16
GURE,$1.62,1441728701332,"16,662",88% bullish,of 8 ratings,N/A
GPOR,$32.99,1441728701391,"516,665",75% bullish,of 4 ratings,$54
HEES,$20.21,1441728701618,"93,711",67% bearish,of 3 ratings,$31
GYRO,$33.3,1441728701645,"4,746",100% bearish,of 1 rating,N/A
GWGH,$7.97,1441728701665,164,100% bearish,of 1 rating,$15.05
HALO,$17.05,1441728701811,"86,240",67% bullish,of 3 ratings,$22.50
HBK,NULL,1441728701839,0,50% bullish,of 2 ratings,N/A
HLG,$9,1441728701865,500,100% bearish,of 1 rating,N/A
HALL,$11.45,1441728701915,"21,653",Not yet rated,NULL,N/A
HNRG,$7.22,1441728702001,"18,456",100% bearish,of 1 rating,$10
HMPR,$1.9,1441728702190,"3,054",100% bullish,of 1 rating,N/A
HBHCL,$24.18,1441728702256,"26,100",Not yet rated,NULL,N/A
HNH,$25.26,1441728702326,"2,578",100% bullish,of 1 rating,N/A
HBHC,$27.78,1441728702398,"94,184",50% bullish,of 2 ratings,$30
HAFC,$24.34,1441728702426,"70,437",100% bullish,of 2 ratings,$28.50
HQCL,$12.58,1441728702556,"2,483",67% bullish,of 3 ratings,$14
HNSN,$0.5692,1441728702601,"41,197",88% bullish,of 8 ratings,$.40
HDNG,$10.43,1441728702734,"6,451",50% bullish,of 4 ratings,N/A
HRMN,NULL,1441728702787,0,Not yet rated,NULL,N/A
HRMNU,NULL,1441728702815,0,Not yet rated,NULL,N/A
HLIT,$5.75,1441728702864,"54,644",100% bearish,of 1 rating,$6.50
HRMNW,NULL,1441728702888,0,Not yet rated,NULL,N/A
HART,$1.32,1441728703081,"50,500",100% bearish,of 1 rating,N/A
TINY,$2.46,1441728703127,"7,408",50% bullish,of 2 ratings,$5.26
HCAPL,$25.41,1441728703263,772,Not yet rated,NULL,N/A
HBIO,$4.43,1441728703318,"28,249",100% bearish,of 1 rating,$10
HCAP,$12,1441728703347,"3,974",50% bullish,of 2 ratings,$15
HAS,$75.78,1441728703372,"238,953",63% bullish,of 8 ratings,$84.50
HA,$24.4,1441728703455,"130,139",67% bullish,of 9 ratings,$27
HWKN,$38.42,1441728703552,"3,595",Not yet rated,NULL,N/A
HCOM,$21.67,1441728703586,383,100% bearish,of 1 rating,$28
HDS,$33.06,1441728703692,"811,890",100% bearish,of 2 ratings,$39.50
HAYN,$37.75,1441728703720,"10,872",100% bearish,of 1 rating,$59
HIIQ,$4.89,1441728703782,"1,488",50% bullish,of 2 ratings,$7
HWBK,$13.987,1441728703827,235,100% bearish,of 1 rating,N/A
HCSG,$32.8,1441728703922,"38,464",50% bullish,of 4 ratings,$35
HQY,$29.83,1441728703952,"39,565",67% bullish,of 3 ratings,$35
HWAY,$11.73,1441728704130,"104,474",100% bearish,of 1 rating,$15
HTLD,$20.69,1441728704174,"51,298",Not yet rated,NULL,$22.50
HSTM,$24.555,1441728704205,"17,557",50% bullish,of 2 ratings,$33.75
HTBX,$3.875,1441728704307,"11,495",50% bullish,of 2 ratings,$15.50
HTLF,$36.23,1441728704331,"12,399",100% bullish,of 1 rating,$39.50
HTWR,$66.57,1441728704356,"88,252",50% bullish,of 2 ratings,$97.50
HSII,$20.43,1441728704488,"5,835",100% bullish,of 3 ratings,$25
HELE,$85.475,1441728704519,"23,126",67% bearish,of 3 ratings,$100
HMNY,$2.1475,1441728704623,"8,687",100% bearish,of 1 rating,N/A
HMTV,$13.26,1441728704681,"1,853",100% bearish,of 1 rating,$16
HCACU,$9.95,1441728704712,"106,018",Not yet rated,NULL,N/A
HSIC,$134.96,1441728704841,"59,717",83% bullish,of 6 ratings,$146
HNNA,$24.5401,1441728704871,"10,423",100% bearish,of 1 rating,N/A
HERO,NULL,1441728704933,0,NULL,NULL,NULL
HTBK,$10.74,1441728704971,"15,447",Not yet rated,NULL,$12
HFWA,$18.1,1441728705127,"5,417",100% bullish,of 1 rating,$20
HEOP,$7.86,1441728705189,"4,586",Not yet rated,NULL,$8.50
MLHR,$27.62,1441728705210,"37,178",50% bullish,of 2 ratings,$33.50
HRTX,$38.09,1441728705241,"238,306",57% bullish,of 7 ratings,$41
HCCI,$11.93,1441728705296,"1,357",100% bearish,of 1 rating,$16.50
HIBB,$39.36,1441728705472,"47,728",100% bearish,of 1 rating,$46.50
HSKA,$33.19,1441728705501,"14,276",100% bearish,of 1 rating,$38
HFFC,$16.05,1441728705550,"3,400",Not yet rated,NULL,N/A
HPJ,$2.2,1441728705603,"14,172",75% bullish,of 4 ratings,$12.43
HIHO,$4.7979,1441728705734,"51,063",Not yet rated,NULL,N/A
HIMX,$7.39,1441728705763,"362,557",86% bullish,of 21 ratings,$8.25
HIFS,$113.65,1441728705868,"3,237",Not yet rated,NULL,N/A
HMNF,$11.42,1441728705974,418,Not yet rated,NULL,N/A
HSGX,$6.15,1441728706034,"1,415",100% bearish,of 1 rating,$17
HMSY,$10.16,1441728706167,"116,766",67% bullish,of 3 ratings,$19.35
HOLI,$16.65,1441728706239,"114,960",50% bullish,of 4 ratings,$27
HOLX,$39.1601,1441728706298,"388,935",50% bullish,of 4 ratings,$42
HBCP,$24.48,1441728706328,"1,166",Not yet rated,NULL,$29
HFBL,$21.88,1441728706385,"7,300",Not yet rated,NULL,N/A
HOMB,$38.36,1441728706427,"17,349",Not yet rated,NULL,$42
AWAY,$28.36,1441728706485,"127,239",75% bullish,of 4 ratings,$36
HMIN,$25.6,1441728706562,"29,476",100% bearish,of 2 ratings,$35
HTBI,$18.1,1441728706590,"6,769",67% bullish,of 3 ratings,$18.625
HMST,$22.39,1441728706718,"11,227",100% bullish,of 2 ratings,$27
HKTV,$4.18,1441728706743,"42,592",100% bearish,of 1 rating,N/A
CETC,$0.7598,1441728706802,"14,332",86% bullish,of 7 ratings,N/A
HOFT,$24.91,1441728706935,"14,040",100% bearish,of 1 rating,N/A
HFBC,$10.98,1441728707067,"3,715",Not yet rated,NULL,N/A
HZNP,$29.53,1441728707199,"449,063",85% bullish,of 20 ratings,$40
HBNC,$23.4,1441728707259,"6,757",100% bullish,of 1 rating,$27
HWCC,$7.57,1441728707344,"6,809",100% bearish,of 1 rating,$9
ZINC,$7.66,1441728707385,"114,987",100% bearish,of 1 rating,$17
HDP,$24.49,1441728707473,"141,515",67% bearish,of 3 ratings,$30.50
HRZN,$10.38,1441728707502,"8,382",50% bullish,of 2 ratings,$14.25
HMHC,$22.905,1441728707523,"123,719",Not yet rated,NULL,$27
HOVNP,$4.38,1441728707682,200,100% bearish,of 1 rating,N/A
HSNI,$60.11,1441728707786,"30,732",Not yet rated,NULL,$80
HBMD,$13.98,1441728707849,"4,951",100% bearish,of 1 rating,N/A
HTGM,$6.08,1441728707922,"2,739",100% bearish,of 1 rating,$19.50
HCBK,$9.47,1441728707950,"469,749",83% bullish,of 6 ratings,$8.61
HUBG,$38.37,1441728708026,"69,044",100% bearish,of 1 rating,$43
HBAN,$10.72,1441728708174,"1,723,327",76% bullish,of 17 ratings,$12.29
HSON,$2.83,1441728708195,"45,144",100% bearish,of 1 rating,$5
HBANP,NULL,1441728708230,0,100% bearish,of 1 rating,N/A
HURC,$29.42,1441728708278,"1,700",100% bearish,of 1 rating,N/A
HDSN,$2.99,1441728708328,"6,702",100% bullish,of 1 rating,$6.25
HURN,$73.56,1441728708355,"21,553",50% bullish,of 2 ratings,$80
HBP,$3.06,1441728708407,200,100% bullish,of 1 rating,N/A
HTCH,$1.51,1441728708552,"31,506",100% bearish,of 1 rating,$3.50
HDRAR,NULL,1441728708576,0,Not yet rated,NULL,N/A
HDRA,NULL,1441728708624,0,Not yet rated,NULL,N/A
HDRAU,NULL,1441728708755,0,Not yet rated,NULL,N/A
HDRAW,NULL,1441728708857,0,Not yet rated,NULL,N/A
ICAD,$3.93,1441728708950,"13,249",50% bullish,of 2 ratings,$7.25
HYGS,$8.55,1441728708983,"6,308",50% bullish,of 2 ratings,$13
IKGH,$1.55,1441728709118,"37,823",75% bullish,of 4 ratings,N/A
IACI,$69.8,1441728709164,"187,745",80% bullish,of 5 ratings,$90
IBKC,$61.12,1441728709200,"15,182",100% bullish,of 1 rating,$70
IDSY,$3.81,1441728709246,"8,418",100% bearish,of 1 rating,$7
IEP,$68.05,1441728709274,"47,320",75% bullish,of 4 ratings,$99
ICFI,$33.795,1441728709329,"3,958",50% bullish,of 2 ratings,$48.50
ICON,$13.3,1441728709429,"215,750",50% bullish,of 2 ratings,$18.50
ICUI,$110.66,1441728709476,"22,118",Not yet rated,NULL,$122
ICLR,$77.4032,1441728709607,"73,633",100% bearish,of 3 ratings,$85
INVE,$4.46,1441728709638,"9,570",75% bullish,of 4 ratings,$4
IPWR,$7.81,1441728709742,"3,605",100% bullish,of 1 rating,$15
IDRA,$2.89,1441728709770,"145,088",89% bullish,of 9 ratings,$6.50
IDXX,$74.2683,1441728709921,"102,491",100% bearish,of 1 rating,$76
IROQ,$16.725,1441728710194,200,100% bullish,of 1 rating,N/A
RXDX,$15.95,1441728710221,"80,378",100% bullish,of 1 rating,$20
DSKY,$10.84,1441728710254,"45,291",67% bullish,of 6 ratings,$11.50
IIVI,$16.97,1441728710286,"31,825",100% bearish,of 1 rating,$22
IKAN,$2.74,1441728710353,"14,772",83% bullish,of 6 ratings,$5
IRG,$5.25,1441728710382,"6,355",100% bearish,of 1 rating,$4.25
KANG,$15.4605,1441728710409,"149,056",50% bullish,of 2 ratings,$23.10
IKNX,NULL,1441728710563,0,100% bearish,of 1 rating,N/A
ISNS,$4.1388,1441728710741,"3,454",50% bullish,of 2 ratings,N/A
ILMN,$195.4619,1441728710846,"164,496",80% bullish,of 5 ratings,$245
ICCC,$7,1441728710871,"4,263",100% bullish,of 1 rating,N/A
IMMR,$12.805,1441728710901,"63,079",80% bullish,of 5 ratings,$15.50
IMGN,$13.24,1441728710927,"248,667",75% bullish,of 4 ratings,$17.50
IMMU,$2.32,1441728711003,"1,785,719",86% bullish,of 7 ratings,$2
IMDZ,$15.46,1441728711035,"63,456",100% bearish,of 1 rating,$33
IMNP,$1.37,1441728711128,"93,072",50% bullish,of 2 ratings,$6
IPXL,$45.17,1441728711154,"688,195",67% bullish,of 3 ratings,$46.50
IMMY,$7.55,1441728711230,"1,345",100% bearish,of 1 rating,$11
INCR,$42.61,1441728711435,"59,089",50% bullish,of 2 ratings,$53
SAAS,$7.31,1441728711506,"59,421",50% bullish,of 2 ratings,$15
INCY,$117.45,1441728711531,"140,069",50% bullish,of 6 ratings,$125.50
IBCP,$14.3,1441728711563,"18,323",100% bullish,of 1 rating,$14.50
INDB,$44.535,1441728711589,"11,355",Not yet rated,NULL,$44
IDSA,NULL,1441728711861,0,Not yet rated,NULL,N/A
INFI,$8.72,1441728711897,"64,797",50% bullish,of 4 ratings,$16.50
IBTX,$41.99,1441728711963,"3,559",100% bullish,of 2 ratings,$47.25
INFN,$20.58,1441728711991,"1,386,895",71% bullish,of 7 ratings,$28
IMKTA,$49.9396,1441728712022,"19,241",100% bearish,of 1 rating,N/A
III,$3.75,1441728712054,"12,876",57% bullish,of 7 ratings,$6
IPCC,$75.74,1441728712119,"4,306",Not yet rated,NULL,$77.50
IFON,$1.253,1441728712150,"7,786",75% bullish,of 4 ratings,N/A
INNL,$13,1441728712285,"43,834",100% bearish,of 1 rating,$16.50
INOD,$2.32,1441728712533,"4,610",100% bearish,of 1 rating,N/A
INWK,$7.01,1441728712565,"16,130",50% bullish,of 2 ratings,$10
IPHS,$45.87,1441728712585,"11,444",100% bearish,of 1 rating,$60
IOSP,$49.61,1441728712668,"42,567",100% bearish,of 1 rating,N/A
ISSC,$2.83,1441728712731,10,67% bearish,of 3 ratings,N/A
INGN,$52.43,1441728712756,"59,263",100% bearish,of 1 rating,$50.50
ITEK,$12.85,1441728712815,"81,754",100% bearish,of 3 ratings,$20
NSIT,$24.81,1441728712950,"23,105",50% bullish,of 2 ratings,N/A
INOV,$21.18,1441728712982,"86,322",100% bearish,of 1 rating,$33
ISIG,$2.65,1441728713010,167,100% bearish,of 1 rating,N/A
INO,$7.115,1441728713073,"212,991",89% bullish,of 18 ratings,$20
INSM,$24.68,1441728713106,"84,606",71% bullish,of 7 ratings,$31.50
IIIN,$17.8,1441728713143,"11,463",100% bearish,of 2 ratings,N/A
PODD,$28.735,1441728713168,"33,451",67% bearish,of 3 ratings,$35
INSY,$33.77,1441728713239,"216,657",75% bullish,of 4 ratings,$48
NTEC,NULL,1441728713499,0,100% bearish,of 1 rating,N/A
IART,$63.04,1441728713557,"36,429",100% bearish,of 2 ratings,$71.50
ISSI,$21.98,1441728713760,"48,762",67% bullish,of 3 ratings,$19.75
IPCI,$2.2101,1441728713794,"5,027",67% bullish,of 6 ratings,$8
IDTI,$19.635,1441728713825,"536,832",60% bullish,of 5 ratings,$25
INTC,$29.371,1441728713847,"6,784,440",82% bullish,of 238 ratings,$36
IESC,$7.03,1441728713891,548,100% bearish,of 1 rating,N/A
ININ,$36.36,1441728713917,"6,821",67% bearish,of 3 ratings,$57
IPAR,$25.39,1441728713948,"14,165",67% bullish,of 3 ratings,$38
IBKR,$38.0967,1441728714050,"77,788",100% bullish,of 1 rating,N/A
ICPT,$192.95,1441728714208,"54,888",70% bullish,of 10 ratings,$359.50
ICLD,$2.047,1441728714339,"159,201",75% bullish,of 4 ratings,N/A
IQNT,$19.489,1441728714369,"140,708",86% bullish,of 7 ratings,$20
ICLDW,NULL,1441728714389,0,100% bearish,of 1 rating,N/A
IDCC,$48.52,1441728714421,"33,989",80% bullish,of 5 ratings,$63
TILE,$24.39,1441728714522,"47,399",100% bearish,of 3 ratings,$27
IMI,$2,1441728714630,"8,013",67% bullish,of 3 ratings,$2.22
INAP,$9.265,1441728714688,"34,025",75% bullish,of 4 ratings,$11
IGLD,$7.38,1441728714759,"1,075",50% bullish,of 2 ratings,N/A
ISCA,$32.54,1441728714786,"6,401",100% bearish,of 1 rating,N/A
IIJI,$8.24,1441728714914,20,50% bullish,of 2 ratings,$12.50
INPH,$0.29,1441728714948,145,50% bullish,of 2 ratings,N/A
IBOC,$25.4,1441728714973,"36,408",100% bearish,of 1 rating,N/A
PTNT,$2.98,1441728715014,200,Not yet rated,NULL,N/A
XENT,$25.675,1441728715157,"38,371",50% bullish,of 2 ratings,$36.50
ISIL,$10.685,1441728715302,"198,354",50% bullish,of 6 ratings,$15
INTX,$2.02,1441728715329,"1,990",67% bullish,of 3 ratings,N/A
IILG,$19.6,1441728715353,"17,846",100% bearish,of 1 rating,$29
IVAC,$4.89,1441728715513,"6,584",100% bearish,of 1 rating,$6.625
INTL,$25.8317,1441728715565,"4,915",67% bearish,of 3 ratings,N/A
ITCI,$27.366,1441728715609,"103,267",75% bearish,of 4 ratings,$40
INTLL,$26.09,1441728715696,100,Not yet rated,NULL,N/A
IIN,$6.75,1441728715779,"2,100",100% bearish,of 1 rating,$12
INTU,$86.675,1441728715805,"381,128",86% bullish,of 7 ratings,$107.50
INVT,$0.3305,1441728715854,"36,393",67% bullish,of 3 ratings,N/A
ISRG,$514.32,1441728715882,"17,105",67% bullish,of 3 ratings,$600
SNAK,$8.39,1441728715985,"13,518",50% bullish,of 2 ratings,$14
ISTR,$15.8,1441728716218,"1,502",100% bearish,of 1 rating,$18.50
ITIC,$70.95,1441728716248,100,100% bearish,of 2 ratings,N/A
ISBC,$11.91,1441728716275,"410,299",100% bullish,of 1 rating,$13.25
NVIV,$11.07,1441728716297,"212,404",50% bullish,of 4 ratings,$24.50
IVTY,$14.19,1441728716352,"9,860",Not yet rated,NULL,$18
DTUL,NULL,1441728716614,0,Not yet rated,NULL,N/A
IRMD,$24.75,1441728716646,"6,912",67% bearish,of 3 ratings,$25
IPGP,$83.01,1441728716687,"91,136",67% bearish,of 3 ratings,$109.50
DFVL,NULL,1441728716707,0,Not yet rated,NULL,N/A
IPAS,$1.08,1441728716742,"2,350",67% bullish,of 3 ratings,N/A
IRDM,$7.04,1441728716776,"123,230",60% bullish,of 5 ratings,$11.50
IPCM,$79.2535,1441728716803,"42,452",50% bullish,of 2 ratings,$80.125
IRIX,$7.12,1441728716823,653,100% bearish,of 1 rating,N/A
IRDMB,NULL,1441728717063,0,67% bearish,of 3 ratings,N/A
IRBT,$30.5,1441728717196,"46,026",67% bullish,of 6 ratings,$37
IRWD,$11.25,1441728717227,"345,899",100% bearish,of 1 rating,$13
FCHI,NULL,1441728717245,0,NULL,NULL,NULL
GNMA,$50.03,1441728717297,"2,416",Not yet rated,NULL,N/A
COMT,$33.29,1441728717321,"2,148",100% bearish,of 1 rating,N/A
IRCP,NULL,1441728717379,0,100% bullish,of 2 ratings,N/A
IFGL,$27.98,1441728717484,"38,038",Not yet rated,NULL,N/A
IFAS,NULL,1441728717526,0,NULL,NULL,NULL
ACWX,$40.05,1441728717617,"331,788",100% bearish,of 1 rating,N/A
IFNA,NULL,1441728717641,0,NULL,NULL,NULL
IFEU,$38.06,1441728717685,100,Not yet rated,NULL,N/A
AAXJ,$52.71,1441728717816,"316,705",Not yet rated,NULL,N/A
ACWI,$55.08,1441728717841,"620,024",Not yet rated,NULL,N/A
AXJS,NULL,1441728717866,0,NULL,NULL,NULL
AAIT,NULL,1441728717994,0,NULL,NULL,NULL
EEMA,$49.45,1441728718077,"9,059",Not yet rated,NULL,N/A
EMEY,NULL,1441728718129,0,NULL,NULL,NULL
EGRW,NULL,1441728718177,0,NULL,NULL,NULL
EMDI,NULL,1441728718200,0,NULL,NULL,NULL
EEME,NULL,1441728718230,0,NULL,NULL,NULL
EEML,NULL,1441728718327,0,Not yet rated,NULL,N/A
EVAL,NULL,1441728718355,0,NULL,NULL,NULL
EUFN,$21.47,1441728718458,"35,951",100% bearish,of 1 rating,N/A
IBB,$345.43,1441728718588,"380,195",67% bullish,of 9 ratings,N/A
UAE,$17.64,1441728718664,"1,100",Not yet rated,NULL,N/A
QAT,$21.16,1441728718696,"1,500",Not yet rated,NULL,N/A
IEUS,$45.53,1441728718721,"1,015",100% bearish,of 1 rating,N/A
SOXX,$83.92,1441728718797,"157,789",50% bullish,of 2 ratings,N/A
ICLN,$9.36,1441728718984,"12,009",50% bullish,of 2 ratings,N/A
WOOD,$47.88,1441728719017,"2,200",50% bullish,of 2 ratings,N/A
EMIF,$28.095,1441728719046,"1,567",Not yet rated,NULL,N/A
IGOV,$91.2,1441728719074,"10,202",100% bearish,of 1 rating,N/A
INDY,$26.47,1441728719094,"603,980",50% bullish,of 2 ratings,N/A
ISHG,$79.755,1441728719129,459,100% bearish,of 1 rating,N/A
ISIS,$53.491,1441728719159,"257,552",53% bullish,of 15 ratings,$67
ISLE,$19.8,1441728719263,"127,183",50% bullish,of 4 ratings,$17
ISRL,$125.71,1441728719392,103,100% bearish,of 1 rating,N/A
ITRN,$23.65,1441728719535,557,50% bullish,of 2 ratings,N/A
ITRI,$29.06,1441728719568,"16,871",100% bearish,of 1 rating,$37
ITUS,$4.08,1441728719615,"5,174",Not yet rated,NULL,N/A
IXYS,$11.71,1441728719775,"17,254",50% bullish,of 4 ratings,N/A
JBHT,$75.98,1441728719827,"182,105",50% bullish,of 4 ratings,$89.50
XXIA,$15.14,1441728719852,"109,982",71% bullish,of 7 ratings,$14.625
JCOM,$67.86,1441728719919,"38,543",100% bullish,of 2 ratings,$77
JJSF,$116.09,1441728719983,"10,412",100% bearish,of 1 rating,N/A
JKHY,$67.36,1441728720160,"51,269",67% bearish,of 3 ratings,$72
MAYS,$58.8,1441728720210,121,Not yet rated,NULL,N/A
JXSB,NULL,1441728720239,0,Not yet rated,NULL,N/A
JASO,$7.99,1441728720269,"300,386",82% bullish,of 17 ratings,$10
JACK,$78.82,1441728720338,"60,883",71% bullish,of 7 ratings,$105
JAXB,$13.15,1441728720371,222,100% bullish,of 1 rating,N/A
JAGX,$3.45,1441728720566,"3,700",Not yet rated,NULL,$10.50
JMBA,$14.22,1441728720634,"26,843",75% bullish,of 4 ratings,$18
JAKK,$9.89,1441728720661,"254,131",60% bearish,of 5 ratings,$11
JRVR,$28.09,1441728720712,"11,010",Not yet rated,NULL,$32
ERW,NULL,1441728720795,0,Not yet rated,NULL,N/A
JASN,$4.89,1441728720843,"4,554",50% bullish,of 2 ratings,$9.50
JASNW,NULL,1441728720974,0,50% bullish,of 2 ratings,N/A
JAZZ,$166.32,1441728721008,"55,073",80% bullish,of 15 ratings,$206.50
JD,$23.86,1441728721039,"6,982,780",75% bullish,of 16 ratings,$36
JBLU,$24.25,1441728721060,"2,164,424",94% bullish,of 18 ratings,$27
JCTCF,NULL,1441728721101,0,100% bullish,of 1 rating,N/A
JTPY,$2.97,1441728721138,"10,800",100% bearish,of 1 rating,N/A
DATE,$5.94,1441728721189,"28,421",75% bullish,of 4 ratings,$9
WYIGU,NULL,1441728721372,0,100% bearish,of 1 rating,N/A
JST,$3.64,1441728721396,"3,806",75% bullish,of 4 ratings,N/A
JIVE,$4.68,1441728721530,"820,379",75% bullish,of 4 ratings,$5
JBSS,$51.51,1441728721567,"11,029",67% bearish,of 3 ratings,N/A
JOEZ,$0.1602,1441728721660,"38,279",92% bullish,of 12 ratings,N/A
JOUT,$25.61,1441728721731,"3,807",100% bearish,of 1 rating,$34
JNP,$13.4607,1441728721759,"76,438",100% bullish,of 3 ratings,$15
JUNO,$37.5,1441728721794,"295,607",73% bullish,of 11 ratings,$67
KTWO,$20.95,1441728721888,"24,249",100% bearish,of 1 rating,$28.50
KALU,$82.965,1441728721913,"39,834",67% bearish,of 3 ratings,$91
KBIO,$3.383,1441728721941,"700,781",50% bullish,of 4 ratings,N/A
KMDA,$3.53,1441728722069,"2,340",50% bullish,of 2 ratings,$8
KNDI,$6.4327,1441728722127,"99,819",86% bullish,of 22 ratings,N/A
KCLI,$46.35,1441728722259,"2,969",Not yet rated,NULL,N/A
KPTI,$14.37,1441728722288,"27,076",67% bearish,of 3 ratings,$35.50
KBSF,NULL,1441728722390,0,100% bullish,of 1 rating,N/A
KCAP,$4.79,1441728722525,"23,936",75% bullish,of 4 ratings,$6
KELYB,NULL,1441728722633,0,50% bullish,of 2 ratings,N/A
KRNY,$11.16,1441728722691,"281,282",100% bearish,of 1 rating,$12.50
KMPH,$21.29,1441728722725,"7,341",100% bearish,of 2 ratings,$22
KFFB,$8.61,1441728722751,"1,861",100% bearish,of 1 rating,N/A
KELYA,$14.25,1441728722781,"21,514",67% bullish,of 6 ratings,$20
KERX,$4.73,1441728722834,"656,690",82% bullish,of 11 ratings,$12
GMCR,$57.84,1441728722884,"828,309",71% bullish,of 42 ratings,$64
KTEC,NULL,1441728723122,0,Not yet rated,NULL,N/A
KEQU,$16.77,1441728723255,610,100% bullish,of 1 rating,N/A
