Symbol,Price,Date,Volume,Rating,RatingVoteCount,OneYearEstimate
TFSCU,NULL,1440004502413,0,Not yet rated,NULL,N/A
FCTY,$7.93,1440004502443,"3,600",100% bullish,of 1 rating,$8.50
TFSC,NULL,1440004502474,0,100% bearish,of 1 rating,N/A
FCCY,NULL,1440004502496,0,100% bullish,of 1 rating,$13
PIH,$7.43,1440004502529,100,100% bearish,of 1 rating,N/A
TFSCR,NULL,1440004502556,0,Not yet rated,NULL,N/A
FLWS,$9.83,1440004502630,"57,572",100% bullish,of 5 ratings,$15
SRCE,$30.99,1440004502690,"9,799",100% bullish,of 3 ratings,$33
DSLV,$61.1907,1440004502822,"18,062",100% bearish,of 1 rating,N/A
TFSCW,NULL,1440004502894,0,100% bearish,of 1 rating,N/A
TWOU,$35.43,1440004502922,"116,360",50% bullish,of 2 ratings,$39
JOBS,$27.39,1440004502952,"38,648",50% bullish,of 4 ratings,$36
DGLD,$82.64,1440004502992,"9,595",100% bullish,of 1 rating,N/A
USLV,$14.4001,1440004503086,"229,222",86% bullish,of 7 ratings,N/A
UGLD,$9.15,1440004503113,"69,833",100% bearish,of 1 rating,N/A
VNET,$20.67,1440004503140,"145,889",60% bullish,of 5 ratings,$29.50
SIXD,$2.35,1440004503435,"85,347",Not yet rated,NULL,N/A
AAON,$22.8,1440004503567,"31,706",100% bearish,of 1 rating,$24
AVHI,$14.16,1440004503624,"10,941",100% bearish,of 1 rating,$19
EGHT,$8.52,1440004503646,"75,671",82% bullish,of 17 ratings,$11
ABY,$20.77,1440004503668,"109,852",100% bearish,of 2 ratings,$46
CAFD,$15.01,1440004503704,"85,542",Not yet rated,NULL,$25
SHLM,$35.46,1440004503727,"67,101",100% bearish,of 1 rating,$50
ABGB,$4.2201,1440004503748,"76,444",67% bullish,of 3 ratings,$5.50
ABEO,$5.39,1440004503942,"139,494",67% bullish,of 3 ratings,$15.50
ABAX,$47.55,1440004503979,"55,927",100% bearish,of 1 rating,$60
AXAS,$1.62,1440004504000,"360,008",78% bullish,of 9 ratings,$3.50
ABMD,$104.725,1440004504032,"202,226",75% bullish,of 4 ratings,$86
ACTG,$8.8,1440004504071,"104,671",67% bullish,of 3 ratings,$18.50
ABEOW,$1.73,1440004504163,"3,589",100% bullish,of 1 rating,N/A
ACHC,$78.58,1440004504218,"300,496",50% bullish,of 2 ratings,$92
ACAD,$38.2,1440004504358,"192,776",85% bullish,of 20 ratings,$48
ACST,$0.3601,1440004504385,"3,200",100% bullish,of 2 ratings,N/A
AXDX,$18.79,1440004504515,"62,394",100% bearish,of 1 rating,N/A
ANCX,$19.03,1440004504541,"10,520",Not yet rated,NULL,$19
XLRN,$30.95,1440004504591,"63,550",50% bullish,of 2 ratings,$57
VXDN,$14.42,1440004504671,238,Not yet rated,NULL,N/A
VXUP,$17.37,1440004504723,"9,950",Not yet rated,NULL,N/A
ACRX,$4.21,1440004504756,"138,653",67% bearish,of 6 ratings,$5.50
ARAY,$5.945,1440004504778,"850,044",100% bearish,of 1 rating,$10.50
AKAO,$6.96,1440004504860,"21,445",75% bullish,of 4 ratings,$15
ACHN,$8.4,1440004504937,"650,595",90% bullish,of 21 ratings,$16
ACET,$25.26,1440004505043,"60,286",75% bullish,of 4 ratings,$30
ACIW,$22.67,1440004505073,"63,974",50% bullish,of 2 ratings,$24
ACNB,$20.12,1440004505178,63,Not yet rated,NULL,N/A
ACTS,$1.4,1440004505246,"17,704",100% bearish,of 1 rating,N/A
ACOR,$30.94,1440004505311,"63,338",67% bearish,of 3 ratings,$38.50
ACTA,$13.65,1440004505339,"41,588",67% bearish,of 3 ratings,$25
ACPW,$1.87,1440004505413,"14,564",100% bullish,of 4 ratings,$3.50
ACUR,$0.6498,1440004505467,"37,102",100% bullish,of 5 ratings,$1
ATVI,$28.89,1440004505514,"1,100,035",68% bullish,of 84 ratings,$31.50
ADMP,$3.6699,1440004505571,"12,065",50% bullish,of 2 ratings,$10
ACXM,$20.79,1440004505646,"140,360",67% bullish,of 3 ratings,N/A
ADMS,$20.4,1440004505730,"23,591",100% bearish,of 2 ratings,$36
ADAP,$15.25,1440004505779,"21,217",67% bullish,of 3 ratings,$22
ADUS,$30.405,1440004505807,"17,282",100% bearish,of 1 rating,$31
AEY,$2.3501,1440004505953,"15,299",100% bearish,of 2 ratings,N/A
ADEP,$7.2601,1440004506123,"8,853",50% bullish,of 2 ratings,$10.75
ADMA,$9.5,1440004506157,"1,200",Not yet rated,NULL,$19
ADRO,$20.77,1440004506259,"69,195",80% bullish,of 5 ratings,$45.50
ADTN,$15.875,1440004506285,"148,752",67% bullish,of 3 ratings,$17.125
ADBE,$85.65,1440004506314,"419,567",65% bullish,of 17 ratings,$90
AEIS,$25.81,1440004506341,"31,363",50% bullish,of 2 ratings,$32.50
AMD,$1.76,1440004506371,"2,499,508",83% bullish,of 102 ratings,$2
MULT,NULL,1440004506470,0,100% bearish,of 1 rating,N/A
ADXS,$15.12,1440004506553,"268,075",64% bullish,of 14 ratings,$27
AEGR,$18.05,1440004506686,"94,099",50% bullish,of 6 ratings,$26
AEGN,$18.815,1440004506720,"63,614",100% bearish,of 1 rating,$21
YPRO,$23.05,1440004506747,"19,217",100% bearish,of 1 rating,N/A
ADXSW,$10.788,1440004506769,"18,371",100% bullish,of 1 rating,N/A
AMTX,$3.3,1440004506815,"4,500",50% bullish,of 2 ratings,$26.11
AEHR,$2.2,1440004506904,812,50% bullish,of 2 ratings,N/A
AEZS,$0.1086,1440004507146,"7,300,072",90% bullish,of 21 ratings,$1.50
AEPI,$57.53,1440004507221,"2,740",100% bearish,of 1 rating,N/A
AERI,$16.4,1440004507247,"142,931",75% bullish,of 4 ratings,$31.50
AEMD,$6.94,1440004507276,"17,685",Not yet rated,NULL,$27.50
AVAV,$25.52,1440004507304,"40,256",50% bullish,of 4 ratings,$31
AFFX,$9.7748,1440004507441,"55,138",80% bullish,of 5 ratings,$12
AGEN,$7.5,1440004507467,"193,782",85% bullish,of 13 ratings,$14
AGYS,$9.45,1440004507497,"2,122",100% bearish,of 1 rating,N/A
AFMD,$11.13,1440004507600,"159,777",50% bullish,of 4 ratings,$15
AGIO,$94.47,1440004507649,"116,468",88% bullish,of 8 ratings,$114
AGRX,$8.57,1440004507679,"8,599",100% bearish,of 1 rating,$18
AIMT,$23.3451,1440004507839,"28,774",Not yet rated,NULL,N/A
AGFS,$9.95,1440004507878,"131,578",100% bearish,of 1 rating,N/A
AGFSW,$2,1440004507917,"4,835",100% bearish,of 2 ratings,N/A
AIRT,$22.99,1440004508053,100,100% bullish,of 1 rating,N/A
ATSG,$9.55,1440004508279,"41,224",67% bullish,of 3 ratings,$13
AIRM,$39.14,1440004508313,"64,183",80% bearish,of 5 ratings,$53
AKAM,$73.09,1440004508378,"208,831",63% bullish,of 8 ratings,$77
AMCN,$5.07,1440004508407,"151,773",83% bullish,of 6 ratings,N/A
AIXG,$6.12,1440004508536,"7,413",67% bearish,of 3 ratings,$6
AKER,$2.71,1440004508564,"44,119",Not yet rated,NULL,N/A
ALRM,$17.34,1440004508601,"19,194",100% bearish,of 1 rating,$22
AKBA,$6.61,1440004508628,"83,803",100% bearish,of 1 rating,$18
AKRX,$43.66,1440004508694,"148,136",78% bullish,of 9 ratings,$56
AMRI,$20.33,1440004508728,"33,120",75% bearish,of 4 ratings,$24
ALSK,$2.15,1440004508760,"59,236",78% bullish,of 18 ratings,$2
ABDC,$12.87,1440004508825,"4,754",Not yet rated,NULL,$15
ADHD,$8.9,1440004508931,"135,058",50% bullish,of 4 ratings,$18
ALDR,$37.03,1440004509099,"96,401",67% bearish,of 3 ratings,$62
ALDX,$7.8,1440004509161,"7,296",100% bearish,of 1 rating,$14.50
ALXN,$183.97,1440004509231,"311,213",88% bullish,of 8 ratings,$223
ALXA,$1.161,1440004509313,"3,940",83% bullish,of 6 ratings,$2.125
ALCO,$42.27,1440004509348,"4,580",50% bullish,of 2 ratings,N/A
ALIM,$3.581,1440004509446,"30,747",80% bullish,of 5 ratings,$10
ALGN,$59.97,1440004509476,"204,086",100% bearish,of 2 ratings,$73
ALGT,$227.89,1440004509582,"68,453",100% bearish,of 1 rating,$235
ALLB,$23.74,1440004509614,"1,782",Not yet rated,NULL,N/A
ALKS,$66.14,1440004509639,"181,153",67% bullish,of 3 ratings,$75
AIQ,$14.72,1440004509818,"2,454",67% bullish,of 3 ratings,N/A
AHGP,$35.59,1440004509881,"21,001",67% bullish,of 3 ratings,N/A
ARLP,$24.5501,1440004509908,"42,306",67% bearish,of 3 ratings,$32
AFOP,$18.7247,1440004509930,"33,733",75% bullish,of 8 ratings,$21
AMOT,$16.72,1440004510067,"36,509",100% bearish,of 1 rating,N/A
AHPI,$1.45,1440004510139,200,50% bullish,of 2 ratings,N/A
ALLT,$5.06,1440004510199,"41,647",75% bullish,of 4 ratings,$6.25
ALQA,$4.6117,1440004510274,"15,586",75% bullish,of 4 ratings,$8.50
ALNY,$109.69,1440004510443,"132,542",67% bullish,of 3 ratings,$148.50
AFAM,$48.53,1440004510498,"17,652",50% bullish,of 2 ratings,$44
AOSL,$7.26,1440004510520,"45,073",67% bullish,of 3 ratings,$9
SMCP,$23.83,1440004510550,250,Not yet rated,NULL,N/A
MDRX,$14,1440004510572,"528,348",60% bullish,of 5 ratings,$16
ALTR,$49.14,1440004510708,"545,862",80% bearish,of 5 ratings,$54
ASPS,$30.05,1440004510734,"29,997",67% bullish,of 3 ratings,$46.50
ATEC,$0.6002,1440004510764,"15,500",100% bullish,of 1 rating,$2
AMAG,$64.25,1440004510864,"148,749",100% bullish,of 2 ratings,$77.50
AIMC,$26.04,1440004510892,"17,381",100% bearish,of 1 rating,$28.50
AMRN,$2.1699,1440004511067,"318,337",85% bullish,of 39 ratings,$8
AMZN,$533.19,1440004511100,"456,688",81% bullish,of 263 ratings,$646
AMRK,$10.55,1440004511132,"1,200",50% bullish,of 2 ratings,$14
AYA,$22.4473,1440004511202,"19,786",100% bearish,of 1 rating,$40
AMBC,$16.26,1440004511268,"83,966",100% bearish,of 1 rating,$16.50
AMBCW,NULL,1440004511303,0,100% bearish,of 1 rating,N/A
AMBA,$104.43,1440004511352,"770,679",83% bullish,of 12 ratings,$102.50
AMCX,$73.025,1440004511566,"238,541",67% bullish,of 3 ratings,$85.50
DOX,$60.1769,1440004511620,"91,679",100% bullish,of 2 ratings,$60
AMDA,$0.4855,1440004511646,"589,136",90% bullish,of 10 ratings,$1
EPAX,$2.66,1440004511701,"35,452",100% bearish,of 1 rating,N/A
UHAL,$380.33,1440004511835,"8,233",100% bullish,of 2 ratings,$393.50
AMED,$44.28,1440004511863,"67,250",100% bearish,of 1 rating,$42
ASBI,NULL,1440004511911,0,Not yet rated,NULL,N/A
AGNCB,$24.113,1440004512124,"4,919",Not yet rated,NULL,N/A
AMOV,$18.55,1440004512154,210,100% bearish,of 1 rating,N/A
ATAX,$5.32,1440004512211,"41,808",100% bullish,of 1 rating,$6.50
AAL,$43.49,1440004512243,"2,719,994",93% bullish,of 87 ratings,$57
AGNC,$19.865,1440004512274,"743,815",71% bullish,of 28 ratings,$22
AGNCP,$25.3301,1440004512373,"2,200",Not yet rated,NULL,N/A
MTGE,$15.93,1440004512407,"87,710",75% bullish,of 4 ratings,$19.50
MTGEP,$24.51,1440004512515,300,Not yet rated,NULL,N/A
ACSF,$12.7309,1440004512578,"7,452",100% bearish,of 1 rating,$15
ANCI,NULL,1440004512716,0,100% bearish,of 1 rating,N/A
AETI,$3.77,1440004512742,68,67% bearish,of 3 ratings,N/A
ACAS,$14.15,1440004512812,"471,922",60% bullish,of 5 ratings,$16.75
AMIC,$10.01,1440004512962,200,Not yet rated,NULL,N/A
AMNB,$23.1101,1440004513094,"1,543",Not yet rated,NULL,$25.50
APEI,$21.97,1440004513313,"27,164",100% bearish,of 1 rating,$25.50
ASEI,$39.02,1440004513351,"14,351",100% bearish,of 1 rating,$52.50
AMSWA,$9.45,1440004513383,"22,679",100% bearish,of 2 ratings,$10.75
ARII,$39.88,1440004513405,"81,011",67% bearish,of 3 ratings,$45
AMSC,$3.925,1440004513439,"22,243",50% bullish,of 4 ratings,N/A
ANAT,$103.71,1440004513467,"6,017",100% bullish,of 1 rating,N/A
AMRB,$10.03,1440004513495,400,Not yet rated,NULL,$11
AMWD,$65.81,1440004513628,"44,608",50% bullish,of 2 ratings,$58
AMSF,$50.6403,1440004513760,"20,723",Not yet rated,NULL,$57.50
ABCB,$28.42,1440004513845,"15,012",Not yet rated,NULL,$31
CRMT,$44.09,1440004513976,"6,583",100% bearish,of 1 rating,$49
ASRVP,NULL,1440004514033,0,Not yet rated,NULL,N/A
ASRV,$3.27,1440004514064,"5,344",100% bullish,of 2 ratings,N/A
ATLO,$24.05,1440004514203,"1,048",Not yet rated,NULL,N/A
AMKR,$4.335,1440004514273,"389,096",100% bearish,of 2 ratings,$5
FOLD,$16.21,1440004514304,"191,141",56% bullish,of 9 ratings,$21
AMGN,$165.82,1440004514337,"790,592",89% bullish,of 19 ratings,$185
AMSG,$83.24,1440004514363,"132,650",100% bearish,of 1 rating,$85.50
AMPH,$14.24,1440004514438,"58,932",50% bullish,of 2 ratings,$20
AFSI,$64.55,1440004514521,"138,501",60% bullish,of 5 ratings,$72
AMSGP,$158.101,1440004514579,100,Not yet rated,NULL,N/A
ASYS,$5.6,1440004514747,"19,200",67% bullish,of 3 ratings,$12
AMRS,$1.634,1440004514773,"27,728",70% bullish,of 10 ratings,N/A
ANAC,$130.72,1440004514837,"208,114",80% bullish,of 5 ratings,$180.50
ANAD,$0.35,1440004514920,"168,413",100% bullish,of 2 ratings,$.50
ALOG,$82.82,1440004515121,"8,701",100% bearish,of 2 ratings,$100.50
ADI,$58.7699,1440004515147,"3,686,832",67% bullish,of 3 ratings,$68
AMCF,$0.259,1440004515221,410,100% bullish,of 7 ratings,N/A
ANCB,$22.36,1440004515252,301,Not yet rated,NULL,$23
ANGI,$4.43,1440004515283,"255,921",64% bullish,of 11 ratings,$5.50
ABCW,$40.27,1440004515309,"2,539",67% bullish,of 3 ratings,N/A
ANGO,$14.92,1440004515386,"12,291",67% bullish,of 3 ratings,$19
ANIP,$54.71,1440004515520,"38,280",89% bullish,of 19 ratings,$66
ANIK,$35.68,1440004515546,"44,743",60% bullish,of 5 ratings,$51.25
ANTH,$8.93,1440004515709,"297,271",80% bullish,of 10 ratings,$13
ANSS,$96.18,1440004515759,"95,934",100% bearish,of 1 rating,$100
ATRS,$1.87,1440004515842,"164,712",92% bullish,of 12 ratings,$4.50
APIC,$7.305,1440004515980,"59,680",100% bearish,of 1 rating,$19
ATNY,$2.35,1440004516027,"2,554",50% bullish,of 2 ratings,$3.75
ABAC,$0.801,1440004516055,"32,264",100% bearish,of 1 rating,N/A
APOL,$11.48,1440004516080,"323,553",87% bearish,of 68 ratings,$14
AAPL,$115.3151,1440004516132,"13,725,152",86% bullish,of 2334 ratings,$150
APOG,$54.0385,1440004516161,"53,193",100% bullish,of 1 rating,$62
APPF,$18.0711,1440004516384,"47,206",50% bullish,of 2 ratings,$22
AINV,$6.655,1440004516431,"527,333",50% bullish,of 4 ratings,$8
APDN,$3.26,1440004516457,"28,865",Not yet rated,NULL,$9
ARCI,$1.2501,1440004516514,360,Not yet rated,NULL,N/A
APDNW,NULL,1440004516539,0,Not yet rated,NULL,N/A
AGTC,$15.63,1440004516717,"27,751",50% bullish,of 2 ratings,$33
AMAT,$16.395,1440004516853,"4,039,969",82% bullish,of 11 ratings,$23
AREX,$2.4468,1440004516906,"161,595",100% bearish,of 1 rating,$3
AAOI,$21.89,1440004516934,"121,443",50% bullish,of 4 ratings,$26
APTO,$5.1387,1440004516964,226,Not yet rated,NULL,$17
APRI,$1.225,1440004516985,"110,353",83% bullish,of 6 ratings,$4.86
AMCC,$5.595,1440004517022,"173,441",80% bullish,of 5 ratings,$8
AQXP,$18.3501,1440004517114,"302,122",50% bullish,of 2 ratings,$2
AUMAU,NULL,1440004517333,0,Not yet rated,NULL,N/A
AQMS,$5.22,1440004517442,"7,610",Not yet rated,NULL,N/A
AUMAW,NULL,1440004517469,0,Not yet rated,NULL,N/A
AUMA,NULL,1440004517497,0,Not yet rated,NULL,N/A
ARDM,$7.4,1440004517523,930,100% bullish,of 1 rating,$26
PETX,$17.23,1440004517549,"59,000",100% bearish,of 2 ratings,$26
ABUS,$7.75,1440004517685,"203,846",86% bullish,of 14 ratings,$23
ABIO,$0.9098,1440004517757,"66,411",50% bullish,of 2 ratings,$3.75
ARCW,$3.63,1440004517824,"1,686",100% bearish,of 2 ratings,$10.50
ARCB,$31.601,1440004517978,"56,531",50% bullish,of 2 ratings,$39.50
ARDX,$18.42,1440004518060,"49,529",50% bullish,of 2 ratings,$24.50
RKDA,$5.825,1440004518110,"8,852",100% bearish,of 2 ratings,$10
ACAT,$28.74,1440004518136,"88,549",100% bearish,of 3 ratings,$33
ARNA,$3.035,1440004518196,"1,555,776",90% bullish,of 77 ratings,$5.50
ACGL,$73.56,1440004518244,"62,158",50% bullish,of 2 ratings,$72
AGII,$59.11,1440004518531,"59,799",Not yet rated,NULL,$59.50
ARIS,$3.3,1440004518557,"4,700",Not yet rated,NULL,$4.50
ARCC,$15.945,1440004518593,"360,488",67% bearish,of 3 ratings,$17.875
ARIA,$7.215,1440004518626,"794,648",87% bullish,of 46 ratings,$9
AGIIL,$25.3201,1440004518694,"3,792",Not yet rated,NULL,N/A
ARMH,$42.16,1440004518724,"299,330",54% bearish,of 13 ratings,$61
ARKR,$25.1,1440004518753,110,50% bullish,of 2 ratings,N/A
ARGS,$4.8,1440004518782,"8,053",50% bullish,of 2 ratings,$19.50
ARWA,NULL,1440004518923,0,Not yet rated,NULL,N/A
ARTX,$1.58,1440004519153,"115,611",88% bullish,of 16 ratings,$4.50
ARWAW,NULL,1440004519240,0,Not yet rated,NULL,N/A
ARWAU,$10.13,1440004519283,"1,800",100% bullish,of 1 rating,N/A
ARWAR,NULL,1440004519309,0,Not yet rated,NULL,N/A
ARQL,$1.6901,1440004519331,"32,272",75% bullish,of 4 ratings,$5
ARRY,$5.62,1440004519365,"297,155",100% bullish,of 7 ratings,$10
AROW,$27.38,1440004519463,"6,371",Not yet rated,NULL,N/A
ARRS,$27.74,1440004519529,"763,600",50% bullish,of 2 ratings,$38
DWAT,NULL,1440004519597,0,100% bearish,of 1 rating,N/A
ARTNA,$22.405,1440004519683,755,100% bearish,of 1 rating,$29
ARTW,NULL,1440004519741,0,75% bearish,of 4 ratings,N/A
ARWR,$5.605,1440004519767,"412,036",75% bullish,of 4 ratings,$10.50
ASBB,$23.45,1440004519811,"1,200",Not yet rated,NULL,N/A
ASNA,$11.765,1440004519838,"1,128,931",50% bullish,of 2 ratings,$18
ASND,$17.995,1440004519911,"20,268",100% bullish,of 1 rating,$30
ASTI,$0.1449,1440004520215,"850,747",83% bullish,of 6 ratings,$3
ASML,$90.91,1440004520261,"383,158",67% bullish,of 3 ratings,$127
ASCMA,$28.34,1440004520296,"35,209",100% bearish,of 1 rating,$45
ASMI,$37.94,1440004520323,300,50% bullish,of 2 ratings,N/A
ASFI,$9.04,1440004520366,"2,839",100% bullish,of 1 rating,N/A
ASMB,$13.395,1440004520391,"38,904",67% bullish,of 3 ratings,N/A
AZPN,$39.23,1440004520417,"424,724",50% bullish,of 2 ratings,$42
ASTE,$37.1,1440004520661,"28,858",100% bearish,of 1 rating,$48
APWC,$1.99,1440004520693,500,100% bearish,of 1 rating,N/A
ALOT,$13.5888,1440004520725,"1,152",100% bearish,of 1 rating,N/A
ATRO,$55.47,1440004520831,"59,147",100% bearish,of 2 ratings,$80
ATAI,$2.965,1440004520865,"16,094",100% bearish,of 1 rating,N/A
ASUR,$5.9095,1440004520887,"10,250",Not yet rated,NULL,$8
ASTC,$2.35,1440004520908,"10,508",100% bullish,of 5 ratings,N/A
ATRA,$48.695,1440004520947,"32,807",50% bullish,of 2 ratings,$68
ATHN,$138.69,1440004521282,"47,319",67% bearish,of 3 ratings,$153
AAPC,NULL,1440004521385,0,Not yet rated,NULL,N/A
ATHX,$1.205,1440004521411,"47,612",89% bullish,of 9 ratings,$5
AFCB,NULL,1440004521443,0,Not yet rated,NULL,N/A
AAME,$3.51,1440004521475,"3,095",Not yet rated,NULL,N/A
ACFC,$6.34,1440004521497,"23,838",Not yet rated,NULL,$6.50
ATNI,$74.49,1440004521578,"17,558",100% bearish,of 1 rating,$69.50
AAWW,$44.28,1440004521649,"154,513",50% bullish,of 2 ratings,$65
ATML,$7.63,1440004521821,"1,949,240",78% bullish,of 9 ratings,$9.50
AFH,$17.07,1440004521862,"15,152",Not yet rated,NULL,$21.50
ATOS,$0.91,1440004521957,"7,423",100% bullish,of 7 ratings,$7
ATLC,$4,1440004521986,"1,116",67% bullish,of 3 ratings,N/A
ATRC,$27.32,1440004522026,"31,122",100% bullish,of 1 rating,$30
ATRI,$395.88,1440004522048,257,Not yet rated,NULL,N/A
ATRM,NULL,1440004522119,0,50% bullish,of 2 ratings,N/A
ATTU,$15.19,1440004522148,"19,482",100% bearish,of 1 rating,$20.50
AUDC,$3.2902,1440004522537,"50,915",80% bullish,of 5 ratings,$5
AUBN,$27.19,1440004522573,100,Not yet rated,NULL,N/A
LIFE,$15.12,1440004522609,"39,445",86% bullish,of 7 ratings,$43
EARS,$4.995,1440004522671,"9,404",100% bearish,of 2 ratings,$12
ADSK,$54.09,1440004522699,"238,058",83% bullish,of 6 ratings,$69.50
ADAT,$0.114,1440004522726,"1,466",100% bullish,of 2 ratings,N/A
AUPH,$3.3801,1440004522748,"14,168",100% bearish,of 1 rating,$8
AVGO,$120.93,1440004522938,"637,087",88% bullish,of 8 ratings,$160
ADP,$84.47,1440004523043,"514,343",100% bearish,of 1 rating,$88
AVNU,$12.73,1440004523074,"2,350",Not yet rated,NULL,$14
AVNW,$1.13,1440004523107,"9,106",50% bullish,of 2 ratings,$2.20
AVEO,$1.53,1440004523210,"1,411,356",75% bullish,of 8 ratings,$3
AAVL,$10.77,1440004523238,"248,414",100% bearish,of 1 rating,$20
ABTL,$18.9366,1440004523266,"16,718",100% bullish,of 4 ratings,$20.25
AVID,$8.3831,1440004523428,"110,513",100% bearish,of 1 rating,$20
AVGR,$15.3,1440004523462,"1,229",100% bearish,of 1 rating,$20
CAR,$46.32,1440004523557,"570,100",80% bullish,of 5 ratings,$60
AWRE,$3.24,1440004523586,"2,202",67% bullish,of 3 ratings,N/A
ACLS,$3.24,1440004523655,"203,989",67% bullish,of 6 ratings,$4.75
AXTI,$2.165,1440004523943,"8,418",50% bullish,of 2 ratings,$2.75
BCOM,$19.52,1440004523972,8,100% bearish,of 1 rating,N/A
AXPW,$1.2599,1440004524010,"71,401",83% bullish,of 6 ratings,N/A
AXGN,$3.9101,1440004524032,"20,614",Not yet rated,NULL,$5
AXPWW,NULL,1440004524064,0,Not yet rated,NULL,N/A
BOSC,$2.26,1440004524105,"1,710",50% bullish,of 2 ratings,N/A
BEAV,$51.11,1440004524135,"197,312",67% bearish,of 3 ratings,$59
RILY,NULL,1440004524241,0,Not yet rated,NULL,N/A
BIDU,$161.84,1440004524386,"1,916,479",81% bullish,of 88 ratings,$215
BCPC,$60.08,1440004524544,"22,404",100% bearish,of 1 rating,$75
BWINA,$23.22,1440004524570,500,Not yet rated,NULL,N/A
BLDP,$1.33,1440004524714,"70,215",91% bullish,of 22 ratings,$2.50
BWINB,$23.1,1440004524781,"2,200",Not yet rated,NULL,N/A
BKMU,$7.27,1440004524842,"84,958",Not yet rated,NULL,$8
BANFP,$27.2,1440004524870,100,Not yet rated,NULL,N/A
BANF,$62.76,1440004524892,"3,441",Not yet rated,NULL,$68
BOCH,$5.78,1440004525085,"1,000",Not yet rated,NULL,$6.50
BMRC,$48.68,1440004525112,"1,062",Not yet rated,NULL,$52
BKSC,$16.135,1440004525185,300,Not yet rated,NULL,N/A
BOTJ,$11.2,1440004525248,147,Not yet rated,NULL,N/A
BWFG,NULL,1440004525339,0,100% bearish,of 1 rating,N/A
OZRK,$43.05,1440004525397,"117,314",67% bullish,of 3 ratings,$49.50
BFIN,$12.1,1440004525473,"2,568",Not yet rated,NULL,$13
BANR,$47.24,1440004525608,"10,275",100% bullish,of 3 ratings,$50
BZUN,$7.39,1440004525639,"511,201",50% bullish,of 2 ratings,$13.85
BHAC,NULL,1440004525746,0,Not yet rated,NULL,N/A
BHACW,NULL,1440004525778,0,Not yet rated,NULL,N/A
TAPR,$31.0801,1440004525841,"1,605",100% bearish,of 1 rating,N/A
BHACU,NULL,1440004525883,0,Not yet rated,NULL,N/A
BHACR,NULL,1440004525915,0,Not yet rated,NULL,N/A
BBSI,$35.68,1440004526017,"51,900",67% bearish,of 3 ratings,$62.50
BYBK,$5.05,1440004526153,10,100% bearish,of 1 rating,N/A
BSET,$31.15,1440004526180,"31,100",100% bearish,of 1 rating,$35
BYLK,$12.94,1440004526262,"1,046",Not yet rated,NULL,$14
BV,$5.26,1440004526366,"93,726",67% bullish,of 6 ratings,$9
BBCN,$15.61,1440004526442,"49,247",100% bearish,of 1 rating,$16
BCBP,$11.7,1440004526513,"3,550",Not yet rated,NULL,N/A
BDCV,$4.96,1440004526547,3,100% bearish,of 1 rating,$10.19
BECN,$35.98,1440004526589,"57,612",50% bullish,of 2 ratings,$40
BBGI,$4.6,1440004526648,916,100% bearish,of 1 rating,N/A
BSF,$9.1,1440004526673,"1,867",Not yet rated,NULL,N/A
BEBE,$1.81,1440004526727,"40,753",75% bullish,of 4 ratings,$3.075
BBBY,$63.37,1440004526858,"232,861",71% bullish,of 7 ratings,$75
BELFA,NULL,1440004526916,0,100% bearish,of 1 rating,N/A
BELFB,$19.8,1440004527003,"15,742",100% bearish,of 1 rating,N/A
BLPH,$5.9073,1440004527031,"56,459",100% bearish,of 1 rating,$12.50
BLCM,$19.05,1440004527069,"80,526",50% bullish,of 4 ratings,$40
BNCL,$13.04,1440004527231,"66,442",100% bullish,of 3 ratings,$12.50
BNTC,$8.0819,1440004527290,"52,806",100% bullish,of 1 rating,N/A
BNFT,$38.78,1440004527426,"46,862",67% bullish,of 3 ratings,$46
BIND,$4.58,1440004527455,"28,561",67% bullish,of 3 ratings,$13.50
BGCP,$9.495,1440004527481,"280,219",88% bullish,of 8 ratings,$14
BGMD,$0.8305,1440004527529,"108,054",100% bullish,of 10 ratings,N/A
BASI,NULL,1440004527614,0,Not yet rated,NULL,N/A
BGFV,$11.19,1440004527640,"33,338",57% bullish,of 7 ratings,$12
ORPN,$5.58,1440004527690,"22,003",100% bullish,of 1 rating,$28.50
BCDA,NULL,1440004527824,0,Not yet rated,NULL,N/A
BCRX,$11.81,1440004527905,"145,726",63% bullish,of 8 ratings,$18
BIOD,$0.6931,1440004527985,"63,310",80% bullish,of 5 ratings,$4
BIOC,$2.159,1440004528049,"1,010,873",83% bullish,of 6 ratings,$3.70
BDSI,$6.47,1440004528158,"316,066",88% bullish,of 8 ratings,$17
BIIB,$315.15,1440004528204,"465,832",88% bullish,of 16 ratings,$400
BIOL,$1.54,1440004528289,"17,842",Not yet rated,NULL,N/A
BLFS,$2.19,1440004528392,"34,859",100% bearish,of 1 rating,$4.75
BMRN,$135.14,1440004528432,"143,651",80% bullish,of 5 ratings,$160
BLRX,$1.5199,1440004528463,"43,486",100% bullish,of 12 ratings,$5
BVXVW,NULL,1440004528526,0,100% bearish,of 1 rating,N/A
BRLI,$34.34,1440004528572,"111,523",83% bullish,of 6 ratings,N/A
BPTH,$1.12,1440004528606,"52,367",100% bullish,of 2 ratings,$5
BIOS,$1.69,1440004528713,"495,992",71% bullish,of 7 ratings,$4
BVXV,$4.05,1440004528849,"1,300",Not yet rated,NULL,N/A
BBC,$32.162,1440004528984,"11,770",Not yet rated,NULL,N/A
BBP,$34.08,1440004529010,"27,806",Not yet rated,NULL,N/A
BSTC,$51.37,1440004529040,"92,024",100% bearish,of 1 rating,$76
BSPM,$0.6907,1440004529141,"11,116",50% bullish,of 2 ratings,N/A
TECH,$105.26,1440004529186,"41,757",100% bullish,of 1 rating,$117
BOTA,$2.3,1440004529212,"21,608",88% bullish,of 8 ratings,N/A
BEAT,$12.64,1440004529241,"81,653",67% bearish,of 3 ratings,$15
BJRI,$46.97,1440004529446,"51,866",50% bullish,of 2 ratings,$55
BITI,$19.18,1440004529526,"10,008",100% bullish,of 1 rating,$28
BBOX,$15.47,1440004529558,"16,330",100% bearish,of 1 rating,N/A
BDMS,NULL,1440004529593,0,100% bearish,of 1 rating,N/A
BDE,$7.56,1440004529614,"40,831",50% bullish,of 2 ratings,$9
BBRY,$7.515,1440004529659,"2,642,342",61% bullish,of 330 ratings,$9
BLKB,$61.16,1440004529687,"49,369",100% bearish,of 2 ratings,$66
HAWK,$44.26,1440004529859,"65,860",90% bullish,of 10 ratings,$49
BKCC,$9.31,1440004530050,"113,280",100% bullish,of 2 ratings,$10
ADRA,$28.5,1440004530077,100,Not yet rated,NULL,N/A
ADRD,$23.165,1440004530125,600,100% bearish,of 1 rating,N/A
ADRU,$22.7224,1440004530279,"1,273",100% bearish,of 1 rating,N/A
BLMN,$21.47,1440004530310,"247,412",83% bullish,of 6 ratings,$27.50
BCOR,$13.58,1440004530332,"41,002",57% bullish,of 7 ratings,$15
BLBD,$12.7,1440004530361,"3,635",Not yet rated,NULL,N/A
BUFF,$27.94,1440004530508,"235,760",83% bullish,of 12 ratings,$31.50
BHBK,$14.38,1440004530589,"9,677",100% bullish,of 1 rating,$14.50
BBLU,$0.8505,1440004530663,"21,707",100% bullish,of 2 ratings,$4.43
BLUE,$128.35,1440004530745,"201,801",86% bullish,of 7 ratings,$217.50
NILE,$34.73,1440004531010,"38,755",50% bullish,of 2 ratings,$34
BKEPP,$7.88,1440004531085,"5,300",100% bearish,of 1 rating,N/A
BKEP,$6.99,1440004531142,"8,751",100% bearish,of 1 rating,$8.50
BPMC,$27,1440004531192,"19,019",50% bullish,of 2 ratings,$47.50
BOBE,$46.02,1440004531226,"21,200",75% bullish,of 4 ratings,$57
BNCN,$22.08,1440004531286,"7,706",Not yet rated,NULL,$23
ADRE,$30.7,1440004531324,"2,937",Not yet rated,NULL,N/A
BOFI,$131.35,1440004531355,"59,155",100% bullish,of 6 ratings,$144
BOJA,$21.89,1440004531489,"144,332",100% bullish,of 1 rating,$30
WIFI,$8.77,1440004531562,"137,675",50% bullish,of 2 ratings,$13.50
BOKF,$65.53,1440004531588,"40,227",100% bearish,of 1 rating,$71
BONA,$12.16,1440004531730,"65,987",75% bullish,of 4 ratings,$8.50
BNSO,$1.43,1440004531802,"35,869",100% bearish,of 1 rating,N/A
BAMM,$3.2099,1440004531938,"3,913",60% bullish,of 5 ratings,N/A
BPFH,$12.52,1440004532043,"74,165",100% bearish,of 1 rating,$14
BPFHP,$25.3,1440004532073,"1,400",100% bearish,of 1 rating,N/A
BPFHW,$5.6,1440004532180,"1,310",100% bearish,of 1 rating,N/A
BDBD,$8.66,1440004532246,"166,632",60% bullish,of 5 ratings,$10
BCLI,$3.1999,1440004532324,"69,556",80% bullish,of 5 ratings,$12
EPAY,$26.33,1440004532377,"25,136",100% bearish,of 2 ratings,$30
BBRG,$13.12,1440004532473,"16,314",67% bullish,of 3 ratings,$14.50
BLIN,$1.3301,1440004532511,"8,000",50% bullish,of 2 ratings,$2.20
BBEPP,$13.68,1440004532533,"16,530",100% bearish,of 1 rating,N/A
BBEP,$2.3539,1440004532563,"1,300,812",69% bullish,of 13 ratings,$5.625
BDGE,$27.86,1440004532621,"7,873",Not yet rated,NULL,$31.75
BRID,$8.8,1440004532842,200,100% bearish,of 1 rating,N/A
BCOV,$5.39,1440004532994,"19,799",67% bullish,of 3 ratings,$10.20
BRCM,$50.86,1440004533020,"796,354",75% bullish,of 12 ratings,$56
BSFT,$33.12,1440004533098,"18,648",57% bullish,of 7 ratings,$40.50
BRKS,$10.58,1440004533253,"77,559",67% bullish,of 3 ratings,$15.25
BVSN,$6,1440004533291,"14,602",60% bearish,of 5 ratings,N/A
BRCD,$10,1440004533328,"1,247,207",92% bullish,of 13 ratings,$12.50
BRKL,$10.96,1440004533350,"238,688",100% bearish,of 1 rating,$10.75
BYFC,NULL,1440004533380,0,50% bullish,of 2 ratings,N/A
BRKR,$19.9008,1440004533426,"133,708",100% bearish,of 2 ratings,$22
BMTC,$29.84,1440004533518,"5,713",Not yet rated,NULL,$34
BLMT,$21.15,1440004533652,"1,202",Not yet rated,NULL,N/A
BWLD,$198.55,1440004533683,"159,496",82% bullish,of 11 ratings,$205
BSQR,$6.95,1440004533750,"26,796",67% bullish,of 3 ratings,N/A
BLDR,$15.19,1440004533828,"638,496",50% bullish,of 2 ratings,$22
BWEN,$3.505,1440004533854,"35,687",100% bullish,of 3 ratings,$8
CA,$29.5,1440004534057,"565,112",50% bullish,of 4 ratings,$33
BUR,$1.98,1440004534087,"1,200",100% bearish,of 1 rating,$8
CFFI,$35.5101,1440004534109,810,100% bearish,of 1 rating,N/A
CHRW,$70.645,1440004534239,"513,828",Not yet rated,NULL,$72
CCMP,$44.61,1440004534268,"13,918",50% bullish,of 2 ratings,$59
CDNS,$21.715,1440004534303,"546,542",75% bullish,of 4 ratings,$22.50
CDZI,$7.46,1440004534325,"49,500",100% bearish,of 1 rating,N/A
CZR,$6.92,1440004534408,"352,149",60% bearish,of 5 ratings,$10.50
CACQ,$7.12,1440004534514,"13,781",100% bearish,of 1 rating,$12.25
CSTE,$43.01,1440004534726,"1,561,760",100% bearish,of 1 rating,$65
PRSS,$4.58,1440004534777,"4,400",80% bullish,of 5 ratings,$4.50
CLMS,$11.87,1440004534826,"31,299",Not yet rated,NULL,$10.50
CLBS,$1.35,1440004534984,"84,857",79% bullish,of 14 ratings,$4
CHI,$11.1,1440004535035,"119,426",100% bearish,of 1 rating,N/A
CHY,$11.9,1440004535061,"112,411",Not yet rated,NULL,N/A
CCD,$21.17,1440004535090,"59,133",Not yet rated,NULL,N/A
CHW,$7.975,1440004535134,"83,321",100% bearish,of 1 rating,N/A
CFGE,NULL,1440004535224,0,Not yet rated,NULL,N/A
CGO,$12.68,1440004535378,"14,916",100% bearish,of 1 rating,N/A
CSQ,$10.43,1440004535512,"131,040",Not yet rated,NULL,N/A
CAMP,$16.18,1440004535538,"107,870",86% bullish,of 7 ratings,$25
CVGW,$54.78,1440004535597,"50,816",50% bullish,of 2 ratings,$58.50
CFNB,$13.38,1440004535623,2,100% bearish,of 1 rating,N/A
CALA,$5.36,1440004535671,"128,325",100% bullish,of 3 ratings,$19.50
CALM,$50.29,1440004535962,"238,468",80% bullish,of 5 ratings,$65
CLMT,$26.06,1440004535993,"122,524",75% bullish,of 8 ratings,$31
CAMBU,NULL,1440004536026,0,100% bearish,of 1 rating,N/A
CALD,$16,1440004536058,"21,490",100% bearish,of 1 rating,$20.50
ABCD,$4.74,1440004536084,"24,655",83% bullish,of 6 ratings,N/A
CAMBW,NULL,1440004536122,0,Not yet rated,NULL,N/A
CAMB,NULL,1440004536147,0,Not yet rated,NULL,N/A
CAC,$40,1440004536221,"4,800",Not yet rated,NULL,N/A
CAMT,$2.92,1440004536434,"6,960",73% bullish,of 11 ratings,$4
CGIX,$10.45,1440004536566,"26,533",67% bullish,of 3 ratings,$14.375
CSIQ,$19.9532,1440004536619,"7,338,266",86% bullish,of 28 ratings,$45
CCBG,$15.012,1440004536830,"2,005",Not yet rated,NULL,$17.25
CPHC,NULL,1440004536857,0,100% bearish,of 1 rating,N/A
CBNJ,$10.89,1440004536879,"4,922",100% bullish,of 1 rating,N/A
CSWC,$48.49,1440004536909,"3,225",Not yet rated,NULL,N/A
CPTA,$14.8099,1440004536931,"15,258",Not yet rated,NULL,$18.50
CPLA,$49.16,1440004537065,"38,506",50% bullish,of 2 ratings,$65
CBF,$30.65,1440004537091,"11,976",Not yet rated,NULL,$32
CPLP,$7.014,1440004537234,"100,717",71% bullish,of 7 ratings,$11
CAPR,$4.0501,1440004537334,"13,204",Not yet rated,NULL,$12
CAPNW,NULL,1440004537360,0,Not yet rated,NULL,N/A
CAPN,$2.45,1440004537411,"128,719",100% bullish,of 1 rating,$10.85
CFFN,$12.23,1440004537559,"84,097",Not yet rated,NULL,$12.75
CPST,$0.3861,1440004537585,"209,735",95% bullish,of 22 ratings,$1
CBYL,$6.47,1440004537802,"22,831",100% bearish,of 1 rating,$20
CARB,$11.67,1440004537842,"31,002",75% bullish,of 4 ratings,$12
CARA,$21.59,1440004537881,"44,174",50% bullish,of 4 ratings,$27.50
CRDC,$0.3802,1440004537935,"29,301",100% bullish,of 1 rating,$1.25
CFNL,$23.39,1440004537971,"19,324",Not yet rated,NULL,$24
CRME,$9.59,1440004537993,"13,263",89% bullish,of 9 ratings,$11.25
CATM,$35.09,1440004538025,"99,561",100% bearish,of 1 rating,$44
CSII,$24.03,1440004538065,"70,173",100% bearish,of 2 ratings,$42.125
CDNA,$6.36,1440004538364,100,100% bearish,of 1 rating,$9
CTRE,$11.73,1440004538417,"68,825",50% bullish,of 2 ratings,N/A
CECO,$3.59,1440004538443,"219,144",67% bearish,of 3 ratings,$6
CKEC,$23.22,1440004538497,"32,862",50% bullish,of 2 ratings,$35.915
CLBH,$12.76,1440004538654,"2,130",Not yet rated,NULL,$16.50
CARO,$15.5,1440004538680,"1,400",100% bearish,of 1 rating,$19
CART,$5.4501,1440004538812,900,100% bearish,of 1 rating,N/A
CRZO,$33.58,1440004538918,"246,653",67% bearish,of 3 ratings,$57
CSCD,$14.22,1440004538946,"100,934",100% bullish,of 2 ratings,$17
TAST,$12.92,1440004538980,"48,163",Not yet rated,NULL,$14.25
CASM,$1.15,1440004539082,"45,987",100% bullish,of 1 rating,$3.50
CARV,$6.15,1440004539115,"1,241",50% bullish,of 2 ratings,N/A
CACB,$5.55,1440004539141,"11,886",Not yet rated,NULL,$5.50
CRTN,NULL,1440004539277,0,100% bearish,of 1 rating,N/A
CWST,$6.44,1440004539422,"18,165",50% bullish,of 2 ratings,$7
CASY,$107.285,1440004539559,"84,937",50% bullish,of 2 ratings,$99.50
CASI,$1.49,1440004539589,"2,675",100% bullish,of 1 rating,$3.50
CATB,$11.905,1440004539662,"29,418",100% bearish,of 1 rating,$28
CASS,$50.26,1440004539692,"8,898",100% bearish,of 1 rating,N/A
CATY,$31.71,1440004539717,"71,122",100% bearish,of 1 rating,$33.50
CPRX,$3.94,1440004539865,"368,881",71% bullish,of 7 ratings,$7
CVCO,$73.94,1440004540002,"2,290",100% bearish,of 1 rating,N/A
CBFV,$20.04,1440004540037,100,Not yet rated,NULL,N/A
CATYW,NULL,1440004540091,0,100% bearish,of 1 rating,N/A
CNLM,NULL,1440004540134,0,Not yet rated,NULL,N/A
CAVM,$71.74,1440004540165,"76,198",67% bearish,of 3 ratings,$72
CNLMR,NULL,1440004540191,0,Not yet rated,NULL,N/A
CNLMU,NULL,1440004540323,0,100% bullish,of 1 rating,N/A
CDK,$49.469,1440004540650,"157,344",67% bearish,of 3 ratings,$50
CBOE,$63.83,1440004540751,"117,967",Not yet rated,NULL,$60
CNLMW,NULL,1440004540782,0,Not yet rated,NULL,N/A
CELGZ,$1.82,1440004540808,"16,200",80% bullish,of 5 ratings,N/A
CDW,$39.4,1440004540836,"134,271",75% bullish,of 4 ratings,$44
CECE,$10.07,1440004540885,"45,273",50% bullish,of 2 ratings,$16
CPXX,$2.15,1440004541055,"51,355",100% bullish,of 2 ratings,$7
CELG,$128.22,1440004541117,"914,953",92% bullish,of 13 ratings,$155.50
CLDN,$1.06,1440004541192,"34,512",71% bullish,of 7 ratings,$3
CLRB,$3.11,1440004541229,100,100% bearish,of 1 rating,N/A
CLDX,$15.14,1440004541269,"790,506",89% bullish,of 9 ratings,$36
CBMG,$23.01,1440004541324,"39,944",50% bullish,of 2 ratings,N/A
CLLS,$32.03,1440004541349,"16,476",75% bullish,of 4 ratings,$51.50
CLRBW,NULL,1440004541402,0,Not yet rated,NULL,N/A
CLSN,$2.09,1440004541657,"81,991",80% bullish,of 10 ratings,$7.50
CLTX,$1.923,1440004541714,"2,790,174",100% bullish,of 2 ratings,N/A
CEMP,$39.08,1440004541908,"625,288",71% bullish,of 7 ratings,$48.50
CYAD,$56.126,1440004541942,"3,288",100% bullish,of 1 rating,$87.50
CENT,$12.2,1440004542039,"26,391",Not yet rated,NULL,$10
CSFL,$14.31,1440004542067,"22,080",Not yet rated,NULL,$15
CETX,$2.56,1440004542094,"2,400",Not yet rated,NULL,$5.60
CFBK,NULL,1440004542229,0,Not yet rated,NULL,N/A
CENTA,$12.83,1440004542259,"58,952",Not yet rated,NULL,N/A
CENX,$5.07,1440004542355,"687,303",67% bullish,of 6 ratings,$9
CETV,$2.11,1440004542454,"48,372",67% bullish,of 3 ratings,$2.80
CNBKA,$41.2,1440004542482,118,100% bullish,of 1 rating,N/A
CNTY,$6.39,1440004542541,"8,124",80% bullish,of 5 ratings,$7.75
CVCY,NULL,1440004542573,0,Not yet rated,NULL,$12
CRNT,$1.49,1440004542640,"143,582",50% bullish,of 2 ratings,$2
CPHD,$50.28,1440004542679,"68,264",50% bullish,of 2 ratings,$66.50
CERE,$1.37,1440004542873,"464,606",88% bullish,of 8 ratings,N/A
CERN,$65.535,1440004542922,"716,826",67% bullish,of 3 ratings,$79
CERU,$3.403,1440004542975,"3,664",75% bullish,of 4 ratings,$15
CERS,$5.02,1440004543022,"214,492",75% bullish,of 4 ratings,$7
KOOL,$0.7199,1440004543107,"4,860",100% bullish,of 5 ratings,$7
CEVA,$19.16,1440004543154,"15,498",100% bearish,of 1 rating,$25
CTHR,$1.245,1440004543309,"8,479",50% bullish,of 2 ratings,$2.50
CYOU,$19.81,1440004543337,"183,873",50% bullish,of 6 ratings,$24
HOTR,$1.36,1440004543358,"285,622",100% bullish,of 2 ratings,$5
HOTRW,$0.33,1440004543490,700,Not yet rated,NULL,N/A
GTLS,$23.77,1440004543541,"69,806",50% bullish,of 4 ratings,$40
CHKP,$81.56,1440004543793,"126,360",50% bullish,of 4 ratings,$92
CHEK,$2.99,1440004543923,"3,309",Not yet rated,NULL,$7.75
CHTR,$187.2,1440004543973,"393,997",100% bearish,of 2 ratings,$196
CHFN,$12.53,1440004544000,"2,673",Not yet rated,NULL,$14
CEMI,$4.4,1440004544234,"24,332",50% bullish,of 2 ratings,$7.50
CHFC,$32.88,1440004544264,"10,286",100% bearish,of 1 rating,$36
CHEKW,NULL,1440004544369,0,Not yet rated,NULL,N/A
CCXI,$6.85,1440004544404,"15,654",67% bullish,of 3 ratings,$14
CHKE,$26.97,1440004544433,"6,717",100% bearish,of 1 rating,$32.50
CHEV,$14.82,1440004544461,"1,150",Not yet rated,NULL,N/A
CHMG,$26.5,1440004544499,100,Not yet rated,NULL,$30
CHMA,$25.89,1440004544658,"96,481",Not yet rated,NULL,$40
CBNK,$16.57,1440004544686,100,100% bearish,of 1 rating,N/A
PLCE,$61.765,1440004544765,"92,433",100% bearish,of 1 rating,$71
CADC,NULL,1440004544868,0,78% bullish,of 9 ratings,N/A
CMRX,$50.97,1440004544967,"54,227",50% bullish,of 2 ratings,$57
CALI,$1.008,1440004545147,"10,724",67% bullish,of 3 ratings,N/A
CBPO,$111.0642,1440004545184,"103,004",75% bullish,of 8 ratings,$140.50
CCCL,$0.9699,1440004545284,"9,938",100% bullish,of 6 ratings,N/A
CBAK,$2.2299,1440004545305,"35,064",67% bullish,of 9 ratings,N/A
CCCR,$0.68,1440004545339,"6,066",67% bearish,of 3 ratings,N/A
CAAS,$6.6499,1440004545365,"16,091",93% bullish,of 14 ratings,$11.50
JRJC,$4.43,1440004545387,"57,887",82% bullish,of 11 ratings,N/A
HGSH,$1.95,1440004545675,700,67% bullish,of 3 ratings,N/A
CHOP,$1.3,1440004545706,"2,104",50% bullish,of 2 ratings,N/A
CHLN,$2.16,1440004545757,"58,826",67% bullish,of 3 ratings,N/A
CJJD,$2.0201,1440004545784,"10,500",100% bullish,of 1 rating,N/A
CNIT,$1.72,1440004545815,"119,659",67% bullish,of 6 ratings,N/A
HTHT,$26.995,1440004545915,"70,040",50% bullish,of 2 ratings,$28
CHNR,NULL,1440004546142,0,100% bearish,of 1 rating,N/A
CSUN,$1.47,1440004546172,"12,585",80% bullish,of 5 ratings,N/A
CREG,$0.8179,1440004546208,"13,050",100% bullish,of 3 ratings,N/A
CNTF,$0.979,1440004546231,"70,150",Not yet rated,NULL,N/A
CXDC,$6.23,1440004546309,"12,162",67% bullish,of 3 ratings,N/A
CNYD,$3.41,1440004546341,100,67% bullish,of 3 ratings,N/A
CPGI,NULL,1440004546373,0,Not yet rated,NULL,N/A
CNET,$0.8824,1440004546444,"101,258",50% bullish,of 2 ratings,N/A
IMOS,$15.52,1440004546659,"52,790",60% bullish,of 5 ratings,$21.50
CCIH,$9.7,1440004546717,"18,697",67% bullish,of 6 ratings,$12.65
CHSCL,$27.02,1440004546922,"11,759",Not yet rated,NULL,N/A
CHSCM,$26.24,1440004546951,"17,835",Not yet rated,NULL,N/A
CHSCP,$30.75,1440004546979,811,Not yet rated,NULL,N/A
CHSCN,$27.3,1440004547005,"4,306",Not yet rated,NULL,N/A
CHSCO,$28.41,1440004547060,"1,619",Not yet rated,NULL,N/A
CHUY,$32.52,1440004547161,"25,242",50% bullish,of 2 ratings,$34
CHDN,$136.675,1440004547191,"11,242",Not yet rated,NULL,$165
CMCT,NULL,1440004547294,0,100% bearish,of 1 rating,N/A
CIFC,$7.21,1440004547630,30,Not yet rated,NULL,N/A
CDTX,$14.17,1440004547713,"22,603",Not yet rated,NULL,$22
CINF,$56.4699,1440004547785,"104,456",50% bullish,of 4 ratings,$50.50
CMPR,$70.37,1440004547870,"117,325",50% bullish,of 2 ratings,$72.50
CIDM,$0.68,1440004547921,"73,175",50% bullish,of 2 ratings,$2.10
CPHR,$6.727,1440004547999,"4,898",100% bearish,of 1 rating,$16
CZNC,$20,1440004548093,"3,624",Not yet rated,NULL,N/A
CRUS,$29.1,1440004548157,"384,611",75% bullish,of 12 ratings,$44.50
CSCO,$27.88,1440004548183,"7,866,939",84% bullish,of 208 ratings,$32
CTAS,$87.61,1440004548219,"99,325",100% bearish,of 1 rating,$91
CTRN,$26.4,1440004548326,"103,128",100% bearish,of 1 rating,$29.50
CIZN,$20.32,1440004548391,"3,130",Not yet rated,NULL,N/A
CZWI,$9.1,1440004548417,335,Not yet rated,NULL,N/A
CZFC,$12.7501,1440004548454,500,Not yet rated,NULL,N/A
CHCO,$47.67,1440004548676,"6,198",Not yet rated,NULL,$46
CTXS,$77.69,1440004548702,"205,468",86% bullish,of 7 ratings,$80
CLNE,$4.28,1440004548950,"705,351",80% bullish,of 15 ratings,$9
CLNT,$1.999,1440004549095,"1,700",75% bullish,of 8 ratings,N/A
CIVB,$10.32,1440004549126,"4,981",Not yet rated,NULL,$11
CIVBP,NULL,1440004549158,0,Not yet rated,NULL,N/A
CDTI,$1.73,1440004549179,"54,021",75% bullish,of 4 ratings,$3.20
CLRO,$11.86,1440004549225,"4,700",50% bullish,of 2 ratings,$14.25
CLFD,$17.79,1440004549253,"61,743",67% bullish,of 3 ratings,$18
CLIR,$5.4817,1440004549310,"39,874",100% bullish,of 3 ratings,N/A
CSBK,$13.92,1440004549479,"8,850",Not yet rated,NULL,N/A
CMFN,$11.38,1440004549563,"12,719",100% bearish,of 1 rating,$15.50
CME,$97.27,1440004549612,"465,596",67% bullish,of 3 ratings,$102
CLVS,$76.05,1440004549640,"158,710",60% bullish,of 5 ratings,$101.50
CBLI,$3.79,1440004549705,"8,996",60% bullish,of 5 ratings,N/A
CCNE,$17.35,1440004549897,"3,953",50% bullish,of 2 ratings,$21.50
CNV,$4.66,1440004550093,"10,004",50% bullish,of 2 ratings,$7.15
COBZ,$13,1440004550125,"6,114",100% bullish,of 1 rating,$14
CISG,$8.5,1440004550158,"107,126",100% bullish,of 5 ratings,$10
CWAY,NULL,1440004550188,0,Not yet rated,NULL,N/A
COKE,$162.4,1440004550217,"13,250",79% bullish,of 19 ratings,N/A
CDRB,$12.34,1440004550243,"1,781",67% bullish,of 3 ratings,N/A
CDXS,$4.03,1440004550275,"12,350",64% bullish,of 11 ratings,$6
JVA,$4.71,1440004550529,"16,488",83% bullish,of 6 ratings,$7
CCOI,$28.75,1440004550618,"108,516",50% bullish,of 4 ratings,$35
CVLY,$20.55,1440004550705,"3,638",Not yet rated,NULL,N/A
CTSH,$67.1,1440004550773,"597,353",90% bullish,of 10 ratings,$74.50
CGNX,$36.97,1440004550799,"159,418",50% bullish,of 2 ratings,$47
CGNT,$1.63,1440004550858,"38,751",100% bullish,of 2 ratings,$2
COHR,$57.43,1440004551221,"40,838",50% bullish,of 2 ratings,$72
CHRS,$30.555,1440004551292,"42,004",67% bearish,of 3 ratings,$37
COHU,$9.67,1440004551323,"111,263",100% bearish,of 1 rating,$14.25
CLRX,$0.48,1440004551379,"99,191",50% bullish,of 2 ratings,N/A
CBAN,$9.14,1440004551410,100,Not yet rated,NULL,N/A
COLL,$14.8203,1440004551439,"29,914",100% bearish,of 1 rating,$26
CLCT,$19.25,1440004551471,"6,441",100% bearish,of 1 rating,N/A
CIGI,$46.25,1440004551572,"6,422",100% bearish,of 1 rating,$52
CLCD,$7.64,1440004551747,"9,710",100% bearish,of 1 rating,$20.50
COLB,$33.4,1440004551917,"38,362",Not yet rated,NULL,$36
COLM,$66,1440004551982,"65,853",100% bearish,of 1 rating,$71
CMCO,$20.72,1440004552047,"12,200",60% bullish,of 5 ratings,$28
CBMX,$1.2499,1440004552117,"1,735",83% bullish,of 6 ratings,$3.15
CMCSK,$60.4,1440004552250,"1,366,075",Not yet rated,NULL,$84
CUBN,$13.75,1440004552277,"11,151",Not yet rated,NULL,N/A
CMCSA,$59.9,1440004552299,"5,550,708",66% bullish,of 35 ratings,$69.50
CBSH,$47.37,1440004552333,"72,263",50% bullish,of 2 ratings,$46
CBSHP,$25.15,1440004552544,"9,328",100% bearish,of 1 rating,N/A
CVGI,$4.55,1440004552588,"36,401",50% bullish,of 2 ratings,$6
CSAL,$22.33,1440004552614,"173,966",75% bullish,of 4 ratings,$30
COMM,$31.49,1440004552689,"346,659",67% bearish,of 3 ratings,$35
JCS,$9.495,1440004552749,"4,738",67% bullish,of 3 ratings,N/A
CYHHZ,$0.0115,1440004552896,"2,246",100% bullish,of 1 rating,N/A
ESXB,$5.1,1440004552922,"13,740",Not yet rated,NULL,N/A
COB,$10.56,1440004553099,"3,701",100% bullish,of 1 rating,$11.75
CWBC,$6.75,1440004553136,"3,868",Not yet rated,NULL,N/A
CTBI,$35.27,1440004553242,"11,328",Not yet rated,NULL,$36
CIL,NULL,1440004553271,0,Not yet rated,NULL,N/A
CVLT,$37.3,1440004553293,"90,444",75% bullish,of 4 ratings,$44.50
CSA,NULL,1440004553461,0,Not yet rated,NULL,N/A
CIZ,NULL,1440004553547,0,100% bearish,of 1 rating,N/A
CID,NULL,1440004553607,0,Not yet rated,NULL,N/A
CSF,$38.2,1440004553653,650,100% bearish,of 1 rating,N/A
CDC,$36.38,1440004553742,"13,453",Not yet rated,NULL,N/A
CFO,$37.36,1440004553966,"8,767",100% bearish,of 1 rating,N/A
CDL,NULL,1440004554029,0,Not yet rated,NULL,N/A
CFA,NULL,1440004554101,0,100% bearish,of 1 rating,N/A
CTG,$6.77,1440004554157,"7,112",100% bearish,of 1 rating,$8.50
CGEN,$5.62,1440004554191,"40,517",50% bullish,of 2 ratings,$11
CPSI,$46.33,1440004554232,"32,752",100% bearish,of 1 rating,$45.50
CSB,NULL,1440004554260,0,Not yet rated,NULL,N/A
SCOR,$63.75,1440004554295,"57,859",100% bearish,of 1 rating,$66
CHCI,$0.5861,1440004554591,"7,815",50% bullish,of 2 ratings,N/A
CNSI,$19.43,1440004554620,"40,944",100% bearish,of 2 ratings,$29
CMTL,$27.42,1440004554646,"8,441",100% bearish,of 2 ratings,$37
CXRX,$77.81,1440004554815,"1,102",Not yet rated,NULL,$90
CNAT,$4.41,1440004554841,"35,920",83% bullish,of 6 ratings,$13
CNCE,$16.26,1440004554874,"80,417",75% bullish,of 4 ratings,$22
CDORP,$7.0489,1440004555102,100,100% bearish,of 1 rating,N/A
CDOR,$1.4,1440004555136,"3,707",100% bullish,of 1 rating,N/A
CDORO,$18.34,1440004555164,6,100% bearish,of 1 rating,N/A
CCUR,$5.16,1440004555186,"4,651",75% bullish,of 4 ratings,N/A
CFMS,$22.66,1440004555234,"104,057",Not yet rated,NULL,$27
CTWS,$34.92,1440004555380,"5,419",100% bearish,of 1 rating,$44
CNFR,$10.2037,1440004555417,"6,775",Not yet rated,NULL,N/A
CNMD,$56.53,1440004555551,"21,175",Not yet rated,NULL,$59
CNOB,$20.31,1440004555616,"13,363",100% bullish,of 1 rating,$23.50
CNXR,$6.55,1440004555720,"11,978",100% bearish,of 1 rating,$12
CONN,$33.19,1440004555851,"58,276",67% bullish,of 3 ratings,$48.50
CWCO,$11.7099,1440004555979,"22,879",67% bullish,of 3 ratings,$14.50
CNSL,$20.26,1440004556025,"30,301",100% bearish,of 1 rating,$23
CFRX,$5.32,1440004556079,"39,446",Not yet rated,NULL,$14
CTCT,$24.415,1440004556104,"84,979",67% bullish,of 3 ratings,$37
CPSS,$5.72,1440004556137,"15,608",100% bullish,of 1 rating,$10
CFRXZ,$0.7,1440004556243,"16,402",Not yet rated,NULL,N/A
CFRXW,$2.185,1440004556299,"1,018",100% bearish,of 1 rating,N/A
CTRV,$4.32,1440004556432,"2,828",Not yet rated,NULL,$6.40
CTRL,$8.12,1440004556461,"45,980",50% bullish,of 2 ratings,$11
CPRT,$36.06,1440004556511,"54,727",67% bearish,of 3 ratings,$40
CRBP,$2.87,1440004556564,"18,936,948",100% bullish,of 2 ratings,$6.25
CORT,$5.18,1440004556654,"139,151",67% bullish,of 3 ratings,$12
CORE,$63.46,1440004556810,"31,820",100% bearish,of 1 rating,$72
CORI,$11.43,1440004556893,"9,878",100% bearish,of 1 rating,$18
BVA,NULL,1440004556939,0,50% bullish,of 2 ratings,N/A
CRVL,$32.98,1440004557026,"2,136",100% bearish,of 1 rating,N/A
CSOD,$37.89,1440004557073,"78,107",50% bullish,of 2 ratings,$42
CSGP,$191.19,1440004557102,"29,767",50% bullish,of 2 ratings,$235
COST,$144.08,1440004557237,"391,716",83% bullish,of 24 ratings,$154.50
COSI,$1.14,1440004557293,"62,471",100% bullish,of 1 rating,N/A
CPAH,$0.4899,1440004557373,"1,925",50% bullish,of 2 ratings,N/A
ICBK,$18.43,1440004557455,1,Not yet rated,NULL,$21
CVTI,$25.12,1440004557562,"46,838",67% bearish,of 3 ratings,$39
COVS,$2.7707,1440004557595,"22,612",67% bullish,of 3 ratings,N/A
COWN,$5.42,1440004557732,"239,497",75% bullish,of 4 ratings,$7
CBRL,$150.28,1440004557862,"48,098",50% bullish,of 2 ratings,$155
COWNL,$26.75,1440004557891,"3,128",Not yet rated,NULL,N/A
CRAI,$22.85,1440004557913,"17,036",Not yet rated,NULL,$36
CPSH,$2.4001,1440004557943,"3,000",Not yet rated,NULL,N/A
BREW,$8.05,1440004557965,"12,366",67% bullish,of 6 ratings,$15
CACC,$196.72,1440004558115,"42,277",50% bullish,of 2 ratings,$158.50
CRAY,$22.31,1440004558192,"38,640",83% bullish,of 6 ratings,$38.50
SLVO,$10.4535,1440004558247,"2,296",100% bearish,of 1 rating,N/A
GLDI,$11.026,1440004558381,"46,380",100% bearish,of 1 rating,N/A
CRESY,$11.23,1440004558466,"2,798",100% bearish,of 1 rating,$19
CREE,$26.91,1440004558518,"437,931",65% bullish,of 17 ratings,$28.50
CRTO,$47.32,1440004558622,"104,932",67% bullish,of 6 ratings,$64
CCRN,$15.32,1440004558765,"138,472",100% bearish,of 1 rating,$14.25
CRWS,$8.1001,1440004558793,450,Not yet rated,NULL,$10
CRDS,$1.22,1440004558826,"230,160",50% bullish,of 4 ratings,$4.50
CROX,$14.79,1440004558858,"250,560",63% bullish,of 8 ratings,$16.50
CYRXW,$0.9499,1440004558934,"5,550",Not yet rated,NULL,N/A
CRWN,$4.8,1440004558963,"31,150",75% bullish,of 4 ratings,N/A
CYRX,$3.09,1440004559041,"25,280",Not yet rated,NULL,$9
CCLP,$14.42,1440004559175,"75,130",67% bearish,of 3 ratings,$21
CSGS,$31.7888,1440004559532,"22,791",Not yet rated,NULL,$40
CSPI,$6.23,1440004559667,"1,204",67% bullish,of 3 ratings,N/A
CTRP,$68.02,1440004559694,"678,128",75% bullish,of 8 ratings,$92
CTCM,$1.75,1440004559727,"84,166",80% bearish,of 5 ratings,$3.90
CTIB,$3.54,1440004559749,"1,200",100% bearish,of 1 rating,N/A
CTIC,$1.74,1440004559782,"421,832",84% bullish,of 76 ratings,$5.75
CUNB,$22.34,1440004559825,"2,068",Not yet rated,NULL,$24.50
CUI,$5.3,1440004559882,"12,352",50% bullish,of 2 ratings,$10
CUTR,$14.83,1440004560147,"6,406",67% bearish,of 3 ratings,$18
CVV,$12.098,1440004560211,"8,930",100% bullish,of 5 ratings,N/A
CMLS,$1.27,1440004560244,"144,386",50% bullish,of 4 ratings,$6
CRIS,$2.7,1440004560265,"66,492",100% bullish,of 8 ratings,$6
CVBF,$17.46,1440004560298,"79,562",Not yet rated,NULL,$18
CPIX,$5.975,1440004560342,"3,491",Not yet rated,NULL,N/A
CYAN,$7.63,1440004560437,"1,935",100% bearish,of 1 rating,N/A
CYBR,$60.125,1440004560646,"761,657",86% bullish,of 7 ratings,$66
CYBE,$5.85,1440004560735,"7,093",100% bearish,of 1 rating,N/A
CYBX,$59.92,1440004560764,"71,038",50% bullish,of 4 ratings,$70
CYCC,$0.6002,1440004560786,"64,386",73% bullish,of 11 ratings,N/A
CYCCP,NULL,1440004560942,0,100% bearish,of 1 rating,N/A
CBAY,$2.732,1440004560976,"29,108",100% bullish,of 1 rating,$4
CYNA,$15.28,1440004561069,"8,764",100% bullish,of 1 rating,$33
CYNO,$34,1440004561102,"38,008",67% bearish,of 3 ratings,$45.50
CY,$9.79,1440004561129,"2,342,997",80% bullish,of 10 ratings,$15.50
CYRN,$1.75,1440004561199,"70,150",67% bullish,of 3 ratings,$4
CONE,$34.4199,1440004561272,"338,177",67% bearish,of 3 ratings,$35
CYTK,$6.49,1440004561374,"63,659",71% bullish,of 14 ratings,$13.50
CYTX,$0.397,1440004561466,"286,200",83% bullish,of 12 ratings,$5.50
CTSO,$7.41,1440004561526,"22,249",Not yet rated,NULL,$15.625
DAEG,$0.323,1440004561720,"4,000",100% bearish,of 1 rating,N/A
CYTR,$2.29,1440004561750,"168,461",67% bullish,of 6 ratings,$10
TVIX,$5.93,1440004561849,"3,384,923",81% bullish,of 16 ratings,N/A
TVIZ,NULL,1440004561876,0,100% bearish,of 1 rating,N/A
ZIV,$49.33,1440004561924,"16,632",Not yet rated,NULL,N/A
XIV,$46.61,1440004561951,"6,902,354",75% bearish,of 4 ratings,N/A
DAKT,$11.66,1440004562022,"40,207",50% bullish,of 2 ratings,$14
DARA,$0.895,1440004562083,"103,243",83% bullish,of 6 ratings,$1.50
DJCO,$210.79,1440004562227,101,Not yet rated,NULL,N/A
DTLK,$5.75,1440004562292,"58,939",100% bearish,of 1 rating,$9
DAIO,$2.69,1440004562364,486,Not yet rated,NULL,N/A
DWCH,$5.55,1440004562425,"60,001",75% bullish,of 4 ratings,$8.25
DRAM,$1.43,1440004562452,"8,169",78% bullish,of 9 ratings,N/A
DTEA,$12.51,1440004562619,"20,992",100% bearish,of 2 ratings,$24
DWSN,$4.87,1440004562776,"73,736",67% bullish,of 3 ratings,$6
PLAY,$35.13,1440004562852,"141,044",100% bullish,of 5 ratings,$42
DHRM,$1.83,1440004562885,500,Not yet rated,NULL,N/A
TACO,$13.37,1440004562915,"190,273",100% bullish,of 3 ratings,$20
DFRG,$15.11,1440004562937,"42,298",100% bearish,of 1 rating,$20
TRAK,$62.41,1440004562971,"288,427",50% bullish,of 2 ratings,$62.50
DBVT,$42.72,1440004563002,"30,861",100% bearish,of 1 rating,$53
TACOW,$4.48,1440004563240,"47,141",100% bullish,of 1 rating,N/A
DCTH,$0.4871,1440004563287,"145,199",78% bullish,of 9 ratings,N/A
DGAS,$20.21,1440004563339,104,67% bearish,of 3 ratings,N/A
DELT,$2.4452,1440004563502,100,Not yet rated,NULL,N/A
DELTW,NULL,1440004563602,0,Not yet rated,NULL,N/A
DENN,$12.39,1440004563641,"100,362",100% bullish,of 3 ratings,$15
XRAY,$56.6,1440004563774,"74,748",100% bullish,of 1 rating,$58
DERM,$24.47,1440004563800,"134,990",100% bearish,of 1 rating,$33
DEST,$11.97,1440004563830,"23,173",50% bullish,of 2 ratings,N/A
DSCI,$6.53,1440004563861,"14,263",50% bullish,of 2 ratings,$16
DEPO,$31.66,1440004563931,"111,267",80% bullish,of 5 ratings,$32
DSWL,NULL,1440004564064,0,100% bullish,of 1 rating,N/A
DXLG,$4.88,1440004564094,"12,372",100% bearish,of 1 rating,$8
DXM,$0.3174,1440004564116,"56,873",50% bullish,of 2 ratings,N/A
DXCM,$95.58,1440004564250,"234,985",57% bullish,of 7 ratings,$98
DHXM,$7.0796,1440004564301,"1,900",Not yet rated,NULL,N/A
DHIL,$192.45,1440004564598,331,Not yet rated,NULL,N/A
FANG,$70.79,1440004564624,"283,884",50% bullish,of 2 ratings,$86
DRNA,$10.5,1440004564652,"52,694",67% bearish,of 3 ratings,$25
DMND,$31.3,1440004564684,"29,074",75% bullish,of 12 ratings,$32
DMRC,$36.469,1440004564806,"26,628",100% bearish,of 1 rating,$44
DGII,$10.08,1440004564834,"16,420",100% bearish,of 1 rating,$10
DCIX,$1.87,1440004564856,"13,428",50% bullish,of 4 ratings,$3.50
DRAD,$4.0701,1440004564916,"5,736",100% bullish,of 1 rating,$5.25
DGLY,$7.46,1440004565145,"25,866",50% bullish,of 6 ratings,$20
DCOM,$17.23,1440004565201,"10,909",100% bearish,of 2 ratings,$16.50
APPS,$2.35,1440004565290,"57,044",100% bearish,of 1 rating,$10.25
DIOD,$19.75,1440004565358,"52,729",75% bearish,of 4 ratings,$24
DPRX,$13.26,1440004565384,"1,600",100% bullish,of 2 ratings,$27.75
DISCA,$28.79,1440004565461,"495,284",67% bullish,of 3 ratings,$34
DSCO,$0.4698,1440004565972,"46,040",83% bullish,of 6 ratings,$2.75
DVCR,NULL,1440004566049,0,100% bullish,of 1 rating,N/A
DISCK,$27.56,1440004566189,"722,479",100% bearish,of 1 rating,$40
BAGR,$3.04,1440004566215,"10,302",100% bearish,of 1 rating,$6
DISCB,NULL,1440004566257,0,100% bearish,of 1 rating,$35
DISH,$65.91,1440004566283,"189,787",69% bullish,of 13 ratings,$73
DLHC,$2.65,1440004566554,"4,491",100% bearish,of 1 rating,N/A
DNBF,$27.132,1440004566580,"14,490",Not yet rated,NULL,$27.50
DGICA,$14.53,1440004566715,"2,192",100% bearish,of 1 rating,$17
DLTR,$80,1440004566817,"534,258",82% bullish,of 11 ratings,$88
DGICB,$17.92,1440004566847,2,100% bearish,of 1 rating,N/A
DMLP,$13.9601,1440004566950,"26,721",100% bearish,of 1 rating,N/A
DORM,$51.13,1440004567014,"31,789",100% bearish,of 1 rating,$56
HILL,$9.685,1440004567172,"20,240,659",60% bearish,of 5 ratings,$8
DRWI,$0.28,1440004567501,"74,219",60% bullish,of 5 ratings,$.45
DSPG,$8.73,1440004567547,"15,015",100% bearish,of 1 rating,$13.50
DRYS,$0.347,1440004567576,"1,538,813",77% bullish,of 31 ratings,$.60
DWA,$19.16,1440004567645,"135,978",63% bullish,of 8 ratings,$26
DRWIW,$0.0472,1440004567672,"10,900",Not yet rated,NULL,N/A
DSKX,$3.26,1440004567709,"86,237",100% bullish,of 1 rating,N/A
CADT,$10.02,1440004567800,4,Not yet rated,NULL,N/A
CADTR,NULL,1440004567887,0,Not yet rated,NULL,N/A
CADTU,NULL,1440004568067,0,Not yet rated,NULL,N/A
DTSI,$27.32,1440004568097,"13,971",100% bearish,of 2 ratings,$39.50
DRRX,$2.06,1440004568132,"92,727",50% bullish,of 6 ratings,$3
CADTW,NULL,1440004568155,0,Not yet rated,NULL,N/A
DNKN,$50.39,1440004568191,"1,007,606",67% bullish,of 15 ratings,$56.50
DYAX,$23,1440004568224,"146,672",89% bullish,of 9 ratings,$30
DXPE,$29.005,1440004568294,"25,566",50% bullish,of 2 ratings,N/A
DYSL,$1.4,1440004568631,"6,400",100% bullish,of 2 ratings,N/A
BOOM,$10.16,1440004568659,"25,735",67% bullish,of 3 ratings,$12
DYNT,$3.02,1440004568680,"3,000",75% bullish,of 4 ratings,N/A
EBMT,$11.53,1440004568839,9,Not yet rated,NULL,$13.50
EGBN,$44.74,1440004568865,"10,127",Not yet rated,NULL,$48
EGRX,$68.37,1440004568893,"80,371",67% bullish,of 3 ratings,$97
DVAX,$29.385,1440004568920,"106,376",70% bullish,of 10 ratings,$40
ETFC,$27.66,1440004568947,"580,818",57% bullish,of 14 ratings,$33
EGLE,$7.1,1440004569151,"3,396",60% bullish,of 5 ratings,N/A
EROC,$1.21,1440004569198,"494,724",50% bullish,of 2 ratings,$3
ELNK,$9.02,1440004569260,"242,445",80% bullish,of 5 ratings,$9.50
EML,$17,1440004569328,"1,510",Not yet rated,NULL,N/A
EWBC,$44.715,1440004569396,"351,932",100% bearish,of 1 rating,$50
EACQU,$10.09,1440004569426,"2,200",Not yet rated,NULL,N/A
EVBS,$6.4201,1440004569558,"3,500",Not yet rated,NULL,$7
EBAY,$27.45,1440004569614,"2,957,472",81% bullish,of 117 ratings,$48
EBIX,$30.3375,1440004569762,"100,168",69% bullish,of 13 ratings,$40
ECHO,$25.67,1440004569810,"67,177",67% bearish,of 3 ratings,$35.50
ELON,$0.5563,1440004569872,"10,130",50% bullish,of 2 ratings,N/A
SATS,$46.09,1440004569943,"30,257",50% bullish,of 2 ratings,$60
ECTE,$1.48,1440004569976,"5,043",75% bullish,of 4 ratings,N/A
EEI,$11.3,1440004570050,"1,200",67% bearish,of 3 ratings,N/A
ESES,$3.37,1440004570079,"2,546",100% bearish,of 1 rating,$7
ECACU,NULL,1440004570207,0,Not yet rated,NULL,N/A
EDAP,$3.5,1440004570374,"2,760",60% bullish,of 5 ratings,$4.50
EDUC,$4.68,1440004570414,200,100% bearish,of 1 rating,N/A
EDGW,$7.02,1440004570479,702,100% bearish,of 1 rating,N/A
EFUT,$4.3,1440004570543,"3,700",Not yet rated,NULL,N/A
EGAN,$3.55,1440004570569,"108,636",50% bullish,of 2 ratings,$6.25
EGLT,$12.28,1440004570645,"39,896",50% bullish,of 2 ratings,$21
EHTH,$14.54,1440004570862,"22,987",50% bullish,of 4 ratings,$16.50
LOCO,$13.447,1440004570891,"1,074,853",69% bullish,of 13 ratings,$20
ELRC,$10.3,1440004571022,"7,398",100% bearish,of 1 rating,N/A
ERI,$9.64,1440004571048,"21,306",100% bearish,of 1 rating,$10
ESLT,$81.3436,1440004571077,"4,472",100% bullish,of 2 ratings,N/A
EMITF,$1.3276,1440004571112,"17,306",75% bullish,of 4 ratings,N/A
ESIO,$4.53,1440004571252,"16,080",50% bullish,of 2 ratings,$10
EFII,$45.025,1440004571331,"49,963",80% bullish,of 5 ratings,$55
EA,$71.72,1440004571389,"737,643",77% bullish,of 35 ratings,$80
ELECU,$10.08,1440004571566,"1,100",Not yet rated,NULL,N/A
ELEC,NULL,1440004571617,0,Not yet rated,NULL,N/A
ELECW,NULL,1440004571665,0,Not yet rated,NULL,N/A
ELSE,$4.1406,1440004571693,"3,265",60% bullish,of 5 ratings,N/A
EBIO,$3.94,1440004571757,"346,407",100% bearish,of 2 ratings,$8.35
RDEN,$10.71,1440004571895,"47,996",100% bearish,of 4 ratings,$15
LONG,$17.1,1440004572066,"12,034",67% bullish,of 3 ratings,$15.75
ESBK,NULL,1440004572096,0,Not yet rated,NULL,N/A
CAPX,NULL,1440004572123,0,Not yet rated,NULL,N/A
ELTK,$1.1089,1440004572197,"13,420",67% bearish,of 3 ratings,N/A
EMCI,$23.745,1440004572254,"9,886",Not yet rated,NULL,N/A
EMKR,$7.205,1440004572300,"33,605",75% bullish,of 4 ratings,$8.50
EMCF,$23.9499,1440004572431,600,100% bearish,of 1 rating,N/A
NYNY,$4.1201,1440004572716,"21,642",50% bullish,of 2 ratings,N/A
EMMSP,NULL,1440004572743,0,100% bearish,of 1 rating,N/A
EMMS,$1.23,1440004572772,"6,900",67% bullish,of 6 ratings,N/A
ERS,NULL,1440004572798,0,Not yet rated,NULL,N/A
ENTA,$40.12,1440004572820,"32,022",50% bullish,of 2 ratings,$42
ECPG,$39.98,1440004572851,"47,384",100% bullish,of 2 ratings,$52
WIRE,$33.56,1440004572982,"36,255",100% bearish,of 1 rating,$37
ENDP,$84.35,1440004573119,"251,796",50% bullish,of 6 ratings,$104
EIGI,$15.7201,1440004573250,"272,010",67% bearish,of 3 ratings,$20
EFOI,$16.3501,1440004573301,"416,651",50% bullish,of 2 ratings,$17
WATT,$6.95,1440004573344,"42,536",50% bullish,of 2 ratings,$13
ELGX,$12.96,1440004573371,"134,801",75% bullish,of 4 ratings,$17
ERII,$2.93,1440004573439,"40,667",80% bullish,of 5 ratings,$2.50
ECYT,$5.23,1440004573550,"49,586",83% bullish,of 6 ratings,$12
EXXI,$1.62,1440004573715,"422,669",86% bullish,of 7 ratings,$3.50
ENOC,$8.39,1440004573803,"63,404",75% bullish,of 4 ratings,$18
ESGR,$153.645,1440004573857,"5,415",100% bearish,of 1 rating,$185
ENPH,$4.93,1440004573888,"176,570",75% bullish,of 4 ratings,$11
ENG,$1.04,1440004573934,"4,475",100% bullish,of 3 ratings,N/A
ENFC,$18.28,1440004573993,"1,995",Not yet rated,NULL,N/A
ENTG,$14.38,1440004574190,"130,198",100% bearish,of 1 rating,$18
ENTL,$22.42,1440004574296,"6,196",Not yet rated,NULL,$28
ETRM,$0.2501,1440004574428,"417,996",69% bearish,of 35 ratings,$1.625
EBTC,$20.64,1440004574470,38,Not yet rated,NULL,N/A
EGT,$2.2,1440004574497,505,100% bullish,of 1 rating,N/A
ENVI,$1.8,1440004574530,"1,200",67% bullish,of 3 ratings,N/A
ENZN,$1.0664,1440004574629,"267,790",100% bullish,of 9 ratings,N/A
EFSC,$24.9,1440004574656,"8,423",Not yet rated,NULL,$27
ENZY,$9.03,1440004574853,"15,722",67% bullish,of 3 ratings,$9.50
EPIQ,$14.2,1440004574950,"19,214",100% bearish,of 1 rating,$18
EPRS,$5.03,1440004574981,"65,820",82% bullish,of 11 ratings,$15
EPZM,$17.11,1440004575015,"93,877",60% bullish,of 5 ratings,$34
PLUS,$76.21,1440004575045,"16,265",50% bullish,of 2 ratings,$88
EQIX,$286.1933,1440004575116,"104,079",67% bullish,of 3 ratings,$312.50
EQFN,NULL,1440004575142,0,Not yet rated,NULL,N/A
EAC,$3.7,1440004575271,"5,851",100% bearish,of 1 rating,$8
ERIE,$87.47,1440004575460,"2,962",Not yet rated,NULL,$73
ERIC,$10.11,1440004575494,"844,557",63% bullish,of 8 ratings,$13.30
ESCA,$18.21,1440004575524,"4,425",100% bearish,of 1 rating,$22
ESCRP,$1.67,1440004575595,"2,000",100% bearish,of 1 rating,N/A
ESCR,$0.2,1440004575624,"24,358",50% bullish,of 2 ratings,N/A
ESMC,$1.35,1440004575668,200,Not yet rated,NULL,N/A
ESSA,$12.9601,1440004575754,"6,856",100% bearish,of 1 rating,N/A
ESPR,$58.36,1440004575780,"1,446,573",67% bearish,of 9 ratings,$130
EPIX,NULL,1440004576011,0,Not yet rated,NULL,N/A
ESND,$36.005,1440004576044,"57,812",100% bearish,of 1 rating,$40
ESSX,$0.4999,1440004576071,"49,513",50% bullish,of 2 ratings,N/A
ETSY,$15.12,1440004576115,"313,434",80% bullish,of 5 ratings,$16
CLWT,$2.5,1440004576141,718,100% bearish,of 1 rating,N/A
ESEA,$6.219,1440004576286,250,100% bullish,of 1 rating,$15
EEFT,$68.43,1440004576363,"31,092",100% bearish,of 1 rating,$67.50
EVEP,$8.1605,1440004576466,"193,545",50% bullish,of 2 ratings,$15
EVK,$4.057,1440004576539,560,75% bearish,of 4 ratings,N/A
EVOK,$4.48,1440004576567,"198,654",100% bearish,of 1 rating,$13.75
EVLV,$2.24,1440004576705,"43,986",60% bullish,of 5 ratings,$6.50
EVOL,$6.2481,1440004576735,"10,668",75% bullish,of 4 ratings,$10
EXA,$10.7,1440004576763,"18,677",100% bearish,of 1 rating,$13
EXAS,$22.66,1440004576901,"353,864",78% bullish,of 9 ratings,$31
EXEL,$5.745,1440004576927,"1,283,104",81% bullish,of 16 ratings,$6
EXAC,$18.6999,1440004576956,"10,802",100% bearish,of 1 rating,$22.50
EXPE,$122.775,1440004577127,"157,276",64% bullish,of 11 ratings,$130
EXLS,$37.16,1440004577155,"44,976",100% bullish,of 1 rating,$41
EXFO,$2.89,1440004577182,"1,469",67% bearish,of 3 ratings,$3.95
ESRX,$89.57,1440004577329,"1,026,924",67% bearish,of 6 ratings,$101
EXPO,$43.5,1440004577382,"12,237",100% bearish,of 1 rating,$45.50
EXPD,$49.73,1440004577413,"386,156",80% bullish,of 5 ratings,$50.50
EYEG,$4.06,1440004577515,"30,288",Not yet rated,NULL,N/A
EXTR,$2.94,1440004577540,"252,455",80% bullish,of 5 ratings,$3
EYEGW,$1.2,1440004577605,33,Not yet rated,NULL,N/A
EXLP,$20.33,1440004577684,"23,466",100% bearish,of 1 rating,$27
FFIV,$133.21,1440004577850,"145,151",71% bullish,of 7 ratings,$132
EZPW,$6.08,1440004577878,"182,531",50% bullish,of 4 ratings,$7.50
FB,$94.98,1440004577928,"6,747,731",73% bullish,of 1065 ratings,$111
EZCH,$21.8,1440004577961,"50,883",75% bullish,of 8 ratings,$19.50
FCS,$13.915,1440004578013,"223,917",67% bearish,of 3 ratings,$17
FWM,$2.215,1440004578067,"90,206",100% bearish,of 2 ratings,$3.20
FRP,$17.63,1440004578172,"7,922",100% bearish,of 1 rating,$18
FALC,$1.67,1440004578202,"15,212",63% bearish,of 8 ratings,N/A
FARM,$22.36,1440004578399,"5,256",100% bearish,of 1 rating,$35
DAVE,$14.3,1440004578429,"20,248",100% bearish,of 1 rating,$15.50
FFKT,$26.97,1440004578453,"3,099",Not yet rated,NULL,$29
FMNB,$8.04,1440004578483,"13,121",Not yet rated,NULL,N/A
FAST,$40.22,1440004578639,"298,205",80% bullish,of 5 ratings,$46
FARO,$40.19,1440004578671,"17,188",50% bullish,of 2 ratings,$48
FATE,$7.0201,1440004578781,"48,444",50% bullish,of 2 ratings,$11
FDML,$9.43,1440004578865,"96,879",50% bullish,of 4 ratings,$14
FBSS,$15.45,1440004578914,300,Not yet rated,NULL,N/A
FBRC,$23.09,1440004578942,"5,927",100% bearish,of 1 rating,$29
FEIC,$81.12,1440004579131,"102,909",50% bullish,of 2 ratings,$95.50
FNHC,$23.17,1440004579158,"46,651",100% bearish,of 1 rating,$35
FHCO,$1.41,1440004579212,"22,891",50% bullish,of 4 ratings,N/A
FENX,$9.755,1440004579432,"21,461",100% bullish,of 1 rating,$14.25
FCSC,$6.03,1440004579484,"132,487",100% bearish,of 1 rating,$8.125
ONEQ,$197.0152,1440004579540,"4,026",100% bullish,of 1 rating,N/A
FGEN,$24.89,1440004579567,"97,093",100% bearish,of 1 rating,$39
LION,$20.08,1440004579615,"12,453",100% bullish,of 1 rating,$20
FDUS,$14.8801,1440004579644,"18,317",100% bullish,of 1 rating,$18
FRGI,$54.35,1440004579774,"42,756",50% bullish,of 2 ratings,$70
FSAM,$8.7,1440004579863,"2,158",100% bearish,of 1 rating,$11
FSC,$6.47,1440004580007,"244,212",75% bullish,of 4 ratings,$8
FSCFL,$25.2,1440004580065,"5,951",Not yet rated,NULL,N/A
FSFR,$9.07,1440004580139,"39,007",100% bearish,of 1 rating,$11.50
FITBI,$27.71,1440004580167,"4,924",Not yet rated,NULL,N/A
FITB,$21.09,1440004580193,"1,230,641",54% bullish,of 13 ratings,$22
FNGN,$35.9,1440004580419,"70,459",67% bullish,of 3 ratings,$47
FISI,$25.075,1440004580489,"12,217",100% bullish,of 2 ratings,$24.50
FNTC,NULL,1440004580551,0,Not yet rated,NULL,N/A
FNJN,$1.6401,1440004580580,"49,787",100% bearish,of 1 rating,$5
FNSR,$16.94,1440004580622,"226,786",71% bullish,of 7 ratings,$24.50
FNTCU,NULL,1440004580676,0,Not yet rated,NULL,N/A
FNTCW,NULL,1440004580705,0,Not yet rated,NULL,N/A
FEYE,$43.67,1440004580784,"1,266,770",87% bullish,of 15 ratings,$55.50
FBNC,$17.21,1440004580926,"17,232",100% bullish,of 1 rating,$20
FNLC,$18.89,1440004580961,"4,444",100% bullish,of 1 rating,N/A
FRBA,$6.013,1440004581057,"2,000",Not yet rated,NULL,$8
BUSE,$6.42,1440004581079,"24,935",Not yet rated,NULL,$6.875
FBIZ,$44.13,1440004581161,"4,024",100% bearish,of 2 ratings,$52
FCVA,NULL,1440004581214,0,Not yet rated,NULL,N/A
FCNCA,$248.52,1440004581360,678,Not yet rated,NULL,N/A
FCAP,$26.85,1440004581387,"5,061",Not yet rated,NULL,N/A
FCFS,$38.3,1440004581519,"26,465",100% bearish,of 2 ratings,$48
FCLF,$9.2037,1440004581544,302,Not yet rated,NULL,N/A
FCBC,$18.1,1440004581578,"2,873",Not yet rated,NULL,$18
FCFP,$6.9069,1440004581674,"1,000",Not yet rated,NULL,N/A
FDEF,$37.7,1440004581705,"11,426",Not yet rated,NULL,$38
FCCO,$12,1440004581735,"11,507",Not yet rated,NULL,$13.25
FBNK,$16.19,1440004581839,"5,153",100% bearish,of 1 rating,$17.50
FFBCW,NULL,1440004581972,0,100% bearish,of 1 rating,N/A
FFNM,NULL,1440004582002,0,Not yet rated,NULL,N/A
FFBC,$19.5,1440004582024,"45,368",67% bearish,of 3 ratings,$20.25
THFF,$33.81,1440004582155,"8,765",Not yet rated,NULL,$35
FFIN,$32.42,1440004582181,"33,514",50% bullish,of 2 ratings,$31.75
FFWM,$21.25,1440004582349,"8,918",Not yet rated,NULL,$24
INBK,$34.77,1440004582380,"4,575",50% bullish,of 2 ratings,$37
FFNW,$12.52,1440004582410,"11,392",Not yet rated,NULL,$14
FIBK,$28.11,1440004582481,"14,978",Not yet rated,NULL,$32
FRME,$26.125,1440004582542,"76,830",Not yet rated,NULL,$26.50
FMBH,$21.75,1440004582633,"2,679",Not yet rated,NULL,N/A
FMBI,$18.57,1440004582706,"67,330",Not yet rated,NULL,$20
FNBC,$35.715,1440004582732,"15,085",Not yet rated,NULL,$41.50
FNWB,$12.2,1440004582921,"1,200",Not yet rated,NULL,N/A
FSFG,NULL,1440004582985,0,Not yet rated,NULL,N/A
FNFG,$9.71,1440004583053,"348,031",80% bullish,of 5 ratings,$9
FSGI,$2.5,1440004583079,"1,702",Not yet rated,NULL,N/A
FSLR,$49.22,1440004583113,"974,880",74% bullish,of 39 ratings,$65
FSBK,$7.77,1440004583213,100,100% bullish,of 1 rating,N/A
BICK,$20.23,1440004583239,266,100% bullish,of 1 rating,N/A
FBZ,NULL,1440004583298,0,Not yet rated,NULL,N/A
FCAN,$25.01,1440004583399,"1,000",Not yet rated,NULL,N/A
FTCS,$38.3725,1440004583579,"7,300",Not yet rated,NULL,N/A
FCA,$21.5201,1440004583677,250,Not yet rated,NULL,N/A
IFV,$18.4496,1440004583703,"228,960",100% bearish,of 1 rating,N/A
FV,$24.6,1440004583735,"671,905",Not yet rated,NULL,N/A
FEMB,NULL,1440004583839,0,Not yet rated,NULL,N/A
FTSM,$59.9499,1440004583866,"2,736",100% bearish,of 1 rating,N/A
FEUZ,$32.05,1440004583911,"1,658",Not yet rated,NULL,N/A
MDIV,$19.768,1440004584011,"96,211",Not yet rated,NULL,N/A
TDIV,$25.61,1440004584145,"43,653",100% bearish,of 1 rating,N/A
FGM,$36.58,1440004584174,"14,813",Not yet rated,NULL,N/A
FTGC,$22.52,1440004584199,"22,827",Not yet rated,NULL,N/A
FHK,$34.5101,1440004584339,"18,697",Not yet rated,NULL,N/A
FTHI,NULL,1440004584364,0,Not yet rated,NULL,N/A
HYLS,$49.798,1440004584439,"29,310",100% bearish,of 1 rating,N/A
FPXI,NULL,1440004584497,0,Not yet rated,NULL,N/A
YDIV,$16.91,1440004584590,"3,386",Not yet rated,NULL,N/A
CU,$12.8199,1440004584757,"3,890",100% bearish,of 1 rating,N/A
SKYY,$30.3501,1440004584782,"17,919",100% bullish,of 1 rating,N/A
PLTM,$6.39,1440004584928,"1,732",100% bearish,of 1 rating,N/A
FTLB,NULL,1440004584957,0,100% bearish,of 1 rating,N/A
FMB,$51.1995,1440004584988,"4,033",Not yet rated,NULL,N/A
FJP,$49.45,1440004585033,"14,101",Not yet rated,NULL,N/A
LMBS,$50.4663,1440004585093,200,Not yet rated,NULL,N/A
CIBR,$19.42,1440004585241,"30,925",Not yet rated,NULL,N/A
QABA,$39.34,1440004585277,"1,477",100% bearish,of 1 rating,N/A
FONE,$35.8301,1440004585322,630,Not yet rated,NULL,N/A
QCLN,$15.7,1440004585477,"12,838",Not yet rated,NULL,N/A
GRID,$34.42,1440004585609,201,100% bearish,of 1 rating,N/A
CARZ,$36.361,1440004585637,606,100% bearish,of 1 rating,N/A
QQEW,$43.83,1440004585817,"43,048",Not yet rated,NULL,N/A
AIRR,$16.8,1440004585923,"2,100",100% bearish,of 1 rating,N/A
QQXT,$42.588,1440004585955,"2,604",Not yet rated,NULL,N/A
QTEC,$41.7799,1440004585982,"10,982",Not yet rated,NULL,N/A
RDVY,$22.32,1440004586014,200,Not yet rated,NULL,N/A
QINC,NULL,1440004586059,0,Not yet rated,NULL,N/A
FTSL,$48.95,1440004586125,"15,812",100% bearish,of 1 rating,N/A
FKO,$22.96,1440004586191,75,Not yet rated,NULL,N/A
FDIV,$46.02,1440004586379,"2,902",100% bearish,of 1 rating,N/A
FSZ,$40.307,1440004586481,"10,874",Not yet rated,NULL,N/A
FTW,NULL,1440004586546,0,Not yet rated,NULL,N/A
FKU,$43.3701,1440004586578,"15,554",Not yet rated,NULL,N/A
TUSA,$26.05,1440004586609,"4,086",Not yet rated,NULL,N/A
FUNC,$8.37,1440004586676,"1,779",Not yet rated,NULL,N/A
FMER,$18.64,1440004586775,"283,136",50% bullish,of 2 ratings,$20
FSV,$31.55,1440004586909,"11,921",Not yet rated,NULL,$33.60
SVVC,$10.77,1440004587016,"4,206",100% bullish,of 1 rating,$26
FPRX,$18.64,1440004587058,"142,824",50% bullish,of 2 ratings,$35
FIVE,$36.81,1440004587098,"128,013",75% bearish,of 4 ratings,$44
FISV,$89.61,1440004587160,"180,322",100% bearish,of 3 ratings,$90
FLKS,$14.23,1440004587256,"18,149",50% bullish,of 2 ratings,$27
FLML,$21.83,1440004587319,"35,281",50% bullish,of 2 ratings,$30
FIVN,$4.2,1440004587423,"138,509",100% bullish,of 1 rating,$8.50
FLXN,$24.26,1440004587499,"28,603",100% bearish,of 1 rating,$39.50
SKOR,$50.01,1440004587605,"1,500",Not yet rated,NULL,N/A
MBSD,$24.89,1440004587677,"9,130",Not yet rated,NULL,N/A
FLXS,$34.2922,1440004587743,"41,317",100% bearish,of 2 ratings,N/A
FLEX,$10.95,1440004587813,"578,618",63% bullish,of 8 ratings,$12
FLDM,$12.84,1440004587878,"120,743",67% bearish,of 3 ratings,$21.50
FLIR,$30.14,1440004587945,"173,292",100% bearish,of 1 rating,$38.50
FFIC,$20.86,1440004588014,"11,182",Not yet rated,NULL,$21
FOMX,$10.48,1440004588081,"65,813",50% bullish,of 2 ratings,$23.50
FOGO,$18.7476,1440004588114,"110,550",50% bullish,of 2 ratings,$25.50
FES,$0.93,1440004588161,"2,201",50% bullish,of 2 ratings,$1
FONR,$9.5,1440004588303,"2,563",100% bullish,of 1 rating,N/A
FORM,$6.38,1440004588331,"56,941",67% bullish,of 3 ratings,$10.50
FORTY,$34.63,1440004588492,"1,016",Not yet rated,NULL,N/A
FTNT,$47.629,1440004588566,"261,390",80% bullish,of 10 ratings,$52
FORR,$32.44,1440004588622,"33,471",Not yet rated,NULL,N/A
FBIO,$2.9876,1440004588674,"50,946",83% bullish,of 6 ratings,N/A
FWRD,$48.59,1440004588765,"148,308",100% bearish,of 1 rating,$50
FORD,$1.03,1440004588823,"122,298",50% bullish,of 2 ratings,N/A
FWP,$26.21,1440004588878,"10,745",100% bearish,of 1 rating,$45
FMI,$20.05,1440004588975,"86,033",100% bearish,of 2 ratings,$27.50
FOSL,$62.34,1440004589078,"255,946",50% bullish,of 4 ratings,$70
FXCB,$17.21,1440004589154,"2,203",Not yet rated,NULL,$19
FOXF,$15.52,1440004589181,"10,274",100% bearish,of 1 rating,$19
FELE,$29.55,1440004589259,"168,598",50% bullish,of 4 ratings,$33
FRAN,$10.49,1440004589317,"261,871",50% bullish,of 4 ratings,$15
FRED,$14.53,1440004589487,"58,204",50% bullish,of 2 ratings,$16.50
FREE,$0.5173,1440004589542,"297,820",92% bullish,of 12 ratings,N/A
RAIL,$21.46,1440004589569,"21,285",100% bearish,of 1 rating,$24.50
FTR,$5.345,1440004589644,"4,956,187",78% bullish,of 27 ratings,$6.25
FEIM,$10.849,1440004589745,551,100% bearish,of 1 rating,N/A
FRPT,$13.99,1440004589823,"161,816",67% bearish,of 3 ratings,$23.50
FTRPR,$104.46,1440004589851,"70,600",100% bearish,of 1 rating,N/A
FRPH,$31.34,1440004590068,100,100% bearish,of 1 rating,N/A
FSBW,NULL,1440004590127,0,Not yet rated,NULL,N/A
FTD,$30.65,1440004590154,"17,045",100% bearish,of 1 rating,$40
FSYS,$6.55,1440004590199,"18,628",67% bullish,of 3 ratings,$10
FCEL,$0.8279,1440004590226,"374,014",88% bullish,of 40 ratings,$2.65
FULL,$3.2,1440004590361,"8,052",67% bearish,of 3 ratings,$4.25
FTEK,$2.1428,1440004590391,"19,365",75% bullish,of 4 ratings,N/A
FULLL,$25.5,1440004590497,400,Not yet rated,NULL,N/A
FLL,$1.56,1440004590595,"12,092",75% bullish,of 4 ratings,$2.825
FULT,$13.065,1440004590687,"176,867",100% bearish,of 1 rating,$13
FSNN,$2.5501,1440004590747,"1,600",67% bullish,of 3 ratings,$6
FXEN,$1.01,1440004590773,"16,465",75% bullish,of 4 ratings,$1.10
FFHL,NULL,1440004590818,0,50% bullish,of 4 ratings,N/A
FXENP,$16.4,1440004590845,300,100% bearish,of 1 rating,N/A
GK,$71.55,1440004591049,"11,029",Not yet rated,NULL,$78
GAIA,$5.98,1440004591155,"7,701",50% bullish,of 2 ratings,$8.50
GALT,$2.1,1440004591225,"83,243",80% bullish,of 5 ratings,N/A
GALTU,NULL,1440004591250,0,100% bearish,of 1 rating,N/A
GLPG,$63.4298,1440004591305,"5,919",100% bullish,of 1 rating,$75
GALTW,NULL,1440004591441,0,100% bullish,of 1 rating,N/A
WILC,$5.1181,1440004591484,100,100% bullish,of 2 ratings,N/A
GALE,$1.415,1440004591573,"359,713",89% bullish,of 47 ratings,$4
GLMD,$8.7668,1440004591621,"9,300",67% bullish,of 3 ratings,$20.50
GRMN,$39.685,1440004591719,"214,603",50% bullish,of 6 ratings,$48
GLPI,$33.3032,1440004591746,"119,737",100% bearish,of 1 rating,$37.50
GGACR,NULL,1440004591777,0,100% bullish,of 1 rating,N/A
GPIC,$11.39,1440004591805,210,100% bearish,of 1 rating,N/A
GGAC,NULL,1440004591875,0,100% bearish,of 1 rating,N/A
GGACU,NULL,1440004592049,0,Not yet rated,NULL,N/A
GGACW,NULL,1440004592086,0,Not yet rated,NULL,N/A
GARS,$14.7611,1440004592153,"9,850",Not yet rated,NULL,$16
GENC,$9.4315,1440004592223,297,100% bearish,of 1 rating,N/A
GFN,$3.835,1440004592283,"11,498",100% bearish,of 2 ratings,$8
GNCMA,$17.63,1440004592309,"34,878",100% bearish,of 1 rating,$12
GFNCP,NULL,1440004592354,0,Not yet rated,NULL,N/A
GENE,$2.6595,1440004592584,"30,852",100% bullish,of 12 ratings,N/A
GNCA,$12.12,1440004592617,"71,904",100% bearish,of 1 rating,$20
GNMK,$9.41,1440004592644,"62,393",67% bullish,of 6 ratings,$14
GFNSL,$26.1,1440004592718,"1,135",Not yet rated,NULL,N/A
GNTX,$15.885,1440004592779,"714,854",Not yet rated,NULL,$20
GHDX,$26.24,1440004592821,"50,258",50% bullish,of 2 ratings,$30
THRM,$46.825,1440004592860,"52,926",75% bearish,of 4 ratings,$55.50
GNVC,$2.3201,1440004593037,"3,880",90% bullish,of 10 ratings,$8.50
GTWN,$18.27,1440004593067,400,Not yet rated,NULL,N/A
GABC,$29.48,1440004593196,"2,135",Not yet rated,NULL,$31.50
GEOS,$15.49,1440004593226,"47,516",100% bearish,of 3 ratings,$25.50
GERN,$3.23,1440004593326,"502,866",88% bullish,of 16 ratings,$5.25
ROCK,$18.51,1440004593426,"30,374",80% bullish,of 5 ratings,$24
GIGM,$0.6207,1440004593454,"15,008",100% bullish,of 2 ratings,N/A
GEVO,$2.47,1440004593484,"1,436,602",75% bullish,of 12 ratings,N/A
GIGA,$1.45,1440004593651,"16,998",100% bearish,of 1 rating,N/A
GILT,$4.525,1440004593682,"12,076",50% bullish,of 2 ratings,N/A
GILD,$116.09,1440004593712,"2,118,587",91% bullish,of 86 ratings,$129
GIII,$68.9358,1440004593817,"52,173",67% bullish,of 3 ratings,$75
GBCI,$27.865,1440004593975,"23,311",50% bullish,of 2 ratings,$31
GLAD,$8.235,1440004594005,"21,255",50% bullish,of 2 ratings,$8.75
GLADO,$25.4,1440004594034,750,Not yet rated,NULL,N/A
GOOD,$15.65,1440004594105,"15,951",Not yet rated,NULL,$19
GOODN,$25.629,1440004594191,"1,000",Not yet rated,NULL,N/A
GOODP,$25.0199,1440004594237,"2,629",Not yet rated,NULL,N/A
GOODO,$25.175,1440004594334,200,Not yet rated,NULL,N/A
GAIN,$7.82,1440004594419,"90,052",100% bullish,of 2 ratings,$8.25
GAINN,$25.1299,1440004594503,"22,400",Not yet rated,NULL,N/A
GAINO,$25.3001,1440004594578,400,Not yet rated,NULL,N/A
LAND,$9.31,1440004594637,"9,509",50% bullish,of 2 ratings,$13.75
GAINP,$26.1,1440004594679,"1,275",Not yet rated,NULL,N/A
GBT,$42.6,1440004594768,"95,458",100% bearish,of 1 rating,N/A
GLBZ,NULL,1440004594813,0,Not yet rated,NULL,N/A
ENT,$12.62,1440004594947,"47,231",100% bearish,of 1 rating,$18
GDEF,NULL,1440004594980,0,Not yet rated,NULL,N/A
GBLI,$26.93,1440004595014,"4,275",Not yet rated,NULL,N/A
GPACU,NULL,1440004595115,0,Not yet rated,NULL,N/A
GSOL,$8.53,1440004595145,"1,100",100% bearish,of 1 rating,N/A
QQQC,$20.9134,1440004595250,"1,088",100% bearish,of 1 rating,N/A
SOCL,$18.2601,1440004595277,"9,660",100% bullish,of 2 ratings,N/A
ACTX,$14.0447,1440004595302,190,100% bullish,of 1 rating,N/A
ALTY,NULL,1440004595449,0,Not yet rated,NULL,N/A
GAI,$5.42,1440004595579,"2,137",50% bullish,of 2 ratings,N/A
YLCO,NULL,1440004595644,0,Not yet rated,NULL,N/A
SRET,$13.8599,1440004595677,615,Not yet rated,NULL,N/A
GSM,$13.55,1440004595740,"88,743",50% bullish,of 2 ratings,$24.50
GLBS,$1.15,1440004595772,100,67% bullish,of 3 ratings,N/A
GBIM,$2.1214,1440004595804,"9,750",50% bullish,of 2 ratings,N/A
GLRI,$1.22,1440004595933,"2,600",100% bearish,of 1 rating,$6
GLUU,$4.665,1440004595959,"576,034",92% bullish,of 26 ratings,$9
GOGO,$16.15,1440004596107,"158,785",80% bullish,of 5 ratings,$25
GLYC,$7.26,1440004596138,"1,600",50% bullish,of 2 ratings,$14
GLNG,$37.7201,1440004596168,"240,265",83% bullish,of 6 ratings,$58
GMLP,$19.67,1440004596274,"128,932",50% bullish,of 4 ratings,$32.50
GOGL,$3.4,1440004596337,"150,081",75% bullish,of 4 ratings,$5
GLDC,$4.149,1440004596370,400,50% bullish,of 2 ratings,N/A
GDEN,$9.05,1440004596505,"10,377",50% bullish,of 2 ratings,N/A
GOOG,$661.11,1440004596566,"364,932",89% bullish,of 65 ratings,$795
GTIM,$6.955,1440004596664,"9,718",Not yet rated,NULL,$11.50
GBDC,$16.53,1440004596713,"32,361",Not yet rated,NULL,$17.75
GPRO,$55.3501,1440004596742,"2,445,755",79% bullish,of 58 ratings,$72
GOOGL,$694.19,1440004596764,"474,123",88% bullish,of 1078 ratings,$747
GPIA,NULL,1440004596938,0,Not yet rated,NULL,N/A
GMAN,$4.61,1440004596966,"11,354",60% bullish,of 5 ratings,$8
LOPE,$38.09,1440004597117,"116,840",100% bearish,of 2 ratings,$50
GPIAW,NULL,1440004597166,0,Not yet rated,NULL,N/A
GRVY,$3.673,1440004597195,975,50% bullish,of 2 ratings,N/A
GPIAU,NULL,1440004597250,0,Not yet rated,NULL,N/A
GBSN,$2.21,1440004597454,"46,625",100% bearish,of 1 rating,$8.25
GNBC,$12.94,1440004597586,"1,149",100% bearish,of 1 rating,$17
GSBC,$41.54,1440004597617,"6,252",100% bullish,of 1 rating,$44
GRBK,$14.16,1440004597650,"58,354",77% bullish,of 13 ratings,N/A
GBSNU,$16.8,1440004597673,"1,640",Not yet rated,NULL,N/A
GLDD,$5.79,1440004597750,"104,617",100% bearish,of 4 ratings,$7.75
GPRE,$21.13,1440004597812,"130,248",67% bullish,of 6 ratings,$28.50
GPP,$14.8,1440004597853,"1,760",Not yet rated,NULL,$20.50
GCBC,NULL,1440004597911,0,100% bullish,of 1 rating,N/A
GLRE,$26.625,1440004598055,"38,454",100% bullish,of 1 rating,$41
GRFS,$31.81,1440004598186,"77,278",50% bullish,of 2 ratings,$35
GRIF,NULL,1440004598216,0,100% bearish,of 1 rating,N/A
GRPN,$4.21,1440004598320,"2,794,507",61% bullish,of 71 ratings,$6.75
GSIG,$13.43,1440004598350,"4,314",100% bearish,of 2 ratings,N/A
GGAL,$19.82,1440004598380,"105,427",80% bullish,of 5 ratings,$40
OMAB,$41.45,1440004598402,"4,444",100% bullish,of 1 rating,$44
GSVC,$9.55,1440004598558,"6,619",50% bullish,of 2 ratings,$14.50
GSIT,$4.85,1440004598611,"45,902",100% bearish,of 1 rating,N/A
GTXI,$0.949,1440004598702,"34,741",100% bullish,of 5 ratings,$.75
GBNK,$16.03,1440004598832,"4,825",100% bearish,of 1 rating,$18
GUID,$8.67,1440004598894,"20,602",100% bearish,of 3 ratings,$10
GULTU,$0.3102,1440004598920,"996,881",100% bearish,of 1 rating,N/A
GFED,NULL,1440004598963,0,Not yet rated,NULL,$17
GIFI,$12.89,1440004599066,"37,574",100% bearish,of 1 rating,$16
GPOR,$33.72,1440004599128,"653,923",75% bullish,of 4 ratings,$55
GURE,$1.805,1440004599154,"48,578",88% bullish,of 8 ratings,N/A
GYRO,$3,1440004599416,"1,044",100% bearish,of 1 rating,N/A
GWGH,NULL,1440004599450,0,100% bearish,of 1 rating,$15.05
GWPH,$113.21,1440004599472,"47,197",78% bullish,of 9 ratings,$148.50
HNRG,$7.43,1440004599508,"20,751",100% bearish,of 1 rating,$10
HLG,$9.4966,1440004599548,"3,103",100% bearish,of 1 rating,N/A
HEES,$16.973,1440004599603,"109,392",67% bearish,of 3 ratings,$31
HALL,$11.78,1440004599736,"8,286",Not yet rated,NULL,N/A
HALO,$18.48,1440004599766,"538,219",67% bullish,of 3 ratings,$22.50
HBK,$13.7,1440004599867,100,50% bullish,of 2 ratings,N/A
HBHCL,$24.57,1440004600060,"11,597",Not yet rated,NULL,N/A
HBHC,$28.53,1440004600088,"126,560",50% bullish,of 2 ratings,$30
HMPR,$1.9214,1440004600128,"6,985",100% bullish,of 1 rating,N/A
HAFC,$25.59,1440004600220,"49,087",100% bullish,of 2 ratings,$28.50
HNSN,$0.515,1440004600247,"25,820",88% bullish,of 8 ratings,$.40
HNH,$28.6,1440004600280,"8,975",100% bullish,of 1 rating,N/A
HQCL,$10.31,1440004600376,"4,445",67% bullish,of 3 ratings,N/A
HDNG,$10.75,1440004600411,"3,500",50% bullish,of 4 ratings,N/A
HLIT,$5.875,1440004600609,"74,119",100% bearish,of 1 rating,$6.50
HRMNW,NULL,1440004600665,0,Not yet rated,NULL,N/A
HRMNU,NULL,1440004600691,0,Not yet rated,NULL,N/A
HRMN,NULL,1440004600718,0,Not yet rated,NULL,N/A
TINY,$2.49,1440004600847,"10,500",50% bullish,of 2 ratings,$5.26
HBIO,$4.5,1440004600914,"7,083",Not yet rated,NULL,$10
HART,$0.6104,1440004600943,"77,603",100% bearish,of 1 rating,N/A
HCAP,$12.2179,1440004601016,"3,225",50% bullish,of 2 ratings,$15
HAS,$79.26,1440004601114,"213,197",63% bullish,of 8 ratings,$84.50
HCAPL,NULL,1440004601151,0,Not yet rated,NULL,N/A
HCOM,$22.76,1440004601247,"1,854",100% bearish,of 1 rating,$28
HA,$25.57,1440004601275,"142,554",67% bullish,of 9 ratings,$27
HWKN,$36.045,1440004601408,"5,401",Not yet rated,NULL,N/A
HWBK,NULL,1440004601466,0,100% bearish,of 1 rating,N/A
HDS,$34.56,1440004601545,"223,379",100% bearish,of 2 ratings,$39.50
HAYN,$39.31,1440004601572,"11,149",100% bearish,of 1 rating,$59
HQY,$32.77,1440004601703,"74,298",67% bullish,of 3 ratings,$31
HIIQ,$4.6345,1440004601729,"16,071",50% bullish,of 2 ratings,$7
HCSG,$34.45,1440004601789,"106,150",50% bullish,of 4 ratings,$35
HSTM,$25.3001,1440004601922,"33,309",50% bullish,of 2 ratings,$33.75
HTLD,$21.05,1440004601952,"69,680",Not yet rated,NULL,$22.50
HWAY,$12.48,1440004601989,"113,152",100% bearish,of 1 rating,$15
HTWR,$88.54,1440004602017,"43,536",50% bullish,of 2 ratings,$103
HTBX,$5.65,1440004602150,"9,165",50% bullish,of 2 ratings,$15.50
HTLF,$37.51,1440004602280,"6,968",100% bullish,of 1 rating,$39.50
HSII,$20.18,1440004602308,"14,996",100% bullish,of 3 ratings,$25
HELE,$92.08,1440004602333,"55,134",67% bearish,of 3 ratings,$100
HMNY,$2.31,1440004602536,100,100% bearish,of 1 rating,N/A
HMTV,$13.07,1440004602603,"10,098",100% bearish,of 1 rating,$16
HCACU,$9.9801,1440004602628,"2,100",Not yet rated,NULL,N/A
HNNA,$23.25,1440004602659,450,Not yet rated,NULL,N/A
HTBK,$11,1440004602794,"2,825",Not yet rated,NULL,$12
HSIC,$146.74,1440004602821,"116,737",83% bullish,of 6 ratings,$146
HERO,$0.0713,1440004602846,"902,297",81% bullish,of 16 ratings,$.75
HFWA,$18.3999,1440004602877,"7,702",100% bullish,of 1 rating,$20
HEOP,$7.93,1440004603022,"2,344",Not yet rated,NULL,$8.50
HCCI,$12.32,1440004603094,"1,486",100% bearish,of 1 rating,$16.50
MLHR,$29.29,1440004603154,"48,568",50% bullish,of 2 ratings,$33.50
HRTX,$32.4429,1440004603247,"91,254",67% bullish,of 6 ratings,$41
HSKA,$34.72,1440004603348,"15,044",100% bearish,of 1 rating,$38
HFFC,NULL,1440004603405,0,Not yet rated,NULL,N/A
HIBB,$40.15,1440004603431,"100,467",100% bearish,of 1 rating,$48.50
HIMX,$6.66,1440004603621,"840,338",85% bullish,of 20 ratings,$8.50
HPJ,$2.72,1440004603651,"9,827",75% bullish,of 4 ratings,$12.43
HSGX,$6.53,1440004603682,"2,349",100% bearish,of 1 rating,$17
HIFS,$116,1440004603704,"2,529",Not yet rated,NULL,N/A
HIHO,$4.2201,1440004603734,"12,541",Not yet rated,NULL,N/A
HMSY,$9.52,1440004603992,"268,503",67% bullish,of 3 ratings,$19.35
HMNF,$11.4,1440004604048,4,Not yet rated,NULL,N/A
HOLI,$17.74,1440004604150,"107,799",50% bullish,of 4 ratings,$27
HOLX,$41.99,1440004604179,"458,462",67% bullish,of 3 ratings,$42
HBCP,$24.33,1440004604222,"3,220",Not yet rated,NULL,$29
HOMB,$40.75,1440004604282,"30,337",Not yet rated,NULL,$41
AWAY,$31.05,1440004604579,"466,062",67% bullish,of 3 ratings,$36
HFBL,NULL,1440004604609,0,Not yet rated,NULL,N/A
HMIN,$29.28,1440004604631,"45,145",100% bearish,of 2 ratings,$35
HKTV,$5.15,1440004604761,"18,000",100% bearish,of 1 rating,N/A
HMST,$21.82,1440004604792,"24,836",100% bullish,of 2 ratings,$27
HTBI,$18.68,1440004604814,"5,607",67% bullish,of 3 ratings,$18.625
CETC,$0.824,1440004604836,"30,274",86% bullish,of 7 ratings,N/A
HOFT,$24.63,1440004604876,"7,730",100% bearish,of 1 rating,N/A
HFBC,$11.65,1440004605119,"1,502",Not yet rated,NULL,N/A
HBNC,$25.08,1440004605210,"4,868",100% bullish,of 1 rating,$27
HRZN,$10.905,1440004605291,"14,507",100% bearish,of 1 rating,$14.25
HZNP,$31.43,1440004605316,"366,266",85% bullish,of 20 ratings,$40
ZINC,$7.6501,1440004605482,"392,198",100% bearish,of 1 rating,$17
HDP,$26.4,1440004605533,"92,224",67% bearish,of 3 ratings,$30.50
HMHC,$22.52,1440004605558,"144,688",Not yet rated,NULL,$27
HWCC,$7.33,1440004605617,"9,705",100% bearish,of 1 rating,$9
HOVNP,$5.4501,1440004605649,"7,750",100% bearish,of 1 rating,N/A
HSNI,$63.14,1440004605678,"44,662",Not yet rated,NULL,$80
HBMD,$14.1475,1440004605748,186,100% bearish,of 1 rating,N/A
HUBG,$41,1440004605780,"34,650",100% bearish,of 1 rating,$43
HTGM,$5.705,1440004606012,"5,400",100% bearish,of 1 rating,$19.50
HCBK,$10.28,1440004606073,"306,233",83% bullish,of 6 ratings,$8.61
HDSN,$2.9699,1440004606141,"22,026",100% bullish,of 1 rating,$6.25
HSON,$3.032,1440004606167,"8,162",100% bearish,of 1 rating,$5
HURC,$30.415,1440004606378,"5,177",100% bearish,of 1 rating,N/A
HBAN,$11.73,1440004606408,"2,410,877",76% bullish,of 17 ratings,$12.50
HBANP,$1345,1440004606430,28,100% bearish,of 1 rating,N/A
HURN,$75.34,1440004606560,"11,677",50% bullish,of 2 ratings,$80
HBP,$3.25,1440004606590,"1,080",100% bullish,of 1 rating,N/A
HTCH,$1.67,1440004606648,"17,417",100% bearish,of 1 rating,$3.50
HDRA,NULL,1440004606694,0,Not yet rated,NULL,N/A
HDRAR,NULL,1440004606725,0,Not yet rated,NULL,N/A
HDRAU,$10.2,1440004606828,100,Not yet rated,NULL,N/A
HDRAW,NULL,1440004606924,0,Not yet rated,NULL,N/A
IDSY,$3.92,1440004607054,"15,086",100% bearish,of 1 rating,$7
HYGS,$7.54,1440004607131,"13,516",50% bullish,of 2 ratings,$13
IKGH,$1.85,1440004607198,"59,952",75% bullish,of 4 ratings,N/A
IBKC,$63.12,1440004607226,"55,619",100% bullish,of 1 rating,$70
IACI,$73.65,1440004607262,"175,640",75% bullish,of 4 ratings,$90
IEP,$72.09,1440004607414,"35,889",75% bullish,of 4 ratings,$99
ICLR,$80.32,1440004607440,"255,682",100% bearish,of 3 ratings,$85
ICFI,$36.22,1440004607494,"18,710",50% bullish,of 2 ratings,$48.50
ICAD,$3.51,1440004607583,"25,889",50% bullish,of 2 ratings,$7.25
IPWR,$7.83,1440004607663,740,100% bullish,of 1 rating,$15
ICON,$13.01,1440004607698,"231,989",50% bullish,of 2 ratings,$18.50
ICUI,$121.7,1440004607725,"21,022",Not yet rated,NULL,$122
INVE,$4.59,1440004607794,"99,804",75% bullish,of 4 ratings,$4
IDRA,$2.55,1440004607929,"628,271",89% bullish,of 9 ratings,$6.50
IDXX,$78.58,1440004607958,"133,884",100% bearish,of 1 rating,$77
DSKY,$12.14,1440004608140,"29,442",67% bullish,of 6 ratings,$11.50
IROQ,NULL,1440004608197,0,100% bullish,of 1 rating,N/A
RXDX,$13.1279,1440004608243,"48,551",100% bullish,of 1 rating,$20
IRG,$4.42,1440004608274,"2,200",100% bearish,of 1 rating,$4.50
IIVI,$17.75,1440004608371,"37,187",100% bearish,of 1 rating,$22
IKAN,$2.72,1440004608438,"7,770",83% bullish,of 6 ratings,$5
KANG,$16.23,1440004608470,"85,496",50% bullish,of 2 ratings,$22.55
ILMN,$206.87,1440004608499,"191,404",80% bullish,of 5 ratings,$240
IKNX,$11.45,1440004608569,"1,994",100% bearish,of 1 rating,N/A
ISNS,$4.108,1440004608699,"3,700",50% bullish,of 2 ratings,N/A
IMMR,$12.24,1440004608726,"44,525",80% bullish,of 5 ratings,$15.50
IMDZ,$16.46,1440004608858,"43,631",100% bearish,of 1 rating,$33
ICCC,$8.11,1440004608915,"33,476",100% bullish,of 1 rating,N/A
IMNP,$1.46,1440004608941,"115,825",50% bullish,of 2 ratings,$6
IMGN,$13.17,1440004609020,"278,319",75% bullish,of 4 ratings,$17.50
IMMY,$7.7,1440004609230,803,100% bearish,of 1 rating,$11
IMMU,$1.865,1440004609260,"263,603",86% bullish,of 7 ratings,$2
IPXL,$46.75,1440004609294,"241,269",67% bullish,of 3 ratings,$46.50
INCR,$44,1440004609329,"122,615",50% bullish,of 2 ratings,$53
INCY,$112.1,1440004609393,"337,498",50% bullish,of 6 ratings,$125.50
SAAS,$7.88,1440004609423,"140,329",50% bullish,of 2 ratings,$15
INDB,$48,1440004609479,"27,869",Not yet rated,NULL,$44
IBCP,$14.62,1440004609620,"14,335",100% bullish,of 1 rating,$14.50
IDSA,$3.69,1440004609877,302,Not yet rated,NULL,N/A
INFI,$9.29,1440004609970,"165,001",50% bullish,of 4 ratings,$18
IPCC,$80.73,1440004610022,"6,042",Not yet rated,NULL,$77.50
III,$4.25,1440004610047,"23,881",57% bullish,of 7 ratings,$6
INFN,$24.68,1440004610103,"403,195",71% bullish,of 7 ratings,$28
IBTX,$43.79,1440004610133,"6,651",100% bullish,of 2 ratings,$47.25
IFON,$1.3,1440004610192,"67,382",75% bullish,of 4 ratings,N/A
IMKTA,$54.32,1440004610232,"35,968",100% bearish,of 1 rating,N/A
INWK,$7.61,1440004610438,"23,645",50% bullish,of 2 ratings,$10
INOD,$2.545,1440004610468,"26,100",100% bearish,of 1 rating,N/A
ISSC,$3.02,1440004610568,500,67% bearish,of 3 ratings,N/A
INNL,$13.06,1440004610601,"3,244",100% bearish,of 1 rating,$16.50
IPHS,$48.77,1440004610631,"25,653",100% bearish,of 1 rating,$60
INGN,$50.78,1440004610668,"32,319",100% bearish,of 1 rating,$50.50
IOSP,$46.59,1440004610694,"29,404",100% bearish,of 1 rating,N/A
ITEK,$15.56,1440004611020,"299,677",67% bearish,of 3 ratings,$20
NSIT,$26.27,1440004611077,"27,858",50% bullish,of 2 ratings,N/A
INOV,$21.41,1440004611124,"47,766",100% bearish,of 1 rating,$33
INO,$7.28,1440004611161,"291,656",89% bullish,of 18 ratings,$20
ISIG,$2.537,1440004611184,"5,350",100% bearish,of 1 rating,N/A
INSM,$27.45,1440004611216,"43,346",71% bullish,of 7 ratings,$32
PODD,$30.34,1440004611257,"86,737",50% bullish,of 2 ratings,$35
IIIN,$17.8,1440004611288,"6,842",100% bearish,of 2 ratings,N/A
INSY,$34.02,1440004611550,"234,608",75% bullish,of 4 ratings,$48
IART,$61.88,1440004611685,"49,209",100% bearish,of 1 rating,$71.50
IDTI,$18.27,1440004611711,"785,115",60% bullish,of 5 ratings,$25
NTEC,$5.89,1440004611736,"10,880",Not yet rated,NULL,N/A
INTC,$28.405,1440004611894,"9,909,911",82% bullish,of 238 ratings,$36
ISSI,$22.3,1440004611975,"187,647",67% bullish,of 3 ratings,$19.75
IESC,$7.2,1440004612007,"2,754",100% bearish,of 1 rating,N/A
IQNT,$20.14,1440004612035,"244,108",86% bullish,of 7 ratings,$20
IBKR,$41.85,1440004612107,"75,480",100% bullish,of 1 rating,N/A
IPAR,$28.625,1440004612171,"19,834",67% bullish,of 3 ratings,$38
ININ,$39.875,1440004612238,"33,985",67% bearish,of 3 ratings,$57
IPCI,$2.15,1440004612271,"21,271",67% bullish,of 6 ratings,$7.75
ICPT,$207.5,1440004612409,"70,544",70% bullish,of 10 ratings,$363
ICLD,$1.88,1440004612443,"137,737",75% bullish,of 4 ratings,N/A
ICLDW,NULL,1440004612552,0,100% bearish,of 1 rating,N/A
IDCC,$49.6105,1440004612578,"54,728",80% bullish,of 5 ratings,$63
TILE,$25.7075,1440004612802,"108,417",67% bearish,of 3 ratings,$27
IMI,$2.04,1440004612831,"1,330",67% bullish,of 3 ratings,$2.22
INAP,$8.71,1440004612853,"57,318",75% bullish,of 4 ratings,$11
IBOC,$27.42,1440004612889,"20,504",100% bearish,of 1 rating,N/A
IIJI,NULL,1440004612990,0,50% bullish,of 2 ratings,$11.50
ISCA,$33.15,1440004613021,"17,343",100% bearish,of 1 rating,N/A
IGLD,$7.5101,1440004613045,"1,605",50% bullish,of 2 ratings,N/A
PTNT,$3,1440004613077,"7,600",Not yet rated,NULL,N/A
ISIL,$10.72,1440004613331,"400,757",50% bullish,of 6 ratings,$15
INPH,$0.33,1440004613357,200,50% bullish,of 2 ratings,N/A
XENT,$29.6,1440004613379,"61,173",50% bullish,of 2 ratings,$36.50
INTX,$2.48,1440004613408,"21,217",67% bullish,of 3 ratings,N/A
IVAC,$4.865,1440004613546,"7,400",Not yet rated,NULL,$6.625
IILG,$21.24,1440004613653,"23,952",100% bearish,of 1 rating,$30.50
INTU,$106.128,1440004613848,"435,251",100% bullish,of 7 ratings,$107.50
INTLL,$25.94,1440004613876,133,Not yet rated,NULL,N/A
ISRG,$526.345,1440004613913,"69,623",67% bullish,of 3 ratings,$600
ITCI,$30.28,1440004613935,"164,889",75% bearish,of 4 ratings,$40
IIN,NULL,1440004613974,0,100% bearish,of 1 rating,$12
INTL,$27.65,1440004614003,"22,929",67% bearish,of 3 ratings,N/A
INVT,$0.285,1440004614067,"7,679",67% bullish,of 3 ratings,N/A
SNAK,$8.85,1440004614205,"34,986",50% bullish,of 2 ratings,$14
ISTR,$15.75,1440004614393,989,100% bearish,of 1 rating,$18.50
ISBC,$12.29,1440004614435,"370,276",100% bullish,of 1 rating,$13.25
ITIC,NULL,1440004614630,0,100% bearish,of 2 ratings,N/A
DTUL,NULL,1440004614689,0,Not yet rated,NULL,N/A
NVIV,$10.8,1440004614724,"155,518",50% bullish,of 4 ratings,$24.50
IVTY,$11.84,1440004614759,"9,572",Not yet rated,NULL,$18
IPAS,$1.07,1440004614819,"40,304",67% bullish,of 3 ratings,N/A
DFVL,NULL,1440004614844,0,Not yet rated,NULL,N/A
IPCM,$79.31,1440004614991,"252,868",50% bullish,of 2 ratings,$80.125
IPGP,$92.1,1440004615023,"136,609",100% bearish,of 2 ratings,$109.50
IRDM,$6.81,1440004615080,"179,484",60% bullish,of 5 ratings,$11.50
IRIX,$7.11,1440004615123,"4,200",100% bearish,of 1 rating,N/A
IRMD,$26.4173,1440004615153,"6,961",67% bearish,of 3 ratings,$25
IRDMB,$267.2325,1440004615256,220,67% bearish,of 3 ratings,N/A
IRBT,$30.9,1440004615470,"66,090",67% bullish,of 6 ratings,$37
IRWD,$11.46,1440004615538,"218,516",100% bearish,of 1 rating,$13
COMT,$32.8469,1440004615602,"5,434",100% bearish,of 1 rating,N/A
IRCP,NULL,1440004615667,0,100% bullish,of 2 ratings,N/A
GNMA,$50.098,1440004615692,"2,695",Not yet rated,NULL,N/A
IFAS,NULL,1440004615748,0,Not yet rated,NULL,N/A
IFEU,$39.905,1440004615779,"38,344",Not yet rated,NULL,N/A
FCHI,$48.6487,1440004615886,"1,114",Not yet rated,NULL,N/A
IFGL,$29.85,1440004615940,"19,465",Not yet rated,NULL,N/A
IFNA,NULL,1440004616072,0,Not yet rated,NULL,N/A
ACWX,$42.3499,1440004616132,"151,800",100% bearish,of 1 rating,N/A
ACWI,$58.36,1440004616157,"238,050",Not yet rated,NULL,N/A
AXJS,NULL,1440004616296,0,Not yet rated,NULL,N/A
AAXJ,$54.89,1440004616376,"460,632",Not yet rated,NULL,N/A
AAIT,$30.49,1440004616447,100,100% bullish,of 1 rating,N/A
EEMA,$51.7167,1440004616546,"11,962",Not yet rated,NULL,N/A
EGRW,$48.5,1440004616684,100,Not yet rated,NULL,N/A
EEME,NULL,1440004616714,0,100% bearish,of 1 rating,N/A
EMDI,$46.055,1440004616736,200,Not yet rated,NULL,N/A
EEML,$28.1267,1440004616773,"1,300",Not yet rated,NULL,N/A
EMEY,$25.31,1440004616863,300,Not yet rated,NULL,N/A
EUFN,$22.8703,1440004616891,"60,734",100% bearish,of 1 rating,N/A
EVAL,$37.18,1440004616917,447,Not yet rated,NULL,N/A
IEUS,$46.87,1440004617052,"4,222",100% bearish,of 1 rating,N/A
QAT,NULL,1440004617102,0,Not yet rated,NULL,N/A
IBB,$365.55,1440004617138,"404,423",63% bullish,of 8 ratings,N/A
UAE,$18.5508,1440004617166,"5,965",Not yet rated,NULL,N/A
SOXX,$83.89,1440004617432,"132,203",50% bullish,of 2 ratings,N/A
EMIF,$29.24,1440004617530,"10,025",Not yet rated,NULL,N/A
ICLN,$10.04,1440004617667,"80,153",50% bullish,of 2 ratings,N/A
WOOD,$50.7875,1440004617699,"3,546",50% bullish,of 2 ratings,N/A
ISHG,$78.6854,1440004617720,"1,562",100% bearish,of 1 rating,N/A
INDY,$29.64,1440004617751,"107,372",100% bullish,of 1 rating,N/A
ISIS,$50.46,1440004617779,"365,602",53% bullish,of 15 ratings,$67
IGOV,$90.26,1440004617805,"9,544",100% bearish,of 1 rating,N/A
ISLE,$18.62,1440004617938,"85,793",50% bullish,of 4 ratings,$16
ISRL,$138,1440004618099,34,100% bearish,of 1 rating,N/A
ITRN,$25.3924,1440004618132,386,50% bullish,of 2 ratings,N/A
ITRI,$33,1440004618164,"94,184",Not yet rated,NULL,$37
XXIA,$15.67,1440004618194,"94,358",71% bullish,of 7 ratings,$14.625
ITUS,NULL,1440004618232,0,Not yet rated,NULL,N/A
IXYS,$10.6089,1440004618298,"80,095",50% bullish,of 4 ratings,N/A
JJSF,$118.53,1440004618540,"13,908",100% bearish,of 1 rating,N/A
JASO,$8,1440004618669,"435,607",82% bullish,of 17 ratings,$10
JBHT,$79.35,1440004618697,"273,689",50% bullish,of 4 ratings,$89.50
MAYS,NULL,1440004618719,0,Not yet rated,NULL,N/A
JCOM,$72.88,1440004618765,"25,569",100% bullish,of 2 ratings,$77
JACK,$85.81,1440004618873,"159,937",83% bullish,of 6 ratings,$105
JXSB,NULL,1440004618901,0,Not yet rated,NULL,N/A
JKHY,$71.06,1440004618923,"37,205",50% bullish,of 2 ratings,$72
JAXB,NULL,1440004619103,0,100% bullish,of 1 rating,N/A
JAGX,NULL,1440004619244,0,Not yet rated,NULL,N/A
JRVR,$26.86,1440004619267,"7,682",Not yet rated,NULL,$32
JMBA,$13.46,1440004619297,"31,115",75% bullish,of 4 ratings,$18
JAKK,$9.28,1440004619326,"151,442",60% bearish,of 5 ratings,$10.50
ERW,NULL,1440004619351,0,Not yet rated,NULL,N/A
JASN,$5.14,1440004619595,"5,100",50% bullish,of 2 ratings,$9.50
JASNW,$0.21,1440004619642,"2,000",50% bullish,of 2 ratings,N/A
JTPY,$2.98,1440004619774,400,100% bearish,of 1 rating,N/A
JAZZ,$186.212,1440004619804,"98,592",80% bullish,of 15 ratings,$206.50
JD,$26.605,1440004619904,"2,963,203",75% bullish,of 16 ratings,$36
JBLU,$24.07,1440004619931,"1,591,012",94% bullish,of 16 ratings,$27
JST,$4.2501,1440004620009,"10,441",75% bullish,of 4 ratings,N/A
DATE,$6.55,1440004620071,"17,954",75% bullish,of 4 ratings,$9
JCTCF,NULL,1440004620097,0,100% bullish,of 1 rating,N/A
JIVE,$4.08,1440004620228,"118,941",75% bullish,of 4 ratings,$5
WYIGU,$10.0434,1440004620261,"1,000",Not yet rated,NULL,N/A
JOEZ,$0.176,1440004620327,"42,442",92% bullish,of 12 ratings,N/A
JOUT,$26.8,1440004620357,"3,175",100% bearish,of 1 rating,$34
JBSS,$48.48,1440004620386,"6,682",67% bearish,of 3 ratings,N/A
JNP,$9.96,1440004620568,"9,357",100% bullish,of 3 ratings,$15
JUNO,$40.62,1440004620626,"719,210",73% bullish,of 11 ratings,$71.50
KTWO,$21.615,1440004620783,"28,086",100% bearish,of 1 rating,$28.50
KMDA,NULL,1440004620830,0,50% bullish,of 2 ratings,$8
KALU,$84.07,1440004620857,"43,999",67% bearish,of 3 ratings,$91
KBIO,$1.97,1440004620926,"9,902",50% bullish,of 4 ratings,N/A
KPTI,$13.395,1440004621082,"181,211",67% bearish,of 3 ratings,$41
KNDI,$8.06,1440004621115,"727,214",86% bullish,of 22 ratings,N/A
KCLI,$47.81,1440004621143,"2,964",Not yet rated,NULL,N/A
KBSF,$3.7799,1440004621214,800,100% bullish,of 1 rating,N/A
KELYA,$14.95,1440004621425,"34,566",67% bullish,of 6 ratings,$20
KRNY,$11.77,1440004621461,"114,562",100% bearish,of 1 rating,$12
KCAP,$4.79,1440004621564,"34,088",75% bullish,of 4 ratings,$6
KELYB,NULL,1440004621593,0,50% bullish,of 2 ratings,N/A
KMPH,$21.26,1440004621695,"21,043",100% bearish,of 2 ratings,$22
GMCR,$49.42,1440004621919,"903,775",71% bullish,of 42 ratings,$64
KERX,$6.0601,1440004621941,"336,893",82% bullish,of 11 ratings,$12
