Symbol,Price,Date,Volume,Rating,RatingVoteCount,OneYearEstimate
TFSCU,NULL,1440097802475,0,Not yet rated,NULL,N/A
TFSCR,NULL,1440097802500,0,Not yet rated,NULL,N/A
PIH,$7.5401,1440097802531,"4,440",100% bearish,of 1 rating,N/A
FCCY,$11.45,1440097802560,902,100% bullish,of 1 rating,$13
TFSC,$9.73,1440097802582,400,100% bearish,of 1 rating,N/A
FCTY,NULL,1440097802603,0,100% bullish,of 1 rating,$8.50
TFSCW,NULL,1440097802635,0,100% bearish,of 1 rating,N/A
VNET,$20,1440097802661,"347,113",60% bullish,of 5 ratings,$29.50
SRCE,$30.19,1440097802877,"7,554",100% bullish,of 3 ratings,$33
FLWS,$9.52,1440097802921,"133,430",100% bullish,of 5 ratings,$15
DSLV,$58.3799,1440097802949,"9,867",100% bearish,of 1 rating,N/A
TWOU,$34.705,1440097802983,"187,175",50% bullish,of 2 ratings,$39
UGLD,$9.7698,1440097803017,"194,629",100% bearish,of 1 rating,N/A
USLV,$15.2982,1440097803038,"282,571",86% bullish,of 7 ratings,N/A
DGLD,$77.41,1440097803072,"13,042",100% bullish,of 1 rating,N/A
JOBS,$25.7386,1440097803101,"169,335",50% bullish,of 4 ratings,$36
SIXD,$2.01,1440097803543,"59,395",Not yet rated,NULL,N/A
CAFD,$15.65,1440097803596,"101,212",Not yet rated,NULL,$25
EGHT,$8.25,1440097803631,"151,862",82% bullish,of 17 ratings,$11
SHLM,$35.542,1440097803654,"48,124",100% bearish,of 1 rating,$50
AVHI,$14,1440097803688,"216,732",100% bearish,of 1 rating,$19
ABY,$20.58,1440097803732,"123,264",100% bearish,of 2 ratings,$46
ABGB,$3.96,1440097803758,"73,853",67% bullish,of 3 ratings,$5.50
ABEO,$5.07,1440097803784,"167,006",67% bullish,of 3 ratings,$15.50
ABAX,$47.615,1440097803939,"94,711",100% bearish,of 1 rating,$60
ABMD,$102.94,1440097803969,"233,615",75% bullish,of 4 ratings,$100.50
AAON,$22.46,1440097803991,"30,674",100% bearish,of 1 rating,$24
ABEOW,$1.71,1440097804120,"1,450",100% bullish,of 1 rating,N/A
ACAD,$36.79,1440097804150,"517,552",80% bullish,of 20 ratings,$48
ACTG,$8.69,1440097804172,"122,428",67% bullish,of 3 ratings,$18.50
AXAS,$1.67,1440097804194,"348,769",78% bullish,of 9 ratings,$3.50
ACHC,$76.87,1440097804231,"360,643",50% bullish,of 2 ratings,$92
ACST,$0.365,1440097804526,"38,300",100% bullish,of 2 ratings,N/A
XLRN,$29.2,1440097804551,"49,923",50% bullish,of 2 ratings,$57
VXDN,$13.65,1440097804706,"3,715",Not yet rated,NULL,N/A
AXDX,$18.52,1440097804732,"107,384",100% bearish,of 1 rating,N/A
ARAY,$5.785,1440097804764,"795,812",100% bearish,of 1 rating,$10.50
ANCX,$19.02,1440097804803,"18,097",Not yet rated,NULL,$19
ACET,$25,1440097804896,"47,227",75% bullish,of 4 ratings,$30
AKAO,$7.14,1440097804925,"51,725",75% bullish,of 4 ratings,$15
ACRX,$4.14,1440097804948,"207,461",67% bearish,of 6 ratings,$5.50
VXUP,$17.96,1440097804980,"17,170",Not yet rated,NULL,N/A
ACOR,$29.28,1440097805176,"147,838",67% bearish,of 3 ratings,$38.50
ACHN,$8.02,1440097805206,"772,725",90% bullish,of 21 ratings,$16
ACNB,$20.15,1440097805231,472,Not yet rated,NULL,N/A
ACIW,$22.23,1440097805262,"150,572",50% bullish,of 2 ratings,$24
ACTS,$1.35,1440097805337,"35,785",100% bearish,of 1 rating,N/A
ACPW,$1.85,1440097805442,"8,035",100% bullish,of 4 ratings,$3.50
ACUR,$0.63,1440097805586,"2,004",100% bullish,of 5 ratings,$1
ACXM,$20.5,1440097805642,"136,646",67% bullish,of 3 ratings,N/A
ADMP,$3.5501,1440097805667,"5,537",50% bullish,of 2 ratings,$10
ATVI,$28.115,1440097805698,"2,574,215",68% bullish,of 84 ratings,$31.50
ADMS,$20.01,1440097805725,"44,864",100% bearish,of 2 ratings,$36
ACTA,$13.31,1440097805798,"71,546",67% bearish,of 3 ratings,$25
ADAP,$15.06,1440097805858,"39,878",67% bullish,of 3 ratings,$22
ADEP,$7.0299,1440097805992,"23,027",50% bullish,of 2 ratings,$10.75
AEY,$2.3858,1440097806024,"3,624",100% bearish,of 2 ratings,N/A
ADMA,$9.35,1440097806138,"2,221",Not yet rated,NULL,$19
ADBE,$83.175,1440097806165,"948,727",65% bullish,of 17 ratings,$90
ADUS,$29.45,1440097806193,"57,599",100% bearish,of 1 rating,$31
ADTN,$15.74,1440097806242,"203,973",67% bullish,of 3 ratings,$17.125
ADRO,$20.29,1440097806379,"136,631",80% bullish,of 5 ratings,$45.50
AEIS,$25.325,1440097806425,"100,054",50% bullish,of 2 ratings,$32.50
AMD,$1.7,1440097806463,"6,377,990",83% bullish,of 102 ratings,$2
MULT,NULL,1440097806489,0,100% bearish,of 1 rating,N/A
ADXS,$14.22,1440097806561,"486,245",64% bullish,of 14 ratings,$27
ADXSW,$9.89,1440097806586,"2,992",100% bullish,of 1 rating,N/A
AEGR,$17.9,1440097806801,"175,140",50% bullish,of 6 ratings,$26
AEGN,$18.6,1440097806862,"118,092",100% bearish,of 1 rating,$21
YPRO,$23.17,1440097806889,"1,727",100% bearish,of 1 rating,N/A
AEHR,$2.14,1440097806912,"2,294",50% bullish,of 2 ratings,N/A
AEPI,$57.62,1440097806963,"5,936",100% bearish,of 1 rating,N/A
AMTX,$3.52,1440097806989,"10,899",50% bullish,of 2 ratings,$26.11
AVAV,$24.63,1440097807178,"85,652",50% bullish,of 4 ratings,$31
AERI,$15.8567,1440097807213,"203,867",75% bullish,of 4 ratings,$31.50
AEMD,$6.6112,1440097807243,"23,718",Not yet rated,NULL,$27.50
AEZS,$0.1105,1440097807269,"5,657,098",90% bullish,of 21 ratings,$1.50
AGEN,$7.26,1440097807320,"432,138",85% bullish,of 13 ratings,$14
AFFX,$9.37,1440097807352,"115,962",80% bullish,of 5 ratings,$12
AFMD,$10.38,1440097807455,"132,910",50% bullish,of 4 ratings,$15
AGRX,$8.285,1440097807488,"26,454",100% bearish,of 1 rating,$17.50
AGYS,$9.6,1440097807623,"15,654",100% bearish,of 1 rating,N/A
AGIO,$85.16,1440097807707,"235,097",88% bullish,of 8 ratings,$114
AIMT,$22.58,1440097807846,"104,997",Not yet rated,NULL,N/A
AGFSW,$1.75,1440097807879,"12,145",100% bearish,of 2 ratings,N/A
AIRM,$37.52,1440097807901,"93,753",80% bearish,of 5 ratings,$53
AGFS,$9.53,1440097807935,"154,560",100% bearish,of 1 rating,N/A
AMCN,$5.02,1440097807977,"335,636",83% bullish,of 6 ratings,N/A
AIRT,$22.5,1440097808036,"2,119",100% bullish,of 1 rating,N/A
AIXG,$6.05,1440097808118,"13,472",67% bearish,of 3 ratings,$6
ATSG,$9.31,1440097808168,"55,473",67% bullish,of 3 ratings,$13
AKBA,$6.45,1440097808300,"183,597",100% bearish,of 1 rating,$18
AKER,$2.8001,1440097808328,"4,727",Not yet rated,NULL,N/A
AKRX,$42,1440097808354,"349,148",78% bullish,of 9 ratings,$56
AKAM,$70.325,1440097808391,"820,878",63% bullish,of 8 ratings,$77
ABDC,$12.8701,1440097808688,"7,086",Not yet rated,NULL,$15
ALSK,$2.145,1440097808718,"39,950",78% bullish,of 18 ratings,$2
ALRM,$16.87,1440097808739,"125,198",100% bearish,of 1 rating,$22
AMRI,$19.79,1440097808761,"159,827",75% bearish,of 4 ratings,$24
ALXN,$180.65,1440097808801,"426,401",88% bullish,of 8 ratings,$223
ADHD,$8.58,1440097808907,"118,107",50% bullish,of 4 ratings,$18
ALDX,$7.52,1440097808936,"8,970",100% bearish,of 1 rating,$14.50
ALDR,$36.71,1440097808962,"185,641",67% bearish,of 3 ratings,$62
ALCO,$42.46,1440097809097,"2,720",50% bullish,of 2 ratings,N/A
ALIM,$3.34,1440097809279,"31,259",80% bullish,of 5 ratings,$10
ALGN,$58.34,1440097809327,"212,744",100% bearish,of 2 ratings,$73
ALXA,$1.0501,1440097809352,"16,420",83% bullish,of 6 ratings,$2.125
ALKS,$63.9,1440097809413,"308,199",67% bullish,of 3 ratings,$75
ALGT,$220.14,1440097809544,"62,072",100% bearish,of 1 rating,$235
ALLB,$23.59,1440097809595,200,Not yet rated,NULL,N/A
AHPI,$1.44,1440097809813,"1,018",50% bullish,of 2 ratings,N/A
ARLP,$24.82,1440097809847,"100,242",67% bearish,of 3 ratings,$32
AFOP,$17.8786,1440097809869,"95,394",75% bullish,of 8 ratings,$21
AHGP,$37.1395,1440097809905,"35,977",67% bullish,of 3 ratings,N/A
AMOT,$16.4,1440097809931,"31,661",100% bearish,of 1 rating,N/A
AIQ,$14.71,1440097809964,"5,625",67% bullish,of 3 ratings,N/A
ALQA,$4.481,1440097810063,"30,447",75% bullish,of 4 ratings,$8.50
ALLT,$5.04,1440097810131,"39,028",75% bullish,of 4 ratings,$6.25
MDRX,$13.91,1440097810203,"851,400",60% bullish,of 5 ratings,$16
ALNY,$104.47,1440097810389,"367,795",67% bullish,of 3 ratings,$148.50
AFAM,$47.25,1440097810463,"43,756",50% bullish,of 2 ratings,$44
SMCP,NULL,1440097810523,0,Not yet rated,NULL,N/A
ASPS,$29.335,1440097810560,"46,804",67% bullish,of 3 ratings,$46.50
ALTR,$48.86,1440097810581,"859,163",80% bearish,of 5 ratings,$54
AOSL,$7.17,1440097810661,"55,208",67% bullish,of 3 ratings,$9
AIMC,$25.74,1440097810690,"16,941",100% bearish,of 1 rating,$28.50
ATEC,$0.58,1440097810766,"44,867",100% bullish,of 1 rating,$2
AMAG,$62.58,1440097810826,"118,727",100% bullish,of 2 ratings,$77.50
AMRN,$2.04,1440097810896,"1,295,972",85% bullish,of 39 ratings,$8
AMRK,NULL,1440097810924,0,50% bullish,of 2 ratings,$14
AYA,$21.9401,1440097810987,"20,441",100% bearish,of 1 rating,$40
AMZN,$519,1440097811077,"1,653,124",81% bullish,of 263 ratings,$646
AMBC,$15.78,1440097811211,"99,435",100% bearish,of 1 rating,$16.50
AMBA,$97.56,1440097811242,"1,377,408",83% bullish,of 12 ratings,$102.50
EPAX,$2.6785,1440097811346,"29,534",100% bearish,of 1 rating,N/A
AMBCW,$7.4,1440097811373,"2,510",100% bearish,of 1 rating,N/A
AMCX,$70.28,1440097811508,"489,088",67% bullish,of 3 ratings,$85.50
DOX,$59.17,1440097811665,"114,066",100% bullish,of 2 ratings,$60
ASBI,$22.65,1440097811699,600,Not yet rated,NULL,N/A
ATAX,$5.26,1440097811768,"72,572",100% bullish,of 1 rating,$6.50
AMED,$41.07,1440097811794,"213,751",100% bearish,of 1 rating,$42
AMDA,$0.476,1440097811826,"938,990",90% bullish,of 10 ratings,$1
UHAL,$370.3,1440097811929,"6,585",100% bullish,of 2 ratings,$393.50
AAL,$41.98,1440097811991,"3,812,922",93% bullish,of 87 ratings,$57
AMOV,$18.2486,1440097812136,"5,926",100% bearish,of 1 rating,N/A
AGNC,$20.035,1440097812166,"2,560,982",75% bullish,of 28 ratings,$22
AGNCP,$25.3701,1440097812201,"26,772",Not yet rated,NULL,N/A
AGNCB,$24.22,1440097812302,"19,636",Not yet rated,NULL,N/A
MTGEP,NULL,1440097812329,0,Not yet rated,NULL,N/A
MTGE,$15.97,1440097812358,"98,463",75% bullish,of 4 ratings,$19.50
ACSF,$12.64,1440097812565,"11,712",100% bearish,of 1 rating,$15
ACAS,$14.12,1440097812658,"688,041",60% bullish,of 5 ratings,$16.75
AETI,NULL,1440097812692,0,67% bearish,of 3 ratings,N/A
AMNB,$22.77,1440097812726,"4,724",Not yet rated,NULL,$25.50
AMIC,NULL,1440097812754,0,Not yet rated,NULL,N/A
ANAT,$102.5,1440097812790,"6,252",100% bullish,of 1 rating,N/A
ANCI,$1.61,1440097812818,"4,200",100% bearish,of 1 rating,N/A
ARII,$38.76,1440097812844,"119,172",67% bearish,of 3 ratings,$45
ASEI,$39.1,1440097813154,"44,968",100% bearish,of 1 rating,$52.50
AMSWA,$9.05,1440097813187,"15,428",100% bearish,of 2 ratings,$10.75
AMRB,$9.9925,1440097813217,"1,717",Not yet rated,NULL,$11
AMSC,$3.6453,1440097813243,"36,841",50% bullish,of 4 ratings,N/A
AMWD,$60.86,1440097813322,"147,231",50% bullish,of 2 ratings,$58
APEI,$21.66,1440097813528,"31,711",100% bearish,of 1 rating,$25.50
CRMT,$42.285,1440097813561,"17,490",100% bearish,of 1 rating,$49
ABCB,$27.7997,1440097813665,"46,603",Not yet rated,NULL,$31
AMSF,$50.64,1440097813692,"33,710",Not yet rated,NULL,$57.50
ATLO,$23.93,1440097813725,"3,263",Not yet rated,NULL,N/A
ASRV,$3.28,1440097813749,"1,725",100% bullish,of 2 ratings,N/A
AMGN,$162.83,1440097813784,"1,118,302",89% bullish,of 19 ratings,$185
ASRVP,$27.97,1440097813822,350,Not yet rated,NULL,N/A
FOLD,$15.33,1440097814007,"394,411",56% bullish,of 9 ratings,$21
AMKR,$4.24,1440097814099,"538,198",100% bearish,of 2 ratings,$5
AMPH,$14.17,1440097814233,"104,201",50% bullish,of 2 ratings,$20
AMSGP,NULL,1440097814366,0,Not yet rated,NULL,N/A
ASYS,$5.28,1440097814401,"37,280",67% bullish,of 3 ratings,$12
AMRS,$1.631,1440097814437,"67,271",70% bullish,of 10 ratings,N/A
ANAC,$130.96,1440097814498,"253,863",80% bullish,of 5 ratings,$180.50
ANAD,$0.3784,1440097814526,"148,351",100% bullish,of 2 ratings,$.50
AFSI,$63.54,1440097814553,"385,202",60% bullish,of 5 ratings,$72
AMSG,$81.84,1440097814575,"142,372",100% bearish,of 1 rating,$85.50
ADI,$54.1,1440097814717,"2,488,010",67% bullish,of 3 ratings,$69
ABCW,$39.845,1440097814886,"8,207",67% bullish,of 3 ratings,N/A
ANCB,NULL,1440097814942,0,Not yet rated,NULL,$23
ALOG,$84.43,1440097814968,"38,500",100% bearish,of 2 ratings,$100.50
AMCF,$0.26,1440097814993,"1,684",100% bullish,of 7 ratings,N/A
ANGI,$4.37,1440097815019,"308,226",64% bullish,of 11 ratings,$5.50
ANIK,$34.95,1440097815300,"44,704",60% bullish,of 5 ratings,$51.25
ANIP,$51.2591,1440097815346,"129,180",89% bullish,of 19 ratings,$66
ANSS,$93.92,1440097815399,"159,188",100% bearish,of 1 rating,$100
ANGO,$14.65,1440097815441,"20,726",67% bullish,of 3 ratings,$19
ABAC,$0.7899,1440097815533,"8,510",100% bearish,of 1 rating,N/A
APIC,$6.84,1440097815565,"166,712",100% bearish,of 1 rating,$19
ATRS,$1.831,1440097815589,"220,014",92% bullish,of 12 ratings,$4.50
ANTH,$8.14,1440097815619,"559,271",80% bullish,of 10 ratings,$13
ATNY,$2.35,1440097815752,"3,100",50% bullish,of 2 ratings,$3.75
APOG,$51.95,1440097815852,"69,568",100% bullish,of 1 rating,$62
APOL,$11.22,1440097815950,"542,497",87% bearish,of 68 ratings,$14
AINV,$6.49,1440097816082,"887,752",50% bullish,of 4 ratings,$8
APPF,$17.1599,1440097816141,"21,530",50% bullish,of 2 ratings,$22
AAPL,$112.8285,1440097816218,"29,959,439",86% bullish,of 2335 ratings,$150
ARCI,$1.25,1440097816253,200,Not yet rated,NULL,N/A
AGTC,$15,1440097816275,"94,799",50% bullish,of 2 ratings,$33
APDNW,$1.2201,1440097816309,"4,745",Not yet rated,NULL,N/A
APDN,$3.22,1440097816350,"30,989",Not yet rated,NULL,$9
AMAT,$16.0301,1440097816415,"5,016,166",82% bullish,of 11 ratings,$23
AMCC,$5.29,1440097816549,"234,735",80% bullish,of 5 ratings,$8
AAOI,$20.52,1440097816580,"181,662",50% bullish,of 4 ratings,$26
APRI,$1.341,1440097816684,"385,740",83% bullish,of 6 ratings,$4.86
AREX,$2.355,1440097816761,"298,667",100% bearish,of 1 rating,$3
APTO,$4.93,1440097816836,"6,170",Not yet rated,NULL,$17
AUMAW,NULL,1440097817078,0,Not yet rated,NULL,N/A
AQXP,$15.89,1440097817105,"327,606",50% bullish,of 2 ratings,$2
AUMA,NULL,1440097817127,0,Not yet rated,NULL,N/A
AQMS,$5.09,1440097817186,"7,682",Not yet rated,NULL,N/A
ARDM,$7.01,1440097817261,"4,754",100% bullish,of 1 rating,$26
AUMAU,NULL,1440097817318,0,Not yet rated,NULL,N/A
ABUS,$7.38,1440097817346,"259,777",86% bullish,of 14 ratings,$23
PETX,$17.02,1440097817375,"154,222",100% bearish,of 2 ratings,$26
ABIO,$0.8932,1440097817550,"94,160",50% bullish,of 2 ratings,$3.75
ARCW,$3.56,1440097817576,"14,420",100% bearish,of 2 ratings,$10.50
RKDA,$5.72,1440097817655,"4,968",100% bearish,of 2 ratings,$10
ARCB,$30.74,1440097817713,"95,436",50% bullish,of 2 ratings,$39.50
ACAT,$27.75,1440097817907,"73,221",100% bearish,of 3 ratings,$33
ARDX,$17.6584,1440097817969,"49,847",50% bullish,of 2 ratings,$24.50
ARNA,$2.85,1440097817998,"1,191,806",90% bullish,of 77 ratings,$5.50
ACGL,$72.42,1440097818020,"99,349",50% bullish,of 2 ratings,$72
ARCC,$15.755,1440097818074,"498,423",67% bearish,of 3 ratings,$17.875
AGIIL,$25.54,1440097818200,"2,917",Not yet rated,NULL,N/A
AGII,$58.365,1440097818233,"73,635",Not yet rated,NULL,$59.50
ARGS,$5.1999,1440097818260,"95,856",50% bullish,of 2 ratings,$19.50
ARIS,$3.28,1440097818339,"3,125",Not yet rated,NULL,$4.50
ARIA,$6.805,1440097818397,"1,349,673",87% bullish,of 46 ratings,$9
ARKR,NULL,1440097818565,0,50% bullish,of 2 ratings,N/A
ARMH,$41.51,1440097818650,"827,389",54% bearish,of 13 ratings,$61
ARTX,$1.49,1440097818701,"124,486",88% bullish,of 16 ratings,$4.50
ARWA,NULL,1440097818727,0,Not yet rated,NULL,N/A
ARWAR,NULL,1440097818792,0,Not yet rated,NULL,N/A
ARRS,$27.17,1440097818975,"446,457",50% bullish,of 2 ratings,$38
ARRY,$5.39,1440097819019,"431,464",100% bullish,of 7 ratings,$10
ARWAW,NULL,1440097819050,0,Not yet rated,NULL,N/A
DWAT,$10.2556,1440097819105,800,100% bearish,of 1 rating,N/A
ARWAU,NULL,1440097819130,0,100% bullish,of 1 rating,N/A
AROW,$27.11,1440097819194,"6,403",Not yet rated,NULL,N/A
ARWR,$5.57,1440097819221,"442,782",75% bullish,of 4 ratings,$10.50
ARQL,$1.66,1440097819281,"115,468",75% bullish,of 4 ratings,$5
ARTNA,$22.49,1440097819547,"17,720",100% bearish,of 1 rating,$29
ASBB,$23.72,1440097819648,305,Not yet rated,NULL,N/A
ASNA,$11.52,1440097819678,"1,173,201",50% bullish,of 2 ratings,$18
ARTW,$4.5099,1440097819703,300,75% bearish,of 4 ratings,N/A
ASND,$17.85,1440097819729,"27,564",100% bullish,of 1 rating,$30
ASCMA,$27.78,1440097819870,"47,317",100% bearish,of 1 rating,$45
ASTI,$0.12,1440097819901,"1,299,120",83% bullish,of 6 ratings,$3
ASMI,$35.93,1440097819922,400,50% bullish,of 2 ratings,N/A
APWC,$2,1440097819951,600,100% bearish,of 1 rating,N/A
ASMB,$12.825,1440097820165,"41,616",67% bullish,of 3 ratings,N/A
ASFI,$8.98,1440097820195,"9,065",100% bullish,of 1 rating,N/A
ASML,$87.3,1440097820224,"674,831",67% bullish,of 3 ratings,$127
AZPN,$38.56,1440097820329,"385,151",50% bullish,of 2 ratings,$42
ALOT,$13.8,1440097820375,"4,174",100% bearish,of 1 rating,N/A
ASTE,$36.55,1440097820405,"21,907",100% bearish,of 1 rating,$48
ATRO,$53.58,1440097820617,"71,650",100% bearish,of 2 ratings,$80
ASTC,$2.3399,1440097820762,"20,658",100% bullish,of 5 ratings,N/A
ATAI,$3.02,1440097820795,"17,851",100% bearish,of 1 rating,N/A
ATRA,$43.3,1440097820832,"62,817",50% bullish,of 2 ratings,$68
AFCB,NULL,1440097820859,0,Not yet rated,NULL,N/A
ATHX,$1.17,1440097820921,"133,039",89% bullish,of 9 ratings,$5
ATHN,$136.58,1440097820951,"62,855",67% bearish,of 3 ratings,$153
ASUR,$5.65,1440097820972,"7,678",100% bearish,of 1 rating,$8
AAPC,$10.2,1440097821023,170,Not yet rated,NULL,N/A
AAME,$3.6399,1440097821215,835,Not yet rated,NULL,N/A
ACFC,$6.2,1440097821275,"50,723",Not yet rated,NULL,$6.50
ATLC,$3.95,1440097821302,592,67% bullish,of 3 ratings,N/A
ATNI,$73.28,1440097821368,"24,915",100% bearish,of 1 rating,$69.50
ATML,$7.23,1440097821435,"2,700,452",78% bullish,of 9 ratings,$9.50
AAWW,$42.07,1440097821467,"251,444",50% bullish,of 2 ratings,$65
AFH,$16.9101,1440097821572,"10,827",Not yet rated,NULL,$21.50
ATRC,$26.67,1440097821639,"37,323",100% bullish,of 1 rating,$30
ATOS,$0.9299,1440097821721,"100,265",100% bullish,of 7 ratings,$7
ATRM,$2.87,1440097821749,690,50% bullish,of 2 ratings,N/A
ATRI,$394.45,1440097821777,701,Not yet rated,NULL,N/A
ATTU,$14.17,1440097821906,"38,618",100% bearish,of 1 rating,$20.50
AUBN,$27.21,1440097822057,100,Not yet rated,NULL,N/A
LIFE,$14.55,1440097822090,"16,994",86% bullish,of 7 ratings,$43
AUPH,$3.29,1440097822117,"4,250",100% bearish,of 1 rating,$8
AUDC,$3.19,1440097822164,"53,777",80% bullish,of 5 ratings,$5
EARS,$5.01,1440097822194,"35,045",100% bearish,of 2 ratings,$11.50
ADAT,$0.11,1440097822250,"50,455",100% bullish,of 2 ratings,N/A
ABTL,$18.4,1440097822298,"60,514",100% bullish,of 4 ratings,$20.25
AVGO,$116.02,1440097822478,"1,419,398",88% bullish,of 8 ratings,$160
ADP,$83.16,1440097822526,"926,988",100% bearish,of 1 rating,$88
ADSK,$53.29,1440097822620,"885,771",83% bullish,of 6 ratings,$69.50
AVEO,$1.4,1440097822747,"679,825",75% bullish,of 8 ratings,$3
AVNW,$1.12,1440097822776,"30,841",50% bullish,of 2 ratings,$2.20
AVNU,$12.45,1440097822809,"2,120",Not yet rated,NULL,$14
AVID,$7.91,1440097822851,"134,510",100% bearish,of 1 rating,$20
AAVL,$10.43,1440097822910,"245,785",100% bearish,of 1 rating,$20
CAR,$44.245,1440097823091,"808,302",80% bullish,of 5 ratings,$60
AVGR,$14.98,1440097823142,"18,321",100% bearish,of 1 rating,$20
AXPWW,NULL,1440097823241,0,Not yet rated,NULL,N/A
AWRE,$3.185,1440097823270,"10,094",67% bullish,of 3 ratings,N/A
ACLS,$3.36,1440097823297,"602,895",67% bullish,of 6 ratings,$4.75
AXGN,$3.89,1440097823329,"18,904",Not yet rated,NULL,$5
AXPW,$1.1,1440097823437,"35,614",83% bullish,of 6 ratings,N/A
BCOM,$19.98,1440097823716,187,100% bearish,of 1 rating,N/A
RILY,$9.8601,1440097823745,505,Not yet rated,NULL,N/A
AXTI,$2.1451,1440097823766,"15,330",50% bullish,of 2 ratings,$2.75
BOSC,$2.25,1440097823788,"2,414",50% bullish,of 2 ratings,N/A
BIDU,$158.4763,1440097823853,"2,227,138",81% bullish,of 88 ratings,$215
BEAV,$49.93,1440097823875,"324,211",67% bearish,of 3 ratings,$59
BWINA,NULL,1440097823960,0,Not yet rated,NULL,N/A
BLDP,$1.32,1440097824181,"200,640",91% bullish,of 22 ratings,$2.50
BANFP,NULL,1440097824209,0,Not yet rated,NULL,N/A
BKMU,$7.18,1440097824231,"35,772",Not yet rated,NULL,$8
BCPC,$59.21,1440097824267,"58,647",100% bearish,of 1 rating,$75
BANF,$61.59,1440097824297,"1,433",Not yet rated,NULL,$68
BWINB,$22.92,1440097824399,"2,549",Not yet rated,NULL,N/A
BOCH,$5.775,1440097824577,"14,990",Not yet rated,NULL,$6.50
BKSC,$15.83,1440097824652,800,Not yet rated,NULL,N/A
BOTJ,NULL,1440097824680,0,Not yet rated,NULL,N/A
BFIN,$12.04,1440097824708,"6,034",Not yet rated,NULL,$13
BMRC,$48.5,1440097824737,"3,981",Not yet rated,NULL,$52
OZRK,$41.65,1440097824763,"107,756",67% bullish,of 3 ratings,$49.50
BWFG,$18.25,1440097825001,"1,627",100% bearish,of 1 rating,N/A
BZUN,$6.035,1440097825044,"462,823",50% bullish,of 2 ratings,$13.85
BANR,$45.6099,1440097825074,"27,781",100% bullish,of 3 ratings,$50
BHAC,NULL,1440097825179,0,Not yet rated,NULL,N/A
TAPR,$29.9,1440097825213,"1,170",100% bearish,of 1 rating,N/A
BHACR,NULL,1440097825358,0,Not yet rated,NULL,N/A
BHACU,$10.19,1440097825436,200,Not yet rated,NULL,N/A
BSET,$30.18,1440097825511,"37,970",100% bearish,of 1 rating,$35
BHACW,NULL,1440097825536,0,Not yet rated,NULL,N/A
BBSI,$34,1440097825601,"65,070",67% bearish,of 3 ratings,$62.50
BYBK,$5.05,1440097825669,100,100% bearish,of 1 rating,N/A
BYLK,$12.97,1440097825697,"6,004",Not yet rated,NULL,$14
BDCV,$4.9765,1440097825833,"10,655",100% bearish,of 1 rating,$10.19
BCBP,$11.595,1440097825860,"16,956",Not yet rated,NULL,N/A
BV,$5.155,1440097825892,"181,677",67% bullish,of 6 ratings,$9
BBCN,$15.14,1440097825998,"109,296",100% bearish,of 1 rating,$16
BECN,$36.3199,1440097826035,"129,745",50% bullish,of 2 ratings,$40
BSF,$8.8601,1440097826060,"8,828",Not yet rated,NULL,N/A
BBGI,$4.8499,1440097826130,100,100% bearish,of 1 rating,N/A
BEBE,$1.82,1440097826337,"59,755",75% bullish,of 4 ratings,$3.075
BBBY,$63.11,1440097826376,"863,936",71% bullish,of 7 ratings,$75
BELFA,$16.8,1440097826406,600,100% bearish,of 1 rating,N/A
BELFB,$19.16,1440097826511,"13,264",100% bearish,of 1 rating,N/A
BLCM,$17.58,1440097826539,"94,253",50% bullish,of 4 ratings,$40
BLPH,$5.54,1440097826943,"28,324",100% bearish,of 1 rating,$12.50
BNFT,$37.49,1440097827002,"37,846",67% bullish,of 3 ratings,$46
BNTC,$8.27,1440097827037,"85,458",100% bullish,of 1 rating,N/A
BGCP,$9.225,1440097827086,"342,372",88% bullish,of 8 ratings,$14
BNCL,$12.81,1440097827115,"160,631",100% bullish,of 3 ratings,$12.50
BGFV,$11.1,1440097827150,"56,581",57% bullish,of 7 ratings,$12
BGMD,$0.8498,1440097827171,"201,722",100% bullish,of 10 ratings,N/A
BIND,$4.58,1440097827244,"34,887",67% bullish,of 3 ratings,$13.50
ORPN,$5.43,1440097827441,"4,850",100% bullish,of 1 rating,$28.50
BASI,$1.33,1440097827481,"17,619",Not yet rated,NULL,N/A
BIOC,$2.03,1440097827512,"500,881",83% bullish,of 6 ratings,$3.85
BCRX,$11.76,1440097827577,"531,228",63% bullish,of 8 ratings,$18
BIOD,$0.65,1440097827602,"98,051",80% bullish,of 5 ratings,$4
BCDA,NULL,1440097827628,0,Not yet rated,NULL,N/A
BIIB,$311.925,1440097827894,"591,021",88% bullish,of 16 ratings,$400
BIOL,$1.48,1440097827923,"45,284",Not yet rated,NULL,N/A
BDSI,$6.345,1440097827960,"439,416",88% bullish,of 8 ratings,$17
BMRN,$131.32,1440097827995,"390,037",80% bullish,of 5 ratings,$160
BLRX,$1.47,1440097828053,"131,724",100% bullish,of 12 ratings,$5
BLFS,$2.11,1440097828081,"12,289",100% bearish,of 1 rating,$4.75
BVXV,$4,1440097828109,"9,450",Not yet rated,NULL,N/A
BPTH,$1.15,1440097828311,"13,234",100% bullish,of 2 ratings,$5
BVXVW,$0.7051,1440097828342,"3,000",100% bearish,of 1 rating,N/A
BIOS,$1.7,1440097828444,"686,081",71% bullish,of 7 ratings,$4
BRLI,NULL,1440097828473,0,83% bullish,of 6 ratings,N/A
BBC,$30.77,1440097828573,"23,657",Not yet rated,NULL,N/A
BBP,$32.8187,1440097828601,"37,675",Not yet rated,NULL,N/A
BSTC,$50.235,1440097828659,"50,765",100% bearish,of 1 rating,$76
BOTA,$2.2514,1440097828808,"53,881",88% bullish,of 8 ratings,N/A
BSPM,$0.7091,1440097828847,"10,400",50% bullish,of 2 ratings,N/A
TECH,$103.83,1440097828947,"49,171",100% bullish,of 1 rating,$117
BITI,$18.488,1440097828973,"28,425",100% bullish,of 1 rating,$28
BEAT,$13.035,1440097828997,"253,017",67% bearish,of 3 ratings,$15
BDMS,NULL,1440097829033,0,100% bearish,of 1 rating,N/A
BJRI,$45.99,1440097829134,"80,897",50% bullish,of 2 ratings,$55
BBOX,$15.41,1440097829202,"20,044",100% bearish,of 1 rating,N/A
BDE,$7.57,1440097829273,"68,398",50% bullish,of 2 ratings,$9
BLKB,$59.85,1440097829383,"56,188",100% bearish,of 2 ratings,$66
HAWK,$43.83,1440097829415,"221,408",90% bullish,of 10 ratings,$49
BBRY,$7.335,1440097829440,"2,878,458",61% bullish,of 330 ratings,$9
BKCC,$9.28,1440097829516,"81,563",100% bullish,of 2 ratings,$10
ADRA,$27.77,1440097829570,908,Not yet rated,NULL,N/A
ADRD,$22.8,1440097829606,"2,638",100% bearish,of 1 rating,N/A
ADRE,$30.282,1440097829713,"4,882",Not yet rated,NULL,N/A
ADRU,$22.5308,1440097829768,208,100% bearish,of 1 rating,N/A
BUFF,$27,1440097829935,"131,880",83% bullish,of 12 ratings,$31.50
BCOR,$13.46,1440097830003,"117,323",57% bullish,of 7 ratings,$15
BLBD,$12.08,1440097830065,"5,689",Not yet rated,NULL,N/A
BLMN,$20.96,1440097830091,"503,715",83% bullish,of 6 ratings,$27.50
BBLU,$0.87,1440097830138,"68,449",100% bullish,of 2 ratings,$4.43
NILE,$34.72,1440097830164,"31,896",50% bullish,of 2 ratings,$34
BHBK,$14.2099,1440097830237,"34,182",100% bullish,of 1 rating,$14.50
BLUE,$122.42,1440097830339,"420,176",71% bullish,of 7 ratings,$217.50
BKEPP,$7.75,1440097830471,"9,900",100% bearish,of 1 rating,N/A
BKEP,$6.84,1440097830505,"26,036",100% bearish,of 1 rating,$8.50
BPMC,$26.18,1440097830564,"53,969",50% bullish,of 2 ratings,$47.50
BNCN,$21.5,1440097830604,"26,597",Not yet rated,NULL,$23
BOFI,$129.8869,1440097830663,"106,241",100% bullish,of 6 ratings,$144
BOBE,$44.96,1440097830709,"44,351",75% bullish,of 4 ratings,$57
WIFI,$8.24,1440097830748,"214,927",50% bullish,of 2 ratings,$13.50
BOKF,$63.06,1440097830975,"67,715",100% bearish,of 1 rating,$71
BOJA,$20.97,1440097831012,"143,422",100% bullish,of 1 rating,$30
BONA,$11.97,1440097831035,"132,991",75% bullish,of 4 ratings,$8.50
BNSO,$1.42,1440097831063,"3,202",100% bearish,of 1 rating,N/A
BPFH,$12.285,1440097831106,"209,725",100% bearish,of 1 rating,$14
BAMM,$3.197,1440097831185,"4,758",60% bullish,of 5 ratings,N/A
BPFHP,NULL,1440097831444,0,100% bearish,of 1 rating,N/A
BPFHW,$5.55,1440097831482,100,100% bearish,of 1 rating,N/A
EPAY,$26.21,1440097831503,"55,586",100% bearish,of 2 ratings,$30
BBEP,$2.2349,1440097831580,"1,421,660",69% bullish,of 13 ratings,$5.625
BCLI,$3.0001,1440097831607,"49,124",80% bullish,of 5 ratings,$12
BBRG,$12.96,1440097831638,"37,304",67% bullish,of 3 ratings,$14.50
BDBD,$8.48,1440097831659,"365,799",60% bullish,of 5 ratings,$10
BDGE,$27.32,1440097831856,"7,805",Not yet rated,NULL,$31.75
BLIN,$1.33,1440097831911,"19,477",50% bullish,of 2 ratings,$2.20
BBEPP,$13.539,1440097831962,"25,051",100% bearish,of 1 rating,N/A
BRID,NULL,1440097832043,0,100% bearish,of 1 rating,N/A
BRCM,$49.77,1440097832070,"2,454,003",75% bullish,of 12 ratings,$56
BCOV,$5.2699,1440097832097,"64,861",67% bullish,of 3 ratings,$10.20
BVSN,$5.8,1440097832234,"5,508",60% bearish,of 5 ratings,N/A
BSFT,$31.69,1440097832262,"65,527",57% bullish,of 7 ratings,$40.50
BYFC,$1.49,1440097832391,"13,810",50% bullish,of 2 ratings,N/A
BRKL,$10.9,1440097832439,"77,640",100% bearish,of 1 rating,$10.75
BRCD,$9.775,1440097832572,"3,635,868",92% bullish,of 13 ratings,$12.50
BWEN,$3.3301,1440097832612,"33,536",100% bullish,of 3 ratings,$8
BRKS,$10.5,1440097832634,"67,324",67% bullish,of 3 ratings,$15.25
BMTC,$29.54,1440097832664,"14,798",Not yet rated,NULL,$34
BRKR,$19.59,1440097832700,"372,238",100% bearish,of 2 ratings,$22
BLMT,$20.9,1440097832729,"4,392",Not yet rated,NULL,N/A
BWLD,$194.3,1440097832913,"157,885",82% bullish,of 11 ratings,$205
BSQR,$6.53,1440097832943,"80,080",67% bullish,of 3 ratings,N/A
BLDR,$15.04,1440097833050,"704,587",50% bullish,of 2 ratings,$22
CFFI,NULL,1440097833188,0,100% bearish,of 1 rating,N/A
BUR,$1.99,1440097833215,816,100% bearish,of 1 rating,$8
CHRW,$69.3175,1440097833247,"692,541",Not yet rated,NULL,$72
CDNS,$20.6,1440097833342,"756,591",75% bullish,of 4 ratings,$22.50
CCMP,$44.57,1440097833386,"40,824",50% bullish,of 2 ratings,$59
CA,$28.43,1440097833446,"860,527",50% bullish,of 4 ratings,$33
CDZI,$7.4375,1440097833577,"13,223",100% bearish,of 1 rating,N/A
CACQ,$7.1,1440097833673,"19,305",100% bearish,of 1 rating,$12.25
CSTE,$43.25,1440097833705,"562,412",100% bearish,of 1 rating,$65
CZR,$6.925,1440097833737,"469,394",60% bearish,of 5 ratings,$10.50
CLBS,$1.34,1440097833758,"96,592",79% bullish,of 14 ratings,$4
CLMS,$11.71,1440097833841,"16,843",Not yet rated,NULL,$10.50
PRSS,$4.41,1440097833893,"4,465",80% bullish,of 5 ratings,$4.50
CHI,$10.9646,1440097834142,"113,081",100% bearish,of 1 rating,N/A
CHY,$11.7999,1440097834171,"198,052",Not yet rated,NULL,N/A
CCD,$20.4,1440097834204,"52,559",Not yet rated,NULL,N/A
CFGE,NULL,1440097834225,0,Not yet rated,NULL,N/A
CGO,$12.4132,1440097834302,"19,671",100% bearish,of 1 rating,N/A
CHW,$7.82,1440097834409,"172,233",100% bearish,of 1 rating,N/A
CSQ,$10.21,1440097834450,"285,777",Not yet rated,NULL,N/A
CVGW,$54.43,1440097834551,"70,687",50% bullish,of 2 ratings,$58.50
CAMP,$15.92,1440097834585,"152,882",88% bullish,of 8 ratings,$25
CFNB,$13.43,1440097834611,888,100% bearish,of 1 rating,N/A
CALA,$5.0489,1440097834684,"221,327",100% bullish,of 3 ratings,$19.50
CALM,$50.21,1440097834744,"208,114",80% bullish,of 5 ratings,$65
CLMT,$25.8308,1440097834818,"92,684",75% bullish,of 8 ratings,$31
CALD,$15.83,1440097834839,"96,949",100% bearish,of 1 rating,$20.50
ABCD,$4.665,1440097835041,"69,555",83% bullish,of 6 ratings,N/A
CAMBU,NULL,1440097835066,0,100% bearish,of 1 rating,N/A
CAMB,$9.95,1440097835098,400,Not yet rated,NULL,N/A
CAMBW,NULL,1440097835245,0,Not yet rated,NULL,N/A
CSIQ,$18.6,1440097835271,"2,483,816",86% bullish,of 28 ratings,$45
CAC,$39.94,1440097835310,"2,896",Not yet rated,NULL,N/A
CAMT,$2.817,1440097835337,"20,764",73% bullish,of 11 ratings,$4
CPHC,$10.53,1440097835408,196,100% bearish,of 1 rating,N/A
CGIX,$9.805,1440097835473,"20,209",67% bullish,of 3 ratings,$14.375
CBNJ,$10.855,1440097835501,"1,508",100% bullish,of 1 rating,N/A
CPLA,$49.25,1440097835637,"43,449",50% bullish,of 2 ratings,$65
CPLP,$6.85,1440097835738,"424,575",71% bullish,of 7 ratings,$11
CBF,$30.05,1440097835799,"49,119",Not yet rated,NULL,$32
CCBG,$15,1440097835824,"4,437",Not yet rated,NULL,$17.25
CSWC,$48.27,1440097836029,"6,899",Not yet rated,NULL,N/A
CPTA,$14.55,1440097836140,"42,984",Not yet rated,NULL,$18.50
CFFN,$12.04,1440097836172,"162,588",Not yet rated,NULL,$12.75
CARA,$21.235,1440097836202,"164,513",50% bullish,of 4 ratings,$25
CAPN,$2.265,1440097836231,"144,844",100% bullish,of 1 rating,$10.85
CAPNW,$0.76,1440097836257,"3,300",Not yet rated,NULL,N/A
CPST,$0.383,1440097836287,"454,351",95% bullish,of 22 ratings,$1
CAPR,$4,1440097836318,"16,945",Not yet rated,NULL,$12
CARB,$11.28,1440097836449,"52,271",75% bullish,of 4 ratings,$12
CBYL,$6.77,1440097836584,"19,108",100% bearish,of 1 rating,$20
CRDC,$0.4,1440097836621,"22,938",100% bullish,of 1 rating,$1.25
CFNL,$22.73,1440097836649,"47,561",Not yet rated,NULL,$24
CRME,$9.495,1440097836777,"18,882",89% bullish,of 9 ratings,$11.25
CSII,$24.05,1440097836817,"144,439",100% bearish,of 2 ratings,$42.125
CDNA,$6.36,1440097836844,"2,100",100% bearish,of 1 rating,$9
CATM,$35.225,1440097836874,"208,682",100% bearish,of 1 rating,$44
CECO,$3.62,1440097836926,"120,283",67% bearish,of 3 ratings,$6
CKEC,$22,1440097837059,"118,613",50% bullish,of 2 ratings,$35.915
CTRE,$12.01,1440097837086,"232,826",50% bullish,of 2 ratings,N/A
CLBH,$12.75,1440097837126,"3,657",Not yet rated,NULL,$16.50
CARO,$15.45,1440097837218,"8,833",100% bearish,of 1 rating,$19
CART,$5.45,1440097837244,"2,256",100% bearish,of 1 rating,N/A
CRZO,$32.87,1440097837270,"312,046",67% bearish,of 3 ratings,$57
TAST,$12.43,1440097837489,"101,429",Not yet rated,NULL,$14.25
CRTN,$2.71,1440097837519,100,100% bearish,of 1 rating,N/A
CARV,$6.04,1440097837621,317,50% bullish,of 2 ratings,N/A
CWST,$6.28,1440097837695,"81,844",50% bullish,of 2 ratings,$7
CASM,$1.1088,1440097837728,"36,460",100% bullish,of 1 rating,$3.50
CSCD,$14.09,1440097837778,"68,857",100% bullish,of 2 ratings,$17
CASY,$107.2437,1440097837825,"107,101",50% bullish,of 2 ratings,$99.50
CACB,$5.5,1440097837852,"37,746",Not yet rated,NULL,$5.50
CASS,$49.25,1440097837941,"7,334",100% bearish,of 1 rating,N/A
CASI,$1.49,1440097838095,"7,980",100% bullish,of 1 rating,$3.50
CPRX,$3.585,1440097838125,"558,704",71% bullish,of 7 ratings,$7
CATY,$30.7,1440097838150,"156,654",100% bearish,of 1 rating,$33.50
CATB,$11.9,1440097838176,"10,726",100% bearish,of 1 rating,$28
CATYW,NULL,1440097838391,0,100% bearish,of 1 rating,N/A
CVCO,$73.16,1440097838465,"12,731",100% bearish,of 1 rating,N/A
CBFV,$20.58,1440097838526,"3,673",Not yet rated,NULL,N/A
CAVM,$67.81,1440097838561,"185,602",67% bearish,of 3 ratings,$72
CNLMR,NULL,1440097838701,0,Not yet rated,NULL,N/A
CNLM,$9.98,1440097838726,200,Not yet rated,NULL,N/A
CNLMU,$10.4,1440097838754,100,100% bullish,of 1 rating,N/A
CNLMW,NULL,1440097838959,0,Not yet rated,NULL,N/A
CBOE,$63.49,1440097839006,"174,712",Not yet rated,NULL,$60
CDK,$48.595,1440097839048,"249,824",67% bearish,of 3 ratings,$50
CECE,$9.8,1440097839077,"69,706",50% bullish,of 2 ratings,$16
CELG,$125.9,1440097839107,"1,851,780",92% bullish,of 13 ratings,$155.50
CPXX,$2.16,1440097839134,"47,415",100% bullish,of 2 ratings,$7
CDW,$38.87,1440097839160,"298,208",75% bullish,of 4 ratings,$44
CLDN,$1.06,1440097839370,"136,686",71% bullish,of 7 ratings,$3
CELGZ,$1.7563,1440097839400,"45,389",80% bullish,of 5 ratings,N/A
CLRB,$3.0098,1440097839470,"1,600",100% bearish,of 1 rating,N/A
CLDX,$13.89,1440097839499,"1,067,681",89% bullish,of 9 ratings,$36
CLRBW,NULL,1440097839602,0,Not yet rated,NULL,N/A
CLLS,$30.8,1440097839635,"72,139",75% bullish,of 4 ratings,$51.50
CLTX,$3.17,1440097839729,"8,512,318",100% bullish,of 2 ratings,N/A
CLSN,$2,1440097839755,"67,085",80% bullish,of 10 ratings,$7.50
CYAD,$53.29,1440097839788,"1,418",100% bullish,of 1 rating,$87.50
CBMG,$21.38,1440097839833,"65,833",50% bullish,of 2 ratings,N/A
CETX,$2.5325,1440097839886,"7,752",Not yet rated,NULL,$5.60
CEMP,$35.76,1440097839938,"504,155",71% bullish,of 7 ratings,$52
CSFL,$14.07,1440097840132,"66,981",Not yet rated,NULL,$15
CETV,$2.01,1440097840158,"40,015",67% bullish,of 3 ratings,$2.80
CFBK,$1.372,1440097840188,100,Not yet rated,NULL,N/A
CENT,$12.01,1440097840297,"21,251",Not yet rated,NULL,$10
CENTA,$12.73,1440097840442,"51,308",Not yet rated,NULL,N/A
CVCY,NULL,1440097840500,0,Not yet rated,NULL,$12
CRNT,$1.42,1440097840552,"80,949",50% bullish,of 2 ratings,$2
CENX,$5.25,1440097840579,"1,170,449",67% bullish,of 6 ratings,$9
CNBKA,$41.1,1440097840600,34,100% bullish,of 1 rating,N/A
CPHD,$47.765,1440097840634,"161,746",50% bullish,of 2 ratings,$66.50
CNTY,$6.18,1440097840776,"7,734",80% bullish,of 5 ratings,$7.75
CERE,$1.2011,1440097840829,"282,718",88% bullish,of 8 ratings,N/A
CERN,$63.56,1440097840863,"536,318",67% bullish,of 3 ratings,$79
CERU,$3.36,1440097840884,"11,575",75% bullish,of 4 ratings,$15
CERS,$4.9,1440097840964,"212,173",75% bullish,of 4 ratings,$7
KOOL,$0.6865,1440097841017,"5,497",100% bullish,of 5 ratings,$7
CYOU,$20.0284,1440097841248,"225,934",50% bullish,of 6 ratings,$24
HOTRW,$0.156,1440097841281,"6,099",Not yet rated,NULL,N/A
CEVA,$18.68,1440097841303,"31,717",100% bearish,of 1 rating,$25
HOTR,$1.3,1440097841335,"176,316",100% bullish,of 2 ratings,$5
CTHR,$1.2,1440097841379,"81,918",50% bullish,of 2 ratings,$2.50
GTLS,$22.705,1440097841406,"142,418",50% bullish,of 4 ratings,$40
CHKP,$80.13,1440097841536,"484,713",50% bullish,of 4 ratings,$92
CHFN,$12.52,1440097841561,"4,422",Not yet rated,NULL,$14
CHTR,$183.63,1440097841698,"548,353",100% bearish,of 2 ratings,$196
CHEK,$3.08,1440097841756,38,Not yet rated,NULL,$7.75
CHEKW,NULL,1440097841787,0,Not yet rated,NULL,N/A
CHFC,$32.13,1440097841835,"31,803",100% bearish,of 1 rating,$36
CEMI,$4.43,1440097841897,"9,918",50% bullish,of 2 ratings,$7.50
CCXI,$6.97,1440097841967,"32,701",67% bullish,of 3 ratings,$14
CHMG,$26.6,1440097842212,"3,212",Not yet rated,NULL,$30
CHKE,$26.2,1440097842243,"5,754",100% bearish,of 1 rating,$32.50
CBNK,$16.52,1440097842280,100,100% bearish,of 1 rating,N/A
CHMA,$25.63,1440097842311,"56,946",Not yet rated,NULL,$40
CHEV,$14.66,1440097842341,700,Not yet rated,NULL,N/A
PLCE,$60.12,1440097842415,"155,393",100% bearish,of 1 rating,$71
CALI,$0.914,1440097842444,"4,792",67% bullish,of 3 ratings,N/A
CMRX,$48.34,1440097842570,"80,115",50% bullish,of 2 ratings,$57
CADC,NULL,1440097842600,0,78% bullish,of 9 ratings,N/A
CAAS,$6.64,1440097842702,"14,899",93% bullish,of 14 ratings,$11.50
CBAK,$2.0201,1440097842734,"36,561",67% bullish,of 9 ratings,N/A
CCCL,$0.9195,1440097842809,"4,162",100% bullish,of 6 ratings,N/A
CBPO,$100.07,1440097842835,"231,688",75% bullish,of 8 ratings,$140.50
CCCR,$0.8,1440097842976,"11,457",67% bearish,of 3 ratings,N/A
CHOP,$1.2,1440097843002,"6,800",50% bullish,of 2 ratings,N/A
JRJC,$4.1911,1440097843031,"34,785",82% bullish,of 11 ratings,N/A
CNIT,$1.57,1440097843227,"110,514",67% bullish,of 6 ratings,N/A
CHLN,$1.917,1440097843261,"17,960",67% bullish,of 3 ratings,N/A
HGSH,$1.88,1440097843300,557,67% bullish,of 3 ratings,N/A
HTHT,$25.81,1440097843321,"28,698",50% bullish,of 2 ratings,$28
CHNR,NULL,1440097843390,0,100% bearish,of 1 rating,N/A
CREG,$0.7516,1440097843419,"11,926",100% bullish,of 3 ratings,N/A
CJJD,$2.0196,1440097843441,"11,863",100% bullish,of 1 rating,N/A
CSUN,$1.383,1440097843626,"11,999",80% bullish,of 5 ratings,N/A
CPGI,$6.7065,1440097843665,140,Not yet rated,NULL,N/A
CNYD,NULL,1440097843755,0,67% bullish,of 3 ratings,N/A
CXDC,$6.19,1440097843787,"25,702",67% bullish,of 3 ratings,N/A
CNTF,$0.85,1440097843808,"48,015",Not yet rated,NULL,N/A
CCIH,$8.35,1440097843887,"102,937",67% bullish,of 6 ratings,$12.65
CHSCL,$27,1440097844024,"21,765",Not yet rated,NULL,N/A
CNET,$0.8342,1440097844053,"41,847",50% bullish,of 2 ratings,N/A
IMOS,$15.32,1440097844088,"112,347",60% bullish,of 5 ratings,$21.50
CHSCO,$28.4,1440097844180,"2,600",Not yet rated,NULL,N/A
CHSCM,$26.07,1440097844213,"29,072",Not yet rated,NULL,N/A
CHSCP,$30.5816,1440097844247,"3,931",Not yet rated,NULL,N/A
CHSCN,$27.2606,1440097844323,"4,140",Not yet rated,NULL,N/A
CHDN,$133.19,1440097844449,"36,620",Not yet rated,NULL,$165
CDTX,$14.04,1440097844581,"19,068",Not yet rated,NULL,$22
CHUY,$31.76,1440097844609,"106,643",50% bullish,of 2 ratings,$34
CIFC,$7.1461,1440097844635,"1,318",Not yet rated,NULL,N/A
CMCT,$15.03,1440097844768,300,100% bearish,of 1 rating,N/A
CINF,$55.9,1440097844850,"152,953",50% bullish,of 4 ratings,$50.50
CIDM,$0.65,1440097844880,"52,607",50% bullish,of 2 ratings,$2.10
CMPR,$67.42,1440097844909,"170,651",50% bullish,of 2 ratings,$72.50
CTAS,$86.92,1440097844957,"187,144",100% bearish,of 1 rating,$91
CRUS,$28.05,1440097845037,"675,757",75% bullish,of 12 ratings,$44.50
CPHR,$6.4,1440097845133,"7,153",100% bearish,of 1 rating,$16
CSCO,$27.126,1440097845231,"13,408,655",84% bullish,of 208 ratings,$32
CTRN,$28.58,1440097845290,"126,495",100% bearish,of 1 rating,$30.50
CZNC,$19.9,1440097845390,"13,204",Not yet rated,NULL,N/A
CZWI,NULL,1440097845415,0,Not yet rated,NULL,N/A
CIZN,NULL,1440097845443,0,Not yet rated,NULL,N/A
CZFC,$12.75,1440097845493,700,Not yet rated,NULL,N/A
CIVB,$10.3,1440097845646,"3,700",Not yet rated,NULL,$11
CHCO,$47.69,1440097845684,"29,613",Not yet rated,NULL,$46
CTXS,$76.2,1440097845710,"369,309",86% bullish,of 7 ratings,$80
CIVBP,NULL,1440097845740,0,Not yet rated,NULL,N/A
CDTI,$1.56,1440097845888,"84,290",75% bullish,of 4 ratings,$3.20
CLNT,$1.89,1440097845987,"9,192",75% bullish,of 8 ratings,N/A
CLNE,$4.1394,1440097846070,"541,321",80% bullish,of 15 ratings,$9
CLFD,$17.272,1440097846104,"45,367",67% bullish,of 3 ratings,$18
CLRO,$11.98,1440097846133,"5,327",50% bullish,of 2 ratings,$14.25
CLIR,$5.09,1440097846202,"20,651",100% bullish,of 3 ratings,N/A
CBLI,$4.2799,1440097846233,"33,657",60% bullish,of 5 ratings,N/A
CLVS,$74.225,1440097846334,"249,730",60% bullish,of 5 ratings,$101.50
CSBK,$13.7,1440097846466,"28,035",Not yet rated,NULL,N/A
CCNE,$17.21,1440097846541,"2,364",50% bullish,of 2 ratings,$21.50
CMFN,$11.8865,1440097846566,"11,217",100% bearish,of 1 rating,$15.50
CME,$96.45,1440097846592,"616,958",67% bullish,of 3 ratings,$102
CISG,$8.41,1440097846922,"85,367",100% bullish,of 5 ratings,$10
CNV,$4.66,1440097847198,"47,268",50% bullish,of 2 ratings,$7.15
COBZ,$12.99,1440097847293,"52,900",100% bullish,of 1 rating,$14
CWAY,$11.44,1440097847882,"5,600",Not yet rated,NULL,N/A
COKE,$159.41,1440097848026,"18,458",79% bullish,of 19 ratings,N/A
CDXS,$3.9976,1440097848434,"31,705",64% bullish,of 11 ratings,$6
CDRB,$11.845,1440097848463,"2,496",67% bullish,of 3 ratings,N/A
JVA,$4.68,1440097848567,"12,709",83% bullish,of 6 ratings,$7
CVLY,NULL,1440097848612,0,Not yet rated,NULL,N/A
CCOI,$28.7365,1440097848771,"139,409",50% bullish,of 4 ratings,$35
CGNT,$1.63,1440097848799,"12,721",100% bullish,of 2 ratings,$2
CTSH,$65.925,1440097848824,"1,518,357",90% bullish,of 10 ratings,$74.50
CGNX,$36.43,1440097849223,"300,510",50% bullish,of 2 ratings,$47
COHU,$9.71,1440097849251,"40,605",100% bearish,of 1 rating,$14.25
COHR,$57.67,1440097849275,"38,111",50% bullish,of 2 ratings,$72
COLL,$15.6399,1440097849303,"35,794",100% bearish,of 1 rating,$26
CLRX,$0.51,1440097849329,"21,677",50% bullish,of 2 ratings,N/A
CHRS,$29.16,1440097849358,"54,418",67% bearish,of 3 ratings,$37
CLCT,$19.08,1440097849384,"5,171",100% bearish,of 1 rating,N/A
CIGI,$46.27,1440097849562,"5,800",100% bearish,of 1 rating,$52
CBAN,$9.03,1440097849604,805,Not yet rated,NULL,N/A
COLM,$64.57,1440097849697,"44,289",100% bearish,of 1 rating,$71
CMCO,$19.88,1440097849725,"165,537",60% bullish,of 5 ratings,$28
COLB,$31.96,1440097849752,"113,848",Not yet rated,NULL,$36
CLCD,$7.648,1440097849777,"7,360",100% bearish,of 1 rating,$20.50
CBMX,$1.14,1440097849944,"6,780",83% bullish,of 6 ratings,$3.15
CMCSA,$58.465,1440097850030,"7,687,012",66% bullish,of 35 ratings,$69.50
CMCSK,$59.11,1440097850062,"1,865,639",Not yet rated,NULL,$84
CUBN,NULL,1440097850102,0,Not yet rated,NULL,N/A
CBSH,$46,1440097850133,"143,536",50% bullish,of 2 ratings,$46
CBSHP,$25.25,1440097850164,"28,342",100% bearish,of 1 rating,N/A
CVGI,$4.61,1440097850239,"46,392",50% bullish,of 2 ratings,$6
COMM,$30.74,1440097850325,"507,703",67% bearish,of 3 ratings,$35
CSAL,$21.82,1440097850427,"277,963",75% bullish,of 4 ratings,$30
JCS,$9.15,1440097850459,"6,300",67% bullish,of 3 ratings,N/A
CYHHZ,$0.0113,1440097850594,"22,290",100% bullish,of 1 rating,N/A
ESXB,$5.1,1440097850619,"34,902",Not yet rated,NULL,N/A
CTBI,$34.75,1440097850652,"11,380",Not yet rated,NULL,$36
CWBC,$6.752,1440097850748,200,Not yet rated,NULL,N/A
CVLT,$36.915,1440097850781,"133,978",75% bullish,of 4 ratings,$44.50
COB,$10.52,1440097850840,"3,598",100% bullish,of 1 rating,$11.75
CIL,$34.44,1440097850875,"1,400",Not yet rated,NULL,N/A
CIZ,$34.08,1440097850909,"5,210",100% bearish,of 1 rating,N/A
CSA,NULL,1440097851071,0,Not yet rated,NULL,N/A
CDC,$36.1001,1440097851098,"4,093",Not yet rated,NULL,N/A
CID,$34.7,1440097851119,"10,500",Not yet rated,NULL,N/A
CSF,$37.49,1440097851279,"13,559",100% bearish,of 1 rating,N/A
CFA,$37.15,1440097851332,200,100% bearish,of 1 rating,N/A
CFO,$36.79,1440097851366,"9,798",100% bearish,of 1 rating,N/A
CSB,$34.01,1440097851676,"2,380",Not yet rated,NULL,N/A
CPSI,$45.38,1440097851710,"17,451",100% bearish,of 1 rating,$45.50
SCOR,$60.21,1440097851744,"264,287",100% bearish,of 1 rating,$66
CDL,$35.08,1440097851770,900,Not yet rated,NULL,N/A
CGEN,$5.18,1440097851843,"141,068",50% bullish,of 2 ratings,$11
CHCI,$0.61,1440097851902,"12,555",50% bullish,of 2 ratings,N/A
CTG,$6.68,1440097851928,"10,518",100% bearish,of 1 rating,$8.50
CNSI,$18.78,1440097852061,"21,520",100% bearish,of 2 ratings,$29
CMTL,$26.7,1440097852089,"17,021",100% bearish,of 2 ratings,$37
CNAT,$4.21,1440097852165,"35,685",83% bullish,of 6 ratings,$13
CXRX,$75.52,1440097852239,"8,765",Not yet rated,NULL,$90
CNCE,$15.3745,1440097852307,"126,142",75% bullish,of 4 ratings,$22
CCUR,$5.1255,1440097852400,"9,926",75% bullish,of 4 ratings,N/A
CDORP,$7.1195,1440097852436,"2,036",100% bearish,of 1 rating,N/A
CDOR,$1.4511,1440097852463,"3,612",100% bullish,of 1 rating,N/A
CDORO,NULL,1440097852535,0,100% bearish,of 1 rating,N/A
CNFR,$10.35,1440097852622,"18,810",Not yet rated,NULL,N/A
CFMS,$21.995,1440097852666,"80,310",Not yet rated,NULL,$27
CTWS,$34.4901,1440097852754,"9,206",100% bearish,of 1 rating,$44
CONN,$31.27,1440097852898,"168,242",67% bullish,of 3 ratings,$48.50
CNXR,$6.29,1440097852953,"22,250",100% bearish,of 1 rating,$12
CNOB,$19.965,1440097852974,"49,566",100% bullish,of 1 rating,$23.50
CNMD,$55.85,1440097853008,"17,775",Not yet rated,NULL,$59
CNSL,$19.99,1440097853104,"65,404",100% bearish,of 1 rating,$23
CTCT,$23.83,1440097853161,"150,999",67% bullish,of 3 ratings,$37
CWCO,$11.18,1440097853191,"32,810",67% bullish,of 3 ratings,$14.50
CPSS,$5.57,1440097853247,"30,504",100% bullish,of 1 rating,$10
CFRX,$5.0607,1440097853320,"22,825",Not yet rated,NULL,$14
CFRXW,NULL,1440097853380,0,100% bearish,of 1 rating,N/A
CFRXZ,$0.51,1440097853451,400,Not yet rated,NULL,N/A
CTRV,$4.07,1440097853481,"27,230",Not yet rated,NULL,$6.40
CTRL,$7.76,1440097853583,"111,198",50% bullish,of 2 ratings,$11
CPRT,$35.515,1440097853739,"111,557",67% bearish,of 3 ratings,$40
BVA,NULL,1440097853933,0,50% bullish,of 2 ratings,N/A
CRBP,$2.1,1440097853961,"1,424,934",100% bullish,of 2 ratings,$6.25
CORI,$11.005,1440097853996,"28,037",100% bearish,of 1 rating,$18
CORT,$4.8439,1440097854018,"117,554",67% bullish,of 3 ratings,$12
CORE,$62.97,1440097854045,"47,521",100% bearish,of 1 rating,$72
CSOD,$37.3,1440097854093,"250,813",50% bullish,of 2 ratings,$42
CRVL,$32.64,1440097854156,"4,183",100% bearish,of 1 rating,N/A
CSGP,$189.245,1440097854292,"46,147",50% bullish,of 2 ratings,$235
COST,$144.32,1440097854397,"654,753",83% bullish,of 24 ratings,$154.50
COSI,$1.1399,1440097854424,"186,773",100% bullish,of 1 rating,N/A
CPAH,$0.4673,1440097854451,"1,750",50% bullish,of 2 ratings,N/A
ICBK,NULL,1440097854613,0,Not yet rated,NULL,$21
COWN,$5.221,1440097854654,"346,872",75% bullish,of 4 ratings,$7
COWNL,$27.21,1440097854747,"4,300",Not yet rated,NULL,N/A
COVS,$2.66,1440097854784,"98,669",67% bullish,of 3 ratings,N/A
CPSH,$2.3,1440097854815,"4,400",Not yet rated,NULL,N/A
CVTI,$23.953,1440097854844,"68,011",67% bearish,of 3 ratings,$39
CRAI,$22.43,1440097854914,"11,962",Not yet rated,NULL,$36
CRAY,$21.3,1440097854982,"118,801",83% bullish,of 6 ratings,$38.50
CBRL,$146.8766,1440097855010,"91,047",50% bullish,of 2 ratings,$155
BREW,$7.6912,1440097855166,"30,366",67% bullish,of 6 ratings,$15
GLDI,$11.1,1440097855239,"94,664",100% bearish,of 1 rating,N/A
CACC,$193.37,1440097855306,"64,605",50% bullish,of 2 ratings,$158.50
CRESY,$11.06,1440097855400,"83,136",100% bearish,of 1 rating,$19
SLVO,$10.61,1440097855421,"5,217",100% bearish,of 1 rating,N/A
CREE,$25.495,1440097855454,"654,526",65% bullish,of 17 ratings,$28.50
CRTO,$44.49,1440097855506,"483,418",67% bullish,of 6 ratings,$64
CCRN,$14.93,1440097855553,"121,402",100% bearish,of 1 rating,$14.25
CROX,$14.5,1440097855642,"404,983",63% bullish,of 8 ratings,$16.50
CRWN,$4.665,1440097855708,"80,109",75% bullish,of 4 ratings,N/A
CRWS,$8.08,1440097855735,665,Not yet rated,NULL,$10
CRDS,$1.02,1440097855768,"54,598",50% bullish,of 4 ratings,$4.50
CYRX,$3.09,1440097855794,"9,438",Not yet rated,NULL,$9
CYRXW,$0.93,1440097855943,"14,000",Not yet rated,NULL,N/A
CSGS,$31.69,1440097855998,"48,768",Not yet rated,NULL,$40
CCLP,$14.71,1440097856089,"21,628",67% bearish,of 3 ratings,$21
CTCM,$1.735,1440097856127,"159,655",80% bearish,of 5 ratings,$3.90
CTIC,$1.63,1440097856226,"1,029,988",84% bullish,of 76 ratings,$5.75
CTRP,$63.99,1440097856283,"1,829,286",75% bullish,of 8 ratings,$92
CTIB,$3.54,1440097856361,"2,475",100% bearish,of 1 rating,N/A
CSPI,$6.17,1440097856388,855,67% bullish,of 3 ratings,N/A
CUNB,$22.13,1440097856416,"5,990",Not yet rated,NULL,$24.50
CMLS,$1.16,1440097856463,"623,595",50% bullish,of 4 ratings,$6
CPIX,$5.89,1440097856490,"7,589",Not yet rated,NULL,N/A
CUTR,$14.35,1440097856708,"14,519",67% bearish,of 3 ratings,$18
CRIS,$2.56,1440097856738,"148,424",100% bullish,of 8 ratings,$6
CUI,$5.16,1440097856785,"48,069",50% bullish,of 2 ratings,$10
CVBF,$16.77,1440097856811,"271,999",Not yet rated,NULL,$18
CVV,$11.8728,1440097856836,"30,689",100% bullish,of 5 ratings,N/A
CYAN,$7.22,1440097856990,"10,191",100% bearish,of 1 rating,N/A
CYBR,$55.63,1440097857015,"1,489,306",86% bullish,of 7 ratings,$66
CYBE,$5.8842,1440097857142,"9,696",100% bearish,of 1 rating,N/A
CYCC,$0.571,1440097857175,"36,112",73% bullish,of 11 ratings,N/A
CYCCP,NULL,1440097857212,0,100% bearish,of 1 rating,N/A
CBAY,$2.62,1440097857242,"41,121",100% bullish,of 1 rating,$4
CYBX,$65.32,1440097857271,"814,769",50% bullish,of 4 ratings,$70
CYNA,$16.2,1440097857302,"17,957",100% bullish,of 1 rating,$31.50
CYNO,$32.98,1440097857347,"88,863",67% bearish,of 3 ratings,$45.50
CY,$9.44,1440097857506,"3,177,912",80% bullish,of 10 ratings,$15.50
CYRN,$1.68,1440097857531,"63,430",67% bullish,of 3 ratings,$4
CYTK,$6.405,1440097857726,"129,180",71% bullish,of 14 ratings,$13.50
CYTR,$2.23,1440097857751,"228,151",67% bullish,of 6 ratings,$10
CONE,$33.755,1440097857785,"193,008",67% bearish,of 3 ratings,$35
CTSO,$7.2,1440097857884,"46,238",Not yet rated,NULL,$15.625
DAEG,$0.3301,1440097857914,"16,273",100% bearish,of 1 rating,N/A
CYTX,$0.3905,1440097857955,"511,393",83% bullish,of 12 ratings,$5.50
TVIZ,$13.88,1440097857984,400,100% bearish,of 1 rating,N/A
TVIX,$6.7456,1440097858056,"8,978,387",81% bullish,of 16 ratings,N/A
XIV,$43.32,1440097858116,"11,957,211",75% bearish,of 4 ratings,N/A
ZIV,$47.9674,1440097858153,"71,734",Not yet rated,NULL,N/A
DJCO,$205.8,1440097858184,200,Not yet rated,NULL,N/A
DAKT,$11.772,1440097858292,"126,975",50% bullish,of 2 ratings,$14
DARA,$0.89,1440097858324,"19,422",83% bullish,of 6 ratings,$1.50
DAIO,$2.57,1440097858396,"21,280",Not yet rated,NULL,N/A
DWCH,$5.02,1440097858622,"32,921",75% bullish,of 4 ratings,$8.25
DTLK,$5.4,1440097858666,"51,049",100% bearish,of 1 rating,$9
PLAY,$34.74,1440097858691,"139,517",100% bullish,of 5 ratings,$42
DRAM,$1.4686,1440097858764,"4,478",78% bullish,of 9 ratings,N/A
DBVT,$40.78,1440097858822,"43,053",100% bearish,of 1 rating,$53
DHRM,$1.8599,1440097858865,"7,573",Not yet rated,NULL,N/A
TRAK,$63.0311,1440097858925,"783,432",50% bullish,of 2 ratings,$62.50
DWSN,$4.3,1440097858952,"6,530",67% bullish,of 3 ratings,$6
DFRG,$14.755,1440097859024,"47,289",100% bearish,of 1 rating,$20
TACOW,$4.38,1440097859095,"7,033",100% bullish,of 1 rating,N/A
DTEA,$12.55,1440097859123,"72,376",100% bearish,of 2 ratings,$24
TACO,$13.19,1440097859166,"67,459",100% bullish,of 3 ratings,$20
DCTH,$0.5249,1440097859298,"185,159",78% bullish,of 9 ratings,N/A
DGAS,$20.25,1440097859431,"7,258",67% bearish,of 3 ratings,N/A
DELT,$2.762,1440097859460,"7,118",Not yet rated,NULL,N/A
DELTW,NULL,1440097859488,0,Not yet rated,NULL,N/A
DENN,$12.11,1440097859514,"224,411",100% bullish,of 3 ratings,$15
DEPO,$29.9,1440097859567,"423,039",60% bullish,of 5 ratings,$29
XRAY,$55.692,1440097859653,"141,715",100% bullish,of 1 rating,$58
DSCI,$6.41,1440097859728,"24,746",50% bullish,of 2 ratings,$16
DEST,$11.96,1440097859881,"24,995",50% bullish,of 2 ratings,N/A
DERM,$24.05,1440097859906,"55,982",100% bearish,of 1 rating,$33.50
DXLG,$4.63,1440097859942,"16,868",100% bearish,of 1 rating,$8
DXM,$0.313,1440097859964,"114,736",50% bullish,of 2 ratings,N/A
DSWL,NULL,1440097859993,0,100% bullish,of 1 rating,N/A
DXCM,$91.31,1440097860039,"458,682",57% bullish,of 7 ratings,$98
DHXM,NULL,1440097860141,0,Not yet rated,NULL,N/A
DMND,$30.91,1440097860279,"142,035",75% bullish,of 12 ratings,$32
DCIX,$1.77,1440097860350,"25,976",50% bullish,of 4 ratings,$3.50
FANG,$70.72,1440097860380,"367,178",50% bullish,of 2 ratings,$86
DHIL,$193.76,1440097860401,"1,170",Not yet rated,NULL,N/A
DRNA,$9.95,1440097860555,"78,581",67% bearish,of 3 ratings,$25
APPS,$2.28,1440097860704,"62,012",100% bearish,of 1 rating,$10.25
DGLY,$7.171,1440097860732,"103,009",50% bullish,of 6 ratings,$20
DGII,$10.09,1440097860762,"33,516",100% bearish,of 1 rating,$10
DMRC,$35.07,1440097860792,"51,405",100% bearish,of 1 rating,$44
DRAD,$3.96,1440097860813,"11,555",100% bullish,of 1 rating,$5.25
DCOM,$17.03,1440097860855,"47,405",100% bearish,of 2 ratings,$16.50
DIOD,$19.39,1440097860949,"84,463",75% bearish,of 4 ratings,$24
DPRX,$11.82,1440097860978,"80,518",100% bullish,of 2 ratings,$27.75
DISCA,$27.285,1440097861155,"3,500,096",67% bullish,of 3 ratings,$34
DISCK,$26.21,1440097861186,"3,702,860",100% bearish,of 1 rating,$32
DISCB,$30.53,1440097861208,50,100% bearish,of 1 rating,$35
DSCO,$0.43,1440097861347,"131,246",83% bullish,of 6 ratings,$2.75
DISH,$63.24,1440097861501,"849,977",69% bullish,of 13 ratings,$73
DLTR,$80.66,1440097861731,"798,825",82% bullish,of 11 ratings,$88
BAGR,$3.11,1440097861763,"7,957",100% bearish,of 1 rating,$6
DLHC,$2.58,1440097861784,"1,404",100% bearish,of 1 rating,N/A
DVCR,$11.49,1440097861820,"6,849",100% bullish,of 1 rating,N/A
DGICA,$14.48,1440097861851,"3,490",100% bearish,of 1 rating,$17
DNBF,$26.71,1440097861873,"1,238",Not yet rated,NULL,$27.50
DMLP,$14.001,1440097861912,"155,363",100% bearish,of 1 rating,N/A
DGICB,NULL,1440097862010,0,100% bearish,of 1 rating,N/A
DORM,$50.57,1440097862114,"72,939",100% bearish,of 1 rating,$56
HILL,$9.67,1440097862162,"4,717,483",60% bearish,of 5 ratings,$9
DRWI,$0.27,1440097862246,"394,813",60% bullish,of 5 ratings,$.45
DRWIW,$0.068,1440097862380,200,Not yet rated,NULL,N/A
DWA,$17.94,1440097862414,"290,413",63% bullish,of 8 ratings,$26
DSKX,$3.19,1440097862517,"105,219",100% bullish,of 1 rating,N/A
DRYS,$0.345,1440097862546,"2,284,401",77% bullish,of 31 ratings,$.60
CADTR,NULL,1440097862578,0,Not yet rated,NULL,N/A
CADT,NULL,1440097862604,0,Not yet rated,NULL,N/A
DSPG,$8.7999,1440097862633,"31,765",100% bearish,of 1 rating,$13.50
CADTU,NULL,1440097862677,0,Not yet rated,NULL,N/A
DNKN,$50.36,1440097862835,"956,858",67% bullish,of 15 ratings,$56.50
CADTW,NULL,1440097862860,0,Not yet rated,NULL,N/A
DTSI,$26.885,1440097863051,"39,572",100% bearish,of 2 ratings,$39.50
DXPE,$28.43,1440097863110,"73,063",50% bullish,of 2 ratings,N/A
DRRX,$2,1440097863143,"136,059",50% bullish,of 6 ratings,$3
BOOM,$10.22,1440097863240,"35,667",67% bullish,of 3 ratings,$12
DYAX,$22.37,1440097863270,"182,385",89% bullish,of 9 ratings,$30
ETFC,$26.61,1440097863317,"1,122,616",57% bullish,of 14 ratings,$33
DYSL,$1.62,1440097863374,"378,174",100% bullish,of 2 ratings,N/A
DVAX,$27.928,1440097863402,"166,883",70% bullish,of 10 ratings,$40
DYNT,$2.95,1440097863455,"5,642",75% bullish,of 4 ratings,N/A
EGBN,$43.5,1440097863560,"31,665",Not yet rated,NULL,$48
EBMT,$11.46,1440097863623,"1,300",Not yet rated,NULL,$13.50
EGLE,$6.55,1440097863693,"9,956",60% bullish,of 5 ratings,N/A
EROC,$1.19,1440097863719,"337,412",50% bullish,of 2 ratings,$3
EGRX,$66.0416,1440097863795,"174,209",67% bullish,of 3 ratings,$97
EACQU,$10.2,1440097864010,944,Not yet rated,NULL,N/A
EML,$16.7515,1440097864078,"13,550",Not yet rated,NULL,N/A
ELNK,$8.64,1440097864105,"344,825",60% bullish,of 5 ratings,$9.50
EWBC,$42.64,1440097864127,"845,146",100% bearish,of 1 rating,$50
EVBS,$6.485,1440097864155,"1,736",Not yet rated,NULL,$7
EBIX,$29.27,1440097864192,"158,362",69% bullish,of 13 ratings,$40
EBAY,$26.545,1440097864214,"6,065,964",81% bullish,of 117 ratings,$48
ELON,$0.5563,1440097864291,"45,512",50% bullish,of 2 ratings,N/A
ECTE,$1.53,1440097864448,"9,100",75% bullish,of 4 ratings,N/A
ECHO,$25.51,1440097864474,"278,385",67% bearish,of 3 ratings,$35.50
SATS,$45.24,1440097864530,"56,270",50% bullish,of 2 ratings,$60
EEI,$11.22,1440097864556,900,67% bearish,of 3 ratings,N/A
ECACU,$10.09,1440097864621,"13,500",Not yet rated,NULL,N/A
EDGW,$7.1001,1440097864820,"11,700",100% bearish,of 1 rating,N/A
EDUC,$4.7,1440097864851,"5,966",100% bearish,of 1 rating,N/A
ESES,$3.37,1440097864898,"9,062",100% bearish,of 1 rating,$7
EDAP,$3.4799,1440097864937,"29,821",60% bullish,of 5 ratings,$4.50
EGAN,$3.44,1440097864964,"308,000",50% bullish,of 2 ratings,$6.25
EFUT,$4.27,1440097865025,"1,235",Not yet rated,NULL,N/A
EGLT,$11.31,1440097865051,"104,328",50% bullish,of 2 ratings,$21
EHTH,$14.08,1440097865119,"55,425",50% bullish,of 4 ratings,$16.50
LOCO,$12.5949,1440097865224,"1,316,530",69% bullish,of 13 ratings,$20
EMITF,$1.28,1440097865325,"13,734",75% bullish,of 4 ratings,N/A
ERI,$9.49,1440097865460,"58,125",100% bearish,of 1 rating,$10
ESLT,$80.99,1440097865485,"4,656",100% bullish,of 2 ratings,N/A
ESIO,$4.64,1440097865519,"49,305",50% bullish,of 2 ratings,$10
EA,$68,1440097865550,"2,086,166",77% bullish,of 35 ratings,$80
ELSE,$4.07,1440097865651,486,60% bullish,of 5 ratings,N/A
ELRC,$10.255,1440097865680,"11,035",100% bearish,of 1 rating,N/A
EFII,$44.4,1440097865786,"58,841",80% bullish,of 5 ratings,$55
ELECU,NULL,1440097865822,0,Not yet rated,NULL,N/A
EBIO,$3.1541,1440097865923,"496,359",100% bearish,of 2 ratings,$8.35
ELEC,NULL,1440097865944,0,Not yet rated,NULL,N/A
ELECW,NULL,1440097865982,0,Not yet rated,NULL,N/A
CAPX,NULL,1440097866022,0,Not yet rated,NULL,N/A
RDEN,$10.56,1440097866076,"71,873",100% bearish,of 4 ratings,$15
ESBK,$19.35,1440097866169,"2,900",Not yet rated,NULL,N/A
LONG,$17.065,1440097866304,"24,048",67% bullish,of 3 ratings,$15.75
EMCI,$23.85,1440097866399,"9,050",Not yet rated,NULL,N/A
EMKR,$7,1440097866448,"49,653",75% bullish,of 4 ratings,$8.50
ELTK,$1.13,1440097866500,"28,648",67% bearish,of 3 ratings,N/A
EMCF,NULL,1440097866604,0,100% bearish,of 1 rating,N/A
NYNY,$4.02,1440097866632,"34,143",50% bullish,of 2 ratings,N/A
EMMS,$1.3,1440097866665,"21,000",67% bullish,of 6 ratings,N/A
EMMSP,NULL,1440097866686,0,100% bearish,of 1 rating,N/A
ERS,$2.879,1440097866760,"1,529",Not yet rated,NULL,N/A
ENTA,$40.266,1440097866858,"78,521",50% bullish,of 2 ratings,$42
ECPG,$39.11,1440097866887,"78,041",100% bullish,of 2 ratings,$52
ECYT,$5.06,1440097867033,"174,339",83% bullish,of 6 ratings,$12
WIRE,$32.62,1440097867063,"26,127",100% bearish,of 1 rating,$37
ENDP,$81.33,1440097867086,"792,838",50% bullish,of 6 ratings,$104
ELGX,$13.1,1440097867218,"355,756",75% bullish,of 4 ratings,$17
EIGI,$15.51,1440097867249,"323,738",67% bearish,of 3 ratings,$20
WATT,$7.02,1440097867318,"49,531",50% bullish,of 2 ratings,$13
EFOI,$17.1,1440097867349,"499,037",50% bullish,of 2 ratings,$20.50
ERII,$2.84,1440097867416,"37,873",80% bullish,of 5 ratings,$2.50
EXXI,$1.55,1440097867550,"768,121",86% bullish,of 7 ratings,$3.50
ENOC,$8.065,1440097867599,"117,979",75% bullish,of 4 ratings,$18
ENG,$1.05,1440097867625,"22,856",100% bullish,of 3 ratings,N/A
ESGR,$152,1440097867654,"20,486",100% bearish,of 1 rating,$185
ENPH,$4.49,1440097867676,"328,254",75% bullish,of 4 ratings,$11
ENTG,$13.91,1440097867816,"120,507",100% bearish,of 1 rating,$18
ENFC,$18.1337,1440097867841,"2,684",Not yet rated,NULL,N/A
ETRM,$0.2406,1440097867993,"303,635",69% bearish,of 35 ratings,$1.625
ENTL,$21.53,1440097868022,"60,459",Not yet rated,NULL,$28
EFSC,$24.62,1440097868050,"14,212",Not yet rated,NULL,$27
EBTC,$20.62,1440097868185,"1,735",Not yet rated,NULL,N/A
EGT,$2.15,1440097868212,"6,725",100% bullish,of 1 rating,N/A
ENZY,$8.97,1440097868344,"9,376",67% bullish,of 3 ratings,$9.50
ENVI,$1.7701,1440097868373,"5,814",67% bullish,of 3 ratings,N/A
EPRS,$4.8069,1440097868409,"69,671",82% bullish,of 11 ratings,$15
ENZN,$1.08,1440097868430,"243,365",100% bullish,of 9 ratings,N/A
EPIQ,$13.96,1440097868509,"40,157",100% bearish,of 1 rating,$18
EPZM,$16.215,1440097868543,"103,848",60% bullish,of 5 ratings,$34
EQIX,$280.52,1440097868644,"147,606",67% bullish,of 3 ratings,$312.50
PLUS,$79.73,1440097868671,"144,437",50% bullish,of 2 ratings,$88
EQFN,$8.3,1440097868698,"2,527",Not yet rated,NULL,N/A
EAC,$3.7,1440097868832,"19,230",100% bearish,of 1 rating,$8
ERIC,$9.851,1440097868907,"811,430",63% bullish,of 8 ratings,$13.30
ESCA,$18.49,1440097869036,"5,329",100% bearish,of 1 rating,$22
ESCR,$0.181,1440097869065,"40,816",50% bullish,of 2 ratings,N/A
ERIE,$86.99,1440097869095,"8,501",Not yet rated,NULL,$73
ESCRP,NULL,1440097869128,0,100% bearish,of 1 rating,N/A
ESMC,$1.3,1440097869157,101,Not yet rated,NULL,N/A
EPIX,NULL,1440097869191,0,Not yet rated,NULL,N/A
ESPR,$53.043,1440097869226,"1,140,879",67% bearish,of 9 ratings,$123
ESND,$35.74,1440097869289,"35,527",50% bullish,of 2 ratings,$40
ETSY,$14.33,1440097869458,"448,910",80% bullish,of 5 ratings,$16
ESSA,$12.9486,1440097869487,"4,179",100% bearish,of 1 rating,N/A
ESSX,$0.5029,1440097869565,"18,880",50% bullish,of 2 ratings,N/A
EEFT,$67.63,1440097869710,"99,861",100% bearish,of 1 rating,$67.50
CLWT,NULL,1440097869740,0,100% bearish,of 1 rating,N/A
EVEP,$7.7199,1440097869801,"189,761",50% bullish,of 2 ratings,$15
EVK,$3.86,1440097869837,"1,312",75% bearish,of 4 ratings,N/A
ESEA,$6.12,1440097869868,"2,047",100% bullish,of 1 rating,$15
EVLV,$2.17,1440097869898,"71,771",60% bullish,of 5 ratings,$6.50
EVOK,$4.2136,1440097869933,"153,621",100% bearish,of 1 rating,$13.75
EXA,$10.67,1440097869964,"6,122",100% bearish,of 1 rating,$13
EVOL,$6.0894,1440097870094,"16,477",75% bullish,of 4 ratings,$10
EXAS,$21.65,1440097870123,"343,582",78% bullish,of 9 ratings,$31
EXEL,$5.42,1440097870263,"2,000,482",81% bullish,of 16 ratings,$6
EXAC,$18.77,1440097870291,"13,973",100% bearish,of 1 rating,$22.50
EXFO,$2.84,1440097870316,"3,000",67% bearish,of 3 ratings,$3.95
EXLS,$37.54,1440097870512,"55,334",100% bullish,of 1 rating,$41
EXPE,$119.0875,1440097870562,"398,894",64% bullish,of 11 ratings,$130
EXPD,$49.55,1440097870638,"1,027,018",80% bullish,of 5 ratings,$50.50
ESRX,$88.45,1440097870694,"1,406,491",67% bearish,of 6 ratings,$101
EXPO,$43.04,1440097870748,"23,497",100% bearish,of 1 rating,$45.50
EXLP,$19,1440097870876,"52,758",100% bearish,of 1 rating,$27
EXTR,$2.87,1440097870907,"495,729",80% bullish,of 5 ratings,$3
EYEG,$4.2,1440097870933,"19,885",Not yet rated,NULL,N/A
EZCH,$21.285,1440097870962,"53,438",75% bullish,of 8 ratings,$19.50
EYEGW,NULL,1440097870992,0,Not yet rated,NULL,N/A
EZPW,$6.05,1440097871061,"81,827",50% bullish,of 4 ratings,$7.50
FFIV,$127.31,1440097871271,"498,461",63% bullish,of 8 ratings,$132
FCS,$13.4,1440097871339,"490,491",67% bearish,of 3 ratings,$17
FB,$91.2801,1440097871402,"20,154,945",73% bullish,of 1065 ratings,$111
FRP,$16.81,1440097871431,"27,650",100% bearish,of 1 rating,$18
FWM,$2.305,1440097871468,"79,411",100% bearish,of 2 ratings,$3.20
FALC,$1.62,1440097871570,"25,053",63% bearish,of 8 ratings,N/A
DAVE,$14.03,1440097871613,"16,687",100% bearish,of 1 rating,$15.50
FARM,$22.35,1440097871640,"7,614",100% bearish,of 1 rating,$35
FFKT,$26.97,1440097871707,"6,305",Not yet rated,NULL,$29
FMNB,$8.096,1440097871813,"4,262",Not yet rated,NULL,N/A
FARO,$39.01,1440097871842,"56,142",50% bullish,of 2 ratings,$48
FBSS,$15.451,1440097871983,163,Not yet rated,NULL,N/A
FAST,$39.615,1440097872011,"696,970",80% bullish,of 5 ratings,$46
FATE,$5.73,1440097872037,"120,400",50% bullish,of 2 ratings,$11
FBRC,$23.02,1440097872063,"4,025",100% bearish,of 1 rating,$29
FDML,$9.125,1440097872315,"118,088",50% bullish,of 4 ratings,$14
FNHC,$22.44,1440097872347,"38,961",100% bearish,of 1 rating,$35
FHCO,$1.4,1440097872369,"15,560",50% bullish,of 4 ratings,N/A
FENX,$9.71,1440097872403,"45,286",100% bullish,of 1 rating,$14.25
FEIC,$79.75,1440097872431,"174,972",50% bullish,of 2 ratings,$95.50
FCSC,$5.723,1440097872455,"114,136",100% bearish,of 1 rating,$8.125
ONEQ,$192.925,1440097872509,"13,447",100% bullish,of 1 rating,N/A
FGEN,$24.1392,1440097872616,"118,560",100% bearish,of 1 rating,$39
LION,$19.45,1440097872701,"42,266",100% bullish,of 1 rating,$20
FDUS,$14.89,1440097872727,"14,788",100% bullish,of 1 rating,$18
FRGI,$53.54,1440097872781,"69,883",50% bullish,of 2 ratings,$70
FSAM,$8.885,1440097872831,"2,532",100% bearish,of 1 rating,$11
FSCFL,$24.83,1440097872968,"8,205",Not yet rated,NULL,N/A
FSC,$6.59,1440097873064,"564,987",75% bullish,of 4 ratings,$8
FITB,$20.55,1440097873090,"2,550,303",54% bullish,of 13 ratings,$22
FNGN,$34,1440097873147,"233,704",67% bullish,of 3 ratings,$47
FITBI,$27.75,1440097873176,"30,148",Not yet rated,NULL,N/A
FSFR,$9.08,1440097873197,"50,460",100% bearish,of 1 rating,$11.50
FNSR,$15.7881,1440097873334,"681,959",71% bullish,of 7 ratings,$24.50
FISI,$24.75,1440097873361,"37,017",100% bullish,of 2 ratings,$24.50
FNTC,$9.82,1440097873530,100,Not yet rated,NULL,N/A
FNTCU,NULL,1440097873568,0,Not yet rated,NULL,N/A
FNTCW,NULL,1440097873632,0,Not yet rated,NULL,N/A
FEYE,$40.3801,1440097873660,"2,840,004",87% bullish,of 15 ratings,$55.50
FNJN,$1.7,1440097873709,"6,722",100% bearish,of 1 rating,$5
FBNC,$16.763,1440097873734,"15,657",100% bullish,of 1 rating,$20
FNLC,$18.8,1440097873874,"2,710",100% bullish,of 1 rating,N/A
FBIZ,$43.79,1440097874004,"8,033",100% bearish,of 2 ratings,$52
BUSE,$6.36,1440097874032,"36,262",Not yet rated,NULL,$6.875
FRBA,$6.0499,1440097874057,500,Not yet rated,NULL,$8
FCVA,$4.78,1440097874095,"1,580",Not yet rated,NULL,N/A
FCFS,$38.49,1440097874192,"50,214",100% bearish,of 2 ratings,$48
FCAP,$27,1440097874238,200,Not yet rated,NULL,N/A
FCNCA,$242.884,1440097874341,"1,238",Not yet rated,NULL,N/A
FCBC,$17.69,1440097874474,"8,072",Not yet rated,NULL,$18
FCLF,NULL,1440097874506,0,Not yet rated,NULL,N/A
FCFP,$6.824,1440097874604,"1,500",Not yet rated,NULL,N/A
FBNK,$16.52,1440097874664,"7,346",100% bearish,of 1 rating,$17.50
FCCO,$11.9,1440097874693,836,Not yet rated,NULL,$13.25
FDEF,$37.93,1440097874823,"20,961",Not yet rated,NULL,$38
FFNM,$6.42,1440097874849,100,Not yet rated,NULL,N/A
FFBC,$19.02,1440097874881,"61,287",67% bearish,of 3 ratings,$20.25
FFBCW,NULL,1440097874987,0,100% bearish,of 1 rating,N/A
FFIN,$31.32,1440097875056,"89,235",50% bullish,of 2 ratings,$31.75
FFNW,$12.55,1440097875088,"23,714",Not yet rated,NULL,$14
THFF,$33.15,1440097875125,"4,715",Not yet rated,NULL,$35
INBK,$32.02,1440097875255,"9,428",50% bullish,of 2 ratings,$37
FFWM,$21.4999,1440097875282,"9,841",Not yet rated,NULL,$24
FIBK,$27.28,1440097875413,"30,948",Not yet rated,NULL,$32
FRME,$25.41,1440097875452,"85,989",Not yet rated,NULL,$26.50
FMBH,NULL,1440097875541,0,Not yet rated,NULL,N/A
FMBI,$17.99,1440097875568,"107,156",Not yet rated,NULL,$20
FNBC,$34.79,1440097875589,"41,406",Not yet rated,NULL,$41.50
FSFG,$31.12,1440097875903,100,Not yet rated,NULL,N/A
FNFG,$9.4,1440097875939,"1,035,303",80% bullish,of 5 ratings,$9
FSGI,$2.49,1440097875961,"3,057",Not yet rated,NULL,N/A
FSLR,$48.12,1440097875990,"842,591",74% bullish,of 39 ratings,$65
FNWB,$12.07,1440097876035,"6,570",Not yet rated,NULL,N/A
FSBK,$7.85,1440097876161,"4,757",100% bullish,of 1 rating,N/A
FBZ,NULL,1440097876189,0,Not yet rated,NULL,N/A
BICK,$19.93,1440097876216,400,100% bullish,of 1 rating,N/A
FTCS,$37.83,1440097876376,"32,064",Not yet rated,NULL,N/A
FCAN,$24.5858,1440097876408,"1,818",Not yet rated,NULL,N/A
IFV,$18.094,1440097876479,"1,342,539",100% bearish,of 1 rating,N/A
FV,$23.99,1440097876505,"1,201,882",Not yet rated,NULL,N/A
FCA,$20.8905,1440097876548,"3,750",Not yet rated,NULL,N/A
FEMB,$42.01,1440097876723,100,Not yet rated,NULL,N/A
FEUZ,$31.4408,1440097876813,897,Not yet rated,NULL,N/A
FTSM,$59.93,1440097876848,"10,184",100% bearish,of 1 rating,N/A
TDIV,$25.18,1440097876939,"117,235",100% bearish,of 1 rating,N/A
MDIV,$19.65,1440097876966,"120,894",Not yet rated,NULL,N/A
FGM,$35.647,1440097877038,"25,834",Not yet rated,NULL,N/A
FTGC,$22.5501,1440097877101,"66,359",Not yet rated,NULL,N/A
FTHI,$20.24,1440097877126,"5,292",Not yet rated,NULL,N/A
HYLS,$49.7358,1440097877169,"25,444",100% bearish,of 1 rating,N/A
YDIV,$16.81,1440097877324,"5,437",Not yet rated,NULL,N/A
FHK,$33.83,1440097877352,"67,160",Not yet rated,NULL,N/A
FPXI,$28.25,1440097877389,"1,025",Not yet rated,NULL,N/A
SKYY,$29.6358,1440097877553,"41,983",100% bullish,of 1 rating,N/A
CU,$12.9659,1440097877598,"6,860",100% bearish,of 1 rating,N/A
FJP,$47.98,1440097877654,"69,049",Not yet rated,NULL,N/A
PLTM,$6.6987,1440097877679,"4,632",100% bearish,of 1 rating,N/A
FTLB,NULL,1440097877730,0,100% bearish,of 1 rating,N/A
LMBS,$50.4744,1440097877864,"9,504",Not yet rated,NULL,N/A
FMB,$51.14,1440097877900,"4,628",Not yet rated,NULL,N/A
CIBR,$18.678,1440097877997,"92,167",Not yet rated,NULL,N/A
QABA,$38.28,1440097878023,"22,168",100% bearish,of 1 rating,N/A
FONE,$35.26,1440097878070,"1,849",Not yet rated,NULL,N/A
GRID,$32.32,1440097878157,200,100% bearish,of 1 rating,N/A
QCLN,$15.21,1440097878185,"17,171",Not yet rated,NULL,N/A
RDVY,$22.0599,1440097878350,"1,646",Not yet rated,NULL,N/A
CARZ,$35.41,1440097878377,"2,255",100% bearish,of 1 rating,N/A
QQEW,$42.8135,1440097878420,"91,497",Not yet rated,NULL,N/A
QTEC,$40.63,1440097878516,"53,664",Not yet rated,NULL,N/A
AIRR,$16.5042,1440097878546,"5,109",100% bearish,of 1 rating,N/A
QQXT,$41.682,1440097878575,"6,514",Not yet rated,NULL,N/A
QINC,$21.1796,1440097878675,108,Not yet rated,NULL,N/A
FKO,NULL,1440097878757,0,Not yet rated,NULL,N/A
FDIV,$48.09,1440097878806,323,100% bearish,of 1 rating,N/A
FTSL,$48.9729,1440097878933,"30,059",100% bearish,of 1 rating,N/A
FSZ,$39.72,1440097878958,"20,859",Not yet rated,NULL,N/A
FTW,NULL,1440097878986,0,Not yet rated,NULL,N/A
TUSA,$25.5,1440097879030,186,Not yet rated,NULL,N/A
FKU,$42.83,1440097879118,"20,194",Not yet rated,NULL,N/A
FUNC,$8.26,1440097879192,"4,500",Not yet rated,NULL,N/A
SVVC,$10.55,1440097879294,"12,077",100% bullish,of 1 rating,$26
FISV,$88.91,1440097879322,"386,856",100% bearish,of 3 ratings,$90
FMER,$17.9699,1440097879350,"427,409",50% bullish,of 2 ratings,$20
FSV,$32.045,1440097879376,"3,445",Not yet rated,NULL,$33.60
FPRX,$18.12,1440097879549,"160,963",50% bullish,of 2 ratings,$35
FIVN,$4.18,1440097879577,"258,773",100% bullish,of 1 rating,$8.50
FIVE,$36.29,1440097879604,"126,216",75% bearish,of 4 ratings,$44
FLML,$21.19,1440097879736,"104,183",50% bullish,of 2 ratings,$30
FLKS,$14.18,1440097879815,"42,197",50% bullish,of 2 ratings,$27
SKOR,$50.5,1440097879846,200,Not yet rated,NULL,N/A
FLXN,$24.31,1440097879869,"61,965",100% bearish,of 1 rating,$40
MBSD,$24.932,1440097879947,805,Not yet rated,NULL,N/A
FLEX,$10.805,1440097880076,"1,199,503",63% bullish,of 8 ratings,$12
FLDM,$12.66,1440097880143,"334,794",67% bearish,of 3 ratings,$21.50
FLXS,$32.305,1440097880173,"31,281",100% bearish,of 2 ratings,N/A
FLIR,$29.725,1440097880202,"355,209",100% bearish,of 1 rating,$38.50
FONR,$9.77,1440097880453,"19,866",100% bullish,of 1 rating,N/A
FOMX,$9.74,1440097880485,"259,628",50% bullish,of 2 ratings,$23.50
FFIC,$20.42,1440097880511,"12,674",Not yet rated,NULL,$21
FOGO,$18.7901,1440097880538,"88,404",50% bullish,of 2 ratings,$25.50
FORM,$6.14,1440097880667,"78,944",67% bullish,of 3 ratings,$10.50
FORTY,$31.81,1440097880717,200,Not yet rated,NULL,N/A
FES,$0.9484,1440097880862,300,50% bullish,of 2 ratings,$1
FWRD,$47.73,1440097880922,"188,922",100% bearish,of 1 rating,$50
FBIO,$2.76,1440097880953,"82,692",83% bullish,of 6 ratings,N/A
FORR,$32.535,1440097880975,"14,270",Not yet rated,NULL,N/A
FTNT,$44.94,1440097881008,"1,005,047",80% bullish,of 10 ratings,$52
FORD,$1.1,1440097881034,"147,381",50% bullish,of 2 ratings,N/A
FWP,$25.47,1440097881244,"7,826",100% bearish,of 1 rating,$45
FOSL,$60.925,1440097881305,"455,006",50% bullish,of 4 ratings,$70
FMI,$20.115,1440097881435,"87,501",100% bearish,of 2 ratings,$27.50
FOXF,$15.38,1440097881488,"20,885",100% bearish,of 1 rating,$19
FXCB,$17.3,1440097881517,"2,984",Not yet rated,NULL,$19
FRAN,$10.26,1440097881538,"260,429",50% bullish,of 4 ratings,$15
FELE,$29.45,1440097881672,"127,642",50% bullish,of 4 ratings,$33
RAIL,$20.5,1440097881772,"43,913",100% bearish,of 1 rating,$24.50
FREE,$0.51,1440097881807,"2,193,895",92% bullish,of 12 ratings,N/A
FTR,$5.27,1440097881833,"10,203,313",78% bullish,of 27 ratings,$6.25
FRED,$14.42,1440097881859,"62,267",50% bullish,of 2 ratings,$16.50
FRPT,$13.2903,1440097881899,"166,881",67% bearish,of 3 ratings,$23.50
FEIM,$11.09,1440097882035,"2,600",100% bearish,of 1 rating,N/A
FTRPR,$103.51,1440097882061,"107,248",100% bearish,of 1 rating,N/A
FRPH,$31.02,1440097882088,447,100% bearish,of 1 rating,N/A
FSBW,$23.44,1440097882221,1,Not yet rated,NULL,N/A
FTD,$30.06,1440097882285,"30,913",100% bearish,of 1 rating,$40
FULL,$3.1801,1440097882431,"10,835",67% bearish,of 3 ratings,$4.25
FSYS,$6.51,1440097882459,"31,969",67% bullish,of 3 ratings,$10
FTEK,$2.28,1440097882503,"23,225",75% bullish,of 4 ratings,N/A
FULT,$12.61,1440097882640,"351,624",100% bearish,of 1 rating,$13
FULLL,$25.37,1440097882675,"2,800",Not yet rated,NULL,N/A
FCEL,$0.7782,1440097882697,"610,869",88% bullish,of 40 ratings,$2.65
FLL,$1.6,1440097882732,"123,802",75% bullish,of 4 ratings,$2.825
FSNN,$2.55,1440097882778,"2,200",67% bullish,of 3 ratings,$6
FFHL,NULL,1440097882834,0,50% bullish,of 4 ratings,N/A
FXEN,$0.9755,1440097882970,"49,770",75% bullish,of 4 ratings,$1.10
GK,$71.21,1440097883024,"15,918",Not yet rated,NULL,$78
FXENP,$16.25,1440097883053,600,100% bearish,of 1 rating,N/A
WILC,$5.1499,1440097883187,"5,470",100% bullish,of 2 ratings,N/A
GAIA,$5.92,1440097883220,"11,165",50% bullish,of 2 ratings,$8.50
GLPG,$63.8664,1440097883357,"6,422",100% bullish,of 1 rating,$75
GALT,$1.98,1440097883384,"63,661",80% bullish,of 5 ratings,N/A
GALTW,$0.65,1440097883419,300,100% bullish,of 1 rating,N/A
GALTU,NULL,1440097883440,0,100% bearish,of 1 rating,N/A
GLPI,$32.63,1440097883520,"201,106",100% bearish,of 1 rating,$37.50
GLMD,$8.5366,1440097883551,"2,071",67% bullish,of 3 ratings,$20.50
GRMN,$39.21,1440097883683,"336,450",50% bullish,of 6 ratings,$48
GPIC,$10.38,1440097883788,400,100% bearish,of 1 rating,N/A
GGAC,NULL,1440097883814,0,100% bearish,of 1 rating,N/A
GGACR,NULL,1440097883843,0,100% bullish,of 1 rating,N/A
GALE,$1.3501,1440097883872,"723,679",89% bullish,of 47 ratings,$4
GGACU,NULL,1440097883944,0,Not yet rated,NULL,N/A
GGACW,$0.12,1440097884074,500,Not yet rated,NULL,N/A
GARS,$14.78,1440097884126,"11,599",Not yet rated,NULL,$16
GFN,$3.79,1440097884204,"17,781",100% bearish,of 2 ratings,$8
GFNCP,NULL,1440097884282,0,Not yet rated,NULL,N/A
GNCMA,$17,1440097884337,"44,436",100% bearish,of 1 rating,$12
GENC,$9.5001,1440097884364,600,100% bearish,of 1 rating,N/A
GFNSL,$25.697,1440097884393,"1,700",Not yet rated,NULL,N/A
GENE,$2.555,1440097884445,"150,897",100% bullish,of 12 ratings,N/A
GNMK,$9.12,1440097884528,"100,148",67% bullish,of 6 ratings,$14
GHDX,$24.89,1440097884736,"62,811",50% bullish,of 2 ratings,$30
GNCA,$12.21,1440097884801,"103,180",100% bearish,of 1 rating,$20
THRM,$45.1,1440097884838,"132,087",75% bearish,of 4 ratings,$55.50
GNTX,$15.38,1440097884869,"794,736",Not yet rated,NULL,$20
GTWN,$18.57,1440097884899,1,Not yet rated,NULL,N/A
GERN,$3.05,1440097884970,"502,437",88% bullish,of 16 ratings,$5.25
GNVC,$2.41,1440097884996,"4,010",90% bullish,of 10 ratings,$8.50
GEOS,$15.0401,1440097885058,"84,361",100% bearish,of 3 ratings,$25.50
GABC,$29.79,1440097885142,"8,724",Not yet rated,NULL,$31.50
GEVO,$2.3,1440097885274,"216,798",75% bullish,of 12 ratings,$5
GIGM,$0.6202,1440097885346,"12,892",100% bullish,of 2 ratings,N/A
ROCK,$18.05,1440097885378,"24,668",80% bullish,of 5 ratings,$24
GIII,$67.78,1440097885400,"54,938",67% bullish,of 3 ratings,$75
GIGA,$1.52,1440097885421,"81,811",100% bearish,of 1 rating,N/A
GILT,$4.48,1440097885476,"10,906",50% bullish,of 2 ratings,N/A
GILD,$113.38,1440097885559,"3,390,084",91% bullish,of 86 ratings,$129
GBCI,$26.565,1440097885731,"136,184",50% bullish,of 2 ratings,$31
GLADO,$25.49,1440097885768,"1,666",Not yet rated,NULL,N/A
GOOD,$15.66,1440097885798,"15,206",Not yet rated,NULL,$19
GOODN,$25.6499,1440097885819,400,Not yet rated,NULL,N/A
GLAD,$8.3371,1440097885857,"39,308",50% bullish,of 2 ratings,$8.75
GOODO,NULL,1440097885886,0,Not yet rated,NULL,N/A
GOODP,NULL,1440097885993,0,Not yet rated,NULL,N/A
GAINO,$25.7499,1440097886172,200,Not yet rated,NULL,N/A
GAIN,$7.66,1440097886227,"116,955",100% bullish,of 2 ratings,$8.25
GAINP,$26.065,1440097886254,"1,222",Not yet rated,NULL,N/A
LAND,$9.52,1440097886283,"11,391",50% bullish,of 2 ratings,$13.75
GAINN,$25.3818,1440097886344,"61,311",Not yet rated,NULL,N/A
GBT,$44.78,1440097886414,"75,437",100% bearish,of 1 rating,N/A
GDEF,NULL,1440097886442,0,Not yet rated,NULL,N/A
GLBZ,NULL,1440097886475,0,Not yet rated,NULL,N/A
ENT,$11.5,1440097886571,"265,295",100% bearish,of 1 rating,$18
GBLI,$26.38,1440097886701,"7,200",Not yet rated,NULL,N/A
GSOL,$8.39,1440097886745,"6,147",100% bearish,of 1 rating,N/A
GPACU,NULL,1440097886797,0,Not yet rated,NULL,N/A
ACTX,$13.78,1440097886845,"1,051",100% bullish,of 1 rating,N/A
QQQC,$20.1959,1440097886984,"8,373",100% bearish,of 1 rating,N/A
SOCL,$17.736,1440097887023,"42,001",100% bullish,of 2 ratings,N/A
ALTY,NULL,1440097887086,0,Not yet rated,NULL,N/A
SRET,$13.85,1440097887151,"1,301",Not yet rated,NULL,N/A
GSM,$13.47,1440097887190,"217,321",50% bullish,of 2 ratings,$24.50
YLCO,$12.1099,1440097887218,100,Not yet rated,NULL,N/A
GLBS,$1.0701,1440097887373,"7,000",67% bullish,of 3 ratings,N/A
GBIM,$2.24,1440097887403,"10,193",50% bullish,of 2 ratings,N/A
GAI,$5.4001,1440097887451,"1,762",50% bullish,of 2 ratings,N/A
GLUU,$4.52,1440097887532,"1,887,705",92% bullish,of 26 ratings,$9
GLRI,$1.15,1440097887561,"3,089",100% bearish,of 1 rating,$6
GLYC,$7.21,1440097887599,"1,812",50% bullish,of 2 ratings,$14
GOGO,$15.8501,1440097887737,"408,256",80% bullish,of 5 ratings,$25
GLNG,$37.08,1440097887846,"344,365",83% bullish,of 6 ratings,$58
GLDC,$4.0544,1440097887908,400,50% bullish,of 2 ratings,N/A
GDEN,$8.79,1440097887935,"6,595",50% bullish,of 2 ratings,N/A
GMLP,$19.55,1440097887956,"126,215",50% bullish,of 4 ratings,$32.50
GOGL,$3.18,1440097887995,"187,960",75% bullish,of 4 ratings,$5
GBDC,$16.54,1440097888092,"37,260",Not yet rated,NULL,$17.75
GOOG,$649.4,1440097888114,"827,484",89% bullish,of 65 ratings,$825
GTIM,$6.12,1440097888196,"69,757",Not yet rated,NULL,$11.50
GOOGL,$682.69,1440097888259,"830,538",88% bullish,of 1079 ratings,$749
GPIA,NULL,1440097888393,0,Not yet rated,NULL,N/A
GMAN,$4.405,1440097888422,"36,696",60% bullish,of 5 ratings,$8
GPRO,$50.93,1440097888444,"4,674,790",78% bullish,of 58 ratings,$72
GPIAU,NULL,1440097888589,0,Not yet rated,NULL,N/A
GPIAW,NULL,1440097888629,0,Not yet rated,NULL,N/A
GRVY,$3.67,1440097888658,519,50% bullish,of 2 ratings,N/A
LOPE,$36.9,1440097888688,"126,445",100% bearish,of 2 ratings,$50
GBSNU,$17.25,1440097888825,"3,550",Not yet rated,NULL,N/A
GLDD,$5.4401,1440097888958,"109,388",100% bearish,of 4 ratings,$7.75
GSBC,$40.621,1440097889036,"13,536",100% bullish,of 1 rating,$44
GNBC,$12.38,1440097889090,"12,579",100% bearish,of 1 rating,$17
GBSN,$2.0541,1440097889116,"76,278",100% bearish,of 1 rating,$8.25
GPP,$14.77,1440097889247,"38,053",Not yet rated,NULL,$20.50
GRBK,$13.495,1440097889273,"102,365",77% bullish,of 13 ratings,N/A
GPRE,$19.64,1440097889326,"368,383",67% bullish,of 6 ratings,$28.50
GLRE,$25.83,1440097889428,"98,633",100% bullish,of 1 rating,$41
GRIF,NULL,1440097889468,0,100% bearish,of 1 rating,N/A
GCBC,NULL,1440097889498,0,100% bullish,of 1 rating,N/A
GRFS,$31.05,1440097889562,"50,050",50% bullish,of 2 ratings,$35
GRPN,$4.07,1440097889630,"4,082,653",61% bullish,of 71 ratings,$6.75
OMAB,$40.39,1440097889659,"18,361",100% bullish,of 1 rating,$44
GGAL,$18.98,1440097889788,"150,147",80% bullish,of 5 ratings,$40
GSIG,$13.13,1440097889814,"13,360",100% bearish,of 2 ratings,N/A
GSIT,$4.81,1440097889867,"6,632",100% bearish,of 1 rating,N/A
GSVC,$9.28,1440097889966,"36,422",50% bullish,of 2 ratings,$14.50
GTXI,$0.92,1440097890037,"56,241",100% bullish,of 5 ratings,$.75
GBNK,$15.815,1440097890131,"16,980",100% bearish,of 1 rating,$18
GFED,$14.8443,1440097890230,"1,000",Not yet rated,NULL,$17
GUID,$7.82,1440097890314,"65,333",100% bearish,of 3 ratings,$10
GIFI,$12.29,1440097890361,"27,880",100% bearish,of 1 rating,$16
GULTU,$0.3,1440097890391,"3,460,453",100% bearish,of 1 rating,N/A
GWPH,$103.89,1440097890446,"241,790",78% bullish,of 9 ratings,$148.50
GPOR,$33.9,1440097890472,"503,073",75% bullish,of 4 ratings,$55
GURE,$1.73,1440097890499,"49,558",88% bullish,of 8 ratings,N/A
GWGH,$7.55,1440097890686,200,100% bearish,of 1 rating,$15.05
GYRO,$2.91,1440097890739,"14,026",100% bearish,of 1 rating,N/A
HEES,$16.41,1440097890781,"159,620",67% bearish,of 3 ratings,$31
HNRG,$7.23,1440097890872,"114,938",100% bearish,of 1 rating,$10
HALL,$11.61,1440097890899,"3,958",Not yet rated,NULL,N/A
HLG,$9.3,1440097890920,"2,100",100% bearish,of 1 rating,N/A
HALO,$17.665,1440097891055,"617,681",67% bullish,of 3 ratings,$22.50
HBK,$13.77,1440097891143,"1,050",50% bullish,of 2 ratings,N/A
HMPR,$1.9,1440097891171,"192,605",100% bullish,of 1 rating,N/A
HBHC,$27.32,1440097891299,"137,001",50% bullish,of 2 ratings,$30
HAFC,$24.78,1440097891383,"34,309",100% bullish,of 2 ratings,$28.50
HNH,$28.48,1440097891442,"8,469",100% bullish,of 1 rating,N/A
HBHCL,$24.5899,1440097891470,"15,047",Not yet rated,NULL,N/A
HQCL,$9.683,1440097891496,"9,090",67% bullish,of 3 ratings,N/A
HNSN,$0.5101,1440097891645,"28,163",88% bullish,of 8 ratings,$.40
HDNG,$10.2199,1440097891711,"3,339",50% bullish,of 4 ratings,N/A
HLIT,$5.66,1440097891776,"96,524",100% bearish,of 1 rating,$6.50
HRMN,NULL,1440097891804,0,Not yet rated,NULL,N/A
HRMNW,NULL,1440097891853,0,Not yet rated,NULL,N/A
HRMNU,NULL,1440097891880,0,Not yet rated,NULL,N/A
HART,$0.6401,1440097891958,"93,578",100% bearish,of 1 rating,N/A
TINY,$2.45,1440097892013,"22,649",50% bullish,of 2 ratings,$5.26
HBIO,$4.35,1440097892198,"16,808",Not yet rated,NULL,$10
HCAP,$12.114,1440097892232,"4,439",50% bullish,of 2 ratings,$15
HA,$24.75,1440097892330,"294,458",67% bullish,of 9 ratings,$27
HCAPL,$25.51,1440097892359,"1,087",Not yet rated,NULL,N/A
HWKN,$36.25,1440097892397,"7,533",Not yet rated,NULL,N/A
HCOM,$22.5,1440097892491,"1,768",100% bearish,of 1 rating,$28
HAS,$78.18,1440097892513,"295,869",63% bullish,of 8 ratings,$84.50
HWBK,$13.49,1440097892647,328,100% bearish,of 1 rating,N/A
HDS,$33.72,1440097892678,"620,845",100% bearish,of 2 ratings,$39.50
HIIQ,$4.55,1440097892712,"34,247",50% bullish,of 2 ratings,$7
HAYN,$38.83,1440097892779,"32,542",100% bearish,of 1 rating,$59
HCSG,$33.98,1440097892810,"62,735",50% bullish,of 4 ratings,$35
HQY,$30.81,1440097892916,"142,102",67% bullish,of 3 ratings,$31
HWAY,$12.44,1440097893145,"137,276",100% bearish,of 1 rating,$15
HTLD,$20.61,1440097893200,"213,721",Not yet rated,NULL,$22.50
HSTM,$24.99,1440097893260,"61,426",50% bullish,of 2 ratings,$33.75
HTWR,$85.43,1440097893288,"107,297",50% bullish,of 2 ratings,$103
HTLF,$36.49,1440097893315,"21,556",100% bullish,of 1 rating,$39.50
HSII,$20.26,1440097893337,"39,105",100% bullish,of 3 ratings,$25
HELE,$89.56,1440097893373,"95,610",67% bearish,of 3 ratings,$100
HTBX,$5.405,1440097893394,"18,082",50% bullish,of 2 ratings,$15.50
HMTV,$12.86,1440097893565,"1,306",100% bearish,of 1 rating,$16
HMNY,$2.29,1440097893596,"1,100",100% bearish,of 1 rating,N/A
HNNA,$23,1440097893660,"5,248",Not yet rated,NULL,N/A
HCACU,$10.02,1440097893692,200,Not yet rated,NULL,N/A
HSIC,$143.33,1440097893762,"120,891",83% bullish,of 6 ratings,$146
HERO,$0.0668,1440097893915,"795,555",81% bullish,of 16 ratings,$.75
HTBK,$10.78,1440097893975,"31,038",Not yet rated,NULL,$12
HEOP,$7.86,1440097894046,"5,252",Not yet rated,NULL,$8.50
HCCI,$11.84,1440097894193,"5,354",100% bearish,of 1 rating,$16.50
HSKA,$33.69,1440097894225,"20,388",100% bearish,of 1 rating,$38
HFWA,$17.94,1440097894255,"8,910",100% bullish,of 1 rating,$20
HRTX,$32.995,1440097894282,"265,222",67% bullish,of 6 ratings,$41
MLHR,$28.66,1440097894325,"80,468",50% bullish,of 2 ratings,$33.50
HFFC,$16.2,1440097894353,"2,402",Not yet rated,NULL,N/A
HPJ,$2.61,1440097894497,"14,045",75% bullish,of 4 ratings,$12.43
HIMX,$6.525,1440097894599,"1,429,062",86% bullish,of 21 ratings,$8.50
HIHO,$4.1,1440097894742,"10,915",Not yet rated,NULL,N/A
HIFS,$119.2,1440097894768,"6,860",Not yet rated,NULL,N/A
HSGX,$6.0001,1440097894794,"3,400",100% bearish,of 1 rating,$17
HIBB,$39.5247,1440097894932,"140,709",100% bearish,of 1 rating,$48.50
HMNF,$11.11,1440097894963,300,Not yet rated,NULL,N/A
HMSY,$9.19,1440097894990,"565,907",67% bullish,of 3 ratings,$19.35
HOLI,$17.36,1440097895072,"185,148",50% bullish,of 4 ratings,$27
HOLX,$41.15,1440097895125,"545,047",67% bullish,of 3 ratings,$42
HBCP,$24.29,1440097895160,"1,645",Not yet rated,NULL,$29
HFBL,$21.8,1440097895253,"6,661",Not yet rated,NULL,N/A
HOMB,$39.77,1440097895287,"39,282",Not yet rated,NULL,$41
AWAY,$30.08,1440097895358,"337,671",67% bullish,of 3 ratings,$36
HMST,$21.24,1440097895383,"51,141",100% bullish,of 2 ratings,$27
HMIN,$29.4,1440097895425,"69,095",100% bearish,of 2 ratings,$35
HTBI,$18.43,1440097895572,"26,055",67% bullish,of 3 ratings,$18.625
HFBC,$11.5,1440097895787,"3,400",Not yet rated,NULL,N/A
CETC,$0.8299,1440097895819,"69,425",86% bullish,of 7 ratings,N/A
HBNC,$24.49,1440097895841,"19,626",100% bullish,of 1 rating,$27
HKTV,$4.9101,1440097895863,"15,500",100% bearish,of 1 rating,N/A
HOFT,$24.485,1440097895916,"14,758",100% bearish,of 1 rating,N/A
HZNP,$30.105,1440097896000,"922,028",85% bullish,of 20 ratings,$40
HRZN,$10.84,1440097896030,"36,361",100% bearish,of 1 rating,$14.25
ZINC,$7.48,1440097896052,"325,753",100% bearish,of 1 rating,$17
HMHC,$22.37,1440097896294,"196,414",Not yet rated,NULL,$27
HDP,$25.705,1440097896320,"190,164",67% bearish,of 3 ratings,$30.50
HWCC,$7.27,1440097896370,"37,043",100% bearish,of 1 rating,$9
HOVNP,NULL,1440097896456,0,100% bearish,of 1 rating,N/A
HBMD,NULL,1440097896483,0,100% bearish,of 1 rating,N/A
HSNI,$62.08,1440097896510,"99,989",Not yet rated,NULL,$80
HTGM,$5.72,1440097896865,"9,389",100% bearish,of 1 rating,$19.50
HUBG,$39.84,1440097896891,"94,653",100% bearish,of 1 rating,$43
HCBK,$9.91,1440097896924,"737,953",83% bullish,of 6 ratings,$8.61
HBAN,$11.365,1440097896951,"2,867,318",76% bullish,of 17 ratings,$12.50
HDSN,$2.86,1440097896972,"43,424",100% bullish,of 1 rating,$6.25
HSON,$2.87,1440097897023,"8,631",100% bearish,of 1 rating,$5
HBANP,$1358,1440097897157,79,100% bearish,of 1 rating,N/A
HURN,$73.98,1440097897188,"41,007",50% bullish,of 2 ratings,$80
HDRA,$9.69,1440097897342,100,Not yet rated,NULL,N/A
HURC,$30.12,1440097897394,"9,896",100% bearish,of 1 rating,N/A
HBP,$3.2,1440097897422,"2,900",100% bullish,of 1 rating,N/A
HTCH,$1.63,1440097897450,"32,230",100% bearish,of 1 rating,$3.50
HDRAR,$0.3701,1440097897685,"1,700",Not yet rated,NULL,N/A
HYGS,$7.4,1440097897769,"18,282",50% bullish,of 2 ratings,$13
IACI,$71.57,1440097897805,"438,911",75% bullish,of 4 ratings,$90
HDRAU,$10.1,1440097897826,"5,825",Not yet rated,NULL,N/A
HDRAW,NULL,1440097897857,0,Not yet rated,NULL,N/A
IDSY,$3.845,1440097897902,"13,788",100% bearish,of 1 rating,$7
IBKC,$61.54,1440097898139,"58,706",100% bullish,of 1 rating,$70
IKGH,$1.7501,1440097898165,"4,900",75% bullish,of 4 ratings,N/A
ICAD,$3.51,1440097898221,"20,535",50% bullish,of 2 ratings,$7.25
ICLR,$78.95,1440097898247,"171,129",100% bearish,of 3 ratings,$85
ICFI,$36.37,1440097898293,"48,695",50% bullish,of 2 ratings,$48.50
IEP,$69.1208,1440097898378,"94,422",75% bullish,of 4 ratings,$99
INVE,$4.65,1440097898527,"50,925",75% bullish,of 4 ratings,$4
ICUI,$118.44,1440097898557,"63,738",Not yet rated,NULL,$122
IPWR,$7.33,1440097898590,"5,940",100% bullish,of 1 rating,$15
ICON,$12.83,1440097898629,"268,903",50% bullish,of 2 ratings,$18.50
IDXX,$76.5,1440097898687,"237,893",100% bearish,of 1 rating,$77
DSKY,$12.05,1440097898719,"362,523",67% bullish,of 6 ratings,$11.50
IROQ,$16.5101,1440097898785,400,100% bullish,of 1 rating,N/A
IDRA,$2.54,1440097898813,"1,216,708",89% bullish,of 9 ratings,$6.50
IRG,$4.7996,1440097899026,"19,579",100% bearish,of 1 rating,$4.50
KANG,$15.55,1440097899159,"288,149",50% bullish,of 2 ratings,$22.55
RXDX,$12.39,1440097899193,"94,571",100% bullish,of 1 rating,$20
ILMN,$201.4,1440097899214,"380,796",80% bullish,of 5 ratings,$240
IKAN,$2.72,1440097899245,"33,500",83% bullish,of 6 ratings,$5
IIVI,$17.91,1440097899267,"105,453",100% bearish,of 1 rating,$22
IKNX,NULL,1440097899299,0,100% bearish,of 1 rating,N/A
IMMR,$11.42,1440097899437,"146,559",80% bullish,of 5 ratings,$15.50
ISNS,$3.84,1440097899470,"41,265",50% bullish,of 2 ratings,N/A
ICCC,$8.174,1440097899621,"10,459",100% bullish,of 1 rating,N/A
IMGN,$12.71,1440097899650,"402,946",75% bullish,of 4 ratings,$17.50
IMMU,$1.755,1440097899712,"319,502",86% bullish,of 7 ratings,$2
IMNP,$1.4443,1440097899762,"84,704",50% bullish,of 2 ratings,$6
IMDZ,$15.665,1440097899789,"58,272",100% bearish,of 1 rating,$33
IPXL,$44.43,1440097899925,"290,443",67% bullish,of 3 ratings,$46.50
IMMY,$7.39,1440097899953,"13,488",100% bearish,of 1 rating,$11
SAAS,$7.6,1440097900171,"222,010",50% bullish,of 2 ratings,$15
INCY,$109.43,1440097900200,"537,280",50% bullish,of 6 ratings,$125.50
INDB,$47.24,1440097900237,"33,531",Not yet rated,NULL,$44
IBCP,$14.25,1440097900260,"14,392",100% bullish,of 1 rating,$14.50
INCR,$43.55,1440097900281,"187,504",50% bullish,of 2 ratings,$53
IBTX,$43.23,1440097900317,"20,534",100% bullish,of 2 ratings,$47.25
IDSA,$3.73,1440097900343,"5,227",Not yet rated,NULL,N/A
INFN,$22.0001,1440097900539,"1,779,728",71% bullish,of 7 ratings,$28
INFI,$9.045,1440097900567,"364,752",50% bullish,of 4 ratings,$18
IPCC,$81.02,1440097900604,"12,404",Not yet rated,NULL,$77.50
III,$4.22,1440097900759,"55,100",57% bullish,of 7 ratings,$6
IFON,$1.22,1440097900786,"141,127",75% bullish,of 4 ratings,N/A
IMKTA,$54.08,1440097900868,"42,310",100% bearish,of 1 rating,N/A
INNL,$12.63,1440097900921,588,100% bearish,of 1 rating,$16.50
INWK,$7.42,1440097900952,"57,170",50% bullish,of 2 ratings,$10
INOD,$2.518,1440097901051,"29,817",100% bearish,of 1 rating,N/A
ISSC,$2.92,1440097901078,"9,062",67% bearish,of 3 ratings,N/A
IPHS,$49.06,1440097901110,"26,050",100% bearish,of 1 rating,$60
IOSP,$46.42,1440097901145,"50,283",100% bearish,of 1 rating,N/A
INGN,$49.485,1440097901280,"73,001",100% bearish,of 1 rating,$50.50
ITEK,$14.39,1440097901307,"349,640",100% bearish,of 3 ratings,$20
INOV,$21.06,1440097901442,"129,564",100% bearish,of 1 rating,$33
INO,$7.182,1440097901467,"730,837",89% bullish,of 18 ratings,$20
NSIT,$26.17,1440097901493,"48,061",50% bullish,of 2 ratings,N/A
INSM,$26.05,1440097901637,"89,890",71% bullish,of 7 ratings,$31.50
ISIG,$2.6,1440097901664,"14,950",100% bearish,of 1 rating,N/A
IIIN,$17.77,1440097901797,"31,421",100% bearish,of 2 ratings,N/A
PODD,$29.36,1440097901930,"252,677",50% bullish,of 2 ratings,$35
INSY,$32.77,1440097901960,"420,357",75% bullish,of 4 ratings,$48
IART,$60.57,1440097901988,"107,709",100% bearish,of 1 rating,$71.50
NTEC,$5.91,1440097902020,"12,478",Not yet rated,NULL,N/A
IESC,$7.2,1440097902054,"2,100",100% bearish,of 1 rating,N/A
ISSI,$22.325,1440097902122,"253,369",67% bullish,of 3 ratings,$19.75
IDTI,$17.75,1440097902153,"1,570,182",60% bullish,of 5 ratings,$25
INTC,$27.62,1440097902248,"12,252,017",82% bullish,of 238 ratings,$36
IQNT,$19.42,1440097902411,"347,192",86% bullish,of 7 ratings,$20
IPCI,$2.17,1440097902469,"23,971",67% bullish,of 6 ratings,$7.75
IBKR,$40.52,1440097902554,"302,876",100% bullish,of 1 rating,N/A
IPAR,$28.135,1440097902602,"22,859",67% bullish,of 3 ratings,$38
ICPT,$199.71,1440097902630,"162,548",70% bullish,of 10 ratings,$359.50
ININ,$39.91,1440097902654,"61,457",67% bearish,of 3 ratings,$57
ICLD,$1.8,1440097902685,"198,166",75% bullish,of 4 ratings,N/A
IDCC,$48.685,1440097902819,"89,371",80% bullish,of 5 ratings,$63
ICLDW,NULL,1440097902844,0,100% bearish,of 1 rating,N/A
IBOC,$26.41,1440097902984,"77,352",100% bearish,of 1 rating,N/A
IMI,$1.9799,1440097903014,"1,810",67% bullish,of 3 ratings,$2.22
TILE,$24.765,1440097903045,"276,244",67% bearish,of 3 ratings,$27
INAP,$8.63,1440097903072,"69,991",75% bullish,of 4 ratings,$11
ISCA,$32.13,1440097903144,"25,387",100% bearish,of 1 rating,N/A
IGLD,$7.1813,1440097903334,"2,612",50% bullish,of 2 ratings,N/A
IIJI,$9.23,1440097903362,400,50% bullish,of 2 ratings,$11.50
PTNT,$3,1440097903392,810,Not yet rated,NULL,N/A
XENT,$27.9,1440097903492,"109,009",50% bullish,of 2 ratings,$36.50
ISIL,$10.37,1440097903549,"337,898",50% bullish,of 6 ratings,$15
INTX,$2.5,1440097903632,"5,918",67% bullish,of 3 ratings,N/A
INPH,$0.3248,1440097903682,"12,518",50% bullish,of 2 ratings,N/A
INTLL,$25.92,1440097903816,400,Not yet rated,NULL,N/A
IILG,$20.98,1440097903853,"39,078",100% bearish,of 1 rating,$30.50
IVAC,$4.98,1440097903876,"11,128",Not yet rated,NULL,$6.625
ITCI,$28.86,1440097903950,"262,811",75% bearish,of 4 ratings,$40
IIN,$6.42,1440097903979,510,100% bearish,of 1 rating,$12
INTL,$26.98,1440097904012,"32,720",67% bearish,of 3 ratings,N/A
INTU,$103.73,1440097904112,"397,085",100% bullish,of 7 ratings,$110.50
ISRG,$517.39,1440097904215,"58,950",67% bullish,of 3 ratings,$600
INVT,$0.283,1440097904283,"37,935",67% bullish,of 3 ratings,N/A
ISTR,$15.6,1440097904354,416,100% bearish,of 1 rating,$18.50
SNAK,$8.6,1440097904381,"60,983",50% bullish,of 2 ratings,$14
NVIV,$10.95,1440097904515,"200,161",50% bullish,of 4 ratings,$24.50
ITIC,NULL,1440097904536,0,100% bearish,of 2 ratings,N/A
ISBC,$12,1440097904569,"1,216,779",100% bullish,of 1 rating,$13.25
IVTY,$12.6,1440097904618,"21,310",Not yet rated,NULL,$18
DTUL,NULL,1440097904762,0,Not yet rated,NULL,N/A
IPAS,$1.07,1440097904787,"15,168",67% bullish,of 3 ratings,N/A
DFVL,NULL,1440097904818,0,Not yet rated,NULL,N/A
IPCM,$79.15,1440097904849,"151,199",50% bullish,of 2 ratings,$80.125
IPGP,$87.35,1440097904955,"94,383",100% bearish,of 2 ratings,$109.50
IRMD,$25.33,1440097904982,"17,481",67% bearish,of 3 ratings,$25
IRIX,$7.15,1440097905132,"16,100",100% bearish,of 1 rating,N/A
IRBT,$30.04,1440097905195,"106,579",67% bullish,of 6 ratings,$37
IRWD,$11.0938,1440097905327,"634,543",100% bearish,of 1 rating,$13
IRDM,$6.71,1440097905353,"249,808",60% bullish,of 5 ratings,$11.50
IRDMB,$267.5,1440097905377,120,67% bearish,of 3 ratings,N/A
IRCP,$33.5,1440097905411,957,100% bullish,of 2 ratings,N/A
COMT,$33.08,1440097905516,"4,200",100% bearish,of 1 rating,N/A
FCHI,$47.9,1440097905571,470,Not yet rated,NULL,N/A
GNMA,$50.066,1440097905598,"3,218",Not yet rated,NULL,N/A
IFAS,$28.62,1440097905632,"1,100",Not yet rated,NULL,N/A
IFEU,$39.9424,1440097905733,"4,444",Not yet rated,NULL,N/A
IFNA,$56.1,1440097905762,"4,750",Not yet rated,NULL,N/A
IFGL,$29.54,1440097905793,"38,427",Not yet rated,NULL,N/A
ACWX,$41.57,1440097905896,"442,844",100% bearish,of 1 rating,N/A
ACWI,$57.42,1440097906052,"552,396",Not yet rated,NULL,N/A
AAXJ,$53.89,1440097906077,"1,052,931",Not yet rated,NULL,N/A
AXJS,NULL,1440097906105,0,Not yet rated,NULL,N/A
AAIT,$30.2135,1440097906237,306,100% bullish,of 1 rating,N/A
EEME,$39.8999,1440097906287,"1,093",100% bearish,of 1 rating,N/A
EEMA,$50.75,1440097906316,"15,209",Not yet rated,NULL,N/A
EMDI,$44.2402,1440097906417,860,Not yet rated,NULL,N/A
EMEY,$24.405,1440097906446,680,Not yet rated,NULL,N/A
EGRW,$47.6799,1440097906475,"5,262",Not yet rated,NULL,N/A
EEML,$28.36,1440097906504,"1,220",Not yet rated,NULL,N/A
EUFN,$22.42,1440097906609,"102,274",100% bearish,of 1 rating,N/A
EVAL,$36.3475,1440097906638,"4,244",Not yet rated,NULL,N/A
IEUS,$46.2759,1440097906687,"2,277",100% bearish,of 1 rating,N/A
QAT,NULL,1440097906861,0,Not yet rated,NULL,N/A
UAE,$18.16,1440097906925,"5,850",Not yet rated,NULL,N/A
IBB,$355.26,1440097907018,"669,749",63% bullish,of 8 ratings,N/A
EMIF,$29.22,1440097907089,"7,269",Not yet rated,NULL,N/A
SOXX,$81.18,1440097907191,"414,187",50% bullish,of 2 ratings,N/A
INDY,$29,1440097907225,"251,946",100% bullish,of 1 rating,N/A
ICLN,$9.68,1440097907246,"21,893",50% bullish,of 2 ratings,N/A
WOOD,$50.113,1440097907279,"9,221",50% bullish,of 2 ratings,N/A
ISHG,$79.31,1440097907322,"1,975",100% bearish,of 1 rating,N/A
ISIS,$47.95,1440097907376,"584,215",53% bullish,of 15 ratings,$67
IGOV,$91.17,1440097907572,"12,016",100% bearish,of 1 rating,N/A
ISLE,$17.45,1440097907602,"130,913",50% bullish,of 4 ratings,$16
ISRL,$136.99,1440097907624,121,100% bearish,of 1 rating,N/A
ITRN,$24.807,1440097907702,"2,478",50% bullish,of 2 ratings,N/A
ITRI,$32.51,1440097907761,"119,995",Not yet rated,NULL,$37
ITUS,$4.4599,1440097907786,"4,300",Not yet rated,NULL,N/A
XXIA,$15.635,1440097907927,"160,448",71% bullish,of 7 ratings,$14.625
IXYS,$10.7901,1440097908013,"135,447",50% bullish,of 4 ratings,N/A
MAYS,$59,1440097908042,100,Not yet rated,NULL,N/A
JBHT,$78.535,1440097908073,"381,386",50% bullish,of 4 ratings,$89.50
JASO,$7.695,1440097908105,"535,445",82% bullish,of 17 ratings,$10
JJSF,$117,1440097908174,"14,328",100% bearish,of 1 rating,N/A
JCOM,$71.52,1440097908204,"60,322",100% bullish,of 2 ratings,$77
JKHY,$70.5799,1440097908308,"85,866",50% bullish,of 2 ratings,$72
JACK,$84.28,1440097908362,"257,825",83% bullish,of 6 ratings,$105
JXSB,NULL,1440097908604,0,Not yet rated,NULL,N/A
JAXB,$13,1440097908711,"7,971",100% bullish,of 1 rating,N/A
JMBA,$13.405,1440097908746,"61,988",75% bullish,of 4 ratings,$18
JAKK,$9.64,1440097908773,"401,765",60% bearish,of 5 ratings,$10.50
JRVR,$26.635,1440097908845,"13,011",Not yet rated,NULL,$32
JAGX,$2.95,1440097908870,300,Not yet rated,NULL,N/A
JASN,$4.98,1440097909003,"32,066",50% bullish,of 2 ratings,$9.50
ERW,NULL,1440097909024,0,Not yet rated,NULL,N/A
JASNW,$0.25,1440097909106,"5,000",50% bullish,of 2 ratings,N/A
JD,$25.06,1440097909152,"4,354,190",75% bullish,of 16 ratings,$36
JAZZ,$183.33,1440097909210,"176,402",80% bullish,of 15 ratings,$206.50
JBLU,$22.9901,1440097909290,"2,992,970",94% bullish,of 16 ratings,$27
JTPY,$3,1440097909313,"2,116",100% bearish,of 1 rating,N/A
JCTCF,NULL,1440097909347,0,100% bullish,of 1 rating,N/A
DATE,$6.49,1440097909386,"128,092",75% bullish,of 4 ratings,$9
JST,$4.16,1440097909527,"31,568",75% bullish,of 4 ratings,N/A
JIVE,$4.07,1440097909802,"407,775",75% bullish,of 4 ratings,$5
WYIGU,$10.0524,1440097909835,400,Not yet rated,NULL,N/A
JBSS,$48.43,1440097909870,"16,883",67% bearish,of 3 ratings,N/A
JOEZ,$0.1845,1440097909901,"139,435",92% bullish,of 12 ratings,N/A
JUNO,$39.13,1440097909923,"699,858",73% bullish,of 11 ratings,$71.50
KALU,$83.57,1440097909964,"62,347",67% bearish,of 3 ratings,$91
JNP,$9.89,1440097909990,"11,472",100% bullish,of 3 ratings,$15
JOUT,$24.92,1440097910066,"3,105",100% bearish,of 1 rating,$34
KTWO,$21.94,1440097910347,"118,913",100% bearish,of 1 rating,$28.50
KMDA,$3.675,1440097910376,"8,545",50% bullish,of 2 ratings,$8
KCLI,$47.6,1440097910399,"4,904",Not yet rated,NULL,N/A
KPTI,$13.07,1440097910433,"225,705",67% bearish,of 3 ratings,$39
