Symbol,Price,Date,Volume,Rating,RatingVoteCount,OneYearEstimate
PIH,$6.99,1440440102721,"10,700",100% bearish,of 1 rating,N/A
TFSC,NULL,1440440102754,0,100% bearish,of 1 rating,N/A
DGLD,$77.1399,1440440102786,"18,404",100% bearish,of 1 rating,N/A
SRCE,$29.3561,1440440102813,"12,188",100% bullish,of 3 ratings,$33
UGLD,$9.795,1440440102849,"295,228",100% bearish,of 1 rating,N/A
FCCY,$11.5,1440440102870,100,100% bullish,of 1 rating,$13
FCTY,NULL,1440440103005,0,100% bullish,of 1 rating,$8.50
DSLV,$66.36,1440440103186,"33,143",100% bearish,of 1 rating,N/A
TFSCR,NULL,1440440103241,0,Not yet rated,NULL,N/A
TWOU,$33.255,1440440103273,"167,241",50% bullish,of 2 ratings,$39
AVHI,$13.82,1440440103403,"6,244",100% bearish,of 1 rating,$19
ABAX,$46.2386,1440440103598,"53,044",100% bearish,of 1 rating,$60
SHLM,$34.01,1440440103626,"45,243",100% bearish,of 1 rating,$50
ABEOW,$1.86,1440440103783,"1,550",100% bullish,of 1 rating,N/A
AAON,$20.9099,1440440103814,"42,722",100% bearish,of 1 rating,$24
ABMD,$94.02,1440440103836,"547,525",75% bullish,of 4 ratings,$100.50
ABEO,$4.4001,1440440103969,"133,210",67% bullish,of 3 ratings,$15.50
CAFD,$15.19,1440440103997,"209,572",Not yet rated,NULL,$25
ACHC,$70.03,1440440104208,"665,774",50% bullish,of 2 ratings,$92
ACAD,$34.25,1440440104240,"495,745",80% bullish,of 20 ratings,$48
AXAS,$1.595,1440440104286,"524,209",78% bullish,of 9 ratings,$3.50
ACST,$0.3314,1440440104448,"10,815",100% bullish,of 2 ratings,N/A
VXDN,$2.1999,1440440104615,"543,108",100% bearish,of 1 rating,N/A
VXUP,$2.11,1440440104651,"625,551",Not yet rated,NULL,N/A
AKAO,$6.09,1440440104683,"119,931",75% bullish,of 4 ratings,$15
ANCX,$18.58,1440440104756,"16,418",Not yet rated,NULL,$19
ACRX,$3.98,1440440104896,"175,155",67% bearish,of 6 ratings,$5.50
ACTS,$1.56,1440440105004,"41,835",100% bearish,of 1 rating,N/A
ACNB,$20.05,1440440105051,"15,144",Not yet rated,NULL,N/A
ACUR,$0.5901,1440440105153,"39,749",100% bullish,of 5 ratings,$1
ACTA,$13.5,1440440105179,"74,223",67% bearish,of 3 ratings,$25
ACIW,$21.21,1440440105320,"175,525",50% bullish,of 2 ratings,$24
ADMP,$3.57,1440440105383,"27,974",50% bullish,of 2 ratings,$10
ADMS,$19.29,1440440105455,"43,793",100% bearish,of 2 ratings,$36
ADAP,$11.5286,1440440105586,"80,266",67% bullish,of 3 ratings,$22
ACXM,$19.8,1440440105617,"270,871",67% bullish,of 3 ratings,N/A
ADUS,$28.65,1440440105714,"19,348",100% bearish,of 1 rating,$31
ADRO,$18.7699,1440440105965,"231,746",80% bullish,of 5 ratings,$45.50
ADBE,$75.38,1440440105991,"2,082,420",65% bullish,of 17 ratings,$90
ADEP,$6.715,1440440106017,"39,547",50% bullish,of 2 ratings,$10.75
ADTN,$15.19,1440440106065,"120,252",67% bullish,of 3 ratings,$17.125
ADMA,$9.29,1440440106197,"13,984",Not yet rated,NULL,$19
AEY,$2.28,1440440106223,"6,500",100% bearish,of 2 ratings,N/A
AEIS,$24.12,1440440106535,"159,242",50% bullish,of 2 ratings,$32.50
ADXS,$13.86,1440440106569,"441,224",64% bullish,of 14 ratings,$27
MULT,NULL,1440440106668,0,100% bearish,of 1 rating,N/A
ADXSW,$9.62,1440440106696,"6,078",100% bullish,of 1 rating,N/A
YPRO,$23.2,1440440106725,400,100% bearish,of 1 rating,N/A
AEGN,$17.8,1440440106747,"60,897",100% bearish,of 1 rating,$21
AEGR,$17.6,1440440106776,"160,672",50% bullish,of 6 ratings,$26
AEHR,$2.211,1440440107077,"20,050",50% bullish,of 2 ratings,N/A
AEZS,$0.0902,1440440107111,"7,959,138",90% bullish,of 21 ratings,$1.50
AEPI,$55,1440440107143,"12,514",100% bearish,of 1 rating,N/A
AVAV,$23.4955,1440440107171,"95,022",50% bullish,of 4 ratings,$31
AMTX,$2.6599,1440440107203,"16,420",50% bullish,of 2 ratings,$26.11
AERI,$15.81,1440440107239,"318,361",75% bullish,of 4 ratings,$31.50
AFMD,$9.8375,1440440107376,"135,790",50% bullish,of 4 ratings,$15
AFFX,$8.845,1440440107543,"338,165",80% bullish,of 5 ratings,$12
AEMD,$6.88,1440440107615,"24,085",Not yet rated,NULL,$27.50
AGEN,$6.625,1440440107752,"668,520",85% bullish,of 13 ratings,$14
AGYS,$9.455,1440440107783,"11,636",100% bearish,of 1 rating,N/A
AGRX,$8.204,1440440107816,"24,266",100% bearish,of 1 rating,$17.50
AGIO,$81.04,1440440107889,"399,208",88% bullish,of 8 ratings,$114
AGFS,$9.81,1440440107949,"58,883",100% bearish,of 1 rating,N/A
AIMT,$20.42,1440440108176,"63,657",Not yet rated,NULL,N/A
AIRT,$21.99,1440440108202,616,100% bullish,of 1 rating,N/A
AGFSW,$1.8,1440440108256,"17,528",100% bearish,of 2 ratings,N/A
AIRM,$36.22,1440440108286,"112,808",80% bearish,of 5 ratings,$53
AKAM,$66.54,1440440108330,"1,290,236",63% bullish,of 8 ratings,$77
AMCN,$4.35,1440440108387,"836,064",83% bullish,of 6 ratings,N/A
ATSG,$8.79,1440440108494,"101,760",67% bullish,of 3 ratings,$13
AIXG,$5.755,1440440108551,"13,059",67% bearish,of 3 ratings,$5.25
AKRX,$38.1318,1440440108871,"643,293",78% bullish,of 9 ratings,$56
AKER,$2.75,1440440108903,"21,578",Not yet rated,NULL,N/A
AKBA,$6.37,1440440108925,"117,401",100% bearish,of 1 rating,$18
ALRM,$16.975,1440440108955,"143,884",100% bearish,of 1 rating,$22
ALSK,$2.045,1440440109012,"114,903",78% bullish,of 18 ratings,$2
AMRI,$18.98,1440440109209,"200,961",75% bearish,of 4 ratings,$24
ALDR,$36.26,1440440109242,"302,425",67% bearish,of 3 ratings,$62
ABDC,$11.8765,1440440109263,"94,784",Not yet rated,NULL,$15
ALDX,$7.13,1440440109346,"10,938",100% bearish,of 1 rating,$14.50
ALXA,$1.09,1440440109404,"7,760",83% bullish,of 6 ratings,$2.125
ALXN,$167.08,1440440109451,"933,484",88% bullish,of 8 ratings,$223
ADHD,$7.98,1440440109486,"154,992",50% bullish,of 4 ratings,$18
ALCO,$41.05,1440440109584,"7,176",50% bullish,of 2 ratings,N/A
ALGN,$55.02,1440440109751,"210,544",100% bearish,of 2 ratings,$73
ALIM,$3.03,1440440109848,"74,086",80% bullish,of 5 ratings,$10
ALKS,$58.075,1440440110026,"417,397",67% bullish,of 3 ratings,$75
AFOP,$16.63,1440440110053,"167,077",75% bullish,of 8 ratings,$21
ALLB,$22.87,1440440110079,"1,595",Not yet rated,NULL,N/A
ALGT,$211.801,1440440110104,"53,273",100% bearish,of 1 rating,$235
AIQ,$14.2,1440440110133,"7,574",67% bullish,of 3 ratings,N/A
AHGP,$35.4,1440440110270,"42,690",67% bullish,of 3 ratings,N/A
ARLP,$24.3,1440440110319,"244,320",67% bearish,of 3 ratings,$32
AHPI,$1.4526,1440440110380,"1,189",50% bullish,of 2 ratings,N/A
ALQA,$4.22,1440440110450,"23,928",75% bullish,of 4 ratings,$8.50
AMOT,$17.645,1440440110580,"45,307",100% bearish,of 1 rating,N/A
MDRX,$13.15,1440440110609,"1,129,062",60% bullish,of 5 ratings,$16
ALLT,$5.105,1440440110698,"62,546",75% bullish,of 4 ratings,$6.25
AFAM,$44.598,1440440110951,"38,226",50% bullish,of 2 ratings,$44
AOSL,$7.38,1440440111166,"30,059",67% bullish,of 3 ratings,$9
SMCP,NULL,1440440111197,0,Not yet rated,NULL,N/A
ATEC,$0.589,1440440111227,"141,114",100% bullish,of 1 rating,$2
ALNY,$94.66,1440440111302,"364,337",67% bullish,of 3 ratings,$148.50
ALTR,$46.95,1440440111330,"1,929,229",80% bearish,of 5 ratings,$54
AIMC,$24.79,1440440111363,"30,488",100% bearish,of 2 ratings,$28.50
AMAG,$59.42,1440440111389,"335,376",100% bullish,of 2 ratings,$77.50
ASPS,$27.45,1440440111570,"214,174",67% bullish,of 3 ratings,$46.50
AMRK,$10.6,1440440111733,"3,029",50% bullish,of 2 ratings,$14
AYA,$21.25,1440440111766,"67,034",100% bearish,of 1 rating,$40
AMRN,$2.005,1440440111834,"935,564",85% bullish,of 39 ratings,$8
AMZN,$470.4,1440440111865,"3,588,099",81% bullish,of 263 ratings,$646
AMBCW,NULL,1440440111937,0,100% bearish,of 1 rating,N/A
AMBC,$15.205,1440440111963,"129,835",100% bearish,of 1 rating,$16.50
AMBA,$89.83,1440440112101,"2,950,037",83% bullish,of 12 ratings,$102.50
AMDA,$0.4201,1440440112405,"1,205,962",90% bullish,of 10 ratings,$1
AMCX,$66.36,1440440112435,"329,117",67% bullish,of 3 ratings,$87.50
DOX,$56.05,1440440112505,"310,637",50% bullish,of 2 ratings,$60
EPAX,$2.69,1440440112566,"29,450",100% bearish,of 1 rating,N/A
AMED,$38.13,1440440112594,"163,858",100% bearish,of 1 rating,$42
ATAX,$5.2491,1440440112642,"197,947",100% bullish,of 1 rating,$6.50
UHAL,$357.52,1440440112668,"14,946",100% bullish,of 2 ratings,$393.50
ASBI,$22.2,1440440112800,950,Not yet rated,NULL,N/A
AAL,$38.915,1440440113235,"8,330,604",93% bullish,of 88 ratings,$57
AMOV,$17.4701,1440440113267,"3,710",100% bearish,of 1 rating,N/A
AGNC,$19.43,1440440113293,"2,544,233",75% bullish,of 28 ratings,$22
AGNCB,$24.0399,1440440113328,"7,474",Not yet rated,NULL,N/A
AGNCP,$25.1901,1440440113435,"11,943",Not yet rated,NULL,N/A
MTGE,$15.38,1440440113462,"271,149",75% bullish,of 4 ratings,$19.50
ACSF,$11.9457,1440440113593,"16,907",100% bearish,of 1 rating,$15
MTGEP,$24.13,1440440113645,"5,800",Not yet rated,NULL,N/A
ACAS,$13.38,1440440113825,"738,796",60% bullish,of 5 ratings,$16.75
AETI,$4.06,1440440113910,"2,639",67% bearish,of 3 ratings,N/A
AMNB,$23.028,1440440113936,"8,284",Not yet rated,NULL,$25.50
ANCI,$1.42,1440440113961,454,100% bearish,of 1 rating,N/A
ANAT,$97.15,1440440113993,"20,421",100% bullish,of 1 rating,N/A
APEI,$21.3401,1440440114129,"26,748",100% bearish,of 1 rating,$25.50
AMIC,NULL,1440440114389,0,Not yet rated,NULL,N/A
ARII,$38.45,1440440114421,"133,816",67% bearish,of 3 ratings,$45
ASEI,$39.025,1440440114449,"17,847",100% bearish,of 1 rating,$52.50
AMRB,$9.8721,1440440114481,"5,801",Not yet rated,NULL,$11
AMSWA,$8.76,1440440114521,"39,996",100% bearish,of 2 ratings,$10.75
AMSC,$3.542,1440440114586,"64,436",50% bullish,of 4 ratings,N/A
CRMT,$38,1440440114721,"29,481",100% bearish,of 1 rating,$39
AMWD,$66.27,1440440114756,"120,885",50% bullish,of 2 ratings,$53
ABCB,$26.8346,1440440114890,"71,042",Not yet rated,NULL,$31
AMSF,$48.32,1440440114980,"29,537",Not yet rated,NULL,$57.50
ASRVP,$27.5,1440440115031,400,Not yet rated,NULL,N/A
ATLO,$24.29,1440440115076,"5,920",Not yet rated,NULL,N/A
ASRV,$3.22,1440440115138,800,100% bullish,of 2 ratings,N/A
AMGN,$150.66,1440440115177,"2,951,285",89% bullish,of 19 ratings,$185
FOLD,$13.76,1440440115354,"917,142",56% bullish,of 9 ratings,$21
AMKR,$4.78,1440440115523,"977,523",100% bearish,of 2 ratings,$5
AMPH,$13.37,1440440115582,"79,327",50% bullish,of 2 ratings,$20
AMSGP,NULL,1440440115655,0,Not yet rated,NULL,N/A
ASYS,$4.99,1440440115791,"39,044",67% bullish,of 3 ratings,$12
AMRS,$1.57,1440440115821,"123,179",70% bullish,of 10 ratings,N/A
AFSI,$57.6,1440440115847,"476,848",60% bullish,of 5 ratings,$72
AMSG,$77.941,1440440115878,"240,602",100% bearish,of 1 rating,$85.50
ANAC,$123.2,1440440115955,"305,598",80% bullish,of 5 ratings,$180.50
ANAD,$0.3122,1440440116025,"153,588",100% bullish,of 2 ratings,$.50
ADI,$52.66,1440440116210,"2,088,794",67% bullish,of 3 ratings,$69
ALOG,$79.17,1440440116246,"35,407",100% bearish,of 2 ratings,$100.50
ABCW,$39.0757,1440440116341,"5,282",67% bullish,of 3 ratings,N/A
ANCB,$22.9999,1440440116367,"1,100",Not yet rated,NULL,$23
ANGI,$4.76,1440440116550,"592,746",64% bullish,of 11 ratings,$5.50
AMCF,$0.2454,1440440116687,"22,365",100% bullish,of 7 ratings,N/A
ANIP,$48.83,1440440116720,"129,960",89% bullish,of 19 ratings,$66
ANGO,$14.415,1440440116820,"27,902",67% bullish,of 3 ratings,$19
ANIK,$33.67,1440440116848,"79,295",60% bullish,of 5 ratings,$51.25
ANSS,$87.05,1440440116881,"271,520",100% bearish,of 1 rating,$100
ATRS,$1.77,1440440116902,"512,456",92% bullish,of 12 ratings,$4.50
ANTH,$7.088,1440440117040,"962,969",80% bullish,of 10 ratings,$13
ATNY,$2.38,1440440117062,"3,601",50% bullish,of 2 ratings,$3.75
ABAC,$0.6342,1440440117143,"26,163",100% bearish,of 1 rating,N/A
APIC,$6.07,1440440117286,"107,257",100% bearish,of 1 rating,$19
APOG,$50.03,1440440117488,"93,453",100% bullish,of 1 rating,$67
APOL,$10.75,1440440117551,"617,035",87% bearish,of 68 ratings,$14
AINV,$6.3,1440440117586,"1,755,878",50% bullish,of 4 ratings,$8
APPF,$15.34,1440440117631,"46,170",50% bullish,of 2 ratings,$22
ARCI,$1.3,1440440117684,362,Not yet rated,NULL,N/A
APDN,$3.183,1440440117735,"46,287",Not yet rated,NULL,$9
APDNW,$1.1442,1440440117969,"6,573",Not yet rated,NULL,N/A
AMCC,$5.255,1440440118044,"482,737",80% bullish,of 5 ratings,$8
AAPL,$104.5001,1440440118083,"73,868,619",86% bullish,of 2342 ratings,$150
AMAT,$15.48,1440440118181,"11,208,816",82% bullish,of 11 ratings,$23
AAOI,$19.29,1440440118208,"288,093",50% bullish,of 4 ratings,$26
AGTC,$15.26,1440440118235,"29,785",50% bullish,of 2 ratings,$33
AREX,$2.02,1440440118461,"518,883",100% bearish,of 1 rating,$3
APRI,$1.2298,1440440118564,"96,142",83% bullish,of 6 ratings,$4.86
APTO,$4.71,1440440118631,"4,751",Not yet rated,NULL,$17
AUMA,$9.81,1440440118705,500,Not yet rated,NULL,N/A
AQMS,$4.695,1440440118763,"9,186",Not yet rated,NULL,N/A
AQXP,$18.36,1440440118839,"373,603",50% bullish,of 2 ratings,$2
AUMAU,$9.97,1440440118947,600,Not yet rated,NULL,N/A
AUMAW,NULL,1440440119078,0,Not yet rated,NULL,N/A
ARDM,$6.9001,1440440119109,150,100% bullish,of 1 rating,$26
ABUS,$6.935,1440440119138,"229,638",86% bullish,of 14 ratings,$23
PETX,$16.77,1440440119167,"198,879",100% bearish,of 2 ratings,$26
ARCW,$3.2501,1440440119212,"7,863",100% bearish,of 2 ratings,$10.50
ABIO,$0.855,1440440119344,"242,270",50% bullish,of 2 ratings,$3.75
ARCB,$28.735,1440440119479,"142,315",67% bearish,of 3 ratings,$39.50
RKDA,$5.6,1440440119529,"5,932",100% bearish,of 2 ratings,$10
ACGL,$68.36,1440440119660,"229,609",50% bullish,of 2 ratings,$72
ACAT,$25.86,1440440119711,"119,514",100% bearish,of 3 ratings,$33
ARDX,$16.94,1440440119741,"30,817",50% bullish,of 2 ratings,$24.50
ARNA,$2.78,1440440119762,"1,276,868",90% bullish,of 77 ratings,$5.50
ARCC,$15.095,1440440119891,"2,535,765",67% bearish,of 3 ratings,$17.875
AGII,$55.815,1440440119990,"71,114",Not yet rated,NULL,$59.50
AGIIL,$25.04,1440440120018,"6,722",Not yet rated,NULL,N/A
ARGS,$6.045,1440440120155,"75,780",50% bullish,of 2 ratings,$19.50
ARIS,$3.237,1440440120183,"44,748",Not yet rated,NULL,$4.50
ARKR,$24.5505,1440440120212,"2,600",50% bullish,of 2 ratings,N/A
ARIA,$6.455,1440440120238,"1,505,184",87% bullish,of 46 ratings,$9
ARMH,$40.33,1440440120420,"1,661,550",54% bearish,of 13 ratings,$61
ARTX,$1.41,1440440120447,"170,588",88% bullish,of 16 ratings,$4.50
ARWA,NULL,1440440120580,0,Not yet rated,NULL,N/A
ARWAR,NULL,1440440120609,0,Not yet rated,NULL,N/A
ARWAU,$10.2,1440440120635,400,100% bullish,of 1 rating,N/A
ARWAW,$0.1051,1440440120772,"1,436",Not yet rated,NULL,N/A
ARQL,$1.62,1440440120798,"156,261",75% bullish,of 4 ratings,$5
ARRY,$5.4,1440440120874,"873,148",100% bullish,of 7 ratings,$10
ARRS,$25.87,1440440121019,"562,307",50% bullish,of 2 ratings,$38
DWAT,$9.7899,1440440121052,"4,713",100% bearish,of 1 rating,N/A
AROW,$27.095,1440440121151,"17,641",Not yet rated,NULL,N/A
ARWR,$5.095,1440440121254,"932,962",75% bullish,of 4 ratings,$10.50
ARTW,$4.3599,1440440121304,"2,993",75% bearish,of 4 ratings,N/A
ARTNA,$22.37,1440440121332,"13,718",100% bearish,of 1 rating,$29
ASNA,$11.09,1440440121389,"1,619,735",50% bullish,of 2 ratings,$18
ASBB,$23.75,1440440121525,400,Not yet rated,NULL,N/A
ASND,$17.91,1440440121582,"32,439",100% bullish,of 1 rating,$30
ASCMA,$27.83,1440440121618,"41,971",100% bearish,of 1 rating,$45
ASMI,NULL,1440440121646,0,NULL,NULL,NULL
ASTI,$0.106,1440440121671,"1,114,057",83% bullish,of 6 ratings,$3
APWC,$1.8001,1440440121715,"1,602",100% bearish,of 1 rating,N/A
AZPN,$37.25,1440440121978,"502,497",50% bullish,of 2 ratings,$42
ASML,$87,1440440122005,"1,156,366",50% bullish,of 4 ratings,$127
ASMB,$12.465,1440440122084,"29,280",67% bullish,of 3 ratings,N/A
ALOT,$12.22,1440440122188,122,100% bearish,of 1 rating,N/A
ASTE,$36.22,1440440122256,"29,177",100% bearish,of 1 rating,$48
ASFI,$8.93,1440440122338,"9,725",100% bullish,of 1 rating,N/A
ATRO,$51.91,1440440122390,"66,348",100% bearish,of 2 ratings,$80
ASUR,$5.452,1440440122525,"4,670",100% bearish,of 2 ratings,$8
ASTC,$1.96,1440440122546,"43,952",100% bullish,of 5 ratings,N/A
ATAI,$2.38,1440440122579,"13,725",100% bearish,of 1 rating,N/A
ATHN,$128.01,1440440122625,"228,810",67% bearish,of 3 ratings,$153
ATRA,$39.9899,1440440122711,"112,518",50% bullish,of 2 ratings,$68
AFCB,$28.75,1440440122739,300,Not yet rated,NULL,N/A
ATHX,$1.1501,1440440122804,"200,135",89% bullish,of 9 ratings,$5
AAPC,$10.33,1440440123358,813,Not yet rated,NULL,N/A
AAME,$3.5999,1440440123385,799,Not yet rated,NULL,N/A
ACFC,$5.8599,1440440123412,"50,876",Not yet rated,NULL,$6.50
ATLC,$3.86,1440440123550,"11,059",67% bullish,of 3 ratings,N/A
ATNI,$71.72,1440440123576,"34,662",100% bearish,of 1 rating,$69.50
ATRC,$24.695,1440440123736,"156,307",100% bullish,of 1 rating,$30
AAWW,$40.1,1440440123780,"267,052",50% bullish,of 2 ratings,$65
AFH,$16.4001,1440440123839,"21,104",Not yet rated,NULL,$21.50
ATML,$6.755,1440440123972,"2,873,484",78% bullish,of 9 ratings,$9.50
ATOS,$0.7974,1440440123998,"139,996",100% bullish,of 7 ratings,$7
ATTU,$12.92,1440440124035,"94,269",100% bearish,of 1 rating,$20.50
ATRI,$380.53,1440440124135,"1,062",Not yet rated,NULL,N/A
ATRM,$2.87,1440440124170,605,50% bullish,of 2 ratings,N/A
LIFE,$13.67,1440440124235,"34,684",86% bullish,of 7 ratings,$43
AUBN,$26.39,1440440124266,"1,642",Not yet rated,NULL,N/A
AUDC,$3.105,1440440124485,"65,221",80% bullish,of 5 ratings,$5
AUPH,$3.18,1440440124756,"26,001",100% bearish,of 1 rating,$8
ABTL,$17.3,1440440124786,"161,460",100% bullish,of 4 ratings,$20.25
ADSK,$49.98,1440440124808,"1,548,154",83% bullish,of 6 ratings,$69.50
EARS,$4.68,1440440124856,"58,432",100% bearish,of 2 ratings,$11.50
ADP,$77.05,1440440124938,"2,365,399",100% bearish,of 1 rating,$88
AVGO,$112.89,1440440124986,"2,548,190",88% bullish,of 8 ratings,$160
ADAT,$0.11,1440440125015,"4,607",100% bullish,of 2 ratings,N/A
AAVL,$10.5,1440440125046,"296,561",100% bearish,of 1 rating,$20
AVEO,$1.29,1440440125275,"875,680",75% bullish,of 8 ratings,$3
AVNW,$1.1801,1440440125377,"75,274",50% bullish,of 2 ratings,$2.20
AVNU,$12.25,1440440125419,"6,510",Not yet rated,NULL,$14
AVID,$8.07,1440440125554,"328,445",100% bearish,of 1 rating,$20
CAR,$41.78,1440440125616,"1,530,440",80% bullish,of 5 ratings,$60
AVGR,$13.9333,1440440125642,"28,721",100% bearish,of 1 rating,$20
AWRE,$3.1299,1440440125683,"11,566",67% bullish,of 3 ratings,N/A
ACLS,$3.18,1440440125777,"414,710",67% bullish,of 6 ratings,$4.75
AXPW,$1.1001,1440440125813,"40,539",83% bullish,of 6 ratings,N/A
AXPWW,NULL,1440440125842,0,Not yet rated,NULL,N/A
AXGN,$3.9399,1440440126208,"20,952",Not yet rated,NULL,$5
AXTI,$2.155,1440440126261,"17,209",50% bullish,of 2 ratings,$2.75
BEAV,$47.21,1440440126337,"671,963",67% bearish,of 3 ratings,$59
RILY,$9.66,1440440126394,405,Not yet rated,NULL,N/A
BOSC,$2.1401,1440440126468,"6,066",50% bullish,of 2 ratings,N/A
BCOM,$17.29,1440440126494,"1,000",100% bearish,of 1 rating,N/A
BIDU,$144.56,1440440126678,"4,666,931",81% bullish,of 88 ratings,$210
BWINA,NULL,1440440126705,0,Not yet rated,NULL,N/A
BWINB,$22.895,1440440126731,"12,776",Not yet rated,NULL,N/A
BCPC,$57.17,1440440126775,"69,155",100% bearish,of 1 rating,$75
BLDP,$1.2201,1440440126801,"570,194",91% bullish,of 22 ratings,$2.50
BKMU,$6.9,1440440127041,"47,815",Not yet rated,NULL,$8
BANF,$60.19,1440440127069,"8,820",Not yet rated,NULL,$68
BANFP,$27.38,1440440127096,603,Not yet rated,NULL,N/A
BOCH,$5.7,1440440127320,"7,084",Not yet rated,NULL,$6.50
BMRC,$48.3725,1440440127380,"3,259",Not yet rated,NULL,$52
BKSC,$15.1,1440440127656,"4,021",Not yet rated,NULL,N/A
BFIN,$11.8199,1440440127682,"15,740",Not yet rated,NULL,$13
BOTJ,$10.9501,1440440127712,"2,263",Not yet rated,NULL,N/A
OZRK,$39.6,1440440127848,"345,739",67% bullish,of 3 ratings,$49.50
BANR,$44.15,1440440127881,"22,510",100% bullish,of 3 ratings,$50
TAPR,$28.99,1440440127951,"3,059",100% bearish,of 1 rating,N/A
BZUN,$5.06,1440440127979,"543,648",50% bullish,of 2 ratings,$12.60
BHAC,NULL,1440440128007,0,Not yet rated,NULL,N/A
BHACR,NULL,1440440128219,0,Not yet rated,NULL,N/A
BHACU,NULL,1440440128289,0,Not yet rated,NULL,N/A
BWFG,$17.85,1440440128420,772,100% bearish,of 1 rating,N/A
BHACW,NULL,1440440128748,0,Not yet rated,NULL,N/A
BBSI,$33.17,1440440128777,"57,931",67% bearish,of 3 ratings,$62.50
BSET,$28.02,1440440128914,"18,495",100% bearish,of 1 rating,$35
BYBK,NULL,1440440129178,0,100% bearish,of 1 rating,N/A
BYLK,$12.7,1440440129218,"4,700",Not yet rated,NULL,$14
BBCN,$14.35,1440440129433,"148,767",100% bearish,of 1 rating,$16
BECN,$34.85,1440440129841,"157,542",50% bullish,of 2 ratings,$40
BDCV,$4.865,1440440129866,"6,244",100% bearish,of 1 rating,$10.19
BV,$5.07,1440440129896,"188,011",67% bullish,of 6 ratings,$9
BSF,$8.72,1440440130019,"12,892",Not yet rated,NULL,N/A
BCBP,$11.5,1440440130053,"7,899",Not yet rated,NULL,N/A
BBGI,NULL,1440440130156,0,100% bearish,of 1 rating,N/A
BEBE,$1.75,1440440130630,"86,013",75% bullish,of 4 ratings,$3.075
BBBY,$60.5,1440440130677,"1,393,508",71% bullish,of 7 ratings,$75
BELFA,$14.19,1440440130726,"1,210",100% bearish,of 1 rating,N/A
BELFB,$17.77,1440440130918,"10,082",100% bearish,of 1 rating,N/A
BLCM,$17.03,1440440131048,"157,095",50% bullish,of 4 ratings,$40
BLPH,$4.91,1440440131862,"15,852",100% bearish,of 1 rating,$12.50
BNCL,$12.44,1440440132057,"154,123",100% bullish,of 3 ratings,$12.50
BNTC,$7.9001,1440440132129,"6,110",100% bullish,of 1 rating,N/A
BGFV,$10.51,1440440132156,"73,335",57% bullish,of 7 ratings,$12
BNFT,$35.45,1440440132190,"39,992",67% bullish,of 3 ratings,$46
BGMD,$0.7603,1440440132232,"169,538",100% bullish,of 10 ratings,N/A
BGCP,$8.55,1440440132296,"762,878",88% bullish,of 8 ratings,$14
BIND,$4.37,1440440132547,"65,493",75% bullish,of 4 ratings,$13.50
BIOC,$1.9702,1440440132741,"246,570",83% bullish,of 6 ratings,$3.85
BCDA,NULL,1440440132803,0,Not yet rated,NULL,N/A
ORPN,$5.01,1440440132835,"30,707",100% bullish,of 1 rating,$28.50
BCRX,$11.8,1440440132861,"235,825",63% bullish,of 8 ratings,$18
BASI,$1.45,1440440132933,"5,770",Not yet rated,NULL,N/A
BIOD,$0.68,1440440132989,"66,359",80% bullish,of 5 ratings,$4
BIIB,$289.65,1440440133092,"1,912,015",88% bullish,of 16 ratings,$400
BDSI,$6.25,1440440133117,"436,236",88% bullish,of 8 ratings,$17
BLRX,$1.33,1440440133381,"261,675",100% bullish,of 12 ratings,$5
BLFS,$2.003,1440440133409,"55,659",100% bearish,of 1 rating,$4.75
BIOL,$1.38,1440440133434,"58,618",Not yet rated,NULL,N/A
BMRN,$123.25,1440440133740,"737,513",80% bullish,of 5 ratings,$160
BRLI,NULL,1440440133879,0,NULL,NULL,NULL
BIOS,$1.835,1440440134038,"505,891",71% bullish,of 7 ratings,$4
BPTH,$1.07,1440440134069,"168,841",100% bullish,of 2 ratings,$5
BVXV,$3.59,1440440134096,"33,644",Not yet rated,NULL,N/A
BBC,$29.4554,1440440134117,"30,357",Not yet rated,NULL,N/A
BVXVW,$0.72,1440440134148,"24,842",100% bearish,of 1 rating,N/A
BBP,$30.855,1440440134289,"70,102",Not yet rated,NULL,N/A
BSTC,$48.3,1440440134471,"35,970",100% bearish,of 1 rating,$76
BSPM,$0.6433,1440440134516,"49,531",50% bullish,of 2 ratings,N/A
TECH,$96.94,1440440134688,"84,120",100% bullish,of 1 rating,$117
BOTA,$2.12,1440440134717,"50,688",88% bullish,of 8 ratings,N/A
BEAT,$13.52,1440440135276,"310,064",67% bearish,of 3 ratings,$15
BITI,$16.45,1440440135351,"10,970",100% bullish,of 1 rating,$28
BJRI,$44.2,1440440135419,"127,103",50% bullish,of 2 ratings,$55
BDMS,$12.693,1440440135455,100,100% bearish,of 1 rating,N/A
BBRY,$7.04,1440440135586,"5,753,042",61% bullish,of 330 ratings,$9
BDE,$7.3,1440440135615,"291,291",50% bullish,of 2 ratings,$9
BBOX,$15.4,1440440135636,"27,801",100% bearish,of 1 rating,N/A
BLKB,$57.8,1440440135840,"59,474",100% bearish,of 2 ratings,$66
BKCC,$8.95,1440440136270,"710,822",100% bullish,of 2 ratings,$10
HAWK,$40.16,1440440136483,"405,871",91% bullish,of 11 ratings,$49
ADRA,$26.0201,1440440136589,"5,688",100% bearish,of 1 rating,N/A
ADRD,$21.59,1440440136691,"23,781",100% bearish,of 1 rating,N/A
ADRU,$21.65,1440440136823,"12,288",100% bearish,of 1 rating,N/A
BLMN,$19.74,1440440136849,"632,856",83% bullish,of 6 ratings,$27.50
ADRE,$28.8999,1440440136883,"55,811",100% bearish,of 1 rating,N/A
BCOR,$13.31,1440440137112,"146,206",57% bullish,of 7 ratings,$15
BUFF,$26.73,1440440137250,"327,834",83% bullish,of 12 ratings,$31.50
BBLU,$0.7778,1440440137541,"122,293",100% bullish,of 2 ratings,$4.43
BLUE,$121.99,1440440137617,"453,119",71% bullish,of 7 ratings,$217.50
BLBD,$11.5,1440440137643,"7,775",Not yet rated,NULL,N/A
NILE,$32.91,1440440137781,"70,290",50% bullish,of 2 ratings,$34
BHBK,$14.05,1440440137940,"56,152",100% bullish,of 1 rating,$14.50
BKEP,$6.45,1440440138178,"54,082",100% bearish,of 1 rating,$8.50
BKEPP,$7.6,1440440138646,"4,450",100% bearish,of 1 rating,N/A
BPMC,$26.05,1440440138675,"144,517",50% bullish,of 2 ratings,$47.50
BOBE,$43.36,1440440138779,"72,746",75% bullish,of 4 ratings,$57
BNCN,$20.81,1440440138933,"25,684",Not yet rated,NULL,$23
WIFI,$7.54,1440440139006,"201,722",50% bullish,of 2 ratings,$13.50
BOFI,$121.56,1440440139039,"224,213",100% bullish,of 6 ratings,$144
BOJA,$20.55,1440440139139,"255,454",100% bullish,of 1 rating,$30
BOKF,$60.33,1440440139571,"116,892",100% bearish,of 1 rating,$70.50
BONA,$11,1440440139775,"733,503",75% bullish,of 4 ratings,$8.50
BAMM,$3.187,1440440139942,"45,702",60% bullish,of 5 ratings,N/A
BPFHP,$25,1440440140183,100,100% bearish,of 1 rating,N/A
BPFHW,NULL,1440440140207,0,100% bearish,of 1 rating,N/A
BPFH,$11.63,1440440140232,"210,954",100% bearish,of 1 rating,$14
BNSO,$1.2989,1440440140387,"6,790",100% bearish,of 1 rating,N/A
EPAY,$25.23,1440440140903,"35,840",100% bearish,of 2 ratings,$30
BCLI,$2.87,1440440142017,"188,104",80% bullish,of 5 ratings,$12
BBEP,$2.285,1440440142079,"1,180,005",69% bullish,of 13 ratings,$5.625
BDBD,$8.26,1440440142117,"379,212",60% bullish,of 5 ratings,$10
BBEPP,$12.855,1440440142146,"43,368",100% bearish,of 1 rating,N/A
BBRG,$12.47,1440440142179,"62,934",67% bullish,of 3 ratings,$14.50
BDGE,$26.8,1440440142731,"11,543",Not yet rated,NULL,$31.75
BLIN,$1.2583,1440440143520,"6,700",50% bullish,of 2 ratings,$2.20
BCOV,$5.09,1440440143890,"76,530",67% bullish,of 3 ratings,$10.20
BRCM,$48,1440440144035,"2,523,887",75% bullish,of 12 ratings,$56
BRID,NULL,1440440144070,0,100% bearish,of 1 rating,N/A
BWEN,$3.16,1440440144168,"21,210",100% bullish,of 3 ratings,$8
BVSN,$5.65,1440440144194,"4,912",60% bearish,of 5 ratings,N/A
BSFT,$30.615,1440440144247,"64,428",57% bullish,of 7 ratings,$40.50
BYFC,$1.49,1440440144268,100,50% bullish,of 2 ratings,N/A
BRCD,$10.19,1440440144327,"2,800,072",92% bullish,of 13 ratings,$12
BLMT,$20.59,1440440144980,"4,572",Not yet rated,NULL,N/A
BMTC,$29.02,1440440145005,"34,710",Not yet rated,NULL,$34
BRKL,$10.42,1440440145033,"149,917",100% bearish,of 1 rating,$10.75
BRKS,$10.26,1440440145055,"60,447",67% bullish,of 3 ratings,$15.25
BRKR,$18.43,1440440145082,"217,900",100% bearish,of 2 ratings,$22
BSQR,$5.91,1440440145114,"63,531",67% bullish,of 3 ratings,N/A
BWLD,$188.03,1440440145246,"167,194",82% bullish,of 11 ratings,$205
BUR,$1.89,1440440145536,"12,656",100% bearish,of 1 rating,$8
BLDR,$14.34,1440440145594,"719,042",50% bullish,of 2 ratings,$22
CFFI,$35,1440440145621,"1,288",100% bearish,of 1 rating,N/A
CHRW,$65.45,1440440145642,"1,317,331",Not yet rated,NULL,$72
CA,$26.72,1440440145786,"2,664,813",50% bullish,of 4 ratings,$33
CCMP,$42.97,1440440145979,"34,749",50% bullish,of 2 ratings,$59
CDNS,$19.21,1440440146007,"770,872",75% bullish,of 4 ratings,$22.50
CDZI,$7.45,1440440146036,"20,802",100% bearish,of 1 rating,N/A
CACQ,$7,1440440146167,"15,526",100% bearish,of 1 rating,$12.25
CZR,$8.8,1440440146253,"1,287,180",60% bearish,of 5 ratings,$10.50
PRSS,$4.26,1440440146300,"14,692",80% bullish,of 5 ratings,$4.50
CSTE,$43.99,1440440146353,"296,907",100% bearish,of 1 rating,$65
CLBS,$1.29,1440440146434,"185,961",79% bullish,of 14 ratings,$4
CLMS,$10.77,1440440146675,"69,161",Not yet rated,NULL,$10.50
CHI,$10.23,1440440146700,"412,608",100% bearish,of 1 rating,N/A
CHY,$11.06,1440440146727,"531,243",Not yet rated,NULL,N/A
CCD,$18.71,1440440146856,"86,192",Not yet rated,NULL,N/A
CGO,$11.65,1440440146926,"40,437",100% bearish,of 1 rating,N/A
CFGE,$10.2,1440440146954,"1,826",Not yet rated,NULL,N/A
CHW,$7.25,1440440146981,"324,779",100% bearish,of 1 rating,N/A
CVGW,$54.74,1440440147232,"74,454",50% bullish,of 2 ratings,$58.50
CSQ,$9.51,1440440147258,"608,378",Not yet rated,NULL,N/A
CAMP,$15.14,1440440147279,"208,749",88% bullish,of 8 ratings,$25
CFNB,$13.45,1440440147503,141,100% bearish,of 1 rating,N/A
CALA,$4.885,1440440147634,"290,461",100% bullish,of 3 ratings,$19.50
CLMT,$24.5,1440440147661,"574,627",75% bullish,of 8 ratings,$31
CALD,$15.23,1440440147863,"138,238",100% bearish,of 1 rating,$20.50
CAMBU,NULL,1440440147995,0,100% bearish,of 1 rating,N/A
ABCD,$4.82,1440440148025,"78,196",83% bullish,of 6 ratings,N/A
CALM,$48.07,1440440148058,"367,987",80% bullish,of 5 ratings,$65
CAMB,$9.95,1440440148082,100,Not yet rated,NULL,N/A
CAC,$39.74,1440440148162,"5,125",Not yet rated,NULL,N/A
CSIQ,$16.9,1440440148295,"2,116,825",86% bullish,of 28 ratings,$45
CAMBW,$0.1,1440440148322,"2,360",Not yet rated,NULL,N/A
CBNJ,$10.55,1440440148626,"56,006",100% bullish,of 1 rating,N/A
CGIX,$9.39,1440440148658,"29,703",67% bullish,of 3 ratings,$14.375
CPHC,$10.24,1440440148679,"4,211",100% bearish,of 1 rating,N/A
CPLA,$47.79,1440440148728,"31,488",67% bearish,of 3 ratings,$65
CBF,$28.74,1440440148874,"27,660",Not yet rated,NULL,$32
CAMT,$2.6503,1440440148901,"77,784",73% bullish,of 11 ratings,$4
CCBG,$14.89,1440440148976,"7,171",Not yet rated,NULL,$17.25
CPLP,$6.89,1440440149076,"502,804",71% bullish,of 7 ratings,$11
CSWC,$44.85,1440440149207,"29,400",Not yet rated,NULL,N/A
CFFN,$11.785,1440440149399,"450,791",Not yet rated,NULL,$12.75
CPTA,$13.99,1440440149451,"89,419",100% bearish,of 1 rating,$18.50
CAPN,$1.74,1440440149650,"134,841",100% bullish,of 1 rating,$10.85
CAPNW,$0.65,1440440149709,900,Not yet rated,NULL,N/A
CPST,$0.3646,1440440149984,"645,372",95% bullish,of 22 ratings,$1.25
CAPR,$3.97,1440440150091,"19,739",Not yet rated,NULL,$12
CARA,$19.09,1440440150192,"186,534",50% bullish,of 4 ratings,$25
CARB,$10.99,1440440150273,"47,826",75% bullish,of 4 ratings,$12
CBYL,$5.79,1440440150490,"37,095",100% bearish,of 1 rating,$20
CRME,$8.96,1440440150522,"21,499",89% bullish,of 9 ratings,$11.25
CRDC,$0.3799,1440440150548,"105,717",100% bullish,of 1 rating,$1.25
CFNL,$21.8,1440440150622,"50,890",Not yet rated,NULL,$24
CSII,$23.8,1440440150753,"95,252",100% bearish,of 2 ratings,$42.125
CDNA,$6.36,1440440151140,"6,087",100% bearish,of 1 rating,$9
CECO,$3.62,1440440151282,"192,866",67% bearish,of 3 ratings,$6
CATM,$33.7,1440440151340,"167,439",100% bearish,of 1 rating,$44
CLBH,$12.55,1440440151643,923,Not yet rated,NULL,$16.50
CTRE,$11.69,1440440151689,"225,885",50% bullish,of 2 ratings,N/A
CARO,$15,1440440151885,"6,665",100% bearish,of 1 rating,$19
CRTN,$2.3501,1440440151914,250,100% bearish,of 1 rating,N/A
CRZO,$29.25,1440440151935,"631,836",67% bearish,of 3 ratings,$57
CKEC,$21.9,1440440151968,"108,875",50% bullish,of 2 ratings,$35.915
CART,$5.4,1440440151992,760,100% bearish,of 1 rating,N/A
TAST,$11.41,1440440152021,"96,519",Not yet rated,NULL,$14.25
CARV,NULL,1440440152263,0,50% bullish,of 2 ratings,N/A
CASM,$1.0999,1440440152364,"24,845",100% bullish,of 1 rating,$3.50
CWST,$6.15,1440440152497,"104,154",50% bullish,of 2 ratings,$7.25
CACB,$5.31,1440440152522,"44,236",Not yet rated,NULL,$5.50
CSCD,$14.88,1440440152547,"40,490",100% bullish,of 2 ratings,$17
CASI,$1.4796,1440440152762,"17,084",100% bullish,of 1 rating,$3.50
CASY,$103.87,1440440152868,"163,759",50% bullish,of 2 ratings,$99.50
CASS,$46.03,1440440152900,"11,491",100% bearish,of 1 rating,N/A
CATB,$11.13,1440440153109,"16,335",100% bearish,of 1 rating,$28
CPRX,$3.33,1440440153360,"538,738",71% bullish,of 7 ratings,$7
CATYW,$8.92,1440440153497,700,100% bearish,of 1 rating,N/A
CATY,$28.56,1440440153523,"347,303",100% bearish,of 1 rating,$33.50
CBFV,$20.65,1440440153715,"1,000",Not yet rated,NULL,N/A
CNLM,NULL,1440440153815,0,Not yet rated,NULL,N/A
CVCO,$71.5,1440440153844,"20,447",100% bearish,of 1 rating,N/A
CAVM,$64.2,1440440153945,"260,663",67% bearish,of 3 ratings,$72
CNLMR,NULL,1440440154049,0,Not yet rated,NULL,N/A
CNLMU,$10.37,1440440154138,200,100% bullish,of 1 rating,N/A
CBOE,$60.98,1440440154197,"421,420",Not yet rated,NULL,$60
CNLMW,NULL,1440440154223,0,Not yet rated,NULL,N/A
CDW,$37.79,1440440154369,"534,275",75% bullish,of 4 ratings,$44
CDK,$46.84,1440440154502,"829,070",67% bearish,of 3 ratings,$50
CECE,$9.34,1440440154607,"82,601",50% bullish,of 2 ratings,$16
CELG,$115.58,1440440154689,"4,688,533",92% bullish,of 13 ratings,$155.50
CELGZ,$1.75,1440440154834,"15,417",80% bullish,of 5 ratings,N/A
CLDN,$1.03,1440440154873,"119,782",71% bullish,of 7 ratings,$3
CPXX,$2.08,1440440154913,"222,072",100% bullish,of 2 ratings,$7
CLDX,$13.04,1440440155049,"1,080,695",89% bullish,of 9 ratings,$36
CLRB,$3.13,1440440155099,"7,140",100% bearish,of 1 rating,N/A
CBMG,$22.1,1440440155243,"50,036",50% bullish,of 2 ratings,N/A
CLLS,$28.12,1440440155298,"56,360",75% bullish,of 4 ratings,$51.50
CLRBW,NULL,1440440155375,0,Not yet rated,NULL,N/A
CLTX,$2.83,1440440155505,"872,258",100% bullish,of 2 ratings,N/A
CLSN,$1.89,1440440155759,"118,127",80% bullish,of 10 ratings,$7.50
CEMP,$33.71,1440440155822,"407,599",71% bullish,of 7 ratings,$52
CYAD,$47.5597,1440440155847,"1,950",100% bullish,of 1 rating,$87.50
CETV,$1.93,1440440156014,"68,726",67% bullish,of 3 ratings,$2.80
CETX,$2.34,1440440156044,"7,607",Not yet rated,NULL,$5.60
CFBK,$1.37,1440440156094,"4,901",Not yet rated,NULL,N/A
CSFL,$13.82,1440440156145,"124,089",Not yet rated,NULL,$15
CVCY,$11.132,1440440156346,300,Not yet rated,NULL,$12
CENT,$11.39,1440440156376,"182,151",Not yet rated,NULL,$10
CENTA,$12.42,1440440156397,"124,419",Not yet rated,NULL,N/A
CNBKA,$38.81,1440440156428,"2,020",50% bullish,of 2 ratings,N/A
CENX,$4.76,1440440156605,"892,741",67% bullish,of 6 ratings,$9
CPHD,$47.61,1440440156734,"457,103",50% bullish,of 2 ratings,$66.50
CNTY,$6.14,1440440156863,"12,715",80% bullish,of 5 ratings,$7.75
CRNT,$1.31,1440440156952,"277,739",50% bullish,of 2 ratings,$2
CERE,$1.04,1440440157018,"258,485",88% bullish,of 8 ratings,N/A
CERU,$3.33,1440440157152,"31,658",75% bullish,of 4 ratings,$15
CERN,$60.98,1440440157178,"1,546,743",67% bullish,of 3 ratings,$79
CEVA,$17.82,1440440157403,"45,782",100% bearish,of 1 rating,$25
CERS,$4.51,1440440157545,"363,768",75% bullish,of 4 ratings,$7
HOTR,$1.39,1440440157571,"94,529",100% bullish,of 2 ratings,$5
CYOU,$19.4,1440440157643,"197,176",50% bullish,of 6 ratings,$24
KOOL,$0.66,1440440157703,"82,240",100% bullish,of 5 ratings,$7
HOTRW,NULL,1440440157785,0,Not yet rated,NULL,N/A
CTHR,$1.3,1440440157920,"53,868",50% bullish,of 2 ratings,$2.50
GTLS,$22.27,1440440157950,"182,814",50% bullish,of 4 ratings,$40
CHTR,$173.685,1440440158157,"989,629",100% bearish,of 2 ratings,$196
CHEK,$3,1440440158902,"3,008",Not yet rated,NULL,$7.75
CHKP,$75.51,1440440158950,"1,029,112",50% bullish,of 4 ratings,$92
CHFN,$12.51,1440440159005,"9,433",Not yet rated,NULL,$14
CHEKW,$1.0687,1440440159490,500,Not yet rated,NULL,N/A
CHFC,$30.81,1440440160280,"22,599",100% bearish,of 1 rating,$36
CEMI,$3.81,1440440160306,"22,974",50% bullish,of 2 ratings,$7.50
CCXI,$6.7,1440440160379,"67,112",67% bullish,of 3 ratings,$14
CHMG,$26.59,1440440160848,560,Not yet rated,NULL,$30
CHEV,$14.35,1440440161302,"7,145",Not yet rated,NULL,N/A
CHKE,$25.37,1440440161579,"21,800",100% bearish,of 1 rating,$32.50
CHMA,$23.53,1440440161674,"105,112",Not yet rated,NULL,$40
CBNK,$16.431,1440440161748,900,100% bearish,of 1 rating,N/A
PLCE,$58.17,1440440161880,"265,378",100% bearish,of 1 rating,$71
CMRX,$46.19,1440440162105,"178,744",50% bullish,of 2 ratings,$57
CADC,$3.12,1440440162179,"5,520",78% bullish,of 9 ratings,N/A
CALI,$0.81,1440440162694,"10,400",67% bullish,of 3 ratings,N/A
CAAS,$6.06,1440440163143,"34,795",93% bullish,of 14 ratings,$11.50
CBPO,$92.53,1440440163247,"300,554",75% bullish,of 8 ratings,$140.50
CBAK,$1.5901,1440440163325,"62,775",67% bullish,of 9 ratings,N/A
CCCL,$0.7301,1440440163486,"9,554",100% bullish,of 6 ratings,N/A
JRJC,$3.15,1440440163558,"297,133",82% bullish,of 11 ratings,N/A
CHOP,$1.17,1440440163618,"15,576",50% bullish,of 2 ratings,N/A
CCCR,$0.8,1440440163788,"1,400",67% bearish,of 3 ratings,N/A
HGSH,$1.775,1440440164160,"13,670",67% bullish,of 3 ratings,N/A
CJJD,$1.81,1440440164435,"43,390",100% bullish,of 1 rating,N/A
CNIT,$1.2638,1440440164462,"175,264",67% bullish,of 6 ratings,N/A
CHLN,$1.7,1440440164483,"7,633",67% bullish,of 3 ratings,N/A
CHNR,$1.7,1440440164512,"7,083",100% bearish,of 1 rating,N/A
HTHT,$23.66,1440440164760,"50,757",50% bullish,of 2 ratings,$28.40
CREG,$0.69,1440440164976,"41,219",100% bullish,of 3 ratings,N/A
CSUN,$1.3099,1440440165359,"43,194",80% bullish,of 5 ratings,N/A
CNTF,$0.74,1440440165492,"181,674",Not yet rated,NULL,N/A
CPGI,$6.9,1440440165517,"3,572",Not yet rated,NULL,N/A
CXDC,$6.05,1440440165673,"89,293",67% bullish,of 3 ratings,N/A
CNYD,$3.19,1440440165698,"10,594",67% bullish,of 3 ratings,N/A
CHSCM,$25.43,1440440166352,"50,068",Not yet rated,NULL,N/A
IMOS,$16.29,1440440166377,"125,358",60% bullish,of 5 ratings,$21.50
CHSCL,$26.7899,1440440166508,"39,841",Not yet rated,NULL,N/A
CCIH,$6,1440440166639,"296,525",67% bullish,of 6 ratings,$12.65
CHSCN,$26.59,1440440166667,"7,767",Not yet rated,NULL,N/A
CNET,$0.769,1440440166688,"80,182",50% bullish,of 2 ratings,N/A
CHSCO,$28,1440440166724,"9,353",Not yet rated,NULL,N/A
CHSCP,$30.0473,1440440167086,"8,633",Not yet rated,NULL,N/A
CHDN,$130,1440440167183,"18,671",Not yet rated,NULL,$165
CHUY,$31.09,1440440167325,"140,770",50% bullish,of 2 ratings,$34
CDTX,$14.03,1440440167494,"12,728",Not yet rated,NULL,$22
CIFC,$6.84,1440440167527,"3,736",100% bearish,of 1 rating,N/A
CMCT,$15.35,1440440167856,"1,716",100% bearish,of 1 rating,N/A
CMPR,$66.96,1440440168108,"326,081",50% bullish,of 2 ratings,$72.50
CTAS,$82.15,1440440168263,"276,608",100% bearish,of 1 rating,$91
CINF,$51.74,1440440168343,"443,221",50% bullish,of 4 ratings,$50.50
CPHR,$5.95,1440440168481,"15,345",100% bearish,of 1 rating,$17
CSCO,$25.415,1440440168503,"22,108,892",84% bullish,of 208 ratings,$32
CIDM,$0.6085,1440440168532,"60,337",50% bullish,of 2 ratings,$2.10
CRUS,$27.73,1440440168672,"816,207",75% bullish,of 12 ratings,$44.50
CZNC,$19.55,1440440169549,"5,322",Not yet rated,NULL,N/A
CTRN,$27.5,1440440169728,"80,757",100% bearish,of 1 rating,$31.50
CTXS,$67.77,1440440170028,"1,467,788",86% bullish,of 7 ratings,$80
CZWI,$9,1440440170233,"11,000",Not yet rated,NULL,N/A
CIZN,$19.01,1440440170293,"1,773",Not yet rated,NULL,N/A
CZFC,NULL,1440440170397,0,Not yet rated,NULL,N/A
CHCO,$46.56,1440440170545,"20,741",Not yet rated,NULL,$46
CIVBP,$32.84,1440440170637,"1,300",Not yet rated,NULL,N/A
CIVB,$10.08,1440440170792,500,Not yet rated,NULL,$11
CDTI,$1.495,1440440170817,"132,424",75% bullish,of 4 ratings,$3.20
CLNE,$4.07,1440440170880,"929,259",80% bullish,of 15 ratings,$9
CLNT,$1.64,1440440170905,"4,616",75% bullish,of 8 ratings,N/A
CLFD,$16.92,1440440171251,"34,851",67% bullish,of 3 ratings,$18
CLRO,$11.5201,1440440171300,"11,481",50% bullish,of 2 ratings,$14.25
CLIR,$4.68,1440440171406,"78,138",100% bullish,of 3 ratings,N/A
CBLI,$3.54,1440440171462,"53,982",60% bullish,of 5 ratings,N/A
CSBK,$13.61,1440440171743,"43,981",Not yet rated,NULL,N/A
CLVS,$69,1440440172101,"249,089",60% bullish,of 5 ratings,$101.50
CMFN,$11.68,1440440172200,"26,650",100% bearish,of 1 rating,$15.50
CNV,$4.47,1440440172459,"52,059",50% bullish,of 2 ratings,$7.15
CCNE,$16.96,1440440172523,"14,853",50% bullish,of 2 ratings,$21.50
CME,$89.04,1440440172554,"1,258,415",67% bullish,of 3 ratings,$102
CISG,$7.1,1440440172576,"173,858",100% bullish,of 5 ratings,$10
CWAY,$11.21,1440440172607,"3,154",Not yet rated,NULL,N/A
COKE,$153.99,1440440172861,"36,228",79% bullish,of 19 ratings,N/A
COBZ,$12.68,1440440172913,"42,476",100% bullish,of 1 rating,$14
CDRB,$10.2,1440440173015,"23,145",67% bullish,of 3 ratings,N/A
CVLY,$20.55,1440440173376,"4,686",Not yet rated,NULL,N/A
CGNX,$34.73,1440440173404,"438,910",50% bullish,of 2 ratings,$47
CDXS,$3.73,1440440173435,"43,822",64% bullish,of 11 ratings,$6
CGNT,$1.615,1440440173457,"77,312",100% bullish,of 2 ratings,$2
CCOI,$28.1,1440440173487,"291,558",50% bullish,of 4 ratings,$35
JVA,$4.475,1440440173539,"24,420",83% bullish,of 6 ratings,$7
CTSH,$60.81,1440440173641,"2,507,518",90% bullish,of 10 ratings,$75
COHR,$55.395,1440440173670,"51,095",50% bullish,of 2 ratings,$72
CHRS,$29.08,1440440173927,"76,282",67% bearish,of 3 ratings,$37
COHU,$9.57,1440440173956,"54,884",100% bearish,of 1 rating,$14.25
COLL,$14.67,1440440173997,"58,298",100% bearish,of 1 rating,$26
CLRX,$0.56,1440440174022,"217,733",50% bullish,of 2 ratings,N/A
CLCT,$17.79,1440440174092,"42,149",100% bearish,of 1 rating,N/A
CIGI,$42.52,1440440174359,"5,433",100% bearish,of 1 rating,$52
CBAN,$9.07,1440440174442,"2,904",Not yet rated,NULL,N/A
CBMX,$1.13,1440440174491,"57,237",83% bullish,of 6 ratings,$3.15
CMCO,$18.75,1440440174523,"41,065",60% bullish,of 5 ratings,$28
COLM,$59.1817,1440440174553,"81,613",100% bearish,of 1 rating,$71
COLB,$29.63,1440440174576,"190,574",Not yet rated,NULL,$36
CLCD,$6.7,1440440174619,"18,458",100% bearish,of 1 rating,$20.50
CMCSA,$55,1440440174708,"8,457,514",66% bullish,of 35 ratings,$69.50
CBSH,$43.71,1440440174979,"262,140",50% bullish,of 2 ratings,$46
CBSHP,$25.128,1440440175064,"6,215",100% bearish,of 1 rating,N/A
CMCSK,$55.49,1440440175191,"2,612,427",Not yet rated,NULL,$84
COMM,$28.05,1440440175319,"930,828",67% bearish,of 3 ratings,$35
CVGI,$4.61,1440440175413,"29,741",50% bullish,of 2 ratings,$6
CUBN,$13.55,1440440175442,"7,537",Not yet rated,NULL,N/A
CYHHZ,$0.01,1440440175513,"227,589",100% bullish,of 1 rating,N/A
CSAL,$20.15,1440440175541,"469,025",75% bullish,of 4 ratings,$30
JCS,$8.56,1440440175609,"10,135",67% bullish,of 3 ratings,N/A
ESXB,$5.05,1440440175690,"5,450",Not yet rated,NULL,N/A
CTBI,$34.455,1440440175941,"34,250",Not yet rated,NULL,$36
COB,$10.43,1440440176028,"2,692",100% bullish,of 1 rating,$11.75
CIZ,$32.415,1440440176055,"5,449",100% bearish,of 1 rating,N/A
CWBC,NULL,1440440176076,0,Not yet rated,NULL,N/A
CVLT,$35.36,1440440176105,"272,194",75% bullish,of 4 ratings,$44.50
CIL,$33.0699,1440440176324,100,Not yet rated,NULL,N/A
CID,$33.1399,1440440176458,150,Not yet rated,NULL,N/A
CSA,$32.88,1440440176524,"1,200",Not yet rated,NULL,N/A
CDC,$34.4112,1440440176674,"11,534",Not yet rated,NULL,N/A
CFO,$34.72,1440440176889,"28,600",100% bearish,of 1 rating,N/A
CSB,NULL,1440440176935,0,Not yet rated,NULL,N/A
CDL,NULL,1440440176966,0,Not yet rated,NULL,N/A
CFA,$34.92,1440440177035,"3,256",100% bearish,of 1 rating,N/A
CSF,$35.916,1440440177063,"3,865",100% bearish,of 1 rating,N/A
CGEN,$4.81,1440440177093,"218,915",50% bullish,of 2 ratings,$11
CPSI,$44.71,1440440177227,"41,140",100% bearish,of 1 rating,$45.50
SCOR,$54.1392,1440440177580,"160,100",100% bearish,of 1 rating,$66
CTG,$6.52,1440440177606,"25,885",100% bearish,of 1 rating,$8.50
CMTL,$26.89,1440440177644,"24,618",100% bearish,of 2 ratings,$37
CHCI,$0.5999,1440440177679,"14,000",50% bullish,of 2 ratings,N/A
CNAT,$3.7401,1440440177775,"132,467",83% bullish,of 6 ratings,$13
CNCE,$14.96,1440440177802,"77,699",75% bullish,of 4 ratings,$22
CNSI,$18.39,1440440177875,"59,334",100% bearish,of 2 ratings,$29
CCUR,$5.055,1440440178100,"28,758",75% bullish,of 4 ratings,N/A
CDOR,$1.37,1440440178127,"18,794",100% bullish,of 1 rating,N/A
CXRX,$70.32,1440440178193,"3,930",100% bearish,of 1 rating,$90
CDORO,$18.0001,1440440178225,"1,284",100% bearish,of 1 rating,N/A
CFMS,$19.71,1440440178298,"171,355",Not yet rated,NULL,$27
CNFR,$10.24,1440440178326,"8,704",Not yet rated,NULL,N/A
CDORP,$6.6,1440440178391,"1,443",100% bearish,of 1 rating,N/A
CNMD,$52.03,1440440178645,"262,447",Not yet rated,NULL,$59
CNOB,$19.25,1440440178713,"30,983",100% bullish,of 1 rating,$23.50
CTWS,$35.4699,1440440178745,"11,223",100% bearish,of 1 rating,$44
CONN,$29.51,1440440178847,"374,823",67% bullish,of 3 ratings,$48.50
CNSL,$19.24,1440440178890,"108,526",100% bearish,of 1 rating,$23
CNXR,$6.66,1440440178982,"42,360",100% bearish,of 1 rating,$12
CWCO,$10.43,1440440179050,"71,820",67% bullish,of 3 ratings,$14.50
CTCT,$23.59,1440440179185,"135,780",67% bullish,of 3 ratings,$37
CPSS,$5.69,1440440179339,"32,797",100% bullish,of 1 rating,$10
CTRV,$3.85,1440440179412,"24,153",Not yet rated,NULL,$6.40
CFRX,$4.95,1440440179440,"35,043",Not yet rated,NULL,$14
CFRXW,$1.77,1440440179465,"3,009",100% bearish,of 1 rating,N/A
CFRXZ,$0.49,1440440179519,"9,375",Not yet rated,NULL,N/A
CTRL,$7.74,1440440179683,"98,502",50% bullish,of 2 ratings,$11
CPRT,$33.75,1440440179782,"129,011",67% bearish,of 3 ratings,$40
CRBP,$1.99,1440440179854,"414,491",100% bullish,of 2 ratings,$6.25
CORE,$59.06,1440440180167,"58,618",100% bearish,of 1 rating,$72
CORT,$4.53,1440440180192,"200,708",67% bullish,of 3 ratings,$12
CORI,$9.78,1440440180217,"40,967",100% bearish,of 1 rating,$18
BVA,NULL,1440440180241,0,50% bullish,of 2 ratings,N/A
CSOD,$35.3,1440440180563,"310,573",50% bullish,of 2 ratings,$42
COSI,$1.085,1440440180634,"66,830",100% bullish,of 1 rating,N/A
CRVL,$31.4,1440440180834,"26,280",100% bearish,of 1 rating,N/A
CSGP,$174.98,1440440181031,"125,200",50% bullish,of 2 ratings,$235
COST,$133.565,1440440181062,"1,854,194",79% bullish,of 24 ratings,$154.50
ICBK,NULL,1440440181114,0,Not yet rated,NULL,$21
CVTI,$22.005,1440440181164,"85,715",67% bearish,of 3 ratings,$39
CPAH,$0.4899,1440440181246,"9,000",50% bullish,of 2 ratings,N/A
COVS,$2.6401,1440440181298,"148,850",67% bullish,of 3 ratings,N/A
COWN,$5.1699,1440440181392,"591,953",75% bullish,of 4 ratings,$7
COWNL,$26.75,1440440181491,"2,698",Not yet rated,NULL,N/A
CPSH,$2.15,1440440181581,"1,070",Not yet rated,NULL,N/A
CBRL,$139.18,1440440181795,"178,650",50% bullish,of 2 ratings,$155
CRAI,$21.96,1440440181858,"14,906",100% bearish,of 1 rating,$36
CRAY,$19.97,1440440181933,"179,346",83% bullish,of 6 ratings,$38.50
CACC,$191.99,1440440182041,"79,607",50% bullish,of 2 ratings,$158.50
BREW,$7.2,1440440182068,"44,421",67% bullish,of 6 ratings,$15
GLDI,$11.0601,1440440182150,"26,052",100% bearish,of 1 rating,N/A
SLVO,$10.23,1440440182200,"29,285",100% bearish,of 1 rating,N/A
CREE,$26.74,1440440182227,"1,021,766",65% bullish,of 17 ratings,$29.50
CRTO,$41.98,1440440182363,"391,737",67% bullish,of 6 ratings,$64
CROX,$13.61,1440440182520,"895,749",63% bullish,of 8 ratings,$16.50
CRESY,$9.7,1440440182571,"49,614",100% bearish,of 1 rating,$19
CCRN,$14.06,1440440182601,"119,451",100% bearish,of 1 rating,$14.25
CRDS,$1.02,1440440182703,"25,431",50% bullish,of 4 ratings,$4.50
CRWN,$4.5,1440440182747,"64,686",75% bullish,of 4 ratings,N/A
CRWS,$7.8926,1440440182854,"6,683",Not yet rated,NULL,$10
CYRXW,$0.81,1440440182983,"11,500",Not yet rated,NULL,N/A
CSGS,$30.6,1440440183050,"93,115",Not yet rated,NULL,$40
CCLP,$12.8923,1440440183079,"106,742",67% bearish,of 3 ratings,$21
CYRX,$2.8775,1440440183180,"24,750",Not yet rated,NULL,$9
CSPI,$5.8899,1440440183213,"11,050",67% bullish,of 3 ratings,N/A
CTIC,$1.655,1440440183239,"719,604",84% bullish,of 76 ratings,$5.75
CTCM,$1.7501,1440440183260,"132,838",80% bearish,of 5 ratings,$3.90
CTRP,$59.995,1440440183453,"1,597,738",75% bullish,of 8 ratings,$92
CTIB,$3.55,1440440183540,"4,275",100% bearish,of 1 rating,N/A
CUNB,$21.42,1440440183586,"4,806",Not yet rated,NULL,$24.50
CRIS,$2.405,1440440183838,"276,619",100% bullish,of 8 ratings,$6
CPIX,$5.86,1440440183863,"2,109",Not yet rated,NULL,N/A
CUI,$4.83,1440440183892,"32,604",50% bullish,of 2 ratings,$10
CMLS,$1.29,1440440183933,"319,244",50% bullish,of 4 ratings,$6
CUTR,$13.76,1440440184042,"267,249",67% bearish,of 3 ratings,$18
CVBF,$15.89,1440440184069,"180,185",Not yet rated,NULL,$18
CVV,$11.16,1440440184247,"22,541",100% bullish,of 5 ratings,N/A
CYAN,$6.8701,1440440184279,"2,300",100% bearish,of 1 rating,N/A
CYBX,$64.49,1440440184414,"185,748",50% bullish,of 4 ratings,$71.50
CYBR,$49.44,1440440184463,"1,780,748",86% bullish,of 7 ratings,$66
CYCC,$0.5267,1440440184593,"53,739",73% bullish,of 11 ratings,N/A
CYBE,$5.84,1440440184621,"13,551",100% bearish,of 1 rating,N/A
CYCCP,NULL,1440440184723,0,100% bearish,of 1 rating,N/A
CYNA,$15.74,1440440184881,"45,252",100% bullish,of 1 rating,$31.50
CYNO,$31.1,1440440185052,"104,494",67% bearish,of 3 ratings,$45.50
CY,$9.4299,1440440185087,"4,838,645",80% bullish,of 10 ratings,$15.50
CYRN,$1.555,1440440185116,"93,028",67% bullish,of 3 ratings,$4
CYTK,$6.4099,1440440185186,"158,323",71% bullish,of 14 ratings,$13.50
CONE,$31.83,1440440185217,"158,047",67% bearish,of 3 ratings,$35
CYTX,$0.3553,1440440185243,"858,907",83% bullish,of 12 ratings,$5.50
CBAY,$2.525,1440440185316,"34,424",100% bullish,of 1 rating,$4
CTSO,$6.652,1440440185496,"120,577",Not yet rated,NULL,$15.625
CYTR,$2.12,1440440185660,"538,054",67% bullish,of 6 ratings,$10
DAEG,$0.35,1440440185736,"2,420",100% bearish,of 1 rating,N/A
TVIZ,$18.14,1440440185761,"16,700",100% bearish,of 1 rating,N/A
TVIX,$12.68,1440440185904,"18,608,158",81% bullish,of 16 ratings,N/A
ZIV,$41.19,1440440185928,"212,108",Not yet rated,NULL,N/A
XIV,$29.23,1440440185958,"25,176,841",75% bearish,of 4 ratings,N/A
DAKT,$11.345,1440440185987,"117,568",50% bullish,of 2 ratings,$14
DJCO,$200.05,1440440186123,933,Not yet rated,NULL,N/A
DARA,$0.87,1440440186151,"67,061",83% bullish,of 6 ratings,$1.50
DTLK,$5.54,1440440186230,"37,460",100% bearish,of 1 rating,$9
DRAM,$1.31,1440440186378,"6,431",78% bullish,of 9 ratings,N/A
PLAY,$33.1,1440440186416,"79,804",100% bullish,of 5 ratings,$42
DAIO,$2.61,1440440186443,"14,229",Not yet rated,NULL,N/A
DWCH,$4.9,1440440186510,"41,120",75% bullish,of 4 ratings,$8.25
DTEA,$13.23,1440440186575,"56,511",100% bearish,of 2 ratings,$24
DWSN,$4.25,1440440186856,"40,277",67% bullish,of 3 ratings,$6
DBVT,$37.11,1440440186883,"68,187",100% bearish,of 1 rating,$53
DFRG,$14.47,1440440186919,"70,507",100% bearish,of 1 rating,$20
TRAK,$62.78,1440440186945,"328,052",50% bullish,of 2 ratings,$62.50
TACO,$12.372,1440440187018,"154,814",75% bullish,of 4 ratings,$20
DHRM,$1.5701,1440440187045,"9,700",Not yet rated,NULL,N/A
DCTH,$0.4608,1440440187075,"87,208",78% bullish,of 9 ratings,N/A
TACOW,$3.7,1440440187100,"19,843",100% bullish,of 1 rating,N/A
DGAS,$20.22,1440440187427,"4,640",67% bearish,of 3 ratings,N/A
DELTW,NULL,1440440187477,0,Not yet rated,NULL,N/A
DELT,$2.6,1440440187503,"1,385",Not yet rated,NULL,N/A
DENN,$11.1801,1440440187528,"392,036",100% bullish,of 3 ratings,$15
XRAY,$51.74,1440440187691,"341,906",100% bullish,of 1 rating,$58
DEPO,$27.5,1440440187730,"784,844",60% bullish,of 5 ratings,$29
DSCI,$6.1001,1440440187788,"59,802",50% bullish,of 2 ratings,$16
DEST,$11.3,1440440187813,"22,996",50% bullish,of 2 ratings,N/A
DXM,$0.2952,1440440187956,"101,280",50% bullish,of 2 ratings,N/A
DERM,$23.31,1440440187984,"87,726",100% bearish,of 1 rating,$33.50
DXLG,$4.43,1440440188005,"59,804",100% bearish,of 1 rating,$8
DSWL,$1.79,1440440188040,"21,640",100% bullish,of 1 rating,N/A
DHXM,NULL,1440440188174,0,Not yet rated,NULL,N/A
DMND,$29.36,1440440188304,"102,720",75% bullish,of 12 ratings,$32
DXCM,$85.5,1440440188330,"779,965",57% bullish,of 7 ratings,$98
DHIL,$192.09,1440440188895,"1,279",Not yet rated,NULL,N/A
DCIX,$1.6699,1440440188924,"57,184",50% bullish,of 4 ratings,$3.50
DGII,$9.73,1440440188945,"25,909",100% bearish,of 1 rating,$10
FANG,$63.06,1440440188987,"723,590",50% bullish,of 2 ratings,$86
DRNA,$10.54,1440440189015,"77,791",67% bearish,of 3 ratings,$25
APPS,$2.32,1440440189076,"83,709",100% bearish,of 1 rating,$10.25
DRAD,$3.8,1440440189105,"42,849",100% bullish,of 1 rating,$5.25
DMRC,$35.39,1440440189126,"64,438",100% bearish,of 1 rating,$44
DCOM,$16.35,1440440189516,"46,271",100% bearish,of 2 ratings,$16.50
DGLY,$6.24,1440440189545,"229,143",50% bullish,of 6 ratings,$20
DIOD,$19.09,1440440189566,"105,344",75% bearish,of 4 ratings,$24
DPRX,$12.34,1440440189588,"11,455",100% bullish,of 2 ratings,$27.75
DISCA,$26.1333,1440440189624,"1,520,106",67% bullish,of 3 ratings,$34
DISCB,$29.06,1440440189720,4,100% bearish,of 1 rating,$35
DISCK,$24.96,1440440189848,"1,985,272",100% bearish,of 1 rating,$32
DSCO,$0.3954,1440440189947,"179,691",83% bullish,of 6 ratings,$2.75
DVCR,$10.1001,1440440190079,"16,015",100% bullish,of 1 rating,N/A
DNBF,$26.84,1440440190116,"13,330",Not yet rated,NULL,$27.50
BAGR,$2.8761,1440440190138,"22,037",100% bearish,of 1 rating,$6
DLHC,$2.35,1440440190196,"11,631",100% bearish,of 1 rating,N/A
DISH,$58.75,1440440190217,"1,186,069",69% bullish,of 13 ratings,$73
DLTR,$74.49,1440440190249,"1,289,671",82% bullish,of 11 ratings,$88
DGICA,$14.315,1440440190439,"8,061",100% bearish,of 1 rating,$17
DGICB,NULL,1440440190655,0,100% bearish,of 1 rating,N/A
DMLP,$13.0401,1440440190681,"61,304",100% bearish,of 1 rating,N/A
DORM,$49.225,1440440190733,"169,750",100% bearish,of 1 rating,$56
DWA,$19.16,1440440190814,"563,689",63% bullish,of 8 ratings,$26
DRWI,$0.255,1440440190844,"129,224",60% bullish,of 5 ratings,$.45
DRWIW,NULL,1440440190875,0,Not yet rated,NULL,N/A
HILL,$9.675,1440440190900,"2,695,027",60% bearish,of 5 ratings,$9.75
DRYS,$0.3351,1440440190947,"3,593,508",77% bullish,of 31 ratings,$.60
DSKX,$3.05,1440440191206,"128,810",100% bullish,of 1 rating,N/A
DSPG,$8.44,1440440191263,"23,009",100% bearish,of 1 rating,$13.50
CADTR,$0.2,1440440191305,"24,465",Not yet rated,NULL,N/A
CADTU,NULL,1440440191334,0,Not yet rated,NULL,N/A
CADT,$10.02,1440440191398,300,Not yet rated,NULL,N/A
CADTW,NULL,1440440191469,0,Not yet rated,NULL,N/A
DTSI,$25.28,1440440191600,"37,548",100% bearish,of 2 ratings,$39.50
DNKN,$49.49,1440440191808,"1,570,869",67% bullish,of 15 ratings,$56.50
DXPE,$27.68,1440440191833,"64,758",50% bullish,of 2 ratings,N/A
BOOM,$9.69,1440440191861,"33,914",67% bullish,of 3 ratings,$12
DRRX,$1.9,1440440191883,"149,083",50% bullish,of 6 ratings,$3
DYAX,$21.7,1440440191913,"415,827",89% bullish,of 9 ratings,$30
DYSL,$1.441,1440440192089,"17,005",100% bullish,of 2 ratings,N/A
DYNT,$2.85,1440440192118,"11,128",75% bullish,of 4 ratings,N/A
ETFC,$24.4268,1440440192254,"2,202,134",57% bullish,of 14 ratings,$33
EGBN,$41.32,1440440192358,"78,330",Not yet rated,NULL,$48
DVAX,$26.37,1440440192441,"168,361",70% bullish,of 10 ratings,$40
EBMT,$11.42,1440440192517,"40,225",Not yet rated,NULL,$13.50
EGRX,$65.82,1440440192542,"219,023",67% bullish,of 3 ratings,$97
EGLE,$5.94,1440440192568,"8,161",60% bullish,of 5 ratings,N/A
EROC,$1.1999,1440440192706,"406,358",50% bullish,of 2 ratings,$3
ELNK,$8,1440440192733,"362,495",60% bullish,of 5 ratings,$9.50
EWBC,$39.03,1440440192762,"1,219,085",100% bearish,of 1 rating,$50
EACQU,NULL,1440440192894,0,Not yet rated,NULL,N/A
EVBS,$6.4001,1440440192995,"4,145",Not yet rated,NULL,$7
EBAY,$25.025,1440440193039,"7,211,023",81% bullish,of 117 ratings,$48
EML,$16.91,1440440193067,"27,659",Not yet rated,NULL,N/A
EBIX,$26,1440440193092,"543,679",69% bullish,of 13 ratings,$40
ELON,$0.5392,1440440193259,"39,672",50% bullish,of 2 ratings,N/A
ECHO,$23.96,1440440193391,"308,531",67% bearish,of 3 ratings,$35.50
ECTE,$1.421,1440440193485,"20,594",75% bullish,of 4 ratings,N/A
EEI,$10.7801,1440440193619,"1,831",67% bearish,of 3 ratings,N/A
SATS,$42.1,1440440193645,"76,050",50% bullish,of 2 ratings,$60
ECACU,$10.048,1440440193773,"22,600",Not yet rated,NULL,N/A
EDAP,$2.94,1440440193904,"47,941",60% bullish,of 5 ratings,$4.50
ESES,$3.06,1440440193931,"4,949",100% bearish,of 1 rating,$7
EDGW,$6.63,1440440193952,"102,684",100% bearish,of 1 rating,N/A
EDUC,$4.7575,1440440194086,"2,270",100% bearish,of 1 rating,N/A
EGLT,$10.55,1440440194120,"41,716",50% bullish,of 2 ratings,$21
EGAN,$3.27,1440440194152,"11,999",50% bullish,of 2 ratings,$6.25
EFUT,$4.01,1440440194174,"5,046",Not yet rated,NULL,N/A
EHTH,$13.27,1440440194341,"71,822",50% bullish,of 4 ratings,$16.50
EMITF,$1.235,1440440194496,"39,244",75% bullish,of 4 ratings,N/A
LOCO,$11.65,1440440194534,"972,884",69% bullish,of 13 ratings,$20
ERI,$9.0999,1440440194736,"40,243",100% bearish,of 1 rating,$10
ELRC,$10.36,1440440194805,"12,090",100% bearish,of 1 rating,N/A
ESLT,$74.5,1440440194831,"18,518",67% bullish,of 3 ratings,N/A
EFII,$42.34,1440440194964,"177,574",80% bullish,of 5 ratings,$55
ESIO,$4.46,1440440194998,"50,957",50% bullish,of 2 ratings,$10
EA,$63.7901,1440440195097,"2,572,571",77% bullish,of 35 ratings,$80
ELSE,$3.63,1440440195125,400,60% bullish,of 5 ratings,N/A
ELECU,NULL,1440440195194,0,Not yet rated,NULL,N/A
ELEC,NULL,1440440195223,0,Not yet rated,NULL,N/A
EBIO,$3.35,1440440195395,"205,754",100% bearish,of 2 ratings,$8.35
ELECW,NULL,1440440195420,0,Not yet rated,NULL,N/A
RDEN,$10.21,1440440195445,"64,468",100% bearish,of 4 ratings,$15
CAPX,$22.365,1440440195611,"1,600",Not yet rated,NULL,N/A
LONG,$16.85,1440440195888,"55,390",67% bullish,of 3 ratings,$15.75
ELTK,$1.0511,1440440195917,"8,291",67% bearish,of 3 ratings,N/A
ESBK,NULL,1440440195940,0,Not yet rated,NULL,N/A
EMMS,$1.16,1440440195972,"140,199",67% bullish,of 6 ratings,N/A
EMCF,NULL,1440440195993,0,100% bearish,of 1 rating,N/A
EMCI,$22.04,1440440196017,"13,651",Not yet rated,NULL,N/A
EMKR,$7.02,1440440196052,"70,605",75% bullish,of 4 ratings,$8.50
EMMSP,NULL,1440440196224,0,100% bearish,of 1 rating,N/A
NYNY,$4.07,1440440196426,"63,847",50% bullish,of 2 ratings,N/A
ECPG,$38.52,1440440196456,"64,774",100% bullish,of 2 ratings,$52
ERS,$2.8001,1440440196477,"3,602",Not yet rated,NULL,N/A
WIRE,$32.34,1440440196614,"83,573",100% bearish,of 1 rating,$37
ENTA,$38.8001,1440440196640,"144,217",50% bullish,of 2 ratings,$42
ENDP,$73.91,1440440196704,"1,443,514",50% bullish,of 6 ratings,$104
ECYT,$4.985,1440440196861,"165,603",83% bullish,of 6 ratings,$12
WATT,$6.23,1440440196923,"174,081",50% bullish,of 2 ratings,$13
EIGI,$14.82,1440440196953,"372,501",67% bearish,of 3 ratings,$22.50
ELGX,$12.56,1440440197051,"315,174",75% bullish,of 4 ratings,$17
EFOI,$15.98,1440440197132,"291,988",50% bullish,of 2 ratings,$20.50
ERII,$2.9,1440440197161,"78,035",80% bullish,of 5 ratings,$2.50
ENOC,$8.39,1440440197266,"181,559",75% bullish,of 4 ratings,$18
EXXI,$1.32,1440440197422,"1,662,715",86% bullish,of 7 ratings,$3.50
ENG,$1,1440440197491,"35,150",100% bullish,of 3 ratings,N/A
ENPH,$4.805,1440440197566,"866,819",75% bullish,of 4 ratings,$11
ESGR,$149.13,1440440197591,"14,015",100% bearish,of 1 rating,$185
ENFC,$18.19,1440440197636,"5,525",Not yet rated,NULL,N/A
ENTL,$21.11,1440440197856,"10,564",Not yet rated,NULL,$28
ETRM,$0.2325,1440440197888,"759,700",69% bearish,of 35 ratings,$1.625
EBTC,$20.49,1440440198034,"4,393",Not yet rated,NULL,N/A
EFSC,$23.93,1440440198086,"21,924",Not yet rated,NULL,$27
EGT,$2.1156,1440440198113,305,100% bullish,of 1 rating,N/A
ENTG,$13.39,1440440198194,"381,453",100% bearish,of 1 rating,$18
ENVI,$1.73,1440440198248,"25,578",67% bullish,of 3 ratings,N/A
ENZN,$0.9501,1440440198382,"869,226",100% bullish,of 9 ratings,N/A
ENZY,$9.2,1440440198412,"8,974",67% bullish,of 3 ratings,$9.50
EPRS,$4.78,1440440198548,"66,145",82% bullish,of 11 ratings,$15
EPIQ,$13.25,1440440198573,"55,662",100% bearish,of 1 rating,$18
PLUS,$76.3799,1440440198768,"38,209",50% bullish,of 2 ratings,$88
EPZM,$17.78,1440440198794,"396,837",60% bullish,of 5 ratings,$34
EQIX,$258.33,1440440198821,"359,641",75% bullish,of 4 ratings,$312.50
EQFN,NULL,1440440198957,0,100% bearish,of 1 rating,N/A
ERIC,$9.5499,1440440199088,"2,114,922",63% bullish,of 8 ratings,$12.20
ESCA,$17.76,1440440199115,"14,855",100% bearish,of 1 rating,$22
EAC,$3.52,1440440199140,"28,618",100% bearish,of 1 rating,$8
ERIE,$82.37,1440440199187,"12,593",Not yet rated,NULL,$73
ESCRP,$1.5475,1440440199333,"3,979",100% bearish,of 1 rating,N/A
ESCR,$0.1599,1440440199397,"12,319",50% bullish,of 2 ratings,N/A
ESMC,NULL,1440440199435,0,Not yet rated,NULL,N/A
ESPR,$52.18,1440440199469,"651,084",70% bearish,of 10 ratings,$123
EPIX,$5.94,1440440199609,600,Not yet rated,NULL,N/A
ESSA,$12.5,1440440199685,"10,549",100% bearish,of 1 rating,N/A
ESND,$34.35,1440440199710,"70,571",100% bearish,of 2 ratings,$40
ESSX,$0.47,1440440199739,"18,650",50% bullish,of 2 ratings,N/A
ETSY,$13.3201,1440440199910,"473,704",80% bullish,of 5 ratings,$16
EEFT,$63.01,1440440199980,"150,510",100% bearish,of 1 rating,$67.50
ESEA,$5.67,1440440200039,"3,042",100% bullish,of 1 rating,$15
CLWT,$2.3799,1440440200072,"15,107",100% bearish,of 1 rating,N/A
EVLV,$2.05,1440440200201,"104,113",60% bullish,of 5 ratings,$6.50
EVEP,$6.98,1440440200227,"318,712",50% bullish,of 2 ratings,$15
EVK,$3.75,1440440200290,"9,400",75% bearish,of 4 ratings,N/A
EVOK,$3.7501,1440440200315,"76,610",100% bearish,of 1 rating,$13.375
EVOL,$5.84,1440440200543,"9,632",75% bullish,of 4 ratings,$10
EXAS,$19.8001,1440440200601,"923,116",78% bullish,of 9 ratings,$31
EXAC,$17.895,1440440200675,"17,647",100% bearish,of 1 rating,$22.50
EXA,$10.61,1440440200702,"14,894",100% bearish,of 1 rating,$13
EXEL,$5.215,1440440200844,"3,609,349",81% bullish,of 16 ratings,$6
EXPE,$109.0301,1440440200888,"1,232,205",64% bullish,of 11 ratings,$130
EXFO,$2.54,1440440200986,"40,720",67% bearish,of 3 ratings,$3.95
EXLS,$36.35,1440440201014,"117,976",100% bullish,of 1 rating,$41
ESRX,$82.26,1440440201179,"3,489,950",67% bearish,of 6 ratings,$101
EXPD,$46.89,1440440201207,"862,482",80% bullish,of 5 ratings,$51.50
EXLP,$17.8001,1440440201278,"181,820",100% bearish,of 1 rating,$27
EXPO,$41.66,1440440201337,"25,804",100% bearish,of 1 rating,$45.50
EXTR,$2.79,1440440201442,"397,252",80% bullish,of 5 ratings,$3
EYEG,$4.08,1440440201470,"12,493",Not yet rated,NULL,N/A
EYEGW,NULL,1440440201616,0,Not yet rated,NULL,N/A
EZCH,$21.0545,1440440201659,"111,444",75% bullish,of 8 ratings,$19.50
EZPW,$6.16,1440440201886,"141,430",50% bullish,of 4 ratings,$7.50
FFIV,$117.89,1440440201913,"610,173",63% bullish,of 8 ratings,$132
FB,$82.9628,1440440201943,"38,386,833",73% bullish,of 1066 ratings,$111
FCS,$13.05,1440440202046,"446,178",67% bearish,of 3 ratings,$17
FWM,$2.17,1440440202177,"166,624",100% bearish,of 2 ratings,$3.20
FRP,$16.22,1440440202203,"30,411",100% bearish,of 1 rating,$18
FALC,$1.54,1440440202332,"20,677",63% bearish,of 8 ratings,N/A
FARM,$21.97,1440440202362,"17,393",100% bearish,of 1 rating,$35
DAVE,$14.32,1440440202388,"31,622",100% bearish,of 1 rating,$15.50
FFKT,$26.27,1440440202534,"3,324",Not yet rated,NULL,$29
FMNB,$8,1440440202563,"10,066",Not yet rated,NULL,N/A
FARO,$37.57,1440440202588,"91,474",50% bullish,of 2 ratings,$48
FAST,$37.7634,1440440202788,"2,473,173",80% bullish,of 5 ratings,$46
FATE,$5.94,1440440202817,"80,526",50% bullish,of 2 ratings,$11
FBSS,$15.3467,1440440202843,300,Not yet rated,NULL,N/A
FBRC,$21.75,1440440202919,"20,269",100% bearish,of 1 rating,$29
FNHC,$21.15,1440440203276,"29,937",100% bearish,of 1 rating,$35
FEIC,$75.22,1440440203303,"154,540",50% bullish,of 2 ratings,$95.50
FDML,$8.8001,1440440203531,"119,809",50% bullish,of 4 ratings,$14
FHCO,$1.425,1440440203603,"179,943",50% bullish,of 4 ratings,N/A
ONEQ,$180.33,1440440203632,"101,714",100% bullish,of 1 rating,N/A
FCSC,$5.34,1440440203653,"148,456",100% bearish,of 1 rating,$8.125
FGEN,$22.3,1440440203683,"321,538",100% bearish,of 1 rating,$39
FENX,$9.66,1440440203704,"33,735",100% bullish,of 1 rating,$14.25
FRGI,$51.94,1440440203914,"108,245",50% bullish,of 2 ratings,$70
LION,$18.4601,1440440203986,"79,316",100% bullish,of 1 rating,$20
FDUS,$13.85,1440440204054,"138,464",50% bullish,of 2 ratings,$18
FSAM,$8.44,1440440204184,"15,202",100% bearish,of 1 rating,$11
FSCFL,$23.8,1440440204218,804,Not yet rated,NULL,N/A
FSC,$6.2601,1440440204240,"727,378",75% bullish,of 4 ratings,$8
FITB,$18.87,1440440204268,"4,137,561",54% bullish,of 13 ratings,$22
FSFR,$8.75,1440440204315,"106,282",100% bearish,of 1 rating,$11.50
FITBI,$26.77,1440440204618,"20,615",Not yet rated,NULL,N/A
FNGN,$32.24,1440440204652,"191,082",67% bullish,of 3 ratings,$47
FNSR,$15.03,1440440204684,"612,042",71% bullish,of 7 ratings,$24.50
FISI,$24.55,1440440204707,"26,373",100% bullish,of 2 ratings,$24.50
FNJN,$1.5205,1440440204749,"42,853",100% bearish,of 1 rating,$5
FNTC,NULL,1440440204781,0,Not yet rated,NULL,N/A
FNTCU,NULL,1440440204887,0,Not yet rated,NULL,N/A
FEYE,$36.66,1440440205128,"4,620,415",87% bullish,of 15 ratings,$55.50
FNTCW,$0.32,1440440205308,"17,600",Not yet rated,NULL,N/A
FBIZ,$43.52,1440440205476,"6,325",100% bearish,of 2 ratings,$52
FNLC,$18.5,1440440205522,"17,293",100% bullish,of 1 rating,N/A
FBNC,$16.34,1440440205550,"15,600",100% bullish,of 1 rating,$20
FRBA,$5.96,1440440205571,"2,700",Not yet rated,NULL,$8
FCVA,$4.61,1440440205712,"5,105",Not yet rated,NULL,N/A
BUSE,$6.2,1440440205739,"41,310",Not yet rated,NULL,$6.875
FCAP,$26.5,1440440205804,601,Not yet rated,NULL,N/A
FCFS,$38.01,1440440205868,"133,247",100% bearish,of 3 ratings,$48
FCNCA,$235.655,1440440205965,"2,770",Not yet rated,NULL,N/A
FCBC,$17.51,1440440206015,"4,534",Not yet rated,NULL,$18
FCLF,$9.41,1440440206206,525,Not yet rated,NULL,N/A
FCFP,$6.89,1440440206234,"5,514",Not yet rated,NULL,N/A
FCCO,$11.53,1440440206264,948,Not yet rated,NULL,$13.25
FBNK,$16.52,1440440206364,"17,630",100% bearish,of 1 rating,$17.50
FDEF,$36.65,1440440206557,"16,405",Not yet rated,NULL,$38
FFBC,$18.08,1440440206583,"119,586",67% bearish,of 3 ratings,$20.25
FFNM,$6.24,1440440206611,"3,100",Not yet rated,NULL,N/A
FFBCW,NULL,1440440206662,0,100% bearish,of 1 rating,N/A
FFIN,$29.825,1440440206742,"114,132",50% bullish,of 2 ratings,$31.75
THFF,$32.93,1440440206794,"7,442",Not yet rated,NULL,$35
FFNW,$12.16,1440440206884,"24,556",Not yet rated,NULL,$14
FFWM,$21.11,1440440206988,"43,695",Not yet rated,NULL,$24
INBK,$30.185,1440440207015,"30,740",50% bullish,of 2 ratings,$37
FMBH,$22.5,1440440207252,300,Not yet rated,NULL,N/A
FRME,$24.86,1440440207281,"97,211",Not yet rated,NULL,$26.50
FIBK,$25.77,1440440207309,"61,338",Not yet rated,NULL,$32
FNBC,$33.46,1440440207379,"23,415",Not yet rated,NULL,$41.50
FMBI,$17.06,1440440207473,"226,846",Not yet rated,NULL,$20
FNFG,$8.8001,1440440207522,"1,359,168",80% bullish,of 5 ratings,$9
FNWB,$11.9,1440440207567,"20,261",Not yet rated,NULL,N/A
FSFG,$29.95,1440440207622,"3,350",Not yet rated,NULL,N/A
FSGI,$2.44,1440440207696,"8,150",Not yet rated,NULL,N/A
FSLR,$44.315,1440440207864,"1,570,974",74% bullish,of 39 ratings,$65
BICK,$17.84,1440440207889,250,100% bullish,of 1 rating,N/A
FBZ,$9.75,1440440207915,200,Not yet rated,NULL,N/A
FSBK,$7.6526,1440440208048,"1,045",100% bullish,of 1 rating,N/A
FCAN,$23.1,1440440208077,"4,513",Not yet rated,NULL,N/A
FTCS,$35.71,1440440208178,"191,203",100% bearish,of 1 rating,N/A
FCA,$17.43,1440440208323,"1,000",Not yet rated,NULL,N/A
FV,$22.415,1440440208350,"7,397,322",100% bearish,of 1 rating,N/A
FEMB,$42.17,1440440208371,300,Not yet rated,NULL,N/A
IFV,$17.17,1440440208557,"1,078,775",100% bearish,of 1 rating,N/A
FTSM,$59.91,1440440208687,"28,840",100% bearish,of 1 rating,N/A
TDIV,$23.8525,1440440208718,"337,278",100% bearish,of 1 rating,N/A
FEUZ,$30.385,1440440208739,"2,264",Not yet rated,NULL,N/A
MDIV,$18.9,1440440208781,"716,656",Not yet rated,NULL,N/A
FGM,$34.47,1440440208820,"34,174",Not yet rated,NULL,N/A
FTGC,$21.7301,1440440208869,"72,245",Not yet rated,NULL,N/A
HYLS,$48.9799,1440440209148,"48,205",100% bearish,of 1 rating,N/A
FTHI,$18.93,1440440209180,48,Not yet rated,NULL,N/A
YDIV,$16.21,1440440209284,"6,254",Not yet rated,NULL,N/A
FPXI,$26.07,1440440209350,40,Not yet rated,NULL,N/A
FHK,$31.46,1440440209374,"26,817",Not yet rated,NULL,N/A
SKYY,$27.77,1440440209517,"137,545",100% bullish,of 1 rating,N/A
PLTM,$6.35,1440440209545,"40,232",100% bearish,of 1 rating,N/A
CU,$12.35,1440440209678,"14,450",100% bearish,of 1 rating,N/A
FJP,$44.57,1440440209708,"18,764",Not yet rated,NULL,N/A
FTLB,$18.9828,1440440209808,"4,210",100% bearish,of 1 rating,N/A
QABA,$36.6129,1440440210014,"35,790",100% bearish,of 1 rating,N/A
LMBS,$50.48,1440440210058,"1,000",Not yet rated,NULL,N/A
FMB,$51.1776,1440440210087,652,Not yet rated,NULL,N/A
FONE,$33.34,1440440210145,"1,275",Not yet rated,NULL,N/A
CIBR,$17.89,1440440210187,"194,083",Not yet rated,NULL,N/A
QCLN,$14.45,1440440210251,"62,007",Not yet rated,NULL,N/A
CARZ,$33.2109,1440440210426,"9,699",100% bearish,of 1 rating,N/A
GRID,$30.15,1440440210560,"1,915",100% bearish,of 1 rating,N/A
QQEW,$40.0999,1440440210587,"210,722",Not yet rated,NULL,N/A
QTEC,$38.25,1440440210732,"154,454",Not yet rated,NULL,N/A
AIRR,$16.1201,1440440210764,"6,428",100% bearish,of 1 rating,N/A
QQXT,$38.903,1440440210785,"134,902",Not yet rated,NULL,N/A
RDVY,$20.5601,1440440210863,"11,373",Not yet rated,NULL,N/A
QINC,$20.39,1440440210929,700,Not yet rated,NULL,N/A
FTSL,$48.49,1440440211029,"35,532",100% bearish,of 1 rating,N/A
FDIV,$47.17,1440440211184,"2,865",100% bearish,of 1 rating,N/A
FKO,$19.5,1440440211328,100,Not yet rated,NULL,N/A
FSZ,$38.57,1440440211380,"32,584",Not yet rated,NULL,N/A
FUNC,$8.103,1440440211415,800,Not yet rated,NULL,N/A
FKU,$40.38,1440440211443,"71,063",Not yet rated,NULL,N/A
TUSA,$24.54,1440440211469,700,Not yet rated,NULL,N/A
FTW,$28.63,1440440211489,"2,986",Not yet rated,NULL,N/A
FMER,$17.315,1440440211752,"961,654",50% bullish,of 2 ratings,$20
SVVC,$9.33,1440440211834,"25,962",50% bullish,of 2 ratings,$26
FSV,$30.01,1440440211860,"11,233",Not yet rated,NULL,$33.60
FPRX,$19.0075,1440440211992,"150,337",50% bullish,of 2 ratings,$35
FISV,$82.4506,1440440212017,"1,075,121",100% bearish,of 3 ratings,$90
FIVE,$35.6,1440440212042,"268,196",75% bearish,of 4 ratings,$44
FLKS,$13.6581,1440440212257,"34,288",50% bullish,of 2 ratings,$27
FLML,$20.0178,1440440212304,"161,855",50% bullish,of 2 ratings,$30
FIVN,$4.13,1440440212342,"153,588",100% bullish,of 1 rating,$8.50
SKOR,$50.399,1440440212390,500,Not yet rated,NULL,N/A
FLXN,$23.44,1440440212422,"40,064",100% bearish,of 1 rating,$40
FLEX,$10.2399,1440440212523,"1,268,397",63% bullish,of 8 ratings,$12
MBSD,$25.37,1440440212552,400,Not yet rated,NULL,N/A
FLXS,$29.4,1440440212686,"28,451",100% bearish,of 2 ratings,N/A
FLIR,$27.6,1440440212763,"594,239",100% bearish,of 1 rating,$38.50
FLDM,$12.29,1440440212829,"136,533",67% bearish,of 3 ratings,$21.50
FFIC,$19.73,1440440213009,"23,894",Not yet rated,NULL,$21
FOMX,$9.43,1440440213071,"110,147",50% bullish,of 2 ratings,$23.50
FOGO,$17.85,1440440213099,"113,472",50% bullish,of 2 ratings,$25.50
FONR,$9.26,1440440213139,"9,041",100% bullish,of 1 rating,N/A
FES,$0.84,1440440213164,"30,843",50% bullish,of 2 ratings,$1
FORTY,$28.75,1440440213199,"3,492",Not yet rated,NULL,N/A
FORM,$6.04,1440440213298,"171,817",67% bullish,of 3 ratings,$10.50
FORR,$32.055,1440440213325,"25,879",Not yet rated,NULL,N/A
FTNT,$41.26,1440440213466,"1,314,146",80% bullish,of 10 ratings,$52
FBIO,$2.29,1440440213500,"230,633",83% bullish,of 6 ratings,N/A
FWRD,$45.65,1440440213634,"70,698",100% bearish,of 1 rating,$50
FORD,$1.012,1440440213680,"69,052",50% bullish,of 2 ratings,N/A
FWP,$25.5699,1440440213767,"36,193",100% bearish,of 1 rating,$45
FXCB,$17.08,1440440213897,"10,232",Not yet rated,NULL,$19
FOSL,$59.435,1440440213922,"633,990",50% bullish,of 4 ratings,$80
FOXF,$15.1,1440440213982,"25,440",100% bearish,of 1 rating,$19
FMI,$20.66,1440440214011,"117,829",100% bearish,of 2 ratings,$27.50
FRAN,$10.22,1440440214051,"255,074",50% bullish,of 4 ratings,$15
FELE,$28.115,1440440214137,"177,928",50% bullish,of 4 ratings,$33
FRED,$13.88,1440440214212,"67,357",50% bullish,of 2 ratings,$16.50
FREE,$0.365,1440440214240,"534,363",92% bullish,of 12 ratings,N/A
FEIM,$10.74,1440440214460,"1,975",100% bearish,of 1 rating,N/A
RAIL,$19.74,1440440214485,"64,957",100% bearish,of 1 rating,$24.50
FRPT,$13,1440440214512,"277,696",67% bearish,of 3 ratings,$23.50
FSBW,$22.51,1440440214872,500,Not yet rated,NULL,N/A
FTRPR,$100.65,1440440214904,"10,939",100% bearish,of 1 rating,N/A
FRPH,$29.64,1440440214930,"1,133",100% bearish,of 1 rating,N/A
FTR,$5.035,1440440214952,"9,290,120",78% bullish,of 27 ratings,$6.25
FTEK,$2.06,1440440214987,"47,992",75% bullish,of 4 ratings,N/A
FSYS,$6.17,1440440215009,"41,459",67% bullish,of 3 ratings,$10
FTD,$28.813,1440440215044,"38,158",100% bearish,of 1 rating,$40
FCEL,$0.7187,1440440215144,"1,179,358",88% bullish,of 40 ratings,$2.65
FLL,$1.48,1440440215456,"25,550",75% bullish,of 4 ratings,$2.825
FULL,$3.07,1440440215481,"91,908",67% bearish,of 3 ratings,$4.25
FULLL,$25.15,1440440215557,"3,385",Not yet rated,NULL,N/A
FULT,$12,1440440215663,"600,282",100% bearish,of 1 rating,$13
FFHL,$0.88,1440440215693,"2,720",50% bullish,of 4 ratings,N/A
FXEN,$0.8201,1440440215795,"84,525",75% bullish,of 4 ratings,$1.10
FSNN,$2.5301,1440440215825,600,67% bullish,of 3 ratings,$6
FXENP,$15.54,1440440215862,"3,600",100% bearish,of 1 rating,N/A
GK,$67.81,1440440215928,"47,058",Not yet rated,NULL,$78
WILC,$5.05,1440440215997,"14,612",100% bullish,of 2 ratings,N/A
GLPG,$60.6,1440440216143,"37,031",100% bullish,of 1 rating,$75
GALTU,NULL,1440440216275,0,100% bearish,of 1 rating,N/A
GALTW,NULL,1440440216306,0,100% bullish,of 1 rating,N/A
GALT,$1.86,1440440216327,"153,986",80% bullish,of 5 ratings,N/A
GAIA,$5.81,1440440216410,"31,075",50% bullish,of 2 ratings,$8.50
GALE,$1.51,1440440216456,"2,149,145",89% bullish,of 47 ratings,$4
GLMD,$7.6899,1440440216636,"30,527",67% bullish,of 3 ratings,$20.50
GLPI,$31.035,1440440216673,"464,533",100% bearish,of 1 rating,$37.50
GGAC,NULL,1440440216769,0,100% bearish,of 1 rating,N/A
GPIC,$9.8001,1440440216797,"1,650",100% bearish,of 1 rating,N/A
GRMN,$37.3297,1440440216826,"1,395,287",50% bullish,of 6 ratings,$48
GGACR,NULL,1440440216847,0,100% bullish,of 1 rating,N/A
GGACU,NULL,1440440216978,0,Not yet rated,NULL,N/A
GGACW,$0.0514,1440440217002,800,Not yet rated,NULL,N/A
GARS,$14.25,1440440217184,"82,078",Not yet rated,NULL,$16
GENC,$9.3,1440440217283,"4,052",100% bearish,of 1 rating,N/A
GNCMA,$16.4401,1440440217320,"115,090",100% bearish,of 1 rating,$12
GFN,$3.52,1440440217452,"16,171",100% bearish,of 2 ratings,$8
GFNCP,$85.05,1440440217496,448,Not yet rated,NULL,N/A
GFNSL,$25,1440440217521,"1,500",Not yet rated,NULL,N/A
GNMK,$9,1440440217584,"111,202",67% bullish,of 6 ratings,$14
GENE,$2.271,1440440217616,"90,835",100% bullish,of 12 ratings,N/A
GNCA,$12.01,1440440217717,"62,198",100% bearish,of 1 rating,$20
GNTX,$14.97,1440440217744,"1,598,979",Not yet rated,NULL,$20
GHDX,$25.04,1440440217772,"92,773",50% bullish,of 2 ratings,$30
THRM,$42.74,1440440217943,"243,923",75% bearish,of 4 ratings,$55.50
GNVC,$2.12,1440440217974,"18,815",90% bullish,of 10 ratings,$8.50
GTWN,NULL,1440440218075,0,Not yet rated,NULL,N/A
GEOS,$14.58,1440440218104,"86,743",100% bearish,of 3 ratings,$25.50
GABC,$29.31,1440440218232,"21,810",Not yet rated,NULL,$31.50
GEVO,$2.62,1440440218386,"1,135,616",75% bullish,of 12 ratings,$5
ROCK,$16.635,1440440218416,"108,852",80% bullish,of 5 ratings,$24
GERN,$3.0068,1440440218438,"1,264,624",88% bullish,of 16 ratings,$5.25
GIGA,$1.4,1440440218518,"149,810",100% bearish,of 1 rating,N/A
GIGM,$0.5634,1440440218579,"116,474",100% bullish,of 2 ratings,N/A
GIII,$62.89,1440440218619,"177,478",67% bullish,of 3 ratings,$75
GILT,$4.25,1440440218650,"23,898",50% bullish,of 2 ratings,N/A
GILD,$102.68,1440440218679,"10,569,972",91% bullish,of 87 ratings,$129
GLAD,$8.41,1440440218814,"146,438",50% bullish,of 2 ratings,$8.75
GBCI,$25.1,1440440219002,"104,762",50% bullish,of 2 ratings,$31
GLADO,$25.45,1440440219046,"2,420",Not yet rated,NULL,N/A
GOOD,$14.89,1440440219183,"146,799",Not yet rated,NULL,$19
GOODN,$25.55,1440440219214,"2,000",Not yet rated,NULL,N/A
GOODP,$25.073,1440440219287,"1,600",Not yet rated,NULL,N/A
GOODO,$25.1,1440440219312,200,Not yet rated,NULL,N/A
GAINO,$25.2001,1440440219455,"2,330",Not yet rated,NULL,N/A
GAINP,$25.9499,1440440219486,"10,628",Not yet rated,NULL,N/A
GAINN,$24.9899,1440440219591,"34,000",Not yet rated,NULL,N/A
GAIN,$7.405,1440440219620,"358,781",100% bullish,of 2 ratings,$8.25
GLBZ,$12.12,1440440219750,315,Not yet rated,NULL,N/A
LAND,$9.1,1440440219789,"25,238",50% bullish,of 2 ratings,$13.75
GDEF,NULL,1440440219814,0,Not yet rated,NULL,N/A
GBT,$42.4,1440440219984,"124,956",100% bearish,of 1 rating,N/A
ENT,$11.34,1440440220009,"187,160",100% bearish,of 1 rating,$18
GBLI,$25.07,1440440220199,"2,700",Not yet rated,NULL,N/A
GPACU,$10,1440440220271,400,Not yet rated,NULL,N/A
QQQC,$18.0554,1440440220374,"18,394",100% bearish,of 1 rating,N/A
SOCL,$16.5,1440440220462,"96,088",100% bullish,of 2 ratings,N/A
ACTX,$13,1440440220491,"3,025",100% bullish,of 1 rating,N/A
ALTY,$14.2899,1440440220594,"5,500",Not yet rated,NULL,N/A
GSOL,$8.23,1440440220726,"25,725",100% bearish,of 1 rating,N/A
YLCO,$11.48,1440440220807,"1,985",Not yet rated,NULL,N/A
GAI,$5.67,1440440220838,"11,763",50% bullish,of 2 ratings,N/A
SRET,$13.44,1440440220859,"3,966",Not yet rated,NULL,N/A
GSM,$12.88,1440440220880,"226,690",50% bullish,of 2 ratings,$23
GBIM,$2.18,1440440221048,"45,561",50% bullish,of 2 ratings,N/A
GLBS,$1.0825,1440440221149,100,67% bullish,of 3 ratings,N/A
GLUU,$4.115,1440440221328,"1,658,785",92% bullish,of 26 ratings,$9
GMLP,$18.035,1440440221504,"166,468",50% bullish,of 4 ratings,$32.50
GLRI,$1.02,1440440221570,"38,689",100% bearish,of 1 rating,$6
GLYC,$6.962,1440440221599,"11,375",50% bullish,of 2 ratings,$14
GOGO,$15.7601,1440440221637,"741,206",80% bullish,of 5 ratings,$25
GLDC,$4.07,1440440221698,300,50% bullish,of 2 ratings,N/A
GDEN,$8.68,1440440221731,"5,600",50% bullish,of 2 ratings,N/A
GLNG,$33.6197,1440440221835,"651,282",83% bullish,of 6 ratings,$58
GOGL,$2.67,1440440221887,"238,174",75% bullish,of 4 ratings,$5
GBDC,$16.53,1440440221942,"168,482",Not yet rated,NULL,$17.75
GOOG,$594.81,1440440222102,"1,922,931",89% bullish,of 70 ratings,$825
GTIM,$6.48,1440440222132,"22,236",Not yet rated,NULL,$11.50
GPRO,$48.57,1440440222160,"6,348,952",78% bullish,of 58 ratings,$72
GOOGL,$622.695,1440440222237,"2,113,251",88% bullish,of 1080 ratings,$749
GMAN,$4.2,1440440222376,"32,114",60% bullish,of 5 ratings,$8
GPIA,$9.75,1440440222504,20,Not yet rated,NULL,N/A
GRVY,$3.2,1440440222654,"1,432",50% bullish,of 2 ratings,N/A
GPIAU,$9.99,1440440222687,"21,401",Not yet rated,NULL,N/A
GBSN,$1.1,1440440222789,"363,392",100% bearish,of 1 rating,$8.25
LOPE,$36.5,1440440222821,"147,744",100% bearish,of 2 ratings,$50
GPIAW,NULL,1440440222842,0,Not yet rated,NULL,N/A
GBSNU,$16.9,1440440222933,"9,138",Not yet rated,NULL,N/A
GLDD,$5.3171,1440440223101,"170,807",100% bearish,of 4 ratings,$7.75
GSBC,$39.2,1440440223187,"11,354",100% bullish,of 1 rating,$44
GNBC,$11.2801,1440440223231,"39,985",100% bearish,of 1 rating,$17
GRBK,$12.52,1440440223264,"154,376",77% bullish,of 13 ratings,N/A
GPRE,$18.4501,1440440223321,"443,465",67% bullish,of 6 ratings,$28.50
GPP,$14.23,1440440223366,"57,557",Not yet rated,NULL,$20.50
GCBC,$27.51,1440440223405,190,100% bullish,of 1 rating,N/A
GRIF,$30.04,1440440223698,747,100% bearish,of 1 rating,N/A
GLRE,$24.43,1440440223735,"97,417",50% bullish,of 2 ratings,$41
OMAB,$37.6824,1440440223830,"61,743",100% bullish,of 1 rating,$44
GRPN,$4.03,1440440223861,"5,362,261",61% bullish,of 71 ratings,$6.75
GRFS,$30.15,1440440223883,"154,806",50% bullish,of 2 ratings,$35
GGAL,$17.25,1440440223965,"280,208",80% bullish,of 5 ratings,$40
GSIT,$4.75,1440440224015,52,100% bearish,of 1 rating,N/A
GSIG,$12.55,1440440224040,"28,973",100% bearish,of 2 ratings,N/A
GSVC,$8.47,1440440224175,"190,079",50% bullish,of 2 ratings,$14.50
GTXI,$0.78,1440440224280,"96,139",100% bullish,of 5 ratings,$.75
GFED,$14.6,1440440224305,"1,271",Not yet rated,NULL,$17
GBNK,$15.6,1440440224334,"13,007",100% bearish,of 1 rating,$18
GUID,$7.06,1440440224355,"96,065",100% bearish,of 3 ratings,$10
GIFI,$11.58,1440440224485,"31,859",100% bearish,of 1 rating,$16
GULTU,$0.2751,1440440224510,"155,188",100% bearish,of 1 rating,N/A
GURE,$1.54,1440440224684,"61,364",88% bullish,of 8 ratings,N/A
GWGH,NULL,1440440224777,0,100% bearish,of 1 rating,$15.05
GPOR,$32.765,1440440224810,"808,209",75% bullish,of 4 ratings,$55
GWPH,$100.4065,1440440224835,"227,149",78% bullish,of 9 ratings,$148.50
GYRO,$2.88,1440440224861,300,100% bearish,of 1 rating,N/A
HEES,$16.1,1440440224913,"186,633",67% bearish,of 3 ratings,$31
HNRG,$7.07,1440440225147,"79,791",100% bearish,of 1 rating,$10
HLG,$9.39,1440440225174,17,100% bearish,of 1 rating,N/A
HALO,$17.22,1440440225249,"750,013",67% bullish,of 3 ratings,$22.50
HALL,$11.5,1440440225305,"12,477",Not yet rated,NULL,N/A
HBK,$13.8,1440440225337,200,50% bullish,of 2 ratings,N/A
HMPR,$1.82,1440440225395,"121,113",100% bullish,of 1 rating,N/A
HBHC,$25.51,1440440225435,"339,249",50% bullish,of 2 ratings,$30
HBHCL,$24.08,1440440225636,"39,254",Not yet rated,NULL,N/A
HNH,$26.02,1440440225911,"9,116",100% bullish,of 1 rating,N/A
HNSN,$0.49,1440440225937,"94,414",88% bullish,of 8 ratings,$.40
HAFC,$23.8201,1440440226068,"126,877",100% bullish,of 2 ratings,$28.50
HDNG,$9.895,1440440226388,"22,259",50% bullish,of 4 ratings,N/A
HRMN,NULL,1440440226419,0,Not yet rated,NULL,N/A
HLIT,$5.57,1440440226520,"169,747",100% bearish,of 1 rating,$6.50
HRMNW,NULL,1440440226548,0,Not yet rated,NULL,N/A
HART,$0.82,1440440226579,"124,361",100% bearish,of 1 rating,N/A
HRMNU,$10.19,1440440226606,300,Not yet rated,NULL,N/A
TINY,$2.465,1440440226679,"29,739",50% bullish,of 2 ratings,$5.26
HQCL,$8.41,1440440226848,"23,208",67% bullish,of 3 ratings,$14
HBIO,$4.455,1440440226875,"77,185",Not yet rated,NULL,$10
HCAPL,$25.25,1440440227018,"6,827",Not yet rated,NULL,N/A
HAS,$71.845,1440440227074,"1,021,362",63% bullish,of 8 ratings,$84.50
HCAP,$12.205,1440440227099,"29,032",50% bullish,of 2 ratings,$15
HA,$22.05,1440440227239,"735,734",67% bullish,of 9 ratings,$27
HCOM,$22.095,1440440227381,"2,304",100% bearish,of 1 rating,$28
HWBK,$13.117,1440440227407,660,100% bearish,of 1 rating,N/A
HAYN,$37.08,1440440227454,"44,033",100% bearish,of 1 rating,$59
HWKN,$37.05,1440440227484,"6,085",Not yet rated,NULL,N/A
HCSG,$32.75,1440440227550,"228,299",50% bullish,of 4 ratings,$35
HDS,$31.57,1440440227580,"1,193,691",100% bearish,of 2 ratings,$39.50
HIIQ,$4.35,1440440227611,"14,286",50% bullish,of 2 ratings,$7
HQY,$28.57,1440440227905,"163,760",67% bullish,of 3 ratings,$31
HSTM,$24.31,1440440227954,"37,943",50% bullish,of 2 ratings,$33.75
HTLD,$20.39,1440440228053,"303,588",Not yet rated,NULL,$22.50
HWAY,$12.2,1440440228079,"167,546",100% bearish,of 1 rating,$15
HTLF,$35.42,1440440228142,"29,812",100% bullish,of 1 rating,$39.50
HTBX,$5.16,1440440228167,"14,113",50% bullish,of 2 ratings,$15.50
HTWR,$81.45,1440440228213,"52,266",50% bullish,of 2 ratings,$103
HELE,$84.45,1440440228434,"152,705",67% bearish,of 3 ratings,$100
HMNY,$2.15,1440440228538,"2,480",100% bearish,of 1 rating,N/A
HSIC,$134.15,1440440228582,"317,928",83% bullish,of 6 ratings,$146
HNNA,$24.85,1440440228670,"7,456",Not yet rated,NULL,N/A
HSII,$19.96,1440440228727,"31,141",100% bullish,of 3 ratings,$25
HMTV,$12.76,1440440228756,"11,043",100% bearish,of 1 rating,$16
HCACU,$10.008,1440440228802,"1,500",Not yet rated,NULL,N/A
HERO,NULL,1440440228859,0,NULL,NULL,NULL
HTBK,$10.91,1440440229043,"21,931",Not yet rated,NULL,$12
HFWA,$17.455,1440440229188,"27,902",100% bullish,of 1 rating,$20
HEOP,$7.5,1440440229230,"5,920",Not yet rated,NULL,$8.50
MLHR,$27.41,1440440229257,"95,497",50% bullish,of 2 ratings,$33.50
HRTX,$34.51,1440440229285,"724,340",67% bullish,of 6 ratings,$41
HFFC,$15.86,1440440229413,657,Not yet rated,NULL,N/A
HSKA,$32.58,1440440229439,"21,019",100% bearish,of 1 rating,$38
HCCI,$11.07,1440440229460,"7,187",100% bearish,of 1 rating,$16.50
HIHO,$3.88,1440440229786,"29,811",Not yet rated,NULL,N/A
HIMX,$6.185,1440440229888,"1,147,934",86% bullish,of 21 ratings,$8.50
HIFS,$116.15,1440440229913,"1,872",Not yet rated,NULL,N/A
HPJ,$2.18,1440440229964,"55,616",75% bullish,of 4 ratings,$12.43
HSGX,$5.46,1440440229985,"10,570",100% bearish,of 1 rating,$17
HMNF,$11.15,1440440230159,300,Not yet rated,NULL,N/A
HMSY,$10.5,1440440230186,"2,121,359",67% bullish,of 3 ratings,$19.35
HIBB,$37.31,1440440230215,"339,779",100% bearish,of 1 rating,$48.50
HBCP,$24,1440440230493,400,Not yet rated,NULL,$29
HOLX,$38.39,1440440230522,"1,763,077",67% bullish,of 3 ratings,$42
HOMB,$37.59,1440440230568,"131,888",Not yet rated,NULL,$41
HOLI,$16.5459,1440440230650,"332,984",50% bullish,of 4 ratings,$27
AWAY,$27.785,1440440230677,"706,814",67% bullish,of 3 ratings,$36
HFBL,NULL,1440440230698,0,Not yet rated,NULL,N/A
HMST,$21.47,1440440231005,"59,580",100% bullish,of 2 ratings,$27
CETC,$0.7474,1440440231154,"101,485",86% bullish,of 7 ratings,N/A
HKTV,$4.413,1440440231226,"29,593",100% bearish,of 1 rating,N/A
HOFT,$23.58,1440440231259,"26,491",100% bearish,of 1 rating,N/A
HTBI,$18.05,1440440231280,"32,712",67% bullish,of 3 ratings,$18.625
HMIN,$26.72,1440440231314,"248,989",100% bearish,of 2 ratings,$35
HFBC,$11.3,1440440231356,"6,405",Not yet rated,NULL,N/A
HBNC,$23.6123,1440440231411,"16,893",100% bullish,of 1 rating,$27
HZNP,$27.62,1440440231456,"1,780,912",85% bullish,of 20 ratings,$40
HDP,$23.21,1440440231727,"231,949",67% bearish,of 3 ratings,$30.50
HRZN,$10.25,1440440231756,"66,582",100% bearish,of 1 rating,$14.25
HMHC,$21.99,1440440231828,"347,359",Not yet rated,NULL,$27
HWCC,$7.25,1440440231977,"96,023",100% bearish,of 1 rating,$9
HOVNP,$4.73,1440440232007,"2,218",100% bearish,of 1 rating,N/A
ZINC,$7.03,1440440232079,"478,358",100% bearish,of 1 rating,$17
HBMD,$14.07,1440440232104,"1,599",100% bearish,of 1 rating,N/A
HSNI,$58.97,1440440232378,"95,675",Not yet rated,NULL,$80
HUBG,$38.33,1440440232406,"89,272",100% bearish,of 1 rating,$43
HTGM,$5.36,1440440232434,"14,960",100% bearish,of 1 rating,$19.50
HSON,$2.63,1440440232569,"6,675",100% bearish,of 1 rating,$5
HDSN,$2.98,1440440232590,"64,718",100% bullish,of 1 rating,$6.25
HCBK,$9.0801,1440440232726,"1,121,615",83% bullish,of 6 ratings,$8.61
HBAN,$10.525,1440440232859,"5,397,582",76% bullish,of 17 ratings,$12.29
HBANP,$1332,1440440232991,96,100% bearish,of 1 rating,N/A
HURC,$29.69,1440440233016,"6,691",100% bearish,of 1 rating,N/A
HURN,$72.3275,1440440233043,"101,197",50% bullish,of 2 ratings,$80
HTCH,$1.54,1440440233264,"46,079",100% bearish,of 1 rating,$3.50
HDRA,NULL,1440440233368,0,Not yet rated,NULL,N/A
HBP,$3.04,1440440233434,"5,708",100% bullish,of 1 rating,N/A
HDRAR,NULL,1440440233577,0,Not yet rated,NULL,N/A
HDRAU,$10.2,1440440233606,200,Not yet rated,NULL,N/A
HYGS,$7.54,1440440233681,"36,204",50% bullish,of 2 ratings,$13
HDRAW,$0.25,1440440233705,11,Not yet rated,NULL,N/A
IACI,$68.045,1440440234035,"469,701",75% bullish,of 4 ratings,$90
IBKC,$57.65,1440440234291,"129,684",100% bullish,of 1 rating,$70
ICAD,$3.39,1440440234321,"63,939",50% bullish,of 2 ratings,$7.25
IDSY,$3.7,1440440234360,"16,443",100% bearish,of 1 rating,$7
IEP,$67.344,1440440234425,"126,855",75% bullish,of 4 ratings,$99
IKGH,$1.5799,1440440234491,"17,774",75% bullish,of 4 ratings,N/A
ICON,$12.14,1440440234524,"502,272",50% bullish,of 2 ratings,$18.50
ICLR,$75.46,1440440234551,"268,499",100% bearish,of 3 ratings,$85
ICFI,$33.98,1440440234683,"45,194",50% bullish,of 2 ratings,$48.50
ICUI,$109.4,1440440234761,"69,146",Not yet rated,NULL,$122
INVE,$4.425,1440440234859,"36,422",75% bullish,of 4 ratings,$4
IDRA,$2.43,1440440234893,"599,934",89% bullish,of 9 ratings,$6.50
IPWR,$7.14,1440440234962,"12,917",100% bullish,of 1 rating,$15
DSKY,$11.26,1440440234992,"391,844",67% bullish,of 6 ratings,$11.50
IROQ,$16.5,1440440235019,"3,301",100% bullish,of 1 rating,N/A
IDXX,$71.23,1440440235092,"398,980",100% bearish,of 1 rating,$77
IRG,$4.745,1440440235413,"35,705",100% bearish,of 1 rating,$4.50
KANG,$14.01,1440440235505,"480,935",50% bullish,of 2 ratings,$22.55
RXDX,$12.5,1440440235541,"154,433",100% bullish,of 1 rating,$20
IKAN,$2.72,1440440235572,"14,800",83% bullish,of 6 ratings,$5
ILMN,$193.861,1440440235593,"802,310",80% bullish,of 5 ratings,$240
IIVI,$17.29,1440440235614,"105,535",100% bearish,of 1 rating,$22
IKNX,$11.33,1440440235649,400,100% bearish,of 1 rating,N/A
ISNS,$3.64,1440440235779,"56,126",50% bullish,of 2 ratings,N/A
IMMR,$11.25,1440440235991,"77,834",80% bullish,of 5 ratings,$15.50
IMNP,$1.21,1440440236146,"175,698",50% bullish,of 2 ratings,$6
IMGN,$13.22,1440440236174,"842,879",75% bullish,of 4 ratings,$17.50
IMDZ,$15.02,1440440236203,"45,948",100% bearish,of 1 rating,$33
ICCC,$7.67,1440440236224,"4,795",100% bullish,of 1 rating,N/A
IMMU,$1.825,1440440236356,"313,858",86% bullish,of 7 ratings,$2
IPXL,$42.42,1440440236433,"402,676",67% bullish,of 3 ratings,$46.50
INCR,$39.97,1440440236462,"221,449",50% bullish,of 2 ratings,$53
IMMY,$7.3501,1440440236483,"9,002",100% bearish,of 1 rating,$11
INCY,$97.84,1440440236743,"697,047",50% bullish,of 6 ratings,$125.50
SAAS,$7.49,1440440236769,"180,436",50% bullish,of 2 ratings,$15
IBCP,$13.86,1440440236797,"59,704",100% bullish,of 1 rating,$14.50
INDB,$44.92,1440440236818,"44,366",Not yet rated,NULL,$44
IBTX,$41.19,1440440236849,"18,889",100% bullish,of 2 ratings,$47.25
IDSA,$3.5,1440440237047,"5,410",Not yet rated,NULL,N/A
IPCC,$78.88,1440440237370,"18,211",Not yet rated,NULL,$77.50
INFN,$20.083,1440440237404,"1,465,461",71% bullish,of 7 ratings,$28
IMKTA,$50.5,1440440237466,"55,700",100% bearish,of 1 rating,N/A
INFI,$8.66,1440440237500,"432,819",50% bullish,of 4 ratings,$18
IFON,$1.17,1440440237529,"47,934",75% bullish,of 4 ratings,N/A
III,$3.99,1440440237558,"38,127",57% bullish,of 7 ratings,$6
INWK,$7.34,1440440237663,"69,238",50% bullish,of 2 ratings,$10
INOD,$2.48,1440440237711,"3,700",100% bearish,of 1 rating,N/A
INNL,$12.22,1440440237862,955,100% bearish,of 1 rating,$16.50
IPHS,$46.05,1440440237992,"64,098",100% bearish,of 1 rating,$60
INGN,$47.65,1440440238019,"148,470",100% bearish,of 1 rating,$50.50
ISSC,$2.88,1440440238050,"4,539",67% bearish,of 3 ratings,N/A
ITEK,$12.59,1440440238151,"443,171",100% bearish,of 3 ratings,$20
IOSP,$47.2699,1440440238176,"198,932",100% bearish,of 1 rating,N/A
INOV,$20.62,1440440238407,"149,686",100% bearish,of 1 rating,$33
NSIT,$25.26,1440440238464,"37,966",50% bullish,of 2 ratings,N/A
INO,$6.64,1440440238537,"884,679",89% bullish,of 18 ratings,$20
ISIG,$2.6,1440440238593,"21,775",100% bearish,of 1 rating,N/A
PODD,$27.79,1440440238648,"155,912",50% bullish,of 2 ratings,$35
INSM,$22.43,1440440238674,"345,027",71% bullish,of 7 ratings,$31.50
IIIN,$16.93,1440440238701,"15,302",100% bearish,of 2 ratings,N/A
INSY,$31.021,1440440238832,"306,290",75% bullish,of 4 ratings,$48
IDTI,$17.575,1440440239028,"1,606,375",60% bullish,of 5 ratings,$25
IART,$59.36,1440440239101,"123,606",100% bearish,of 1 rating,$71.50
NTEC,$5.75,1440440239187,"16,800",100% bearish,of 1 rating,N/A
IESC,$7.18,1440440239213,"2,305",100% bearish,of 1 rating,N/A
ISSI,$22.0575,1440440239239,"323,171",67% bullish,of 3 ratings,$19.75
INTC,$26.76,1440440239290,"30,052,819",82% bullish,of 238 ratings,$36
IQNT,$18.52,1440440239548,"131,844",86% bullish,of 7 ratings,$20
IBKR,$36.83,1440440239582,"669,181",100% bullish,of 1 rating,N/A
IPCI,$2.04,1440440239611,"90,296",67% bullish,of 6 ratings,$7.75
IPAR,$25.54,1440440239644,"37,604",67% bullish,of 3 ratings,$38
ININ,$36.25,1440440239674,"31,292",67% bearish,of 3 ratings,$57
ICPT,$183.635,1440440239716,"219,323",70% bullish,of 10 ratings,$359.50
ICLD,$1.77,1440440239746,"232,656",75% bullish,of 4 ratings,N/A
ICLDW,NULL,1440440239878,0,100% bearish,of 1 rating,N/A
TILE,$24.22,1440440240137,"233,384",67% bearish,of 3 ratings,$27
IMI,$2.05,1440440240198,"14,404",67% bullish,of 3 ratings,$2.22
IDCC,$46.54,1440440240224,"200,168",80% bullish,of 5 ratings,$63
IBOC,$24.81,1440440240370,"60,749",100% bearish,of 1 rating,N/A
ISCA,$30.85,1440440240396,"30,028",100% bearish,of 1 rating,N/A
INAP,$7.93,1440440240455,"62,395",75% bullish,of 4 ratings,$11
IGLD,$6.0099,1440440240528,"4,425",50% bullish,of 2 ratings,N/A
IIJI,$8.99,1440440240556,100,50% bullish,of 2 ratings,$11.50
PTNT,$2.98,1440440240660,"1,800",Not yet rated,NULL,N/A
INPH,$0.2998,1440440240791,"30,915",50% bullish,of 2 ratings,N/A
XENT,$26.15,1440440240821,"144,085",50% bullish,of 2 ratings,$36.50
IVAC,$4.79,1440440241030,"8,886",100% bearish,of 1 rating,$6.625
IILG,$19.52,1440440241055,"53,473",100% bearish,of 1 rating,$29
INTX,$2.16,1440440241094,"12,060",67% bullish,of 3 ratings,N/A
ISIL,$10.25,1440440241119,"701,258",50% bullish,of 6 ratings,$15
INTL,$26.01,1440440241319,"65,632",67% bearish,of 3 ratings,N/A
INTLL,$25.26,1440440241364,"7,338",Not yet rated,NULL,N/A
ITCI,$26.1801,1440440241451,"236,120",75% bearish,of 4 ratings,$40
IIN,$6.29,1440440241510,"2,824",100% bearish,of 1 rating,$12
INTU,$83.94,1440440241537,"2,145,073",86% bullish,of 7 ratings,$107.50
ISRG,$494.81,1440440241668,"130,267",67% bullish,of 3 ratings,$600
SNAK,$8.45,1440440241703,"79,132",50% bullish,of 2 ratings,$14
INVT,$0.2574,1440440241799,"171,001",67% bullish,of 3 ratings,N/A
ISBC,$11.525,1440440241825,"1,979,307",100% bullish,of 1 rating,$13.25
ISTR,$15.51,1440440241850,2,100% bearish,of 1 rating,$18.50
ITIC,NULL,1440440242015,0,100% bearish,of 2 ratings,N/A
NVIV,$9.61,1440440242159,"447,481",50% bullish,of 4 ratings,$24.50
IVTY,$12.12,1440440242375,"11,305",Not yet rated,NULL,$18
IPAS,$1.01,1440440242446,"68,884",67% bullish,of 3 ratings,N/A
DTUL,$66.22,1440440242472,200,Not yet rated,NULL,N/A
DFVL,$67.82,1440440242638,101,Not yet rated,NULL,N/A
IPCM,$79.25,1440440242684,"120,308",50% bullish,of 2 ratings,$80.125
IPGP,$82.73,1440440243082,"234,452",100% bearish,of 2 ratings,$109.50
IRIX,$6.91,1440440243275,"5,239",100% bearish,of 1 rating,N/A
IRMD,$25.22,1440440243302,"9,671",67% bearish,of 3 ratings,$25
IRDM,$6.75,1440440243323,"474,993",60% bullish,of 5 ratings,$11.50
IRDMB,$267.406,1440440243384,200,67% bearish,of 3 ratings,N/A
IRCP,$24.75,1440440243467,"13,435",100% bullish,of 2 ratings,N/A
IRBT,$29.34,1440440243515,"168,805",67% bullish,of 6 ratings,$37
IRWD,$10.755,1440440243599,"493,194",100% bearish,of 1 rating,$13
IFAS,NULL,1440440243731,0,NULL,NULL,NULL
GNMA,$50.52,1440440243757,"4,255",Not yet rated,NULL,N/A
FCHI,NULL,1440440243780,0,NULL,NULL,NULL
COMT,$31.4039,1440440243839,"10,678",100% bearish,of 1 rating,N/A
IFNA,NULL,1440440243919,0,NULL,NULL,NULL
IFGL,$27.8,1440440243970,"76,878",Not yet rated,NULL,N/A
IFEU,$37.872,1440440243995,"10,555",Not yet rated,NULL,N/A
AAIT,NULL,1440440244212,0,NULL,NULL,NULL
ACWX,$39.215,1440440244239,"869,640",100% bearish,of 1 rating,N/A
AXJS,NULL,1440440244262,0,NULL,NULL,NULL
ACWI,$53.905,1440440244292,"2,074,696",Not yet rated,NULL,N/A
EMDI,NULL,1440440244388,0,NULL,NULL,NULL
AAXJ,$50.017,1440440244418,"1,530,970",Not yet rated,NULL,N/A
EEMA,$47.06,1440440244472,"21,003",Not yet rated,NULL,N/A
EEME,NULL,1440440244520,0,NULL,NULL,NULL
EMEY,NULL,1440440244542,0,NULL,NULL,NULL
EVAL,NULL,1440440244743,0,NULL,NULL,NULL
EGRW,NULL,1440440244806,0,NULL,NULL,NULL
EEML,$27.13,1440440244872,836,Not yet rated,NULL,N/A
EUFN,$21.43,1440440244900,"322,711",100% bearish,of 1 rating,N/A
IEUS,$44.1601,1440440245048,"8,817",100% bearish,of 1 rating,N/A
QAT,$19.96,1440440245073,35,Not yet rated,NULL,N/A
SOXX,$78.03,1440440245281,"593,762",50% bullish,of 2 ratings,N/A
EMIF,$27.27,1440440245356,"5,322",Not yet rated,NULL,N/A
ICLN,$9.0001,1440440245382,"104,087",50% bullish,of 2 ratings,N/A
WOOD,$47.82,1440440245414,"72,468",50% bullish,of 2 ratings,N/A
UAE,$16.37,1440440245444,"19,328",Not yet rated,NULL,N/A
IBB,$328.985,1440440245470,"1,884,969",63% bullish,of 8 ratings,N/A
INDY,$26.28,1440440245602,"689,609",50% bullish,of 2 ratings,N/A
ISHG,$81.3901,1440440245806,"16,559",100% bearish,of 1 rating,N/A
IGOV,$93.68,1440440245862,"20,833",100% bearish,of 1 rating,N/A
ISIS,$44.56,1440440245897,"1,078,339",53% bullish,of 15 ratings,$67
ISLE,$16.26,1440440245935,"233,601",50% bullish,of 4 ratings,$16
ISRL,$125.52,1440440246070,100,100% bearish,of 1 rating,N/A
ITRI,$30.72,1440440246095,"222,822",Not yet rated,NULL,$37
XXIA,$14.9499,1440440246227,"174,979",71% bullish,of 7 ratings,$14.625
ITRN,$23.79,1440440246257,"11,696",50% bullish,of 2 ratings,N/A
ITUS,$4,1440440246287,"2,009",Not yet rated,NULL,N/A
JJSF,$110.8,1440440246362,"46,042",100% bearish,of 1 rating,N/A
IXYS,$10.23,1440440246560,"128,853",50% bullish,of 4 ratings,N/A
MAYS,$55,1440440246620,610,Not yet rated,NULL,N/A
JCOM,$67.8,1440440246723,"96,053",100% bullish,of 2 ratings,$77
JBHT,$75.12,1440440246815,"572,726",50% bullish,of 4 ratings,$89.50
JASO,$6.98,1440440247162,"892,454",82% bullish,of 17 ratings,$10
JKHY,$66.3597,1440440247305,"211,662",50% bullish,of 2 ratings,$72
JXSB,$23.75,1440440247331,"3,392",Not yet rated,NULL,N/A
JAXB,NULL,1440440247392,0,100% bullish,of 1 rating,N/A
JACK,$79.33,1440440247440,"553,241",83% bullish,of 6 ratings,$105
JAGX,$2.65,1440440247473,810,Not yet rated,NULL,N/A
JAKK,$9.36,1440440247569,"476,994",60% bearish,of 5 ratings,$11
JMBA,$13,1440440247594,"87,331",75% bullish,of 4 ratings,$18
ERW,NULL,1440440247799,0,Not yet rated,NULL,N/A
JASNW,NULL,1440440247966,0,50% bullish,of 2 ratings,N/A
JD,$24.4101,1440440247996,"8,516,959",75% bullish,of 16 ratings,$36
JAZZ,$165.02,1440440248017,"300,237",80% bullish,of 15 ratings,$206.50
JASN,$4.75,1440440248050,"17,149",50% bullish,of 2 ratings,$9.50
JBLU,$21.1,1440440248153,"6,452,938",94% bullish,of 18 ratings,$27
JTPY,$3.02,1440440248220,"2,421",100% bearish,of 1 rating,N/A
JRVR,$25.97,1440440248257,"30,512",Not yet rated,NULL,$32
DATE,$5.6001,1440440248422,"167,311",75% bullish,of 4 ratings,$9
JCTCF,$9.514,1440440248452,100,100% bullish,of 1 rating,N/A
JIVE,$4.125,1440440248549,"432,197",75% bullish,of 4 ratings,$5
WYIGU,$10.05,1440440248612,"4,259",Not yet rated,NULL,N/A
JOEZ,$0.1716,1440440248716,"225,797",92% bullish,of 12 ratings,N/A
JST,$3.74,1440440248810,"27,993",75% bullish,of 4 ratings,N/A
JOUT,$23.08,1440440248865,"12,360",100% bearish,of 1 rating,$34
JNP,$9.64,1440440248915,"33,368",100% bullish,of 3 ratings,$15
JBSS,$48.74,1440440248940,"17,287",67% bearish,of 3 ratings,N/A
KTWO,$21.51,1440440249095,"75,456",100% bearish,of 1 rating,$28.50
JUNO,$35.7635,1440440249124,"1,102,777",73% bullish,of 11 ratings,$71.50
KALU,$80.74,1440440249221,"60,910",67% bearish,of 3 ratings,$91
KMDA,$3.28,1440440249356,"27,164",50% bullish,of 2 ratings,$8
KNDI,$6.21,1440440249425,"485,989",86% bullish,of 22 ratings,N/A
KBIO,$1.8301,1440440249452,"172,617",50% bullish,of 4 ratings,N/A
KCLI,$46.61,1440440249477,"8,668",Not yet rated,NULL,N/A
KPTI,$12.56,1440440249532,"182,179",67% bearish,of 3 ratings,$39
KBSF,$3.95,1440440249704,302,100% bullish,of 1 rating,N/A
KCAP,$4.54,1440440249729,"269,792",75% bullish,of 4 ratings,$6
KELYA,$13.81,1440440250044,"64,768",67% bullish,of 6 ratings,$20
KMPH,$19.48,1440440250075,"21,628",100% bearish,of 2 ratings,$22
KRNY,$11.1099,1440440250102,"269,189",100% bearish,of 1 rating,$12
KELYB,$13.2,1440440250132,200,50% bullish,of 2 ratings,N/A
KFFB,$8.7,1440440250173,"1,499",100% bearish,of 1 rating,N/A
KERX,$5.6,1440440250235,"782,331",82% bullish,of 11 ratings,$12
GMCR,$50.7,1440440250306,"1,933,464",71% bullish,of 42 ratings,$64
KEQU,$16.55,1440440250467,"1,000",100% bullish,of 1 rating,N/A
KTEC,$12.47,1440440250598,"2,378",Not yet rated,NULL,N/A
