Symbol,Price,Date,Volume,Rating,RatingVoteCount,OneYearEstimate
FCCY,$11.67,1440184802106,200,100% bullish,of 1 rating,$13
PIH,$7.1801,1440184802154,"13,900",100% bearish,of 1 rating,N/A
TFSC,NULL,1440184802192,0,100% bearish,of 1 rating,N/A
TFSCU,NULL,1440184802214,0,Not yet rated,NULL,N/A
TFSCR,NULL,1440184802247,0,Not yet rated,NULL,N/A
FLWS,$9.17,1440184802286,"152,561",100% bullish,of 5 ratings,$15
FCTY,$7.63,1440184802311,100,100% bullish,of 1 rating,$8.50
TFSCW,NULL,1440184802342,0,100% bearish,of 1 rating,N/A
VNET,$19.35,1440184802469,"594,715",60% bullish,of 5 ratings,$29.50
DGLD,$76.235,1440184802552,"15,635",100% bullish,of 1 rating,N/A
TWOU,$34,1440184802583,"582,907",50% bullish,of 2 ratings,$39
JOBS,$25.5857,1440184802651,"127,586",50% bullish,of 4 ratings,$36
UGLD,$9.9188,1440184802721,"230,457",100% bearish,of 1 rating,N/A
SRCE,$30.02,1440184802753,"31,347",100% bullish,of 3 ratings,$33
DSLV,$61.05,1440184802779,"12,762",100% bearish,of 1 rating,N/A
USLV,$14.6418,1440184802856,"193,711",86% bullish,of 7 ratings,N/A
SIXD,$1.49,1440184803055,"231,855",Not yet rated,NULL,N/A
EGHT,$8.23,1440184803114,"275,190",82% bullish,of 17 ratings,$11
AVHI,$13.97,1440184803163,"31,123",100% bearish,of 1 rating,$19
SHLM,$33.77,1440184803193,"74,925",100% bearish,of 1 rating,$50
AAON,$21.58,1440184803249,"107,532",100% bearish,of 1 rating,$24
CAFD,$15.3,1440184803274,"293,556",Not yet rated,NULL,$25
ABGB,$4.11,1440184803305,"28,462",67% bullish,of 3 ratings,$5.50
ABAX,$47.25,1440184803333,"85,065",100% bearish,of 1 rating,$60
ABY,$19.91,1440184803549,"860,931",100% bearish,of 2 ratings,$46
ABEOW,$1.9,1440184803577,"1,981",100% bullish,of 1 rating,N/A
AXAS,$1.57,1440184803603,"544,928",78% bullish,of 9 ratings,$3.50
ABEO,$4.86,1440184803629,"125,742",67% bullish,of 3 ratings,$15.50
ABMD,$96.91,1440184803763,"671,456",75% bullish,of 4 ratings,$100.50
ACTG,$8.85,1440184803849,"217,732",67% bullish,of 3 ratings,$18.50
ACHC,$73.73,1440184803925,"572,591",50% bullish,of 2 ratings,$92
AXDX,$17.985,1440184803964,"152,707",100% bearish,of 1 rating,N/A
ACST,$0.3567,1440184803991,"39,768",100% bullish,of 2 ratings,N/A
ACAD,$35.6,1440184804019,"724,877",80% bullish,of 20 ratings,$48
XLRN,$28.355,1440184804070,"87,992",50% bullish,of 2 ratings,$57
ANCX,$18.66,1440184804095,"21,645",Not yet rated,NULL,$19
ARAY,$6.62,1440184804231,"2,923,263",100% bearish,of 1 rating,$10.50
VXDN,$8.05,1440184804322,"28,184",Not yet rated,NULL,N/A
VXUP,$21.02,1440184804370,"39,206",Not yet rated,NULL,N/A
ACRX,$4.05,1440184804395,"319,044",67% bearish,of 6 ratings,$5.50
AKAO,$6.93,1440184804550,"44,714",75% bullish,of 4 ratings,$15
ACET,$24.43,1440184804631,"90,570",75% bullish,of 4 ratings,$30
ACIW,$21.93,1440184804715,"350,261",50% bullish,of 2 ratings,$24
ACOR,$29.9,1440184804742,"420,994",67% bearish,of 3 ratings,$38.50
ACHN,$7.97,1440184804798,"1,354,726",90% bullish,of 21 ratings,$16
ACPW,$1.7429,1440184804824,"57,807",100% bullish,of 4 ratings,$3.50
ACNB,$20.17,1440184804868,500,Not yet rated,NULL,N/A
ACTS,$1.33,1440184804896,"27,085",100% bearish,of 1 rating,N/A
ACTA,$13.9,1440184804970,"90,749",67% bearish,of 3 ratings,$25
ATVI,$27.32,1440184805030,"3,917,539",68% bullish,of 84 ratings,$31.50
ACUR,$0.63,1440184805160,"63,534",100% bullish,of 5 ratings,$1
ACXM,$20.2,1440184805252,"231,478",67% bullish,of 3 ratings,N/A
ADMS,$19.93,1440184805307,"61,390",100% bearish,of 2 ratings,$36
ADAP,$12.6,1440184805360,"181,053",67% bullish,of 3 ratings,$22
ADUS,$29.94,1440184805390,"40,275",100% bearish,of 1 rating,$31
ADMP,$3.462,1440184805496,"13,700",50% bullish,of 2 ratings,$10
ADMA,$9.1316,1440184805632,"3,498",Not yet rated,NULL,$19
ADEP,$6.71,1440184805663,"28,004",50% bullish,of 2 ratings,$10.75
ADBE,$79.14,1440184805695,"2,878,370",65% bullish,of 17 ratings,$90
AEY,$2.3,1440184805726,"33,042",100% bearish,of 2 ratings,N/A
ADRO,$19.54,1440184805794,"208,996",80% bullish,of 5 ratings,$45.50
ADTN,$15.61,1440184805824,"208,055",67% bullish,of 3 ratings,$17.125
AEIS,$25.07,1440184805888,"123,355",50% bullish,of 2 ratings,$32.50
AMD,$1.76,1440184805922,"5,677,761",83% bullish,of 103 ratings,$2
ADXS,$14.46,1440184806122,"747,926",64% bullish,of 14 ratings,$27
ADXSW,$10.5699,1440184806150,"4,674",100% bullish,of 1 rating,N/A
AEGR,$18.33,1440184806289,"248,697",50% bullish,of 6 ratings,$26
MULT,NULL,1440184806318,0,100% bearish,of 1 rating,N/A
AEGN,$18.21,1440184806354,"102,556",100% bearish,of 1 rating,$21
YPRO,$23.25,1440184806380,"4,020",100% bearish,of 1 rating,N/A
AEHR,$2.111,1440184806408,"2,764",50% bullish,of 2 ratings,N/A
AEPI,$57,1440184806568,"14,603",100% bearish,of 1 rating,N/A
AMTX,$3.17,1440184806596,"12,287",50% bullish,of 2 ratings,$26.11
AERI,$15.98,1440184806630,"266,139",75% bullish,of 4 ratings,$31.50
AVAV,$24.46,1440184806659,"101,746",50% bullish,of 4 ratings,$31
AEZS,$0.1052,1440184806729,"3,631,232",90% bullish,of 21 ratings,$1.50
AFMD,$9.82,1440184806807,"150,208",50% bullish,of 4 ratings,$15
AEMD,$6.78,1440184806832,"185,119",Not yet rated,NULL,$27.50
AGEN,$7.05,1440184806989,"752,033",85% bullish,of 13 ratings,$14
AGRX,$8.49,1440184807030,"33,388",100% bearish,of 1 rating,$17.50
AFFX,$9.44,1440184807120,"375,861",80% bullish,of 5 ratings,$12
AGIO,$85.79,1440184807151,"421,524",88% bullish,of 8 ratings,$114
AGYS,$9.66,1440184807173,"15,802",100% bearish,of 1 rating,N/A
AIMT,$21.13,1440184807216,"108,907",Not yet rated,NULL,N/A
AGFS,$9.76,1440184807247,"61,150",100% bearish,of 1 rating,N/A
AIRM,$36.56,1440184807351,"169,242",80% bearish,of 5 ratings,$53
AGFSW,$1.76,1440184807379,"26,897",100% bearish,of 2 ratings,N/A
AIRT,$22.46,1440184807515,50,100% bullish,of 1 rating,N/A
ATSG,$9.17,1440184807574,"153,237",67% bullish,of 3 ratings,$13
AIXG,$5.92,1440184807652,"31,137",67% bearish,of 3 ratings,$5.25
AMCN,$4.905,1440184807709,"350,706",83% bullish,of 6 ratings,N/A
AKAM,$68.26,1440184807756,"1,023,784",63% bullish,of 8 ratings,$77
AKER,$2.6493,1440184807843,"92,794",Not yet rated,NULL,N/A
AKRX,$40.5199,1440184807873,"666,526",78% bullish,of 9 ratings,$56
AKBA,$6.65,1440184807926,"150,232",100% bearish,of 1 rating,$18
ALRM,$16.37,1440184807975,"338,004",100% bearish,of 1 rating,$22
ADHD,$8.25,1440184808108,"188,327",50% bullish,of 4 ratings,$18
ABDC,$12.59,1440184808136,"15,861",Not yet rated,NULL,$15
AMRI,$19.7,1440184808190,"159,971",75% bearish,of 4 ratings,$24
ALDR,$37,1440184808265,"325,229",67% bearish,of 3 ratings,$62
ALDX,$7.7,1440184808342,"5,763",100% bearish,of 1 rating,$14.50
ALSK,$2.09,1440184808431,"89,983",78% bullish,of 18 ratings,$2
ALXN,$175.905,1440184808537,"877,044",88% bullish,of 8 ratings,$223
ALXA,$1.0301,1440184808564,"24,599",83% bullish,of 6 ratings,$2.125
ALCO,$42.45,1440184808591,"18,637",50% bullish,of 2 ratings,N/A
ALGN,$56.66,1440184808725,"230,578",100% bearish,of 2 ratings,$73
ALIM,$3.13,1440184808756,"131,617",80% bullish,of 5 ratings,$10
ALKS,$60.6,1440184808859,"474,164",67% bullish,of 3 ratings,$75
ALLB,$23.1601,1440184808919,"1,104",Not yet rated,NULL,N/A
ALGT,$217.85,1440184808991,"125,204",100% bearish,of 1 rating,$235
AFOP,$17.52,1440184809054,"97,946",75% bullish,of 8 ratings,$21
AHGP,$36.69,1440184809127,"22,910",67% bullish,of 3 ratings,N/A
AIQ,$14.7,1440184809154,"8,407",67% bullish,of 3 ratings,N/A
ARLP,$24.75,1440184809180,"90,293",67% bearish,of 3 ratings,$32
AHPI,$1.443,1440184809375,300,50% bullish,of 2 ratings,N/A
ALQA,$4.4,1440184809408,"31,435",75% bullish,of 4 ratings,$8.50
AMOT,$16.94,1440184809443,"61,083",100% bearish,of 1 rating,N/A
ALLT,$5.06,1440184809474,"47,908",75% bullish,of 4 ratings,$6.25
AFAM,$46.49,1440184809539,"47,173",50% bullish,of 2 ratings,$44
MDRX,$13.62,1440184809570,"709,179",60% bullish,of 5 ratings,$16
ALNY,$100.13,1440184809635,"309,695",67% bullish,of 3 ratings,$148.50
AOSL,$7.24,1440184809710,"48,237",67% bullish,of 3 ratings,$9
SMCP,$22.56,1440184809798,"1,500",Not yet rated,NULL,N/A
ATEC,$0.56,1440184809840,"42,063",100% bullish,of 1 rating,$2
ALTR,$48.19,1440184809902,"1,961,151",80% bearish,of 5 ratings,$54
ASPS,$28.82,1440184809953,"142,625",67% bullish,of 3 ratings,$46.50
AIMC,$25.18,1440184809979,"66,594",100% bearish,of 1 rating,$28.50
AMAG,$60.21,1440184810111,"350,925",100% bullish,of 2 ratings,$77.50
AMRK,$10.59,1440184810214,"4,545",50% bullish,of 2 ratings,$14
AMRN,$2.03,1440184810244,"627,101",85% bullish,of 39 ratings,$8
AMBC,$15.66,1440184810353,"144,439",100% bearish,of 1 rating,$16.50
AMZN,$497.71,1440184810396,"2,662,700",81% bullish,of 263 ratings,$646
AYA,$21.625,1440184810424,"56,839",100% bearish,of 1 rating,$40
AMBCW,$7.0532,1440184810446,"1,178",100% bearish,of 1 rating,N/A
AMBA,$89.361,1440184810576,"4,334,448",83% bullish,of 12 ratings,$102.50
AMCX,$67.96,1440184810708,"448,186",67% bullish,of 3 ratings,$85.50
DOX,$57.78,1440184810735,"111,616",50% bullish,of 2 ratings,$60
EPAX,$2.7036,1440184810757,"72,621",100% bearish,of 1 rating,N/A
AMED,$40.74,1440184810797,"193,828",100% bearish,of 1 rating,$42
UHAL,$362.96,1440184810890,"9,819",100% bullish,of 2 ratings,$393.50
AMDA,$0.4785,1440184810916,"1,075,972",90% bullish,of 10 ratings,$1
ASBI,$22.57,1440184810977,100,Not yet rated,NULL,N/A
ATAX,$5.23,1440184811048,"144,976",100% bullish,of 1 rating,$6.50
AMOV,$17.698,1440184811110,"5,163",100% bearish,of 1 rating,N/A
AAL,$40.14,1440184811136,"6,710,836",93% bullish,of 87 ratings,$57
AGNC,$19.67,1440184811182,"2,480,018",75% bullish,of 28 ratings,$22
AGNCP,$25.33,1440184811284,"5,925",Not yet rated,NULL,N/A
AGNCB,$24.23,1440184811315,"19,268",Not yet rated,NULL,N/A
MTGE,$15.72,1440184811450,"308,296",75% bullish,of 4 ratings,$19.50
MTGEP,NULL,1440184811482,0,Not yet rated,NULL,N/A
ACSF,$12.25,1440184811510,"30,099",100% bearish,of 1 rating,$15
ACAS,$13.72,1440184811583,"1,070,121",60% bullish,of 5 ratings,$16.75
AETI,NULL,1440184811720,0,67% bearish,of 3 ratings,N/A
ANCI,$1.51,1440184811748,"9,768",100% bearish,of 1 rating,N/A
AMIC,NULL,1440184811774,0,Not yet rated,NULL,N/A
ANAT,$100.31,1440184811931,"11,866",100% bullish,of 1 rating,N/A
APEI,$21.38,1440184811968,"54,570",100% bearish,of 1 rating,$25.50
AMNB,$22.96,1440184811999,"12,863",Not yet rated,NULL,$25.50
AMRB,$10.07,1440184812099,"1,854",Not yet rated,NULL,$11
ARII,$38.78,1440184812226,"138,427",67% bearish,of 3 ratings,$45
ASEI,$39.64,1440184812256,"39,644",100% bearish,of 1 rating,$52.50
AMSWA,$9.09,1440184812327,"33,255",100% bearish,of 2 ratings,$10.75
AMSC,$3.52,1440184812395,"25,048",50% bullish,of 4 ratings,N/A
AMWD,$68.04,1440184812498,"206,419",50% bullish,of 2 ratings,$58
AMSF,$49.73,1440184812529,"56,281",Not yet rated,NULL,$57.50
CRMT,$37.98,1440184812582,"99,843",100% bearish,of 1 rating,$49
ABCB,$27.75,1440184812630,"118,233",Not yet rated,NULL,$31
ASRV,$3.24,1440184812682,302,100% bullish,of 2 ratings,N/A
ASRVP,NULL,1440184812784,0,Not yet rated,NULL,N/A
AMGN,$157.58,1440184812915,"2,605,346",89% bullish,of 19 ratings,$185
ATLO,$23.3,1440184812943,"12,838",Not yet rated,NULL,N/A
FOLD,$14.17,1440184813017,"2,085,674",56% bullish,of 9 ratings,$21
AMKR,$4.44,1440184813080,"1,227,547",100% bearish,of 2 ratings,$5
AMSG,$81.31,1440184813107,"228,327",100% bearish,of 1 rating,$85.50
AMPH,$13.83,1440184813128,"103,844",50% bullish,of 2 ratings,$20
AMSGP,NULL,1440184813298,0,Not yet rated,NULL,N/A
ASYS,$5.24,1440184813351,"32,382",67% bullish,of 3 ratings,$12
AFSI,$59.32,1440184813397,"655,712",60% bullish,of 5 ratings,$72
AMRS,$1.63,1440184813429,"51,314",70% bullish,of 10 ratings,N/A
ANAD,$0.34,1440184813532,"114,916",100% bullish,of 2 ratings,$.50
ADI,$54.12,1440184813593,"2,484,948",67% bullish,of 3 ratings,$69
ANAC,$130.8,1440184813621,"461,780",80% bullish,of 5 ratings,$180.50
ALOG,$82.66,1440184813766,"42,707",100% bearish,of 2 ratings,$100.50
ANCB,NULL,1440184813902,0,Not yet rated,NULL,$23
ABCW,$39.82,1440184813972,"6,634",67% bullish,of 3 ratings,N/A
AMCF,$0.26,1440184814003,"7,820",100% bullish,of 7 ratings,N/A
ANGI,$4.605,1440184814038,"693,753",64% bullish,of 11 ratings,$5.50
ANGO,$14.7,1440184814137,"67,420",67% bullish,of 3 ratings,$19
ANIP,$49.4,1440184814163,"194,160",89% bullish,of 19 ratings,$66
ANSS,$91.61,1440184814240,"258,345",100% bearish,of 1 rating,$100
ANIK,$34.77,1440184814338,"66,295",60% bullish,of 5 ratings,$51.25
ATRS,$1.825,1440184814443,"464,077",92% bullish,of 12 ratings,$4.50
ABAC,$0.73,1440184814498,"36,121",100% bearish,of 1 rating,N/A
ATNY,$2.36,1440184814530,"2,253",50% bullish,of 2 ratings,$3.75
ANTH,$7.0875,1440184814557,"1,594,856",80% bullish,of 10 ratings,$13
APIC,$6.39,1440184814631,"139,855",100% bearish,of 1 rating,$19
APOL,$11.01,1440184814691,"690,440",87% bearish,of 68 ratings,$14
APOG,$51.6,1440184814765,"134,539",100% bullish,of 1 rating,$67
AINV,$6.46,1440184814857,"843,231",50% bullish,of 4 ratings,$8
APPF,$16.97,1440184814888,"45,994",50% bullish,of 2 ratings,$22
AAPL,$106.5729,1440184814914,"57,428,867",86% bullish,of 2336 ratings,$150
ARCI,$1.19,1440184815157,"1,204",Not yet rated,NULL,N/A
APDN,$3.12,1440184815179,"55,622",Not yet rated,NULL,$9
APDNW,$1.2,1440184815216,"2,200",Not yet rated,NULL,N/A
AGTC,$16.13,1440184815252,"85,001",50% bullish,of 2 ratings,$33
AMCC,$5.33,1440184815278,"744,374",80% bullish,of 5 ratings,$8
AMAT,$15.62,1440184815307,"8,627,965",82% bullish,of 11 ratings,$23
AAOI,$19.96,1440184815441,"240,213",50% bullish,of 4 ratings,$26
AREX,$2.05,1440184815470,"686,663",100% bearish,of 1 rating,$3
APRI,$1.2911,1440184815603,"141,318",83% bullish,of 6 ratings,$4.86
APTO,$4.921,1440184815646,"3,038",Not yet rated,NULL,$17
AQMS,$4.95,1440184815675,"12,714",Not yet rated,NULL,N/A
AQXP,$17.38,1440184815734,"397,804",50% bullish,of 2 ratings,$2
AUMA,NULL,1440184815759,0,Not yet rated,NULL,N/A
AUMAU,$10,1440184815925,100,Not yet rated,NULL,N/A
AUMAW,NULL,1440184815986,0,Not yet rated,NULL,N/A
PETX,$17.4,1440184816031,"233,076",100% bearish,of 2 ratings,$26
ARDM,$7.14,1440184816064,"4,158",100% bullish,of 1 rating,$26
ARCW,$3.51,1440184816121,"24,833",100% bearish,of 2 ratings,$10.50
ABIO,$0.8828,1440184816162,"79,498",50% bullish,of 2 ratings,$3.75
ABUS,$7.24,1440184816369,"438,494",86% bullish,of 14 ratings,$23
RKDA,$5.54,1440184816456,"14,824",100% bearish,of 2 ratings,$10
ARCB,$29.39,1440184816552,"149,955",50% bullish,of 2 ratings,$39.50
ACAT,$26.8,1440184816725,"216,454",100% bearish,of 3 ratings,$33
ARNA,$2.93,1440184816750,"3,115,495",90% bullish,of 77 ratings,$5.50
ACGL,$71.025,1440184816781,"113,742",50% bullish,of 2 ratings,$72
ARDX,$17.37,1440184816836,"79,100",50% bullish,of 2 ratings,$24.50
ARCC,$15.4,1440184816915,"1,286,537",67% bearish,of 3 ratings,$17.875
AGII,$57.84,1440184816970,"109,456",Not yet rated,NULL,$59.50
AGIIL,$25.44,1440184816997,"4,914",Not yet rated,NULL,N/A
ARGS,$6.2899,1440184817175,"74,258",50% bullish,of 2 ratings,$19.50
ARIS,$3.27,1440184817208,"5,946",Not yet rated,NULL,$4.50
ARKR,$25.055,1440184817229,514,50% bullish,of 2 ratings,N/A
ARIA,$6.71,1440184817260,"2,387,008",87% bullish,of 46 ratings,$9
ARTX,$1.46,1440184817403,"80,034",88% bullish,of 16 ratings,$4.50
ARMH,$40.305,1440184817429,"886,706",54% bearish,of 13 ratings,$61
ARWA,NULL,1440184817673,0,Not yet rated,NULL,N/A
ARWAW,NULL,1440184817808,0,Not yet rated,NULL,N/A
ARRY,$5.475,1440184817906,"924,675",100% bullish,of 7 ratings,$10
ARQL,$1.66,1440184817935,"187,707",75% bullish,of 4 ratings,$5
ARWAR,NULL,1440184817956,0,Not yet rated,NULL,N/A
ARWAU,NULL,1440184817990,0,100% bullish,of 1 rating,N/A
DWAT,$10.0299,1440184818013,"46,263",100% bearish,of 1 rating,N/A
ARRS,$26.42,1440184818035,"761,086",50% bullish,of 2 ratings,$38
AROW,$27.1014,1440184818278,"20,198",Not yet rated,NULL,N/A
ARWR,$5.585,1440184818482,"675,490",75% bullish,of 4 ratings,$10.50
ARTNA,$22.45,1440184818615,"32,206",100% bearish,of 1 rating,$29
ARTW,$4.4246,1440184818808,"3,004",75% bearish,of 4 ratings,N/A
ASNA,$11.235,1440184818835,"1,771,500",50% bullish,of 2 ratings,$18
ASCMA,$28.39,1440184818879,"107,334",100% bearish,of 1 rating,$45
ASBB,$24.65,1440184818905,200,Not yet rated,NULL,N/A
ASND,$18,1440184819035,"24,073",100% bullish,of 1 rating,$30
APWC,$1.9,1440184819412,400,100% bearish,of 1 rating,N/A
ASTI,$0.1253,1440184819440,"1,607,057",83% bullish,of 6 ratings,$3
ASML,$85.99,1440184819461,"775,962",67% bullish,of 3 ratings,$127
ASMB,$12.47,1440184819625,"72,396",67% bullish,of 3 ratings,N/A
ASMI,NULL,1440184819653,0,NULL,NULL,NULL
AZPN,$38.21,1440184819679,"576,000",50% bullish,of 2 ratings,$42
ASFI,$8.97,1440184819711,"2,742",100% bullish,of 1 rating,N/A
ASTE,$36.08,1440184819848,"56,939",100% bearish,of 1 rating,$48
ALOT,$13.5,1440184820187,733,100% bearish,of 1 rating,N/A
ATRO,$52.9,1440184820366,"72,701",100% bearish,of 2 ratings,$80
ASTC,$2.16,1440184820464,"33,854",100% bullish,of 5 ratings,N/A
ATRA,$41.95,1440184820618,"135,900",50% bullish,of 2 ratings,$68
ATHN,$131.67,1440184820670,"132,535",67% bearish,of 3 ratings,$153
ATHX,$1.1949,1440184820702,"191,613",89% bullish,of 9 ratings,$5
ATAI,$2.73,1440184820730,"29,493",100% bearish,of 1 rating,N/A
AFCB,$28.01,1440184820752,168,Not yet rated,NULL,N/A
ASUR,$5.66,1440184820789,"10,829",100% bearish,of 1 rating,$8
AAPC,$10.21,1440184821214,197,Not yet rated,NULL,N/A
ATNI,$74.07,1440184821241,"51,300",100% bearish,of 1 rating,$69.50
AAME,$3.6399,1440184821312,831,Not yet rated,NULL,N/A
ATLC,$3.938,1440184821338,"10,300",67% bullish,of 3 ratings,N/A
ACFC,$6.04,1440184821367,"88,126",Not yet rated,NULL,$6.50
AAWW,$42.13,1440184821419,"263,081",50% bullish,of 2 ratings,$65
ATOS,$0.84,1440184821843,"168,894",100% bullish,of 7 ratings,$7
ATML,$6.97,1440184821870,"2,116,728",78% bullish,of 9 ratings,$9.50
ATTU,$13.74,1440184822106,"41,042",100% bearish,of 1 rating,$20.50
ATRI,$390.01,1440184822152,"2,278",Not yet rated,NULL,N/A
AUBN,$27.0001,1440184822184,502,Not yet rated,NULL,N/A
ATRC,$25.75,1440184822215,"167,730",100% bullish,of 1 rating,$30
AFH,$16.5884,1440184822288,"66,052",Not yet rated,NULL,$21.50
ATRM,$2.99,1440184822369,300,50% bullish,of 2 ratings,N/A
ABTL,$17.91,1440184823006,"58,083",100% bullish,of 4 ratings,$20.25
LIFE,$14.24,1440184823041,"28,023",86% bullish,of 7 ratings,$43
AUPH,$3.18,1440184823063,"13,287",100% bearish,of 1 rating,$8
ADAT,$0.1259,1440184823095,"72,467",100% bullish,of 2 ratings,N/A
AUDC,$3.204,1440184823117,"52,782",80% bullish,of 5 ratings,$5
ADP,$79.9,1440184823140,"1,247,061",100% bearish,of 1 rating,$88
ADSK,$52.07,1440184823174,"1,535,005",83% bullish,of 6 ratings,$69.50
EARS,$4.82,1440184823200,"11,520",100% bearish,of 2 ratings,$11.50
AVEO,$1.3701,1440184823516,"1,274,963",75% bullish,of 8 ratings,$3
AVNU,NULL,1440184823619,0,Not yet rated,NULL,$14
AAVL,$10.69,1440184823650,"194,806",100% bearish,of 1 rating,$20
AVID,$8,1440184823680,"435,577",100% bearish,of 1 rating,$20
AVGO,$112.3,1440184823751,"2,493,557",88% bullish,of 8 ratings,$160
AVNW,$1.2001,1440184823776,"95,613",50% bullish,of 2 ratings,$2.20
AVGR,$14.2599,1440184824183,"16,669",100% bearish,of 1 rating,$20
CAR,$42.13,1440184824216,"1,288,074",80% bullish,of 5 ratings,$60
AXTI,$2.18,1440184824523,"31,507",50% bullish,of 2 ratings,$2.75
ACLS,$3.29,1440184824558,"442,418",67% bullish,of 6 ratings,$4.75
AXPW,$1.14,1440184824627,"32,661",83% bullish,of 6 ratings,N/A
AXPWW,NULL,1440184824655,0,Not yet rated,NULL,N/A
AXGN,$3.93,1440184824679,"25,596",Not yet rated,NULL,$5
AWRE,$3.12,1440184824878,"4,120",67% bullish,of 3 ratings,N/A
BCOM,NULL,1440184824903,0,100% bearish,of 1 rating,N/A
RILY,$10,1440184825658,500,Not yet rated,NULL,N/A
BEAV,$48.57,1440184825686,"423,152",67% bearish,of 3 ratings,$59
BOSC,$2.2101,1440184825717,617,50% bullish,of 2 ratings,N/A
BIDU,$154,1440184825823,"2,773,235",81% bullish,of 88 ratings,$210
BCPC,$57.93,1440184825867,"81,401",100% bearish,of 1 rating,$75
BANF,$60.6301,1440184825894,"12,974",Not yet rated,NULL,$68
BWINB,$23.01,1440184826036,"19,894",Not yet rated,NULL,N/A
BLDP,$1.23,1440184826070,"425,950",91% bullish,of 22 ratings,$2.50
BANFP,NULL,1440184826140,0,Not yet rated,NULL,N/A
BWINA,NULL,1440184826176,0,Not yet rated,NULL,N/A
BKMU,$7.15,1440184826206,"101,355",Not yet rated,NULL,$8
BOCH,$5.73,1440184826275,"16,683",Not yet rated,NULL,$6.50
BMRC,$48.7,1440184826303,"10,654",Not yet rated,NULL,$52
BKSC,$15.68,1440184826381,437,Not yet rated,NULL,N/A
BOTJ,$11.321,1440184826706,"3,066",Not yet rated,NULL,N/A
OZRK,$40.72,1440184826736,"362,073",67% bullish,of 3 ratings,$49.50
BANR,$45.66,1440184826769,"50,025",100% bullish,of 3 ratings,$50
BWFG,$18.08,1440184826813,305,100% bearish,of 1 rating,N/A
BFIN,$12.11,1440184826839,"20,198",Not yet rated,NULL,$13
TAPR,$29.38,1440184826866,"4,450",100% bearish,of 1 rating,N/A
BZUN,$5.6072,1440184827001,"354,496",50% bullish,of 2 ratings,$12.60
BHACW,NULL,1440184827644,0,Not yet rated,NULL,N/A
BHACR,NULL,1440184827721,0,Not yet rated,NULL,N/A
BHACU,NULL,1440184827752,0,Not yet rated,NULL,N/A
BHAC,NULL,1440184827773,0,Not yet rated,NULL,N/A
BSET,$28.905,1440184827811,"29,230",100% bearish,of 1 rating,$35
BBSI,$34.58,1440184827833,"54,101",67% bearish,of 3 ratings,$62.50
BYBK,$5.09,1440184827920,878,100% bearish,of 1 rating,N/A
BYLK,$12.95,1440184827967,"4,438",Not yet rated,NULL,$14
BV,$5.11,1440184828434,"211,205",67% bullish,of 6 ratings,$9
BCBP,$11.74,1440184828461,"8,495",Not yet rated,NULL,N/A
BBCN,$14.91,1440184828527,"195,007",100% bearish,of 1 rating,$16
BDCV,$4.92,1440184828566,"6,167",100% bearish,of 1 rating,$10.19
BECN,$35.57,1440184828659,"236,793",50% bullish,of 2 ratings,$40
BSF,$8.6999,1440184828686,"13,690",Not yet rated,NULL,N/A
BBGI,NULL,1440184828711,0,100% bearish,of 1 rating,N/A
BEBE,$1.81,1440184828746,"108,022",75% bullish,of 4 ratings,$3.075
BELFA,$15.5,1440184828851,100,100% bearish,of 1 rating,N/A
BBBY,$61.985,1440184828984,"1,431,168",71% bullish,of 7 ratings,$75
BLCM,$17.74,1440184829065,"595,820",50% bullish,of 4 ratings,$40
BLPH,$5.04,1440184829097,"23,752",100% bearish,of 1 rating,$12.50
BELFB,$17.96,1440184829118,"36,730",100% bearish,of 1 rating,N/A
BNCL,$12.7,1440184829198,"250,580",100% bullish,of 3 ratings,$12.50
BNFT,$36.33,1440184829681,"70,872",67% bullish,of 3 ratings,$46
BGMD,$0.89,1440184829715,"199,601",100% bullish,of 10 ratings,N/A
BNTC,$7.9899,1440184829737,"27,598",100% bullish,of 1 rating,N/A
BIND,$4.54,1440184829768,"39,166",67% bullish,of 3 ratings,$13.50
BGFV,$10.85,1440184829795,"104,644",57% bullish,of 7 ratings,$12
BGCP,$8.8868,1440184829825,"1,232,756",88% bullish,of 8 ratings,$14
ORPN,$5.5099,1440184829929,"12,767",100% bullish,of 1 rating,$28.50
BCDA,NULL,1440184830123,0,Not yet rated,NULL,N/A
BIOC,$2.03,1440184830153,"408,795",83% bullish,of 6 ratings,$3.85
BASI,$1.42,1440184830181,"11,746",Not yet rated,NULL,N/A
BCRX,$12,1440184830203,"438,337",63% bullish,of 8 ratings,$18
BIOD,$0.6897,1440184830225,"133,754",80% bullish,of 5 ratings,$4
BIIB,$300.03,1440184830375,"1,297,565",88% bullish,of 16 ratings,$400
BIOL,$1.47,1440184830406,"35,624",Not yet rated,NULL,N/A
BDSI,$6.59,1440184830507,"750,847",88% bullish,of 8 ratings,$17
BLFS,$2.04,1440184830736,"76,776",100% bearish,of 1 rating,$4.75
BLRX,$1.4499,1440184830932,"190,194",100% bullish,of 12 ratings,$5
BBC,$30.7288,1440184830957,"56,376",Not yet rated,NULL,N/A
BMRN,$127.37,1440184830983,"585,662",80% bullish,of 5 ratings,$160
BVXV,$3.9201,1440184831013,"6,557",Not yet rated,NULL,N/A
BVXVW,$0.704,1440184831034,700,100% bearish,of 1 rating,N/A
BRLI,NULL,1440184831350,0,NULL,NULL,NULL
BPTH,$1.1301,1440184831565,"61,846",100% bullish,of 2 ratings,$5
BIOS,$1.84,1440184831598,"782,895",71% bullish,of 7 ratings,$4
BSTC,$50.015,1440184831622,"57,255",100% bearish,of 1 rating,$76
BBP,$32.07,1440184831648,"85,739",Not yet rated,NULL,N/A
BOTA,$2.23,1440184831674,"39,420",88% bullish,of 8 ratings,N/A
BSPM,$0.6792,1440184831704,"10,125",50% bullish,of 2 ratings,N/A
BEAT,$13.61,1440184831903,"253,979",67% bearish,of 3 ratings,$15
TECH,$102.28,1440184831932,"68,805",100% bullish,of 1 rating,$117
BDMS,NULL,1440184831982,0,100% bearish,of 1 rating,N/A
BITI,$17.6,1440184832020,"30,994",100% bullish,of 1 rating,$28
BBOX,$15.51,1440184832042,"45,993",100% bearish,of 1 rating,N/A
BDE,$7.44,1440184832115,"147,671",50% bullish,of 2 ratings,$9
BJRI,$44.69,1440184832177,"126,544",50% bullish,of 2 ratings,$55
BLKB,$58.57,1440184832204,"127,954",100% bearish,of 2 ratings,$66
HAWK,$42.205,1440184832378,"404,381",90% bullish,of 10 ratings,$49
BBRY,$7.16,1440184832438,"4,208,417",61% bullish,of 330 ratings,$9
BKCC,$9.08,1440184832571,"288,480",100% bullish,of 2 ratings,$10
ADRE,$29.663,1440184832601,"43,248",Not yet rated,NULL,N/A
ADRD,$22.0401,1440184832628,"6,231",100% bearish,of 1 rating,N/A
ADRU,$22.0853,1440184832662,"2,168",100% bearish,of 1 rating,N/A
ADRA,$26.9551,1440184832694,800,Not yet rated,NULL,N/A
BLMN,$20.4,1440184832723,"1,276,468",83% bullish,of 6 ratings,$27.50
BCOR,$13.42,1440184832797,"148,129",57% bullish,of 7 ratings,$15
BUFF,$26.95,1440184832955,"417,071",83% bullish,of 12 ratings,$31.50
BLBD,$11.5715,1440184832988,"6,469",Not yet rated,NULL,N/A
BHBK,$14.04,1440184833041,"91,821",100% bullish,of 1 rating,$14.50
NILE,$34.1,1440184833092,"47,531",50% bullish,of 2 ratings,$34
BBLU,$0.8551,1440184833118,"96,349",100% bullish,of 2 ratings,$4.43
BKEP,$6.58,1440184833291,"36,165",100% bearish,of 1 rating,$8.50
BPMC,$25.69,1440184833394,"34,318",50% bullish,of 2 ratings,$47.50
BLUE,$124.54,1440184833426,"396,140",71% bullish,of 7 ratings,$217.50
BKEPP,$7.773,1440184833451,"1,100",100% bearish,of 1 rating,N/A
BNCN,$21.25,1440184833484,"76,129",Not yet rated,NULL,$23
BOFI,$124.27,1440184833508,"264,529",100% bullish,of 6 ratings,$144
BOBE,$44.62,1440184833543,"81,901",75% bullish,of 4 ratings,$57
WIFI,$7.84,1440184833641,"341,428",50% bullish,of 2 ratings,$13.50
BONA,$11.82,1440184833855,"148,784",75% bullish,of 4 ratings,$8.50
BOJA,$21.01,1440184833952,"155,318",100% bullish,of 1 rating,$30
BOKF,$62.17,1440184833978,"83,586",100% bearish,of 1 rating,$70.50
BNSO,$1.3501,1440184834054,"6,080",100% bearish,of 1 rating,N/A
BPFH,$12.18,1440184834080,"175,467",100% bearish,of 1 rating,$14
BPFHW,$5.5,1440184834110,558,100% bearish,of 1 rating,N/A
BPFHP,$25.14,1440184834136,"1,371",100% bearish,of 1 rating,N/A
BAMM,$3.203,1440184834168,"12,539",60% bullish,of 5 ratings,N/A
EPAY,$25.48,1440184834270,"86,452",100% bearish,of 2 ratings,$30
BDBD,$8.45,1440184834374,"363,597",60% bullish,of 5 ratings,$10
BBEP,$2.32,1440184834418,"1,663,430",69% bullish,of 13 ratings,$5.625
BCLI,$2.9599,1440184834450,"61,777",80% bullish,of 5 ratings,$12
BBEPP,$13.4,1440184834481,"65,536",100% bearish,of 1 rating,N/A
BBRG,$12.46,1440184834551,"48,340",67% bullish,of 3 ratings,$14.50
BDGE,$27.11,1440184834577,"15,233",Not yet rated,NULL,$31.75
BLIN,$1.2001,1440184834707,"9,500",50% bullish,of 2 ratings,$2.20
BCOV,$5.22,1440184834924,"93,674",67% bullish,of 3 ratings,$10.20
BRCM,$48.95,1440184834957,"3,009,823",75% bullish,of 12 ratings,$56
BRID,$8.01,1440184834983,120,100% bearish,of 1 rating,N/A
BSFT,$30.83,1440184835015,"94,734",57% bullish,of 7 ratings,$40.50
BVSN,$5.64,1440184835042,"12,425",60% bearish,of 5 ratings,N/A
BYFC,$1.37,1440184835067,200,50% bullish,of 2 ratings,N/A
BRCD,$10.54,1440184835094,"8,701,465",92% bullish,of 13 ratings,$12.50
BWEN,$3.26,1440184835227,"15,664",100% bullish,of 3 ratings,$8
BRKL,$10.8,1440184835302,"199,522",100% bearish,of 1 rating,$10.75
BMTC,$29.41,1440184835434,"54,145",Not yet rated,NULL,$34
BRKR,$19.11,1440184835461,"133,097",100% bearish,of 2 ratings,$22
BLMT,$20.8697,1440184835493,"11,867",Not yet rated,NULL,N/A
BRKS,$10.38,1440184835515,"137,755",67% bullish,of 3 ratings,$15.25
BWLD,$190.662,1440184835595,"187,567",82% bullish,of 11 ratings,$205
BLDR,$14.99,1440184835747,"796,233",50% bullish,of 2 ratings,$22
BSQR,$6.034,1440184835779,"82,423",67% bullish,of 3 ratings,N/A
CA,$27.57,1440184835850,"1,814,091",50% bullish,of 4 ratings,$33
CFFI,$35.9001,1440184835879,"4,356",100% bearish,of 1 rating,N/A
CHRW,$67.39,1440184835915,"604,407",Not yet rated,NULL,$72
CCMP,$44.21,1440184835943,"61,614",50% bullish,of 2 ratings,$59
BUR,$1.8582,1440184835971,"2,343",100% bearish,of 1 rating,$8
CDNS,$19.95,1440184836015,"827,182",75% bullish,of 4 ratings,$22.50
CDZI,$7.54,1440184836178,"17,122",100% bearish,of 1 rating,N/A
CZR,$7.98,1440184836279,"1,068,541",60% bearish,of 5 ratings,$10.50
CACQ,$7.1,1440184836305,"78,777",100% bearish,of 1 rating,$12.25
CSTE,$44.87,1440184836331,"351,997",100% bearish,of 1 rating,$65
PRSS,$4.35,1440184836371,"12,836",80% bullish,of 5 ratings,$4.50
CLBS,$1.32,1440184836543,"234,903",79% bullish,of 14 ratings,$4
CHY,$11.53,1440184836575,"236,595",Not yet rated,NULL,N/A
CLMS,$11.46,1440184836598,"50,774",Not yet rated,NULL,$10.50
CCD,$19.38,1440184836631,"193,915",Not yet rated,NULL,N/A
CFGE,NULL,1440184836733,0,Not yet rated,NULL,N/A
CHI,$10.69,1440184836799,"287,632",100% bearish,of 1 rating,N/A
CHW,$7.61,1440184836826,"230,483",100% bearish,of 1 rating,N/A
CGO,$12,1440184836865,"25,256",100% bearish,of 1 rating,N/A
CSQ,$9.9,1440184836904,"490,509",Not yet rated,NULL,N/A
CAMP,$15.76,1440184837070,"212,974",88% bullish,of 8 ratings,$25
CVGW,$54.69,1440184837098,"101,536",50% bullish,of 2 ratings,$58.50
CALA,$5.1,1440184837233,"301,799",100% bullish,of 3 ratings,$19.50
CALD,$15.47,1440184837302,"259,995",100% bearish,of 1 rating,$20.50
CFNB,$13.4,1440184837328,105,100% bearish,of 1 rating,N/A
CALM,$49.65,1440184837380,"381,600",80% bullish,of 5 ratings,$65
CLMT,$25.18,1440184837420,"308,067",75% bullish,of 8 ratings,$31
CAMBU,NULL,1440184837513,0,100% bearish,of 1 rating,N/A
CAMB,NULL,1440184837541,0,Not yet rated,NULL,N/A
ABCD,$4.6887,1440184837563,"112,415",83% bullish,of 6 ratings,N/A
CAC,$40.41,1440184837735,"14,071",Not yet rated,NULL,N/A
CAMBW,$0.14,1440184837763,100,Not yet rated,NULL,N/A
CAMT,$2.7886,1440184837785,"13,712",73% bullish,of 11 ratings,$4
CSIQ,$17.53,1440184837844,"2,624,156",86% bullish,of 28 ratings,$45
CGIX,$9.23,1440184837925,"36,383",67% bullish,of 3 ratings,$14.375
CPHC,$10.45,1440184838057,"2,120",100% bearish,of 1 rating,N/A
CBNJ,$10.58,1440184838185,"52,270",100% bullish,of 1 rating,N/A
CCBG,$15.2425,1440184838215,"21,050",Not yet rated,NULL,$17.25
CSWC,$46.8,1440184838237,"9,737",Not yet rated,NULL,N/A
CBF,$30.15,1440184838259,"78,243",Not yet rated,NULL,$32
CPLA,$48.8,1440184838294,"44,740",50% bullish,of 2 ratings,$65
CPLP,$7.07,1440184838427,"411,642",71% bullish,of 7 ratings,$11
CPTA,$14.25,1440184838475,"45,158",Not yet rated,NULL,$18.50
CAPN,$1.8401,1440184838511,"234,960",100% bullish,of 1 rating,$10.85
CFFN,$12.02,1440184838613,"456,129",Not yet rated,NULL,$12.75
CAPNW,$0.6199,1440184838647,615,Not yet rated,NULL,N/A
CPST,$0.366,1440184838701,"778,079",95% bullish,of 22 ratings,$1.25
CAPR,$3.89,1440184838748,"4,617",Not yet rated,NULL,$12
CARA,$21.21,1440184838915,"190,810",50% bullish,of 4 ratings,$25
CARB,$11.41,1440184839003,"60,258",75% bullish,of 4 ratings,$12
CBYL,$6.33,1440184839046,"33,060",100% bearish,of 1 rating,$20
CRDC,$0.393,1440184839074,"10,250",100% bullish,of 1 rating,$1.25
CFNL,$22.53,1440184839109,"80,742",Not yet rated,NULL,$24
CRME,$9.44,1440184839212,"21,460",89% bullish,of 9 ratings,$11.25
CATM,$34.6,1440184839234,"198,734",100% bearish,of 1 rating,$44
CSII,$24.36,1440184839265,"414,289",100% bearish,of 2 ratings,$42.125
CDNA,$6.46,1440184839396,"5,900",100% bearish,of 1 rating,$9
CECO,$3.565,1440184839451,"362,246",67% bearish,of 3 ratings,$6
CKEC,$21.82,1440184839479,"248,386",50% bullish,of 2 ratings,$35.915
CTRE,$12.01,1440184839530,"143,379",50% bullish,of 2 ratings,N/A
CLBH,$12.76,1440184839669,200,Not yet rated,NULL,$16.50
CRZO,$31.61,1440184839774,"694,366",67% bearish,of 3 ratings,$57
CARO,$15.35,1440184839801,"1,200",100% bearish,of 1 rating,$19
CART,NULL,1440184839840,0,100% bearish,of 1 rating,N/A
CRTN,NULL,1440184839937,0,100% bearish,of 1 rating,N/A
TAST,$11.875,1440184839991,"177,060",Not yet rated,NULL,$14.25
CARV,$5.61,1440184840014,200,50% bullish,of 2 ratings,N/A
CACB,$5.4,1440184840045,"60,233",Not yet rated,NULL,$5.50
CASM,$1.0821,1440184840180,"3,558",100% bullish,of 1 rating,$3.50
CSCD,$14.25,1440184840225,"63,865",100% bullish,of 2 ratings,$17
CWST,$6.2001,1440184840251,"179,536",50% bullish,of 2 ratings,$7
CASY,$105.07,1440184840310,"242,541",50% bullish,of 2 ratings,$99.50
CASS,$47.73,1440184840417,"30,120",100% bearish,of 1 rating,N/A
CASI,$1.4764,1440184840472,"5,814",100% bullish,of 1 rating,$3.50
CATB,$11.28,1440184840501,"64,736",100% bearish,of 1 rating,$28
CATYW,$10.54,1440184840673,100,100% bearish,of 1 rating,N/A
CVCO,$73,1440184840724,"32,082",100% bearish,of 1 rating,N/A
CPRX,$3.665,1440184840753,"765,640",71% bullish,of 7 ratings,$7
CATY,$30.4,1440184840788,"370,919",100% bearish,of 1 rating,$33.50
CAVM,$66.76,1440184840810,"345,202",67% bearish,of 3 ratings,$72
CBFV,$20.75,1440184840883,"4,264",Not yet rated,NULL,N/A
CNLM,$9.97,1440184840982,"1,292",Not yet rated,NULL,N/A
CNLMR,NULL,1440184841159,0,Not yet rated,NULL,N/A
CBOE,$61.51,1440184841210,"269,105",Not yet rated,NULL,$60
CNLMW,NULL,1440184841239,0,Not yet rated,NULL,N/A
CNLMU,NULL,1440184841265,0,100% bullish,of 1 rating,N/A
CDK,$48.41,1440184841292,"316,196",67% bearish,of 3 ratings,$50
CDW,$38.49,1440184841432,"563,060",75% bullish,of 4 ratings,$44
CECE,$9.43,1440184841462,"69,776",50% bullish,of 2 ratings,$16
CPXX,$2.14,1440184841531,"65,068",100% bullish,of 2 ratings,$7
CELG,$120.14,1440184841559,"3,394,951",92% bullish,of 13 ratings,$155.50
CLDN,$1.0299,1440184841695,"218,377",71% bullish,of 7 ratings,$3
CELGZ,$1.84,1440184841725,"7,600",80% bullish,of 5 ratings,N/A
CLRB,$3.08,1440184841756,"2,107",100% bearish,of 1 rating,N/A
CLDX,$13.6,1440184841782,"1,748,686",89% bullish,of 9 ratings,$36
CLRBW,$0.94,1440184841808,200,Not yet rated,NULL,N/A
CLLS,$29.99,1440184841984,"89,775",75% bullish,of 4 ratings,$51.50
CBMG,$22.32,1440184842010,"33,682",50% bullish,of 2 ratings,N/A
CLSN,$1.92,1440184842146,"117,336",80% bullish,of 10 ratings,$7.50
CLTX,$3.14,1440184842208,"2,396,799",100% bullish,of 2 ratings,N/A
CEMP,$35.7199,1440184842301,"598,576",71% bullish,of 7 ratings,$52
CETX,$2.5,1440184842328,"12,550",Not yet rated,NULL,$5.60
CETV,$2.02,1440184842468,"138,275",67% bullish,of 3 ratings,$2.80
CYAD,$53.25,1440184842502,573,100% bullish,of 1 rating,$87.50
CSFL,$14.02,1440184842524,"102,436",Not yet rated,NULL,$15
CFBK,$1.38,1440184842602,"5,900",Not yet rated,NULL,N/A
CENT,$11.95,1440184842681,"21,151",Not yet rated,NULL,$10
CENTA,$12.61,1440184842737,"125,194",Not yet rated,NULL,N/A
CVCY,$10.97,1440184842779,405,Not yet rated,NULL,$12
CENX,$5.16,1440184842810,"1,075,474",67% bullish,of 6 ratings,$9
CNBKA,$40.59,1440184842915,"4,519",100% bullish,of 1 rating,N/A
CNTY,$6.1,1440184842946,"4,629",80% bullish,of 5 ratings,$7.75
CRNT,$1.36,1440184843053,"266,854",50% bullish,of 2 ratings,$2
CPHD,$48.01,1440184843124,"405,317",50% bullish,of 2 ratings,$66.50
CERE,$1.1065,1440184843183,"393,745",88% bullish,of 8 ratings,N/A
CERN,$62.08,1440184843210,"1,151,913",67% bullish,of 3 ratings,$79
CERU,$3.37,1440184843232,"16,939",75% bullish,of 4 ratings,$15
CERS,$4.75,1440184843395,"464,110",75% bullish,of 4 ratings,$7
KOOL,$0.7,1440184843422,"11,436",100% bullish,of 5 ratings,$7
CYOU,$20.04,1440184843450,"385,325",50% bullish,of 6 ratings,$24
HOTR,$1.425,1440184843586,"175,985",100% bullish,of 2 ratings,$5
CTHR,$1.24,1440184843652,"47,840",50% bullish,of 2 ratings,$2.50
CEVA,$18.42,1440184843678,"39,720",100% bearish,of 1 rating,$25
HOTRW,NULL,1440184843824,0,Not yet rated,NULL,N/A
CHTR,$176.75,1440184843852,"560,023",100% bearish,of 2 ratings,$196
GTLS,$22.39,1440184843878,"235,953",50% bullish,of 4 ratings,$40
CHEKW,NULL,1440184844080,0,Not yet rated,NULL,N/A
CHKP,$77.22,1440184844115,"720,722",50% bullish,of 4 ratings,$92
CHEK,$3.02,1440184844142,700,Not yet rated,NULL,$7.75
CEMI,$4.28,1440184844178,"4,239",50% bullish,of 2 ratings,$7.50
CCXI,$6.61,1440184844205,"89,644",67% bullish,of 3 ratings,$14
CHFN,$12.48,1440184844238,"27,867",Not yet rated,NULL,$14
CHFC,$31.93,1440184844341,"68,749",100% bearish,of 1 rating,$36
CHEV,$14.35,1440184844502,"7,950",Not yet rated,NULL,N/A
CHMG,$26.6,1440184844532,700,Not yet rated,NULL,$30
CHKE,$25.5,1440184844568,"22,450",100% bearish,of 1 rating,$32.50
CHMA,$23.9,1440184844599,"109,939",Not yet rated,NULL,$40
PLCE,$58.41,1440184844661,"264,596",100% bearish,of 1 rating,$71
CBNK,$16.51,1440184844698,215,100% bearish,of 1 rating,N/A
CMRX,$46.828,1440184844763,"265,467",50% bullish,of 2 ratings,$57
CADC,NULL,1440184844938,0,78% bullish,of 9 ratings,N/A
CAAS,$6.5,1440184844995,"30,970",93% bullish,of 14 ratings,$11.50
CBAK,$1.85,1440184845021,"36,364",67% bullish,of 9 ratings,N/A
CALI,$0.9172,1440184845058,"7,036",67% bullish,of 3 ratings,N/A
CBPO,$98.52,1440184845086,"231,856",75% bullish,of 8 ratings,$140.50
CCCL,$0.8601,1440184845165,"1,030",100% bullish,of 6 ratings,N/A
JRJC,$3.86,1440184845223,"154,512",82% bullish,of 11 ratings,N/A
CCCR,$0.86,1440184845249,"32,928",67% bearish,of 3 ratings,N/A
CHOP,$1.22,1440184845422,"53,042",50% bullish,of 2 ratings,N/A
CHLN,$1.8508,1440184845485,"7,803",67% bullish,of 3 ratings,N/A
HGSH,$1.83,1440184845515,"12,300",67% bullish,of 3 ratings,N/A
CNIT,$1.54,1440184845551,"27,520",67% bullish,of 6 ratings,N/A
CJJD,$1.93,1440184845617,"49,086",100% bullish,of 1 rating,N/A
HTHT,$24.56,1440184845719,"62,565",50% bullish,of 2 ratings,$28
CHNR,$2.01,1440184845747,"1,050",100% bearish,of 1 rating,N/A
CREG,$0.7229,1440184845904,"107,321",100% bullish,of 3 ratings,N/A
CSUN,$1.38,1440184845936,"16,474",80% bullish,of 5 ratings,N/A
CNTF,$0.8547,1440184846000,"122,901",Not yet rated,NULL,N/A
CNYD,$3.03,1440184846041,"7,691",67% bullish,of 3 ratings,N/A
CPGI,$6.95,1440184846069,"1,288",Not yet rated,NULL,N/A
CXDC,$6.2,1440184846096,"113,366",67% bullish,of 3 ratings,N/A
CCIH,$5.56,1440184846254,"899,149",67% bullish,of 6 ratings,$12.65
CNET,$0.873,1440184846384,"31,401",50% bullish,of 2 ratings,N/A
IMOS,$16.04,1440184846416,"178,371",60% bullish,of 5 ratings,$21.50
CHSCL,$27.08,1440184846454,"22,920",Not yet rated,NULL,N/A
CHSCN,$27.0444,1440184846541,"3,025",Not yet rated,NULL,N/A
CHSCM,$25.87,1440184846570,"31,276",Not yet rated,NULL,N/A
CHSCO,$28.3251,1440184846592,"9,047",Not yet rated,NULL,N/A
CHSCP,$30.29,1440184846751,"2,165",Not yet rated,NULL,N/A
CHUY,$31.75,1440184846787,"147,632",50% bullish,of 2 ratings,$34
CHDN,$133.4,1440184846885,"43,114",Not yet rated,NULL,$165
CDTX,$14.32,1440184846913,"10,832",Not yet rated,NULL,$22
CIFC,$6.96,1440184847044,"8,056",Not yet rated,NULL,N/A
CMCT,$15.02,1440184847138,"2,610",100% bearish,of 1 rating,N/A
CINF,$54.26,1440184847167,"334,518",50% bullish,of 4 ratings,$50.50
CMPR,$68,1440184847200,"367,677",50% bullish,of 2 ratings,$72.50
CIDM,$0.615,1440184847275,"72,909",50% bullish,of 2 ratings,$2.10
CPHR,$6.77,1440184847306,"1,200",100% bearish,of 1 rating,$16
CRUS,$27.62,1440184847336,"704,246",75% bullish,of 12 ratings,$44.50
CTAS,$85.27,1440184847366,"250,310",100% bearish,of 1 rating,$91
CSCO,$26.795,1440184847475,"21,128,769",84% bullish,of 208 ratings,$32
CTRN,$28.04,1440184847604,"91,942",100% bearish,of 1 rating,$31.50
CZNC,$19.7,1440184847666,"9,287",Not yet rated,NULL,N/A
CZWI,NULL,1440184847691,0,Not yet rated,NULL,N/A
CTXS,$74.37,1440184847860,"728,874",86% bullish,of 7 ratings,$80
CIZN,$19.3541,1440184847895,611,Not yet rated,NULL,N/A
CZFC,$12.7201,1440184847929,700,Not yet rated,NULL,N/A
CHCO,$47.58,1440184848026,"39,409",Not yet rated,NULL,$46
CIVB,$10.0601,1440184848055,"5,537",Not yet rated,NULL,$11
CIVBP,NULL,1440184848086,0,Not yet rated,NULL,N/A
CDTI,$1.57,1440184848108,"60,623",75% bullish,of 4 ratings,$3.20
CLNE,$4.0699,1440184848142,"926,741",80% bullish,of 15 ratings,$9
CLRO,$11.822,1440184848278,"3,103",50% bullish,of 2 ratings,$14.25
CLNT,$1.68,1440184848304,"53,834",75% bullish,of 8 ratings,N/A
CLFD,$16.88,1440184848334,"39,745",67% bullish,of 3 ratings,$18
CLIR,$4.72,1440184848439,"11,440",100% bullish,of 3 ratings,N/A
CBLI,$3.76,1440184848686,"37,638",60% bullish,of 5 ratings,N/A
CSBK,$13.74,1440184848730,"42,610",Not yet rated,NULL,N/A
CNV,$4.6,1440184848762,"10,323",50% bullish,of 2 ratings,$7.15
CLVS,$72.96,1440184848790,"288,699",60% bullish,of 5 ratings,$101.50
CME,$92.49,1440184848821,"947,001",67% bullish,of 3 ratings,$102
CMFN,$11.83,1440184848846,"13,249",100% bearish,of 1 rating,$15.50
CISG,$7.8,1440184848879,"141,181",100% bullish,of 5 ratings,$10
CCNE,$17.28,1440184848903,"18,058",50% bullish,of 2 ratings,$21.50
CWAY,$11.26,1440184849045,304,Not yet rated,NULL,N/A
COKE,$154.85,1440184849204,"22,327",79% bullish,of 19 ratings,N/A
COBZ,$13.01,1440184849230,"95,280",100% bullish,of 1 rating,$14
CDRB,$11.27,1440184849257,"7,516",67% bullish,of 3 ratings,N/A
CDXS,$3.98,1440184849389,"39,005",64% bullish,of 11 ratings,$6
JVA,$4.61,1440184849417,"17,599",83% bullish,of 6 ratings,$7
CVLY,$20.55,1440184849479,"6,469",Not yet rated,NULL,N/A
CGNT,$1.66,1440184849548,"31,232",100% bullish,of 2 ratings,$2
CGNX,$35.77,1440184849578,"500,146",50% bullish,of 2 ratings,$47
CCOI,$28.3,1440184849623,"235,694",50% bullish,of 4 ratings,$35
COHR,$57.31,1440184849653,"86,536",50% bullish,of 2 ratings,$72
CTSH,$63.6,1440184849682,"1,928,025",90% bullish,of 10 ratings,$75
CHRS,$30.07,1440184849845,"132,711",67% bearish,of 3 ratings,$37
CLCT,$18.02,1440184849921,"53,608",100% bearish,of 1 rating,N/A
CLRX,$0.4901,1440184849948,"58,328",50% bullish,of 2 ratings,N/A
COHU,$9.71,1440184849970,"104,433",100% bearish,of 1 rating,$14.25
COLL,$15.16,1440184850102,"30,963",100% bearish,of 1 rating,$26
CIGI,$44.23,1440184850183,"4,111",100% bearish,of 1 rating,$52
COLB,$31.28,1440184850261,"145,177",Not yet rated,NULL,$36
CMCSA,$57.065,1440184850295,"9,276,504",66% bullish,of 35 ratings,$69.50
CBAN,$8.75,1440184850323,400,Not yet rated,NULL,N/A
CMCO,$19.23,1440184850352,"86,637",60% bullish,of 5 ratings,$28
COLM,$62.76,1440184850377,"135,763",100% bearish,of 1 rating,$71
CLCD,$7.1,1440184850411,"10,885",100% bearish,of 1 rating,$20.50
CBMX,$1.2,1440184850515,"31,485",83% bullish,of 6 ratings,$3.15
CBSH,$45.495,1440184850646,"204,023",50% bullish,of 2 ratings,$46
CMCSK,$57.75,1440184850673,"2,254,251",Not yet rated,NULL,$84
CBSHP,$25.215,1440184850751,"1,216",100% bearish,of 1 rating,N/A
CUBN,$13.8,1440184850911,"1,185",Not yet rated,NULL,N/A
CVGI,$4.66,1440184850978,"59,109",50% bullish,of 2 ratings,$6
COMM,$29.35,1440184851005,"661,789",67% bearish,of 3 ratings,$35
CSAL,$20.87,1440184851030,"408,607",75% bullish,of 4 ratings,$30
JCS,$9.2135,1440184851067,300,67% bullish,of 3 ratings,N/A
ESXB,$5.1,1440184851088,"11,083",Not yet rated,NULL,N/A
CYHHZ,$0.0113,1440184851169,"4,466",100% bullish,of 1 rating,N/A
CTBI,$34.8534,1440184851223,"27,327",Not yet rated,NULL,$36
CVLT,$36.35,1440184851352,"235,481",75% bullish,of 4 ratings,$44.50
CWBC,$6.78,1440184851379,"5,710",Not yet rated,NULL,N/A
COB,$10.41,1440184851407,"18,198",100% bullish,of 1 rating,$11.75
CIZ,$33.33,1440184851428,"5,178",100% bearish,of 1 rating,N/A
CIL,$33.53,1440184851566,300,Not yet rated,NULL,N/A
CSF,$36.9,1440184851775,"4,191",100% bearish,of 1 rating,N/A
CFA,$36.0701,1440184851835,"1,606",100% bearish,of 1 rating,N/A
CDL,$34.42,1440184851867,"7,400",Not yet rated,NULL,N/A
CDC,$35.33,1440184851896,"21,863",Not yet rated,NULL,N/A
CSA,$33.32,1440184851917,"1,280",Not yet rated,NULL,N/A
CFO,$35.83,1440184851952,"13,884",100% bearish,of 1 rating,N/A
CID,$33.93,1440184852047,100,Not yet rated,NULL,N/A
CGEN,$5.1199,1440184852103,"84,202",50% bullish,of 2 ratings,$11
CSB,NULL,1440184852209,0,Not yet rated,NULL,N/A
CPSI,$45.2,1440184852311,"46,039",100% bearish,of 1 rating,$45.50
CTG,$6.61,1440184852337,"16,772",100% bearish,of 1 rating,$8.50
SCOR,$56.54,1440184852365,"344,659",100% bearish,of 1 rating,$66
CHCI,$0.6076,1440184852392,"17,500",50% bullish,of 2 ratings,N/A
CMTL,$26.26,1440184852569,"37,650",100% bearish,of 2 ratings,$37
CNSI,$18.63,1440184852604,"119,435",100% bearish,of 2 ratings,$29
CNCE,$15.47,1440184852646,"185,558",75% bullish,of 4 ratings,$22
CNAT,$4.03,1440184852701,"123,573",83% bullish,of 6 ratings,$13
CXRX,$72.68,1440184852747,"3,494",Not yet rated,NULL,$90
CCUR,$5.17,1440184852781,"16,878",75% bullish,of 4 ratings,N/A
CDOR,$1.4004,1440184852851,"5,049",100% bullish,of 1 rating,N/A
CDORP,$6.7921,1440184852881,800,100% bearish,of 1 rating,N/A
CDORO,NULL,1440184853064,0,100% bearish,of 1 rating,N/A
CFMS,$21.37,1440184853098,"223,504",Not yet rated,NULL,$27
CNFR,$10.49,1440184853196,"15,546",Not yet rated,NULL,N/A
CNMD,$54.87,1440184853226,"93,699",Not yet rated,NULL,$59
CTWS,$35.05,1440184853276,"29,216",100% bearish,of 1 rating,$44
CNOB,$19.54,1440184853335,"113,453",100% bullish,of 1 rating,$23.50
CNXR,$6.29,1440184853361,"20,600",100% bearish,of 1 rating,$12
CONN,$31.475,1440184853440,"225,883",67% bullish,of 3 ratings,$48.50
CNSL,$19.99,1440184853569,"168,688",100% bearish,of 1 rating,$23
CPSS,$5.555,1440184853623,"46,560",100% bullish,of 1 rating,$10
CWCO,$10.76,1440184853650,"117,741",67% bullish,of 3 ratings,$14.50
CFRX,$5.0811,1440184853681,"27,570",Not yet rated,NULL,$14
CTCT,$24.14,1440184853715,"175,564",67% bullish,of 3 ratings,$37
CFRXW,$1.89,1440184853784,"1,275",100% bearish,of 1 rating,N/A
CFRXZ,$0.531,1440184853813,"2,450",Not yet rated,NULL,N/A
CTRV,$3.6356,1440184853943,"40,965",Not yet rated,NULL,$6.40
CPRT,$34.7,1440184854077,"159,704",67% bearish,of 3 ratings,$40
CTRL,$7.97,1440184854106,"108,530",50% bullish,of 2 ratings,$11
CRBP,$2.04,1440184854133,"814,344",100% bullish,of 2 ratings,$6.25
CORT,$4.6,1440184854259,"334,000",67% bullish,of 3 ratings,$12
BVA,$3.7,1440184854397,"3,692",50% bullish,of 2 ratings,N/A
CSOD,$37.05,1440184854429,"289,876",50% bullish,of 2 ratings,$42
CORI,$11.04,1440184854451,"38,800",100% bearish,of 1 rating,$18
CRVL,$31.92,1440184854610,"22,598",100% bearish,of 1 rating,N/A
CORE,$59.92,1440184854652,"72,842",100% bearish,of 1 rating,$72
CSGP,$180.9,1440184854715,"33,566",50% bullish,of 2 ratings,$235
COSI,$1.12,1440184854745,"73,738",100% bullish,of 1 rating,N/A
COST,$139.545,1440184854848,"1,538,337",79% bullish,of 24 ratings,$154.50
CVTI,$22.47,1440184854917,"116,441",67% bearish,of 3 ratings,$39
CPAH,$0.4301,1440184854952,"11,652",50% bullish,of 2 ratings,N/A
ICBK,$18,1440184854979,416,Not yet rated,NULL,$21
COVS,$2.56,1440184855052,"66,140",67% bullish,of 3 ratings,N/A
COWN,$5.115,1440184855191,"612,427",75% bullish,of 4 ratings,$7
CRAI,$22.59,1440184855339,"24,810",Not yet rated,NULL,$36
CPSH,NULL,1440184855366,0,Not yet rated,NULL,N/A
COWNL,$27.19,1440184855395,"3,000",Not yet rated,NULL,N/A
CBRL,$144.05,1440184855428,"245,700",50% bullish,of 2 ratings,$155
BREW,$7.265,1440184855501,"47,219",67% bullish,of 6 ratings,$15
CRAY,$20.8,1440184855561,"175,923",83% bullish,of 6 ratings,$38.50
CACC,$194,1440184855635,"89,866",50% bullish,of 2 ratings,$158.50
GLDI,$11.084,1440184855770,"35,635",100% bearish,of 1 rating,N/A
CRESY,$10.31,1440184855800,"26,076",100% bearish,of 1 rating,$19
CREE,$25.28,1440184855834,"634,423",65% bullish,of 17 ratings,$29.50
SLVO,$10.4,1440184855856,"4,970",100% bearish,of 1 rating,N/A
CRTO,$44.32,1440184855934,"430,823",67% bullish,of 6 ratings,$64
CROX,$14.04,1440184855992,"715,855",63% bullish,of 8 ratings,$16.50
CCRN,$14.27,1440184856018,"118,207",100% bearish,of 1 rating,$14.25
CRDS,$1.02,1440184856151,"13,160",50% bullish,of 4 ratings,$4.50
CYRX,$3,1440184856321,"8,241",Not yet rated,NULL,$9
CRWS,$8.04,1440184856350,"2,315",Not yet rated,NULL,$10
CRWN,$4.59,1440184856380,"102,651",75% bullish,of 4 ratings,N/A
CYRXW,$0.92,1440184856486,"14,400",Not yet rated,NULL,N/A
CCLP,$13.9195,1440184856545,"53,612",67% bearish,of 3 ratings,$21
CTCM,$1.69,1440184856644,"288,007",80% bearish,of 5 ratings,$3.90
CSPI,$6.0801,1440184856682,"2,700",67% bullish,of 3 ratings,N/A
CSGS,$31.09,1440184856780,"114,649",Not yet rated,NULL,$40
CTIB,NULL,1440184856813,0,100% bearish,of 1 rating,N/A
CTIC,$1.68,1440184856835,"1,481,958",84% bullish,of 76 ratings,$5.75
CUNB,$22.1599,1440184856913,"37,840",Not yet rated,NULL,$24.50
CPIX,$5.92,1440184857079,"3,315",Not yet rated,NULL,N/A
CUI,$4.83,1440184857117,"88,481",50% bullish,of 2 ratings,$10
CMLS,$1.27,1440184857145,"760,171",50% bullish,of 4 ratings,$6
CRIS,$2.59,1440184857217,"340,375",100% bullish,of 8 ratings,$6
CTRP,$63.12,1440184857244,"1,149,624",75% bullish,of 8 ratings,$92
CUTR,$14.42,1440184857274,"46,362",67% bearish,of 3 ratings,$18
CVV,$11.32,1440184857411,"24,056",100% bullish,of 5 ratings,N/A
CVBF,$16.71,1440184857439,"323,739",Not yet rated,NULL,$18
CYAN,$6.98,1440184857571,"1,560",100% bearish,of 1 rating,N/A
CYBR,$51.97,1440184857597,"1,720,895",86% bullish,of 7 ratings,$66
CYBE,$5.93,1440184857632,"8,250",100% bearish,of 1 rating,N/A
CYBX,$66.61,1440184857725,"412,989",50% bullish,of 4 ratings,$70
CYCC,$0.5699,1440184857763,"118,657",73% bullish,of 11 ratings,N/A
CYCCP,NULL,1440184857829,0,100% bearish,of 1 rating,N/A
CY,$9.325,1440184858023,"2,491,195",80% bullish,of 10 ratings,$15.50
CBAY,$2.67,1440184858058,"38,028",100% bullish,of 1 rating,$4
CYNA,$15.985,1440184858088,"21,391",100% bullish,of 1 rating,$31.50
CONE,$32.99,1440184858160,"309,130",67% bearish,of 3 ratings,$35
CYNO,$32.12,1440184858190,"178,188",67% bearish,of 3 ratings,$45.50
CYRN,$1.6399,1440184858297,"247,354",67% bullish,of 3 ratings,$4
CYTK,$6.53,1440184858350,"160,599",71% bullish,of 14 ratings,$13.50
CYTX,$0.3728,1440184858450,"618,693",83% bullish,of 12 ratings,$5.50
CTSO,$6.95,1440184858484,"48,593",Not yet rated,NULL,$15.625
CYTR,$2.205,1440184858510,"688,247",67% bullish,of 6 ratings,$10
TVIZ,$14.671,1440184858586,"1,960",100% bearish,of 1 rating,N/A
DAEG,$0.355,1440184858614,"4,300",100% bearish,of 1 rating,N/A
TVIX,$8.7499,1440184858670,"16,664,918",81% bullish,of 16 ratings,N/A
ZIV,$46.85,1440184858911,"80,251",Not yet rated,NULL,N/A
XIV,$37.235,1440184858938,"21,669,961",75% bearish,of 4 ratings,N/A
DJCO,$199.96,1440184858974,"1,530",Not yet rated,NULL,N/A
DARA,$0.88,1440184859068,"35,611",83% bullish,of 6 ratings,$1.50
DAKT,$11.5707,1440184859096,"103,367",50% bullish,of 2 ratings,$14
DAIO,$2.58,1440184859130,"3,412",Not yet rated,NULL,N/A
DTLK,$5.55,1440184859152,"79,119",100% bearish,of 1 rating,$9
DRAM,NULL,1440184859229,0,78% bullish,of 9 ratings,N/A
DWCH,$5.03,1440184859366,"34,115",75% bullish,of 4 ratings,$8.25
DTEA,$13.54,1440184859440,"114,904",100% bearish,of 2 ratings,$24
PLAY,$34.45,1440184859467,"194,018",100% bullish,of 5 ratings,$42
DWSN,$4.05,1440184859500,"32,266",67% bullish,of 3 ratings,$6
TRAK,$62.94,1440184859620,"818,713",50% bullish,of 2 ratings,$62.50
DBVT,$39.04,1440184859648,"77,404",100% bearish,of 1 rating,$53
DHRM,$1.68,1440184859705,"2,986",Not yet rated,NULL,N/A
DFRG,$14.7,1440184859838,"147,623",100% bearish,of 1 rating,$20
DCTH,$0.4752,1440184859871,"73,518",78% bullish,of 9 ratings,N/A
TACOW,$4.1231,1440184859899,"3,150",100% bullish,of 1 rating,N/A
TACO,$13.09,1440184859924,"192,137",100% bullish,of 3 ratings,$20
DGAS,$20.236,1440184859979,"1,513",67% bearish,of 3 ratings,N/A
DELTW,NULL,1440184860110,0,Not yet rated,NULL,N/A
DELT,$2.65,1440184860138,949,Not yet rated,NULL,N/A
DENN,$11.8498,1440184860290,"326,818",100% bullish,of 3 ratings,$15
XRAY,$54.03,1440184860325,"388,871",100% bullish,of 1 rating,$58
DEPO,$28.91,1440184860352,"782,548",60% bullish,of 5 ratings,$29
DSCI,$6.48,1440184860422,"41,008",50% bullish,of 2 ratings,$16
DERM,$24.0684,1440184860485,"216,418",100% bearish,of 1 rating,$33.50
DEST,$11.77,1440184860589,"29,372",50% bullish,of 2 ratings,N/A
DSWL,$1.75,1440184860617,"7,075",100% bullish,of 1 rating,N/A
DXLG,$4.51,1440184860746,"41,955",100% bearish,of 1 rating,$8
DXM,$0.302,1440184860781,"19,549",50% bullish,of 2 ratings,N/A
DXCM,$89.8,1440184860885,"734,534",57% bullish,of 7 ratings,$98
DHXM,NULL,1440184860912,0,Not yet rated,NULL,N/A
DMND,$30.39,1440184860934,"136,238",75% bullish,of 12 ratings,$32
DHIL,$189,1440184860972,"16,612",Not yet rated,NULL,N/A
FANG,$66.94,1440184861076,"725,806",50% bullish,of 2 ratings,$86
DRNA,$10.3,1440184861137,"73,124",67% bearish,of 3 ratings,$25
DCIX,$1.745,1440184861163,"86,576",50% bullish,of 4 ratings,$3.50
DMRC,$36.5,1440184861298,"52,903",100% bearish,of 1 rating,$44
DRAD,$3.8704,1440184861342,"11,721",100% bullish,of 1 rating,$5.25
DGII,$9.94,1440184861373,"56,149",100% bearish,of 1 rating,$10
DGLY,$6.61,1440184861477,"225,089",50% bullish,of 6 ratings,$20
APPS,$2.37,1440184861508,"173,596",100% bearish,of 1 rating,$10.25
DISCA,$27.07,1440184861611,"2,146,937",67% bullish,of 3 ratings,$34
DPRX,$11.964,1440184861639,"14,593",100% bullish,of 2 ratings,$27.75
DIOD,$19.34,1440184861768,"140,077",75% bearish,of 4 ratings,$24
DISCK,$25.94,1440184861938,"1,591,800",100% bearish,of 1 rating,$32
DISH,$61.36,1440184861969,"1,131,810",69% bullish,of 13 ratings,$73
DSCO,$0.4101,1440184861992,"136,235",83% bullish,of 6 ratings,$2.75
DCOM,$16.81,1440184862026,"111,407",100% bearish,of 2 ratings,$16.50
DISCB,NULL,1440184862054,0,100% bearish,of 1 rating,$35
DVCR,$10.2608,1440184862132,"16,806",100% bullish,of 1 rating,N/A
DLHC,$2.29,1440184862348,"6,268",100% bearish,of 1 rating,N/A
DLTR,$76.61,1440184862414,"1,615,842",82% bullish,of 11 ratings,$88
DNBF,$27.2301,1440184862485,"7,727",Not yet rated,NULL,$27.50
BAGR,$3.02,1440184862511,"15,775",100% bearish,of 1 rating,$6
DGICA,$14.25,1440184862534,"12,902",100% bearish,of 1 rating,$17
DORM,$49.83,1440184862738,"216,333",100% bearish,of 1 rating,$56
DGICB,NULL,1440184862763,0,100% bearish,of 1 rating,N/A
DSKX,$3.45,1440184862903,"101,768",100% bullish,of 1 rating,N/A
DRWI,$0.2595,1440184862934,"169,311",60% bullish,of 5 ratings,$.45
DWA,$18.995,1440184862960,"555,143",63% bullish,of 8 ratings,$26
HILL,$9.68,1440184862996,"1,679,921",60% bearish,of 5 ratings,$9.75
DRWIW,$0.0589,1440184863020,"1,381",Not yet rated,NULL,N/A
DMLP,$13.8586,1440184863096,"42,578",100% bearish,of 1 rating,N/A
DRYS,$0.3573,1440184863154,"1,173,774",77% bullish,of 31 ratings,$.60
DSPG,$8.58,1440184863199,"48,251",100% bearish,of 1 rating,$13.50
CADT,$10.02,1440184863328,103,Not yet rated,NULL,N/A
CADTR,NULL,1440184863458,0,Not yet rated,NULL,N/A
CADTU,NULL,1440184863625,0,Not yet rated,NULL,N/A
DNKN,$50.185,1440184863674,"927,224",67% bullish,of 15 ratings,$56.50
DTSI,$26.11,1440184863700,"69,282",100% bearish,of 2 ratings,$39.50
CADTW,NULL,1440184863729,0,Not yet rated,NULL,N/A
DYAX,$22.56,1440184863756,"558,604",89% bullish,of 9 ratings,$30
DXPE,$28.765,1440184863784,"88,858",50% bullish,of 2 ratings,N/A
DRRX,$2.01,1440184863805,"275,320",50% bullish,of 6 ratings,$3
BOOM,$9.63,1440184863950,"26,304",67% bullish,of 3 ratings,$12
DYSL,$1.5,1440184864079,"115,564",100% bullish,of 2 ratings,N/A
DVAX,$27.88,1440184864136,"278,171",70% bullish,of 10 ratings,$40
EBMT,$11.54,1440184864172,"17,154",Not yet rated,NULL,$13.50
DYNT,$2.9299,1440184864198,"3,400",75% bullish,of 4 ratings,N/A
ETFC,$25.7,1440184864224,"1,687,930",57% bullish,of 14 ratings,$33
EGBN,$42.83,1440184864369,"58,971",Not yet rated,NULL,$48
EGRX,$65.56,1440184864533,"346,973",67% bullish,of 3 ratings,$97
EGLE,$6.14,1440184864570,"45,184",60% bullish,of 5 ratings,N/A
EACQU,NULL,1440184864596,0,Not yet rated,NULL,N/A
EWBC,$41.61,1440184864628,"740,563",100% bearish,of 1 rating,$50
ELNK,$8.57,1440184864659,"648,485",60% bullish,of 5 ratings,$9.50
EROC,$1.11,1440184864688,"325,702",50% bullish,of 2 ratings,$3
EML,$16.83,1440184864730,"5,169",Not yet rated,NULL,N/A
EVBS,$6.4501,1440184864862,"5,822",Not yet rated,NULL,$7
EBAY,$25.831,1440184864921,"7,496,634",81% bullish,of 117 ratings,$48
EBIX,$28.5099,1440184865065,"228,659",69% bullish,of 13 ratings,$40
ELON,$0.5402,1440184865157,"61,584",50% bullish,of 2 ratings,N/A
SATS,$44.1885,1440184865230,"112,965",50% bullish,of 2 ratings,$60
ECHO,$24.65,1440184865260,"336,208",67% bearish,of 3 ratings,$35.50
ECTE,$1.5499,1440184865286,"47,102",75% bullish,of 4 ratings,N/A
ECACU,$10.05,1440184865313,"1,319",Not yet rated,NULL,N/A
EEI,$11.13,1440184865337,"4,719",67% bearish,of 3 ratings,N/A
EDAP,$3.0711,1440184865535,"117,271",60% bullish,of 5 ratings,$4.50
EDUC,$4.59,1440184865566,"7,083",100% bearish,of 1 rating,N/A
ESES,$3.38,1440184865601,"8,303",100% bearish,of 1 rating,$7
EFUT,NULL,1440184865701,0,Not yet rated,NULL,N/A
EGAN,$3.466,1440184865729,"7,608",50% bullish,of 2 ratings,$6.25
EGLT,$11.5,1440184865757,"19,011",50% bullish,of 2 ratings,$21
EDGW,$7.14,1440184865986,"35,202",100% bearish,of 1 rating,N/A
LOCO,$12.3601,1440184866029,"925,728",69% bullish,of 13 ratings,$20
EHTH,$14.03,1440184866066,"115,017",50% bullish,of 4 ratings,$16.50
EMITF,$1.286,1440184866088,"6,900",75% bullish,of 4 ratings,N/A
ESLT,$80.13,1440184866160,"3,918",100% bullish,of 2 ratings,N/A
ERI,$9.51,1440184866188,"103,923",100% bearish,of 1 rating,$10
ESIO,$4.565,1440184866261,"25,260",50% bullish,of 2 ratings,$10
ELRC,$10.59,1440184866287,"44,011",100% bearish,of 1 rating,N/A
EA,$65.95,1440184866318,"2,375,357",77% bullish,of 35 ratings,$80
EFII,$43.77,1440184866452,"172,146",80% bullish,of 5 ratings,$55
ELSE,$4.02,1440184866546,"1,000",60% bullish,of 5 ratings,N/A
ELEC,NULL,1440184866571,0,Not yet rated,NULL,N/A
ELECU,NULL,1440184866614,0,Not yet rated,NULL,N/A
EBIO,$3.5,1440184866759,"754,831",100% bearish,of 2 ratings,$8.35
ELECW,NULL,1440184866808,0,Not yet rated,NULL,N/A
RDEN,$10.33,1440184866837,"69,604",100% bearish,of 4 ratings,$15
CAPX,$22.7208,1440184866968,600,Not yet rated,NULL,N/A
EMCI,$23.03,1440184867030,"12,299",Not yet rated,NULL,N/A
ESBK,$19.37,1440184867058,726,Not yet rated,NULL,N/A
ELTK,$1.08,1440184867118,"34,434",67% bearish,of 3 ratings,N/A
LONG,$17.25,1440184867144,"16,564",67% bullish,of 3 ratings,$15.75
EMCF,NULL,1440184867282,0,100% bearish,of 1 rating,N/A
EMKR,$7.13,1440184867315,"74,272",75% bullish,of 4 ratings,$8.50
EMMS,$1.2501,1440184867341,"3,140",67% bullish,of 6 ratings,N/A
EMMSP,$3.5,1440184867478,100,100% bearish,of 1 rating,N/A
NYNY,$4.063,1440184867507,"66,681",50% bullish,of 2 ratings,N/A
ERS,$2.88,1440184867533,"1,300",Not yet rated,NULL,N/A
ENTA,$40.23,1440184867707,"103,243",50% bullish,of 2 ratings,$42
ECPG,$39.14,1440184867774,"87,843",100% bullish,of 2 ratings,$52
ENDP,$77.03,1440184867806,"1,201,131",50% bullish,of 6 ratings,$104
ELGX,$13.2,1440184867868,"393,785",75% bullish,of 4 ratings,$17
ECYT,$5.23,1440184867906,"200,762",83% bullish,of 6 ratings,$12
WIRE,$32.86,1440184867936,"99,372",100% bearish,of 1 rating,$37
EIGI,$15.18,1440184867962,"599,492",67% bearish,of 3 ratings,$22.50
WATT,$6.8399,1440184868112,"64,255",50% bullish,of 2 ratings,$13
ERII,$2.88,1440184868208,"65,173",80% bullish,of 5 ratings,$2.50
EFOI,$15.7193,1440184868285,"278,759",50% bullish,of 2 ratings,$20.50
ENOC,$8.0701,1440184868415,"160,800",75% bullish,of 4 ratings,$18
EXXI,$1.4699,1440184868442,"1,365,617",86% bullish,of 7 ratings,$3.50
ENPH,$4.38,1440184868464,"396,532",75% bullish,of 4 ratings,$11
ENG,$1.0199,1440184868494,"4,803",100% bullish,of 3 ratings,N/A
ENFC,NULL,1440184868629,0,Not yet rated,NULL,N/A
ESGR,$150.835,1440184868659,"38,688",100% bearish,of 1 rating,$185
ENTL,$21.46,1440184868790,"11,592",Not yet rated,NULL,$28
EBTC,$20.18,1440184868827,"6,615",Not yet rated,NULL,N/A
ETRM,$0.2304,1440184869134,"333,706",69% bearish,of 35 ratings,$1.625
ENTG,$13.77,1440184869219,"290,966",100% bearish,of 1 rating,$18
EGT,$2.089,1440184869272,"1,400",100% bullish,of 1 rating,N/A
EFSC,$24.68,1440184869297,"37,856",Not yet rated,NULL,$27
ENZN,$1.0305,1440184869353,"619,848",100% bullish,of 9 ratings,N/A
ENZY,$8.96,1440184869381,"9,574",67% bullish,of 3 ratings,$9.50
ENVI,$1.7901,1440184869403,"15,504",67% bullish,of 3 ratings,N/A
EPIQ,$13.84,1440184869608,"67,288",100% bearish,of 1 rating,$18
EPRS,$4.8,1440184869652,"59,801",82% bullish,of 11 ratings,$15
EPZM,$16.0237,1440184869683,"199,517",60% bullish,of 5 ratings,$34
EQIX,$273.56,1440184869745,"370,648",67% bullish,of 3 ratings,$312.50
PLUS,$78.38,1440184869774,"87,038",50% bullish,of 2 ratings,$88
EAC,$3.6925,1440184869796,"11,084",100% bearish,of 1 rating,$8
EQFN,$8.32,1440184869833,100,Not yet rated,NULL,N/A
ERIC,$9.88,1440184869936,"1,885,838",63% bullish,of 8 ratings,$12.20
ERIE,$85.22,1440184870037,"13,037",Not yet rated,NULL,$73
ESCA,$18.4228,1440184870135,"19,488",100% bearish,of 1 rating,$22
ESCR,$0.13,1440184870166,"52,895",50% bullish,of 2 ratings,N/A
ESMC,$1.3,1440184870239,354,Not yet rated,NULL,N/A
ESCRP,$1.6101,1440184870265,"4,627",100% bearish,of 1 rating,N/A
ESPR,$54.47,1440184870400,"1,163,546",67% bearish,of 9 ratings,$123
ESND,$35.175,1440184870482,"60,504",100% bearish,of 2 ratings,$40
ESSA,$12.78,1440184870532,"2,589",100% bearish,of 1 rating,N/A
EPIX,NULL,1440184870563,0,Not yet rated,NULL,N/A
ESSX,$0.5214,1440184870599,"6,290",50% bullish,of 2 ratings,N/A
ETSY,$13.81,1440184870627,"593,039",80% bullish,of 5 ratings,$16
CLWT,NULL,1440184870653,0,100% bearish,of 1 rating,N/A
ESEA,$6.0001,1440184870691,"2,742",100% bullish,of 1 rating,$15
EEFT,$64.96,1440184870837,"165,267",100% bearish,of 1 rating,$67.50
EVEP,$7.26,1440184871005,"238,588",50% bullish,of 2 ratings,$15
EVK,$3.62,1440184871066,896,75% bearish,of 4 ratings,N/A
EVOK,$4.0901,1440184871092,"99,754",100% bearish,of 1 rating,$13.375
EVLV,$2.16,1440184871121,"40,203",60% bullish,of 5 ratings,$6.50
EVOL,$5.9,1440184871148,"11,990",75% bullish,of 4 ratings,$10
EXA,$10.74,1440184871283,"20,225",100% bearish,of 1 rating,$13
EXAC,$18.6,1440184871308,"41,034",100% bearish,of 1 rating,$22.50
EXEL,$5.24,1440184871350,"4,515,508",81% bullish,of 16 ratings,$6
EXFO,$2.8,1440184871486,"3,300",67% bearish,of 3 ratings,$3.95
EXAS,$20.42,1440184871514,"1,021,482",78% bullish,of 9 ratings,$31
EXLS,$36.85,1440184871545,"77,859",100% bullish,of 1 rating,$41
EXPE,$115.0299,1440184871576,"763,747",64% bullish,of 11 ratings,$130
EXPD,$48.395,1440184871679,"1,122,974",80% bullish,of 5 ratings,$51.50
EXPO,$42.77,1440184871760,"79,913",100% bearish,of 1 rating,$45.50
ESRX,$84.97,1440184871860,"2,615,610",67% bearish,of 6 ratings,$101
EXLP,$18.25,1440184871887,"63,568",100% bearish,of 1 rating,$27
EYEG,$4.1,1440184871931,"16,180",Not yet rated,NULL,N/A
EXTR,$2.86,1440184872070,"669,303",80% bullish,of 5 ratings,$3
EZCH,$21.39,1440184872142,"83,148",75% bullish,of 8 ratings,$19.50
EYEGW,$1.24,1440184872177,700,Not yet rated,NULL,N/A
FFIV,$123.79,1440184872200,"489,332",63% bullish,of 8 ratings,$132
EZPW,$6.04,1440184872277,"161,977",50% bullish,of 4 ratings,$7.50
FB,$86.24,1440184872305,"30,763,200",73% bullish,of 1065 ratings,$111
FCS,$13.27,1440184872336,"730,035",67% bearish,of 3 ratings,$17
FRP,$16.89,1440184872476,"37,956",100% bearish,of 1 rating,$18
FWM,$2.225,1440184872528,"144,375",100% bearish,of 2 ratings,$3.20
DAVE,$14.3144,1440184872573,"14,830",100% bearish,of 1 rating,$15.50
FALC,$1.63,1440184872599,"4,559",63% bearish,of 8 ratings,N/A
FARM,$22.62,1440184872734,"9,430",100% bearish,of 1 rating,$35
FMNB,$8.12,1440184872871,"1,700",Not yet rated,NULL,N/A
FFKT,$26.83,1440184872898,"10,000",Not yet rated,NULL,$29
FARO,$38.7,1440184872974,"81,846",50% bullish,of 2 ratings,$48
FAST,$39.25,1440184873034,"1,961,906",80% bullish,of 5 ratings,$46
FATE,$6.05,1440184873060,"53,361",50% bullish,of 2 ratings,$11
FBSS,NULL,1440184873091,0,Not yet rated,NULL,N/A
FBRC,$22.25,1440184873193,"30,625",100% bearish,of 1 rating,$29
FDML,$8.8938,1440184873516,"166,982",50% bullish,of 4 ratings,$14
FNHC,$21.87,1440184873546,"62,720",100% bearish,of 1 rating,$35
FEIC,$78.03,1440184873573,"276,951",50% bullish,of 2 ratings,$95.50
FCSC,$5.8093,1440184873604,"166,133",100% bearish,of 1 rating,$8.125
FHCO,$1.401,1440184873648,"15,902",50% bullish,of 4 ratings,N/A
FENX,$9.67,1440184873709,"42,763",100% bullish,of 1 rating,$14.25
FGEN,$23.03,1440184873780,"311,604",100% bearish,of 1 rating,$39
ONEQ,$185.74,1440184873911,"37,682",100% bullish,of 1 rating,N/A
LION,$19.34,1440184873982,"77,533",100% bullish,of 1 rating,$20
FDUS,$14.516,1440184874055,"57,007",100% bullish,of 1 rating,$18
FRGI,$51.835,1440184874116,"106,456",50% bullish,of 2 ratings,$70
FSAM,$8.69,1440184874189,"7,613",100% bearish,of 1 rating,$11
FSC,$6.415,1440184874221,"668,653",75% bullish,of 4 ratings,$8
FSCFL,$24.57,1440184874248,"9,746",Not yet rated,NULL,N/A
FSFR,$8.9101,1440184874322,"108,551",100% bearish,of 1 rating,$11.50
FITB,$19.97,1440184874569,"4,115,555",54% bullish,of 13 ratings,$22
FITBI,$27.66,1440184874703,"5,702",Not yet rated,NULL,N/A
FNGN,$33.56,1440184874731,"299,656",67% bullish,of 3 ratings,$47
FNJN,$1.68,1440184874753,"9,481",100% bearish,of 1 rating,$5
FISI,$24.93,1440184874775,"33,115",100% bullish,of 2 ratings,$24.50
FNSR,$15.34,1440184874816,"793,537",71% bullish,of 7 ratings,$24.50
FNTC,NULL,1440184874904,0,Not yet rated,NULL,N/A
FNTCU,NULL,1440184874932,0,Not yet rated,NULL,N/A
FNTCW,NULL,1440184874963,0,Not yet rated,NULL,N/A
FBNC,$16.8382,1440184875095,"32,307",100% bullish,of 1 rating,$20
FEYE,$36.6801,1440184875129,"5,942,533",87% bullish,of 15 ratings,$55.50
FNLC,$18.63,1440184875159,"14,384",100% bullish,of 1 rating,N/A
BUSE,$6.39,1440184875226,"143,500",Not yet rated,NULL,$6.875
FRBA,$6.0388,1440184875254,481,Not yet rated,NULL,$8
FBIZ,$44,1440184875543,"20,498",100% bearish,of 2 ratings,$52
FCVA,$4.58,1440184875599,"1,000",Not yet rated,NULL,N/A
FCNCA,$242.64,1440184875681,"12,754",Not yet rated,NULL,N/A
FCAP,$26.6,1440184875712,200,Not yet rated,NULL,N/A
FCBC,$17.72,1440184875743,"34,462",Not yet rated,NULL,$18
FCFS,$37.93,1440184875765,"95,815",100% bearish,of 2 ratings,$48
FCLF,NULL,1440184875797,0,Not yet rated,NULL,N/A
FCCO,$11.92,1440184875821,196,Not yet rated,NULL,$13.25
FBNK,$16.65,1440184875962,"38,696",100% bearish,of 1 rating,$17.50
FDEF,$37.98,1440184876098,"27,496",Not yet rated,NULL,$38
FCFP,$6.87,1440184876138,"1,500",Not yet rated,NULL,N/A
FFBC,$18.8,1440184876208,"108,977",67% bearish,of 3 ratings,$20.25
FFNM,$6.2,1440184876273,"2,990",Not yet rated,NULL,N/A
FFBCW,NULL,1440184876299,0,100% bearish,of 1 rating,N/A
THFF,$33.2558,1440184876491,"25,511",Not yet rated,NULL,$35
FFNW,$12.24,1440184876529,"13,420",Not yet rated,NULL,$14
INBK,$32.3201,1440184876630,"12,421",50% bullish,of 2 ratings,$37
FFWM,$21.38,1440184876653,"8,888",Not yet rated,NULL,$24
FFIN,$31.15,1440184876684,"190,487",50% bullish,of 2 ratings,$31.75
FMBH,NULL,1440184876724,0,Not yet rated,NULL,N/A
FRME,$25.26,1440184876749,"124,055",Not yet rated,NULL,$26.50
FIBK,$26.88,1440184876771,"63,991",Not yet rated,NULL,$32
FNBC,$34.33,1440184876909,"72,269",Not yet rated,NULL,$41.50
FMBI,$17.85,1440184876935,"228,838",Not yet rated,NULL,$20
FNFG,$9.24,1440184877115,"1,135,321",80% bullish,of 5 ratings,$9
FSBK,$7.76,1440184877340,"1,125",100% bullish,of 1 rating,N/A
FSFG,$30.1754,1440184877371,729,Not yet rated,NULL,N/A
BICK,$19.6,1440184877402,"1,198",100% bullish,of 1 rating,N/A
FSGI,$2.48,1440184877437,"3,243",Not yet rated,NULL,N/A
FNWB,$12.05,1440184877466,"8,510",Not yet rated,NULL,N/A
FBZ,NULL,1440184877492,0,Not yet rated,NULL,N/A
FSLR,$45.79,1440184877524,"1,452,167",74% bullish,of 39 ratings,$65
FTCS,$36.7998,1440184877891,"25,694",Not yet rated,NULL,N/A
FCAN,$23.85,1440184877918,322,Not yet rated,NULL,N/A
FV,$23.285,1440184877941,"3,187,972",Not yet rated,NULL,N/A
FCA,$20.2754,1440184877967,"2,187",Not yet rated,NULL,N/A
FEMB,NULL,1440184877998,0,Not yet rated,NULL,N/A
IFV,$17.613,1440184878020,"1,888,408",100% bearish,of 1 rating,N/A
FTSM,$59.892,1440184878234,"14,187",100% bearish,of 1 rating,N/A
FGM,$35.01,1440184878299,"65,667",Not yet rated,NULL,N/A
TDIV,$24.59,1440184878333,"434,219",100% bearish,of 1 rating,N/A
FEUZ,$31.16,1440184878355,"2,590",Not yet rated,NULL,N/A
MDIV,$19.29,1440184878395,"521,901",Not yet rated,NULL,N/A
FTGC,$22.1,1440184878417,"121,158",Not yet rated,NULL,N/A
FTHI,$19.41,1440184878451,"9,768",Not yet rated,NULL,N/A
HYLS,$49.3,1440184878484,"73,077",100% bearish,of 1 rating,N/A
FHK,$32.81,1440184878635,"119,856",Not yet rated,NULL,N/A
FPXI,$27.51,1440184878811,"1,159",Not yet rated,NULL,N/A
YDIV,$16.62,1440184878947,"2,431",Not yet rated,NULL,N/A
SKYY,$28.8042,1440184879020,"68,263",100% bullish,of 1 rating,N/A
CU,$12.76,1440184879079,"10,222",100% bearish,of 1 rating,N/A
FJP,$46.4,1440184879108,"43,397",Not yet rated,NULL,N/A
FTLB,$19.523,1440184879152,"2,357",100% bearish,of 1 rating,N/A
PLTM,$6.5911,1440184879181,"3,762",100% bearish,of 1 rating,N/A
LMBS,$50.41,1440184879207,900,Not yet rated,NULL,N/A
FMB,NULL,1440184879248,0,Not yet rated,NULL,N/A
FONE,$34.89,1440184879451,600,Not yet rated,NULL,N/A
CIBR,$17.98,1440184879486,"136,085",Not yet rated,NULL,N/A
GRID,$31.63,1440184879528,824,100% bearish,of 1 rating,N/A
CARZ,$34.4028,1440184879589,"10,467",100% bearish,of 1 rating,N/A
QCLN,$14.57,1440184879617,"16,459",Not yet rated,NULL,N/A
QABA,$38.04,1440184879753,"37,518",100% bearish,of 1 rating,N/A
RDVY,$21.4637,1440184879988,"60,306",Not yet rated,NULL,N/A
AIRR,$16.2801,1440184880022,"8,958",100% bearish,of 1 rating,N/A
QQEW,$41.423,1440184880044,"298,224",Not yet rated,NULL,N/A
QQXT,$40.191,1440184880125,"58,020",Not yet rated,NULL,N/A
QTEC,$39.48,1440184880172,"142,192",Not yet rated,NULL,N/A
QINC,$20.94,1440184880204,"1,500",Not yet rated,NULL,N/A
FTSL,$48.79,1440184880234,"28,643",100% bearish,of 1 rating,N/A
FKO,$22.07,1440184880337,"2,500",Not yet rated,NULL,N/A
FSZ,$38.94,1440184880396,"70,987",Not yet rated,NULL,N/A
FDIV,$47.59,1440184880422,"5,998",100% bearish,of 1 rating,N/A
FTW,NULL,1440184880588,0,Not yet rated,NULL,N/A
TUSA,$25.08,1440184880628,"4,920",Not yet rated,NULL,N/A
FUNC,$8.34,1440184880728,"3,436",Not yet rated,NULL,N/A
SVVC,$10.35,1440184880826,"32,397",100% bullish,of 1 rating,$26
FKU,$41.67,1440184880853,"78,810",Not yet rated,NULL,N/A
FMER,$17.68,1440184880884,"1,206,238",50% bullish,of 2 ratings,$20
FSV,$31.91,1440184880907,"10,900",Not yet rated,NULL,$33.60
FISV,$85.53,1440184880985,"654,325",100% bearish,of 3 ratings,$90
FPRX,$18.29,1440184881129,"231,215",50% bullish,of 2 ratings,$35
FLKS,$13.14,1440184881258,"46,714",50% bullish,of 2 ratings,$27
FLML,$21.182,1440184881287,"91,954",50% bullish,of 2 ratings,$30
FIVE,$35.44,1440184881313,"263,221",75% bearish,of 4 ratings,$44
FIVN,$4.11,1440184881340,"154,001",100% bullish,of 1 rating,$8.50
FLXN,$24.35,1440184881372,"65,497",100% bearish,of 1 rating,$40
SKOR,$50.32,1440184881393,900,Not yet rated,NULL,N/A
MBSD,NULL,1440184881527,0,Not yet rated,NULL,N/A
FLXS,$30.84,1440184881673,"27,768",100% bearish,of 2 ratings,N/A
FLIR,$28.94,1440184881737,"414,859",100% bearish,of 1 rating,$38.50
FFIC,$20.3,1440184881763,"40,353",Not yet rated,NULL,$21
FLEX,$10.51,1440184881803,"1,528,350",63% bullish,of 8 ratings,$12
FLDM,$12.63,1440184881830,"524,356",67% bearish,of 3 ratings,$21.50
FOMX,$9.86,1440184882041,"99,790",50% bullish,of 2 ratings,$23.50
FES,$0.93,1440184882072,"4,545",50% bullish,of 2 ratings,$1
FORM,$6.06,1440184882104,"187,476",67% bullish,of 3 ratings,$10.50
FOGO,$19.03,1440184882126,"86,143",50% bullish,of 2 ratings,$25.50
FONR,$9.53,1440184882216,"15,319",100% bullish,of 1 rating,N/A
FORR,$32.06,1440184882253,"33,694",Not yet rated,NULL,N/A
FORTY,$33.025,1440184882282,"3,958",Not yet rated,NULL,N/A
FTNT,$43.105,1440184882350,"1,500,679",80% bullish,of 10 ratings,$52
FBIO,$2.55,1440184882417,"169,827",83% bullish,of 6 ratings,N/A
FWRD,$46.65,1440184882482,"232,390",100% bearish,of 1 rating,$50
FORD,$0.999,1440184882562,"99,648",50% bullish,of 2 ratings,N/A
FXCB,$17.44,1440184882754,"14,298",Not yet rated,NULL,$19
FMI,$21.75,1440184882784,"310,704",100% bearish,of 2 ratings,$27.50
FWP,$25.45,1440184882806,"27,819",100% bearish,of 1 rating,$45
FOSL,$60.655,1440184882845,"604,554",50% bullish,of 4 ratings,$80
FELE,$29,1440184882945,"221,687",50% bullish,of 4 ratings,$33
FRED,$14.415,1440184882974,"216,211",50% bullish,of 2 ratings,$16.50
FOXF,$15.25,1440184883003,"49,069",100% bearish,of 1 rating,$19
FRAN,$10.22,1440184883047,"382,167",50% bullish,of 4 ratings,$15
FREE,$0.4408,1440184883138,"780,850",92% bullish,of 12 ratings,N/A
FEIM,$10.96,1440184883199,"5,538",100% bearish,of 1 rating,N/A
RAIL,$20.97,1440184883224,"94,927",100% bearish,of 1 rating,$24.50
FRPT,$13.0377,1440184883410,"388,913",67% bearish,of 3 ratings,$23.50
FTRPR,$101.6,1440184883458,"60,573",100% bearish,of 1 rating,N/A
FTR,$5.11,1440184883497,"14,535,248",78% bullish,of 27 ratings,$6.25
FRPH,$30.51,1440184883528,"11,015",100% bearish,of 1 rating,N/A
FSBW,$23.0365,1440184883605,"2,000",Not yet rated,NULL,N/A
FTD,$29.46,1440184883661,"74,462",100% bearish,of 1 rating,$40
FSYS,$6.35,1440184883688,"32,088",67% bullish,of 3 ratings,$10
FCEL,$0.7451,1440184883815,"1,468,989",88% bullish,of 40 ratings,$2.65
FTEK,$2.1465,1440184883844,"37,290",75% bullish,of 4 ratings,N/A
FULL,$3.1465,1440184883873,"50,883",67% bearish,of 3 ratings,$4.25
FULLL,$25.27,1440184883907,"1,899",Not yet rated,NULL,N/A
FLL,$1.521,1440184884004,"11,563",75% bullish,of 4 ratings,$2.825
FULT,$12.48,1440184884031,"802,806",100% bearish,of 1 rating,$13
FSNN,$2.49,1440184884105,"1,500",67% bullish,of 3 ratings,$6
FFHL,NULL,1440184884240,0,50% bullish,of 4 ratings,N/A
FXEN,$0.813,1440184884269,"95,710",75% bullish,of 4 ratings,$1.10
FXENP,$15.85,1440184884299,"1,000",100% bearish,of 1 rating,N/A
WILC,$5.13,1440184884404,375,100% bullish,of 2 ratings,N/A
GK,$70.09,1440184884431,"38,647",Not yet rated,NULL,$78
GAIA,$5.86,1440184884472,"20,776",50% bullish,of 2 ratings,$8.50
GLPG,$61.7891,1440184884578,"26,872",100% bullish,of 1 rating,$75
GALT,$1.9456,1440184884627,"91,266",80% bullish,of 5 ratings,N/A
GALTU,NULL,1440184884655,0,100% bearish,of 1 rating,N/A
GALE,$1.34,1440184884715,"1,175,611",89% bullish,of 47 ratings,$4
GLMD,$8.577,1440184884848,"7,017",67% bullish,of 3 ratings,$20.50
GALTW,NULL,1440184884875,0,100% bullish,of 1 rating,N/A
GLPI,$31.77,1440184884897,"394,525",100% bearish,of 1 rating,$37.50
GRMN,$38.36,1440184885060,"1,009,422",50% bullish,of 6 ratings,$48
GPIC,NULL,1440184885085,0,100% bearish,of 1 rating,N/A
GGACW,$0.12,1440184885228,274,Not yet rated,NULL,N/A
GGACU,NULL,1440184885258,0,Not yet rated,NULL,N/A
GGAC,NULL,1440184885285,0,100% bearish,of 1 rating,N/A
GENC,$9.4,1440184885321,"1,228",100% bearish,of 1 rating,N/A
GGACR,NULL,1440184885368,0,100% bullish,of 1 rating,N/A
GARS,$14.7978,1440184885415,"22,951",Not yet rated,NULL,$16
GNCMA,$16.693,1440184885496,"98,278",100% bearish,of 1 rating,$12
GFN,$3.57,1440184885592,"22,965",100% bearish,of 2 ratings,$8
GENE,$2.3483,1440184885679,"124,314",100% bullish,of 12 ratings,N/A
GFNCP,NULL,1440184885772,0,Not yet rated,NULL,N/A
GFNSL,$25.8,1440184885831,"1,200",Not yet rated,NULL,N/A
GNCA,$12.5,1440184885908,"135,460",100% bearish,of 1 rating,$20
GNMK,$9.34,1440184885941,"122,421",67% bullish,of 6 ratings,$14
GHDX,$25.28,1440184885974,"87,139",50% bullish,of 2 ratings,$30
GNTX,$15.14,1440184886040,"1,235,442",Not yet rated,NULL,$20
GNVC,$2.21,1440184886067,"32,265",90% bullish,of 10 ratings,$8.50
THRM,$44.19,1440184886093,"242,056",75% bearish,of 4 ratings,$55.50
GTWN,NULL,1440184886142,0,Not yet rated,NULL,N/A
GEOS,$15.39,1440184886294,"65,896",100% bearish,of 3 ratings,$25.50
GERN,$3.05,1440184886366,"1,710,776",88% bullish,of 16 ratings,$5.25
GABC,$29.6,1440184886427,"24,215",Not yet rated,NULL,$31.50
GEVO,$2.275,1440184886451,"188,657",75% bullish,of 12 ratings,$5
ROCK,$17.59,1440184886478,"140,324",80% bullish,of 5 ratings,$24
GIGM,$0.607,1440184886685,"92,319",100% bullish,of 2 ratings,N/A
GIGA,$1.36,1440184886719,"32,553",100% bearish,of 1 rating,N/A
GIII,$65,1440184886741,"196,958",67% bullish,of 3 ratings,$75
GILT,$4.47,1440184886774,"1,923",50% bullish,of 2 ratings,N/A
GILD,$105.975,1440184886816,"10,324,729",91% bullish,of 86 ratings,$129
GBCI,$26.48,1440184886949,"215,343",50% bullish,of 2 ratings,$31
GLAD,$8.4899,1440184886983,"143,637",50% bullish,of 2 ratings,$8.75
GOODN,$25.64,1440184887079,286,Not yet rated,NULL,N/A
GOOD,$15.52,1440184887109,"73,683",Not yet rated,NULL,$19
GLADO,$25.49,1440184887135,"2,400",Not yet rated,NULL,N/A
GOODO,$25.1,1440184887268,733,Not yet rated,NULL,N/A
GOODP,$25.0001,1440184887405,200,Not yet rated,NULL,N/A
GAINN,$25.2379,1440184887434,150,Not yet rated,NULL,N/A
GAIN,$7.495,1440184887460,"221,390",100% bullish,of 2 ratings,$8.25
GAINO,$25.3501,1440184887491,"1,326",Not yet rated,NULL,N/A
GAINP,$26.0101,1440184887619,"2,300",Not yet rated,NULL,N/A
GBT,$45.45,1440184887651,"210,182",100% bearish,of 1 rating,N/A
LAND,$9.46,1440184887672,"12,030",50% bullish,of 2 ratings,$13.75
GDEF,$10.5401,1440184887702,100,Not yet rated,NULL,N/A
ENT,$11.625,1440184887923,"124,766",100% bearish,of 1 rating,$18
GBLI,$26.31,1440184887953,"10,103",Not yet rated,NULL,N/A
GPACU,$10.1,1440184888059,700,Not yet rated,NULL,N/A
QQQC,$19.5,1440184888191,"4,350",100% bearish,of 1 rating,N/A
ACTX,$13.53,1440184888221,400,100% bullish,of 1 rating,N/A
GLBZ,NULL,1440184888242,0,Not yet rated,NULL,N/A
GSOL,$8.28,1440184888276,"10,364",100% bearish,of 1 rating,N/A
SOCL,$17.182,1440184888371,"92,139",100% bullish,of 2 ratings,N/A
SRET,$13.6,1440184888424,"3,474",Not yet rated,NULL,N/A
ALTY,$14.587,1440184888455,700,Not yet rated,NULL,N/A
YLCO,$11.75,1440184888520,582,Not yet rated,NULL,N/A
GAI,$5.27,1440184888558,"3,215",50% bullish,of 2 ratings,N/A
GSM,$13.04,1440184888664,"232,064",50% bullish,of 2 ratings,$24.50
GBIM,$2.3,1440184888755,"35,764",50% bullish,of 2 ratings,N/A
GLRI,$1.18,1440184888799,"76,505",100% bearish,of 1 rating,$6
GLBS,$1.1399,1440184888826,"6,300",67% bullish,of 3 ratings,N/A
GLUU,$4.365,1440184888963,"1,960,542",92% bullish,of 26 ratings,$9
GLYC,$7.19,1440184888990,"7,199",50% bullish,of 2 ratings,$14
GLNG,$35.51,1440184889060,"570,054",83% bullish,of 6 ratings,$58
GOGO,$15.54,1440184889125,"355,267",80% bullish,of 5 ratings,$25
GLDC,$4.07,1440184889258,"4,230",50% bullish,of 2 ratings,N/A
GDEN,$8.95,1440184889291,"8,613",50% bullish,of 2 ratings,N/A
GMLP,$19.22,1440184889354,"102,666",50% bullish,of 4 ratings,$32.50
GBDC,$16.52,1440184889384,"111,621",Not yet rated,NULL,$17.75
GTIM,$6.49,1440184889453,"75,863",Not yet rated,NULL,$11.50
GOGL,$2.9499,1440184889525,"468,520",75% bullish,of 4 ratings,$5
GOOGL,$649.67,1440184889552,"1,364,384",88% bullish,of 1079 ratings,$749
GOOG,$619.2,1440184889579,"1,337,127",89% bullish,of 66 ratings,$825
GPRO,$48.61,1440184889769,"4,684,048",78% bullish,of 58 ratings,$72
GMAN,$4.4,1440184889794,"58,225",60% bullish,of 5 ratings,$8
GPIA,NULL,1440184889852,0,Not yet rated,NULL,N/A
GPIAU,NULL,1440184889980,0,Not yet rated,NULL,N/A
GPIAW,NULL,1440184890007,0,Not yet rated,NULL,N/A
LOPE,$37.15,1440184890037,"298,770",100% bearish,of 2 ratings,$50
GRVY,$3.45,1440184890089,"1,200",50% bullish,of 2 ratings,N/A
GBSN,$1.43,1440184890141,"599,416",100% bearish,of 1 rating,$8.25
GBSNU,$16.5,1440184890195,"18,216",Not yet rated,NULL,N/A
GLDD,$5.43,1440184890242,"223,026",100% bearish,of 4 ratings,$7.75
GNBC,$12.04,1440184890379,"21,175",100% bearish,of 1 rating,$17
GSBC,$40.478,1440184890406,"20,211",100% bullish,of 1 rating,$44
GRBK,$13.45,1440184890436,"120,095",77% bullish,of 13 ratings,N/A
GPP,$14.77,1440184890477,"23,528",Not yet rated,NULL,$20.50
GPRE,$18.65,1440184890614,"540,006",67% bullish,of 6 ratings,$28.50
GCBC,NULL,1440184890679,0,100% bullish,of 1 rating,N/A
GLRE,$24.91,1440184890707,"207,834",50% bullish,of 2 ratings,$41
GRIF,$30.38,1440184890742,151,100% bearish,of 1 rating,N/A
GRFS,$30.565,1440184890842,"122,176",50% bullish,of 2 ratings,$35
GRPN,$4.1,1440184890871,"5,130,974",61% bullish,of 71 ratings,$6.75
OMAB,$39.46,1440184890898,"20,294",100% bullish,of 1 rating,$44
GGAL,$18.22,1440184891036,"366,048",80% bullish,of 5 ratings,$40
GSIT,$4.98,1440184891071,"9,284",100% bearish,of 1 rating,N/A
GSIG,$13.06,1440184891110,"47,448",100% bearish,of 2 ratings,N/A
GSVC,$8.8601,1440184891172,"99,437",50% bullish,of 2 ratings,$14.50
GTXI,$0.8601,1440184891214,"52,693",100% bullish,of 5 ratings,$.75
GBNK,$15.78,1440184891240,"27,984",100% bearish,of 1 rating,$18
GUID,$7.27,1440184891424,"145,357",100% bearish,of 3 ratings,$10
GFED,NULL,1440184891453,0,Not yet rated,NULL,$17
GULTU,$0.295,1440184891475,"99,836",100% bearish,of 1 rating,N/A
GIFI,$12.11,1440184891624,"17,034",100% bearish,of 1 rating,$16
GWPH,$104.5,1440184891656,"168,678",78% bullish,of 9 ratings,$148.50
GPOR,$34.245,1440184891687,"593,867",75% bullish,of 4 ratings,$55
GURE,$1.651,1440184891760,"90,917",88% bullish,of 8 ratings,N/A
GWGH,$7.43,1440184891790,984,100% bearish,of 1 rating,$15.05
HEES,$16.34,1440184891896,"179,067",67% bearish,of 3 ratings,$31
GYRO,$2.85,1440184891935,"71,816",100% bearish,of 1 rating,N/A
HLG,$9.64,1440184891982,"3,000",100% bearish,of 1 rating,N/A
HALL,$11.68,1440184892031,"27,310",Not yet rated,NULL,N/A
HNRG,$7.24,1440184892061,"101,075",100% bearish,of 1 rating,$10
HALO,$17.37,1440184892163,"949,903",67% bullish,of 3 ratings,$22.50
HMPR,$1.8901,1440184892202,"103,624",100% bullish,of 1 rating,N/A
HBK,NULL,1440184892252,0,50% bullish,of 2 ratings,N/A
HBHC,$26.98,1440184892389,"300,128",50% bullish,of 2 ratings,$30
HNH,$27.94,1440184892444,"19,781",100% bullish,of 1 rating,N/A
HBHCL,$24.5,1440184892522,"17,062",Not yet rated,NULL,N/A
HAFC,$24.59,1440184892577,"53,056",100% bullish,of 2 ratings,$28.50
HNSN,$0.4908,1440184892708,"52,445",88% bullish,of 8 ratings,$.40
HDNG,$9.9406,1440184892794,"6,623",50% bullish,of 4 ratings,N/A
HQCL,$8.84,1440184892853,"16,300",67% bullish,of 3 ratings,N/A
HLIT,$5.58,1440184892883,"225,930",100% bearish,of 1 rating,$6.50
HRMN,NULL,1440184892989,0,Not yet rated,NULL,N/A
HRMNU,NULL,1440184893054,0,Not yet rated,NULL,N/A
HART,$0.775,1440184893094,"196,826",100% bearish,of 1 rating,N/A
HRMNW,NULL,1440184893229,0,Not yet rated,NULL,N/A
TINY,$2.5001,1440184893266,"17,815",50% bullish,of 2 ratings,$5.26
HCAP,$12.01,1440184893362,"22,308",50% bullish,of 2 ratings,$15
HBIO,$4.4,1440184893390,"66,266",Not yet rated,NULL,$10
HCAPL,$25.41,1440184893415,"1,573",Not yet rated,NULL,N/A
HAS,$75.58,1440184893521,"613,507",63% bullish,of 8 ratings,$84.50
HA,$23.42,1440184893546,"646,281",67% bullish,of 9 ratings,$27
HCOM,$22.54,1440184893686,"21,350",100% bearish,of 1 rating,$28
HAYN,$37.96,1440184893713,"23,002",100% bearish,of 1 rating,$59
HWBK,$13.54,1440184893742,235,100% bearish,of 1 rating,N/A
HDS,$33.13,1440184893768,"969,513",100% bearish,of 2 ratings,$39.50
HIIQ,$4.53,1440184893979,"22,208",50% bullish,of 2 ratings,$7
HCSG,$33.59,1440184894006,"216,418",50% bullish,of 4 ratings,$35
HWKN,$37.13,1440184894088,"17,524",Not yet rated,NULL,N/A
HSTM,$24.84,1440184894146,"148,011",50% bullish,of 2 ratings,$33.75
HWAY,$12.51,1440184894221,"223,067",100% bearish,of 1 rating,$15
HTLD,$20.2,1440184894248,"313,285",Not yet rated,NULL,$22.50
HQY,$29.2,1440184894281,"301,174",67% bullish,of 3 ratings,$31
HTWR,$83.35,1440184894382,"180,642",50% bullish,of 2 ratings,$103
HTBX,$5.32,1440184894461,"21,190",50% bullish,of 2 ratings,$15.50
HTLF,$36.27,1440184894490,"38,765",100% bullish,of 1 rating,$39.50
HSII,$20.22,1440184894622,"42,267",100% bullish,of 3 ratings,$25
HELE,$87.89,1440184894682,"95,316",67% bearish,of 3 ratings,$100
HMTV,$12.96,1440184894716,"9,076",100% bearish,of 1 rating,$16
HMNY,$2.2261,1440184894751,"2,878",100% bearish,of 1 rating,N/A
HNNA,$24.34,1440184894821,"12,781",Not yet rated,NULL,N/A
HCACU,$10.0043,1440184894924,"2,000",Not yet rated,NULL,N/A
HSIC,$139,1440184894977,"231,454",83% bullish,of 6 ratings,$146
HERO,$0.063,1440184895114,"1,775,976",81% bullish,of 16 ratings,$.75
HFWA,$17.77,1440184895178,"44,106",100% bullish,of 1 rating,$20
HTBK,$11.08,1440184895204,"78,759",Not yet rated,NULL,$12
MLHR,$28.23,1440184895244,"139,994",50% bullish,of 2 ratings,$33.50
HEOP,$7.78,1440184895275,"19,270",Not yet rated,NULL,$8.50
HCCI,$11.6,1440184895297,"20,430",100% bearish,of 1 rating,$16.50
HSKA,$33.15,1440184895557,"25,218",100% bearish,of 1 rating,$38
HRTX,$35.295,1440184895634,"646,193",67% bullish,of 6 ratings,$41
HIHO,$4.0006,1440184895697,"7,592",Not yet rated,NULL,N/A
HFFC,$16.2,1440184895733,832,Not yet rated,NULL,N/A
HPJ,$2.2498,1440184895761,"115,519",75% bullish,of 4 ratings,$12.43
HIBB,$37.075,1440184895833,"881,060",100% bearish,of 1 rating,$48.50
HIMX,$6.285,1440184895859,"995,876",86% bullish,of 21 ratings,$8.50
HSGX,$5.826,1440184896003,"23,576",100% bearish,of 1 rating,$17
HIFS,$118.6,1440184896053,"2,069",Not yet rated,NULL,N/A
HOLI,$16.7,1440184896183,"163,090",50% bullish,of 4 ratings,$27
HMSY,$8.93,1440184896209,"961,097",67% bullish,of 3 ratings,$19.35
HOLX,$39.8,1440184896240,"1,476,610",67% bullish,of 3 ratings,$42
HBCP,$24.25,1440184896270,"37,918",Not yet rated,NULL,$29
HMNF,$11.1,1440184896366,"2,410",Not yet rated,NULL,N/A
HFBL,$22,1440184896473,"1,100",Not yet rated,NULL,N/A
HOMB,$39.29,1440184896545,"241,977",Not yet rated,NULL,$41
AWAY,$29.245,1440184896608,"547,423",67% bullish,of 3 ratings,$36
HMIN,$29.1,1440184896642,"46,714",100% bearish,of 2 ratings,$35
HMST,$21.51,1440184896669,"104,036",100% bullish,of 2 ratings,$27
HTBI,$18.45,1440184896742,"49,790",67% bullish,of 3 ratings,$18.625
HKTV,$4.68,1440184896820,"2,036",100% bearish,of 1 rating,N/A
HOFT,$24.17,1440184896970,"41,352",100% bearish,of 1 rating,N/A
CETC,$0.7802,1440184896996,"38,273",86% bullish,of 7 ratings,N/A
HFBC,$11.64,1440184897070,"2,429",Not yet rated,NULL,N/A
HBNC,$24.19,1440184897099,"24,989",100% bullish,of 1 rating,$27
HZNP,$29.04,1440184897160,"1,994,963",85% bullish,of 20 ratings,$40
HRZN,$10.5707,1440184897236,"49,084",100% bearish,of 1 rating,$14.25
ZINC,$7.11,1440184897297,"430,766",100% bearish,of 1 rating,$17
HDP,$25.17,1440184897337,"170,809",67% bearish,of 3 ratings,$30.50
HMHC,$22.38,1440184897371,"678,642",Not yet rated,NULL,$27
HWCC,$7.22,1440184897463,"119,650",100% bearish,of 1 rating,$9
HOVNP,NULL,1440184897493,0,100% bearish,of 1 rating,N/A
HSNI,$60.99,1440184897597,"174,199",Not yet rated,NULL,$80
HTGM,$5.5799,1440184897626,"8,821",100% bearish,of 1 rating,$19.50
HBMD,$13.46,1440184897676,300,100% bearish,of 1 rating,N/A
HBAN,$11.065,1440184897928,"4,563,923",76% bullish,of 17 ratings,$12.29
HBANP,$1337,1440184898069,11,100% bearish,of 1 rating,N/A
HDSN,$2.8232,1440184898101,"25,416",100% bullish,of 1 rating,$6.25
HUBG,$39.22,1440184898135,"146,215",100% bearish,of 1 rating,$43
HSON,$2.7708,1440184898163,"15,599",100% bearish,of 1 rating,$5
HCBK,$9.67,1440184898192,"1,262,225",83% bullish,of 6 ratings,$8.61
HURC,$29.71,1440184898214,"16,509",100% bearish,of 1 rating,N/A
HURN,$73.21,1440184898251,"78,838",50% bullish,of 2 ratings,$80
HBP,$3.09,1440184898351,"1,457",100% bullish,of 1 rating,N/A
HTCH,$1.5999,1440184898499,"49,664",100% bearish,of 1 rating,$3.50
HDRA,NULL,1440184898526,0,Not yet rated,NULL,N/A
HDRAR,NULL,1440184898552,0,Not yet rated,NULL,N/A
HDRAU,$10.06,1440184898685,100,Not yet rated,NULL,N/A
HYGS,$7.5,1440184898818,"30,422",50% bullish,of 2 ratings,$13
HDRAW,NULL,1440184898844,0,Not yet rated,NULL,N/A
IKGH,$1.81,1440184898912,"10,114",75% bullish,of 4 ratings,N/A
IDSY,$3.8499,1440184898939,"5,464",100% bearish,of 1 rating,$7
IACI,$70.82,1440184898961,"535,121",75% bullish,of 4 ratings,$90
IBKC,$60.41,1440184898996,"141,277",100% bullish,of 1 rating,$70
ICAD,$3.54,1440184899128,"10,880",50% bullish,of 2 ratings,$7.25
IEP,$67.4184,1440184899157,"105,896",75% bullish,of 4 ratings,$99
ICLR,$77.81,1440184899209,"237,889",100% bearish,of 3 ratings,$85
ICFI,$35.77,1440184899262,"69,083",50% bullish,of 2 ratings,$48.50
ICON,$12.35,1440184899410,"495,105",50% bullish,of 2 ratings,$18.50
ICUI,$114.68,1440184899437,"99,721",Not yet rated,NULL,$122
IDRA,$2.54,1440184899566,"957,528",89% bullish,of 9 ratings,$6.50
IPWR,$7.47,1440184899632,747,100% bullish,of 1 rating,$15
DSKY,$12.14,1440184899662,"205,980",67% bullish,of 6 ratings,$11.50
IDXX,$74.3,1440184899684,"283,978",100% bearish,of 1 rating,$77
INVE,$4.73,1440184899720,"94,653",75% bullish,of 4 ratings,$4
IRG,$4.82,1440184899819,"10,197",100% bearish,of 1 rating,$4.50
IROQ,$16.5,1440184899921,500,100% bullish,of 1 rating,N/A
RXDX,$12.66,1440184899949,"90,369",100% bullish,of 1 rating,$20
IIVI,$17.83,1440184900101,"167,373",100% bearish,of 1 rating,$22
IKAN,$2.73,1440184900153,"14,259",83% bullish,of 6 ratings,$5
KANG,$15.0075,1440184900284,"265,319",50% bullish,of 2 ratings,$22.55
IKNX,$11.98,1440184900312,522,100% bearish,of 1 rating,N/A
ILMN,$200.36,1440184900334,"685,566",80% bullish,of 5 ratings,$240
IMMR,$11.29,1440184900467,"173,087",80% bullish,of 5 ratings,$15.50
ICCC,$8.05,1440184900499,"5,729",100% bullish,of 1 rating,N/A
ISNS,$3.8607,1440184900526,"51,436",50% bullish,of 2 ratings,N/A
IMNP,$1.3699,1440184900557,"97,455",50% bullish,of 2 ratings,$6
IMDZ,$15.44,1440184900630,"41,426",100% bearish,of 1 rating,$33
IPXL,$43.459,1440184900774,"492,665",67% bullish,of 3 ratings,$46.50
IMMU,$1.875,1440184900804,"842,064",86% bullish,of 7 ratings,$2
IMGN,$13.255,1440184900910,"769,595",75% bullish,of 4 ratings,$17.50
IMMY,$7.5,1440184900970,"6,348",100% bearish,of 1 rating,$11
INCR,$42.5,1440184901052,"217,616",50% bullish,of 2 ratings,$53
SAAS,$7.605,1440184901127,"360,416",50% bullish,of 2 ratings,$15
INCY,$104.91,1440184901187,"520,464",50% bullish,of 6 ratings,$125.50
INDB,$46.42,1440184901216,"44,376",Not yet rated,NULL,$44
IBCP,$14.28,1440184901244,"46,306",100% bullish,of 1 rating,$14.50
IBTX,$43.11,1440184901275,"33,588",100% bullish,of 2 ratings,$47.25
INFN,$21.0689,1440184901352,"1,844,626",71% bullish,of 7 ratings,$28
IDSA,$3.53,1440184901509,200,Not yet rated,NULL,N/A
INFI,$9.73,1440184901531,"571,192",50% bullish,of 4 ratings,$18
IPCC,$80.01,1440184901612,"25,990",Not yet rated,NULL,$77.50
III,$4.18,1440184901666,"112,131",57% bullish,of 7 ratings,$6
IFON,$1.221,1440184901692,"39,047",75% bullish,of 4 ratings,N/A
IMKTA,$53.01,1440184901823,"68,815",100% bearish,of 1 rating,N/A
INWK,$7.26,1440184901954,"94,037",50% bullish,of 2 ratings,$10
IPHS,$47.98,1440184901981,"54,018",100% bearish,of 1 rating,$60
INNL,NULL,1440184902010,0,100% bearish,of 1 rating,$16.50
INOD,$2.477,1440184902050,"19,082",100% bearish,of 1 rating,N/A
IOSP,$49.02,1440184902146,"667,750",100% bearish,of 1 rating,N/A
INGN,$49.65,1440184902175,"113,062",100% bearish,of 1 rating,$50.50
ISSC,$2.94,1440184902200,"5,782",67% bearish,of 3 ratings,N/A
ITEK,$13.37,1440184902362,"539,174",100% bearish,of 3 ratings,$20
INOV,$21,1440184902410,"238,238",100% bearish,of 1 rating,$33
INO,$7.06,1440184902437,"778,011",89% bullish,of 18 ratings,$20
NSIT,$26.08,1440184902580,"113,742",50% bullish,of 2 ratings,N/A
ISIG,$2.6,1440184902613,"7,354",100% bearish,of 1 rating,N/A
INSM,$24.8,1440184902716,"242,528",71% bullish,of 7 ratings,$31.50
IIIN,$17.87,1440184902807,"36,074",100% bearish,of 2 ratings,N/A
PODD,$28.9,1440184902852,"252,902",50% bullish,of 2 ratings,$35
IART,$60.592,1440184902953,"123,168",100% bearish,of 1 rating,$71.50
INSY,$32.27,1440184902988,"503,253",75% bullish,of 4 ratings,$48
NTEC,$6.09,1440184903085,"19,500",Not yet rated,NULL,N/A
IDTI,$17.3265,1440184903113,"1,551,888",60% bullish,of 5 ratings,$25
IESC,$7.26,1440184903143,"1,000",100% bearish,of 1 rating,N/A
INTC,$26.78,1440184903192,"23,395,956",82% bullish,of 238 ratings,$36
IQNT,$19.41,1440184903326,"193,137",86% bullish,of 7 ratings,$20
IPCI,$2.12,1440184903384,"27,076",67% bullish,of 6 ratings,$7.75
ISSI,$22.2925,1440184903415,"160,402",67% bullish,of 3 ratings,$19.75
IPAR,$27.31,1440184903516,"37,830",67% bullish,of 3 ratings,$38
IBKR,$39.04,1440184903543,"396,548",100% bullish,of 1 rating,N/A
ICLD,$1.8765,1440184903592,"376,306",75% bullish,of 4 ratings,N/A
ICPT,$191.8,1440184903624,"216,166",70% bullish,of 10 ratings,$359.50
ININ,$37.1269,1440184903646,"66,196",67% bearish,of 3 ratings,$57
ICLDW,$0.9601,1440184903808,"1,250",100% bearish,of 1 rating,N/A
IDCC,$47.625,1440184903875,"182,991",80% bullish,of 5 ratings,$63
IMI,$2,1440184904042,"6,787",67% bullish,of 3 ratings,$2.22
IBOC,$26.11,1440184904069,"128,467",100% bearish,of 1 rating,N/A
TILE,$24.42,1440184904102,"364,742",67% bearish,of 3 ratings,$27
INAP,$8.33,1440184904234,"120,289",75% bullish,of 4 ratings,$11
ISCA,$31.55,1440184904365,"46,438",100% bearish,of 1 rating,N/A
IGLD,$7.091,1440184904456,"1,977",50% bullish,of 2 ratings,N/A
INPH,$0.3,1440184904500,"8,240",50% bullish,of 2 ratings,N/A
PTNT,$2.99,1440184904547,"4,050",Not yet rated,NULL,N/A
IIJI,$8.9299,1440184904632,"1,000",50% bullish,of 2 ratings,$11.50
XENT,$27.27,1440184904658,"120,209",50% bullish,of 2 ratings,$36.50
IILG,$20.025,1440184904724,"162,764",100% bearish,of 1 rating,$30.50
IVAC,$4.89,1440184904824,"9,320",Not yet rated,NULL,$6.625
INTX,$2.5,1440184904858,"32,466",67% bullish,of 3 ratings,N/A
INTL,$26.115,1440184904885,"73,053",67% bearish,of 3 ratings,N/A
ISIL,$10.24,1440184904966,"626,782",50% bullish,of 6 ratings,$15
INTLL,$25.6552,1440184905047,900,Not yet rated,NULL,N/A
ITCI,$29.26,1440184905128,"297,233",75% bearish,of 4 ratings,$40
IIN,$6.38,1440184905232,"6,099",100% bearish,of 1 rating,$12
ISRG,$507.065,1440184905265,"120,721",67% bullish,of 3 ratings,$600
INTU,$89.95,1440184905293,"4,193,934",100% bullish,of 7 ratings,$110.50
ISTR,$15.56,1440184905364,"2,442",100% bearish,of 1 rating,$18.50
INVT,$0.2632,1440184905389,"26,721",67% bullish,of 3 ratings,N/A
SNAK,$8.38,1440184905420,"234,782",50% bullish,of 2 ratings,$14
ISBC,$11.8955,1440184905617,"1,604,310",100% bullish,of 1 rating,$13.25
NVIV,$9.8699,1440184905646,"405,680",50% bullish,of 4 ratings,$24.50
IVTY,$12.97,1440184905674,"11,878",Not yet rated,NULL,$18
ITIC,NULL,1440184905696,0,100% bearish,of 2 ratings,N/A
DTUL,NULL,1440184905841,0,Not yet rated,NULL,N/A
IPAS,$1.035,1440184905881,"46,670",67% bullish,of 3 ratings,N/A
DFVL,NULL,1440184906073,0,Not yet rated,NULL,N/A
IRMD,$25.28,1440184906105,"12,610",67% bearish,of 3 ratings,$25
IPGP,$84.87,1440184906128,"105,537",100% bearish,of 2 ratings,$109.50
IRIX,$7.15,1440184906193,"10,437",100% bearish,of 1 rating,N/A
IPCM,$79.51,1440184906223,"427,965",50% bullish,of 2 ratings,$80.125
IRDM,$6.69,1440184906324,"398,982",60% bullish,of 5 ratings,$11.50
IRDMB,$266.95,1440184906351,478,67% bearish,of 3 ratings,N/A
IRWD,$11.01,1440184906418,"770,117",100% bearish,of 1 rating,$13
IRBT,$30.015,1440184906483,"139,640",67% bullish,of 6 ratings,$37
IRCP,$32.13,1440184906505,101,100% bullish,of 2 ratings,N/A
COMT,$32.1966,1440184906589,"10,962",100% bearish,of 1 rating,N/A
GNMA,$50.25,1440184906638,"1,922",Not yet rated,NULL,N/A
FCHI,$47.89,1440184906664,"1,550",Not yet rated,NULL,N/A
IFAS,$28.76,1440184906802,"7,892",Not yet rated,NULL,N/A
IFGL,$28.85,1440184906828,"116,893",Not yet rated,NULL,N/A
IFNA,$56.26,1440184906878,1,Not yet rated,NULL,N/A
ACWI,$55.75,1440184907012,"1,113,679",Not yet rated,NULL,N/A
AAXJ,$52.4,1440184907041,"1,222,683",Not yet rated,NULL,N/A
ACWX,$40.49,1440184907063,"271,987",100% bearish,of 1 rating,N/A
IFEU,$38.98,1440184907085,"35,428",Not yet rated,NULL,N/A
AXJS,NULL,1440184907221,0,Not yet rated,NULL,N/A
AAIT,$30.324,1440184907251,100,100% bullish,of 1 rating,N/A
EEMA,$49.1032,1440184907278,"370,283",Not yet rated,NULL,N/A
EMDI,$46.16,1440184907300,300,Not yet rated,NULL,N/A
EMEY,NULL,1440184907434,0,Not yet rated,NULL,N/A
EEME,$38.3884,1440184907463,644,100% bearish,of 1 rating,N/A
EGRW,$46.99,1440184907802,"2,278",Not yet rated,NULL,N/A
EEML,NULL,1440184907870,0,Not yet rated,NULL,N/A
EVAL,$36.55,1440184907914,"2,311",Not yet rated,NULL,N/A
IEUS,$45.46,1440184908006,"6,397",100% bearish,of 1 rating,N/A
IBB,$343.0375,1440184908032,"1,663,723",63% bullish,of 8 ratings,N/A
EUFN,$21.8796,1440184908059,"164,612",100% bearish,of 1 rating,N/A
UAE,$17.56,1440184908091,"8,602",Not yet rated,NULL,N/A
QAT,$20.45,1440184908254,"23,245",Not yet rated,NULL,N/A
EMIF,$28.4005,1440184908288,"3,957",Not yet rated,NULL,N/A
ICLN,$9.37,1440184908428,"38,837",50% bullish,of 2 ratings,N/A
SOXX,$78.95,1440184908465,"591,655",50% bullish,of 2 ratings,N/A
INDY,$28.01,1440184908601,"805,538",50% bullish,of 2 ratings,N/A
WOOD,$49.1048,1440184908629,"52,223",50% bullish,of 2 ratings,N/A
ISHG,$80.15,1440184908682,"76,749",100% bearish,of 1 rating,N/A
IGOV,$92.25,1440184909013,"20,450",100% bearish,of 1 rating,N/A
ITRN,$24.7,1440184909046,"14,953",50% bullish,of 2 ratings,N/A
ITUS,$4.1,1440184909078,"6,767",Not yet rated,NULL,N/A
ISRL,$130.5,1440184909103,645,100% bearish,of 1 rating,N/A
ISIS,$46.788,1440184909129,"998,749",53% bullish,of 15 ratings,$67
ISLE,$16.625,1440184909163,"223,730",50% bullish,of 4 ratings,$16
ITRI,$32.02,1440184909194,"177,879",Not yet rated,NULL,$37
XXIA,$15.41,1440184909296,"198,361",71% bullish,of 7 ratings,$14.625
IXYS,$10.57,1440184909374,"182,002",50% bullish,of 4 ratings,N/A
JJSF,$113.55,1440184909466,"66,621",100% bearish,of 1 rating,N/A
JBHT,$76.37,1440184909525,"628,341",50% bullish,of 4 ratings,$89.50
MAYS,NULL,1440184909592,0,Not yet rated,NULL,N/A
JCOM,$69.57,1440184909694,"145,563",100% bullish,of 2 ratings,$77
JASO,$7.29,1440184910502,"1,096,113",82% bullish,of 17 ratings,$10
JKHY,$68.61,1440184910603,"141,138",50% bullish,of 2 ratings,$72
JAXB,$12.76,1440184910637,"1,300",100% bullish,of 1 rating,N/A
JXSB,$24.06,1440184910670,542,Not yet rated,NULL,N/A
JACK,$81.66,1440184910696,"438,037",83% bullish,of 6 ratings,$105
JAGX,$2.5,1440184910766,"12,181",Not yet rated,NULL,N/A
JAKK,$9.165,1440184910873,"269,160",60% bearish,of 5 ratings,$11
JMBA,$13.25,1440184910907,"76,208",75% bullish,of 4 ratings,$18
JRVR,$26.55,1440184911064,"26,375",Not yet rated,NULL,$32
ERW,NULL,1440184911091,0,Not yet rated,NULL,N/A
JASNW,$0.22,1440184911121,"10,250",50% bullish,of 2 ratings,N/A
JASN,$4.84,1440184911152,"28,758",50% bullish,of 2 ratings,$9.50
JD,$25.05,1440184911254,"7,597,836",75% bullish,of 16 ratings,$36
JBLU,$21.72,1440184911284,"6,059,800",94% bullish,of 16 ratings,$27
JAZZ,$170.68,1440184911311,"324,273",80% bullish,of 15 ratings,$206.50
JCTCF,NULL,1440184911444,0,100% bullish,of 1 rating,N/A
JTPY,$3.03,1440184911470,"4,965",100% bearish,of 1 rating,N/A
DATE,$6.42,1440184911541,"151,249",75% bullish,of 4 ratings,$9
JST,$4.0098,1440184911610,"38,384",75% bullish,of 4 ratings,N/A
WYIGU,$10.0227,1440184911675,100,Not yet rated,NULL,N/A
JIVE,$4.075,1440184911703,"414,722",75% bullish,of 4 ratings,$5
JBSS,$49.035,1440184911834,"105,078",67% bearish,of 3 ratings,N/A
JOUT,$23.2801,1440184911864,"15,721",100% bearish,of 1 rating,$34
JOEZ,$0.1767,1440184911894,"45,199",92% bullish,of 12 ratings,N/A
JNP,$9.72,1440184911963,"7,160",100% bullish,of 3 ratings,$15
