Symbol,Price,Date,Volume,Rating,RatingVoteCount,OneYearEstimate
TFSC,NULL,1439917802991,0,100% bearish,of 1 rating,N/A
TFSCW,$0.22,1439917803019,4,100% bearish,of 1 rating,N/A
FLWS,$9.7,1439917803042,"57,545",100% bullish,of 5 ratings,$15
PIH,$7.45,1439917803232,"4,013",100% bearish,of 1 rating,N/A
TFSCU,NULL,1439917803262,0,Not yet rated,NULL,N/A
FCCY,$11.6,1439917803313,300,100% bullish,of 1 rating,$13
DSLV,$67.58,1439917803365,"34,782",100% bearish,of 1 rating,N/A
FCTY,$7.45,1439917803395,300,100% bullish,of 1 rating,$8.50
TFSCR,NULL,1439917803451,0,Not yet rated,NULL,N/A
SRCE,$31.25,1439917803477,"5,385",100% bullish,of 3 ratings,$33
VNET,$21.1,1439917803507,"109,051",60% bullish,of 5 ratings,$29.50
UGLD,$8.88,1439917803759,"122,541",100% bearish,of 1 rating,N/A
JOBS,$28.14,1439917803785,"34,503",50% bullish,of 4 ratings,$36
USLV,$13.4,1439917803915,"374,156",86% bullish,of 7 ratings,N/A
DGLD,$85.6701,1439917803963,"3,328",100% bullish,of 1 rating,N/A
TWOU,$35.24,1439917804046,"209,190",50% bullish,of 2 ratings,$39
SHLM,$35.79,1439917804226,"62,436",100% bearish,of 1 rating,$50
AVHI,$14.24,1439917804357,"7,840",100% bearish,of 1 rating,$19
SIXD,$2.52,1439917804383,"43,026",Not yet rated,NULL,N/A
CAFD,$15.15,1439917804465,"106,935",Not yet rated,NULL,$25
ABAX,$47.892,1439917804598,"41,225",100% bearish,of 1 rating,$60
ABGB,$4.65,1439917804651,"50,614",67% bullish,of 3 ratings,$5.50
EGHT,$8.58,1439917804683,"79,300",82% bullish,of 17 ratings,$11
ABY,$21.66,1439917804734,"136,033",100% bearish,of 2 ratings,$46
AAON,$22.9,1439917804784,"26,444",100% bearish,of 1 rating,$24
ABEO,$5.36,1439917804842,"80,820",67% bullish,of 3 ratings,$15.50
ABEOW,$2.13,1439917804988,102,100% bullish,of 1 rating,N/A
AXAS,$1.735,1439917805126,"228,785",78% bullish,of 9 ratings,$3.50
ACTG,$8.63,1439917805259,"83,474",67% bullish,of 3 ratings,$18.50
ABMD,$105.37,1439917805287,"173,505",75% bullish,of 4 ratings,$86
ACAD,$38.95,1439917805426,"236,048",85% bullish,of 20 ratings,$48
ACST,$0.3601,1439917805498,"1,191",100% bullish,of 2 ratings,N/A
ANCX,$19.13,1439917805524,"7,708",Not yet rated,NULL,$19
AXDX,$18.98,1439917805546,"40,948",100% bearish,of 1 rating,N/A
XLRN,$30.37,1439917805575,"71,041",50% bullish,of 2 ratings,$57
ACHC,$81.78,1439917805709,"96,322",50% bullish,of 2 ratings,$92
ARAY,$6.125,1439917805736,"333,686",100% bearish,of 1 rating,$10.50
VXUP,$17.03,1439917805870,375,Not yet rated,NULL,N/A
ACRX,$4.42,1439917805894,"42,296",67% bearish,of 6 ratings,$5.50
VXDN,$14.86,1439917805923,615,Not yet rated,NULL,N/A
ACET,$25.18,1439917805971,"14,827",75% bullish,of 4 ratings,$30
ACHN,$8.6301,1439917806282,"1,263,911",90% bullish,of 21 ratings,$16
AKAO,$6.97,1439917806390,"35,375",75% bullish,of 4 ratings,$15
ACOR,$31.66,1439917806425,"42,095",67% bearish,of 3 ratings,$38.50
ACPW,$1.89,1439917806451,"5,000",100% bullish,of 4 ratings,$3.50
ACIW,$22.98,1439917806491,"66,764",50% bullish,of 2 ratings,$24
ACTS,NULL,1439917806517,0,100% bearish,of 1 rating,N/A
ACNB,$20.2935,1439917806549,300,Not yet rated,NULL,N/A
ATVI,$29.2,1439917806650,"1,369,208",68% bullish,of 84 ratings,$31.50
ADMS,$21.41,1439917806904,"17,175",100% bearish,of 2 ratings,$36
ACTA,$13.66,1439917806971,"28,376",67% bearish,of 3 ratings,$25
ACUR,$0.6109,1439917807008,"7,600",100% bullish,of 5 ratings,$1
ACXM,$21.05,1439917807111,"90,691",67% bullish,of 3 ratings,N/A
ADMP,$3.9599,1439917807170,"18,157",50% bullish,of 2 ratings,$10
ADAP,$15.4,1439917807196,"50,386",67% bullish,of 3 ratings,$22
ADUS,$30.36,1439917807218,"47,319",100% bearish,of 1 rating,$31
ADEP,$7.29,1439917807502,"6,382",50% bullish,of 2 ratings,$10.75
AEY,$2.29,1439917807635,"2,825",100% bearish,of 2 ratings,N/A
ADTN,$16.17,1439917807703,"78,546",67% bullish,of 3 ratings,$17.125
ADXS,$16.35,1439917807766,"175,048",64% bullish,of 14 ratings,$27
ADMA,$9.65,1439917807792,"7,831",Not yet rated,NULL,$19
ADRO,$21.54,1439917807822,"82,916",80% bullish,of 5 ratings,$45.50
AMD,$1.785,1439917807850,"2,877,686",83% bullish,of 102 ratings,$2
ADBE,$86.2,1439917807921,"289,742",65% bullish,of 17 ratings,$90
AEIS,$26.4,1439917808078,"41,822",50% bullish,of 2 ratings,$32.50
MULT,NULL,1439917808278,0,100% bearish,of 1 rating,N/A
YPRO,NULL,1439917808306,0,100% bearish,of 1 rating,N/A
AEGR,$18.65,1439917808332,"195,352",50% bullish,of 6 ratings,$26
ADXSW,$11.83,1439917808353,"1,920",100% bullish,of 1 rating,N/A
AEGN,$18.34,1439917808513,"19,430",100% bearish,of 1 rating,$21
AEHR,$2.2,1439917808582,6,50% bullish,of 2 ratings,N/A
AERI,$16.1,1439917808746,"119,509",75% bullish,of 4 ratings,$31.50
AVAV,$25.67,1439917808851,"45,903",50% bullish,of 4 ratings,$31
AEPI,$57.53,1439917808877,"6,478",100% bearish,of 1 rating,N/A
AMTX,$3.32,1439917808917,"2,635",50% bullish,of 2 ratings,$26.11
AEMD,$6.81,1439917808943,"10,423",Not yet rated,NULL,$27.50
AEZS,$0.1241,1439917809008,"6,703,434",90% bullish,of 21 ratings,$1.625
AFMD,$11.6,1439917809159,"53,267",50% bullish,of 4 ratings,$15
AGRX,$8.79,1439917809399,"3,325",100% bearish,of 1 rating,$18
AGYS,$9.57,1439917809427,"7,570",100% bearish,of 1 rating,N/A
AFFX,$9.89,1439917809567,"191,325",80% bullish,of 5 ratings,$12
AGEN,$7.56,1439917809638,"271,107",85% bullish,of 13 ratings,$14
AGIO,$95.75,1439917809698,"87,797",88% bullish,of 8 ratings,$114
AGFSW,$2.3,1439917809729,"36,531",100% bearish,of 1 rating,N/A
AGFS,$10.62,1439917809767,"33,580",100% bearish,of 1 rating,N/A
AIRM,$40.01,1439917809830,"56,925",80% bearish,of 5 ratings,$53
AIMT,$24.02,1439917809912,"56,764",Not yet rated,NULL,N/A
AIRT,$22,1439917810045,518,100% bullish,of 1 rating,N/A
AMCN,$5.085,1439917810093,"214,373",83% bullish,of 6 ratings,N/A
ATSG,$9.64,1439917810326,"16,258",67% bullish,of 3 ratings,$13
AIXG,$5.97,1439917810351,"5,422",67% bearish,of 3 ratings,$6
AKBA,$6.85,1439917810390,"68,488",100% bearish,of 1 rating,$18
AKAM,$73.93,1439917810537,"289,907",63% bullish,of 8 ratings,$77
ALRM,$17.21,1439917810670,"30,891",100% bearish,of 1 rating,$22
AKRX,$43.9,1439917810700,"151,180",78% bullish,of 9 ratings,$56
AKER,$3.1201,1439917810721,"118,329",Not yet rated,NULL,N/A
AMRI,$20.64,1439917810874,"64,764",75% bearish,of 4 ratings,$24
ALSK,$2.11,1439917810958,"25,192",78% bullish,of 18 ratings,$2
ABDC,$12.99,1439917811031,"7,655",Not yet rated,NULL,$15
ALDR,$38.38,1439917811212,"118,372",67% bearish,of 3 ratings,$62
ADHD,$9.16,1439917811240,"97,356",50% bullish,of 4 ratings,$18
ALDX,$8.085,1439917811307,"11,410",100% bearish,of 1 rating,$14.50
ALXN,$187.65,1439917811338,"273,156",88% bullish,of 8 ratings,$223
ALXA,$1.17,1439917811441,"5,753",83% bullish,of 6 ratings,$2.125
ALGN,$60.615,1439917811511,"122,421",100% bearish,of 2 ratings,$73
ALCO,$42.85,1439917811542,"2,506",50% bullish,of 2 ratings,N/A
ALIM,$3.82,1439917811642,"20,495",80% bullish,of 5 ratings,$10
ALLB,$23.76,1439917811810,300,Not yet rated,NULL,N/A
AFOP,$18.74,1439917811837,"12,182",75% bullish,of 8 ratings,$21
ALKS,$68.855,1439917811858,"149,149",67% bullish,of 3 ratings,$75
ALGT,$232.065,1439917811991,"63,821",100% bearish,of 1 rating,$235
AIQ,$14.79,1439917812024,"1,702",67% bullish,of 3 ratings,N/A
AHGP,$35.954,1439917812170,"7,363",67% bullish,of 3 ratings,N/A
ARLP,$24.44,1439917812341,"30,467",67% bearish,of 3 ratings,$32
AHPI,$1.45,1439917812372,300,50% bullish,of 2 ratings,N/A
AMOT,$16.855,1439917812446,"23,800",100% bearish,of 1 rating,N/A
ALQA,$4.62,1439917812471,"4,335",75% bullish,of 4 ratings,$8.50
ALLT,$5.05,1439917812675,"60,834",75% bullish,of 4 ratings,$6.25
ALNY,$111.26,1439917812809,"201,125",67% bullish,of 3 ratings,$148.50
MDRX,$14.21,1439917812834,"528,574",60% bullish,of 5 ratings,$16
AFAM,$48.7951,1439917812881,"23,465",50% bullish,of 2 ratings,$44
AOSL,$7.23,1439917813023,"28,772",67% bullish,of 3 ratings,$9
ATEC,$0.6447,1439917813078,"46,630",100% bullish,of 1 rating,$2
SMCP,NULL,1439917813152,0,Not yet rated,NULL,N/A
ALTR,$49.12,1439917813304,"544,508",80% bearish,of 5 ratings,$54
ASPS,$29.52,1439917813332,"43,963",67% bullish,of 3 ratings,$46.50
AMAG,$64.99,1439917813542,"93,599",100% bullish,of 2 ratings,$75
AIMC,$26.34,1439917813647,"22,704",100% bearish,of 1 rating,$28.50
AMRN,$2.26,1439917813778,"280,278",85% bullish,of 39 ratings,$8
AMRK,$10.17,1439917814106,"13,248",50% bullish,of 2 ratings,$14
AYA,$22.96,1439917814411,"14,800",100% bearish,of 1 rating,$40
AMZN,$534.135,1439917814511,"574,099",81% bullish,of 262 ratings,$646
AMBA,$106.73,1439917814776,"460,147",83% bullish,of 12 ratings,$102.50
EPAX,$2.69,1439917814828,"433,235",100% bearish,of 1 rating,N/A
AMBCW,$7.95,1439917814861,200,100% bearish,of 1 rating,N/A
AMBC,$16.62,1439917814932,"67,151",100% bearish,of 1 rating,$16.50
AMCX,$74.15,1439917814961,"272,249",67% bullish,of 3 ratings,$85.50
AMDA,$0.4887,1439917814986,"330,249",90% bullish,of 10 ratings,$1
DOX,$60.3,1439917815017,"138,673",100% bullish,of 2 ratings,$60
AMED,$45.665,1439917815121,"66,630",100% bearish,of 1 rating,$42
UHAL,$381.885,1439917815257,"8,635",100% bullish,of 2 ratings,$393.50
ASBI,$22.715,1439917815289,"3,007",Not yet rated,NULL,N/A
ATAX,$5.29,1439917815323,"53,599",100% bullish,of 1 rating,$6.50
AMOV,$18.72,1439917815390,"2,085",100% bearish,of 1 rating,N/A
AAL,$43.62,1439917815415,"2,293,911",93% bullish,of 87 ratings,$57
AGNC,$19.83,1439917815615,"1,057,954",75% bullish,of 28 ratings,$22
AGNCP,$25.41,1439917815786,"6,669",Not yet rated,NULL,N/A
AGNCB,$24.1462,1439917815864,"6,100",Not yet rated,NULL,N/A
ACSF,$12.7899,1439917815890,"13,756",100% bearish,of 1 rating,$15
MTGE,$15.9,1439917815961,"76,987",75% bullish,of 4 ratings,$19.50
MTGEP,$24.5,1439917816050,"1,500",Not yet rated,NULL,N/A
AETI,$3.8,1439917816096,4,67% bearish,of 3 ratings,N/A
ACAS,$14.305,1439917816180,"312,613",60% bullish,of 5 ratings,$16.75
APEI,$22.19,1439917816349,"37,739",100% bearish,of 1 rating,$29
ANCI,$1.6912,1439917816378,"1,128",100% bearish,of 1 rating,N/A
AMNB,$23.1547,1439917816400,"4,666",Not yet rated,NULL,$25.50
ANAT,$104.36,1439917816434,"4,444",100% bullish,of 1 rating,N/A
AMIC,NULL,1439917816463,0,Not yet rated,NULL,N/A
ARII,$40.04,1439917816623,"51,533",67% bearish,of 3 ratings,$45
AMRB,$10.12,1439917816759,404,Not yet rated,NULL,$11
ASEI,$39.0301,1439917816898,"21,647",100% bearish,of 1 rating,$52.50
AMSWA,$9.3899,1439917816967,"4,958",100% bearish,of 2 ratings,$10.75
AMSC,$3.9587,1439917817103,"22,355",50% bullish,of 4 ratings,N/A
AMSF,$51.13,1439917817163,"25,778",Not yet rated,NULL,$57.50
CRMT,$44.95,1439917817210,"5,290",100% bearish,of 1 rating,$49
ABCB,$28.25,1439917817441,"39,846",Not yet rated,NULL,$30.50
AMGN,$167.92,1439917817475,"535,993",89% bullish,of 19 ratings,$185
AMWD,$66.01,1439917817506,"37,403",50% bullish,of 2 ratings,$58
AMPH,$14.585,1439917817573,"74,397",50% bullish,of 2 ratings,$20
ASRV,$3.3,1439917817601,704,100% bullish,of 2 ratings,N/A
ATLO,$24.23,1439917817631,4,Not yet rated,NULL,N/A
ASRVP,NULL,1439917817656,0,Not yet rated,NULL,N/A
FOLD,$16.54,1439917817955,"369,738",56% bullish,of 9 ratings,$21
AMSG,$85.3401,1439917817985,"77,015",100% bearish,of 1 rating,$85.50
AMSGP,NULL,1439917818088,0,Not yet rated,NULL,N/A
AMKR,$4.321,1439917818147,"260,613",100% bearish,of 2 ratings,$5
AFSI,$63.365,1439917818354,"149,328",60% bullish,of 5 ratings,$72
AMRS,$1.64,1439917818399,"36,540",70% bullish,of 10 ratings,N/A
ASYS,$5.69,1439917818424,"14,264",67% bullish,of 3 ratings,$12
ANAD,$0.375,1439917818453,"291,460",100% bullish,of 2 ratings,$.50
ALOG,$83.26,1439917818480,"20,076",100% bearish,of 2 ratings,$100.50
ADI,$58.3,1439917818758,"857,166",67% bullish,of 3 ratings,$68
ANAC,$134.61,1439917818803,"110,878",80% bullish,of 5 ratings,$180.50
ANCB,$22.48,1439917818831,100,Not yet rated,NULL,$23
AMCF,$0.27,1439917818941,"12,967",100% bullish,of 7 ratings,N/A
ANGO,$14.89,1439917818981,"11,862",67% bullish,of 3 ratings,$19
ANGI,$4.355,1439917819046,"305,548",64% bullish,of 11 ratings,$5.50
ABCW,$40.97,1439917819117,"2,812",67% bullish,of 3 ratings,N/A
ANIP,$56.27,1439917819300,"128,892",89% bullish,of 19 ratings,$66
ANSS,$97.14,1439917819327,"137,040",100% bearish,of 1 rating,$100
ANIK,$35.59,1439917819385,"35,383",60% bullish,of 5 ratings,$51.25
ANTH,$9.32,1439917819491,"205,303",80% bullish,of 10 ratings,$13
ATRS,$1.9,1439917819545,"122,266",92% bullish,of 12 ratings,$4.50
APIC,$7.69,1439917819647,"25,663",100% bearish,of 1 rating,$19
ATNY,$2.36,1439917819779,"3,042",50% bullish,of 2 ratings,$3.75
APOL,$11.65,1439917819805,"216,752",87% bearish,of 68 ratings,$14
ABAC,$0.9099,1439917819835,"2,400",100% bearish,of 1 rating,N/A
AINV,$6.65,1439917819860,"653,900",50% bullish,of 4 ratings,$8
APOG,$53.72,1439917819999,"65,455",100% bullish,of 1 rating,$62
APPF,$17.65,1439917820044,"26,935",50% bullish,of 2 ratings,$22
AAPL,$117.15,1439917820105,"12,092,797",86% bullish,of 2333 ratings,$150
APDN,$3.2894,1439917820235,"77,390",Not yet rated,NULL,$9
ARCI,$1.28,1439917820261,"9,664",Not yet rated,NULL,N/A
APDNW,$1.25,1439917820438,"7,300",Not yet rated,NULL,N/A
AMAT,$16.635,1439917820465,"3,605,460",82% bullish,of 11 ratings,$23
AGTC,$15.84,1439917820493,"17,895",50% bullish,of 2 ratings,$33
AMCC,$5.59,1439917820522,"307,163",80% bullish,of 5 ratings,$8
AAOI,$21.77,1439917820624,"108,721",50% bullish,of 4 ratings,$26
AREX,$2.56,1439917820728,"171,523",100% bearish,of 1 rating,$3
APRI,$1.1501,1439917820865,"51,174",83% bullish,of 6 ratings,$4.86
APTO,$5.08,1439917821013,"2,027",Not yet rated,NULL,$17
AQXP,$18.93,1439917821040,"329,731",50% bullish,of 2 ratings,$2
AQMS,$5.3,1439917821173,"11,568",Not yet rated,NULL,N/A
AUMA,NULL,1439917821386,0,Not yet rated,NULL,N/A
AUMAU,NULL,1439917821449,0,Not yet rated,NULL,N/A
ABUS,$8.1,1439917821475,"148,824",86% bullish,of 14 ratings,$23
PETX,$16.985,1439917821500,"75,778",100% bearish,of 2 ratings,$26
AUMAW,NULL,1439917821528,0,Not yet rated,NULL,N/A
ARDM,NULL,1439917821556,0,100% bullish,of 1 rating,$26
ARCW,$3.7106,1439917821694,"2,303",100% bearish,of 2 ratings,$10.50
ABIO,$0.92,1439917821722,"52,578",50% bullish,of 2 ratings,$3.75
ARCB,$32.33,1439917821931,"37,216",50% bullish,of 2 ratings,$39.50
ACAT,$29.45,1439917821990,"66,712",100% bearish,of 3 ratings,$33
ACGL,$73.89,1439917822082,"60,404",50% bullish,of 2 ratings,$72
RKDA,$5.61,1439917822143,"11,741",100% bearish,of 2 ratings,$10
ARDX,$19.655,1439917822214,"142,105",50% bullish,of 2 ratings,$22
ARCC,$16.001,1439917822348,"215,020",67% bearish,of 3 ratings,$17.875
AGIIL,$25.3,1439917822377,"10,761",Not yet rated,NULL,N/A
AGII,$58.24,1439917822427,"24,864",Not yet rated,NULL,$58
ARGS,$4.5896,1439917822449,"4,235",50% bullish,of 2 ratings,$19.50
ARNA,$3.265,1439917822485,"725,437",90% bullish,of 77 ratings,$5.50
ARIA,$7.38,1439917822580,"515,713",87% bullish,of 46 ratings,$9
ARIS,$3.38,1439917822778,900,Not yet rated,NULL,$4.50
ARTX,$1.5501,1439917822812,"34,108",88% bullish,of 16 ratings,$4.50
ARKR,NULL,1439917822838,0,50% bullish,of 2 ratings,N/A
ARWA,NULL,1439917822866,0,Not yet rated,NULL,N/A
ARMH,$43.1,1439917822916,"1,380,694",54% bearish,of 13 ratings,$61
ARQL,$1.68,1439917823284,"6,775",75% bullish,of 4 ratings,$5
DWAT,NULL,1439917823417,0,100% bearish,of 1 rating,N/A
AROW,$27.34,1439917823449,"4,242",Not yet rated,NULL,N/A
ARRS,$27.5301,1439917823473,"133,845",50% bullish,of 2 ratings,$38
ARWAR,NULL,1439917823494,0,Not yet rated,NULL,N/A
ARRY,$5.7,1439917823535,"263,205",100% bullish,of 7 ratings,$10
ARWAU,NULL,1439917823560,0,100% bullish,of 1 rating,N/A
ARWAW,NULL,1439917823630,0,Not yet rated,NULL,N/A
ARTNA,$22.45,1439917823799,"5,373",100% bearish,of 1 rating,$29
ARWR,$5.97,1439917823825,"431,123",75% bullish,of 4 ratings,$10.50
ASBB,NULL,1439917824088,0,Not yet rated,NULL,N/A
ARTW,$4.45,1439917824137,700,75% bearish,of 4 ratings,N/A
ASNA,$12.23,1439917824183,"459,277",50% bullish,of 2 ratings,$18
APWC,$2.07,1439917824217,100,100% bearish,of 1 rating,N/A
ASCMA,$27.73,1439917824272,"49,231",100% bearish,of 1 rating,$45
ASTI,$0.1535,1439917824350,"869,480",83% bullish,of 6 ratings,$3
ASND,$17.49,1439917824407,"15,754",100% bullish,of 1 rating,$30
ASML,$93.19,1439917824549,"497,941",67% bullish,of 3 ratings,$127
ASMI,$39.03,1439917824579,590,50% bullish,of 2 ratings,N/A
AZPN,$38.96,1439917824636,"286,304",50% bullish,of 2 ratings,$42
ASMB,$13.93,1439917824686,"24,000",67% bullish,of 3 ratings,N/A
ASFI,$9.0799,1439917824714,"1,605",100% bullish,of 1 rating,N/A
ASTE,$37.79,1439917824844,"12,493",100% bearish,of 1 rating,$48
ALOT,NULL,1439917824869,0,100% bearish,of 1 rating,N/A
ATRO,$57.64,1439917825141,"39,156",100% bearish,of 2 ratings,$80
AFCB,NULL,1439917825373,0,Not yet rated,NULL,N/A
ATAI,$3.19,1439917825400,"1,650",100% bearish,of 1 rating,N/A
ASUR,$5.9,1439917825426,"1,015",Not yet rated,NULL,$8
ATHX,$1.1799,1439917825561,"26,007",89% bullish,of 9 ratings,$5
ATRA,$49.65,1439917825640,"66,019",50% bullish,of 2 ratings,$68
ACFC,$6.57,1439917825700,"26,459",Not yet rated,NULL,$6.50
ASTC,$2.46,1439917825768,"1,891",100% bullish,of 5 ratings,N/A
ATHN,$140.105,1439917825830,"59,381",67% bearish,of 3 ratings,$153
AAME,$3.51,1439917825860,100,Not yet rated,NULL,N/A
AAPC,$10.18,1439917825884,14,Not yet rated,NULL,N/A
ATNI,$75.71,1439917825931,"22,983",100% bearish,of 1 rating,$69.50
ATLC,$3.94,1439917826020,"2,595",67% bullish,of 3 ratings,N/A
AAWW,$45.12,1439917826127,"74,183",50% bullish,of 2 ratings,$65
ATML,$7.6,1439917826258,"1,898,409",78% bullish,of 9 ratings,$9.50
AFH,$17.13,1439917826288,"15,461",Not yet rated,NULL,$21.50
ATOS,$0.96,1439917826390,"9,096",100% bullish,of 7 ratings,$7
ATRM,NULL,1439917826465,0,50% bullish,of 2 ratings,N/A
ATRI,$394.4,1439917826528,"1,150",Not yet rated,NULL,N/A
LIFE,$15.2501,1439917826727,"15,508",86% bullish,of 7 ratings,$43
AUBN,$27,1439917826761,250,Not yet rated,NULL,N/A
EARS,$5.02,1439917826792,"1,200",100% bearish,of 2 ratings,$12
ATTU,$15.13,1439917826818,"10,686",100% bearish,of 1 rating,$20.50
AUPH,$3.51,1439917826859,"16,364",100% bearish,of 1 rating,$8
ATRC,$27.32,1439917826889,"23,066",100% bullish,of 1 rating,$30
ADAT,$0.1268,1439917826953,"9,792",100% bullish,of 2 ratings,N/A
AUDC,$3.3101,1439917826981,"44,515",80% bullish,of 5 ratings,$5
ABTL,$19.04,1439917827206,"24,002",100% bullish,of 4 ratings,$20.25
ADSK,$54.585,1439917827252,"259,917",83% bullish,of 6 ratings,$69.50
AVGO,$123.0475,1439917827343,"523,132",88% bullish,of 8 ratings,$160
AAVL,$11.17,1439917827382,"266,279",100% bearish,of 1 rating,$20
AVEO,$1.62,1439917827447,"2,106,553",75% bullish,of 8 ratings,$3
ADP,$85.0337,1439917827518,"707,587",100% bearish,of 1 rating,$88
AVNU,$13,1439917827584,"226,732",Not yet rated,NULL,$14
AVID,$8.6,1439917827653,"114,111",100% bearish,of 1 rating,$20
AVNW,$1.15,1439917827680,"7,466",50% bullish,of 2 ratings,$2.20
AXPW,$1.1504,1439917827950,"125,474",83% bullish,of 6 ratings,N/A
AWRE,$3.33,1439917827978,"6,850",67% bullish,of 3 ratings,N/A
CAR,$46.74,1439917828025,"644,399",80% bullish,of 5 ratings,$60
AXGN,$3.92,1439917828125,"8,853",Not yet rated,NULL,$5
AVGR,$15.48,1439917828151,"9,717",100% bearish,of 1 rating,$20
AXPWW,NULL,1439917828201,0,Not yet rated,NULL,N/A
ACLS,$3.22,1439917828227,"232,558",67% bullish,of 6 ratings,$4.75
AXTI,$2.225,1439917828358,"9,182",50% bullish,of 2 ratings,$2.75
BCOM,$20,1439917828517,1,100% bearish,of 1 rating,N/A
RILY,NULL,1439917828563,0,Not yet rated,NULL,N/A
BEAV,$50.92,1439917828626,"157,157",67% bearish,of 3 ratings,$59
BOSC,$2.3299,1439917828653,"1,650",50% bullish,of 2 ratings,N/A
BWINA,$23.35,1439917828732,100,Not yet rated,NULL,N/A
BCPC,$61.29,1439917828869,"47,589",100% bearish,of 1 rating,$75
BWINB,$23.2,1439917828906,100,Not yet rated,NULL,N/A
BIDU,$166.97,1439917828970,"1,436,668",81% bullish,of 88 ratings,$215
BANF,$63.34,1439917829067,"6,710",Not yet rated,NULL,$68
BLDP,$1.32,1439917829174,"55,875",91% bullish,of 22 ratings,$2.50
BANFP,NULL,1439917829246,0,Not yet rated,NULL,N/A
BKSC,$16.12,1439917829317,"1,052",Not yet rated,NULL,N/A
BMRC,$49.19,1439917829378,"2,603",Not yet rated,NULL,$52
BOTJ,$11.5,1439917829510,516,Not yet rated,NULL,N/A
BKMU,$7.295,1439917829545,"9,238",Not yet rated,NULL,$8
OZRK,$43.255,1439917829642,"78,151",67% bullish,of 3 ratings,$49.50
BOCH,$5.78,1439917829676,"2,872",Not yet rated,NULL,$6.50
BFIN,$12.1,1439917829704,"4,162",Not yet rated,NULL,$13
BANR,$47.41,1439917829726,"5,558",100% bullish,of 3 ratings,$50
BZUN,$7.7101,1439917829943,"92,899",50% bullish,of 2 ratings,$13.85
BWFG,NULL,1439917829973,0,100% bearish,of 1 rating,N/A
TAPR,$31.9,1439917830076,"2,087",100% bearish,of 1 rating,N/A
BHAC,NULL,1439917830135,0,Not yet rated,NULL,N/A
BHACR,NULL,1439917830161,0,Not yet rated,NULL,N/A
BHACU,$10.15,1439917830241,"2,000",Not yet rated,NULL,N/A
BYBK,$5.07,1439917830432,"7,134",100% bearish,of 1 rating,N/A
BSET,$31.22,1439917830485,"31,760",100% bearish,of 1 rating,$35
BV,$5.31,1439917830655,"111,026",67% bullish,of 6 ratings,$9
BBSI,$37.11,1439917830712,"34,112",67% bearish,of 3 ratings,$62.50
BHACW,NULL,1439917830743,0,Not yet rated,NULL,N/A
BYLK,$12.92,1439917830768,"25,000",Not yet rated,NULL,$14
BBCN,$15.54,1439917830794,"109,570",100% bearish,of 1 rating,$16
BCBP,$11.71,1439917830849,"2,312",Not yet rated,NULL,N/A
BECN,$36.08,1439917831024,"47,282",50% bullish,of 2 ratings,$40
BDCV,$5.0069,1439917831098,"5,730",100% bearish,of 1 rating,$10.19
BBGI,$5,1439917831191,1,100% bearish,of 1 rating,N/A
BSF,$9.1725,1439917831227,"6,284",Not yet rated,NULL,N/A
BEBE,$1.81,1439917831320,"21,371",75% bullish,of 4 ratings,$3.075
BNTC,$7.75,1439917831609,"151,590",100% bullish,of 1 rating,N/A
BBBY,$63.51,1439917831635,"421,627",71% bullish,of 7 ratings,$75
BLPH,$5.6101,1439917831666,"54,464",100% bearish,of 1 rating,$12.50
BELFB,$19.93,1439917831696,"2,200",100% bearish,of 1 rating,N/A
BELFA,$17.2199,1439917831729,435,100% bearish,of 1 rating,N/A
BLCM,$18.64,1439917831761,"94,072",50% bullish,of 4 ratings,$40
BGMD,$0.88,1439917831792,"149,801",100% bullish,of 10 ratings,N/A
BNCL,$13.05,1439917831826,"105,997",100% bullish,of 3 ratings,$12.50
BNFT,$39.86,1439917831974,"35,579",67% bullish,of 3 ratings,$46
BGCP,$9.61,1439917832104,"273,341",88% bullish,of 8 ratings,$14
BIND,$4.535,1439917832156,"20,878",67% bullish,of 3 ratings,$13.50
BGFV,$11.13,1439917832353,"21,668",57% bullish,of 7 ratings,$12
BASI,$1.54,1439917832380,"21,001",Not yet rated,NULL,N/A
ORPN,$5.75,1439917832512,"5,100",100% bullish,of 1 rating,$28.50
BIOC,$1.9402,1439917832542,"130,374",83% bullish,of 6 ratings,$3.70
BCDA,NULL,1439917832565,0,Not yet rated,NULL,N/A
BIOL,$1.605,1439917832590,"23,165",Not yet rated,NULL,N/A
BCRX,$12.07,1439917832646,"141,214",63% bullish,of 8 ratings,$18
BIIB,$312.23,1439917832723,"311,583",88% bullish,of 16 ratings,$400
BIOD,$0.6443,1439917832778,"94,203",80% bullish,of 5 ratings,$4
BDSI,$6.7799,1439917832857,"304,644",88% bullish,of 8 ratings,$17
BLRX,$1.5301,1439917832990,"79,054",100% bullish,of 12 ratings,$5
BLFS,$2.14,1439917833015,"61,881",100% bearish,of 1 rating,$4.75
BVXV,$4.1,1439917833147,"2,639",Not yet rated,NULL,N/A
BMRN,$137.32,1439917833205,"104,903",80% bullish,of 5 ratings,$160
BVXVW,NULL,1439917833457,0,100% bearish,of 1 rating,N/A
BPTH,$1.15,1439917833488,"18,253",100% bullish,of 2 ratings,$5
BRLI,$35.1,1439917833587,"65,959",83% bullish,of 6 ratings,N/A
BOTA,$2.36,1439917833617,"24,354",88% bullish,of 8 ratings,N/A
BIOS,$1.505,1439917833648,"448,855",71% bullish,of 7 ratings,$4
BSPM,$0.6701,1439917833722,"7,503",50% bullish,of 2 ratings,N/A
BBP,$34.655,1439917833855,"20,838",Not yet rated,NULL,N/A
BBC,$32.935,1439917833885,"37,080",Not yet rated,NULL,N/A
BSTC,$53.57,1439917833913,"27,472",100% bearish,of 1 rating,$76
BEAT,$12.23,1439917834046,"78,463",67% bearish,of 3 ratings,$15
TECH,$105.65,1439917834106,"61,866",100% bullish,of 1 rating,$117
BITI,$19.69,1439917834152,"1,904",100% bullish,of 1 rating,$28
BDMS,NULL,1439917834286,0,100% bearish,of 1 rating,N/A
BJRI,$46.45,1439917834422,"86,014",50% bullish,of 2 ratings,$55
BBOX,$15.64,1439917834448,"16,055",100% bearish,of 1 rating,N/A
BBRY,$7.565,1439917834523,"987,258",61% bullish,of 330 ratings,$9
BLKB,$63.57,1439917834622,"19,164",100% bearish,of 2 ratings,$66
BKCC,$9.495,1439917834652,"45,596",100% bullish,of 2 ratings,$10
ADRA,NULL,1439917834682,0,Not yet rated,NULL,N/A
BDE,$7.48,1439917834712,"58,628",50% bullish,of 2 ratings,$9
ADRU,NULL,1439917834789,0,100% bearish,of 1 rating,N/A
HAWK,$45.31,1439917834822,"167,044",90% bullish,of 10 ratings,$49
ADRE,$31.3101,1439917834998,"2,881",Not yet rated,NULL,N/A
BLMN,$21.805,1439917835069,"279,745",83% bullish,of 6 ratings,$27.50
ADRD,NULL,1439917835138,0,100% bearish,of 1 rating,N/A
BUFF,$26.432,1439917835378,"173,114",83% bullish,of 12 ratings,$33
BBLU,$0.797,1439917835405,"159,616",100% bullish,of 2 ratings,$4.43
BHBK,$14.37,1439917835426,"12,866",100% bullish,of 1 rating,$14.50
BLBD,$13,1439917835460,"2,600",Not yet rated,NULL,N/A
BKEP,$6.99,1439917835482,"11,365",100% bearish,of 1 rating,$8.50
BCOR,$13.73,1439917835557,"100,643",57% bullish,of 7 ratings,$15
NILE,$34.77,1439917835687,"29,725",50% bullish,of 2 ratings,$34
BLUE,$131.545,1439917835744,"127,040",86% bullish,of 7 ratings,$217.50
BPMC,$30.45,1439917835787,"60,272",50% bullish,of 2 ratings,$47.50
BNCN,$21.99,1439917835877,"7,765",Not yet rated,NULL,$23
BOFI,$131.6275,1439917835955,"38,956",100% bullish,of 6 ratings,$137.50
BKEPP,$7.88,1439917836270,"3,313",100% bearish,of 1 rating,N/A
BOBE,$46.07,1439917836327,"20,431",75% bullish,of 4 ratings,$57
BOKF,$65.76,1439917836546,"21,146",100% bearish,of 1 rating,$71
BNSO,$1.4,1439917836601,"6,700",100% bearish,of 1 rating,N/A
BOJA,$22.2,1439917836632,"51,774",100% bullish,of 1 rating,$30
BAMM,$3.2199,1439917836653,"3,890",60% bullish,of 5 ratings,N/A
WIFI,$8.81,1439917836682,"161,806",50% bullish,of 2 ratings,$13.50
BONA,$12.11,1439917836735,"106,630",75% bullish,of 4 ratings,$8.50
BPFHP,NULL,1439917836862,0,100% bearish,of 1 rating,N/A
BPFH,$12.47,1439917836929,"63,935",100% bearish,of 1 rating,$14
EPAY,$26.73,1439917837137,"39,075",100% bearish,of 2 ratings,$30
BPFHW,NULL,1439917837164,0,100% bearish,of 1 rating,N/A
BCLI,$3.1801,1439917837186,"193,676",80% bullish,of 5 ratings,$12
BDBD,$8.9,1439917837371,"211,026",60% bullish,of 5 ratings,$10
BBRG,$13.11,1439917837441,"13,439",67% bullish,of 3 ratings,$14.50
BBEP,$2.45,1439917837505,"1,083,826",69% bullish,of 13 ratings,$5.625
BBEPP,$13.39,1439917837633,"13,983",100% bearish,of 1 rating,N/A
BLIN,NULL,1439917837661,0,50% bullish,of 2 ratings,$2.80
BDGE,$28.11,1439917837682,"7,465",Not yet rated,NULL,$31.75
BCOV,$5.51,1439917837715,"14,504",67% bullish,of 3 ratings,$10.20
BRID,$8.5,1439917837742,"2,788",100% bearish,of 1 rating,N/A
BVSN,$5.95,1439917838007,620,60% bearish,of 5 ratings,N/A
BSFT,$34.01,1439917838139,"39,033",57% bullish,of 7 ratings,$40.50
BYFC,$1.45,1439917838197,320,50% bullish,of 2 ratings,N/A
BWEN,$3.56,1439917838237,"11,477",100% bullish,of 3 ratings,$8
BRCM,$51.12,1439917838366,"547,702",75% bullish,of 12 ratings,$56
BRCD,$10.035,1439917838499,"699,621",92% bullish,of 13 ratings,$12.50
BRKL,$10.92,1439917838525,"98,274",100% bearish,of 1 rating,$10.75
BRKS,$10.52,1439917838727,"53,902",67% bullish,of 3 ratings,$15.25
BLMT,$21.27,1439917838777,"1,900",Not yet rated,NULL,N/A
BRKR,$20.07,1439917838908,"86,374",100% bearish,of 2 ratings,$22
BMTC,$29.82,1439917838980,"7,150",Not yet rated,NULL,$34
BSQR,$7.075,1439917839008,"38,061",67% bullish,of 3 ratings,N/A
BLDR,$14.99,1439917839036,"548,260",50% bullish,of 2 ratings,$22
BWLD,$196.19,1439917839090,"60,184",82% bullish,of 11 ratings,$205
BUR,$2.048,1439917839111,800,100% bearish,of 1 rating,$8
CFFI,NULL,1439917839242,0,100% bearish,of 1 rating,N/A
CCMP,$45.13,1439917839436,"42,179",50% bullish,of 2 ratings,$59
CDNS,$21.49,1439917839463,"562,846",75% bullish,of 4 ratings,$22.50
CHRW,$69.78,1439917839484,"377,508",Not yet rated,NULL,$72
CA,$29.46,1439917839514,"428,591",50% bullish,of 4 ratings,$33
CDZI,$7.32,1439917839708,"9,990",100% bearish,of 1 rating,N/A
CACQ,$7.1,1439917839842,"6,614",100% bearish,of 1 rating,$12.25
PRSS,$4.68,1439917839906,915,80% bullish,of 5 ratings,$4.50
CCD,$21.33,1439917840013,"49,410",Not yet rated,NULL,N/A
CLBS,$1.4,1439917840063,"39,929",79% bullish,of 14 ratings,$4
CZR,$7.32,1439917840110,"539,743",60% bearish,of 5 ratings,$10.50
CHY,$11.9096,1439917840197,"87,494",Not yet rated,NULL,N/A
CSTE,$48.313,1439917840250,"351,099",100% bearish,of 1 rating,$65
CLMS,$11.84,1439917840284,"19,223",Not yet rated,NULL,$10.50
CHI,$11.0699,1439917840382,"102,403",100% bearish,of 1 rating,N/A
CFGE,$11.15,1439917840454,6,Not yet rated,NULL,N/A
CHW,$8.065,1439917840647,"85,880",100% bearish,of 1 rating,N/A
CGO,$12.78,1439917840719,"7,363",100% bearish,of 1 rating,N/A
CSQ,$10.572,1439917840914,"164,137",Not yet rated,NULL,N/A
CAMP,$16.44,1439917841024,"93,780",86% bullish,of 7 ratings,$25
CVGW,$54.34,1439917841071,"14,037",50% bullish,of 2 ratings,$58.50
CFNB,NULL,1439917841125,0,100% bearish,of 1 rating,N/A
CALM,$51.87,1439917841260,"116,599",80% bullish,of 5 ratings,$65
CAMB,NULL,1439917841301,0,Not yet rated,NULL,N/A
CALD,$16.16,1439917841341,"52,217",100% bearish,of 1 rating,$20.50
CLMT,$26.579,1439917841402,"58,632",75% bullish,of 8 ratings,$31
ABCD,$4.75,1439917841439,"19,657",83% bullish,of 6 ratings,N/A
CALA,$5.69,1439917841468,"156,185",100% bullish,of 3 ratings,$19.50
CAMBW,NULL,1439917841535,0,Not yet rated,NULL,N/A
CAMBU,NULL,1439917841603,0,100% bearish,of 1 rating,N/A
CAC,$40.37,1439917841749,"1,916",Not yet rated,NULL,N/A
CAMT,$2.95,1439917841920,"12,097",73% bullish,of 11 ratings,$4
CSIQ,$23.87,1439917841978,"780,803",86% bullish,of 28 ratings,$45
CBNJ,$10.9,1439917842113,"10,375",100% bullish,of 1 rating,N/A
CPHC,$10.45,1439917842143,300,100% bearish,of 1 rating,N/A
CGIX,$11.06,1439917842175,"11,479",67% bullish,of 3 ratings,$14.375
CPLA,$49.47,1439917842196,"19,442",50% bullish,of 2 ratings,$65
CCBG,$15.11,1439917842246,400,Not yet rated,NULL,$17.25
CBF,$30.44,1439917842271,"7,488",Not yet rated,NULL,$32
CAPN,$2.4753,1439917842680,"200,232",100% bullish,of 1 rating,$10.85
CPTA,$14.91,1439917842717,"32,823",Not yet rated,NULL,$18.50
CAPNW,$0.7699,1439917842812,100,Not yet rated,NULL,N/A
CPLP,$7.14,1439917842842,"145,374",71% bullish,of 7 ratings,$11
CFFN,$12.205,1439917842870,"232,389",Not yet rated,NULL,$12.75
CSWC,$49.17,1439917842949,"3,498",Not yet rated,NULL,N/A
CAPR,$4.45,1439917843010,"16,668",Not yet rated,NULL,$12
CPST,$0.3961,1439917843324,"392,547",95% bullish,of 22 ratings,$1
CBYL,$6.52,1439917843368,"10,004",100% bearish,of 1 rating,$20
CARB,$11.5,1439917843548,"25,934",75% bullish,of 4 ratings,$12
CATM,$35.27,1439917843580,"122,792",100% bearish,of 1 rating,$44
CARA,$21.88,1439917843602,"72,692",50% bullish,of 4 ratings,$27.50
CFNL,$23.48,1439917843637,"32,150",Not yet rated,NULL,$24
CRME,$9.7445,1439917843678,349,89% bullish,of 9 ratings,$11.25
CSII,$23.89,1439917843767,"80,774",100% bearish,of 2 ratings,$42.125
CRDC,$0.375,1439917843813,"97,283",100% bullish,of 1 rating,$1.25
CECO,$3.77,1439917844007,"82,216",67% bearish,of 3 ratings,$6
CDNA,NULL,1439917844036,0,100% bearish,of 1 rating,$9
CTRE,$11.66,1439917844091,"217,932",50% bullish,of 2 ratings,N/A
CKEC,$23.31,1439917844143,"27,186",50% bullish,of 2 ratings,$35.915
CART,$5.45,1439917844227,100,100% bearish,of 1 rating,N/A
CLBH,NULL,1439917844274,0,Not yet rated,NULL,$16.50
CARO,$15.5,1439917844415,"1,455",100% bearish,of 1 rating,$19
CRZO,$34.95,1439917844473,"276,239",67% bearish,of 3 ratings,$57
TAST,$12.95,1439917844561,"64,336",Not yet rated,NULL,$14.25
CRTN,NULL,1439917844605,0,100% bearish,of 1 rating,N/A
CARV,NULL,1439917844638,0,50% bullish,of 2 ratings,N/A
CASM,$1.15,1439917844665,"27,117",100% bullish,of 1 rating,$3.50
CACB,$5.5,1439917844734,"5,494",Not yet rated,NULL,$5.50
CSCD,$14.1,1439917844879,"69,667",100% bullish,of 2 ratings,$17
CWST,$6.41,1439917845024,"57,305",50% bullish,of 2 ratings,$7
CASY,$107.66,1439917845110,"139,173",50% bullish,of 2 ratings,$99.50
CASS,$50.55,1439917845329,"3,529",100% bearish,of 1 rating,N/A
CATY,$32.08,1439917845360,"132,267",100% bearish,of 1 rating,$33.50
CASI,$1.4999,1439917845394,"1,000",100% bullish,of 1 rating,$3.50
CATB,$12.05,1439917845426,"19,042",100% bearish,of 1 rating,$28
CPRX,$4.18,1439917845465,"154,842",71% bullish,of 7 ratings,$7
CAVM,$72.48,1439917845497,"166,965",67% bearish,of 3 ratings,$72
CBFV,NULL,1439917845522,0,Not yet rated,NULL,N/A
CATYW,NULL,1439917845600,0,100% bearish,of 1 rating,N/A
CNLM,NULL,1439917845788,0,Not yet rated,NULL,N/A
CVCO,$73.99,1439917845848,"7,631",100% bearish,of 1 rating,N/A
CNLMR,NULL,1439917845877,0,Not yet rated,NULL,N/A
CNLMW,NULL,1439917845922,0,Not yet rated,NULL,N/A
CNLMU,NULL,1439917845980,0,100% bullish,of 1 rating,N/A
CBOE,$64.15,1439917846249,"66,128",Not yet rated,NULL,$60
CELG,$130.41,1439917846334,"676,200",92% bullish,of 13 ratings,$155.50
CDK,$50.31,1439917846362,"176,649",67% bearish,of 3 ratings,$50
CDW,$39.62,1439917846387,"237,486",75% bullish,of 4 ratings,$44
CPXX,$2.185,1439917846413,"62,031",100% bullish,of 2 ratings,$7
CELGZ,$2.05,1439917846605,"13,460",80% bullish,of 5 ratings,N/A
CECE,$10.25,1439917846669,"15,624",50% bullish,of 2 ratings,$16
CLRB,$3.14,1439917846699,"6,196",100% bearish,of 1 rating,N/A
CLDN,$1.09,1439917846733,"81,438",71% bullish,of 7 ratings,$3
CLDX,$15.84,1439917846831,"521,489",89% bullish,of 9 ratings,$36
CLRBW,NULL,1439917846856,0,Not yet rated,NULL,N/A
CLLS,$33.17,1439917846915,"14,135",75% bullish,of 4 ratings,$51.50
CBMG,$22.75,1439917847101,"46,030",50% bullish,of 2 ratings,N/A
CLSN,$2.21,1439917847136,"31,042",80% bullish,of 10 ratings,$7.50
CYAD,$55.27,1439917847169,100,100% bullish,of 1 rating,$87.50
CLTX,$1.009,1439917847270,"1,881,113",100% bullish,of 2 ratings,N/A
CETX,$2.589,1439917847402,"5,500",Not yet rated,NULL,$5.60
CSFL,$14.255,1439917847431,"18,453",Not yet rated,NULL,$15
CFBK,NULL,1439917847559,0,Not yet rated,NULL,N/A
CETV,$2.21,1439917847584,"14,962",67% bullish,of 3 ratings,$2.80
CEMP,$36.85,1439917847638,"124,259",71% bullish,of 7 ratings,$48.50
CENTA,$12.45,1439917847666,"34,834",Not yet rated,NULL,N/A
CENX,$5.18,1439917847827,"2,179,703",67% bullish,of 6 ratings,$9
CVCY,$11.11,1439917847855,100,Not yet rated,NULL,$12
CENT,$11.82,1439917847898,"19,731",Not yet rated,NULL,$10
CNBKA,$41.39,1439917848062,200,100% bullish,of 1 rating,N/A
CNTY,$6.34,1439917848115,"10,520",80% bullish,of 5 ratings,$7.75
CPHD,$51.54,1439917848223,"223,991",50% bullish,of 2 ratings,$66.50
CRNT,$1.49,1439917848282,"165,673",50% bullish,of 2 ratings,$2
CERE,$1.596,1439917848308,"237,620",88% bullish,of 8 ratings,N/A
CERN,$65.11,1439917848352,"518,252",67% bullish,of 3 ratings,$79
CERS,$5,1439917848382,"337,577",75% bullish,of 4 ratings,$7
KOOL,$0.689,1439917848450,"3,611",100% bullish,of 5 ratings,$7
CERU,$3.52,1439917848478,"7,819",75% bullish,of 4 ratings,$15
HOTR,$1.4801,1439917848723,"83,101",100% bullish,of 2 ratings,$5
CYOU,$20.27,1439917848751,"60,040",50% bullish,of 6 ratings,$24
CEVA,$19.6,1439917848799,"32,337",100% bearish,of 1 rating,$25
CTHR,$1.22,1439917848880,102,50% bullish,of 2 ratings,$2.50
HOTRW,NULL,1439917849010,0,Not yet rated,NULL,N/A
CHKP,$82.455,1439917849055,"375,531",50% bullish,of 4 ratings,$92
GTLS,$24.4,1439917849084,"102,184",50% bullish,of 4 ratings,$40
CHTR,$187.27,1439917849105,"322,051",100% bearish,of 2 ratings,$196
CHFN,$12.53,1439917849235,"3,002",Not yet rated,NULL,$14
CHEK,$3.16,1439917849286,"1,669",Not yet rated,NULL,$7.75
CEMI,$4.6599,1439917849419,"8,004",50% bullish,of 2 ratings,$7.50
CCXI,$6.95,1439917849457,"47,977",67% bullish,of 3 ratings,$14
CHEKW,NULL,1439917849477,0,Not yet rated,NULL,N/A
CHMG,$26.508,1439917849550,"3,618",Not yet rated,NULL,$30
CHFC,$32.76,1439917849579,"5,950",100% bearish,of 1 rating,$36
CHKE,$27.43,1439917849756,"10,816",100% bearish,of 1 rating,$32.50
CHEV,$14.7,1439917849897,"8,359",Not yet rated,NULL,N/A
CHMA,$26.77,1439917849926,"55,359",Not yet rated,NULL,$40
PLCE,$61,1439917850056,"117,818",100% bearish,of 1 rating,$71
CMRX,$52.95,1439917850087,"85,731",50% bullish,of 2 ratings,$57
CBNK,NULL,1439917850113,0,100% bearish,of 1 rating,N/A
CALI,$1.06,1439917850189,"68,391",67% bullish,of 3 ratings,N/A
CBAK,$2.2721,1439917850319,"7,597",67% bullish,of 9 ratings,N/A
CAAS,$6.77,1439917850348,"6,652",93% bullish,of 14 ratings,$11.50
CADC,NULL,1439917850376,0,78% bullish,of 9 ratings,N/A
CCCL,$0.93,1439917850510,"44,607",100% bullish,of 6 ratings,N/A
CBPO,$110.35,1439917850543,"70,585",75% bullish,of 8 ratings,$140.50
CCCR,$0.6898,1439917850643,"21,828",67% bearish,of 3 ratings,N/A
JRJC,$4.39,1439917850675,"66,004",82% bullish,of 11 ratings,N/A
CHOP,$1.29,1439917850771,900,50% bullish,of 2 ratings,N/A
HGSH,$1.8627,1439917850867,500,67% bullish,of 3 ratings,N/A
CNIT,$1.7264,1439917850900,"69,940",67% bullish,of 6 ratings,N/A
CHLN,$1.5,1439917850937,"3,527",67% bullish,of 3 ratings,N/A
CREG,$0.787,1439917851072,"8,991",100% bullish,of 3 ratings,N/A
CJJD,$2.19,1439917851158,"78,758",100% bullish,of 1 rating,N/A
CHNR,$2.0301,1439917851188,"2,700",100% bearish,of 1 rating,N/A
HTHT,$26.41,1439917851220,"140,903",50% bullish,of 2 ratings,$28
CPGI,$6.49,1439917851325,587,Not yet rated,NULL,N/A
CNTF,$0.9306,1439917851359,"36,818",Not yet rated,NULL,N/A
CSUN,$1.53,1439917851468,15,80% bullish,of 5 ratings,N/A
CXDC,$6.19,1439917851651,"5,134",67% bullish,of 3 ratings,N/A
CCIH,$9.9899,1439917851682,"59,899",67% bullish,of 6 ratings,$12.65
CNET,$0.8021,1439917851710,"15,053",50% bullish,of 2 ratings,N/A
CNYD,NULL,1439917851731,0,67% bullish,of 3 ratings,N/A
CHSCL,$27.15,1439917851888,"19,438",Not yet rated,NULL,N/A
IMOS,$15.92,1439917851941,"52,483",60% bullish,of 5 ratings,$21.50
CHSCM,$26.25,1439917851971,"27,775",Not yet rated,NULL,N/A
CHSCN,$27.28,1439917852069,"9,621",Not yet rated,NULL,N/A
CHSCO,$28.46,1439917852196,"2,435",Not yet rated,NULL,N/A
CDTX,$14.51,1439917852241,"18,728",Not yet rated,NULL,$22
CHDN,$138.5,1439917852269,"30,165",Not yet rated,NULL,$165
CHSCP,$30.4699,1439917852290,710,Not yet rated,NULL,N/A
CHUY,$32.99,1439917852333,"32,617",50% bullish,of 2 ratings,$34
CIFC,$7.406,1439917852526,"1,300",Not yet rated,NULL,N/A
CMCT,$15.103,1439917852599,300,100% bearish,of 1 rating,N/A
CINF,$56.74,1439917852731,"127,335",50% bullish,of 4 ratings,$50.50
CMPR,$70.24,1439917852815,"38,481",50% bullish,of 2 ratings,$72.50
CTAS,$89.3,1439917852870,"102,998",100% bearish,of 1 rating,$91
CIDM,$0.65,1439917852946,"109,844",50% bullish,of 2 ratings,$2.10
CSCO,$28.35,1439917852975,"12,019,807",84% bullish,of 208 ratings,$32
CPHR,$6.86,1439917853003,"3,440",100% bearish,of 1 rating,$16
CRUS,$29.19,1439917853034,"268,872",75% bullish,of 12 ratings,$44.50
CTRN,$22.52,1439917853108,"44,285",100% bearish,of 1 rating,$29.50
CZNC,$20.04,1439917853186,"4,049",Not yet rated,NULL,N/A
CTXS,$77.91,1439917853381,"287,892",86% bullish,of 7 ratings,$80
CZWI,$9.1001,1439917853406,900,Not yet rated,NULL,N/A
CIZN,NULL,1439917853432,0,Not yet rated,NULL,N/A
CZFC,NULL,1439917853453,0,Not yet rated,NULL,N/A
CLNE,$4.5804,1439917853786,"539,633",80% bullish,of 15 ratings,$9
CHCO,$48.22,1439917853860,"3,997",Not yet rated,NULL,$46
CDTI,$1.74,1439917853890,"67,833",75% bullish,of 4 ratings,$3.20
CLNT,$1.95,1439917853939,100,75% bullish,of 8 ratings,N/A
CLFD,$18.11,1439917853965,"9,276",67% bullish,of 3 ratings,$18
CIVB,$10.32,1439917854026,450,Not yet rated,NULL,$11
CIVBP,NULL,1439917854095,0,Not yet rated,NULL,N/A
CLRO,$11.86,1439917854161,"3,550",50% bullish,of 2 ratings,$14.25
CLIR,$5.26,1439917854271,"25,379",100% bullish,of 3 ratings,N/A
CSBK,$14,1439917854326,"22,809",Not yet rated,NULL,N/A
CBLI,$3.776,1439917854377,"8,872",60% bullish,of 5 ratings,N/A
CLVS,$80.4,1439917854487,"122,075",60% bullish,of 5 ratings,$101.50
CME,$98.1,1439917854514,"250,028",67% bullish,of 3 ratings,$102
CMFN,$11.37,1439917854597,"12,516",100% bearish,of 1 rating,$15.50
CISG,$8.34,1439917854699,"45,142",100% bullish,of 5 ratings,$10
CCNE,$17.44,1439917854759,"4,478",50% bullish,of 2 ratings,$21.50
COBZ,$12.94,1439917854891,"9,858",100% bullish,of 1 rating,$14
CNV,$4.75,1439917854924,"5,701",50% bullish,of 2 ratings,$7.15
CWAY,NULL,1439917854950,0,Not yet rated,NULL,N/A
CDRB,$13.47,1439917855021,"4,116",67% bullish,of 3 ratings,N/A
COKE,$164.9,1439917855052,"12,057",79% bullish,of 19 ratings,N/A
CDXS,$4.05,1439917855202,"44,652",64% bullish,of 11 ratings,$6
CVLY,NULL,1439917855228,0,Not yet rated,NULL,N/A
JVA,$4.78,1439917855399,"5,450",83% bullish,of 6 ratings,$7
CCOI,$28.94,1439917855447,"227,407",50% bullish,of 4 ratings,$35
CGNT,$1.61,1439917855475,"12,800",100% bullish,of 2 ratings,$2
CTSH,$67.68,1439917855501,"518,687",90% bullish,of 10 ratings,$74.50
CGNX,$36.92,1439917855531,"173,400",50% bullish,of 2 ratings,$47
COHR,$58.24,1439917855670,"21,685",50% bullish,of 2 ratings,$72
CHRS,$32.9,1439917855898,"25,946",67% bearish,of 3 ratings,$37
COHU,$9.24,1439917855950,"34,407",100% bearish,of 1 rating,$14.25
CLRX,$0.5,1439917856079,"8,553",50% bullish,of 2 ratings,$1.85
CLCT,$19.7,1439917856113,"13,161",100% bearish,of 1 rating,N/A
CIGI,$47.82,1439917856139,600,100% bearish,of 1 rating,$52
COLL,$15.907,1439917856211,"29,816",100% bearish,of 1 rating,$26
CBAN,$8.8,1439917856236,"2,700",Not yet rated,NULL,N/A
CLCD,$8.2499,1439917856377,"11,159",100% bearish,of 1 rating,$20.50
CMCSA,$59.7499,1439917856523,"2,779,858",66% bullish,of 35 ratings,$69.50
CMCO,$21.36,1439917856556,"9,106",60% bullish,of 5 ratings,$28
COLM,$65.82,1439917856655,"41,219",100% bearish,of 1 rating,$71
CMCSK,$60.18,1439917856687,"841,341",Not yet rated,NULL,$84
COLB,$33.37,1439917856718,"58,920",Not yet rated,NULL,$36
CBMX,$1.27,1439917856787,"18,820",83% bullish,of 6 ratings,$3.15
CBSH,$47.46,1439917856812,"76,386",50% bullish,of 2 ratings,$46
CBSHP,$25.29,1439917857051,"1,970",100% bearish,of 1 rating,N/A
CVGI,$4.5,1439917857078,"104,049",50% bullish,of 2 ratings,$6
CUBN,$14.0001,1439917857107,"3,778",Not yet rated,NULL,N/A
COMM,$31.44,1439917857279,"167,302",67% bearish,of 3 ratings,$35
CSAL,$23.39,1439917857305,"152,154",75% bullish,of 4 ratings,$30
ESXB,$5.09,1439917857434,"3,000",Not yet rated,NULL,N/A
CYHHZ,$0.011,1439917857461,"302,984",100% bullish,of 1 rating,N/A
JCS,$9.89,1439917857482,"1,536",67% bullish,of 3 ratings,N/A
CTBI,$35.05,1439917857514,"27,213",Not yet rated,NULL,$36
CIZ,$35.058,1439917857801,"1,796",100% bearish,of 1 rating,N/A
CIL,NULL,1439917857843,0,Not yet rated,NULL,N/A
CID,NULL,1439917857905,0,Not yet rated,NULL,N/A
CVLT,$37.28,1439917857931,"187,032",75% bullish,of 4 ratings,$44.50
COB,$10.92,1439917857985,300,100% bullish,of 1 rating,$11.50
CSA,$34.56,1439917858063,"1,600",Not yet rated,NULL,N/A
CWBC,NULL,1439917858118,0,Not yet rated,NULL,N/A
CDC,$36.65,1439917858284,"11,064",Not yet rated,NULL,N/A
CSF,$38.664,1439917858309,100,100% bearish,of 1 rating,N/A
CFA,NULL,1439917858338,0,100% bearish,of 1 rating,N/A
CDL,NULL,1439917858368,0,Not yet rated,NULL,N/A
CFO,$37.7,1439917858394,"4,836",100% bearish,of 1 rating,N/A
CSB,$34.6299,1439917858610,225,Not yet rated,NULL,N/A
CGEN,$5.62,1439917858673,"23,987",50% bullish,of 2 ratings,$11
CTG,$6.6088,1439917858742,"45,371",100% bearish,of 1 rating,$8.50
CPSI,$45.74,1439917858771,"19,252",100% bearish,of 1 rating,$45.50
SCOR,$64.46,1439917858874,"58,512",100% bearish,of 1 rating,$66
CHCI,$0.55,1439917858899,"1,154",50% bullish,of 2 ratings,N/A
CXRX,$80,1439917859137,"4,505",Not yet rated,NULL,$90
CNAT,$4.53,1439917859166,"90,496",83% bullish,of 6 ratings,$13
CNCE,$16.5,1439917859304,"184,978",75% bullish,of 4 ratings,$22
CCUR,$5.09,1439917859340,"7,386",75% bullish,of 4 ratings,N/A
CDOR,$1.43,1439917859372,"1,960",100% bullish,of 1 rating,N/A
CMTL,$27.93,1439917859406,"7,779",100% bearish,of 2 ratings,$37
CDORO,$18.8999,1439917859440,480,100% bearish,of 1 rating,N/A
CNSI,$19.28,1439917859474,"16,922",100% bearish,of 2 ratings,$29
CFMS,$23.09,1439917859655,"122,150",Not yet rated,NULL,$27
CDORP,$7.25,1439917859786,100,100% bearish,of 1 rating,N/A
CNFR,$10.45,1439917859845,"10,134",Not yet rated,NULL,N/A
CNOB,$20.31,1439917859929,"5,434",100% bullish,of 1 rating,$23.50
CTWS,$35.17,1439917859975,"6,721",100% bearish,of 1 rating,$44
CNMD,$57.04,1439917860002,"30,774",Not yet rated,NULL,$59
CNXR,$6.56,1439917860071,"22,833",100% bearish,of 1 rating,$12
CNSL,$20.32,1439917860171,"37,299",100% bearish,of 1 rating,$23
CWCO,$11.68,1439917860317,"21,151",67% bullish,of 3 ratings,$14.50
CFRX,$5.3801,1439917860363,"46,873",Not yet rated,NULL,$14
CONN,$33.11,1439917860418,"109,918",67% bullish,of 3 ratings,$48.50
CPSS,$5.73,1439917860494,"9,326",100% bullish,of 1 rating,$10
CFRXW,$2.305,1439917860519,"5,857",100% bearish,of 1 rating,N/A
CTCT,$24.62,1439917860549,"106,593",67% bullish,of 3 ratings,$37
CFRXZ,$0.8001,1439917860710,"2,401",Not yet rated,NULL,N/A
CTRV,$4.619,1439917860737,"6,341",Not yet rated,NULL,$6.40
CPRT,$36.63,1439917860879,"52,465",67% bearish,of 3 ratings,$40
CTRL,$8.3,1439917860938,"40,260",50% bullish,of 2 ratings,$11
CRBP,$1.8999,1439917860968,"39,146",100% bullish,of 1 rating,$6.25
CORT,$5.4,1439917861008,"40,771",67% bullish,of 3 ratings,$12
CORE,$64.08,1439917861070,"23,312",100% bearish,of 1 rating,$72
BVA,$3.78,1439917861101,100,50% bullish,of 2 ratings,N/A
CORI,$11.62,1439917861202,"19,674",100% bearish,of 1 rating,$18
CRVL,$33.63,1439917861335,"3,808",100% bearish,of 1 rating,N/A
CSOD,$38.125,1439917861361,"124,690",50% bullish,of 2 ratings,$42
COSI,$1.19,1439917861492,"15,196",100% bullish,of 1 rating,N/A
COST,$145.32,1439917861524,"298,781",83% bullish,of 24 ratings,$154.50
CSGP,$195.78,1439917861552,"19,403",50% bullish,of 2 ratings,$235
CPAH,$0.4699,1439917861625,"3,665",50% bullish,of 2 ratings,N/A
COVS,$2.82,1439917861794,"35,613",67% bullish,of 3 ratings,N/A
ICBK,$18.25,1439917861824,500,Not yet rated,NULL,$21
CVTI,$25.3,1439917861845,"31,705",67% bearish,of 3 ratings,$39
COWN,$5.5,1439917861972,"215,996",75% bullish,of 4 ratings,$7
COWNL,$27.36,1439917862067,190,Not yet rated,NULL,N/A
CRAI,$22.9,1439917862099,"3,495",Not yet rated,NULL,$36
CBRL,$150.466,1439917862134,"53,894",50% bullish,of 2 ratings,$155
CPSH,$2.47,1439917862201,"1,100",Not yet rated,NULL,N/A
BREW,$8.1625,1439917862230,"17,457",67% bullish,of 6 ratings,$15
CRAY,$22.46,1439917862365,"92,877",83% bullish,of 6 ratings,$38.50
CACC,$204.25,1439917862394,"23,513",50% bullish,of 2 ratings,$158.50
CREE,$27.635,1439917862630,"577,487",65% bullish,of 17 ratings,$28.50
CRESY,$11.5,1439917862705,"32,556",100% bearish,of 1 rating,$19
SLVO,$10.2,1439917862769,"10,069",100% bearish,of 1 rating,N/A
CRDS,$1.15,1439917862821,300,50% bullish,of 4 ratings,$4.50
CRTO,$47.5,1439917862851,"132,735",67% bullish,of 6 ratings,$64
CROX,$14.69,1439917862873,"254,289",63% bullish,of 8 ratings,$16.50
GLDI,$10.92,1439917862894,"1,400",100% bearish,of 1 rating,N/A
CRWN,$4.8,1439917863173,"29,796",75% bullish,of 4 ratings,N/A
CRWS,$8.1699,1439917863199,400,Not yet rated,NULL,$10
CYRX,$3.0001,1439917863277,"18,721",Not yet rated,NULL,$9
CCRN,$14.62,1439917863333,"87,377",100% bearish,of 1 rating,$14.25
CYRXW,$0.93,1439917863362,"8,841",Not yet rated,NULL,N/A
CSGS,$32.23,1439917863465,"21,545",Not yet rated,NULL,$40
CCLP,$15.0599,1439917863528,"19,203",67% bearish,of 3 ratings,$21
CSPI,$6.15,1439917863629,"1,445",67% bullish,of 3 ratings,N/A
CTIC,$1.805,1439917863710,"192,736",84% bullish,of 76 ratings,$5.75
CTCM,$1.78,1439917863739,"287,181",80% bearish,of 5 ratings,$3.90
CTRP,$70.02,1439917863912,"798,310",75% bullish,of 8 ratings,$92
CUNB,$22.29,1439917863960,802,Not yet rated,NULL,$24.50
CTIB,NULL,1439917864011,0,100% bearish,of 1 rating,N/A
CUI,$5.4,1439917864094,"10,349",50% bullish,of 2 ratings,$10
CPIX,$5.99,1439917864226,3,Not yet rated,NULL,N/A
CRIS,$2.805,1439917864252,"121,069",100% bullish,of 8 ratings,$6
CMLS,$1.28,1439917864303,"184,295",50% bullish,of 4 ratings,$6
CVV,$12.3898,1439917864467,"7,762",100% bullish,of 5 ratings,N/A
CYAN,NULL,1439917864492,0,100% bearish,of 1 rating,N/A
CYBE,$6.05,1439917864677,"11,130",100% bearish,of 1 rating,N/A
CYBR,$59.3401,1439917864741,"509,373",86% bullish,of 7 ratings,$66
CYBX,$59.64,1439917864813,"26,538",50% bullish,of 4 ratings,$70
CVBF,$17.51,1439917864874,"95,778",Not yet rated,NULL,$18
CYCCP,NULL,1439917864948,0,100% bearish,of 1 rating,N/A
CYCC,$0.62,1439917865006,"12,246",73% bullish,of 11 ratings,N/A
CUTR,$15,1439917865048,"18,158",67% bearish,of 3 ratings,$18
CBAY,$2.8299,1439917865085,"65,337",100% bullish,of 1 rating,$4
CY,$10.1,1439917865318,"1,600,500",80% bullish,of 10 ratings,$15.50
CYNA,$15.08,1439917865348,"7,755",100% bullish,of 1 rating,$33
CYNO,$34.3,1439917865380,"39,330",67% bearish,of 3 ratings,$45.50
CONE,$34.4475,1439917865447,"100,261",67% bearish,of 3 ratings,$35
CYRN,$1.75,1439917865486,"161,411",67% bullish,of 3 ratings,$4
CTSO,$7.3235,1439917865581,"55,602",Not yet rated,NULL,$15.625
CYTK,$6.58,1439917865613,"37,963",71% bullish,of 14 ratings,$13.50
CYTX,$0.3939,1439917865635,"332,546",83% bullish,of 12 ratings,$5.50
CYTR,$2.345,1439917865786,"307,001",67% bullish,of 6 ratings,$10
TVIZ,NULL,1439917865917,0,100% bearish,of 1 rating,N/A
DAEG,$0.36,1439917865979,"1,400",100% bearish,of 1 rating,N/A
TVIX,$5.6601,1439917866049,"1,682,877",81% bullish,of 16 ratings,N/A
XIV,$47.7208,1439917866106,"3,083,029",75% bearish,of 4 ratings,N/A
ZIV,$49.73,1439917866131,"11,761",Not yet rated,NULL,N/A
DJCO,NULL,1439917866206,0,Not yet rated,NULL,N/A
DAKT,$11.87,1439917866237,"57,823",50% bullish,of 2 ratings,$14
DARA,$0.9272,1439917866383,"40,655",83% bullish,of 6 ratings,$1.50
DRAM,$1.495,1439917866481,500,78% bullish,of 9 ratings,N/A
DAIO,$2.69,1439917866579,72,Not yet rated,NULL,N/A
DTLK,$5.81,1439917866610,"21,252",100% bearish,of 1 rating,$9
DWCH,$5.31,1439917866711,"11,946",75% bullish,of 4 ratings,$8.25
DWSN,$5.05,1439917866739,"25,199",67% bullish,of 3 ratings,$6
PLAY,$36.51,1439917866778,"49,324",100% bullish,of 5 ratings,$42
DTEA,$12.79,1439917866809,"34,225",100% bearish,of 2 ratings,$24
DHRM,$1.84,1439917866996,"1,000",Not yet rated,NULL,N/A
TACO,$13.64,1439917867088,"76,067",100% bullish,of 3 ratings,$20
DBVT,$43.97,1439917867127,"44,278",100% bearish,of 1 rating,$53
TRAK,$62.25,1439917867186,"78,196",50% bullish,of 2 ratings,$62.50
TACOW,$4.3375,1439917867236,"1,910",100% bullish,of 1 rating,N/A
DCTH,$0.4912,1439917867292,"39,592",78% bullish,of 9 ratings,N/A
DFRG,$15.33,1439917867398,"43,076",100% bearish,of 1 rating,$20
DGAS,$20.1501,1439917867457,"1,862",67% bearish,of 3 ratings,N/A
DELT,$2.5,1439917867669,"1,000",Not yet rated,NULL,N/A
DSCI,$6.49,1439917867884,"15,170",50% bullish,of 2 ratings,$16
DENN,$12.38,1439917867911,"166,729",100% bullish,of 3 ratings,$15
DELTW,NULL,1439917867942,0,Not yet rated,NULL,N/A
XRAY,$57.48,1439917867963,"377,050",100% bullish,of 1 rating,$58
DEPO,$31.53,1439917868001,"219,952",80% bullish,of 5 ratings,$32
DEST,$12.1,1439917868091,"14,615",50% bullish,of 2 ratings,N/A
DERM,$25.07,1439917868117,"25,592",100% bearish,of 1 rating,$33
DXLG,$4.88,1439917868252,"3,800",100% bearish,of 1 rating,$8
DXM,$0.3279,1439917868353,"161,586",50% bullish,of 2 ratings,N/A
DSWL,$1.7603,1439917868381,"4,454",100% bullish,of 1 rating,N/A
DXCM,$97.41,1439917868443,"167,462",57% bullish,of 7 ratings,$98
DHXM,$7.55,1439917868618,2,Not yet rated,NULL,N/A
DMND,$32,1439917868648,"46,823",75% bullish,of 12 ratings,$32
DHIL,$192.48,1439917868749,436,Not yet rated,NULL,N/A
FANG,$72.68,1439917868835,"194,621",50% bullish,of 2 ratings,$86
DRNA,$10.26,1439917868863,"38,722",67% bearish,of 3 ratings,$25
DGII,$10.15,1439917868896,"38,570",100% bearish,of 1 rating,$10
DCIX,$1.875,1439917869000,"5,219",50% bullish,of 4 ratings,$3.50
DMRC,$36.38,1439917869039,"17,060",100% bearish,of 1 rating,$44
DGLY,$7.43,1439917869255,"84,048",50% bullish,of 6 ratings,$20
APPS,$2.3,1439917869281,"41,899",100% bearish,of 1 rating,$10.25
DCOM,$17.18,1439917869307,"13,611",100% bearish,of 2 ratings,$16.50
DRAD,$4.07,1439917869445,"4,704",100% bullish,of 1 rating,$5.25
DPRX,$13.73,1439917869503,"4,713",100% bullish,of 2 ratings,$27.75
DIOD,$19.8,1439917869580,"73,690",75% bearish,of 4 ratings,$24
DISCA,$29.035,1439917869610,"362,773",67% bullish,of 3 ratings,$34
DISCB,NULL,1439917869711,0,100% bearish,of 1 rating,$35
DISCK,$27.64,1439917869854,"703,797",100% bearish,of 1 rating,$40
DVCR,$11.76,1439917869937,"1,445",100% bullish,of 1 rating,N/A
DSCO,$0.48,1439917870133,"171,542",83% bullish,of 6 ratings,$2.75
DISH,$66.385,1439917870191,"220,923",69% bullish,of 13 ratings,$73
DNBF,$26.5,1439917870261,1,Not yet rated,NULL,$27.50
DLHC,$2.56,1439917870292,742,100% bearish,of 1 rating,N/A
DLTR,$79.12,1439917870314,"310,089",82% bullish,of 11 ratings,$88
BAGR,$2.997,1439917870350,"8,171",100% bearish,of 1 rating,$6
DGICB,$18.23,1439917870378,2,100% bearish,of 1 rating,N/A
DGICA,$14.64,1439917870456,"1,923",100% bearish,of 1 rating,$17
DMLP,$14.68,1439917870559,"14,784",100% bearish,of 1 rating,N/A
HILL,$5.29,1439917870827,"258,301",60% bearish,of 5 ratings,$8
DRWI,$0.3,1439917870969,"55,200",60% bullish,of 5 ratings,$.45
DRYS,$0.345,1439917871001,"1,522,219",77% bullish,of 31 ratings,$.60
DORM,$51.38,1439917871034,"54,294",100% bearish,of 1 rating,$56
DWA,$19.29,1439917871103,"89,117",63% bullish,of 8 ratings,$26
DRWIW,NULL,1439917871155,0,Not yet rated,NULL,N/A
DSPG,$8.78,1439917871180,"32,663",100% bearish,of 1 rating,$13.50
DSKX,$3.6711,1439917871237,"97,223",100% bullish,of 1 rating,N/A
CADT,NULL,1439917871319,0,Not yet rated,NULL,N/A
CADTU,NULL,1439917871487,0,Not yet rated,NULL,N/A
CADTW,NULL,1439917871561,0,Not yet rated,NULL,N/A
CADTR,NULL,1439917871629,0,Not yet rated,NULL,N/A
DNKN,$51.69,1439917871660,"190,899",67% bullish,of 15 ratings,$56.50
DTSI,$27.11,1439917871707,"25,486",100% bearish,of 2 ratings,$39.50
DXPE,$29.75,1439917871761,"181,276",50% bullish,of 2 ratings,N/A
DRRX,$2.13,1439917871892,"151,043",50% bullish,of 6 ratings,$3
DYAX,$23.66,1439917871988,"171,730",89% bullish,of 9 ratings,$30
BOOM,$10.11,1439917872024,"20,459",67% bullish,of 3 ratings,$12
DVAX,$30.17,1439917872122,"93,651",70% bullish,of 10 ratings,$40
DYNT,$3.08,1439917872148,300,75% bullish,of 4 ratings,N/A
ETFC,$28.205,1439917872195,"379,318",57% bullish,of 14 ratings,$33
DYSL,NULL,1439917872326,0,100% bullish,of 2 ratings,N/A
EBMT,NULL,1439917872368,0,Not yet rated,NULL,$13.50
EGBN,$44.9,1439917872517,"22,756",Not yet rated,NULL,$48
EGLE,$7.5,1439917872549,"1,954",60% bullish,of 5 ratings,N/A
EGRX,$69.2699,1439917872576,"77,562",67% bullish,of 3 ratings,$97
EWBC,$45.02,1439917872652,"114,329",100% bearish,of 1 rating,$50
EACQU,$10.18,1439917872797,118,Not yet rated,NULL,N/A
ELNK,$9.22,1439917872866,"368,627",80% bullish,of 5 ratings,$9.50
EVBS,$6.45,1439917873015,234,Not yet rated,NULL,$7
EROC,$1.44,1439917873044,"120,832",50% bullish,of 2 ratings,$3
EML,$17.249,1439917873073,688,Not yet rated,NULL,N/A
EBIX,$30.05,1439917873145,"50,075",69% bullish,of 13 ratings,$40
EBAY,$27.72,1439917873250,"2,621,136",81% bullish,of 117 ratings,$48
ELON,$0.5501,1439917873279,"39,697",50% bullish,of 2 ratings,N/A
ECHO,$25.49,1439917873382,"207,532",67% bearish,of 3 ratings,$35.50
ECTE,$1.5201,1439917873432,"15,443",75% bullish,of 4 ratings,N/A
EEI,$11.1501,1439917873566,292,67% bearish,of 3 ratings,N/A
ECACU,NULL,1439917873697,0,Not yet rated,NULL,N/A
ESES,$3.48,1439917873763,"2,200",100% bearish,of 1 rating,$7
SATS,$46.45,1439917873856,"36,167",50% bullish,of 2 ratings,$60
EDAP,$3.5817,1439917873910,"4,711",60% bullish,of 5 ratings,$4.50
EDGW,NULL,1439917874062,0,100% bearish,of 1 rating,N/A
EDUC,$4.75,1439917874113,"1,129",100% bearish,of 1 rating,N/A
EFUT,$4.44,1439917874191,"8,607",Not yet rated,NULL,N/A
EHTH,$14.66,1439917874243,"37,368",50% bullish,of 4 ratings,$16.50
EGLT,$12.45,1439917874269,"8,750",50% bullish,of 2 ratings,$21
EGAN,$3.48,1439917874320,"1,400",50% bullish,of 2 ratings,$6.25
EMITF,$1.2899,1439917874348,"5,171",75% bullish,of 4 ratings,N/A
LOCO,$14.1601,1439917874402,"473,481",69% bullish,of 13 ratings,$23
ESLT,$82.76,1439917874558,"4,806",100% bullish,of 2 ratings,N/A
ERI,$9.75,1439917874615,"37,794",100% bearish,of 1 rating,$10
ELRC,$10.25,1439917874714,"5,288",100% bearish,of 1 rating,N/A
ESIO,$4.58,1439917874741,"24,354",50% bullish,of 2 ratings,$10
EFII,$45.55,1439917874962,"135,571",80% bullish,of 5 ratings,$55
EA,$73.91,1439917875013,"818,225",77% bullish,of 35 ratings,$80
ELEC,NULL,1439917875040,0,Not yet rated,NULL,N/A
ELECU,NULL,1439917875094,0,Not yet rated,NULL,N/A
ELECW,NULL,1439917875121,0,Not yet rated,NULL,N/A
EBIO,$4.05,1439917875288,"586,138",100% bearish,of 2 ratings,$8.35
ELSE,NULL,1439917875355,0,60% bullish,of 5 ratings,N/A
ESBK,NULL,1439917875383,0,Not yet rated,NULL,N/A
RDEN,$10.51,1439917875434,"62,613",100% bearish,of 4 ratings,$15
ELTK,$1.1115,1439917875517,"1,800",67% bearish,of 3 ratings,N/A
LONG,$17.13,1439917875572,"19,360",67% bullish,of 3 ratings,$15.75
CAPX,$23.9699,1439917875711,102,Not yet rated,NULL,N/A
EMKR,$7.2599,1439917875903,"46,038",75% bullish,of 4 ratings,$8.50
EMMSP,NULL,1439917875967,0,100% bearish,of 1 rating,N/A
EMMS,$1.2,1439917876034,"4,396",67% bullish,of 6 ratings,N/A
ENTA,$40.575,1439917876142,"37,960",50% bullish,of 2 ratings,$42
ERS,$2.95,1439917876182,"6,500",Not yet rated,NULL,N/A
EMCF,NULL,1439917876208,0,100% bearish,of 1 rating,N/A
EMCI,$24,1439917876274,"5,600",Not yet rated,NULL,N/A
ECPG,$40.69,1439917876339,"55,028",100% bullish,of 2 ratings,$52
NYNY,$4.35,1439917876364,"5,783",50% bullish,of 2 ratings,N/A
WIRE,$33.89,1439917876515,"61,379",100% bearish,of 1 rating,$37
ENDP,$85.5,1439917876543,"201,628",50% bullish,of 6 ratings,$104
ELGX,$13.15,1439917876897,"202,355",75% bullish,of 4 ratings,$17
WATT,$7.01,1439917877083,"55,499",50% bullish,of 2 ratings,$13
ECYT,$5.37,1439917877154,"66,921",83% bullish,of 6 ratings,$12
EFOI,$15.55,1439917877187,"112,990",50% bullish,of 2 ratings,$17
ENOC,$8.6199,1439917877209,"68,116",75% bullish,of 4 ratings,$18
EXXI,$1.67,1439917877230,"554,337",86% bullish,of 7 ratings,$3.50
ERII,$3.02,1439917877263,"75,197",80% bullish,of 5 ratings,$2.50
EIGI,$16,1439917877290,"139,813",67% bearish,of 3 ratings,$20
ENG,$1.01,1439917877425,"17,997",100% bullish,of 3 ratings,N/A
ENPH,$5.1439,1439917877497,"359,546",75% bullish,of 4 ratings,$11
ENTG,$14.6,1439917877558,"104,800",100% bearish,of 1 rating,$18
ENFC,$18.49,1439917877642,"2,402",Not yet rated,NULL,N/A
ENTL,$22.49,1439917877689,"7,841",Not yet rated,NULL,$28
ETRM,$0.262,1439917877798,"470,497",69% bearish,of 35 ratings,$1.625
EBTC,$21.44,1439917877853,150,Not yet rated,NULL,N/A
ESGR,$157.31,1439917877941,"97,832",100% bearish,of 1 rating,$185
EFSC,$24.9,1439917878114,"11,145",Not yet rated,NULL,$27
ENVI,$1.81,1439917878222,"10,000",67% bullish,of 3 ratings,N/A
ENZN,$1.08,1439917878291,"275,612",100% bullish,of 9 ratings,N/A
EPIQ,$14.03,1439917878351,"15,515",100% bearish,of 1 rating,$18
ENZY,$8.73,1439917878378,"4,094",67% bullish,of 3 ratings,$9.50
EPZM,$17.64,1439917878511,"112,639",60% bullish,of 5 ratings,$34
EQIX,$286.23,1439917878540,"84,766",67% bullish,of 3 ratings,$312.50
PLUS,$74.875,1439917878620,"9,917",50% bullish,of 2 ratings,$88
EQFN,NULL,1439917878676,0,Not yet rated,NULL,N/A
EGT,$2.22,1439917878705,"7,005",100% bullish,of 1 rating,N/A
EPRS,$5.0004,1439917878809,"39,893",82% bullish,of 11 ratings,$15
ERIC,$10.5,1439917878905,"626,744",63% bullish,of 8 ratings,$13.30
EAC,$3.6794,1439917878973,"36,451",100% bearish,of 1 rating,$8
ERIE,$87.19,1439917879166,"7,586",Not yet rated,NULL,$73
ESCR,$0.2099,1439917879193,"20,340",50% bullish,of 2 ratings,N/A
ESCA,$18.27,1439917879223,"4,600",100% bearish,of 1 rating,$22
ESCRP,$1.8364,1439917879251,"2,063",100% bearish,of 1 rating,N/A
ESMC,NULL,1439917879279,0,Not yet rated,NULL,N/A
ESPR,$68.5,1439917879447,"1,906,077",67% bearish,of 9 ratings,$130
ESSA,$12.81,1439917879476,500,100% bearish,of 1 rating,N/A
CLWT,$2.561,1439917879625,"1,500",100% bearish,of 1 rating,N/A
EPIX,$7,1439917879651,120,Not yet rated,NULL,N/A
ETSY,$16.04,1439917879705,"359,746",80% bullish,of 5 ratings,$16
ESND,$36.14,1439917879780,"37,476",100% bearish,of 1 rating,$40
ESSX,$0.49,1439917879837,"10,469",50% bullish,of 2 ratings,N/A
EEFT,$68.695,1439917879913,"50,159",100% bearish,of 1 rating,$67.50
ESEA,$6.26,1439917879995,"1,082",100% bullish,of 1 rating,$15
EVEP,$8.5199,1439917880174,"149,088",50% bullish,of 2 ratings,$15
EVOK,$5.72,1439917880201,"1,107,714",100% bearish,of 1 rating,$13.75
EVK,NULL,1439917880250,0,75% bearish,of 4 ratings,N/A
EXAS,$23.35,1439917880329,"176,599",78% bullish,of 9 ratings,$31
EXA,$10.68,1439917880414,"12,750",100% bearish,of 1 rating,$13
EVLV,$2.185,1439917880462,"52,472",60% bullish,of 5 ratings,$6.50
EVOL,$6.47,1439917880516,"15,259",75% bullish,of 4 ratings,$10
EXAC,$18.67,1439917880595,"11,158",100% bearish,of 1 rating,$22.50
EXEL,$5.76,1439917880697,"1,097,313",81% bullish,of 16 ratings,$6
EXPE,$122.77,1439917880761,"234,231",64% bullish,of 11 ratings,$130
EXFO,$2.81,1439917880833,"5,391",67% bearish,of 3 ratings,$3.95
EXLS,$37.09,1439917880868,"22,408",100% bullish,of 1 rating,$41
EXPD,$49.72,1439917880978,"381,888",80% bullish,of 5 ratings,$50.50
EXPO,$43.99,1439917881044,"8,526",100% bearish,of 1 rating,$45.50
ESRX,$90.42,1439917881070,"1,403,179",67% bearish,of 6 ratings,$101
EXLP,$20.72,1439917881147,"12,951",100% bearish,of 1 rating,$27
EYEG,$4.54,1439917881374,"8,250",Not yet rated,NULL,N/A
EZPW,$6.08,1439917881548,"38,055",50% bullish,of 4 ratings,$7.50
EXTR,$2.99,1439917881591,"226,123",80% bullish,of 5 ratings,$3
FCS,$14.23,1439917881644,"170,843",67% bearish,of 3 ratings,$17
EYEGW,NULL,1439917881676,0,Not yet rated,NULL,N/A
FFIV,$133.36,1439917881698,"164,767",71% bullish,of 7 ratings,$132
EZCH,$21.8051,1439917881729,"63,464",75% bullish,of 8 ratings,$19.50
FB,$95.24,1439917881780,"9,082,614",73% bullish,of 1064 ratings,$111
FALC,$1.6632,1439917882004,"42,515",63% bearish,of 8 ratings,N/A
DAVE,$15.38,1439917882038,"9,101",100% bearish,of 1 rating,$15.50
FRP,$17.81,1439917882066,"18,050",100% bearish,of 1 rating,$18
FWM,$2.32,1439917882139,"53,291",100% bearish,of 2 ratings,$3.20
FFKT,$27.64,1439917882171,"6,171",Not yet rated,NULL,$29
FMNB,$8.1299,1439917882314,"11,607",Not yet rated,NULL,N/A
FARM,$22.31,1439917882384,"5,495",100% bearish,of 1 rating,$35
FARO,$41.07,1439917882490,"47,386",50% bullish,of 2 ratings,$48
FAST,$40.63,1439917882521,"375,710",80% bullish,of 5 ratings,$46
FATE,$7.9056,1439917882622,"40,650",100% bearish,of 1 rating,$11
FBSS,NULL,1439917882647,0,Not yet rated,NULL,N/A
FBRC,$23.22,1439917882673,"28,671",100% bearish,of 1 rating,$29
FEIC,$81.31,1439917882862,"187,830",50% bullish,of 2 ratings,$95.50
FNHC,$23.69,1439917882907,"19,484",100% bearish,of 1 rating,$35
FDML,$9.69,1439917882941,"57,236",50% bullish,of 4 ratings,$14
FENX,$9.72,1439917883046,"14,876",100% bullish,of 1 rating,$14.25
FGEN,$24.8654,1439917883068,"222,208",100% bearish,of 1 rating,$39
FCSC,$6.31,1439917883102,"38,494",100% bearish,of 1 rating,$8.125
FHCO,$1.49,1439917883123,"6,764",50% bullish,of 4 ratings,N/A
ONEQ,$199.44,1439917883343,"32,904",100% bullish,of 1 rating,N/A
FRGI,$54.66,1439917883487,"53,862",50% bullish,of 2 ratings,$70
LION,$19.91,1439917883517,"36,372",100% bullish,of 1 rating,$20
FDUS,$15.35,1439917883543,"25,185",100% bullish,of 1 rating,$18
FSAM,$8.68,1439917883618,"4,149",100% bearish,of 1 rating,$11
FSC,$6.475,1439917883674,"293,221",75% bullish,of 4 ratings,$8
FSFR,$9.12,1439917883809,"36,169",100% bearish,of 1 rating,$11.50
FSCFL,$25,1439917883887,"4,563",Not yet rated,NULL,N/A
FISI,$24.48,1439917883913,"1,817",100% bullish,of 2 ratings,$24.50
FITB,$21.13,1439917883944,"975,760",54% bullish,of 13 ratings,$22
FNGN,$35.62,1439917883979,"114,063",67% bullish,of 3 ratings,$47
FITBI,$27.79,1439917884083,"4,603",Not yet rated,NULL,N/A
FNSR,$17.39,1439917884105,"502,501",86% bullish,of 7 ratings,$25
FNJN,$1.74,1439917884241,"2,312",100% bearish,of 1 rating,$5
FNTCU,NULL,1439917884270,0,Not yet rated,NULL,N/A
FNTC,NULL,1439917884325,0,Not yet rated,NULL,N/A
FNTCW,NULL,1439917884507,0,Not yet rated,NULL,N/A
FEYE,$43.2503,1439917884532,"1,430,091",87% bullish,of 15 ratings,$55.50
FRBA,$6,1439917884724,350,Not yet rated,NULL,$8
FCFS,$38.22,1439917884756,"25,517",100% bearish,of 2 ratings,$48
FBNC,$17.13,1439917884786,"4,196",100% bullish,of 1 rating,$20
BUSE,$6.42,1439917884855,"12,455",Not yet rated,NULL,$6.875
FNLC,$18.86,1439917884920,"2,100",100% bullish,of 1 rating,N/A
FCVA,NULL,1439917884949,0,Not yet rated,NULL,N/A
FBIZ,$44,1439917884983,"3,223",100% bearish,of 2 ratings,$52
FCAP,NULL,1439917885083,0,Not yet rated,NULL,N/A
FCLF,NULL,1439917885239,0,Not yet rated,NULL,N/A
FCNCA,$247.5,1439917885299,"1,077",Not yet rated,NULL,N/A
FCCO,$12.14,1439917885509,7,Not yet rated,NULL,$13.25
FBNK,$16.42,1439917885540,"2,478",100% bearish,of 1 rating,$17.50
FCBC,$18.11,1439917885610,"2,645",Not yet rated,NULL,$17
FDEF,$37.5,1439917885635,"9,224",Not yet rated,NULL,$38
FCFP,NULL,1439917885685,0,Not yet rated,NULL,N/A
FFBC,$19.39,1439917885717,"30,940",67% bearish,of 3 ratings,$20.25
FFIN,$32.57,1439917885817,"26,224",50% bullish,of 2 ratings,$31.75
FFNM,$6.34,1439917885846,38,Not yet rated,NULL,N/A
THFF,$33.9,1439917886017,"11,798",Not yet rated,NULL,$35
FFBCW,NULL,1439917886047,0,100% bearish,of 1 rating,N/A
FFNW,$12.52,1439917886079,"1,200",Not yet rated,NULL,$14
INBK,$36.09,1439917886101,"2,719",50% bullish,of 2 ratings,$37
FFWM,$21.33,1439917886181,"1,108",Not yet rated,NULL,$24
FIBK,$27.925,1439917886391,"9,494",Not yet rated,NULL,$32
FNBC,$35.745,1439917886418,"49,168",Not yet rated,NULL,$41
FRME,$26.01,1439917886449,"12,664",Not yet rated,NULL,$26.50
FNFG,$9.75,1439917886550,"680,796",80% bullish,of 5 ratings,$9
FMBH,NULL,1439917886576,0,Not yet rated,NULL,N/A
FMBI,$18.56,1439917886605,"92,505",Not yet rated,NULL,$20
FSFG,$31.2,1439917886710,102,Not yet rated,NULL,N/A
FNWB,$12.21,1439917886781,"3,243",Not yet rated,NULL,N/A
FSLR,$51.07,1439917886907,"506,438",74% bullish,of 39 ratings,$65
BICK,NULL,1439917887006,0,100% bullish,of 1 rating,N/A
FSGI,$2.478,1439917887110,"1,000",Not yet rated,NULL,N/A
FSBK,$7.79,1439917887162,"4,957",100% bullish,of 1 rating,N/A
FTCS,$38.75,1439917887219,"8,814",Not yet rated,NULL,N/A
FBZ,NULL,1439917887247,0,Not yet rated,NULL,N/A
FCAN,NULL,1439917887268,0,Not yet rated,NULL,N/A
FCA,$22.1,1439917887473,"3,795",Not yet rated,NULL,N/A
FEUZ,$32.7299,1439917887676,"1,550",Not yet rated,NULL,N/A
FTSM,$59.9201,1439917887715,"20,147",100% bearish,of 1 rating,N/A
FV,$24.84,1439917887746,"726,052",Not yet rated,NULL,N/A
MDIV,$19.855,1439917887768,"71,160",Not yet rated,NULL,N/A
IFV,$18.71,1439917887803,"147,621",100% bearish,of 1 rating,N/A
TDIV,$25.9576,1439917887847,"90,319",100% bearish,of 1 rating,N/A
FEMB,NULL,1439917887938,0,Not yet rated,NULL,N/A
FGM,$37.2142,1439917888006,"1,836",Not yet rated,NULL,N/A
FTGC,$22.69,1439917888082,"25,482",Not yet rated,NULL,N/A
FTHI,NULL,1439917888210,0,Not yet rated,NULL,N/A
HYLS,$49.778,1439917888236,"215,116",100% bearish,of 1 rating,N/A
FHK,$35.3501,1439917888319,"4,459",Not yet rated,NULL,N/A
SKYY,$30.62,1439917888453,"33,715",100% bullish,of 1 rating,N/A
CU,$12.994,1439917888508,"1,700",100% bearish,of 1 rating,N/A
YDIV,NULL,1439917888607,0,Not yet rated,NULL,N/A
FJP,$50.22,1439917888637,"3,865",Not yet rated,NULL,N/A
PLTM,$6.46,1439917888741,400,100% bearish,of 1 rating,N/A
FTLB,NULL,1439917888769,0,100% bearish,of 1 rating,N/A
FPXI,NULL,1439917888808,0,Not yet rated,NULL,N/A
CIBR,$19.6201,1439917888995,"27,480",Not yet rated,NULL,N/A
LMBS,$50.5299,1439917889020,400,Not yet rated,NULL,N/A
QABA,$39.5599,1439917889049,"3,531",100% bearish,of 1 rating,N/A
FMB,$50.86,1439917889075,"3,618",Not yet rated,NULL,N/A
FONE,$36.81,1439917889230,11,Not yet rated,NULL,N/A
QCLN,$16.1499,1439917889258,"4,315",Not yet rated,NULL,N/A
GRID,NULL,1439917889450,0,100% bearish,of 1 rating,N/A
QQXT,$42.9599,1439917889509,"2,708",Not yet rated,NULL,N/A
CARZ,$36.9348,1439917889538,"1,661",100% bearish,of 1 rating,N/A
RDVY,$22.6,1439917889582,"4,684",Not yet rated,NULL,N/A
QQEW,$44.2898,1439917889669,"5,505",Not yet rated,NULL,N/A
AIRR,$17.02,1439917889759,814,100% bearish,of 1 rating,N/A
QTEC,$42.1973,1439917889795,"11,329",Not yet rated,NULL,N/A
FTSL,$48.94,1439917889852,"15,651",100% bearish,of 1 rating,N/A
QINC,$21.59,1439917890016,1,Not yet rated,NULL,N/A
FKO,$23.83,1439917890062,"1,300",Not yet rated,NULL,N/A
FDIV,$48.45,1439917890121,950,100% bearish,of 1 rating,N/A
FTW,$31.46,1439917890197,"1,150",Not yet rated,NULL,N/A
TUSA,NULL,1439917890261,0,Not yet rated,NULL,N/A
FKU,$43.99,1439917890301,"8,043",Not yet rated,NULL,N/A
FSZ,$40.51,1439917890326,"8,205",Not yet rated,NULL,N/A
FUNC,$8.28,1439917890494,"1,300",Not yet rated,NULL,N/A
SVVC,$10.838,1439917890555,"8,061",100% bullish,of 1 rating,$26
FSV,$33.41,1439917890759,"12,920",Not yet rated,NULL,$33.60
FISV,$90.15,1439917890788,"131,892",100% bearish,of 3 ratings,$90
FIVN,$4.195,1439917890815,"107,001",100% bullish,of 1 rating,$8.50
FMER,$18.79,1439917890850,"430,037",50% bullish,of 2 ratings,$20
FPRX,$18.695,1439917890921,"113,949",50% bullish,of 2 ratings,$35
FIVE,$37.59,1439917890951,"79,847",75% bearish,of 4 ratings,$44
FLML,$21.52,1439917891080,"27,987",50% bullish,of 2 ratings,$30
FLXN,$24.16,1439917891164,"39,951",100% bearish,of 1 rating,$39.50
MBSD,NULL,1439917891355,0,Not yet rated,NULL,N/A
SKOR,$50.01,1439917891392,604,Not yet rated,NULL,N/A
FLIR,$30.43,1439917891447,"127,603",100% bearish,of 1 rating,$38.50
FLKS,$14.61,1439917891473,"23,979",50% bullish,of 2 ratings,$27
FLXS,$40.85,1439917891525,"2,482",100% bearish,of 2 ratings,N/A
FLEX,$11.139,1439917891557,"411,559",63% bullish,of 8 ratings,$12
FLDM,$12.65,1439917891578,"90,951",67% bearish,of 3 ratings,$21.50
FOGO,$19.51,1439917891770,"58,822",50% bullish,of 2 ratings,$25.50
FFIC,$20.87,1439917891876,"12,729",Not yet rated,NULL,$21
FOMX,$10.61,1439917891982,"114,972",50% bullish,of 2 ratings,$23.50
FES,$0.934,1439917892010,"2,100",50% bullish,of 2 ratings,$1
FORTY,NULL,1439917892066,0,Not yet rated,NULL,N/A
FORM,$6.44,1439917892139,"107,055",67% bullish,of 3 ratings,$10.50
FONR,$9.5338,1439917892167,"4,928",100% bullish,of 1 rating,N/A
FORR,$32.31,1439917892376,"9,035",Not yet rated,NULL,N/A
FTNT,$47.79,1439917892403,"283,502",80% bullish,of 10 ratings,$52
FWP,$27.2,1439917892470,"39,971",100% bearish,of 1 rating,$45
FORD,$1.1264,1439917892531,"82,511",50% bullish,of 2 ratings,N/A
FOSL,$62.035,1439917892560,"232,088",50% bullish,of 4 ratings,$70
FBIO,$3.09,1439917892630,"60,473",83% bullish,of 6 ratings,N/A
FWRD,$49.005,1439917892691,"47,187",100% bearish,of 1 rating,$50
FXCB,$17.47,1439917892837,"1,990",Not yet rated,NULL,$19
FMI,$20.06,1439917892883,"113,258",100% bearish,of 2 ratings,$27.50
FOXF,$15.78,1439917892945,"34,369",100% bearish,of 1 rating,$19
FELE,$29.99,1439917892971,"60,685",50% bullish,of 4 ratings,$33
FRAN,$10.385,1439917893026,"651,745",50% bullish,of 4 ratings,$15
FRED,$14.47,1439917893053,"45,371",50% bullish,of 2 ratings,$16.50
FREE,$0.5411,1439917893133,"270,021",92% bullish,of 12 ratings,N/A
FEIM,$10.8813,1439917893328,412,100% bearish,of 1 rating,N/A
RAIL,$20.96,1439917893360,"18,650",100% bearish,of 1 rating,$24.50
FRPT,$14.1,1439917893386,"117,856",67% bearish,of 3 ratings,$23.50
FTRPR,$107.11,1439917893459,800,100% bearish,of 1 rating,N/A
FTR,$5.48,1439917893555,"5,679,765",78% bullish,of 27 ratings,$6.25
FRPH,NULL,1439917893688,0,100% bearish,of 1 rating,N/A
FSBW,$23.5,1439917893735,"1,512",Not yet rated,NULL,N/A
FTEK,$2.28,1439917893819,"11,268",75% bullish,of 4 ratings,N/A
FCEL,$0.8174,1439917893869,"303,239",88% bullish,of 40 ratings,$2.65
FSYS,$6.6,1439917893904,"8,100",67% bullish,of 3 ratings,$10
FTD,$31.46,1439917893927,"87,116",100% bearish,of 1 rating,$40
FULL,$3.2199,1439917893999,"24,487",67% bearish,of 3 ratings,$4.25
FULLL,NULL,1439917894062,0,Not yet rated,NULL,N/A
FULT,$13.11,1439917894206,"342,078",100% bearish,of 1 rating,$13
FSNN,$2.52,1439917894335,950,67% bullish,of 3 ratings,$6
FLL,$1.5301,1439917894382,"4,675",75% bullish,of 4 ratings,$2.825
FFHL,NULL,1439917894418,0,50% bullish,of 4 ratings,N/A
GK,$72.1,1439917894562,"15,733",Not yet rated,NULL,$78
WILC,$5.219,1439917894621,"2,258",100% bullish,of 2 ratings,N/A
FXENP,$16.4895,1439917894647,750,100% bearish,of 1 rating,N/A
FXEN,$1.0537,1439917894697,"60,836",75% bullish,of 4 ratings,$1.10
GAIA,$5.93,1439917894827,"33,323",50% bullish,of 2 ratings,$8.50
GALT,$2.17,1439917894862,"16,615",80% bullish,of 5 ratings,N/A
GLPG,$64.25,1439917894959,"31,880",100% bullish,of 1 rating,$75
GALTW,$0.65,1439917894992,"18,100",100% bullish,of 1 rating,N/A
GALTU,NULL,1439917895019,0,100% bearish,of 1 rating,N/A
GALE,$1.47,1439917895041,"438,650",89% bullish,of 47 ratings,$4
GLMD,$9.01,1439917895245,"2,090",67% bullish,of 3 ratings,$20.50
GLPI,$33.73,1439917895307,"100,129",100% bearish,of 1 rating,$37.50
GPIC,$10.2501,1439917895451,200,100% bearish,of 1 rating,N/A
GRMN,$40.19,1439917895481,"177,123",50% bullish,of 6 ratings,$48
GGAC,$9.82,1439917895585,750,100% bearish,of 1 rating,N/A
GGACR,$0.1999,1439917895610,"2,300",100% bullish,of 1 rating,N/A
GARS,$14.81,1439917895648,"11,785",Not yet rated,NULL,$16
GGACW,$0.12,1439917895677,"11,635",Not yet rated,NULL,N/A
GENC,$9.472,1439917895815,700,100% bearish,of 1 rating,N/A
GFNCP,$98.7,1439917895844,100,Not yet rated,NULL,N/A
GNCMA,$17.7,1439917895948,"21,609",100% bearish,of 1 rating,$12
GGACU,NULL,1439917896083,0,Not yet rated,NULL,N/A
GFN,$4.009,1439917896111,"8,628",100% bearish,of 2 ratings,$8
GFNSL,$25.7999,1439917896137,"2,800",Not yet rated,NULL,N/A
GENE,$2.75,1439917896169,"38,905",100% bullish,of 12 ratings,N/A
GNMK,$9.42,1439917896267,"45,598",67% bullish,of 6 ratings,$14
GNCA,$12.98,1439917896459,"91,942",100% bearish,of 1 rating,$20
GNTX,$15.89,1439917896488,"889,647",Not yet rated,NULL,$20
GHDX,$25.95,1439917896511,"63,518",50% bullish,of 2 ratings,$30
THRM,$48.37,1439917896543,"54,513",75% bearish,of 4 ratings,$55.50
GNVC,$2.3792,1439917896570,688,90% bullish,of 10 ratings,$8.50
GTWN,NULL,1439917896795,0,Not yet rated,NULL,N/A
GABC,$29.67,1439917896857,"2,986",Not yet rated,NULL,$31.50
GEVO,$2.248,1439917896931,"327,093",75% bullish,of 12 ratings,N/A
ROCK,$18.645,1439917896962,"30,086",80% bullish,of 5 ratings,$24
GEOS,$15.26,1439917896991,"32,568",100% bearish,of 3 ratings,$25.50
GERN,$3.34,1439917897070,"672,219",88% bullish,of 16 ratings,$5.25
GIGA,$1.44,1439917897245,766,100% bearish,of 1 rating,N/A
GBCI,$28.11,1439917897313,"45,041",50% bullish,of 2 ratings,$31
GIGM,$0.6465,1439917897341,"18,750",100% bullish,of 2 ratings,N/A
GILD,$117.21,1439917897367,"1,891,728",91% bullish,of 86 ratings,$129
GILT,$4.621,1439917897493,"10,839",50% bullish,of 2 ratings,N/A
GLAD,$8.28,1439917897538,"29,377",50% bullish,of 2 ratings,$8.75
GIII,$69.69,1439917897599,"38,025",67% bullish,of 3 ratings,$75
GOODN,$25.67,1439917897732,61,Not yet rated,NULL,N/A
GLADO,$25.46,1439917897763,750,Not yet rated,NULL,N/A
GOOD,$15.808,1439917897865,"9,242",Not yet rated,NULL,$19
GOODO,$25.25,1439917897926,404,Not yet rated,NULL,N/A
GAINN,$25.22,1439917898163,"2,100",Not yet rated,NULL,N/A
GLBZ,$12.12,1439917898220,254,Not yet rated,NULL,N/A
GAINP,$26,1439917898322,"1,362",Not yet rated,NULL,N/A
GAINO,$25.3,1439917898355,"1,135",Not yet rated,NULL,N/A
GDEF,NULL,1439917898388,0,Not yet rated,NULL,N/A
GAIN,$7.9325,1439917898416,"66,737",100% bullish,of 2 ratings,$8.25
LAND,$9.5,1439917898481,"9,358",50% bullish,of 2 ratings,$13.75
GOODP,$25.24,1439917898551,350,Not yet rated,NULL,N/A
GBT,$47.365,1439917898616,"275,934",Not yet rated,NULL,N/A
ENT,$12.497,1439917898683,"124,159",100% bearish,of 1 rating,$18
GBLI,$27.05,1439917898883,"3,300",Not yet rated,NULL,N/A
GPACU,$10.0329,1439917898911,200,Not yet rated,NULL,N/A
GSOL,$8.53,1439917899081,"4,610",100% bearish,of 1 rating,N/A
ACTX,NULL,1439917899110,0,100% bullish,of 1 rating,N/A
QQQC,$21.0601,1439917899136,"2,562",100% bearish,of 1 rating,N/A
SOCL,$18.4701,1439917899164,"19,785",100% bullish,of 2 ratings,N/A
ALTY,NULL,1439917899216,0,Not yet rated,NULL,N/A
SRET,$13.8973,1439917899294,840,Not yet rated,NULL,N/A
GAI,$5.48,1439917899577,520,50% bullish,of 2 ratings,N/A
GLRI,$1.2101,1439917899615,"1,650",100% bearish,of 1 rating,$6
GSM,$13.74,1439917899637,"133,186",50% bullish,of 2 ratings,$24.50
GLBS,$1.258,1439917899659,"7,500",67% bullish,of 3 ratings,N/A
YLCO,$12.36,1439917899701,"2,002",Not yet rated,NULL,N/A
GLUU,$4.69,1439917899722,"1,356,647",92% bullish,of 26 ratings,$9
GBIM,$2.2,1439917899752,"22,599",50% bullish,of 2 ratings,N/A
GOGO,$16.18,1439917900094,"154,979",80% bullish,of 5 ratings,$25
GMLP,$20.4016,1439917900131,"55,069",50% bullish,of 4 ratings,$32.50
GLNG,$39.06,1439917900159,"242,092",83% bullish,of 6 ratings,$58
GLYC,$7.48,1439917900180,425,50% bullish,of 2 ratings,$14
GOGL,$3.47,1439917900311,"60,903",75% bullish,of 4 ratings,$5
GDEN,NULL,1439917900339,0,50% bullish,of 2 ratings,N/A
GBDC,$16.615,1439917900361,"15,313",Not yet rated,NULL,$17.75
GOOG,$656.02,1439917900495,"372,438",89% bullish,of 65 ratings,$795
GLDC,NULL,1439917900524,0,50% bullish,of 2 ratings,N/A
GOOGL,$688.07,1439917900587,"364,206",88% bullish,of 1078 ratings,$747
GTIM,$7.01,1439917900658,"11,460",Not yet rated,NULL,$11.50
GPRO,$57.575,1439917900688,"1,596,092",79% bullish,of 58 ratings,$72
GPIAU,$10.08,1439917900828,200,Not yet rated,NULL,N/A
GPIA,NULL,1439917900854,0,Not yet rated,NULL,N/A
GMAN,$4.63,1439917900914,"19,912",60% bullish,of 5 ratings,$8
GPIAW,NULL,1439917901048,0,Not yet rated,NULL,N/A
LOPE,$38.99,1439917901113,"66,253",100% bearish,of 2 ratings,$50
GRVY,$3.4242,1439917901211,424,50% bullish,of 2 ratings,N/A
GBSNU,$16.48,1439917901241,"16,425",Not yet rated,NULL,N/A
GBSN,$2.25,1439917901273,"65,322",100% bearish,of 1 rating,$8.25
GNBC,$13.22,1439917901465,"2,300",100% bearish,of 1 rating,$17
GLDD,$5.55,1439917901534,"52,140",100% bearish,of 4 ratings,$7.75
GRBK,$14.64,1439917901560,"99,793",77% bullish,of 13 ratings,N/A
GPP,$14.8,1439917901598,"10,106",Not yet rated,NULL,$20.50
GSBC,$41.905,1439917901700,"4,693",100% bullish,of 1 rating,$44
GLRE,$26.5,1439917901818,"19,306",100% bullish,of 1 rating,$41
GPRE,$21.91,1439917901844,"164,026",67% bullish,of 6 ratings,$28.50
GCBC,$28.4999,1439917901869,100,100% bullish,of 1 rating,N/A
GRIF,NULL,1439917902155,0,100% bearish,of 1 rating,N/A
GRFS,$32.595,1439917902184,"257,144",50% bullish,of 2 ratings,$35
GRPN,$4.26,1439917902217,"3,534,719",61% bullish,of 71 ratings,$6.75
GSIG,$13.5,1439917902239,"5,687",100% bearish,of 2 ratings,N/A
GGAL,$20.92,1439917902271,"64,584",80% bullish,of 5 ratings,$40
OMAB,$42.7,1439917902317,"9,108",100% bullish,of 1 rating,$44
GSIT,$5.02,1439917902400,"1,480",100% bearish,of 1 rating,N/A
GSVC,$9.55,1439917902465,"8,134",50% bullish,of 2 ratings,$14.50
GTXI,$0.96,1439917902600,"20,538",100% bullish,of 5 ratings,$.75
GFED,$14.8,1439917902653,1,Not yet rated,NULL,$17
GBNK,$16.03,1439917902679,"9,289",100% bearish,of 1 rating,$18
GUID,$9.05,1439917902757,"13,541",100% bearish,of 3 ratings,$10
GIFI,$12.66,1439917902952,"27,140",100% bearish,of 1 rating,$16
GPOR,$35.74,1439917903013,"282,107",75% bullish,of 4 ratings,$55.50
GWPH,$114.3,1439917903039,"36,277",78% bullish,of 9 ratings,$148.50
GULTU,$0.3203,1439917903069,"11,690",100% bearish,of 1 rating,N/A
HEES,$17.01,1439917903171,"85,155",67% bearish,of 3 ratings,$31
GWGH,$8.175,1439917903245,100,100% bearish,of 1 rating,$15.05
GURE,$1.84,1439917903317,"9,761",88% bullish,of 8 ratings,N/A
HLG,$9.39,1439917903379,2,100% bearish,of 1 rating,N/A
HNRG,$7.55,1439917903452,"47,170",100% bearish,of 1 rating,$10
GYRO,$2.9,1439917903521,"3,300",100% bearish,of 1 rating,N/A
HALO,$19.21,1439917903613,"421,878",67% bullish,of 3 ratings,$22.50
HALL,$11.76,1439917903651,"4,394",Not yet rated,NULL,N/A
HMPR,$1.9599,1439917903783,"9,598",100% bullish,of 1 rating,N/A
HBHC,$28.76,1439917903863,"153,987",50% bullish,of 2 ratings,$30
HBK,NULL,1439917903887,0,50% bullish,of 2 ratings,N/A
HAFC,$25.58,1439917904068,"13,567",100% bullish,of 2 ratings,$28.50
HNH,$28.9,1439917904093,300,100% bullish,of 1 rating,N/A
HQCL,$10.68,1439917904119,"7,768",67% bullish,of 3 ratings,N/A
HBHCL,$24.595,1439917904149,"21,766",Not yet rated,NULL,N/A
HLIT,$5.89,1439917904259,"130,946",100% bearish,of 1 rating,$6.50
HNSN,$0.5262,1439917904285,"37,354",88% bullish,of 8 ratings,$.40
HDNG,$10.71,1439917904314,"31,275",50% bullish,of 4 ratings,N/A
HRMN,NULL,1439917904487,0,Not yet rated,NULL,N/A
HRMNU,NULL,1439917904534,0,Not yet rated,NULL,N/A
HRMNW,NULL,1439917904624,0,Not yet rated,NULL,N/A
TINY,$2.5512,1439917904659,"7,516",50% bullish,of 2 ratings,$5.26
HART,$0.66,1439917904752,"80,833",100% bearish,of 1 rating,N/A
HBIO,$4.55,1439917904905,"28,805",Not yet rated,NULL,$10
HCAP,$12.4225,1439917904930,"2,056",50% bullish,of 2 ratings,$15
HCAPL,$25.63,1439917905090,"1,100",Not yet rated,NULL,N/A
HAS,$80.19,1439917905162,"163,917",63% bullish,of 8 ratings,$84.50
HA,$25.49,1439917905193,"166,980",67% bullish,of 9 ratings,$27
HWKN,$36.85,1439917905220,"9,325",Not yet rated,NULL,N/A
HCOM,$23.1,1439917905294,"2,308",100% bearish,of 1 rating,$28
HWBK,$13.65,1439917905355,231,100% bearish,of 1 rating,N/A
HDS,$34.73,1439917905390,"263,942",100% bearish,of 2 ratings,$39.50
HAYN,$39.61,1439917905431,"14,641",100% bearish,of 1 rating,$59
HQY,$33.46,1439917905698,"39,130",67% bullish,of 3 ratings,$31
HCSG,$34.63,1439917905725,"38,456",50% bullish,of 4 ratings,$35
HIIQ,$4.66,1439917905758,"4,137",50% bullish,of 2 ratings,$7
HWAY,$12.51,1439917905857,"87,336",100% bearish,of 1 rating,$15
HSTM,$25.705,1439917905878,"35,132",50% bullish,of 2 ratings,$33.75
HTLD,$21.28,1439917905909,"54,370",Not yet rated,NULL,$22.50
HTLF,$37.4,1439917905942,"10,656",100% bullish,of 1 rating,$39.50
HTWR,$88.22,1439917906191,"27,330",50% bullish,of 2 ratings,$103
HSII,$20,1439917906243,"15,993",100% bullish,of 3 ratings,$25
HTBX,$6.0704,1439917906278,"15,010",50% bullish,of 2 ratings,$15.50
HELE,$91.155,1439917906300,"36,059",67% bearish,of 3 ratings,$100
HMNY,$2.2801,1439917906372,"1,000",100% bearish,of 1 rating,N/A
HCACU,$9.98,1439917906450,"1,000",Not yet rated,NULL,N/A
HNNA,$23.15,1439917906472,"2,800",Not yet rated,NULL,N/A
HMTV,$13.29,1439917906503,"3,102",100% bearish,of 1 rating,$16
HSIC,$148.02,1439917906752,"135,676",83% bullish,of 6 ratings,$146
HTBK,$11.03,1439917906778,"7,403",Not yet rated,NULL,$12
HERO,$0.072,1439917906850,"1,168,232",81% bullish,of 16 ratings,$.75
HCCI,$12.75,1439917906976,"6,472",100% bearish,of 1 rating,$16.50
HEOP,$8.01,1439917907019,"3,140",Not yet rated,NULL,$8.50
HFWA,$18.36,1439917907045,"6,176",100% bullish,of 1 rating,$20
HRTX,$32.02,1439917907075,"114,534",67% bullish,of 6 ratings,$41
MLHR,$29.605,1439917907181,"91,946",50% bullish,of 2 ratings,$33.50
HFFC,$16.43,1439917907237,202,Not yet rated,NULL,N/A
HSKA,$33.93,1439917907317,"14,691",100% bearish,of 1 rating,$38
HIBB,$40.43,1439917907475,"92,803",100% bearish,of 1 rating,$48.50
HIFS,$115.052,1439917907527,804,Not yet rated,NULL,N/A
HIHO,$4.1436,1439917907554,"7,614",Not yet rated,NULL,N/A
HPJ,$2.8067,1439917907586,"7,419",75% bullish,of 4 ratings,$12.43
HSGX,$6.7141,1439917907689,810,100% bearish,of 1 rating,$17
HIMX,$6.84,1439917907817,"463,160",85% bullish,of 20 ratings,$8.50
HMNF,$11.51,1439917907915,"1,895",Not yet rated,NULL,N/A
HMSY,$9.535,1439917907942,"422,846",67% bullish,of 3 ratings,$19.35
HOLX,$42.47,1439917908099,"316,162",67% bullish,of 3 ratings,$42
HOLI,$18.12,1439917908170,"166,525",50% bullish,of 4 ratings,$27
HOMB,$40.85,1439917908196,"39,969",Not yet rated,NULL,$41
HBCP,NULL,1439917908232,0,Not yet rated,NULL,$29
HFBL,$22,1439917908327,1,Not yet rated,NULL,N/A
HMIN,$29.5,1439917908353,"20,450",100% bearish,of 2 ratings,$35
AWAY,$31.035,1439917908402,"172,392",67% bullish,of 3 ratings,$36
HTBI,$18.5,1439917908574,"7,629",67% bullish,of 3 ratings,$18.625
HMST,$21.6725,1439917908633,"40,900",100% bullish,of 2 ratings,$27
HKTV,$5.17,1439917908731,"2,226",100% bearish,of 1 rating,N/A
HOFT,$25.25,1439917908830,"3,560",100% bearish,of 1 rating,N/A
HRZN,$11.09,1439917908902,"9,493",100% bearish,of 1 rating,$14.25
HFBC,$11.55,1439917909009,"3,162",Not yet rated,NULL,N/A
HBNC,$25,1439917909039,"13,930",100% bullish,of 1 rating,$27
CETC,$0.88,1439917909073,"40,696",86% bullish,of 7 ratings,N/A
HZNP,$31.75,1439917909144,"516,280",85% bullish,of 20 ratings,$40
ZINC,$8.05,1439917909170,"234,787",100% bearish,of 1 rating,$17
HDP,$26.2,1439917909226,"73,143",67% bearish,of 3 ratings,$30.50
HWCC,$7.4,1439917909367,"132,794",100% bearish,of 1 rating,$9
HOVNP,$5.6,1439917909452,"3,590",100% bearish,of 1 rating,N/A
HMHC,$23.36,1439917909479,"88,934",Not yet rated,NULL,$27
HBMD,$14.82,1439917909559,102,100% bearish,of 1 rating,N/A
HTGM,$5.85,1439917909743,"9,415",100% bearish,of 1 rating,$19.50
HSNI,$63.55,1439917909811,"60,756",Not yet rated,NULL,$80
HSON,$3.02,1439917909843,"5,530",100% bearish,of 1 rating,$5
HBANP,NULL,1439917909905,0,100% bearish,of 1 rating,N/A
HUBG,$41.46,1439917909937,"26,507",100% bearish,of 1 rating,$43
HBAN,$11.815,1439917909992,"2,447,507",76% bullish,of 17 ratings,$12.50
HCBK,$10.34,1439917910018,"263,179",83% bullish,of 6 ratings,$8.61
HDSN,$3.16,1439917910072,"2,723",100% bullish,of 1 rating,$6.25
HURC,$30.6925,1439917910237,"3,194",100% bearish,of 1 rating,N/A
HTCH,$1.6999,1439917910309,"36,551",100% bearish,of 1 rating,$3.50
HURN,$75.47,1439917910335,"20,577",50% bullish,of 2 ratings,$80
HBP,$3.2388,1439917910467,"4,591",100% bullish,of 1 rating,N/A
HDRA,NULL,1439917910494,0,Not yet rated,NULL,N/A
HDRAR,NULL,1439917910547,0,Not yet rated,NULL,N/A
HDRAU,NULL,1439917910681,0,Not yet rated,NULL,N/A
IKGH,$1.85,1439917910835,"41,794",75% bullish,of 4 ratings,N/A
ICAD,$3.65,1439917910937,"29,237",50% bullish,of 2 ratings,$7.25
IDSY,$4.03,1439917910966,"2,500",100% bearish,of 1 rating,$7
HYGS,$7.66,1439917910993,"8,616",50% bullish,of 2 ratings,$13
IACI,$74.83,1439917911073,"111,821",75% bullish,of 4 ratings,$90
HDRAW,NULL,1439917911128,0,Not yet rated,NULL,N/A
IEP,$72.498,1439917911158,"33,384",75% bullish,of 4 ratings,$99
IBKC,$63.1,1439917911180,"42,728",100% bullish,of 1 rating,$70
ICFI,$35.22,1439917911232,"41,302",50% bullish,of 2 ratings,$48.50
ICLR,$80.646,1439917911326,"395,918",100% bearish,of 3 ratings,$85
ICUI,$122.09,1439917911544,"96,876",Not yet rated,NULL,$122
ICON,$13.42,1439917911603,"298,718",50% bullish,of 2 ratings,$18.50
INVE,$5.1055,1439917911673,"106,620",75% bullish,of 4 ratings,$4
IDXX,$78.4598,1439917911701,"205,837",100% bearish,of 1 rating,$77
IPWR,$7.84,1439917911722,"7,939",100% bullish,of 1 rating,$15
IDRA,$2.6499,1439917911759,"358,453",89% bullish,of 9 ratings,$6.50
DSKY,$12.33,1439917911855,"38,930",67% bullish,of 6 ratings,$11.50
IROQ,$16.6,1439917912088,"2,300",100% bullish,of 1 rating,N/A
KANG,$17.03,1439917912142,"63,540",50% bullish,of 2 ratings,$22.55
IRG,$4.34,1439917912170,"7,816",100% bearish,of 1 rating,$4.50
IIVI,$17.69,1439917912199,"42,334",100% bearish,of 1 rating,$22
RXDX,$13.69,1439917912232,"60,978",100% bullish,of 1 rating,$20
IKAN,$2.73,1439917912363,"11,232",83% bullish,of 6 ratings,$5
IKNX,NULL,1439917912440,0,100% bearish,of 1 rating,N/A
ILMN,$207.07,1439917912514,"262,082",80% bullish,of 5 ratings,$240
ISNS,$4.1201,1439917912586,"16,195",50% bullish,of 2 ratings,N/A
IMMR,$12.42,1439917912646,"22,083",80% bullish,of 5 ratings,$15.50
ICCC,$8.99,1439917912781,"1,085",100% bullish,of 1 rating,N/A
IMDZ,$16.63,1439917912837,"35,498",100% bearish,of 1 rating,$33
IMGN,$13.88,1439917912888,"313,029",75% bullish,of 4 ratings,$17.50
IPXL,$46.99,1439917912982,"158,121",67% bullish,of 3 ratings,$46.50
IMMU,$1.93,1439917913016,"318,978",86% bullish,of 7 ratings,$2
IMNP,$1.5,1439917913044,"83,056",50% bullish,of 2 ratings,$6
IMMY,$7.74,1439917913186,"3,035",100% bearish,of 1 rating,$11
INCR,$44.44,1439917913258,"294,552",50% bullish,of 2 ratings,$53
SAAS,$7.99,1439917913318,"94,805",50% bullish,of 2 ratings,$15
INCY,$115.07,1439917913390,"410,836",50% bullish,of 6 ratings,$125.50
INDB,$48.445,1439917913520,"14,543",Not yet rated,NULL,$44
IBTX,$43.03,1439917913546,"13,150",100% bullish,of 2 ratings,$47.25
IBCP,$14.635,1439917913602,"6,443",100% bullish,of 1 rating,$14.50
IDSA,$3.74,1439917913628,"3,293",Not yet rated,NULL,N/A
IPCC,$80.41,1439917913801,"14,614",Not yet rated,NULL,$77
INFN,$24.48,1439917913827,"564,943",71% bullish,of 7 ratings,$27.50
III,$4.195,1439917914062,"46,300",57% bullish,of 7 ratings,$6
IMKTA,$54.145,1439917914125,"86,740",100% bearish,of 1 rating,N/A
INFI,$9.5599,1439917914152,"80,093",50% bullish,of 4 ratings,$18
INWK,$7.68,1439917914182,"39,485",50% bullish,of 2 ratings,$10
INNL,NULL,1439917914213,0,100% bearish,of 1 rating,$16.50
IFON,$1.356,1439917914235,"25,704",75% bullish,of 4 ratings,N/A
INOD,$2.61,1439917914321,"2,230",100% bearish,of 1 rating,N/A
IOSP,$46.89,1439917914582,"41,207",100% bearish,of 1 rating,N/A
IPHS,$50.24,1439917914608,"28,924",100% bearish,of 1 rating,$60
ISSC,$2.93,1439917914666,"5,300",67% bearish,of 3 ratings,N/A
ITEK,$15.75,1439917914745,"341,960",67% bearish,of 3 ratings,$20
INO,$7.59,1439917914775,"321,227",89% bullish,of 18 ratings,$20
INGN,$50.36,1439917914802,"74,194",100% bearish,of 1 rating,$50.50
INOV,$22.2,1439917914827,"200,528",100% bearish,of 1 rating,$33
NSIT,$26.06,1439917915106,"20,297",50% bullish,of 2 ratings,N/A
ISIG,NULL,1439917915132,0,100% bearish,of 1 rating,N/A
INSM,$27.4525,1439917915311,"92,800",71% bullish,of 7 ratings,$32
IIIN,$17.9,1439917915371,"3,540",100% bearish,of 2 ratings,N/A
IART,$62.59,1439917915404,"27,418",100% bearish,of 1 rating,$71.50
INSY,$35,1439917915439,"182,390",75% bullish,of 4 ratings,$48
PODD,$30.47,1439917915500,"89,635",50% bullish,of 2 ratings,$35
NTEC,$6.05,1439917915528,"1,552",Not yet rated,NULL,N/A
IDTI,$18.31,1439917915673,"3,958,770",60% bullish,of 5 ratings,$25
ISSI,$22.31,1439917915708,"34,183",67% bullish,of 3 ratings,$19.75
IESC,$7.35,1439917915736,"12,200",100% bearish,of 1 rating,N/A
IQNT,$22.35,1439917915779,"892,093",86% bullish,of 7 ratings,$20
INTC,$28.92,1439917915807,"6,368,556",82% bullish,of 238 ratings,$36
IPCI,$2.22,1439917915952,"20,782",67% bullish,of 6 ratings,$7.75
IBKR,$42.35,1439917916047,"78,943",100% bullish,of 1 rating,N/A
IPAR,$28.83,1439917916152,"40,083",67% bullish,of 3 ratings,$38
ICPT,$211.0355,1439917916257,"55,049",70% bullish,of 10 ratings,$363
ININ,$40.09,1439917916282,"9,500",67% bearish,of 3 ratings,$57
IMI,NULL,1439917916463,0,67% bullish,of 3 ratings,$2.22
ICLDW,NULL,1439917916494,0,100% bearish,of 1 rating,N/A
TILE,$26.17,1439917916521,"106,356",67% bearish,of 3 ratings,$27
ICLD,$1.91,1439917916542,"96,889",75% bullish,of 4 ratings,N/A
IDCC,$49.9125,1439917916595,"60,333",80% bullish,of 5 ratings,$63
IBOC,$27.5,1439917916706,"16,470",100% bearish,of 1 rating,N/A
INAP,$8.71,1439917916835,"36,960",75% bullish,of 4 ratings,$11
ISCA,$33.7,1439917916862,"29,275",100% bearish,of 1 rating,N/A
IGLD,$7.72,1439917916922,"3,059",50% bullish,of 2 ratings,N/A
IIJI,NULL,1439917916949,0,50% bullish,of 2 ratings,$11.50
PTNT,NULL,1439917917133,0,Not yet rated,NULL,N/A
INPH,$0.32,1439917917197,"17,056",50% bullish,of 2 ratings,N/A
ISIL,$10.87,1439917917281,"229,547",50% bullish,of 6 ratings,$15
INTX,$2.55,1439917917343,"7,812",67% bullish,of 3 ratings,N/A
IILG,$21.57,1439917917391,"21,522",100% bearish,of 1 rating,$30.50
IVAC,$5.005,1439917917421,"3,734",Not yet rated,NULL,$6.625
INTL,$28.26,1439917917448,"31,704",67% bearish,of 3 ratings,N/A
XENT,$29.85,1439917917469,"91,033",50% bullish,of 2 ratings,$36.50
INTLL,$25.87,1439917917606,"14,100",Not yet rated,NULL,N/A
IIN,$6.44,1439917917742,5,100% bearish,of 1 rating,$12
ISRG,$531.14,1439917917769,"36,121",67% bullish,of 3 ratings,$600
INVT,$0.285,1439917917846,"38,332",67% bullish,of 3 ratings,N/A
INTU,$105.669,1439917917872,"226,663",100% bullish,of 7 ratings,$107.50
ITCI,$30.56,1439917917910,"153,276",75% bearish,of 4 ratings,$40
SNAK,$8.77,1439917918104,"19,062",50% bullish,of 2 ratings,$14
ISTR,$15.81,1439917918137,"1,034",100% bearish,of 1 rating,$18.50
ITIC,NULL,1439917918237,0,100% bearish,of 2 ratings,N/A
ISBC,$12.325,1439917918265,"917,368",100% bullish,of 1 rating,$13.25
IPAS,$1.06,1439917918397,"8,356",67% bullish,of 3 ratings,N/A
NVIV,$11.45,1439917918449,"100,668",50% bullish,of 4 ratings,$24.50
IPCM,$79.42,1439917918528,"38,293",50% bullish,of 2 ratings,$80.125
IVTY,$11.69,1439917918557,"10,692",Not yet rated,NULL,$18
DFVL,$65.55,1439917918632,"1,000",Not yet rated,NULL,N/A
DTUL,$64.46,1439917918766,200,Not yet rated,NULL,N/A
IPGP,$91.87,1439917918801,"51,324",100% bearish,of 2 ratings,$109.50
IRMD,$26.4,1439917918822,"4,575",67% bearish,of 3 ratings,$25
IRIX,$7.05,1439917918897,"4,800",100% bearish,of 1 rating,N/A
IRDM,$6.86,1439917919055,"77,000",60% bullish,of 5 ratings,$11.50
IRDMB,$272.4999,1439917919188,400,67% bearish,of 3 ratings,N/A
IRBT,$30.95,1439917919224,"42,425",67% bullish,of 6 ratings,$37
IRCP,$33,1439917919293,"1,100",100% bullish,of 2 ratings,N/A
IRWD,$11.58,1439917919319,"205,998",100% bearish,of 1 rating,$13
GNMA,$50.0799,1439917919350,"2,410",Not yet rated,NULL,N/A
COMT,$33.4,1439917919451,"2,256",100% bearish,of 1 rating,N/A
IFAS,NULL,1439917919594,0,Not yet rated,NULL,N/A
FCHI,$49.71,1439917919726,"3,061",Not yet rated,NULL,N/A
ACWI,$59.01,1439917919751,"233,894",Not yet rated,NULL,N/A
IFNA,$55.96,1439917919779,"1,500",Not yet rated,NULL,N/A
IFGL,$30.02,1439917919800,"92,988",Not yet rated,NULL,N/A
IFEU,NULL,1439917919835,0,Not yet rated,NULL,N/A
AAXJ,$55.705,1439917919977,"453,633",Not yet rated,NULL,N/A
ACWX,$42.86,1439917920031,"85,009",100% bearish,of 1 rating,N/A
AXJS,$52.38,1439917920139,128,Not yet rated,NULL,N/A
AAIT,$30.934,1439917920308,"2,266",100% bullish,of 1 rating,N/A
EEMA,$52.5451,1439917920361,"2,917",Not yet rated,NULL,N/A
EMEY,NULL,1439917920493,0,Not yet rated,NULL,N/A
EMDI,NULL,1439917920519,0,Not yet rated,NULL,N/A
EGRW,$47.1,1439917920655,325,Not yet rated,NULL,N/A
EVAL,$37.17,1439917920676,"9,407",Not yet rated,NULL,N/A
EEML,$28.8,1439917920758,173,Not yet rated,NULL,N/A
EEME,$39,1439917920893,16,100% bearish,of 1 rating,N/A
IEUS,$47.19,1439917920925,"4,883",100% bearish,of 1 rating,N/A
IBB,$369.79,1439917920953,"198,879",63% bullish,of 8 ratings,N/A
EUFN,$23.14,1439917920980,"83,572",100% bearish,of 1 rating,N/A
QAT,$21.95,1439917921011,145,Not yet rated,NULL,N/A
UAE,$18.51,1439917921109,900,Not yet rated,NULL,N/A
SOXX,$84.97,1439917921248,"68,222",50% bullish,of 2 ratings,N/A
EMIF,$30.07,1439917921405,"3,954",Not yet rated,NULL,N/A
ICLN,$10.2201,1439917921432,"7,123",50% bullish,of 2 ratings,N/A
WOOD,$51.4199,1439917921504,"2,877",50% bullish,of 2 ratings,N/A
INDY,$29.5847,1439917921565,"67,745",100% bullish,of 1 rating,N/A
ISIS,$52.04,1439917921671,"364,690",53% bullish,of 15 ratings,$67
IGOV,$89.9609,1439917921713,"15,475",100% bearish,of 1 rating,N/A
ISLE,$19.35,1439917921738,"118,298",50% bullish,of 4 ratings,$16
ISHG,$78.4086,1439917921802,"3,485",100% bearish,of 1 rating,N/A
ISRL,NULL,1439917921950,0,100% bearish,of 1 rating,N/A
ITUS,$4.31,1439917921989,966,Not yet rated,NULL,N/A
ITRI,$33.55,1439917922047,"81,601",Not yet rated,NULL,$37
IXYS,$10.68,1439917922081,"35,911",50% bullish,of 4 ratings,N/A
ITRN,$25.76,1439917922109,236,50% bullish,of 2 ratings,N/A
XXIA,$15.68,1439917922179,"127,978",71% bullish,of 7 ratings,$14.625
MAYS,$58.5,1439917922498,"2,135",Not yet rated,NULL,N/A
JCOM,$73.12,1439917922523,"69,797",100% bullish,of 2 ratings,$77
JKHY,$71.45,1439917922667,"25,815",50% bullish,of 2 ratings,$72
JASO,$8.24,1439917922726,"506,694",82% bullish,of 17 ratings,$10
JACK,$86.32,1439917922796,"178,913",83% bullish,of 6 ratings,$105
JBHT,$80.02,1439917922831,"208,369",50% bullish,of 4 ratings,$89.50
JJSF,$119.03,1439917922858,"14,411",100% bearish,of 1 rating,N/A
JXSB,$24.214,1439917922888,100,Not yet rated,NULL,N/A
JAGX,$2.84,1439917922922,"2,900",Not yet rated,NULL,N/A
JAXB,NULL,1439917922948,0,100% bullish,of 1 rating,N/A
JAKK,$9.65,1439917923097,"125,809",60% bearish,of 5 ratings,$10.50
JMBA,$14.14,1439917923231,"272,702",75% bullish,of 4 ratings,$18
JRVR,$26.9475,1439917923260,"3,728",Not yet rated,NULL,$27
ERW,NULL,1439917923362,0,Not yet rated,NULL,N/A
JASN,$5.28,1439917923387,"6,708",50% bullish,of 2 ratings,$9.50
JASNW,NULL,1439917923521,0,50% bullish,of 2 ratings,N/A
JBLU,$24.01,1439917923625,"2,726,787",94% bullish,of 16 ratings,$27
JAZZ,$188.07,1439917923723,"60,533",80% bullish,of 15 ratings,$206.50
JCTCF,$9.54,1439917923785,20,100% bullish,of 1 rating,N/A
JD,$26.781,1439917923878,"2,782,990",75% bullish,of 16 ratings,$36
JTPY,$2.96,1439917923938,100,100% bearish,of 1 rating,N/A
WYIGU,$10.02,1439917923963,997,Not yet rated,NULL,N/A
DATE,$6.56,1439917924096,"54,891",75% bullish,of 4 ratings,$9
JST,$4.32,1439917924128,"1,914",75% bullish,of 4 ratings,N/A
JOEZ,$0.1989,1439917924149,"69,718",92% bullish,of 12 ratings,N/A
JIVE,$4.085,1439917924227,"229,974",75% bullish,of 4 ratings,$5
JBSS,$47.9599,1439917924359,"13,340",67% bearish,of 3 ratings,N/A
JOUT,$26.5,1439917924520,"5,122",100% bearish,of 1 rating,$34
JUNO,$43.79,1439917924573,"846,302",73% bullish,of 11 ratings,$71.50
JNP,$10,1439917924650,"7,408",100% bullish,of 3 ratings,$15
KALU,$85.045,1439917924755,"26,134",67% bearish,of 3 ratings,$91
KTWO,$22.1,1439917924782,"71,211",100% bearish,of 1 rating,$28.50
KMDA,$3.87,1439917924813,"13,213",50% bullish,of 2 ratings,$8
KNDI,$7.0099,1439917924843,"74,050",86% bullish,of 22 ratings,N/A
KBIO,$2.06,1439917924911,"106,192",50% bullish,of 4 ratings,N/A
KCLI,$47.825,1439917924978,"7,947",Not yet rated,NULL,N/A
KCAP,$4.8299,1439917925125,"65,572",75% bullish,of 4 ratings,$6.75
KBSF,NULL,1439917925155,0,100% bullish,of 1 rating,N/A
KPTI,$13.32,1439917925304,"252,972",67% bearish,of 3 ratings,$41
KRNY,$11.85,1439917925331,"203,788",100% bearish,of 1 rating,$12
KELYA,$14.86,1439917925357,"19,215",67% bullish,of 6 ratings,$20
KELYB,NULL,1439917925492,0,50% bullish,of 2 ratings,N/A
KMPH,$21.775,1439917925529,"43,150",100% bearish,of 2 ratings,$22
GMCR,$50.43,1439917925660,"443,572",71% bullish,of 42 ratings,$64
KERX,$6.33,1439917925740,"379,791",82% bullish,of 11 ratings,$12
KFFB,$8.66,1439917925768,"7,713",100% bearish,of 1 rating,N/A
KTEC,$12.1,1439917925789,"1,172",Not yet rated,NULL,N/A
KBAL,$11.26,1439917925991,"12,029",50% bullish,of 2 ratings,N/A
KTCC,$10.2594,1439917926129,"2,514",100% bearish,of 1 rating,$15
