Symbol,Price,Date,Volume,Rating,RatingVoteCount,OneYearEstimate
FCTY,$7.63,1440263702659,300,100% bullish,of 1 rating,$8.50
FCCY,$11.6,1440263702687,354,100% bullish,of 1 rating,$13
PIH,$7.2,1440263702709,"15,400",100% bearish,of 1 rating,N/A
FLWS,$9.36,1440263702743,"220,692",100% bullish,of 5 ratings,$15
TFSCU,NULL,1440263702764,0,Not yet rated,NULL,N/A
TFSC,NULL,1440263702785,0,100% bearish,of 1 rating,N/A
TFSCW,NULL,1440263702806,0,100% bearish,of 1 rating,N/A
TFSCR,NULL,1440263702827,0,Not yet rated,NULL,N/A
TWOU,$34.02,1440263702991,"673,961",50% bullish,of 2 ratings,$39
VNET,$19.27,1440263703044,"733,790",60% bullish,of 5 ratings,$29.50
UGLD,$9.99,1440263703074,"253,649",100% bearish,of 1 rating,N/A
USLV,$14.59,1440263703116,"218,982",86% bullish,of 7 ratings,N/A
DGLD,$76.08,1440263703137,"21,135",100% bullish,of 1 rating,N/A
DSLV,$61.29,1440263703166,"22,007",100% bearish,of 1 rating,N/A
JOBS,$25.35,1440263703198,"172,084",50% bullish,of 4 ratings,$36
SRCE,$30.03,1440263703227,"55,334",100% bullish,of 3 ratings,$33
SIXD,$1.47,1440263703536,"250,988",Not yet rated,NULL,N/A
AVHI,$13.95,1440263703572,"37,920",100% bearish,of 1 rating,$19
CAFD,$15.52,1440263703607,"330,925",Not yet rated,NULL,$25
ABY,$20,1440263703636,"1,100,886",100% bearish,of 2 ratings,$46
ABEO,$4.83,1440263703664,"140,862",67% bullish,of 3 ratings,$15.50
EGHT,$8.215,1440263703691,"436,691",82% bullish,of 17 ratings,$11
AAON,$21.67,1440263703719,"166,594",100% bearish,of 1 rating,$24
ABGB,$4.09,1440263703739,"34,916",67% bullish,of 3 ratings,$5.50
SHLM,$34.05,1440263703880,"123,800",100% bearish,of 1 rating,$50
ABAX,$47.54,1440263703921,"139,615",100% bearish,of 1 rating,$60
ABMD,$97.08,1440263704054,"831,796",75% bullish,of 4 ratings,$100.50
ACHC,$73.6762,1440263704082,"815,815",50% bullish,of 2 ratings,$92
ABEOW,$1.76,1440263704109,"2,525",100% bullish,of 1 rating,N/A
AXAS,$1.56,1440263704133,"860,487",78% bullish,of 9 ratings,$3.50
ACTG,$8.87,1440263704168,"323,174",67% bullish,of 3 ratings,$18.50
ACAD,$38.13,1440263704217,"928,540",80% bullish,of 20 ratings,$48
XLRN,$28.36,1440263704412,"111,031",50% bullish,of 2 ratings,$57
AXDX,$17.93,1440263704459,"220,988",100% bearish,of 1 rating,N/A
ARAY,$6.53,1440263704490,"3,387,732",100% bearish,of 1 rating,$10.50
ANCX,$18.76,1440263704511,"31,836",Not yet rated,NULL,$19
VXDN,$5.5,1440263704586,"50,671",100% bearish,of 1 rating,N/A
VXUP,$27,1440263704691,"49,956",Not yet rated,NULL,N/A
ACST,$0.361,1440263704725,"71,223",100% bullish,of 2 ratings,N/A
ACRX,$4.05,1440263704747,"360,315",67% bearish,of 6 ratings,$5.50
ACET,$24.41,1440263704772,"127,207",75% bullish,of 4 ratings,$30
AKAO,$6.9457,1440263704832,"55,800",75% bullish,of 4 ratings,$15
ACHN,$7.75,1440263704915,"1,754,841",90% bullish,of 21 ratings,$16
ACIW,$21.89,1440263704950,"571,274",50% bullish,of 2 ratings,$24
ACNB,$20.33,1440263705050,"1,376",Not yet rated,NULL,N/A
ACOR,$29.75,1440263705078,"642,828",67% bearish,of 3 ratings,$38.50
ACTS,$1.3,1440263705156,"51,585",100% bearish,of 1 rating,N/A
ACPW,$1.856,1440263705260,"65,399",100% bullish,of 4 ratings,$3.50
ACUR,$0.6182,1440263705329,"65,134",100% bullish,of 5 ratings,$1
ACXM,$20.1276,1440263705392,"350,940",67% bullish,of 3 ratings,N/A
ACTA,$13.89,1440263705424,"113,227",67% bearish,of 3 ratings,$25
ADMS,$20.07,1440263705445,"78,833",100% bearish,of 2 ratings,$36
ATVI,$27.2167,1440263705481,"5,132,751",68% bullish,of 84 ratings,$31.50
ADMP,$3.65,1440263705527,"21,417",50% bullish,of 2 ratings,$10
ADUS,$29.83,1440263705577,"59,827",100% bearish,of 1 rating,$31
ADAP,$12.53,1440263705660,"216,853",67% bullish,of 3 ratings,$22
AEY,$2.29,1440263705707,"39,023",100% bearish,of 2 ratings,N/A
ADEP,$6.75,1440263705737,"33,889",50% bullish,of 2 ratings,$10.75
ADMA,$9.3,1440263705791,"3,500",Not yet rated,NULL,$19
ADBE,$78.87,1440263705839,"4,323,734",65% bullish,of 17 ratings,$90
ADTN,$15.59,1440263705982,"349,681",67% bullish,of 3 ratings,$17.125
ADRO,$19.44,1440263706019,"252,323",80% bullish,of 5 ratings,$45.50
AEIS,$25.055,1440263706067,"198,884",50% bullish,of 2 ratings,$32.50
AMD,$1.76,1440263706114,"7,935,981",83% bullish,of 103 ratings,$2
ADXSW,$10.15,1440263706141,"5,206",100% bullish,of 1 rating,N/A
MULT,NULL,1440263706173,0,100% bearish,of 1 rating,N/A
ADXS,$14.5,1440263706276,"919,015",64% bullish,of 14 ratings,$27
YPRO,$23.29,1440263706321,"4,120",100% bearish,of 1 rating,N/A
AEGR,$18.26,1440263706407,"394,681",50% bullish,of 6 ratings,$26
AEGN,$18.24,1440263706437,"212,917",100% bearish,of 1 rating,$21
AEHR,$2.24,1440263706508,"7,972",50% bullish,of 2 ratings,N/A
AMTX,$3.09,1440263706533,"17,253",50% bullish,of 2 ratings,$26.11
AEPI,$57.13,1440263706604,"21,960",100% bearish,of 1 rating,N/A
AVAV,$24.38,1440263706845,"143,405",50% bullish,of 4 ratings,$31
AEMD,$7.22,1440263706884,"187,619",Not yet rated,NULL,$27.50
AFMD,$9.78,1440263706916,"174,087",50% bullish,of 4 ratings,$15
AEZS,$0.1005,1440263706939,"5,371,374",90% bullish,of 21 ratings,$1.50
AGRX,$8.17,1440263706967,"49,951",100% bearish,of 1 rating,$17.50
AGEN,$7.04,1440263707000,"940,432",85% bullish,of 13 ratings,$14
AERI,$15.92,1440263707021,"361,223",75% bullish,of 4 ratings,$31.50
AFFX,$9.4,1440263707054,"587,032",80% bullish,of 5 ratings,$12
AGIO,$85.65,1440263707328,"509,530",88% bullish,of 8 ratings,$114
AGYS,$9.63,1440263707357,"33,010",100% bearish,of 1 rating,N/A
AGFSW,$1.79,1440263707378,"28,997",100% bearish,of 2 ratings,N/A
AGFS,$9.8121,1440263707399,"73,206",100% bearish,of 1 rating,N/A
AIRT,$22.94,1440263707531,51,100% bullish,of 1 rating,N/A
AIMT,$21.1,1440263707566,"120,787",Not yet rated,NULL,N/A
AIRM,$36.55,1440263707615,"309,312",80% bearish,of 5 ratings,$53
AMCN,$4.9,1440263707667,"424,894",83% bullish,of 6 ratings,N/A
ATSG,$9.1,1440263707697,"264,911",67% bullish,of 3 ratings,$13
AKAM,$68.463,1440263707727,"1,585,448",63% bullish,of 8 ratings,$77
AIXG,$5.98,1440263707750,"34,571",67% bearish,of 3 ratings,$5.25
AKBA,$6.65,1440263707796,"184,781",100% bearish,of 1 rating,$18
AKER,$2.62,1440263707889,"93,096",Not yet rated,NULL,N/A
AKRX,$40.2552,1440263707915,"930,040",78% bullish,of 9 ratings,$56
ALRM,$16.46,1440263708001,"358,434",100% bearish,of 1 rating,$22
ALSK,$2.11,1440263708111,"112,029",78% bullish,of 18 ratings,$2
ALDR,$36.64,1440263708214,"474,720",67% bearish,of 3 ratings,$62
ALDX,$7.62,1440263708294,"6,759",100% bearish,of 1 rating,$14.50
ADHD,$8.31,1440263708324,"220,062",50% bullish,of 4 ratings,$18
ABDC,$12.7,1440263708356,"21,785",Not yet rated,NULL,$15
AMRI,$19.73,1440263708378,"245,268",75% bearish,of 4 ratings,$24
ALXN,$173.81,1440263708412,"1,548,456",88% bullish,of 8 ratings,$223
ALXA,$1.07,1440263708434,"26,737",83% bullish,of 6 ratings,$2.125
ALCO,$42.36,1440263708464,"24,127",50% bullish,of 2 ratings,N/A
ALIM,$3.15,1440263708673,"169,442",80% bullish,of 5 ratings,$10
ALGN,$56.4432,1440263708730,"422,327",100% bearish,of 2 ratings,$73
ALKS,$60.35,1440263708751,"705,866",67% bullish,of 3 ratings,$75
ALGT,$216.09,1440263708780,"164,611",100% bearish,of 1 rating,$235
ALLB,$23.48,1440263708806,"1,820",Not yet rated,NULL,N/A
AFOP,$17.51,1440263708939,"139,898",75% bullish,of 8 ratings,$21
AHPI,$1.46,1440263709007,435,50% bullish,of 2 ratings,N/A
ARLP,$24.94,1440263709038,"151,729",67% bearish,of 3 ratings,$32
AIQ,$14.7,1440263709066,"29,906",67% bullish,of 3 ratings,N/A
AHGP,$36.6344,1440263709101,"31,919",67% bullish,of 3 ratings,N/A
ALQA,$4.43,1440263709124,"36,237",75% bullish,of 4 ratings,$8.50
AMOT,$17.09,1440263709146,"80,719",100% bearish,of 1 rating,N/A
ALLT,$5.04,1440263709191,"71,089",75% bullish,of 4 ratings,$6.25
MDRX,$13.52,1440263709283,"1,235,763",60% bullish,of 5 ratings,$16
AFAM,$46.84,1440263709334,"72,495",50% bullish,of 2 ratings,$44
ALNY,$100.3178,1440263709441,"414,351",67% bullish,of 3 ratings,$148.50
AOSL,$7.21,1440263709608,"45,497",67% bullish,of 3 ratings,$9
SMCP,$22.56,1440263709642,"1,500",Not yet rated,NULL,N/A
ASPS,$29.2565,1440263709663,"228,767",67% bullish,of 3 ratings,$46.50
ALTR,$48.17,1440263709697,"2,956,121",80% bearish,of 5 ratings,$54
ATEC,$0.5768,1440263709739,"46,618",100% bullish,of 1 rating,$2
AIMC,$25.28,1440263709802,"92,117",100% bearish,of 1 rating,$28.50
AMRK,$10.57,1440263709834,"4,627",50% bullish,of 2 ratings,$14
AMAG,$59.95,1440263709866,"476,323",100% bullish,of 2 ratings,$77.50
AYA,$21.62,1440263709933,"63,923",100% bearish,of 1 rating,$40
AMRN,$2.03,1440263709966,"741,425",85% bullish,of 39 ratings,$8
AMBC,$15.6,1440263710065,"245,406",100% bearish,of 1 rating,$16.50
AMZN,$495.5,1440263710095,"3,790,755",81% bullish,of 263 ratings,$646
AMBCW,$7.0532,1440263710194,"1,178",100% bearish,of 1 rating,N/A
AMBA,$89,1440263710258,"5,366,218",83% bullish,of 12 ratings,$102.50
EPAX,$2.69,1440263710364,"74,357",100% bearish,of 1 rating,N/A
DOX,$59,1440263710391,"282,272",50% bullish,of 2 ratings,$60
AMCX,$67.7119,1440263710419,"687,069",67% bullish,of 3 ratings,$85.50
AMDA,$0.463,1440263710441,"1,233,767",90% bullish,of 10 ratings,$1
AMED,$40.5,1440263710473,"290,278",100% bearish,of 1 rating,$42
UHAL,$363.52,1440263710602,"15,187",100% bullish,of 2 ratings,$393.50
ATAX,$5.23,1440263710630,"155,087",100% bullish,of 1 rating,$6.50
ASBI,$22.55,1440263710662,154,Not yet rated,NULL,N/A
AMOV,$17.65,1440263710690,"5,863",100% bearish,of 1 rating,N/A
AGNC,$19.553,1440263710761,"3,952,543",75% bullish,of 28 ratings,$22
AAL,$39.75,1440263710832,"11,179,538",93% bullish,of 88 ratings,$57
AGNCB,$24.23,1440263710963,"21,668",Not yet rated,NULL,N/A
MTGE,$15.7,1440263711015,"402,399",75% bullish,of 4 ratings,$19.50
ACSF,$12.225,1440263711096,"33,060",100% bearish,of 1 rating,$15
MTGEP,$24.12,1440263711143,"1,127",Not yet rated,NULL,N/A
AGNCP,$25.34,1440263711170,"7,150",Not yet rated,NULL,N/A
ANCI,$1.59,1440263711192,"10,070",100% bearish,of 1 rating,N/A
AMIC,$10.21,1440263711321,8,Not yet rated,NULL,N/A
AETI,$4.28,1440263711347,2,67% bearish,of 3 ratings,N/A
AMNB,$22.8,1440263711412,"22,976",Not yet rated,NULL,$25.50
ARII,$38.75,1440263711478,"183,877",67% bearish,of 3 ratings,$45
ANAT,$100,1440263711504,"19,158",100% bullish,of 1 rating,N/A
APEI,$21.26,1440263711535,"155,037",100% bearish,of 1 rating,$25.50
ACAS,$13.74,1440263711561,"1,556,266",60% bullish,of 5 ratings,$16.75
AMRB,$10,1440263711635,"2,054",Not yet rated,NULL,$11
ASEI,$39.68,1440263711767,"53,467",100% bearish,of 1 rating,$52.50
AMSWA,$9.06,1440263711797,"86,700",100% bearish,of 2 ratings,$10.75
CRMT,$37.91,1440263711897,"120,497",100% bearish,of 1 rating,$49
ABCB,$27.64,1440263711960,"189,477",Not yet rated,NULL,$31
AMWD,$67.8,1440263711992,"272,213",50% bullish,of 2 ratings,$58
AMSC,$3.48,1440263712013,"36,442",50% bullish,of 4 ratings,N/A
ASRV,$3.27,1440263712095,840,100% bullish,of 2 ratings,N/A
AMSF,$49.68,1440263712154,"122,373",Not yet rated,NULL,$57.50
ASRVP,NULL,1440263712196,0,Not yet rated,NULL,N/A
AMGN,$155.9,1440263712223,"4,702,712",89% bullish,of 19 ratings,$185
ATLO,$23.31,1440263712251,"15,885",Not yet rated,NULL,N/A
AMKR,$4.39,1440263712410,"1,544,185",100% bearish,of 2 ratings,$5
FOLD,$14.05,1440263712440,"2,614,067",56% bullish,of 9 ratings,$21
AMPH,$13.79,1440263712466,"166,636",50% bullish,of 2 ratings,$20
AMSGP,NULL,1440263712694,0,Not yet rated,NULL,N/A
ASYS,$5.18,1440263712763,"35,518",67% bullish,of 3 ratings,$12
AMSG,$81.5,1440263712824,"320,262",100% bearish,of 1 rating,$85.50
AFSI,$58.44,1440263712866,"1,008,977",60% bullish,of 5 ratings,$72
ANAC,$129.49,1440263712895,"607,726",80% bullish,of 5 ratings,$180.50
ANAD,$0.333,1440263712954,"132,364",100% bullish,of 2 ratings,$.50
AMRS,$1.63,1440263712997,"53,848",70% bullish,of 10 ratings,N/A
ALOG,$83.13,1440263713088,"75,588",100% bearish,of 2 ratings,$100.50
ADI,$53.78,1440263713116,"3,922,593",67% bullish,of 3 ratings,$69
ABCW,$39.96,1440263713144,"10,347",67% bullish,of 3 ratings,N/A
ANCB,$22.3001,1440263713280,500,Not yet rated,NULL,$23
ANGI,$4.64,1440263713307,"919,270",64% bullish,of 11 ratings,$5.50
AMCF,$0.26,1440263713328,"9,494",100% bullish,of 7 ratings,N/A
ANIP,$49.38,1440263713366,"250,484",89% bullish,of 19 ratings,$66
ANGO,$14.71,1440263713388,"99,313",67% bullish,of 3 ratings,$19
ANIK,$34.88,1440263713461,"106,488",60% bullish,of 5 ratings,$51.25
ATRS,$1.81,1440263713676,"537,668",92% bullish,of 12 ratings,$4.50
ABAC,$0.73,1440263713708,"36,221",100% bearish,of 1 rating,N/A
ANTH,$7.04,1440263713736,"1,783,771",80% bullish,of 10 ratings,$13
ANSS,$90.92,1440263713757,"391,059",100% bearish,of 1 rating,$100
APIC,$6.49,1440263713810,"180,683",100% bearish,of 1 rating,$19
APOL,$10.9787,1440263713940,"992,661",87% bearish,of 68 ratings,$14
ATNY,$2.37,1440263713970,"2,775",50% bullish,of 2 ratings,$3.75
APOG,$51.6,1440263714012,"212,697",100% bullish,of 1 rating,$67
AINV,$6.4767,1440263714102,"1,117,263",50% bullish,of 4 ratings,$8
ARCI,$1.33,1440263714135,"3,906",Not yet rated,NULL,N/A
AAPL,$105.9,1440263714156,"82,174,464",86% bullish,of 2338 ratings,$150
APPF,$16.84,1440263714177,"52,701",50% bullish,of 2 ratings,$22
APDN,$3.22,1440263714209,"61,834",Not yet rated,NULL,$9
APDNW,$1.15,1440263714348,"2,800",Not yet rated,NULL,N/A
AMAT,$15.497,1440263714479,"12,956,491",82% bullish,of 11 ratings,$23
AGTC,$15.74,1440263714512,"119,853",50% bullish,of 2 ratings,$33
AAOI,$19.89,1440263714534,"285,163",50% bullish,of 4 ratings,$26
AREX,$2.03,1440263714567,"890,815",100% bearish,of 1 rating,$3
APRI,$1.33,1440263714607,"155,441",83% bullish,of 6 ratings,$4.86
AMCC,$5.35,1440263714665,"963,117",80% bullish,of 5 ratings,$8
AQMS,$5,1440263714823,"19,025",Not yet rated,NULL,N/A
AQXP,$18.2999,1440263714869,"469,595",50% bullish,of 2 ratings,$2
APTO,$5.09,1440263714894,"8,208",Not yet rated,NULL,$17
AUMA,NULL,1440263714953,0,Not yet rated,NULL,N/A
AUMAU,$9.94,1440263714985,"1,200",Not yet rated,NULL,N/A
AUMAW,NULL,1440263715006,0,Not yet rated,NULL,N/A
ARDM,$7.03,1440263715092,"4,358",100% bullish,of 1 rating,$26
PETX,$17.4,1440263715134,"307,971",100% bearish,of 2 ratings,$26
ABUS,$7.21,1440263715221,"502,243",86% bullish,of 14 ratings,$23
ARCW,$3.48,1440263715303,"25,137",100% bearish,of 2 ratings,$10.50
ABIO,$0.9,1440263715354,"131,271",50% bullish,of 2 ratings,$3.75
RKDA,$5.76,1440263715397,"19,343",100% bearish,of 2 ratings,$10
ARCB,$29.47,1440263715486,"211,071",50% bullish,of 2 ratings,$39.50
ACGL,$70.5015,1440263715518,"414,489",50% bullish,of 2 ratings,$72
ACAT,$26.89,1440263715555,"260,125",100% bearish,of 3 ratings,$33
ARNA,$2.97,1440263715614,"4,127,037",90% bullish,of 77 ratings,$5.50
AGII,$57.69,1440263715645,"141,575",Not yet rated,NULL,$59.50
ARDX,$17.41,1440263715722,"91,948",50% bullish,of 2 ratings,$24.50
ARCC,$15.47,1440263715752,"1,615,433",67% bearish,of 3 ratings,$17.875
ARGS,$6.17,1440263715825,"116,903",50% bullish,of 2 ratings,$19.50
AGIIL,$25.45,1440263715857,"5,893",Not yet rated,NULL,N/A
ARIS,$3.3,1440263715954,"8,290",Not yet rated,NULL,$4.50
ARKR,$25.36,1440263716049,552,50% bullish,of 2 ratings,N/A
ARIA,$6.7,1440263716117,"3,153,702",87% bullish,of 46 ratings,$9
ARMH,$40.1,1440263716219,"1,339,073",54% bearish,of 13 ratings,$61
ARWA,NULL,1440263716243,0,Not yet rated,NULL,N/A
ARTX,$1.48,1440263716283,"105,854",88% bullish,of 16 ratings,$4.50
ARWAR,NULL,1440263716309,0,Not yet rated,NULL,N/A
ARWAU,NULL,1440263716374,0,100% bullish,of 1 rating,N/A
ARWAW,NULL,1440263716399,0,Not yet rated,NULL,N/A
ARQL,$1.67,1440263716420,"200,267",75% bullish,of 4 ratings,$5
ARRS,$26.44,1440263716568,"1,060,211",50% bullish,of 2 ratings,$38
DWAT,$9.92,1440263716595,"46,463",100% bearish,of 1 rating,N/A
ARRY,$5.45,1440263716616,"1,219,732",100% bullish,of 7 ratings,$10
AROW,$27.24,1440263716647,"41,580",Not yet rated,NULL,N/A
ARWR,$5.57,1440263716782,"814,360",75% bullish,of 4 ratings,$10.50
ARTNA,$22.48,1440263716846,"42,576",100% bearish,of 1 rating,$29
ASNA,$11.2187,1440263716952,"8,984,030",50% bullish,of 2 ratings,$18
ASND,$18.23,1440263716986,"38,275",100% bullish,of 1 rating,$30
ASBB,$25.05,1440263717007,372,Not yet rated,NULL,N/A
ASTI,$0.13,1440263717037,"1,817,223",83% bullish,of 6 ratings,$3
ARTW,$4.45,1440263717062,"3,048",75% bearish,of 4 ratings,N/A
ASCMA,$28.6,1440263717094,"180,787",100% bearish,of 1 rating,$45
ASMI,NULL,1440263717196,0,NULL,NULL,NULL
APWC,$1.9,1440263717333,406,100% bearish,of 1 rating,N/A
AZPN,$38.4,1440263717361,"991,920",50% bullish,of 2 ratings,$42
ASML,$85.91,1440263717390,"1,134,628",67% bullish,of 3 ratings,$127
ASMB,$12.44,1440263717412,"80,806",67% bullish,of 3 ratings,N/A
ASTE,$36.28,1440263717540,"88,638",100% bearish,of 1 rating,$48
ASFI,$8.95,1440263717567,"3,732",100% bullish,of 1 rating,N/A
ALOT,$13.51,1440263717588,"1,011",100% bearish,of 1 rating,N/A
ATRO,$52.77,1440263717716,"98,668",100% bearish,of 2 ratings,$80
ASTC,$2.2,1440263717744,"39,970",100% bullish,of 5 ratings,N/A
ASUR,$5.76,1440263717765,"10,939",100% bearish,of 1 rating,$8
ATAI,$2.78,1440263717920,"31,993",100% bearish,of 1 rating,N/A
ATRA,$42.01,1440263717948,"183,569",50% bullish,of 2 ratings,$68
AFCB,$28.01,1440263717978,249,Not yet rated,NULL,N/A
ATHX,$1.17,1440263718008,"238,940",89% bullish,of 9 ratings,$5
ATHN,$135.79,1440263718034,"193,647",67% bearish,of 3 ratings,$153
AAPC,$10.21,1440263718109,394,Not yet rated,NULL,N/A
AAME,$3.58,1440263718198,"1,190",Not yet rated,NULL,N/A
ACFC,$6.11,1440263718252,"95,163",Not yet rated,NULL,$6.50
ATLC,$3.9,1440263718277,"17,113",67% bullish,of 3 ratings,N/A
ATNI,$73.68,1440263718327,"66,107",100% bearish,of 1 rating,$69.50
AFH,$16.545,1440263718458,"75,284",Not yet rated,NULL,$21.50
ATML,$6.95,1440263718484,"2,918,067",78% bullish,of 9 ratings,$9.50
AAWW,$41.78,1440263718506,"365,924",50% bullish,of 2 ratings,$65
ATRC,$25.67,1440263718666,"198,665",100% bullish,of 1 rating,$30
ATOS,$0.85,1440263718693,"182,378",100% bullish,of 7 ratings,$7
ATRI,$389.5,1440263718727,"4,458",Not yet rated,NULL,N/A
ATRM,$2.89,1440263718753,"1,200",50% bullish,of 2 ratings,N/A
ATTU,$13.55,1440263718820,"51,302",100% bearish,of 1 rating,$20.50
AUDC,$3.18,1440263718896,"55,482",80% bullish,of 5 ratings,$5
AUBN,$27.68,1440263718922,948,Not yet rated,NULL,N/A
LIFE,$14.04,1440263718944,"32,217",86% bullish,of 7 ratings,$43
AUPH,$3.19,1440263719082,"14,987",100% bearish,of 1 rating,$8
EARS,$4.845,1440263719187,"14,045",100% bearish,of 2 ratings,$11.50
ADAT,$0.12,1440263719217,"123,764",100% bullish,of 2 ratings,N/A
ADSK,$51.76,1440263719263,"2,339,645",83% bullish,of 6 ratings,$69.50
ABTL,$18.05,1440263719294,"70,992",100% bullish,of 4 ratings,$20.25
AVGO,$112.787,1440263719322,"3,328,073",88% bullish,of 8 ratings,$160
ADP,$79.23,1440263719348,"2,485,062",100% bearish,of 1 rating,$88
AAVL,$10.62,1440263719393,"258,588",100% bearish,of 1 rating,$20
AVNU,$12.7,1440263719531,506,Not yet rated,NULL,$14
AVNW,$1.24,1440263719616,"161,594",50% bullish,of 2 ratings,$2.20
AVEO,$1.38,1440263719645,"1,367,791",75% bullish,of 8 ratings,$3
AVGR,$14.23,1440263719747,"21,077",100% bearish,of 1 rating,$20
AVID,$8.01,1440263719805,"539,251",100% bearish,of 1 rating,$20
AWRE,$3.14,1440263719831,"21,064",67% bullish,of 3 ratings,N/A
CAR,$42.2749,1440263719898,"1,835,525",80% bullish,of 5 ratings,$60
ACLS,$3.29,1440263719964,"557,776",67% bullish,of 6 ratings,$4.75
AXPW,$1.1,1440263719994,"56,422",83% bullish,of 6 ratings,N/A
AXPWW,NULL,1440263720026,0,Not yet rated,NULL,N/A
AXTI,$2.15,1440263720126,"35,695",50% bullish,of 2 ratings,$2.75
AXGN,$3.94,1440263720188,"27,034",Not yet rated,NULL,$5
BCOM,NULL,1440263720214,0,100% bearish,of 1 rating,N/A
BOSC,$2.37,1440263720256,"1,297",50% bullish,of 2 ratings,N/A
RILY,$10,1440263720281,600,Not yet rated,NULL,N/A
BEAV,$48.57,1440263720427,"742,264",67% bearish,of 3 ratings,$59
BIDU,$152.9,1440263720559,"3,843,564",81% bullish,of 88 ratings,$210
BCPC,$57.76,1440263720623,"128,021",100% bearish,of 1 rating,$75
BWINB,$23.01,1440263720659,"25,265",Not yet rated,NULL,N/A
BLDP,$1.24,1440263720685,"470,551",91% bullish,of 22 ratings,$2.50
BWINA,NULL,1440263720719,0,Not yet rated,NULL,N/A
BANF,$60.97,1440263720813,"18,077",Not yet rated,NULL,$68
BANFP,NULL,1440263720843,0,Not yet rated,NULL,N/A
BKMU,$7.19,1440263720875,"511,937",Not yet rated,NULL,$8
BOCH,$5.76,1440263720972,"16,932",Not yet rated,NULL,$6.50
BMRC,$48.75,1440263721001,"17,961",Not yet rated,NULL,$52
BOTJ,$11.15,1440263721066,"3,090",Not yet rated,NULL,N/A
BKSC,$15.6,1440263721128,705,Not yet rated,NULL,N/A
OZRK,$40.71,1440263721199,"553,107",67% bullish,of 3 ratings,$49.50
BFIN,$12.01,1440263721340,"29,911",Not yet rated,NULL,$13
BWFG,$18.03,1440263721366,"3,688",100% bearish,of 1 rating,N/A
BANR,$45.64,1440263721413,"84,960",100% bullish,of 3 ratings,$50
BZUN,$5.65,1440263721439,"399,133",50% bullish,of 2 ratings,$12.60
BHACR,$0.25,1440263721498,700,Not yet rated,NULL,N/A
BHAC,NULL,1440263721523,0,Not yet rated,NULL,N/A
TAPR,$29.38,1440263721570,"4,550",100% bearish,of 1 rating,N/A
BHACU,NULL,1440263721721,0,Not yet rated,NULL,N/A
BHACW,NULL,1440263721742,0,Not yet rated,NULL,N/A
BSET,$29.1,1440263721774,"49,205",100% bearish,of 1 rating,$35
BBSI,$34.87,1440263721819,"71,494",67% bearish,of 3 ratings,$62.50
BYLK,$12.95,1440263721913,"4,701",Not yet rated,NULL,$14
BYBK,$5.02,1440263721944,"1,546",100% bearish,of 1 rating,N/A
BV,$5.08,1440263722075,"375,082",67% bullish,of 6 ratings,$9
BBCN,$14.81,1440263722105,"308,877",100% bearish,of 1 rating,$16
BCBP,$11.73,1440263722145,"8,625",Not yet rated,NULL,N/A
BECN,$35.48,1440263722213,"294,756",50% bullish,of 2 ratings,$40
BDCV,$4.84,1440263722240,"9,821",100% bearish,of 1 rating,$10.19
BSF,$8.62,1440263722272,"18,869",Not yet rated,NULL,N/A
BBGI,$4.68,1440263722421,2,100% bearish,of 1 rating,N/A
BEBE,$1.81,1440263722450,"150,846",75% bullish,of 4 ratings,$3.075
BBBY,$61.8626,1440263722481,"2,676,226",71% bullish,of 7 ratings,$75
BELFA,$15.5,1440263722516,100,100% bearish,of 1 rating,N/A
BELFB,$17.92,1440263722583,"70,318",100% bearish,of 1 rating,N/A
BLCM,$17.46,1440263722609,"701,289",50% bullish,of 4 ratings,$40
BLPH,$5.01,1440263722645,"26,371",100% bearish,of 1 rating,$12.50
BNCL,$12.64,1440263722777,"393,855",100% bullish,of 3 ratings,$12.50
BNFT,$36.3,1440263722805,"94,715",67% bullish,of 3 ratings,$46
BGMD,$0.8536,1440263722939,"210,316",100% bullish,of 10 ratings,N/A
BNTC,$8.6562,1440263722960,"29,198",100% bullish,of 1 rating,N/A
BGCP,$8.8,1440263723039,"2,203,135",88% bullish,of 8 ratings,$14
BGFV,$10.86,1440263723093,"167,409",57% bullish,of 7 ratings,$12
BIND,$4.56,1440263723118,"42,392",67% bullish,of 3 ratings,$13.50
BASI,$1.39,1440263723148,"12,876",Not yet rated,NULL,N/A
ORPN,$5.34,1440263723171,"18,329",100% bullish,of 1 rating,$28.50
BIOC,$2.08,1440263723319,"466,899",83% bullish,of 6 ratings,$3.85
BCRX,$11.99,1440263723382,"637,416",63% bullish,of 8 ratings,$18
BIOD,$0.6899,1440263723408,"144,374",80% bullish,of 5 ratings,$4
BDSI,$6.52,1440263723464,"1,009,736",88% bullish,of 8 ratings,$17
BCDA,NULL,1440263723539,0,Not yet rated,NULL,N/A
BIIB,$298,1440263723598,"2,250,449",88% bullish,of 16 ratings,$400
BIOL,$1.46,1440263723672,"36,518",Not yet rated,NULL,N/A
BLRX,$1.42,1440263723754,"228,173",100% bullish,of 12 ratings,$5
BLFS,$2.03,1440263723803,"86,446",100% bearish,of 1 rating,$4.75
BMRN,$130,1440263723833,"823,308",80% bullish,of 5 ratings,$160
BVXV,$3.86,1440263723938,"7,057",Not yet rated,NULL,N/A
BPTH,$1.13,1440263723979,"64,428",100% bullish,of 2 ratings,$5
BRLI,NULL,1440263724008,0,NULL,NULL,NULL
BVXVW,$0.77,1440263724068,"1,008",100% bearish,of 1 rating,N/A
BBC,$30.48,1440263724097,"62,013",Not yet rated,NULL,N/A
BIOS,$1.84,1440263724129,"1,061,659",71% bullish,of 7 ratings,$4
BBP,$32.07,1440263724232,"91,659",Not yet rated,NULL,N/A
BOTA,$2.2,1440263724427,"47,009",88% bullish,of 8 ratings,N/A
BSPM,$0.72,1440263724472,"10,225",50% bullish,of 2 ratings,N/A
BSTC,$49.71,1440263724500,"66,008",100% bearish,of 1 rating,$76
TECH,$101.4978,1440263724631,"129,987",100% bullish,of 1 rating,$117
BITI,$17.33,1440263724658,"31,694",100% bullish,of 1 rating,$28
BDMS,NULL,1440263724680,0,100% bearish,of 1 rating,N/A
BEAT,$13.69,1440263724701,"339,071",67% bearish,of 3 ratings,$15
BBOX,$15.44,1440263724842,"68,675",100% bearish,of 1 rating,N/A
BJRI,$44.71,1440263724870,"215,274",50% bullish,of 2 ratings,$55
BDE,$7.5,1440263724910,"220,690",50% bullish,of 2 ratings,$9
BLKB,$58.91,1440263724943,"225,935",100% bearish,of 2 ratings,$66
HAWK,$42,1440263725014,"525,334",91% bullish,of 11 ratings,$49
BKCC,$9.118,1440263725041,"334,015",100% bullish,of 2 ratings,$10
ADRA,$27.52,1440263725172,"1,065",Not yet rated,NULL,N/A
BBRY,$7.15,1440263725198,"5,450,296",61% bullish,of 330 ratings,$9
ADRU,$21.85,1440263725374,"2,468",100% bearish,of 1 rating,N/A
ADRD,$22.12,1440263725407,"8,231",100% bearish,of 1 rating,N/A
ADRE,$29.55,1440263725428,"44,928",Not yet rated,NULL,N/A
BLMN,$20.36,1440263725507,"1,559,840",83% bullish,of 6 ratings,$27.50
BCOR,$13.4,1440263725559,"257,015",57% bullish,of 7 ratings,$15
BLBD,$11.53,1440263725584,"7,869",Not yet rated,NULL,N/A
BUFF,$26.91,1440263725713,"472,572",83% bullish,of 12 ratings,$31.50
BBLU,$0.89,1440263725745,"120,329",100% bullish,of 2 ratings,$4.43
NILE,$34.29,1440263725780,"91,641",50% bullish,of 2 ratings,$34
BLUE,$124.9,1440263725801,"511,022",71% bullish,of 7 ratings,$217.50
BHBK,$14.06,1440263725831,"103,355",100% bullish,of 1 rating,$14.50
BKEP,$6.6,1440263725896,"42,067",100% bearish,of 1 rating,$8.50
BKEPP,$7.773,1440263726000,"1,100",100% bearish,of 1 rating,N/A
BPMC,$25.74,1440263726026,"43,864",50% bullish,of 2 ratings,$47.50
BOBE,$44.5,1440263726256,"144,944",75% bullish,of 4 ratings,$57
BNCN,$21.26,1440263726283,"105,692",Not yet rated,NULL,$23
WIFI,$7.83,1440263726336,"402,837",50% bullish,of 2 ratings,$13.50
BOFI,$123.99,1440263726372,"365,678",100% bullish,of 6 ratings,$144
BNSO,$1.38,1440263726394,"6,280",100% bearish,of 1 rating,N/A
BONA,$11.82,1440263726427,"182,491",75% bullish,of 4 ratings,$8.50
BOJA,$20.83,1440263726464,"194,845",100% bullish,of 1 rating,$30
BOKF,$61.8126,1440263726490,"136,973",100% bearish,of 1 rating,$70.50
BPFHP,$25,1440263726686,"1,571",100% bearish,of 1 rating,N/A
BPFHW,$5.5,1440263726713,837,100% bearish,of 1 rating,N/A
BPFH,$12.155,1440263726738,"304,942",100% bearish,of 1 rating,$14
BAMM,$3.21,1440263726769,"12,873",60% bullish,of 5 ratings,N/A
EPAY,$25.46,1440263726841,"155,496",100% bearish,of 2 ratings,$30
BDBD,$8.43,1440263726977,"500,690",60% bullish,of 5 ratings,$10
BBEPP,$13.24,1440263727035,"73,231",100% bearish,of 1 rating,N/A
BCLI,$2.92,1440263727113,"80,439",80% bullish,of 5 ratings,$12
BBRG,$12.58,1440263727141,"83,065",67% bullish,of 3 ratings,$14.50
BLIN,$1.15,1440263727169,"21,500",50% bullish,of 2 ratings,$2.20
BBEP,$2.26,1440263727195,"2,113,660",69% bullish,of 13 ratings,$5.625
BDGE,$27.4,1440263727223,"33,067",Not yet rated,NULL,$31.75
BRID,$8.62,1440263727363,86,100% bearish,of 1 rating,N/A
BCOV,$5.22,1440263727391,"120,648",67% bullish,of 3 ratings,$10.20
BRCM,$48.57,1440263727520,"5,158,085",75% bullish,of 12 ratings,$56
BYFC,$1.37,1440263727583,200,50% bullish,of 2 ratings,N/A
BVSN,$5.54,1440263727608,"12,787",60% bearish,of 5 ratings,N/A
BSFT,$30.87,1440263727634,"134,160",57% bullish,of 7 ratings,$40.50
BWEN,$3.26,1440263727667,"21,709",100% bullish,of 3 ratings,$8
BRKL,$10.765,1440263727764,"389,012",100% bearish,of 1 rating,$10.75
BRCD,$10.6,1440263727789,"10,780,307",92% bullish,of 13 ratings,$12.50
BRKR,$19.0677,1440263727925,"233,562",100% bearish,of 2 ratings,$22
BRKS,$10.37,1440263727954,"191,066",67% bullish,of 3 ratings,$15.25
BMTC,$29.46,1440263727981,"89,269",Not yet rated,NULL,$34
BSQR,$6.03,1440263728007,"89,784",67% bullish,of 3 ratings,N/A
BLMT,$20.8,1440263728040,"14,194",Not yet rated,NULL,N/A
BWLD,$189.5073,1440263728137,"260,082",82% bullish,of 11 ratings,$205
BLDR,$14.9615,1440263728244,"1,078,324",50% bullish,of 2 ratings,$22
BUR,$1.85,1440263728338,"2,443",100% bearish,of 1 rating,$8
CFFI,$36,1440263728371,"6,616",100% bearish,of 1 rating,N/A
CA,$27.33,1440263728471,"2,905,194",50% bullish,of 4 ratings,$33
CHRW,$67.24,1440263728497,"1,128,419",Not yet rated,NULL,$72
CCMP,$44.25,1440263728530,"90,039",50% bullish,of 2 ratings,$59
CDZI,$7.53,1440263728666,"30,147",100% bearish,of 1 rating,N/A
CDNS,$19.8,1440263728722,"1,519,633",75% bullish,of 4 ratings,$22.50
CSTE,$45,1440263728751,"526,244",100% bearish,of 1 rating,$65
CACQ,$7.1,1440263728781,"100,797",100% bearish,of 1 rating,$12.25
CZR,$8.02,1440263728854,"1,345,062",60% bearish,of 5 ratings,$10.50
CLBS,$1.33,1440263728890,"263,782",79% bullish,of 14 ratings,$4
PRSS,$4.42,1440263728921,"18,224",80% bullish,of 5 ratings,$4.50
CHY,$11.51,1440263729167,"256,541",Not yet rated,NULL,N/A
CHI,$10.67,1440263729299,"301,618",100% bearish,of 1 rating,N/A
CLMS,$11.43,1440263729348,"84,354",Not yet rated,NULL,$10.50
CCD,$19.57,1440263729437,"275,211",Not yet rated,NULL,N/A
CGO,$11.92,1440263729520,"30,892",100% bearish,of 1 rating,N/A
CHW,$7.59,1440263729545,"273,520",100% bearish,of 1 rating,N/A
CAMP,$15.71,1440263729609,"335,596",88% bullish,of 8 ratings,$25
CSQ,$9.88,1440263729638,"547,189",Not yet rated,NULL,N/A
CALD,$15.56,1440263729694,"396,608",100% bearish,of 1 rating,$20.50
CFGE,NULL,1440263729741,0,Not yet rated,NULL,N/A
CVGW,$54.49,1440263729867,"146,768",50% bullish,of 2 ratings,$58.50
CFNB,$13.73,1440263729935,143,100% bearish,of 1 rating,N/A
CLMT,$25.21,1440263730140,"367,348",75% bullish,of 8 ratings,$31
CALM,$49.67,1440263730179,"539,610",80% bullish,of 5 ratings,$65
CALA,$5.13,1440263730209,"381,343",100% bullish,of 3 ratings,$19.50
ABCD,$4.64,1440263730313,"122,674",83% bullish,of 6 ratings,N/A
CAMBU,NULL,1440263730468,0,100% bearish,of 1 rating,N/A
CAMB,NULL,1440263730501,0,Not yet rated,NULL,N/A
CAMT,$2.76,1440263730547,"17,958",73% bullish,of 11 ratings,$4
CAMBW,$0.14,1440263730597,200,Not yet rated,NULL,N/A
CSIQ,$17.5,1440263730629,"3,511,125",86% bullish,of 28 ratings,$45
CAC,$40.79,1440263730733,"25,045",Not yet rated,NULL,N/A
CGIX,$9.21,1440263730758,"38,415",67% bullish,of 3 ratings,$14.375
CPHC,$10.66,1440263730784,"2,320",100% bearish,of 1 rating,N/A
CBNJ,$10.65,1440263730915,"60,681",100% bullish,of 1 rating,N/A
CPLA,$48.57,1440263730967,"84,854",50% bullish,of 2 ratings,$65
CCBG,$15.17,1440263731110,"20,399",Not yet rated,NULL,$17.25
CBF,$30.13,1440263731258,"102,306",Not yet rated,NULL,$32
CPLP,$7.07,1440263731484,"470,786",71% bullish,of 7 ratings,$11
CSWC,$46.68,1440263731711,"16,339",Not yet rated,NULL,N/A
CPST,$0.3777,1440263731758,"956,493",95% bullish,of 22 ratings,$1.25
CFFN,$12.0086,1440263731784,"689,306",Not yet rated,NULL,$12.75
CPTA,$14.22,1440263731815,"52,411",Not yet rated,NULL,$18.50
CAPN,$1.99,1440263731836,"269,769",100% bullish,of 1 rating,$10.85
CARA,$21.01,1440263731858,"286,045",50% bullish,of 4 ratings,$25
CBYL,$6.29,1440263731918,"38,631",100% bearish,of 1 rating,$20
CAPNW,$0.6199,1440263732111,615,Not yet rated,NULL,N/A
CARB,$11.43,1440263732182,"85,069",75% bullish,of 4 ratings,$12
CRDC,$0.38,1440263732213,"10,734",100% bullish,of 1 rating,$1.25
CAPR,$3.95,1440263732234,"6,718",Not yet rated,NULL,$12
CSII,$24.6527,1440263732256,"477,244",100% bearish,of 2 ratings,$42.125
CRME,$9.535,1440263732297,"32,837",89% bullish,of 9 ratings,$11.25
CFNL,$22.47,1440263732386,"122,419",Not yet rated,NULL,$24
CATM,$34.54,1440263732574,"283,184",100% bearish,of 1 rating,$44
CECO,$3.63,1440263732632,"476,999",67% bearish,of 3 ratings,$6
CDNA,$6.47,1440263732707,"6,286",100% bearish,of 1 rating,$9
CKEC,$21.84,1440263732756,"283,627",50% bullish,of 2 ratings,$35.915
CARO,$15.35,1440263732786,"1,700",100% bearish,of 1 rating,$19
CTRE,$12.03,1440263732806,"422,076",50% bullish,of 2 ratings,N/A
CLBH,$12.79,1440263732890,288,Not yet rated,NULL,$16.50
CARV,$5.51,1440263732947,"1,650",50% bullish,of 2 ratings,N/A
CRZO,$32,1440263732975,"968,169",67% bearish,of 3 ratings,$57
CART,NULL,1440263733029,0,100% bearish,of 1 rating,N/A
CRTN,$2.66,1440263733200,103,100% bearish,of 1 rating,N/A
CACB,$5.43,1440263733247,"111,472",Not yet rated,NULL,$5.50
TAST,$11.91,1440263733294,"220,515",Not yet rated,NULL,$14.25
CSCD,$14.23,1440263733342,"100,500",100% bullish,of 2 ratings,$17
CASM,$1.09,1440263733367,"4,748",100% bullish,of 1 rating,$3.50
CWST,$6.2,1440263733532,"271,280",50% bullish,of 2 ratings,$7
CASY,$104.8974,1440263733598,"370,086",50% bullish,of 2 ratings,$99.50
CASI,$1.42,1440263733701,"13,082",100% bullish,of 1 rating,$3.50
CASS,$47.46,1440263733738,"46,174",100% bearish,of 1 rating,N/A
CATB,$11.26,1440263733760,"70,464",100% bearish,of 1 rating,$28
CPRX,$3.66,1440263733801,"846,503",71% bullish,of 7 ratings,$7
CATYW,$10.54,1440263733830,100,100% bearish,of 1 rating,N/A
CATY,$30.2864,1440263733855,"491,578",100% bearish,of 1 rating,$33.50
CVCO,$73.17,1440263733908,"73,964",100% bearish,of 1 rating,N/A
CAVM,$66.14,1440263734077,"458,453",67% bearish,of 3 ratings,$72
CBFV,$20.75,1440263734135,"4,266",Not yet rated,NULL,N/A
CNLMR,NULL,1440263734244,0,Not yet rated,NULL,N/A
CNLM,$9.97,1440263734270,"1,883",Not yet rated,NULL,N/A
CNLMU,NULL,1440263734326,0,100% bullish,of 1 rating,N/A
CNLMW,NULL,1440263734353,0,Not yet rated,NULL,N/A
CDK,$48.5,1440263734526,"517,921",67% bearish,of 3 ratings,$50
CDW,$38.25,1440263734567,"1,490,342",75% bullish,of 4 ratings,$44
CBOE,$61.4126,1440263734597,"495,206",Not yet rated,NULL,$60
CPXX,$2.13,1440263734618,"85,814",100% bullish,of 2 ratings,$7
CECE,$9.45,1440263734655,"124,266",50% bullish,of 2 ratings,$16
CELGZ,$1.81,1440263734747,"14,200",80% bullish,of 5 ratings,N/A
CELG,$119.5,1440263734774,"5,582,818",92% bullish,of 13 ratings,$155.50
CLDN,$1.05,1440263734799,"324,992",71% bullish,of 7 ratings,$3
CLDX,$13.53,1440263734993,"2,065,127",89% bullish,of 9 ratings,$36
CLRBW,$0.94,1440263735020,300,Not yet rated,NULL,N/A
CLRB,$3.05,1440263735048,"5,111",100% bearish,of 1 rating,N/A
CLSN,$2,1440263735270,"140,086",80% bullish,of 10 ratings,$7.50
CLLS,$30.45,1440263735300,"113,250",75% bullish,of 4 ratings,$51.50
CBMG,$22.63,1440263735333,"40,791",50% bullish,of 2 ratings,N/A
CYAD,$50.47,1440263735354,"5,476",100% bullish,of 1 rating,$87.50
CLTX,$3,1440263735431,"2,660,088",100% bullish,of 2 ratings,N/A
CEMP,$35.5,1440263735485,"686,260",71% bullish,of 7 ratings,$52
CETX,$2.47,1440263735593,"12,950",Not yet rated,NULL,$5.60
CETV,$2.02,1440263735619,"177,717",67% bullish,of 3 ratings,$2.80
CSFL,$14.06,1440263735696,"147,356",Not yet rated,NULL,$15
CFBK,$1.38,1440263735767,"6,308",Not yet rated,NULL,N/A
CENT,$11.93,1440263735922,"28,453",Not yet rated,NULL,$10
CVCY,$11.19,1440263735968,675,Not yet rated,NULL,$12
CENTA,$12.57,1440263736004,"238,725",Not yet rated,NULL,N/A
CENX,$5.17,1440263736055,"1,660,584",67% bullish,of 6 ratings,$9
CNTY,$6.02,1440263736186,"6,571",80% bullish,of 5 ratings,$7.75
CNBKA,$40.33,1440263736216,"9,839",100% bullish,of 1 rating,N/A
CPHD,$47.8043,1440263736246,"535,219",50% bullish,of 2 ratings,$66.50
CERE,$1.1,1440263736319,"479,152",88% bullish,of 8 ratings,N/A
CRNT,$1.37,1440263736347,"280,066",50% bullish,of 2 ratings,$2
CERS,$4.73,1440263736476,"650,339",75% bullish,of 4 ratings,$7
CERU,$3.42,1440263736501,"35,413",75% bullish,of 4 ratings,$15
CERN,$61.72,1440263736529,"1,895,743",67% bullish,of 3 ratings,$79
CEVA,$18.37,1440263736670,"70,931",100% bearish,of 1 rating,$25
CYOU,$20.0874,1440263736702,"457,679",50% bullish,of 6 ratings,$24
KOOL,$0.6998,1440263736728,"19,783",100% bullish,of 5 ratings,$7
HOTR,$1.5,1440263736807,"212,526",100% bullish,of 2 ratings,$5
CTHR,$1.23,1440263736938,"48,304",50% bullish,of 2 ratings,$2.50
GTLS,$22.3973,1440263737026,"330,795",50% bullish,of 4 ratings,$40
HOTRW,NULL,1440263737058,0,Not yet rated,NULL,N/A
CHFN,$12.45,1440263737085,"35,096",Not yet rated,NULL,$14
CHTR,$177.5087,1440263737156,"962,693",100% bearish,of 2 ratings,$196
CHKP,$76.9,1440263737222,"1,048,652",50% bullish,of 4 ratings,$92
CHEK,$3.16,1440263737252,"1,665",Not yet rated,NULL,$7.75
CHEKW,NULL,1440263737273,0,Not yet rated,NULL,N/A
CEMI,$4.25,1440263737304,"5,139",50% bullish,of 2 ratings,$7.50
CCXI,$6.66,1440263737447,"125,627",67% bullish,of 3 ratings,$14
CHFC,$31.81,1440263737530,"100,386",100% bearish,of 1 rating,$36
CHKE,$25.42,1440263737694,"26,595",100% bearish,of 1 rating,$32.50
CHEV,$14.63,1440263737723,"8,266",Not yet rated,NULL,N/A
CHMG,$26.6,1440263737754,700,Not yet rated,NULL,$30
CHMA,$24.05,1440263737825,"123,730",Not yet rated,NULL,$40
PLCE,$58.5,1440263737854,"386,298",100% bearish,of 1 rating,$71
CADC,NULL,1440263737880,0,78% bullish,of 9 ratings,N/A
CBNK,$16.48,1440263737960,297,100% bearish,of 1 rating,N/A
CALI,$0.87,1440263738008,"7,037",67% bullish,of 3 ratings,N/A
CAAS,$6.48,1440263738091,"52,022",93% bullish,of 14 ratings,$11.50
CMRX,$46.44,1440263738168,"341,351",50% bullish,of 2 ratings,$57
CBPO,$97.5633,1440263738222,"275,264",75% bullish,of 8 ratings,$140.50
CBAK,$1.8,1440263738247,"39,266",67% bullish,of 9 ratings,N/A
CCCL,$0.85,1440263738311,"10,030",100% bullish,of 6 ratings,N/A
CCCR,$0.89,1440263738445,"36,866",67% bearish,of 3 ratings,N/A
CHOP,$1.2,1440263738519,"146,084",50% bullish,of 2 ratings,N/A
JRJC,$3.88,1440263738548,"166,421",82% bullish,of 11 ratings,N/A
CHLN,$2.05,1440263738578,"8,803",67% bullish,of 3 ratings,N/A
HTHT,$24.5,1440263738675,"81,284",50% bullish,of 2 ratings,$28
CJJD,$1.9,1440263738728,"52,186",100% bullish,of 1 rating,N/A
HGSH,$1.89,1440263738756,"13,900",67% bullish,of 3 ratings,N/A
CNIT,$1.54,1440263738784,"31,123",67% bullish,of 6 ratings,N/A
CHNR,$2.01,1440263738930,"1,911",100% bearish,of 1 rating,N/A
CPGI,$6.94,1440263738958,"2,888",Not yet rated,NULL,N/A
CSUN,$1.38,1440263739135,"19,180",80% bullish,of 5 ratings,N/A
CREG,$0.7,1440263739197,"109,561",100% bullish,of 3 ratings,N/A
CNYD,$3.17,1440263739226,"7,840",67% bullish,of 3 ratings,N/A
CXDC,$6.21,1440263739248,"128,308",67% bullish,of 3 ratings,N/A
CNTF,$0.85,1440263739277,"130,860",Not yet rated,NULL,N/A
CCIH,$6.0688,1440263739331,"995,724",67% bullish,of 6 ratings,$12.65
CNET,$0.8899,1440263739462,"36,501",50% bullish,of 2 ratings,N/A
IMOS,$16.0456,1440263739490,"208,767",60% bullish,of 5 ratings,$21.50
CHSCL,$27.06,1440263739511,"26,654",Not yet rated,NULL,N/A
CHSCO,$28.32,1440263739641,"9,147",Not yet rated,NULL,N/A
CHSCP,$30.29,1440263739675,"3,905",Not yet rated,NULL,N/A
CHDN,$134.37,1440263739708,"57,359",Not yet rated,NULL,$165
CHSCM,$25.86,1440263739775,"33,418",Not yet rated,NULL,N/A
CHSCN,$27.02,1440263739802,"3,839",Not yet rated,NULL,N/A
CHUY,$31.27,1440263739935,"229,822",50% bullish,of 2 ratings,$34
CDTX,$14.04,1440263740008,"21,619",Not yet rated,NULL,$22
CMCT,$15,1440263740075,"2,992",100% bearish,of 1 rating,N/A
CMPR,$67.75,1440263740105,"558,567",50% bullish,of 2 ratings,$72.50
CIFC,$6.85,1440263740130,"10,311",Not yet rated,NULL,N/A
CIDM,$0.62,1440263740267,"87,510",50% bullish,of 2 ratings,$2.10
CRUS,$27.46,1440263740328,"973,633",75% bullish,of 12 ratings,$44.50
CPHR,$6.2,1440263740359,"1,500",100% bearish,of 1 rating,$16
CTAS,$84.87,1440263740393,"522,195",100% bearish,of 1 rating,$91
CINF,$53.8535,1440263740462,"1,065,857",50% bullish,of 4 ratings,$50.50
CSCO,$26.48,1440263740495,"34,066,946",84% bullish,of 208 ratings,$32
CTRN,$27.92,1440263740625,"144,202",100% bearish,of 1 rating,$31.50
CZWI,$9.09,1440263740713,10,Not yet rated,NULL,N/A
CZFC,$12.7201,1440263740783,700,Not yet rated,NULL,N/A
CTXS,$73.91,1440263740935,"1,231,547",86% bullish,of 7 ratings,$80
CHCO,$47.47,1440263740961,"74,330",Not yet rated,NULL,$46
CIVB,$10.29,1440263741018,"5,841",Not yet rated,NULL,$11
CIVBP,NULL,1440263741048,0,Not yet rated,NULL,N/A
CZNC,$19.63,1440263741155,"13,840",Not yet rated,NULL,N/A
CDTI,$1.56,1440263741189,"65,316",75% bullish,of 4 ratings,$3.20
CIZN,$19.55,1440263741217,"1,220",Not yet rated,NULL,N/A
CLNE,$4.02,1440263741244,"1,114,136",80% bullish,of 15 ratings,$9
CLNT,$1.69,1440263741289,"56,834",75% bullish,of 8 ratings,N/A
CLFD,$16.89,1440263741375,"50,082",67% bullish,of 3 ratings,$18
CLRO,$11.74,1440263741400,"4,663",50% bullish,of 2 ratings,$14.25
CLIR,$5.07,1440263741572,"32,472",100% bullish,of 3 ratings,N/A
CBLI,$3.82,1440263741622,"47,562",60% bullish,of 5 ratings,N/A
CSBK,$13.76,1440263741665,"62,601",Not yet rated,NULL,N/A
CLVS,$72.68,1440263741755,"346,682",60% bullish,of 5 ratings,$101.50
CME,$91.629,1440263741881,"3,306,208",67% bullish,of 3 ratings,$102
CCNE,$17.08,1440263741911,"21,997",50% bullish,of 2 ratings,$21.50
CMFN,$11.79,1440263741942,"14,093",100% bearish,of 1 rating,$15.50
CISG,$7.78,1440263741981,"151,935",100% bullish,of 5 ratings,$10
CNV,$4.72,1440263742043,"20,202",50% bullish,of 2 ratings,$7.15
CWAY,$11.36,1440263742078,502,Not yet rated,NULL,N/A
COKE,$154.15,1440263742106,"30,930",79% bullish,of 19 ratings,N/A
COBZ,$13,1440263742176,"155,494",100% bullish,of 1 rating,$14
CDRB,$11.18,1440263742236,"11,033",67% bullish,of 3 ratings,N/A
CDXS,$3.96,1440263742310,"51,237",64% bullish,of 11 ratings,$6
JVA,$4.57,1440263742440,"28,204",83% bullish,of 6 ratings,$7
CCOI,$28.31,1440263742512,"322,021",50% bullish,of 4 ratings,$35
CVLY,$20.55,1440263742644,"8,047",Not yet rated,NULL,N/A
CGNX,$35.7,1440263742675,"695,000",50% bullish,of 2 ratings,$47
CTSH,$62.85,1440263742697,"3,763,692",90% bullish,of 10 ratings,$75
COHR,$57.2,1440263742729,"130,953",50% bullish,of 2 ratings,$72
CGNT,$1.66,1440263742775,"34,162",100% bullish,of 2 ratings,$2
CHRS,$29.87,1440263742831,"170,994",67% bearish,of 3 ratings,$37
COHU,$9.89,1440263742918,"271,999",100% bearish,of 1 rating,$14.25
COLL,$15.25,1440263743052,"33,838",100% bearish,of 1 rating,$26
CIGI,$44.35,1440263743078,"9,835",100% bearish,of 1 rating,$52
CLRX,$0.4901,1440263743107,"59,544",50% bullish,of 2 ratings,N/A
CLCT,$18.06,1440263743143,"74,153",100% bearish,of 1 rating,N/A
CBAN,$8.95,1440263743171,520,Not yet rated,NULL,N/A
COLB,$31.17,1440263743434,"236,131",Not yet rated,NULL,$36
CMCO,$19.42,1440263743466,"118,644",60% bullish,of 5 ratings,$28
CLCD,$6.91,1440263743498,"23,570",100% bearish,of 1 rating,$20.50
COLM,$62.63,1440263743567,"170,550",100% bearish,of 1 rating,$71
CMCSK,$57.64,1440263743601,"4,128,285",Not yet rated,NULL,$84
CBSH,$45.3446,1440263743626,"380,222",50% bullish,of 2 ratings,$46
CMCSA,$56.78,1440263743654,"15,010,891",66% bullish,of 35 ratings,$69.50
CBMX,$1.21,1440263743699,"39,549",83% bullish,of 6 ratings,$3.15
CVGI,$4.69,1440263743947,"105,073",50% bullish,of 2 ratings,$6
CUBN,$13.6,1440263743980,"2,416",Not yet rated,NULL,N/A
COMM,$29.31,1440263744002,"1,032,402",67% bearish,of 3 ratings,$35
CBSHP,$25.25,1440263744031,"1,462",100% bearish,of 1 rating,N/A
JCS,$9.21,1440263744082,626,67% bullish,of 3 ratings,N/A
ESXB,$5.12,1440263744107,"12,099",Not yet rated,NULL,N/A
CWBC,$6.78,1440263744304,"5,828",Not yet rated,NULL,N/A
CTBI,$34.8,1440263744337,"47,075",Not yet rated,NULL,$36
CYHHZ,$0.011,1440263744365,"5,341",100% bullish,of 1 rating,N/A
CVLT,$36.34,1440263744402,"370,999",75% bullish,of 4 ratings,$44.50
CIZ,$33.33,1440263744430,"5,278",100% bearish,of 1 rating,N/A
COB,$10.42,1440263744463,"21,470",100% bullish,of 1 rating,$11.75
CSAL,$20.6075,1440263744559,"718,045",75% bullish,of 4 ratings,$30
CID,$33.93,1440263744722,300,Not yet rated,NULL,N/A
CDC,$35.22,1440263744782,"23,106",Not yet rated,NULL,N/A
CIL,$33.53,1440263744808,500,Not yet rated,NULL,N/A
CSF,$36.84,1440263744838,"5,120",100% bearish,of 1 rating,N/A
CFO,$35.7,1440263744864,"16,998",100% bearish,of 1 rating,N/A
CSA,$33.32,1440263744885,"2,560",Not yet rated,NULL,N/A
CFA,$35.77,1440263744918,"2,458",100% bearish,of 1 rating,N/A
CDL,$34.42,1440263745097,"7,600",Not yet rated,NULL,N/A
CTG,$6.63,1440263745170,"46,409",100% bearish,of 1 rating,$8.50
CPSI,$45.08,1440263745233,"89,664",100% bearish,of 1 rating,$45.50
SCOR,$56.5,1440263745259,"463,584",100% bearish,of 1 rating,$66
CGEN,$5.15,1440263745301,"114,352",50% bullish,of 2 ratings,$11
CHCI,$0.6,1440263745334,"23,882",50% bullish,of 2 ratings,N/A
CMTL,$26.49,1440263745490,"90,800",100% bearish,of 2 ratings,$37
CSB,NULL,1440263745510,0,Not yet rated,NULL,N/A
CNCE,$15.39,1440263745569,"221,475",75% bullish,of 4 ratings,$22
CNSI,$18.79,1440263745643,"160,869",100% bearish,of 2 ratings,$29
CNAT,$4,1440263745672,"134,269",83% bullish,of 6 ratings,$13
CCUR,$5.18,1440263745780,"18,754",75% bullish,of 4 ratings,N/A
CDOR,$1.47,1440263745813,"5,359",100% bullish,of 1 rating,N/A
CDORO,NULL,1440263745856,0,100% bearish,of 1 rating,N/A
CXRX,$71.01,1440263745884,"3,584",Not yet rated,NULL,$90
CDORP,$6.7921,1440263745909,800,100% bearish,of 1 rating,N/A
CFMS,$21.32,1440263746087,"241,608",Not yet rated,NULL,$27
CNFR,$10.42,1440263746217,"16,866",Not yet rated,NULL,N/A
CNOB,$19.5,1440263746254,"153,863",100% bullish,of 1 rating,$23.50
CTWS,$35.1,1440263746275,"49,177",100% bearish,of 1 rating,$44
CNXR,$6.26,1440263746310,"22,458",100% bearish,of 1 rating,$12
CONN,$31.23,1440263746345,"383,835",67% bullish,of 3 ratings,$48.50
CNMD,$54.8,1440263746372,"186,789",Not yet rated,NULL,$59
CNSL,$20.06,1440263746404,"235,939",100% bearish,of 1 rating,$23
CPSS,$5.64,1440263746572,"88,625",100% bullish,of 1 rating,$10
CTCT,$24.27,1440263746604,"286,115",67% bullish,of 3 ratings,$37
CWCO,$10.65,1440263746668,"129,607",67% bullish,of 3 ratings,$14.50
CFRXZ,$0.531,1440263746703,"2,550",Not yet rated,NULL,N/A
CFRX,$5.14,1440263746731,"29,285",Not yet rated,NULL,$14
CFRXW,$1.87,1440263746768,"4,588",100% bearish,of 1 rating,N/A
CTRL,$7.91,1440263746912,"125,610",50% bullish,of 2 ratings,$11
CTRV,$3.55,1440263746954,"57,680",Not yet rated,NULL,$6.40
CORT,$4.57,1440263747054,"394,867",67% bullish,of 3 ratings,$12
BVA,$3.75,1440263747085,"3,794",50% bullish,of 2 ratings,N/A
CPRT,$34.5858,1440263747106,"275,415",67% bearish,of 3 ratings,$40
CRBP,$2.13,1440263747137,"925,466",100% bullish,of 2 ratings,$6.25
CORE,$59.8,1440263747166,"94,606",100% bearish,of 1 rating,$72
CSOD,$36.95,1440263747320,"368,582",50% bullish,of 2 ratings,$42
CORI,$10.8,1440263747351,"63,491",100% bearish,of 1 rating,$18
COSI,$1.11,1440263747456,"87,642",100% bullish,of 1 rating,N/A
CRVL,$32.1,1440263747488,"47,501",100% bearish,of 1 rating,N/A
COST,$139.357,1440263747514,"2,522,098",79% bullish,of 24 ratings,$154.50
CPAH,$0.4625,1440263747554,"11,752",50% bullish,of 2 ratings,N/A
CSGP,$181.61,1440263747584,"73,784",50% bullish,of 2 ratings,$235
CVTI,$22.53,1440263747753,"149,049",67% bearish,of 3 ratings,$39
ICBK,$18.6,1440263747782,402,Not yet rated,NULL,$21
COWN,$5.1,1440263747810,"839,094",75% bullish,of 4 ratings,$7
COVS,$2.56,1440263747839,"72,882",67% bullish,of 3 ratings,N/A
CRAI,$22.39,1440263747940,"55,819",Not yet rated,NULL,$36
CBRL,$143.9027,1440263747996,"281,725",50% bullish,of 2 ratings,$155
COWNL,$27.19,1440263748021,"3,700",Not yet rated,NULL,N/A
CPSH,$2.36,1440263748076,300,Not yet rated,NULL,N/A
CRAY,$20.49,1440263748238,"284,812",83% bullish,of 6 ratings,$38.50
BREW,$7.3,1440263748272,"59,792",67% bullish,of 6 ratings,$15
CACC,$192.85,1440263748298,"121,732",50% bullish,of 2 ratings,$158.50
GLDI,$11.09,1440263748373,"41,785",100% bearish,of 1 rating,N/A
CREE,$25.45,1440263748398,"1,082,980",65% bullish,of 17 ratings,$29.50
SLVO,$10.46,1440263748542,"9,370",100% bearish,of 1 rating,N/A
CRTO,$43.49,1440263748574,"541,309",67% bullish,of 6 ratings,$64
CCRN,$14.41,1440263748616,"188,998",100% bearish,of 1 rating,$14.25
CROX,$14.19,1440263748672,"1,360,754",63% bullish,of 8 ratings,$16.50
CRESY,$10.29,1440263748703,"38,860",100% bearish,of 1 rating,$19
CRWS,$8.03,1440263748775,"2,485",Not yet rated,NULL,$10
CRWN,$4.56,1440263748802,"130,545",75% bullish,of 4 ratings,N/A
CRDS,$1.05,1440263748828,"13,476",50% bullish,of 4 ratings,$4.50
CYRXW,$0.86,1440263748965,"41,500",Not yet rated,NULL,N/A
CYRX,$2.88,1440263749026,"35,137",Not yet rated,NULL,$9
CCLP,$13.8063,1440263749158,"64,248",67% bearish,of 3 ratings,$21
CSGS,$31.06,1440263749189,"172,648",Not yet rated,NULL,$40
CTCM,$1.71,1440263749229,"372,018",80% bearish,of 5 ratings,$3.90
CTIC,$1.68,1440263749284,"1,708,372",84% bullish,of 76 ratings,$5.75
CSPI,$6.18,1440263749315,"3,803",67% bullish,of 3 ratings,N/A
CTIB,NULL,1440263749340,0,100% bearish,of 1 rating,N/A
CTRP,$64.2374,1440263749388,"1,571,691",75% bullish,of 8 ratings,$92
CUNB,$22.03,1440263749412,"49,607",Not yet rated,NULL,$24.50
CPIX,$5.87,1440263749567,"3,515",Not yet rated,NULL,N/A
CUI,$4.8908,1440263749596,"121,551",50% bullish,of 2 ratings,$10
CMLS,$1.3,1440263749649,"970,308",50% bullish,of 4 ratings,$6
CRIS,$2.57,1440263749674,"442,411",100% bullish,of 8 ratings,$6
CUTR,$14.4,1440263749727,"57,497",67% bearish,of 3 ratings,$18
CVBF,$16.66,1440263749868,"658,942",Not yet rated,NULL,$18
CVV,$11.44,1440263750035,"25,260",100% bullish,of 5 ratings,N/A
CYAN,$7.3,1440263750111,"5,900",100% bearish,of 1 rating,N/A
CYBX,$66.48,1440263750139,"561,566",50% bullish,of 4 ratings,$70
CYBE,$5.96,1440263750240,"9,802",100% bearish,of 1 rating,N/A
CYCC,$0.5699,1440263750286,"125,541",73% bullish,of 11 ratings,N/A
CBAY,$2.69,1440263750313,"42,788",100% bullish,of 1 rating,$4
CYBR,$51.5,1440263750339,"2,002,023",86% bullish,of 7 ratings,$66
CYCCP,NULL,1440263750389,0,100% bearish,of 1 rating,N/A
CYNA,$16.08,1440263750469,"23,175",100% bullish,of 1 rating,$31.50
CYNO,$31.99,1440263750527,"242,311",67% bearish,of 3 ratings,$45.50
CYRN,$1.64,1440263750681,"253,906",67% bullish,of 3 ratings,$4
CY,$9.447,1440263750716,"3,384,357",80% bullish,of 10 ratings,$15.50
CONE,$32.98,1440263750745,"454,437",67% bearish,of 3 ratings,$35
CYTK,$6.54,1440263750772,"193,233",71% bullish,of 14 ratings,$13.50
CYTX,$0.375,1440263750811,"766,187",83% bullish,of 12 ratings,$5.50
CTSO,$6.95,1440263750839,"54,249",Not yet rated,NULL,$15.625
CYTR,$2.18,1440263750989,"755,510",67% bullish,of 6 ratings,$10
DAEG,$0.3443,1440263751022,"4,306",100% bearish,of 1 rating,N/A
TVIZ,$14.69,1440263751152,"3,240",100% bearish,of 1 rating,N/A
ZIV,$46.57,1440263751179,"149,070",Not yet rated,NULL,N/A
XIV,$36.2,1440263751238,"25,218,869",75% bearish,of 4 ratings,N/A
TVIX,$8.99,1440263751307,"19,877,376",81% bullish,of 16 ratings,N/A
DAKT,$11.7,1440263751367,"198,964",50% bullish,of 2 ratings,$14
DAIO,$2.55,1440263751452,"4,354",Not yet rated,NULL,N/A
DTLK,$5.5,1440263751496,"91,469",100% bearish,of 1 rating,$9
DARA,$0.9,1440263751553,"39,987",83% bullish,of 6 ratings,$1.50
DJCO,$197.2,1440263751575,"1,966",Not yet rated,NULL,N/A
DRAM,$1.4,1440263751625,"5,900",78% bullish,of 9 ratings,N/A
DWSN,$4.02,1440263751709,"44,331",67% bullish,of 3 ratings,$6
PLAY,$34.47,1440263751738,"228,236",100% bullish,of 5 ratings,$42
DWCH,$4.97,1440263751759,"77,045",75% bullish,of 4 ratings,$8.25
DTEA,$13.49,1440263751790,"126,308",100% bearish,of 2 ratings,$24
DBVT,$39.13,1440263751935,"112,606",100% bearish,of 1 rating,$53
DFRG,$14.75,1440263752096,"199,012",100% bearish,of 1 rating,$20
TACOW,$4.01,1440263752122,"3,651",100% bullish,of 1 rating,N/A
TRAK,$62.93,1440263752144,"1,034,755",50% bullish,of 2 ratings,$62.50
TACO,$13.13,1440263752179,"216,919",100% bullish,of 3 ratings,$20
DHRM,$1.68,1440263752205,"4,586",Not yet rated,NULL,N/A
DCTH,$0.48,1440263752278,"110,038",78% bullish,of 9 ratings,N/A
DGAS,$20.24,1440263752425,"1,955",67% bearish,of 3 ratings,N/A
DELT,$2.59,1440263752455,"2,349",Not yet rated,NULL,N/A
DENN,$11.6,1440263752479,"551,633",100% bullish,of 3 ratings,$15
DELTW,NULL,1440263752516,0,Not yet rated,NULL,N/A
XRAY,$53.63,1440263752544,"910,051",100% bullish,of 1 rating,$58
DEPO,$28.75,1440263752576,"1,112,213",60% bullish,of 5 ratings,$29
DERM,$24.15,1440263752613,"253,637",100% bearish,of 1 rating,$33.50
DSCI,$6.45,1440263752643,"49,351",50% bullish,of 2 ratings,$16
DXLG,$4.5,1440263752831,"65,758",100% bearish,of 1 rating,$8
DEST,$11.83,1440263752856,"39,808",50% bullish,of 2 ratings,N/A
DXM,$0.32,1440263753084,"22,270",50% bullish,of 2 ratings,N/A
DSWL,$1.75,1440263753114,"10,432",100% bullish,of 1 rating,N/A
DHXM,NULL,1440263753135,0,Not yet rated,NULL,N/A
FANG,$66.542,1440263753173,"1,043,554",50% bullish,of 2 ratings,$86
DHIL,$190.8,1440263753194,"18,491",Not yet rated,NULL,N/A
DXCM,$89.9992,1440263753215,"957,976",57% bullish,of 7 ratings,$98
DMND,$30.41,1440263753268,"181,308",75% bullish,of 12 ratings,$32
DCIX,$1.74,1440263753343,"92,529",50% bullish,of 4 ratings,$3.50
DRNA,$10.34,1440263753444,"90,197",67% bearish,of 3 ratings,$25
DRAD,$3.88,1440263753497,"12,681",100% bullish,of 1 rating,$5.25
DMRC,$36.52,1440263753538,"70,922",100% bearish,of 1 rating,$44
DGII,$9.95,1440263753569,"78,052",100% bearish,of 1 rating,$10
DGLY,$6.75,1440263753667,"241,709",50% bullish,of 6 ratings,$20
DCOM,$16.82,1440263753762,"156,270",100% bearish,of 2 ratings,$16.50
APPS,$2.36,1440263753788,"204,374",100% bearish,of 1 rating,$10.25
DIOD,$19.31,1440263753852,"281,801",75% bearish,of 4 ratings,$24
DPRX,$11.95,1440263753922,"18,525",100% bullish,of 2 ratings,$27.75
DISCK,$25.9869,1440263753948,"2,884,033",100% bearish,of 1 rating,$32
DISCA,$27.1,1440263754079,"3,037,195",67% bullish,of 3 ratings,$34
DISCB,NULL,1440263754107,0,100% bearish,of 1 rating,$35
DSCO,$0.4055,1440263754135,"156,711",83% bullish,of 6 ratings,$2.75
DISH,$60.9427,1440263754178,"1,735,171",69% bullish,of 13 ratings,$73
DVCR,$10.25,1440263754307,"18,982",100% bullish,of 1 rating,N/A
DLHC,$2.5,1440263754335,"6,270",100% bearish,of 1 rating,N/A
BAGR,$3.01,1440263754360,"16,511",100% bearish,of 1 rating,$6
DLTR,$76.3408,1440263754525,"2,448,980",82% bullish,of 11 ratings,$88
DNBF,$27.15,1440263754553,"8,727",Not yet rated,NULL,$27.50
DGICA,$14.4,1440263754581,"16,557",100% bearish,of 1 rating,$17
DMLP,$13.9,1440263754614,"47,201",100% bearish,of 1 rating,N/A
DORM,$49.7,1440263754717,"307,182",100% bearish,of 1 rating,$56
DGICB,NULL,1440263754745,0,100% bearish,of 1 rating,N/A
DRWI,$0.2625,1440263754775,"193,656",60% bullish,of 5 ratings,$.45
HILL,$9.69,1440263754823,"2,314,246",60% bearish,of 5 ratings,$9.75
DRWIW,$0.0589,1440263754875,"1,581",Not yet rated,NULL,N/A
DRYS,$0.357,1440263755005,"1,482,398",77% bullish,of 31 ratings,$.60
DSKX,$3.44,1440263755037,"117,971",100% bullish,of 1 rating,N/A
DWA,$19.0777,1440263755067,"879,680",63% bullish,of 8 ratings,$26
DSPG,$8.595,1440263755134,"67,339",100% bearish,of 1 rating,$13.50
CADT,$10.02,1440263755168,206,Not yet rated,NULL,N/A
CADTU,NULL,1440263755267,0,Not yet rated,NULL,N/A
CADTR,NULL,1440263755295,0,Not yet rated,NULL,N/A
CADTW,NULL,1440263755327,0,Not yet rated,NULL,N/A
DTSI,$26.055,1440263755398,"125,141",100% bearish,of 2 ratings,$39.50
DNKN,$49.874,1440263755427,"1,291,182",67% bullish,of 15 ratings,$56.50
DXPE,$28.59,1440263755557,"166,279",50% bullish,of 2 ratings,N/A
DRRX,$1.99,1440263755626,"346,049",50% bullish,of 6 ratings,$3
DYSL,$1.55,1440263755659,"180,829",100% bullish,of 2 ratings,N/A
BOOM,$9.64,1440263755685,"57,962",67% bullish,of 3 ratings,$12
DYAX,$22.55,1440263755717,"854,965",89% bullish,of 9 ratings,$30
DYNT,$2.86,1440263755765,"3,600",75% bullish,of 4 ratings,N/A
DVAX,$27.73,1440263755820,"350,077",70% bullish,of 10 ratings,$40
EGBN,$42.84,1440263755974,"89,593",Not yet rated,NULL,$48
EBMT,$11.53,1440263756011,"19,207",Not yet rated,NULL,$13.50
EGLE,$6,1440263756038,"60,394",60% bullish,of 5 ratings,N/A
ETFC,$25.3,1440263756059,"2,489,422",57% bullish,of 14 ratings,$33
EGRX,$65.38,1440263756103,"389,557",67% bullish,of 3 ratings,$97
EROC,$1.1,1440263756133,"356,235",50% bullish,of 2 ratings,$3
ELNK,$8.58,1440263756234,"814,740",60% bullish,of 5 ratings,$9.50
EACQU,NULL,1440263756362,0,Not yet rated,NULL,N/A
EWBC,$41.405,1440263756392,"1,077,281",100% bearish,of 1 rating,$50
EML,$16.81,1440263756422,"6,029",Not yet rated,NULL,N/A
EBAY,$25.613,1440263756453,"13,096,604",81% bullish,of 117 ratings,$48
EVBS,$6.45,1440263756519,"6,522",Not yet rated,NULL,$7
EBIX,$28.05,1440263756548,"477,773",69% bullish,of 13 ratings,$40
ELON,$0.545,1440263756626,"64,729",50% bullish,of 2 ratings,N/A
ECTE,$1.63,1440263756681,"78,541",75% bullish,of 4 ratings,N/A
EEI,$11.09,1440263756766,"4,741",67% bearish,of 3 ratings,N/A
ECHO,$24.82,1440263756804,"412,036",67% bearish,of 3 ratings,$35.50
SATS,$45.42,1440263756825,"155,588",50% bullish,of 2 ratings,$60
ESES,$3.45,1440263756899,"8,309",100% bearish,of 1 rating,$7
ECACU,$10.1,1440263756926,"1,738",Not yet rated,NULL,N/A
EDUC,$4.59,1440263757091,"7,183",100% bearish,of 1 rating,N/A
EDAP,$3.085,1440263757143,"136,353",60% bullish,of 5 ratings,$4.50
EDGW,$7.14,1440263757164,"35,959",100% bearish,of 1 rating,N/A
EFUT,NULL,1440263757295,0,Not yet rated,NULL,N/A
EGLT,$11.42,1440263757323,"23,570",50% bullish,of 2 ratings,$21
EGAN,$3.47,1440263757362,"10,092",50% bullish,of 2 ratings,$6.25
EHTH,$14.08,1440263757383,"414,120",50% bullish,of 4 ratings,$16.50
LOCO,$12.26,1440263757453,"1,085,303",69% bullish,of 13 ratings,$20
EMITF,$1.29,1440263757483,"7,100",75% bullish,of 4 ratings,N/A
ESLT,$80.34,1440263757511,"5,018",100% bullish,of 2 ratings,N/A
ERI,$9.6,1440263757589,"124,258",100% bearish,of 1 rating,$10
ESIO,$4.58,1440263757812,"42,139",50% bullish,of 2 ratings,$10
ELRC,$10.65,1440263757848,"75,948",100% bearish,of 1 rating,N/A
ELSE,$4.02,1440263757878,"1,000",60% bullish,of 5 ratings,N/A
EA,$66.47,1440263757905,"3,731,767",77% bullish,of 35 ratings,$80
EFII,$43.93,1440263757927,"255,202",80% bullish,of 5 ratings,$55
ELECU,NULL,1440263757966,0,Not yet rated,NULL,N/A
ELECW,NULL,1440263757986,0,Not yet rated,NULL,N/A
ELEC,NULL,1440263758015,0,Not yet rated,NULL,N/A
ESBK,$19.8,1440263758226,879,Not yet rated,NULL,N/A
CAPX,$22.63,1440263758251,"1,168",Not yet rated,NULL,N/A
RDEN,$10.38,1440263758280,"93,838",100% bearish,of 4 ratings,$15
EBIO,$3.39,1440263758306,"858,193",100% bearish,of 2 ratings,$8.35
LONG,$17.39,1440263758393,"18,568",67% bullish,of 3 ratings,$15.75
ELTK,$1.04,1440263758458,"51,304",67% bearish,of 3 ratings,N/A
EMCI,$23,1440263758526,"15,824",Not yet rated,NULL,N/A
EMMSP,$3.25,1440263758613,400,100% bearish,of 1 rating,N/A
EMMS,$1.28,1440263758640,"12,299",67% bullish,of 6 ratings,N/A
EMCF,NULL,1440263758671,0,100% bearish,of 1 rating,N/A
ERS,$2.86,1440263758697,"1,336",Not yet rated,NULL,N/A
NYNY,$4.06,1440263758726,"74,163",50% bullish,of 2 ratings,N/A
EMKR,$7.16,1440263758752,"129,455",75% bullish,of 4 ratings,$8.50
ENTA,$40.22,1440263758852,"172,455",50% bullish,of 2 ratings,$42
WIRE,$32.7,1440263759013,"124,660",100% bearish,of 1 rating,$37
ENDP,$76.6008,1440263759057,"2,114,082",50% bullish,of 6 ratings,$104
ECPG,$39.21,1440263759105,"126,955",100% bullish,of 2 ratings,$52
ECYT,$5.2,1440263759141,"252,908",83% bullish,of 6 ratings,$12
WATT,$6.74,1440263759294,"109,967",50% bullish,of 2 ratings,$13
ELGX,$13.15,1440263759327,"557,451",75% bullish,of 4 ratings,$17
EFOI,$15.8,1440263759348,"328,386",50% bullish,of 2 ratings,$20.50
EIGI,$15.18,1440263759369,"788,018",67% bearish,of 3 ratings,$22.50
ERII,$2.89,1440263759411,"84,939",80% bullish,of 5 ratings,$2.50
EXXI,$1.44,1440263759442,"1,757,742",86% bullish,of 7 ratings,$3.50
ENG,$1.02,1440263759516,"5,407",100% bullish,of 3 ratings,N/A
ENOC,$8.08,1440263759545,"211,114",75% bullish,of 4 ratings,$18
ENFC,$18.34,1440263759697,"2,236",Not yet rated,NULL,N/A
ENPH,$4.42,1440263759724,"567,322",75% bullish,of 4 ratings,$11
ESGR,$151,1440263759767,"69,547",100% bearish,of 1 rating,$185
ENTG,$13.72,1440263759942,"439,650",100% bearish,of 1 rating,$18
ENTL,$21.44,1440263759971,"15,857",Not yet rated,NULL,$28
ETRM,$0.2331,1440263759993,"441,727",69% bearish,of 35 ratings,$1.625
EFSC,$24.75,1440263760022,"69,838",Not yet rated,NULL,$27
EBTC,$20.07,1440263760050,"8,123",Not yet rated,NULL,N/A
EGT,$2.09,1440263760204,"1,500",100% bullish,of 1 rating,N/A
ENZN,$1,1440263760234,"766,555",100% bullish,of 9 ratings,N/A
ENVI,$1.85,1440263760268,"15,528",67% bullish,of 3 ratings,N/A
EPIQ,$13.87,1440263760293,"92,324",100% bearish,of 1 rating,$18
ENZY,$8.98,1440263760321,"9,946",67% bullish,of 3 ratings,$9.50
EPRS,$4.76,1440263760367,"74,298",82% bullish,of 11 ratings,$15
EPZM,$15.93,1440263760512,"285,509",60% bullish,of 5 ratings,$34
PLUS,$77.81,1440263760644,"952,339",50% bullish,of 2 ratings,$88
ERIC,$9.83,1440263760701,"2,368,815",63% bullish,of 8 ratings,$12.20
EQIX,$273,1440263760728,"589,444",75% bullish,of 4 ratings,$312.50
EQFN,$8.3,1440263760749,300,Not yet rated,NULL,N/A
EAC,$3.67,1440263760779,"15,388",100% bearish,of 1 rating,$8
ERIE,$84.5099,1440263760945,"26,146",Not yet rated,NULL,$73
ESCR,$0.14,1440263760976,"63,314",50% bullish,of 2 ratings,N/A
ESCA,$18.35,1440263760998,"25,641",100% bearish,of 1 rating,$22
ESCRP,$1.65,1440263761019,"5,017",100% bearish,of 1 rating,N/A
ESMC,$1.33,1440263761059,502,Not yet rated,NULL,N/A
ESPR,$54.47,1440263761157,"1,355,738",67% bearish,of 9 ratings,$123
ESSA,$12.45,1440263761184,"16,679",100% bearish,of 1 rating,N/A
EPIX,$6.1,1440263761256,"1,200",Not yet rated,NULL,N/A
ESSX,$0.5249,1440263761411,"6,504",50% bullish,of 2 ratings,N/A
ESND,$35.095,1440263761437,"147,368",100% bearish,of 2 ratings,$40
ETSY,$13.46,1440263761465,"796,058",80% bullish,of 5 ratings,$16
CLWT,NULL,1440263761568,0,100% bearish,of 1 rating,N/A
EVEP,$7.26,1440263761651,"294,425",50% bullish,of 2 ratings,$15
EEFT,$64.81,1440263761697,"236,603",100% bearish,of 1 rating,$67.50
EVK,$3.74,1440263761729,982,75% bearish,of 4 ratings,N/A
ESEA,$6.15,1440263761750,"3,082",100% bullish,of 1 rating,$15
EVOK,$4,1440263761830,"114,285",100% bearish,of 1 rating,$13.375
EVLV,$2.14,1440263761878,"85,207",60% bullish,of 5 ratings,$6.50
EXA,$10.73,1440263761907,"22,120",100% bearish,of 1 rating,$13
EVOL,$5.85,1440263762011,"13,690",75% bullish,of 4 ratings,$10
EXAS,$20.31,1440263762080,"1,234,918",78% bullish,of 9 ratings,$31
EXEL,$5.25,1440263762181,"5,463,517",81% bullish,of 16 ratings,$6
EXAC,$18.17,1440263762208,"136,951",100% bearish,of 1 rating,$22.50
EXFO,$2.9,1440263762245,"3,300",67% bearish,of 3 ratings,$3.95
EXPE,$114.6,1440263762342,"1,238,899",64% bullish,of 11 ratings,$130
EXLS,$36.55,1440263762365,"207,530",100% bullish,of 1 rating,$41
EXPD,$48.2,1440263762392,"1,810,722",80% bullish,of 5 ratings,$51.50
EXPO,$42.83,1440263762444,"146,412",100% bearish,of 1 rating,$45.50
EYEG,$4.17,1440263762573,"19,980",Not yet rated,NULL,N/A
EXTR,$2.85,1440263762607,"805,798",80% bullish,of 5 ratings,$3
EXLP,$18.2,1440263762628,"94,863",100% bearish,of 1 rating,$27
EYEGW,$1.24,1440263762779,800,Not yet rated,NULL,N/A
ESRX,$84.81,1440263762810,"5,163,905",67% bearish,of 6 ratings,$101
EZCH,$21.4963,1440263762837,"127,057",75% bullish,of 8 ratings,$19.50
EZPW,$6.08,1440263762911,"351,949",50% bullish,of 4 ratings,$7.50
FFIV,$122.51,1440263762983,"846,241",63% bullish,of 8 ratings,$132
FB,$85.88,1440263763043,"39,696,768",73% bullish,of 1066 ratings,$111
FRP,$16.9,1440263763087,"50,706",100% bearish,of 1 rating,$18
FCS,$13.14,1440263763119,"1,086,086",67% bearish,of 3 ratings,$17
FWM,$2.25,1440263763188,"178,419",100% bearish,of 2 ratings,$3.20
FALC,$1.65,1440263763225,"10,845",63% bearish,of 8 ratings,N/A
FARM,$22.62,1440263763320,"21,053",100% bearish,of 1 rating,$35
DAVE,$14.36,1440263763345,"19,659",100% bearish,of 1 rating,$15.50
FFKT,$26.79,1440263763376,"20,439",Not yet rated,NULL,$29
FMNB,$8.03,1440263763513,"3,562",Not yet rated,NULL,N/A
FARO,$38.92,1440263763535,"118,530",50% bullish,of 2 ratings,$48
FAST,$39.1,1440263763573,"3,000,801",80% bullish,of 5 ratings,$46
FBSS,NULL,1440263763669,0,Not yet rated,NULL,N/A
FATE,$6.24,1440263763696,"82,980",50% bullish,of 2 ratings,$11
FBRC,$22.24,1440263763722,"44,108",100% bearish,of 1 rating,$29
FDML,$8.96,1440263763855,"230,349",50% bullish,of 4 ratings,$14
FEIC,$77.57,1440263763882,"344,496",50% bullish,of 2 ratings,$95.50
FNHC,$21.92,1440263763904,"80,132",100% bearish,of 1 rating,$35
FCSC,$5.86,1440263764038,"212,270",100% bearish,of 1 rating,$8.125
FHCO,$1.43,1440263764068,"18,402",50% bullish,of 4 ratings,N/A
FENX,$9.84,1440263764089,"59,141",100% bullish,of 1 rating,$14.25
FGEN,$22.96,1440263764110,"374,029",100% bearish,of 1 rating,$39
ONEQ,$185.63,1440263764240,"41,902",100% bullish,of 1 rating,N/A
FDUS,$14.42,1440263764269,"64,363",100% bullish,of 1 rating,$18
LION,$19.31,1440263764290,"108,630",100% bullish,of 1 rating,$20
FSAM,$8.56,1440263764423,"20,457",100% bearish,of 1 rating,$11
FRGI,$51.57,1440263764450,"149,676",50% bullish,of 2 ratings,$70
FSC,$6.42,1440263764489,"839,385",75% bullish,of 4 ratings,$8
FSCFL,$24.7,1440263764582,"11,419",Not yet rated,NULL,N/A
FSFR,$8.92,1440263764646,"131,626",100% bearish,of 1 rating,$11.50
FITB,$19.7,1440263764672,"7,100,591",54% bullish,of 13 ratings,$22
FITBI,$27.68,1440263764702,"5,800",Not yet rated,NULL,N/A
FISI,$24.77,1440263764742,"41,074",100% bullish,of 2 ratings,$24.50
FNGN,$33.616,1440263764803,"485,960",67% bullish,of 3 ratings,$47
FNTC,NULL,1440263764938,0,Not yet rated,NULL,N/A
FNTCU,NULL,1440263764965,0,Not yet rated,NULL,N/A
FNSR,$15.33,1440263765001,"1,137,273",71% bullish,of 7 ratings,$24.50
FNJN,$1.66,1440263765022,"15,161",100% bearish,of 1 rating,$5
FEYE,$37,1440263765095,"7,331,774",87% bullish,of 15 ratings,$55.50
FNTCW,NULL,1440263765154,0,Not yet rated,NULL,N/A
FBNC,$16.81,1440263765184,"59,972",100% bullish,of 1 rating,$20
FNLC,$18.46,1440263765289,"17,421",100% bullish,of 1 rating,N/A
FRBA,$6.02,1440263765314,611,Not yet rated,NULL,$8
BUSE,$6.37,1440263765340,"197,401",Not yet rated,NULL,$6.875
FBIZ,$44.04,1440263765472,"28,467",100% bearish,of 2 ratings,$52
FCVA,$4.75,1440263765514,"1,132",Not yet rated,NULL,N/A
FCFS,$38.15,1440263765542,"157,660",100% bearish,of 2 ratings,$48
FCAP,$26.55,1440263765571,226,Not yet rated,NULL,N/A
FCNCA,$241.45,1440263765602,"17,885",Not yet rated,NULL,N/A
FCLF,$9.08,1440263765630,55,Not yet rated,NULL,N/A
FCCO,$12.11,1440263765704,202,Not yet rated,NULL,$13.25
FCBC,$17.88,1440263765798,"60,860",Not yet rated,NULL,$18
FCFP,$6.9,1440263765850,"2,500",Not yet rated,NULL,N/A
FBNK,$16.65,1440263765930,"60,146",100% bearish,of 1 rating,$17.50
FFNM,$6.32,1440263766062,"3,040",Not yet rated,NULL,N/A
FFBC,$18.76,1440263766091,"176,775",67% bearish,of 3 ratings,$20.25
FDEF,$38.3,1440263766114,"42,408",Not yet rated,NULL,$38
FFBCW,NULL,1440263766144,0,100% bearish,of 1 rating,N/A
FFIN,$31.1263,1440263766177,"286,801",50% bullish,of 2 ratings,$31.75
FFNW,$12.46,1440263766277,"21,487",Not yet rated,NULL,$14
THFF,$33.27,1440263766298,"47,577",Not yet rated,NULL,$35
FFWM,$21.44,1440263766380,"10,014",Not yet rated,NULL,$24
FIBK,$26.83,1440263766462,"83,623",Not yet rated,NULL,$32
FRME,$25.47,1440263766511,"199,009",Not yet rated,NULL,$26.50
INBK,$32.43,1440263766539,"13,595",50% bullish,of 2 ratings,$37
FMBH,NULL,1440263766559,0,Not yet rated,NULL,N/A
FNBC,$34.45,1440263766741,"116,074",Not yet rated,NULL,$41.50
FMBI,$17.84,1440263766770,"374,767",Not yet rated,NULL,$20
FSFG,$30.1754,1440263766822,729,Not yet rated,NULL,N/A
FNFG,$9.2289,1440263766848,"1,658,831",80% bullish,of 5 ratings,$9
FNWB,$12.08,1440263766869,"8,662",Not yet rated,NULL,N/A
FSGI,$2.45,1440263766904,"4,889",Not yet rated,NULL,N/A
FSLR,$45.5,1440263767010,"2,207,203",74% bullish,of 39 ratings,$65
BICK,$19.6,1440263767076,"1,801",100% bullish,of 1 rating,N/A
FSBK,$7.93,1440263767103,"1,441",100% bullish,of 1 rating,N/A
FCAN,$24.47,1440263767147,964,Not yet rated,NULL,N/A
FBZ,NULL,1440263767171,0,Not yet rated,NULL,N/A
FTCS,$36.65,1440263767233,"33,745",Not yet rated,NULL,N/A
FCA,$20,1440263767326,"2,607",Not yet rated,NULL,N/A
IFV,$17.6,1440263767460,"2,040,199",100% bearish,of 1 rating,N/A
FTSM,$59.9,1440263767487,"20,701",100% bearish,of 1 rating,N/A
FEMB,NULL,1440263767515,0,Not yet rated,NULL,N/A
FEUZ,$30.69,1440263767536,"5,731",Not yet rated,NULL,N/A
FV,$23.23,1440263767575,"4,139,653",Not yet rated,NULL,N/A
TDIV,$24.46,1440263767666,"449,109",100% bearish,of 1 rating,N/A
MDIV,$19.22,1440263767694,"565,706",Not yet rated,NULL,N/A
FGM,$35.03,1440263767725,"69,317",Not yet rated,NULL,N/A
FTHI,$19.4,1440263767825,"10,468",Not yet rated,NULL,N/A
FHK,$32.72,1440263767880,"128,700",Not yet rated,NULL,N/A
HYLS,$49.21,1440263767908,"102,494",100% bearish,of 1 rating,N/A
FTGC,$22.05,1440263767953,"122,767",Not yet rated,NULL,N/A
YDIV,$16.62,1440263768116,"2,670",Not yet rated,NULL,N/A
CU,$12.76,1440263768144,"13,066",100% bearish,of 1 rating,N/A
FPXI,$27.51,1440263768170,"1,318",Not yet rated,NULL,N/A
SKYY,$28.68,1440263768191,"76,557",100% bullish,of 1 rating,N/A
FJP,$46.13,1440263768324,"49,025",Not yet rated,NULL,N/A
FTLB,$19.28,1440263768352,"2,451",100% bearish,of 1 rating,N/A
LMBS,$50.49,1440263768381,862,Not yet rated,NULL,N/A
PLTM,$6.66,1440263768403,"3,862",100% bearish,of 1 rating,N/A
FMB,$51.195,1440263768542,"1,778",Not yet rated,NULL,N/A
QABA,$38.13,1440263768571,"44,503",100% bearish,of 1 rating,N/A
CIBR,$18.04,1440263768674,"162,032",Not yet rated,NULL,N/A
QCLN,$14.54,1440263768803,"17,473",Not yet rated,NULL,N/A
FONE,$34.05,1440263768836,"1,800",Not yet rated,NULL,N/A
CARZ,$34.42,1440263768857,"11,011",100% bearish,of 1 rating,N/A
GRID,$33.62,1440263768878,834,100% bearish,of 1 rating,N/A
QQXT,$40.09,1440263768945,"60,503",Not yet rated,NULL,N/A
QQEW,$41.94,1440263769007,"313,108",Not yet rated,NULL,N/A
QTEC,$39.35,1440263769033,"147,804",Not yet rated,NULL,N/A
RDVY,$21.64,1440263769054,"318,269",Not yet rated,NULL,N/A
QINC,$20.71,1440263769204,"1,700",Not yet rated,NULL,N/A
FTSL,$48.8,1440263769236,"33,452",100% bearish,of 1 rating,N/A
AIRR,$16.37,1440263769261,"9,058",100% bearish,of 1 rating,N/A
FKO,$22.32,1440263769282,"3,700",Not yet rated,NULL,N/A
FDIV,$47.59,1440263769415,"6,143",100% bearish,of 1 rating,N/A
FSZ,$38.85,1440263769442,"76,690",Not yet rated,NULL,N/A
FTW,$29.425,1440263769577,"1,534",Not yet rated,NULL,N/A
TUSA,$25.08,1440263769606,"4,920",Not yet rated,NULL,N/A
FKU,$41.6,1440263769627,"86,339",Not yet rated,NULL,N/A
FUNC,$8.33,1440263769658,"3,636",Not yet rated,NULL,N/A
FMER,$17.6579,1440263769679,"1,802,777",50% bullish,of 2 ratings,$20
SVVC,$10.15,1440263769700,"36,001",100% bullish,of 1 rating,$26
FSV,$31.87,1440263769897,"12,538",Not yet rated,NULL,$33.60
FIVE,$35.34,1440263769934,"409,909",75% bearish,of 4 ratings,$44
FPRX,$18.26,1440263769958,"303,751",50% bullish,of 2 ratings,$35
FISV,$84.87,1440263769979,"1,522,717",100% bearish,of 3 ratings,$90
FIVN,$4.11,1440263770017,"185,266",100% bullish,of 1 rating,$8.50
FLKS,$13.13,1440263770049,"55,627",50% bullish,of 2 ratings,$27
FLML,$21.11,1440263770070,"134,027",50% bullish,of 2 ratings,$30
FLXN,$24.39,1440263770245,"86,363",100% bearish,of 1 rating,$40
MBSD,NULL,1440263770313,0,Not yet rated,NULL,N/A
SKOR,$50.52,1440263770348,"1,000",Not yet rated,NULL,N/A
FLEX,$10.51,1440263770492,"2,454,407",63% bullish,of 8 ratings,$12
FLXS,$30.45,1440263770524,"36,609",100% bearish,of 2 ratings,N/A
FLIR,$28.75,1440263770558,"720,631",100% bearish,of 1 rating,$38.50
FLDM,$12.54,1440263770580,"686,894",67% bearish,of 3 ratings,$21.50
FFIC,$20.38,1440263770621,"69,120",Not yet rated,NULL,$21
FOMX,$9.79,1440263770657,"135,576",50% bullish,of 2 ratings,$23.50
FOGO,$18.84,1440263770714,"114,696",50% bullish,of 2 ratings,$25.50
FORM,$6,1440263770822,"267,226",67% bullish,of 3 ratings,$10.50
FONR,$9.54,1440263770851,"18,526",100% bullish,of 1 rating,N/A
FES,$0.92,1440263770879,"4,841",50% bullish,of 2 ratings,$1
FORTY,$32.4,1440263770953,"4,710",Not yet rated,NULL,N/A
FORR,$32.21,1440263771084,"52,356",Not yet rated,NULL,N/A
FTNT,$42.98,1440263771113,"1,928,364",80% bullish,of 10 ratings,$52
FBIO,$2.51,1440263771140,"188,268",83% bullish,of 6 ratings,N/A
FOSL,$59.15,1440263771275,"1,014,809",50% bullish,of 4 ratings,$80
FORD,$1.04,1440263771301,"120,974",50% bullish,of 2 ratings,N/A
FWRD,$46.8,1440263771334,"307,366",100% bearish,of 1 rating,$50
FWP,$25.67,1440263771360,"46,088",100% bearish,of 1 rating,$45
FXCB,$17.3,1440263771429,"17,445",Not yet rated,NULL,$19
FMI,$21.61,1440263771486,"391,770",100% bearish,of 2 ratings,$27.50
FOXF,$15.28,1440263771529,"65,653",100% bearish,of 1 rating,$19
FELE,$28.92,1440263771584,"341,251",50% bullish,of 4 ratings,$33
FRAN,$10.24,1440263771656,"689,114",50% bullish,of 4 ratings,$15
FRED,$14.505,1440263771685,"342,264",50% bullish,of 2 ratings,$16.50
FREE,$0.43,1440263771756,"823,292",92% bullish,of 12 ratings,N/A
RAIL,$20.87,1440263771781,"125,948",100% bearish,of 1 rating,$24.50
FEIM,$11.17,1440263771910,"8,777",100% bearish,of 1 rating,N/A
FTR,$5.2,1440263771956,"19,477,135",78% bullish,of 27 ratings,$6.25
FRPT,$13,1440263771992,"495,123",67% bearish,of 3 ratings,$23.50
FTRPR,$102.05,1440263772042,"61,829",100% bearish,of 1 rating,N/A
FSYS,$6.38,1440263772173,"45,792",67% bullish,of 3 ratings,$10
FTD,$29.45,1440263772205,"149,230",100% bearish,of 1 rating,$40
FSBW,$23.34,1440263772226,"2,300",Not yet rated,NULL,N/A
FRPH,$30.33,1440263772264,"14,572",100% bearish,of 1 rating,N/A
FTEK,$2.16,1440263772356,"40,018",75% bullish,of 4 ratings,N/A
FCEL,$0.7366,1440263772386,"1,658,337",88% bullish,of 40 ratings,$2.65
FULL,$3.14,1440263772487,"56,049",67% bearish,of 3 ratings,$4.25
FLL,$1.58,1440263772519,"14,473",75% bullish,of 4 ratings,$2.825
FULLL,$25.3,1440263772544,"2,099",Not yet rated,NULL,N/A
FULT,$12.4385,1440263772619,"1,361,369",100% bearish,of 1 rating,$13
FFHL,NULL,1440263772647,0,50% bullish,of 4 ratings,N/A
FSNN,$2.61,1440263772692,"1,800",67% bullish,of 3 ratings,$6
FXEN,$0.82,1440263772850,"170,889",75% bullish,of 4 ratings,$1.10
WILC,$5.06,1440263772883,"5,946",100% bullish,of 2 ratings,N/A
GK,$70.3,1440263772913,"83,887",Not yet rated,NULL,$78
FXENP,$15.9,1440263772980,"2,740",100% bearish,of 1 rating,N/A
GAIA,$5.86,1440263773010,"23,978",50% bullish,of 2 ratings,$8.50
GLPG,$61.54,1440263773039,"27,887",100% bullish,of 1 rating,$75
GALT,$1.99,1440263773176,"104,198",80% bullish,of 5 ratings,N/A
GALTU,NULL,1440263773196,0,100% bearish,of 1 rating,N/A
GALTW,NULL,1440263773258,0,100% bullish,of 1 rating,N/A
GALE,$1.34,1440263773328,"1,297,229",89% bullish,of 47 ratings,$4
GLPI,$31.6262,1440263773357,"495,016",100% bearish,of 1 rating,$37.50
GLMD,$8.52,1440263773387,"7,887",67% bullish,of 3 ratings,$20.50
GPIC,$11.09,1440263773493,8,100% bearish,of 1 rating,N/A
GGAC,NULL,1440263773521,0,100% bearish,of 1 rating,N/A
GRMN,$38.26,1440263773550,"1,619,493",50% bullish,of 6 ratings,$48
GGACR,NULL,1440263773649,0,100% bullish,of 1 rating,N/A
GGACW,$0.12,1440263773676,438,Not yet rated,NULL,N/A
GGACU,NULL,1440263773720,0,Not yet rated,NULL,N/A
GARS,$14.82,1440263773851,"25,735",Not yet rated,NULL,$16
GNCMA,$16.75,1440263773877,"180,927",100% bearish,of 1 rating,$12
GENC,$9.48,1440263773899,"1,326",100% bearish,of 1 rating,N/A
GFN,$3.59,1440263773937,"35,382",100% bearish,of 2 ratings,$8
GFNCP,NULL,1440263774030,0,Not yet rated,NULL,N/A
GFNSL,$25.8,1440263774056,"1,200",Not yet rated,NULL,N/A
GENE,$2.36,1440263774185,"148,645",100% bullish,of 12 ratings,N/A
GNCA,$12.48,1440263774214,"168,679",100% bearish,of 1 rating,$20
GNMK,$9.4,1440263774243,"146,170",67% bullish,of 6 ratings,$14
GHDX,$25.37,1440263774268,"139,056",50% bullish,of 2 ratings,$30
GNTX,$15.0882,1440263774295,"1,731,017",Not yet rated,NULL,$20
THRM,$44.01,1440263774427,"309,602",75% bearish,of 4 ratings,$55.50
GNVC,$2.24,1440263774463,"34,502",90% bullish,of 10 ratings,$8.50
GTWN,NULL,1440263774562,0,Not yet rated,NULL,N/A
GEOS,$15.3,1440263774592,"116,850",100% bearish,of 3 ratings,$25.50
GEVO,$2.29,1440263774631,"240,735",75% bullish,of 12 ratings,$5
GERN,$3.08,1440263774697,"2,161,517",88% bullish,of 16 ratings,$5.25
ROCK,$17.57,1440263774732,"235,847",80% bullish,of 5 ratings,$24
GABC,$29.73,1440263774757,"47,076",Not yet rated,NULL,$31.50
GIGM,$0.6,1440263774924,"112,719",100% bullish,of 2 ratings,N/A
GIGA,$1.42,1440263774955,"46,287",100% bearish,of 1 rating,N/A
GIII,$64.77,1440263774986,"271,077",67% bullish,of 3 ratings,$75
GILT,$4.47,1440263775058,"2,023",50% bullish,of 2 ratings,N/A
GILD,$105.383,1440263775083,"15,611,252",91% bullish,of 87 ratings,$129
GBCI,$26.4218,1440263775131,"334,049",50% bullish,of 2 ratings,$31
GLAD,$8.51,1440263775159,"155,251",50% bullish,of 2 ratings,$8.75
GOOD,$15.44,1440263775293,"98,286",Not yet rated,NULL,$19
GLADO,$25.59,1440263775321,"3,000",Not yet rated,NULL,N/A
GOODN,$25.64,1440263775350,426,Not yet rated,NULL,N/A
GOODO,$25.1,1440263775456,"1,266",Not yet rated,NULL,N/A
GAIN,$7.47,1440263775485,"246,309",100% bullish,of 2 ratings,$8.25
GOODP,$25.14,1440263775508,"1,250",Not yet rated,NULL,N/A
GAINN,$25.2379,1440263775542,150,Not yet rated,NULL,N/A
GAINO,$25.31,1440263775643,"1,726",Not yet rated,NULL,N/A
GAINP,$25.85,1440263775669,"3,950",Not yet rated,NULL,N/A
GLBZ,NULL,1440263775796,0,Not yet rated,NULL,N/A
LAND,$9.5,1440263775822,"16,439",50% bullish,of 2 ratings,$13.75
GBLI,$26.25,1440263775896,"16,164",Not yet rated,NULL,N/A
GBT,$45.75,1440263775929,"252,564",100% bearish,of 1 rating,N/A
GDEF,$10.5401,1440263775956,100,Not yet rated,NULL,N/A
ENT,$11.73,1440263775981,"196,363",100% bearish,of 1 rating,$18
GPACU,$10.1,1440263776024,"2,854",Not yet rated,NULL,N/A
ACTX,$13.25,1440263776158,600,100% bullish,of 1 rating,N/A
GSOL,$8.26,1440263776192,"15,789",100% bearish,of 1 rating,N/A
ALTY,$14.587,1440263776326,700,Not yet rated,NULL,N/A
QQQC,$19.26,1440263776352,"4,950",100% bearish,of 1 rating,N/A
SRET,$13.6,1440263776382,"4,194",Not yet rated,NULL,N/A
YLCO,$11.75,1440263776406,"1,235",Not yet rated,NULL,N/A
SOCL,$17.18,1440263776436,"100,120",100% bullish,of 2 ratings,N/A
GAI,$5.27,1440263776538,"3,415",50% bullish,of 2 ratings,N/A
GSM,$13.26,1440263776641,"403,098",50% bullish,of 2 ratings,$24.50
GBIM,$2.26,1440263776674,"43,964",50% bullish,of 2 ratings,N/A
GLRI,$1.1,1440263776719,"80,101",100% bearish,of 1 rating,$6
GLBS,$1.06,1440263776748,"10,500",67% bullish,of 3 ratings,N/A
GLUU,$4.37,1440263776806,"2,317,587",92% bullish,of 26 ratings,$9
GLYC,$7.26,1440263776831,"7,663",50% bullish,of 2 ratings,$14
GOGO,$15.48,1440263776991,"479,979",80% bullish,of 5 ratings,$25
GLDC,$4.13,1440263777039,"3,480",50% bullish,of 2 ratings,N/A
GLNG,$35.44,1440263777068,"792,592",83% bullish,of 6 ratings,$58
GMLP,$19.13,1440263777098,"137,734",50% bullish,of 4 ratings,$32.50
GDEN,$8.88,1440263777125,"11,961",50% bullish,of 2 ratings,N/A
GOGL,$2.92,1440263777171,"540,722",75% bullish,of 4 ratings,$5
GBDC,$16.5151,1440263777200,"145,009",Not yet rated,NULL,$17.75
GTIM,$6.47,1440263777335,"80,995",Not yet rated,NULL,$11.50
GOOG,$616,1440263777388,"2,256,491",90% bullish,of 68 ratings,$825
GOOGL,$647,1440263777417,"2,533,646",88% bullish,of 1079 ratings,$749
GMAN,$4.4,1440263777518,"71,999",60% bullish,of 5 ratings,$8
GPRO,$48.84,1440263777545,"5,811,963",78% bullish,of 58 ratings,$72
GPIAU,NULL,1440263777573,0,Not yet rated,NULL,N/A
GPIA,NULL,1440263777609,0,Not yet rated,NULL,N/A
LOPE,$37.1955,1440263777754,"420,323",100% bearish,of 2 ratings,$50
GPIAW,NULL,1440263777789,0,Not yet rated,NULL,N/A
GRVY,$3.43,1440263777820,"1,202",50% bullish,of 2 ratings,N/A
GLDD,$5.39,1440263777896,"288,709",100% bearish,of 4 ratings,$7.75
GBSNU,$16,1440263777923,"22,548",Not yet rated,NULL,N/A
GBSN,$1.46,1440263777949,"747,556",100% bearish,of 1 rating,$8.25
GSBC,$40.6,1440263778078,"36,220",100% bullish,of 1 rating,$44
GNBC,$12.08,1440263778113,"33,737",100% bearish,of 1 rating,$17
GRBK,$13.35,1440263778159,"154,269",77% bullish,of 13 ratings,N/A
GPRE,$18.8277,1440263778248,"832,352",67% bullish,of 6 ratings,$28.50
GPP,$14.94,1440263778289,"24,630",Not yet rated,NULL,$20.50
GCBC,NULL,1440263778317,0,100% bullish,of 1 rating,N/A
GRIF,$30.945,1440263778447,209,100% bearish,of 1 rating,N/A
GLRE,$24.86,1440263778480,"262,384",50% bullish,of 2 ratings,$41
GRFS,$30.3,1440263778501,"180,141",50% bullish,of 2 ratings,$35
GRPN,$4.077,1440263778582,"7,070,465",61% bullish,of 71 ratings,$6.75
OMAB,$39.57,1440263778632,"24,030",100% bullish,of 1 rating,$44
GGAL,$18.96,1440263778662,"423,209",80% bullish,of 5 ratings,$40
GSIG,$13.11,1440263778772,"71,415",100% bearish,of 2 ratings,N/A
GSIT,$4.97,1440263778801,"9,824",100% bearish,of 1 rating,N/A
GSVC,$8.56,1440263778856,"118,374",50% bullish,of 2 ratings,$14.50
GTXI,$0.83,1440263778887,"67,416",100% bullish,of 5 ratings,$.75
GBNK,$15.76,1440263778966,"43,034",100% bearish,of 1 rating,$18
GUID,$7.29,1440263778997,"187,217",100% bearish,of 3 ratings,$10
GFED,$14.94,1440263779031,10,Not yet rated,NULL,$17
GULTU,$0.2905,1440263779132,"102,116",100% bearish,of 1 rating,N/A
GIFI,$11.97,1440263779153,"46,892",100% bearish,of 1 rating,$16
GURE,$1.62,1440263779186,"151,052",88% bullish,of 8 ratings,N/A
GPOR,$33.8159,1440263779316,"937,085",75% bullish,of 4 ratings,$55
GWPH,$104.03,1440263779351,"200,237",78% bullish,of 9 ratings,$148.50
GWGH,$7.35,1440263779456,"1,284",100% bearish,of 1 rating,$15.05
HEES,$16.51,1440263779481,"306,657",67% bearish,of 3 ratings,$31
HLG,$9.64,1440263779506,"5,100",100% bearish,of 1 rating,N/A
GYRO,$2.85,1440263779535,"76,416",100% bearish,of 1 rating,N/A
HALO,$17.33,1440263779664,"1,204,693",67% bullish,of 3 ratings,$22.50
HALL,$11.67,1440263779695,"28,021",Not yet rated,NULL,N/A
HNRG,$7.22,1440263779716,"124,047",100% bearish,of 1 rating,$10
HBK,$13.8,1440263779796,8,50% bullish,of 2 ratings,N/A
HMPR,$1.89,1440263779860,"118,740",100% bullish,of 1 rating,N/A
HBHC,$26.8668,1440263779887,"451,705",50% bullish,of 2 ratings,$30
HBHCL,$24.49,1440263779908,"18,426",Not yet rated,NULL,N/A
HNH,$27.82,1440263780036,"21,502",100% bullish,of 1 rating,N/A
HNSN,$0.501,1440263780093,"78,898",88% bullish,of 8 ratings,$.40
HQCL,$8.63,1440263780134,"24,293",67% bullish,of 3 ratings,N/A
HAFC,$24.565,1440263780227,"117,041",100% bullish,of 2 ratings,$28.50
HDNG,$9.98,1440263780254,"11,225",50% bullish,of 4 ratings,N/A
HRMN,NULL,1440263780288,0,Not yet rated,NULL,N/A
HLIT,$5.58,1440263780309,"331,156",100% bearish,of 1 rating,$6.50
HRMNU,NULL,1440263780384,0,Not yet rated,NULL,N/A
HRMNW,NULL,1440263780440,0,Not yet rated,NULL,N/A
HBIO,$4.39,1440263780572,"81,394",Not yet rated,NULL,$10
HART,$0.775,1440263780601,"213,330",100% bearish,of 1 rating,N/A
TINY,$2.45,1440263780630,"20,315",50% bullish,of 2 ratings,$5.26
HCAP,$12.17,1440263780657,"24,008",50% bullish,of 2 ratings,$15
HCAPL,$25.4,1440263780765,"1,773",Not yet rated,NULL,N/A
HAS,$75.171,1440263780794,"1,049,605",63% bullish,of 8 ratings,$84.50
HA,$23.05,1440263780822,"931,944",67% bullish,of 9 ratings,$27
HWKN,$36.84,1440263780955,"29,157",Not yet rated,NULL,N/A
HCOM,$22.51,1440263780988,"37,331",100% bearish,of 1 rating,$28
HWBK,$13.8,1440263781009,674,100% bearish,of 1 rating,N/A
HAYN,$37.88,1440263781043,"48,863",100% bearish,of 1 rating,$59
HDS,$33.08,1440263781086,"1,295,702",100% bearish,of 2 ratings,$39.50
HIIQ,$4.48,1440263781148,"28,731",50% bullish,of 2 ratings,$7
HCSG,$33.546,1440263781278,"309,474",50% bullish,of 4 ratings,$35
HQY,$29.27,1440263781321,"394,569",67% bullish,of 3 ratings,$31
HSTM,$24.87,1440263781368,"220,098",50% bullish,of 2 ratings,$33.75
HTLD,$20.165,1440263781400,"492,188",Not yet rated,NULL,$22.50
HWAY,$12.48,1440263781426,"386,123",100% bearish,of 1 rating,$15
HTLF,$36.24,1440263781500,"48,371",100% bullish,of 1 rating,$39.50
HTWR,$83.28,1440263781574,"239,502",50% bullish,of 2 ratings,$103
HTBX,$5.31,1440263781602,"21,712",50% bullish,of 2 ratings,$15.50
HSII,$20.17,1440263781679,"59,389",100% bullish,of 3 ratings,$25
HELE,$87.93,1440263781750,"151,548",67% bearish,of 3 ratings,$100
HNNA,$24.57,1440263781820,"15,081",Not yet rated,NULL,N/A
HMTV,$12.84,1440263781882,"12,852",100% bearish,of 1 rating,$16
HMNY,$2.2261,1440263781907,"2,878",100% bearish,of 1 rating,N/A
HCACU,$10.0043,1440263781963,"2,000",Not yet rated,NULL,N/A
HSIC,$138.0834,1440263782037,"512,882",83% bullish,of 6 ratings,$146
HERO,$0.06,1440263782067,"5,839,839",81% bullish,of 16 ratings,$.75
HFWA,$17.74,1440263782138,"62,742",100% bullish,of 1 rating,$20
HTBK,$11.04,1440263782168,"93,871",Not yet rated,NULL,$12
HCCI,$11.65,1440263782237,"27,277",100% bearish,of 1 rating,$16.50
HEOP,$7.68,1440263782302,"27,087",Not yet rated,NULL,$8.50
MLHR,$28.1966,1440263782330,"238,584",50% bullish,of 2 ratings,$33.50
HSKA,$33.2,1440263782387,"28,561",100% bearish,of 1 rating,$38
HRTX,$35.05,1440263782413,"839,423",67% bullish,of 6 ratings,$41
HFFC,$16.27,1440263782464,946,Not yet rated,NULL,N/A
HIBB,$37.37,1440263782544,"1,128,881",100% bearish,of 1 rating,$48.50
HPJ,$2.25,1440263782638,"130,395",75% bullish,of 4 ratings,$12.43
HIHO,$4,1440263782686,"9,057",Not yet rated,NULL,N/A
HIMX,$6.29,1440263782714,"1,170,901",86% bullish,of 21 ratings,$8.50
HIFS,$118.11,1440263782843,"8,734",Not yet rated,NULL,N/A
HMNF,$11.42,1440263782873,"2,480",Not yet rated,NULL,N/A
HSGX,$5.92,1440263782906,"24,278",100% bearish,of 1 rating,$17
HOLI,$16.9527,1440263782979,"228,631",50% bullish,of 4 ratings,$27
HMSY,$8.8389,1440263783004,"1,363,874",67% bullish,of 3 ratings,$19.35
HOLX,$39.74,1440263783045,"2,134,552",67% bullish,of 3 ratings,$42
HBCP,$24.4,1440263783075,"41,618",Not yet rated,NULL,$29
HFBL,$21.69,1440263783176,"1,800",Not yet rated,NULL,N/A
HOMB,$39.23,1440263783218,"321,450",Not yet rated,NULL,$41
AWAY,$29.3662,1440263783273,"943,583",67% bullish,of 3 ratings,$36
HMIN,$29.096,1440263783349,"61,111",100% bearish,of 2 ratings,$35
HMST,$21.57,1440263783431,"119,006",100% bullish,of 2 ratings,$27
HTBI,$18.39,1440263783478,"70,970",67% bullish,of 3 ratings,$18.625
HKTV,$4.68,1440263783504,"7,455",100% bearish,of 1 rating,N/A
CETC,$0.77,1440263783636,"45,584",86% bullish,of 7 ratings,N/A
HBNC,$24.3,1440263783665,"31,745",100% bullish,of 1 rating,$27
HFBC,$11.61,1440263783693,"2,835",Not yet rated,NULL,N/A
HOFT,$24.43,1440263783714,"62,910",100% bearish,of 1 rating,N/A
HRZN,$10.59,1440263783852,"54,947",100% bearish,of 1 rating,$14.25
ZINC,$7.25,1440263783881,"624,456",100% bearish,of 1 rating,$17
HZNP,$29.2,1440263783912,"2,449,005",85% bullish,of 20 ratings,$40
HMHC,$22.4,1440263783937,"923,176",Not yet rated,NULL,$27
HWCC,$7.22,1440263784018,"136,206",100% bearish,of 1 rating,$9
HDP,$25.5,1440263784048,"235,894",67% bearish,of 3 ratings,$30.50
HOVNP,NULL,1440263784212,0,100% bearish,of 1 rating,N/A
HBMD,$14.95,1440263784240,502,100% bearish,of 1 rating,N/A
HSNI,$60.9227,1440263784268,"239,269",Not yet rated,NULL,$80
HUBG,$39.18,1440263784296,"205,184",100% bearish,of 1 rating,$43
HTGM,$5.59,1440263784402,"9,721",100% bearish,of 1 rating,$19.50
HSON,$2.8,1440263784557,"20,391",100% bearish,of 1 rating,$5
HCBK,$9.5789,1440263784590,"2,422,499",83% bullish,of 6 ratings,$8.61
HBANP,$1337,1440263784616,12,100% bearish,of 1 rating,N/A
HBAN,$11.11,1440263784638,"6,980,840",76% bullish,of 17 ratings,$12.29
HDSN,$2.81,1440263784659,"30,286",100% bullish,of 1 rating,$6.25
HTCH,$1.58,1440263784725,"60,402",100% bearish,of 1 rating,$3.50
HURC,$29.88,1440263784795,"26,946",100% bearish,of 1 rating,N/A
HURN,$73.02,1440263784821,"109,473",50% bullish,of 2 ratings,$80
HBP,$3.09,1440263784897,"1,457",100% bullish,of 1 rating,N/A
HDRAR,NULL,1440263784952,0,Not yet rated,NULL,N/A
HDRA,NULL,1440263785001,0,Not yet rated,NULL,N/A
HDRAU,$10.06,1440263785192,100,Not yet rated,NULL,N/A
IKGH,$1.81,1440263785228,"12,492",75% bullish,of 4 ratings,N/A
HYGS,$7.48,1440263785249,"42,666",50% bullish,of 2 ratings,$13
HDRAW,NULL,1440263785269,0,Not yet rated,NULL,N/A
IACI,$71.15,1440263785303,"768,044",75% bullish,of 4 ratings,$90
IDSY,$3.85,1440263785334,"6,888",100% bearish,of 1 rating,$7
IBKC,$60.3428,1440263785433,"191,218",100% bullish,of 1 rating,$70
IEP,$67.43,1440263785528,"123,610",75% bullish,of 4 ratings,$99
ICAD,$3.54,1440263785560,"22,041",50% bullish,of 2 ratings,$7.25
ICON,$12.25,1440263785606,"780,798",50% bullish,of 2 ratings,$18.50
ICLR,$77.7434,1440263785632,"297,930",100% bearish,of 3 ratings,$85
ICFI,$35.71,1440263785660,"104,061",50% bullish,of 2 ratings,$48.50
ICUI,$115.51,1440263785811,"147,406",Not yet rated,NULL,$122
INVE,$4.66,1440263785870,"109,550",75% bullish,of 4 ratings,$4
IDRA,$2.52,1440263785897,"1,118,091",89% bullish,of 9 ratings,$6.50
IPWR,$7.36,1440263785931,"3,392",100% bullish,of 1 rating,$15
IDXX,$74.1911,1440263785957,"439,447",100% bearish,of 1 rating,$77
IROQ,$16.68,1440263786029,502,100% bullish,of 1 rating,N/A
DSKY,$12.1367,1440263786057,"291,194",67% bullish,of 6 ratings,$11.50
IRG,$4.73,1440263786190,"29,774",100% bearish,of 1 rating,$4.50
RXDX,$12.57,1440263786217,"107,394",100% bullish,of 1 rating,$20
IIVI,$17.63,1440263786264,"240,082",100% bearish,of 1 rating,$22
IKAN,$2.73,1440263786358,"14,561",83% bullish,of 6 ratings,$5
KANG,$15,1440263786385,"344,010",50% bullish,of 2 ratings,$22.55
IKNX,$11.46,1440263786406,722,100% bearish,of 1 rating,N/A
ILMN,$199.29,1440263786539,"1,014,627",80% bullish,of 5 ratings,$240
IMMR,$11.38,1440263786567,"215,531",80% bullish,of 5 ratings,$15.50
ISNS,$3.82,1440263786594,"67,780",50% bullish,of 2 ratings,N/A
IMGN,$13.07,1440263786727,"1,107,990",75% bullish,of 4 ratings,$17.50
IMNP,$1.38,1440263786760,"103,462",50% bullish,of 2 ratings,$6
IMDZ,$15.49,1440263786787,"55,028",100% bearish,of 1 rating,$33
ICCC,$8.05,1440263786808,"7,929",100% bullish,of 1 rating,N/A
IMMU,$1.87,1440263786859,"975,603",86% bullish,of 7 ratings,$2
IPXL,$43.4148,1440263786886,"694,109",67% bullish,of 3 ratings,$46.50
IMMY,$7.49,1440263786946,"6,448",100% bearish,of 1 rating,$11
INCR,$42.36,1440263787101,"1,097,736",50% bullish,of 2 ratings,$53
SAAS,$7.7296,1440263787152,"487,787",50% bullish,of 2 ratings,$15
INCY,$104.2975,1440263787195,"711,350",50% bullish,of 6 ratings,$125.50
INDB,$46.44,1440263787231,"91,428",Not yet rated,NULL,$44
IBCP,$14.21,1440263787281,"66,760",100% bullish,of 1 rating,$14.50
IDSA,$3.64,1440263787366,174,Not yet rated,NULL,N/A
INFN,$21.08,1440263787411,"2,781,964",71% bullish,of 7 ratings,$28
IBTX,$42.68,1440263787436,"39,240",100% bullish,of 2 ratings,$47.25
INFI,$9.44,1440263787515,"820,535",50% bullish,of 4 ratings,$18
IMKTA,$52.89,1440263787621,"113,692",100% bearish,of 1 rating,N/A
IFON,$1.23,1440263787655,"45,196",75% bullish,of 4 ratings,N/A
IPCC,$79.97,1440263787676,"44,593",Not yet rated,NULL,$77.50
INWK,$7.33,1440263787763,"164,366",50% bullish,of 2 ratings,$10
III,$4.14,1440263787790,"158,901",57% bullish,of 7 ratings,$6
INNL,NULL,1440263787827,0,100% bearish,of 1 rating,$16.50
ISSC,$2.92,1440263787969,"8,615",67% bearish,of 3 ratings,N/A
INOD,$2.48,1440263787996,"19,784",100% bearish,of 1 rating,N/A
IOSP,$46.19,1440263788027,"4,359,888",100% bearish,of 1 rating,N/A
IPHS,$47.91,1440263788048,"90,391",100% bearish,of 1 rating,$60
INGN,$49.39,1440263788178,"168,397",100% bearish,of 1 rating,$50.50
INOV,$20.95,1440263788206,"349,429",100% bearish,of 1 rating,$33
ITEK,$13.7368,1440263788228,"780,060",100% bearish,of 3 ratings,$20
INO,$7.07,1440263788362,"991,184",89% bullish,of 18 ratings,$20
ISIG,$2.58,1440263788393,"12,103",100% bearish,of 1 rating,N/A
NSIT,$25.94,1440263788414,"161,989",50% bullish,of 2 ratings,N/A
INSM,$24.29,1440263788495,"376,220",71% bullish,of 7 ratings,$31.50
IIIN,$18,1440263788546,"160,188",100% bearish,of 2 ratings,N/A
PODD,$28.7,1440263788638,"377,984",50% bullish,of 2 ratings,$35
INSY,$32.5,1440263788667,"744,412",75% bullish,of 4 ratings,$48
NTEC,$5.94,1440263788692,"22,000",Not yet rated,NULL,N/A
IART,$60.71,1440263788831,"233,404",100% bearish,of 1 rating,$71.50
ISSI,$22.3,1440263788860,"296,636",67% bullish,of 3 ratings,$19.75
IDTI,$17.29,1440263788882,"2,463,021",60% bullish,of 5 ratings,$25
IESC,$7.27,1440263788914,"1,500",100% bearish,of 1 rating,N/A
INTC,$26.7,1440263788936,"36,675,246",82% bullish,of 238 ratings,$36
IPCI,$2.12,1440263789097,"35,773",67% bullish,of 6 ratings,$7.75
IQNT,$19.28,1440263789127,"257,467",86% bullish,of 7 ratings,$20
IPAR,$27.27,1440263789228,"59,510",67% bullish,of 3 ratings,$38
IBKR,$38.66,1440263789253,"576,484",100% bullish,of 1 rating,N/A
ININ,$37,1440263789279,"115,076",67% bearish,of 3 ratings,$57
ICLD,$1.87,1440263789416,"413,066",75% bullish,of 4 ratings,N/A
ICPT,$190.6771,1440263789451,"265,072",70% bullish,of 10 ratings,$359.50
TILE,$24.33,1440263789483,"583,565",67% bearish,of 3 ratings,$27
ICLDW,$0.9601,1440263789514,"1,250",100% bearish,of 1 rating,N/A
IDCC,$47.38,1440263789548,"294,240",80% bullish,of 5 ratings,$63
IMI,$2.13,1440263789579,"9,131",67% bullish,of 3 ratings,$2.22
INAP,$8.27,1440263789614,"157,177",75% bullish,of 4 ratings,$11
IBOC,$26.0269,1440263789674,"200,228",100% bearish,of 1 rating,N/A
ISCA,$31.76,1440263789803,"75,500",100% bearish,of 1 rating,N/A
IGLD,$7.15,1440263789840,"2,377",50% bullish,of 2 ratings,N/A
PTNT,$3.05,1440263789981,"4,282",Not yet rated,NULL,N/A
IIJI,$8.9299,1440263790007,"1,000",50% bullish,of 2 ratings,$11.50
INPH,$0.3099,1440263790029,"9,140",50% bullish,of 2 ratings,N/A
XENT,$27.72,1440263790067,"196,800",50% bullish,of 2 ratings,$36.50
ISIL,$10.2,1440263790171,"911,504",50% bullish,of 6 ratings,$15
INTX,$2.44,1440263790196,"40,947",67% bullish,of 3 ratings,N/A
IILG,$20.03,1440263790230,"307,013",100% bearish,of 1 rating,$30.50
INTL,$25.88,1440263790327,"119,017",67% bearish,of 3 ratings,N/A
IVAC,$4.89,1440263790357,"16,408",Not yet rated,NULL,$6.625
ITCI,$28.5,1440263790388,"400,140",75% bearish,of 4 ratings,$40
INTLL,$25.77,1440263790409,"1,100",Not yet rated,NULL,N/A
IIN,$6.38,1440263790542,"6,399",100% bearish,of 1 rating,$12
INTU,$89.98,1440263790569,"5,254,872",86% bullish,of 7 ratings,$110.50
ISRG,$506.65,1440263790603,"238,287",67% bullish,of 3 ratings,$600
INVT,$0.2713,1440263790702,"28,221",67% bullish,of 3 ratings,N/A
ISTR,$15.85,1440263790832,"2,506",100% bearish,of 1 rating,$18.50
SNAK,$8.47,1440263790862,"286,014",50% bullish,of 2 ratings,$14
IVTY,$12.69,1440263790917,"13,088",Not yet rated,NULL,$18
ITIC,$71.35,1440263790963,16,100% bearish,of 2 ratings,N/A
ISBC,$11.8686,1440263790991,"2,158,729",100% bullish,of 1 rating,$13.25
IPAS,$1.01,1440263791018,"153,876",67% bullish,of 3 ratings,N/A
DTUL,NULL,1440263791045,0,Not yet rated,NULL,N/A
NVIV,$9.83,1440263791073,"458,296",50% bullish,of 4 ratings,$24.50
IPCM,$79.5,1440263791280,"605,193",50% bullish,of 2 ratings,$80.125
DFVL,NULL,1440263791304,0,Not yet rated,NULL,N/A
IRMD,$25.1,1440263791330,"16,337",67% bearish,of 3 ratings,$25
IPGP,$84.18,1440263791356,"196,618",100% bearish,of 2 ratings,$109.50
IRDM,$6.69,1440263791489,"599,667",60% bullish,of 5 ratings,$11.50
IRIX,$7.16,1440263791518,"14,066",100% bearish,of 1 rating,N/A
IRDMB,$266.65,1440263791544,"1,378",67% bearish,of 3 ratings,N/A
IRWD,$10.95,1440263791677,"1,059,107",100% bearish,of 1 rating,$13
IRCP,$32,1440263791778,651,100% bullish,of 2 ratings,N/A
IRBT,$29.9,1440263791808,"240,464",67% bullish,of 6 ratings,$37
COMT,$32.24,1440263791837,"20,256",100% bearish,of 1 rating,N/A
GNMA,$50.25,1440263791876,"2,022",Not yet rated,NULL,N/A
FCHI,$47.8,1440263791941,"4,334",Not yet rated,NULL,N/A
IFAS,$28.76,1440263791966,"9,892",Not yet rated,NULL,N/A
IFEU,$39.05,1440263792046,"52,081",Not yet rated,NULL,N/A
IFGL,$28.84,1440263792103,"124,298",Not yet rated,NULL,N/A
IFNA,$56.26,1440263792206,2,Not yet rated,NULL,N/A
ACWX,$40.41,1440263792234,"332,696",100% bearish,of 1 rating,N/A
ACWI,$55.66,1440263792263,"1,415,661",Not yet rated,NULL,N/A
AAXJ,$52.27,1440263792365,"1,955,125",Not yet rated,NULL,N/A
AXJS,NULL,1440263792390,0,Not yet rated,NULL,N/A
EEMA,$48.76,1440263792428,"380,775",Not yet rated,NULL,N/A
AAIT,$30.53,1440263792458,"1,424",100% bullish,of 1 rating,N/A
EMDI,$46.16,1440263792558,300,Not yet rated,NULL,N/A
EMEY,$24.77,1440263792612,200,Not yet rated,NULL,N/A
EEME,$38.47,1440263792639,"1,248",100% bearish,of 1 rating,N/A
EGRW,$47,1440263792673,"2,678",Not yet rated,NULL,N/A
EVAL,$36.84,1440263792770,"4,617",Not yet rated,NULL,N/A
EEML,$27.35,1440263792797,700,Not yet rated,NULL,N/A
EUFN,$21.91,1440263792874,"205,824",100% bearish,of 1 rating,N/A
IEUS,$45.52,1440263792933,"8,328",100% bearish,of 1 rating,N/A
UAE,$17.61,1440263793010,"11,802",Not yet rated,NULL,N/A
QAT,$20.45,1440263793070,"23,345",Not yet rated,NULL,N/A
IBB,$340.47,1440263793144,"2,475,808",63% bullish,of 8 ratings,N/A
SOXX,$78.63,1440263793174,"710,879",50% bullish,of 2 ratings,N/A
ICLN,$9.42,1440263793225,"40,619",50% bullish,of 2 ratings,N/A
EMIF,$28.27,1440263793254,"15,998",Not yet rated,NULL,N/A
INDY,$27.85,1440263793280,"903,318",50% bullish,of 2 ratings,N/A
WOOD,$49.3,1440263793330,"53,527",50% bullish,of 2 ratings,N/A
ISHG,$80.2,1440263793463,"83,600",100% bearish,of 1 rating,N/A
ISIS,$47.09,1440263793493,"1,346,021",53% bullish,of 15 ratings,$67
IGOV,$92.1372,1440263793519,"25,494",100% bearish,of 1 rating,N/A
ISLE,$16.59,1440263793595,"295,431",50% bullish,of 4 ratings,$16
ISRL,$128.55,1440263793654,"1,003",100% bearish,of 1 rating,N/A
ITRI,$31.94,1440263793849,"253,746",Not yet rated,NULL,$37
IXYS,$10.57,1440263793947,"247,242",50% bullish,of 4 ratings,N/A
ITRN,$24.7,1440263793979,"30,305",50% bullish,of 2 ratings,N/A
MAYS,NULL,1440263794010,0,Not yet rated,NULL,N/A
XXIA,$15.37,1440263794032,"314,105",71% bullish,of 7 ratings,$14.625
ITUS,$4.16,1440263794053,"6,967",Not yet rated,NULL,N/A
JJSF,$113.14,1440263794088,"100,391",100% bearish,of 1 rating,N/A
JBHT,$76.18,1440263794114,"901,669",50% bullish,of 4 ratings,$89.50
JKHY,$68.27,1440263794305,"285,534",50% bullish,of 2 ratings,$72
JASO,$7,1440263794333,"1,435,775",82% bullish,of 17 ratings,$10
JCOM,$69.56,1440263794359,"218,346",100% bullish,of 2 ratings,$77
JACK,$81.43,1440263794389,"546,557",83% bullish,of 6 ratings,$105
JAXB,$12.76,1440263794494,"1,300",100% bullish,of 1 rating,N/A
JXSB,$24.05,1440263794519,742,Not yet rated,NULL,N/A
JRVR,$26.32,1440263794726,"51,011",Not yet rated,NULL,$32
ERW,NULL,1440263794759,0,Not yet rated,NULL,N/A
JAGX,$2.5784,1440263794781,"18,491",Not yet rated,NULL,N/A
JAKK,$9.07,1440263794802,"491,312",60% bearish,of 5 ratings,$11
JMBA,$13.18,1440263794840,"107,503",75% bullish,of 4 ratings,$18
JASN,$4.81,1440263794867,"34,092",50% bullish,of 2 ratings,$9.50
JASNW,$0.18,1440263794940,"12,833",50% bullish,of 2 ratings,N/A
JD,$25.2,1440263795073,"9,448,374",75% bullish,of 16 ratings,$36
JAZZ,$170.2996,1440263795106,"486,735",80% bullish,of 15 ratings,$206.50
JTPY,$3.02,1440263795133,"5,165",100% bearish,of 1 rating,N/A
JBLU,$21.8,1440263795185,"7,445,018",94% bullish,of 17 ratings,$27
DATE,$6.47,1440263795211,"197,033",75% bullish,of 4 ratings,$9
JCTCF,NULL,1440263795238,0,100% bullish,of 1 rating,N/A
JST,$4,1440263795399,"43,984",75% bullish,of 4 ratings,N/A
JIVE,$4.1,1440263795472,"633,964",75% bullish,of 4 ratings,$5
JOEZ,$0.185,1440263795500,"70,020",92% bullish,of 12 ratings,N/A
WYIGU,$10.0227,1440263795532,100,Not yet rated,NULL,N/A
JOUT,$23.01,1440263795562,"16,294",100% bearish,of 1 rating,$34
JBSS,$48.96,1440263795592,"138,677",67% bearish,of 3 ratings,N/A
