Symbol,Price,Date,Volume,Rating,RatingVoteCount,OneYearEstimate
TFSC,NULL,1440879602615,0,100% bearish,of 1 rating,N/A
FCCY,$11.54,1440879602644,933,100% bullish,of 1 rating,$13
FLWS,$8.91,1440879602666,"687,314",80% bullish,of 5 ratings,$15
TFSCR,NULL,1440879602701,0,Not yet rated,NULL,N/A
PIH,$7.54,1440879602727,"9,402",100% bearish,of 1 rating,N/A
TFSCW,$0.21,1440879602796,"1,300",100% bearish,of 1 rating,N/A
SRCE,$29.44,1440879602821,"29,029",100% bullish,of 3 ratings,$33
VNET,$18.05,1440879602885,"541,289",60% bullish,of 5 ratings,$35
DSLV,$69.51,1440879603021,"9,311",100% bearish,of 1 rating,N/A
USLV,$12.45,1440879603058,"242,677",86% bullish,of 7 ratings,N/A
TFSCU,NULL,1440879603086,0,Not yet rated,NULL,N/A
FCTY,$7.96,1440879603112,"3,400",100% bullish,of 1 rating,$8.50
DGLD,$81.1,1440879603142,"16,958",100% bullish,of 1 rating,N/A
TWOU,$34.99,1440879603179,"129,143",50% bullish,of 2 ratings,$39
JOBS,$27.019,1440879603206,"69,549",50% bullish,of 4 ratings,$36
UGLD,$9.31,1440879603243,"340,880",100% bearish,of 1 rating,N/A
EGHT,$7.84,1440879603606,"384,316",82% bullish,of 17 ratings,$11
SIXD,$2.72,1440879603632,"111,232",Not yet rated,NULL,N/A
ABAX,$47.89,1440879603689,"108,826",100% bearish,of 1 rating,$60
AVHI,$13.96,1440879603712,"12,911",100% bearish,of 1 rating,$19
SHLM,$34.06,1440879603744,"65,672",100% bearish,of 1 rating,$47
AAON,$20.51,1440879603765,"107,410",100% bearish,of 1 rating,$24
CAFD,$15.0196,1440879603797,"242,552",Not yet rated,NULL,$25
ABY,$23.04,1440879603818,"423,555",100% bearish,of 2 ratings,$46
ABEOW,$1.83,1440879603997,"2,361",100% bullish,of 1 rating,N/A
ABGB,$5.71,1440879604029,"37,255",67% bullish,of 3 ratings,$5.50
ABMD,$98.23,1440879604057,"317,770",75% bullish,of 4 ratings,$100.50
ABEO,$4.82,1440879604082,"47,964",50% bullish,of 4 ratings,$15.50
AXAS,$1.92,1440879604109,"949,481",78% bullish,of 9 ratings,$3.50
ACTG,$9.43,1440879604135,"194,247",67% bullish,of 3 ratings,$18.50
ACHC,$74.2503,1440879604329,"344,347",50% bullish,of 2 ratings,$92
ACAD,$38.17,1440879604371,"436,567",80% bullish,of 20 ratings,$48
XLRN,$29.71,1440879604460,"89,309",50% bullish,of 2 ratings,$57
ACST,$0.3694,1440879604489,"9,260",100% bullish,of 2 ratings,N/A
ANCX,$20.01,1440879604514,"20,165",Not yet rated,NULL,$20
AXDX,$19.1,1440879604543,"112,407",100% bearish,of 1 rating,N/A
VXDN,$1.96,1440879604625,"24,710",100% bearish,of 1 rating,N/A
ARAY,$6.77,1440879604794,"691,224",100% bearish,of 1 rating,$10.50
ACRX,$4.24,1440879604821,"310,833",67% bearish,of 6 ratings,$5.50
AKAO,$6.99,1440879604850,"38,455",75% bullish,of 4 ratings,$15
ACHN,$7.76,1440879604891,"1,462,742",90% bullish,of 21 ratings,$16
ACET,$22.76,1440879604913,"83,357",75% bullish,of 4 ratings,$30
VXUP,$1.6,1440879604947,"49,457",100% bearish,of 1 rating,N/A
ACIW,$21.38,1440879604990,"288,136",67% bearish,of 3 ratings,$24
ACNB,$19.85,1440879605021,"4,210",Not yet rated,NULL,N/A
ACOR,$32.73,1440879605166,"557,265",67% bearish,of 3 ratings,$38.50
ACTS,$1.6,1440879605196,"49,648",100% bearish,of 1 rating,N/A
ATVI,$29.28,1440879605458,"135,594,206",68% bullish,of 84 ratings,$31.50
ACUR,$2.83,1440879605488,"48,939",100% bullish,of 5 ratings,$1
ACPW,$1.81,1440879605522,"38,604",100% bullish,of 4 ratings,$3.50
ACXM,$21.15,1440879605552,"258,695",67% bullish,of 3 ratings,N/A
ADAP,$11.66,1440879605580,"84,789",67% bullish,of 3 ratings,$22
ADMS,$20.61,1440879605607,"60,583",100% bearish,of 2 ratings,$36
ACTA,$14.02,1440879605635,"90,621",67% bearish,of 3 ratings,$25
ADMP,$3.69,1440879605660,"11,630",50% bullish,of 2 ratings,$10
ADEP,$6.87,1440879605837,"20,312",50% bullish,of 2 ratings,$10.75
ADUS,$28.71,1440879605862,"18,242",100% bearish,of 1 rating,$31
ADMA,$9.37,1440879605910,"14,766",Not yet rated,NULL,$19
AEY,$2.3,1440879605996,"7,434",100% bearish,of 2 ratings,N/A
ADTN,$15.7,1440879606043,"386,714",67% bullish,of 3 ratings,$17.125
ADBE,$79.4,1440879606068,"2,177,794",65% bullish,of 17 ratings,$90
AEIS,$24.42,1440879606199,"174,991",50% bullish,of 2 ratings,$32.50
ADRO,$20.61,1440879606230,"147,897",80% bullish,of 5 ratings,$45.50
ADXS,$14.69,1440879606257,"468,415",64% bullish,of 14 ratings,$27
ADXSW,$10.47,1440879606331,"1,850",100% bullish,of 1 rating,N/A
AMD,$1.85,1440879606401,"6,623,181",83% bullish,of 103 ratings,$2
YPRO,$22.79,1440879606633,"3,532",100% bearish,of 1 rating,N/A
AEGR,$17.66,1440879606766,"331,111",50% bullish,of 6 ratings,$26
MULT,NULL,1440879606791,0,100% bearish,of 1 rating,N/A
AEHR,$2.27,1440879606858,"2,346",50% bullish,of 2 ratings,N/A
AEGN,$18.28,1440879606920,"94,812",100% bearish,of 2 ratings,$21
AMTX,$3.11,1440879607052,"28,001",50% bullish,of 2 ratings,$26.11
AEMD,$6.95,1440879607081,"91,259",Not yet rated,NULL,$27.50
AEPI,$53.89,1440879607111,"11,740",100% bearish,of 1 rating,N/A
AEZS,$0.088,1440879607180,"10,110,751",90% bullish,of 21 ratings,$1.50
AVAV,$24,1440879607211,"75,229",50% bullish,of 4 ratings,$31
AFFX,$9.48,1440879607307,"279,489",80% bullish,of 5 ratings,$12.50
AFMD,$10.43,1440879607337,"107,629",50% bullish,of 4 ratings,$15
AGEN,$7.26,1440879607369,"602,072",85% bullish,of 13 ratings,$14
AGYS,$10.21,1440879607407,"23,032",100% bearish,of 1 rating,N/A
AGRX,$9.16,1440879607536,"22,184",100% bearish,of 1 rating,$17.50
AERI,$16.49,1440879607561,"376,040",75% bullish,of 4 ratings,$31.50
AGIO,$90.62,1440879607638,"186,340",88% bullish,of 8 ratings,$114
AGFS,$10.1318,1440879607773,"137,593",100% bearish,of 1 rating,N/A
AGFSW,$1.95,1440879607874,"8,300",100% bearish,of 2 ratings,N/A
AIMT,$21.11,1440879607943,"136,933",Not yet rated,NULL,N/A
AIRM,$37.86,1440879607976,"199,407",80% bearish,of 5 ratings,$53
AMCN,$4.59,1440879607997,"108,503",83% bullish,of 6 ratings,N/A
AKAM,$71.9,1440879608018,"1,710,795",63% bullish,of 8 ratings,$77
ATSG,$8.95,1440879608057,"126,980",67% bullish,of 3 ratings,$13
AIRT,$22.16,1440879608078,376,100% bullish,of 1 rating,N/A
AIXG,$6.38,1440879608154,"27,231",67% bearish,of 3 ratings,$5.25
AKRX,$41.03,1440879608286,"401,819",78% bullish,of 9 ratings,$56
ALRM,$16.8,1440879608317,"126,608",100% bearish,of 1 rating,$22
AKBA,$7,1440879608338,"105,064",100% bearish,of 1 rating,$18
AKER,$2.48,1440879608367,"28,755",Not yet rated,NULL,N/A
AMRI,$20.6,1440879608553,"158,563",75% bearish,of 4 ratings,$24
ALSK,$2.15,1440879608581,"235,932",78% bullish,of 18 ratings,$2
ABDC,$12.83,1440879608609,"24,564",Not yet rated,NULL,$15
ADHD,$7.94,1440879608646,"131,054",50% bullish,of 4 ratings,$18
ALDR,$38.61,1440879608682,"186,540",67% bearish,of 3 ratings,$62
ALCO,$42.25,1440879608778,"5,313",50% bullish,of 2 ratings,N/A
ALXA,$1.13,1440879608806,"13,227",83% bullish,of 6 ratings,$2.125
ALXN,$178.86,1440879608834,"1,012,132",88% bullish,of 8 ratings,$223
ALDX,$7.06,1440879608880,"18,445",100% bearish,of 1 rating,$14.50
ALIM,$3.44,1440879609089,"27,203",80% bullish,of 5 ratings,$10
ALKS,$62.0942,1440879609123,"542,032",67% bullish,of 3 ratings,$75
ALGN,$57.27,1440879609188,"244,131",100% bearish,of 2 ratings,$73
ALLB,$22.72,1440879609213,797,Not yet rated,NULL,N/A
AFOP,$19.05,1440879609243,"104,154",75% bullish,of 8 ratings,$21
ALGT,$208.41,1440879609264,"150,284",100% bearish,of 2 ratings,$235
AIQ,$14.35,1440879609463,"6,903",67% bullish,of 3 ratings,N/A
AMOT,$18.85,1440879609498,"86,927",100% bearish,of 1 rating,N/A
ARLP,$25.32,1440879609538,"280,083",67% bearish,of 3 ratings,$32
ALQA,$4.4,1440879609566,"19,390",75% bullish,of 4 ratings,$8.50
ALLT,$5.42,1440879609591,"187,497",75% bullish,of 4 ratings,$6.25
AHPI,$1.44,1440879609615,"1,714",50% bullish,of 2 ratings,N/A
MDRX,$13.8,1440879609751,"810,640",60% bullish,of 5 ratings,$16
AFAM,$45.43,1440879609822,"41,778",50% bullish,of 2 ratings,$44
ALNY,$109.1,1440879609953,"357,082",67% bullish,of 3 ratings,$148.50
AOSL,$7.31,1440879609984,"49,947",67% bullish,of 3 ratings,$9
AHGP,$36.41,1440879610021,"89,083",67% bullish,of 3 ratings,N/A
SMCP,NULL,1440879610046,0,Not yet rated,NULL,N/A
ATEC,$0.54,1440879610081,"81,514",100% bullish,of 1 rating,$2
ASPS,$25.48,1440879610214,"184,857",67% bullish,of 3 ratings,$46.50
ALTR,$48.61,1440879610243,"1,182,479",80% bearish,of 5 ratings,$54
AMRN,$2.23,1440879610345,"1,409,147",85% bullish,of 39 ratings,$8
AMAG,$65.85,1440879610377,"315,677",100% bullish,of 2 ratings,$77.50
AIMC,$24.94,1440879610408,"71,616",100% bearish,of 2 ratings,$28.50
AYA,$20.7,1440879610428,"10,578",100% bearish,of 1 rating,$40
AMRK,$10.28,1440879610477,"2,016",50% bullish,of 2 ratings,$14
AMZN,$519.59,1440879610557,"1,553,310",81% bullish,of 264 ratings,$646
AMBA,$96.15,1440879610727,"1,960,685",83% bullish,of 12 ratings,$102.50
AMBCW,$7.65,1440879610796,"1,012",100% bearish,of 1 rating,N/A
EPAX,$2.69,1440879610832,"86,785",100% bearish,of 1 rating,N/A
AMCX,$73.6,1440879610865,"349,491",67% bullish,of 3 ratings,$87.50
DOX,$57.75,1440879610935,"257,565",67% bearish,of 3 ratings,$60
AMBC,$15.61,1440879610960,"222,561",100% bearish,of 1 rating,$16.50
AMDA,$0.4798,1440879611023,"643,528",90% bullish,of 10 ratings,$1
AMED,$39.09,1440879611123,"188,323",100% bearish,of 1 rating,$42
ATAX,$5.27,1440879611223,"73,836",100% bullish,of 1 rating,$6.50
UHAL,$375.77,1440879611251,"28,990",100% bullish,of 2 ratings,$393.50
ASBI,$22.64,1440879611278,"1,069",Not yet rated,NULL,N/A
AMOV,$18.46,1440879611299,"2,614",100% bearish,of 1 rating,N/A
AGNC,$19.36,1440879611339,"1,941,092",71% bullish,of 28 ratings,$22
AAL,$38.6,1440879611360,"7,110,829",93% bullish,of 88 ratings,$57
AGNCB,$24.29,1440879611450,"19,098",Not yet rated,NULL,N/A
MTGE,$15.29,1440879611611,"623,994",75% bullish,of 4 ratings,$19.50
AGNCP,$25.34,1440879611642,"6,144",Not yet rated,NULL,N/A
MTGEP,$24.5,1440879611693,583,Not yet rated,NULL,N/A
ACSF,$12.38,1440879611740,"29,182",100% bearish,of 1 rating,$15
AETI,$3.75,1440879611825,881,67% bearish,of 3 ratings,N/A
ANCI,$1.46,1440879611853,474,100% bearish,of 1 rating,N/A
ACAS,$13.8357,1440879611874,"897,392",60% bullish,of 5 ratings,$16.75
ANAT,$100.8502,1440879611913,"25,880",100% bullish,of 1 rating,N/A
AMIC,NULL,1440879612010,0,Not yet rated,NULL,N/A
AMNB,$23.29,1440879612031,"4,556",Not yet rated,NULL,$25.50
APEI,$22.36,1440879612112,"59,822",100% bearish,of 1 rating,$25.50
AMRB,$10.05,1440879612163,"2,153",Not yet rated,NULL,$11
ARII,$40.76,1440879612194,"146,168",67% bearish,of 3 ratings,$45
ASEI,$39.03,1440879612245,"21,414",100% bearish,of 1 rating,$52.50
AMSWA,$9.06,1440879612299,"131,254",100% bearish,of 2 ratings,$10.75
ABCB,$26.8,1440879612499,"86,002",Not yet rated,NULL,$31
CRMT,$35.97,1440879612565,"40,468",100% bearish,of 1 rating,$39
AMSC,$4.67,1440879612635,"80,461",50% bullish,of 4 ratings,N/A
ASRVP,NULL,1440879612662,0,Not yet rated,NULL,N/A
ASRV,$3.22,1440879612740,"12,469",100% bullish,of 2 ratings,N/A
AMWD,$66.55,1440879612797,"77,289",50% bullish,of 2 ratings,$70
AMSF,$46.91,1440879612870,"49,852",Not yet rated,NULL,$57.50
ATLO,$23.59,1440879612900,"4,506",Not yet rated,NULL,N/A
AMGN,$155.95,1440879613002,"3,400,173",89% bullish,of 19 ratings,$185
AMKR,$5.07,1440879613034,"1,277,833",100% bearish,of 2 ratings,$5
AMPH,$13.39,1440879613062,"106,975",50% bullish,of 2 ratings,$20
FOLD,$14.87,1440879613132,"612,656",56% bullish,of 9 ratings,$21
AMSGP,$149.3,1440879613188,"33,058",Not yet rated,NULL,N/A
AMSG,$80.06,1440879613214,"252,052",100% bearish,of 1 rating,$85.50
ASYS,$5.39,1440879613348,"36,672",67% bullish,of 3 ratings,$12
AFSI,$58.4717,1440879613375,"168,515",60% bullish,of 5 ratings,$72
AMRS,$1.69,1440879613396,"51,285",70% bullish,of 10 ratings,N/A
ANAD,$0.33,1440879613553,"133,227",100% bullish,of 2 ratings,$.50
ANAC,$135.45,1440879613578,"264,448",80% bullish,of 5 ratings,$180.50
ADI,$56.45,1440879613606,"2,245,427",67% bullish,of 3 ratings,$69
AMCF,$0.22,1440879613746,"1,426",100% bullish,of 7 ratings,N/A
ALOG,$80.27,1440879613779,"65,588",100% bearish,of 2 ratings,$100.50
ANGI,$5.21,1440879613816,"319,439",64% bullish,of 11 ratings,$5.50
ANCB,$21.98,1440879613837,"29,500",Not yet rated,NULL,$23
ABCW,$40.28,1440879613858,"7,717",67% bullish,of 3 ratings,N/A
ANIP,$52,1440879613893,"129,189",89% bullish,of 19 ratings,$66
ANGO,$14.67,1440879613922,"69,486",67% bullish,of 3 ratings,$19
ANIK,$35.94,1440879614062,"100,275",60% bullish,of 5 ratings,$51.25
ATRS,$1.79,1440879614092,"332,285",92% bullish,of 12 ratings,$4.50
ANSS,$89.74,1440879614192,"244,251",100% bearish,of 1 rating,$100
ABAC,$0.75,1440879614249,"11,927",100% bearish,of 1 rating,N/A
ANTH,$7.41,1440879614321,"469,427",80% bullish,of 10 ratings,$13
APOG,$50.82,1440879614384,"111,095",50% bullish,of 2 ratings,$67
APIC,$6.91,1440879614421,"86,505",100% bearish,of 1 rating,$19
APOL,$11.47,1440879614457,"654,267",87% bearish,of 68 ratings,$14
AINV,$6.6,1440879614559,"696,100",50% bullish,of 4 ratings,$8
APPF,$16.3,1440879614580,"22,796",50% bullish,of 2 ratings,$22
ATNY,$2.26,1440879614609,"4,237",50% bullish,of 2 ratings,$3.75
ARCI,NULL,1440879614671,0,Not yet rated,NULL,N/A
AAPL,$113.37,1440879614770,"32,540,481",86% bullish,of 2354 ratings,$150
APDNW,$1.27,1440879614795,"2,254",Not yet rated,NULL,N/A
APDN,$3.46,1440879614819,"72,814",Not yet rated,NULL,$9
AMAT,$15.9916,1440879614981,"7,111,784",82% bullish,of 11 ratings,$23
AGTC,$16.69,1440879615011,"40,739",50% bullish,of 2 ratings,$33
AAOI,$21.11,1440879615115,"169,287",50% bullish,of 4 ratings,$26
AREX,$2.17,1440879615181,"985,162",100% bearish,of 1 rating,$3
AMCC,$5.77,1440879615237,"326,270",80% bullish,of 5 ratings,$8
AQMS,$5.2,1440879615341,"53,706",Not yet rated,NULL,N/A
APTO,$5.28,1440879615369,"32,201",Not yet rated,NULL,$17
APRI,$1.33,1440879615394,"381,591",83% bullish,of 6 ratings,$4.86
AUMA,$9.89,1440879615524,230,Not yet rated,NULL,N/A
AUMAU,NULL,1440879615549,0,Not yet rated,NULL,N/A
AUMAW,NULL,1440879615575,0,Not yet rated,NULL,N/A
ARDM,NULL,1440879615608,0,100% bullish,of 1 rating,$26
ABUS,$7.36,1440879615740,"240,604",86% bullish,of 14 ratings,$23
PETX,$17.64,1440879615812,"156,925",100% bearish,of 2 ratings,$26
ARCW,$3.63,1440879615944,"4,066",100% bearish,of 2 ratings,$10.50
RKDA,$6.36,1440879616003,"9,839",100% bearish,of 2 ratings,$10
AQXP,$16.76,1440879616035,"147,931",50% bullish,of 2 ratings,$2
ABIO,$0.89,1440879616135,"57,096",50% bullish,of 2 ratings,$3.75
ARCB,$29.04,1440879616164,"134,492",67% bearish,of 3 ratings,$39.50
ACAT,$26.55,1440879616267,"114,131",100% bearish,of 3 ratings,$33
AGII,$54.77,1440879616327,"101,334",Not yet rated,NULL,$59.50
ARCC,$15.6189,1440879616355,"1,375,235",67% bearish,of 3 ratings,$17.875
AGIIL,$25.36,1440879616395,"11,027",Not yet rated,NULL,N/A
ACGL,$68.1836,1440879616428,"313,921",50% bullish,of 2 ratings,$72
ARNA,$2.71,1440879616489,"2,247,385",90% bullish,of 78 ratings,$5.50
ARDX,$18.75,1440879616521,"63,461",50% bullish,of 2 ratings,$24.50
ARGS,$6.16,1440879616546,"18,498",50% bullish,of 2 ratings,$19.50
ARIS,$3.54,1440879616686,"40,749",Not yet rated,NULL,$4.50
ARIA,$9.65,1440879616766,"22,314,095",87% bullish,of 46 ratings,$9
ARMH,$42.62,1440879616831,"865,391",54% bearish,of 13 ratings,$60
ARKR,$24.54,1440879616857,604,50% bullish,of 2 ratings,N/A
ARWA,NULL,1440879616900,0,Not yet rated,NULL,N/A
ARTX,$1.45,1440879617033,"63,093",88% bullish,of 16 ratings,$4.50
ARWAR,NULL,1440879617068,0,Not yet rated,NULL,N/A
ARWAU,NULL,1440879617099,0,100% bullish,of 1 rating,N/A
ARQL,$1.76,1440879617167,"76,309",75% bullish,of 4 ratings,$5
ARWAW,NULL,1440879617198,0,Not yet rated,NULL,N/A
ARRS,$26.82,1440879617272,"723,865",50% bullish,of 2 ratings,$38
ARRY,$5.94,1440879617301,"718,947",100% bullish,of 7 ratings,$10
DWAT,$9.98,1440879617435,"2,550",100% bearish,of 1 rating,N/A
ARWR,$5.77,1440879617462,"437,585",75% bullish,of 4 ratings,$10.50
AROW,$27.26,1440879617504,"13,804",Not yet rated,NULL,N/A
ARTNA,$22.24,1440879617594,"8,516",100% bearish,of 1 rating,$29
ARTW,$4.27,1440879617686,"1,665",75% bearish,of 4 ratings,N/A
ASNA,$12,1440879617725,"3,325,555",50% bullish,of 2 ratings,$18
ASND,$19.17,1440879617762,"58,087",50% bullish,of 2 ratings,$30
ASBB,$24.2,1440879617791,191,Not yet rated,NULL,N/A
ASTI,$0.1027,1440879617861,"1,274,925",83% bullish,of 6 ratings,$3
ASMI,NULL,1440879617891,0,NULL,NULL,NULL
ASCMA,$27.4,1440879617932,"54,550",100% bearish,of 1 rating,$45
APWC,$1.91,1440879617959,"1,704",100% bearish,of 1 rating,N/A
ASML,$91.98,1440879617988,"376,653",50% bullish,of 4 ratings,$127
ASMB,$13.33,1440879618140,"40,085",67% bullish,of 3 ratings,N/A
AZPN,$37.9,1440879618165,"471,280",50% bullish,of 2 ratings,$42
ASFI,$8.9,1440879618296,"6,440",100% bullish,of 1 rating,N/A
ASTE,$37.12,1440879618333,"59,288",100% bearish,of 1 rating,$48
ATRO,$52.84,1440879618462,"104,448",100% bearish,of 2 ratings,$80
ALOT,$13.97,1440879618491,"5,000",100% bearish,of 1 rating,N/A
ASUR,$5.97,1440879618517,"1,342",50% bullish,of 2 ratings,$8
ASTC,$2.07,1440879618543,"13,827",100% bullish,of 5 ratings,N/A
ATRA,$40.22,1440879618574,"86,077",50% bullish,of 2 ratings,$68
ATHX,$1.15,1440879618678,"150,153",89% bullish,of 9 ratings,$5
ATHN,$134.56,1440879618707,"144,558",67% bearish,of 3 ratings,$153
ATAI,$2.53,1440879618786,"5,759",100% bearish,of 1 rating,N/A
AFCB,$26.58,1440879618837,43,Not yet rated,NULL,N/A
AAME,$3.51,1440879618919,"1,614",Not yet rated,NULL,N/A
ACFC,$5.59,1440879618969,"23,302",100% bearish,of 1 rating,$6.50
AAPC,$10.1,1440879619052,524,Not yet rated,NULL,N/A
ATNI,$71.89,1440879619151,"30,836",100% bearish,of 1 rating,$69.50
ATLC,$3.82,1440879619211,"1,000",67% bullish,of 3 ratings,N/A
AFH,$16.25,1440879619241,"45,444",Not yet rated,NULL,$21.50
ATOS,$0.76,1440879619271,"146,526",100% bullish,of 7 ratings,$7
AAWW,$41.57,1440879619297,"344,090",50% bullish,of 2 ratings,$65
ATRC,$25.5,1440879619338,"75,032",100% bullish,of 1 rating,$30
ATML,$8.21,1440879619437,"5,323,862",78% bullish,of 9 ratings,$9.50
ATRI,$390.57,1440879619474,"1,710",Not yet rated,NULL,N/A
ATTU,$13.2582,1440879619542,"43,316",100% bearish,of 1 rating,$20.50
LIFE,$14.79,1440879619602,"59,987",86% bullish,of 7 ratings,$43
ATRM,$2.83,1440879619672,"5,169",50% bullish,of 2 ratings,N/A
AUBN,$26.68,1440879619773,652,Not yet rated,NULL,N/A
AUDC,$3.34,1440879619798,"41,046",80% bullish,of 5 ratings,$5
AUPH,$3.03,1440879619843,"48,213",100% bearish,of 1 rating,$8
EARS,$4.86,1440879619875,"61,876",100% bearish,of 2 ratings,$11.50
ABTL,$17.48,1440879619927,"56,816",100% bullish,of 4 ratings,$20.25
ADAT,$0.2901,1440879619971,"286,619",100% bullish,of 2 ratings,N/A
ADP,$78.41,1440879620058,"1,833,355",100% bearish,of 1 rating,$88
ADSK,$47.52,1440879620138,"7,664,747",67% bullish,of 6 ratings,$69.50
AAVL,$10.78,1440879620215,"281,210",100% bearish,of 1 rating,$20
AVEO,$1.42,1440879620300,"525,234",75% bullish,of 8 ratings,$3
AVNU,$12.35,1440879620327,"4,686",Not yet rated,NULL,$14
AVNW,$1.13,1440879620352,"120,526",50% bullish,of 2 ratings,$2.20
CAR,$43.59,1440879620552,"772,875",80% bullish,of 5 ratings,$60
AVGO,$127.49,1440879620592,"2,365,644",88% bullish,of 8 ratings,$165
AVID,$8.51,1440879620622,"262,047",100% bearish,of 1 rating,$20
AVGR,$14.96,1440879620681,"28,648",100% bearish,of 1 rating,$20
AXPWW,NULL,1440879620711,0,Not yet rated,NULL,N/A
AWRE,$3.18,1440879620732,"9,746",67% bullish,of 3 ratings,N/A
ACLS,$3.17,1440879620765,"211,572",67% bullish,of 6 ratings,$4.75
AXPW,$1.06,1440879620818,"50,386",83% bullish,of 6 ratings,N/A
AXGN,$4.88,1440879620906,"266,524",Not yet rated,NULL,$5
BCOM,$18.86,1440879621105,80,100% bearish,of 1 rating,N/A
BOSC,$2.17,1440879621143,"2,700",50% bullish,of 2 ratings,N/A
RILY,NULL,1440879621167,0,Not yet rated,NULL,N/A
BEAV,$49.39,1440879621205,"564,180",67% bearish,of 3 ratings,$59
AXTI,$2.2,1440879621337,"30,041",50% bullish,of 2 ratings,$2.75
BIDU,$152.41,1440879621381,"2,202,325",81% bullish,of 88 ratings,$210
BCPC,$58.23,1440879621410,"129,590",100% bearish,of 1 rating,$75
BWINB,$23.05,1440879621521,"5,630",Not yet rated,NULL,N/A
BWINA,NULL,1440879621556,0,Not yet rated,NULL,N/A
BANF,$59.87,1440879621601,"10,874",Not yet rated,NULL,$68
BOCH,$5.75,1440879621673,"7,098",Not yet rated,NULL,$6.50
BLDP,$1.28,1440879621699,"333,343",91% bullish,of 22 ratings,$2.50
BANFP,NULL,1440879621722,0,Not yet rated,NULL,N/A
BKMU,$7.2,1440879621751,"106,117",Not yet rated,NULL,$8
BMRC,$47.78,1440879621882,"6,078",Not yet rated,NULL,$52
BKSC,$16.38,1440879621914,"1,895",Not yet rated,NULL,N/A
BOTJ,$10.93,1440879622015,51,Not yet rated,NULL,N/A
OZRK,$41.65,1440879622051,"340,296",67% bullish,of 3 ratings,$49.50
BWFG,$17.89,1440879622076,"86,221",100% bearish,of 1 rating,N/A
BFIN,$11.98,1440879622205,"805,971",Not yet rated,NULL,$13
BZUN,$5.29,1440879622230,"324,008",50% bullish,of 2 ratings,$11.50
BANR,$43.67,1440879622257,"52,487",100% bullish,of 3 ratings,$50
BHACR,NULL,1440879622392,0,Not yet rated,NULL,N/A
BHACU,NULL,1440879622423,0,Not yet rated,NULL,N/A
BHAC,$9.81,1440879622444,400,Not yet rated,NULL,N/A
BHACW,NULL,1440879622464,0,Not yet rated,NULL,N/A
TAPR,$31.36,1440879622504,"1,065",100% bearish,of 1 rating,N/A
BSET,$28.97,1440879622598,"65,844",100% bearish,of 1 rating,$35
BBSI,$35.46,1440879622632,"44,948",67% bearish,of 3 ratings,$62.50
BYBK,$4.88,1440879622692,"12,262",100% bearish,of 1 rating,N/A
BYLK,$12.75,1440879622799,"3,944",Not yet rated,NULL,$14
BV,$5.16,1440879622828,"390,911",67% bullish,of 6 ratings,$9
BBCN,$14.41,1440879622936,"235,503",100% bearish,of 1 rating,$16
BDCV,$4.92,1440879623006,"8,428",100% bearish,of 1 rating,$10.19
BSF,$8.56,1440879623034,"14,316",Not yet rated,NULL,N/A
BBGI,$4.07,1440879623067,514,100% bearish,of 1 rating,N/A
BECN,$35.38,1440879623164,"319,053",50% bullish,of 2 ratings,$40
BBBY,$62.32,1440879623193,"1,490,780",71% bullish,of 7 ratings,$75
BEBE,$1.35,1440879623222,"2,507,789",75% bullish,of 4 ratings,$3.075
BCBP,$11.51,1440879623261,"2,786",Not yet rated,NULL,N/A
BELFB,$17.97,1440879623358,"23,081",100% bearish,of 1 rating,N/A
BLPH,$5.04,1440879623387,"6,129",100% bearish,of 1 rating,$12.50
BELFA,$16.95,1440879623409,24,100% bearish,of 1 rating,N/A
BLCM,$17.34,1440879623575,"156,508",50% bullish,of 4 ratings,$40
BNCL,$12.42,1440879623637,"203,255",100% bullish,of 3 ratings,$12.50
BNFT,$36.35,1440879623675,"83,611",67% bullish,of 3 ratings,$46
BNTC,$7.9937,1440879623714,"46,904",100% bullish,of 1 rating,N/A
BGMD,$0.7251,1440879623739,"219,421",100% bullish,of 10 ratings,N/A
BGFV,$11.1,1440879623774,"86,024",57% bullish,of 7 ratings,$12
BGCP,$8.735,1440879623795,"654,941",88% bullish,of 8 ratings,$14
ORPN,$5.97,1440879623874,"20,587",100% bullish,of 1 rating,$28.50
BIND,$4.45,1440879623924,"49,598",75% bullish,of 4 ratings,$13.50
BASI,$1.6,1440879624059,"3,810",Not yet rated,NULL,N/A
BCRX,$11.42,1440879624100,"314,110",63% bullish,of 8 ratings,$18
BCDA,NULL,1440879624130,0,Not yet rated,NULL,N/A
BIOC,$1.98,1440879624194,"102,773",83% bullish,of 6 ratings,$3.85
BIOD,$0.6435,1440879624227,"49,279",80% bullish,of 5 ratings,$4
BDSI,$6.87,1440879624258,"493,039",88% bullish,of 8 ratings,$17
BIIB,$303.69,1440879624329,"1,407,281",88% bullish,of 16 ratings,$400
BIOL,$1.43,1440879624463,"19,466",Not yet rated,NULL,N/A
BLFS,$1.98,1440879624494,"21,237",100% bearish,of 1 rating,$4.75
BMRN,$132.0147,1440879624523,"575,644",80% bullish,of 5 ratings,$160
BLRX,$1.53,1440879624556,"208,226",100% bullish,of 12 ratings,$5
BVXV,$3.6325,1440879624626,"2,361",Not yet rated,NULL,N/A
BVXVW,$0.7,1440879624661,300,100% bearish,of 1 rating,N/A
BPTH,$1.11,1440879624682,"55,103",100% bullish,of 2 ratings,$5
BRLI,NULL,1440879624759,0,NULL,NULL,NULL
BIOS,$2.46,1440879624944,"689,760",71% bullish,of 7 ratings,$4
BBP,$33.4,1440879625010,"19,508",Not yet rated,NULL,N/A
BBC,$31.95,1440879625078,"9,881",Not yet rated,NULL,N/A
BSPM,$0.67,1440879625108,"65,101",50% bullish,of 2 ratings,N/A
TECH,$96.5,1440879625129,"280,906",100% bullish,of 1 rating,$117
BSTC,$52.12,1440879625157,"40,800",100% bearish,of 1 rating,$76
BOTA,$2.18,1440879625189,"25,205",88% bullish,of 8 ratings,N/A
BEAT,$14.67,1440879625288,"218,630",67% bearish,of 3 ratings,$15
BITI,$17.095,1440879625464,"19,344",100% bullish,of 1 rating,$28
BJRI,$44.26,1440879625493,"170,972",50% bullish,of 2 ratings,$55
BDE,$7.5,1440879625521,"75,507",50% bullish,of 2 ratings,$9
BBOX,$15.07,1440879625542,"96,363",100% bearish,of 1 rating,N/A
BDMS,$12.64,1440879625570,84,100% bearish,of 1 rating,N/A
BLKB,$57.86,1440879625596,"156,655",100% bearish,of 2 ratings,$66
BBRY,$7.32,1440879626023,"3,500,684",61% bullish,of 330 ratings,$9
HAWK,$40.26,1440879626897,"239,630",91% bullish,of 11 ratings,$49
BKCC,$9.304,1440879626923,"302,275",50% bullish,of 2 ratings,$10
ADRA,$27.5,1440879627004,"2,800",100% bearish,of 1 rating,N/A
ADRE,$30.08,1440879627108,"10,155",100% bearish,of 1 rating,N/A
ADRU,$21.9113,1440879627134,"1,280",100% bearish,of 1 rating,N/A
ADRD,$22.21,1440879627167,"11,305",100% bearish,of 1 rating,N/A
BLMN,$20.51,1440879627196,"1,243,002",83% bullish,of 6 ratings,$27.50
BUFF,$26.31,1440879627263,"184,065",83% bullish,of 12 ratings,$31.50
BCOR,$13.81,1440879627290,"189,735",57% bullish,of 7 ratings,$15
BLBD,$11.96,1440879627322,"9,660",Not yet rated,NULL,N/A
NILE,$34.3,1440879627353,"81,168",50% bullish,of 2 ratings,$34
BBLU,$0.78,1440879627522,"112,994",100% bullish,of 2 ratings,$4.43
BHBK,$13.84,1440879627552,"32,621",100% bullish,of 1 rating,$14.50
BLUE,$137.47,1440879627579,"296,264",71% bullish,of 7 ratings,$217.50
BKEPP,$7.61,1440879627604,"6,200",100% bearish,of 1 rating,N/A
BKEP,$6.34,1440879627654,"19,498",100% bearish,of 1 rating,$8.50
BPMC,$26.84,1440879627857,"69,527",50% bullish,of 2 ratings,$47.50
BOFI,$117.62,1440879627888,"213,540",100% bullish,of 6 ratings,$144
BOKF,$62.3925,1440879627955,"164,013",100% bearish,of 1 rating,$69
BOJA,$21.44,1440879627980,"58,055",100% bullish,of 1 rating,$30
WIFI,$7.62,1440879628012,"145,572",50% bullish,of 2 ratings,$13.50
BOBE,$43.6,1440879628042,"117,836",75% bullish,of 4 ratings,$57
BNCN,$20.56,1440879628063,"117,776",Not yet rated,NULL,$24
BONA,$11.64,1440879628122,"107,333",75% bullish,of 4 ratings,$8.50
BNSO,$1.31,1440879628211,630,100% bearish,of 1 rating,N/A
BAMM,$3.1,1440879628250,"24,796",60% bullish,of 5 ratings,N/A
BPFH,$11.79,1440879628282,"250,539",100% bearish,of 1 rating,$14
BPFHW,$5.15,1440879628351,"3,330",100% bearish,of 1 rating,N/A
BPFHP,$24.85,1440879628376,"11,250",100% bearish,of 1 rating,N/A
EPAY,$26.94,1440879628567,"177,935",100% bearish,of 2 ratings,$30
BCLI,$3.04,1440879628594,"50,501",80% bullish,of 5 ratings,$12
BBRG,$12.72,1440879628632,"69,040",67% bullish,of 3 ratings,$14.50
BDBD,$8.39,1440879628653,"451,957",60% bullish,of 5 ratings,$10
BBEP,$2.94,1440879628727,"2,796,108",69% bullish,of 13 ratings,$5.625
BLIN,$1.36,1440879628758,"5,087",100% bullish,of 2 ratings,$2.20
BDGE,$26.21,1440879628785,"17,166",Not yet rated,NULL,$31.75
BBEPP,$13.4,1440879628856,"61,890",100% bearish,of 1 rating,N/A
BRCM,$51.79,1440879628930,"2,529,830",75% bullish,of 12 ratings,$56
BRID,NULL,1440879628988,0,100% bearish,of 1 rating,N/A
BCOV,$5.32,1440879629033,"68,688",67% bullish,of 3 ratings,$10.20
BSFT,$31.63,1440879629065,"88,378",57% bullish,of 7 ratings,$40.50
BVSN,$6.01,1440879629119,"13,669",60% bearish,of 5 ratings,N/A
BWEN,$3.18,1440879629274,"34,309",100% bullish,of 3 ratings,$8
BRCD,$10.553,1440879629307,"2,104,384",92% bullish,of 13 ratings,$11.50
BYFC,$1.36,1440879629351,"5,967",50% bullish,of 2 ratings,N/A
BRKS,$10.41,1440879629380,"127,627",67% bullish,of 3 ratings,$15.25
BRKL,$10.51,1440879629406,"272,340",100% bearish,of 1 rating,$10.75
BRKR,$18.4692,1440879629451,"392,981",100% bearish,of 2 ratings,$22
BMTC,$29.2,1440879629477,"98,064",Not yet rated,NULL,$34
BSQR,$6.15,1440879629609,"55,497",67% bullish,of 3 ratings,N/A
BLMT,$20.6,1440879629683,"11,270",Not yet rated,NULL,N/A
BWLD,$194.06,1440879629743,"166,257",82% bullish,of 11 ratings,$205
BLDR,$14.48,1440879629767,"484,766",67% bullish,of 3 ratings,$22
BUR,$1.74,1440879629795,"6,743",100% bearish,of 1 rating,$8
CFFI,$36.19,1440879629820,"7,589",100% bearish,of 1 rating,N/A
CA,$27.26,1440879630046,"2,293,564",50% bullish,of 4 ratings,$33
CCMP,$43.53,1440879630081,"79,642",50% bullish,of 2 ratings,$59
CHRW,$67.2467,1440879630115,"1,365,634",Not yet rated,NULL,$72
CDZI,$8.14,1440879630136,"84,491",100% bearish,of 1 rating,N/A
CDNS,$20.14,1440879630176,"1,265,237",75% bullish,of 4 ratings,$22.50
CACQ,$7.53,1440879630201,"56,359",100% bearish,of 1 rating,$12.25
CSTE,$40.5,1440879630229,"114,834",50% bullish,of 2 ratings,$65
CZR,$9.17,1440879630266,"738,436",60% bearish,of 5 ratings,$10.50
PRSS,$4.55,1440879630428,"10,528",80% bullish,of 5 ratings,$4.50
CLBS,$1.44,1440879630557,"118,591",79% bullish,of 14 ratings,$4
CLMS,$10.61,1440879630590,"65,837",Not yet rated,NULL,$10.50
CHY,$11.47,1440879630644,"160,991",Not yet rated,NULL,N/A
CCD,$19.38,1440879630686,"81,611",Not yet rated,NULL,N/A
CHI,$10.6,1440879630713,"101,782",100% bearish,of 1 rating,N/A
CFGE,NULL,1440879630842,0,Not yet rated,NULL,N/A
CGO,$12.01,1440879630869,"13,619",100% bearish,of 1 rating,N/A
CHW,$7.64,1440879630946,"278,918",100% bearish,of 1 rating,N/A
CSQ,$9.96,1440879631002,"222,801",Not yet rated,NULL,N/A
CVGW,$59.23,1440879631034,"104,521",50% bullish,of 2 ratings,$58.50
CFNB,$13.31,1440879631055,301,100% bearish,of 1 rating,N/A
CAMP,$16.59,1440879631088,"249,483",88% bullish,of 8 ratings,$25
CALA,$5.78,1440879631132,"350,686",100% bullish,of 3 ratings,$19.50
CALD,$15.94,1440879631223,"214,263",100% bearish,of 1 rating,$21
CLMT,$26.1156,1440879631352,"157,345",75% bullish,of 8 ratings,$31
CALM,$50.25,1440879631377,"273,365",80% bullish,of 5 ratings,$65
ABCD,$5.28,1440879631532,"155,994",83% bullish,of 6 ratings,N/A
CAMBU,NULL,1440879631564,0,100% bearish,of 1 rating,N/A
CAMBW,NULL,1440879631584,0,Not yet rated,NULL,N/A
CAMB,$9.95,1440879631617,"3,000",Not yet rated,NULL,N/A
CAC,$40.25,1440879631663,"5,351",Not yet rated,NULL,N/A
CSIQ,$18.9253,1440879631716,"1,536,120",86% bullish,of 28 ratings,$42.50
CGIX,$9.96,1440879631743,"20,078",67% bullish,of 3 ratings,$14.375
CAMT,$2.72,1440879631798,"11,795",73% bullish,of 11 ratings,$4
CPLA,$49.2,1440879631926,"111,385",67% bearish,of 3 ratings,$65
CPHC,$10.3,1440879631993,"1,608",100% bearish,of 1 rating,N/A
CBNJ,$11.09,1440879632021,"17,605",100% bullish,of 1 rating,N/A
CBF,$29.0025,1440879632053,"163,441",Not yet rated,NULL,$32
CCBG,$14.99,1440879632078,"18,070",Not yet rated,NULL,$17.25
CPLP,$6.85,1440879632280,"246,034",71% bullish,of 7 ratings,$11
CSWC,$45.86,1440879632334,"14,727",Not yet rated,NULL,N/A
CFFN,$12.03,1440879632377,"444,730",Not yet rated,NULL,$12.75
CAPNW,NULL,1440879632405,0,Not yet rated,NULL,N/A
CAPN,$2.27,1440879632463,"216,917",100% bullish,of 1 rating,$10.85
CPTA,$13.69,1440879632491,"45,514",100% bearish,of 1 rating,$18.50
CPST,$0.4182,1440879632512,"1,396,611",95% bullish,of 22 ratings,$1.25
CAPR,$4.28,1440879632543,"3,636",Not yet rated,NULL,$12
CARA,$19.25,1440879632689,"104,767",50% bullish,of 4 ratings,$25
CARB,$11.28,1440879632721,"80,399",75% bullish,of 4 ratings,$12
CRDC,$0.37,1440879632826,"98,459",100% bullish,of 1 rating,$1.25
CBYL,$5.38,1440879632878,"28,815",100% bearish,of 1 rating,$20
CFNL,$21.88,1440879632958,"97,527",Not yet rated,NULL,$24
CSII,$24.24,1440879632983,"97,779",100% bearish,of 2 ratings,$42.125
CRME,$8.86,1440879633010,"6,283",89% bullish,of 9 ratings,$11.25
CECO,$3.78,1440879633137,"325,880",67% bearish,of 3 ratings,$6
CDNA,$6.86,1440879633165,"9,849",100% bearish,of 1 rating,$9
CATM,$34.65,1440879633224,"145,056",100% bearish,of 1 rating,$44
CTRE,$11.32,1440879633355,"366,158",50% bullish,of 2 ratings,$13.50
CKEC,$23.45,1440879633490,"112,092",50% bullish,of 2 ratings,$35.915
CLBH,$12.7,1440879633546,"1,504",Not yet rated,NULL,$16.50
CRZO,$35.27,1440879633575,"1,680,807",67% bearish,of 3 ratings,$55
CARO,$15.52,1440879633675,686,100% bearish,of 1 rating,$19
CART,$5.35,1440879633700,"1,687",100% bearish,of 1 rating,N/A
TAST,$12.68,1440879633836,"294,920",Not yet rated,NULL,$14.25
CRTN,$2.49,1440879633871,"4,420",100% bearish,of 1 rating,N/A
CASM,$1.13,1440879633922,"169,953",100% bullish,of 1 rating,$3.50
CACB,$5.28,1440879633965,"28,460",Not yet rated,NULL,$5.50
CARV,$7,1440879633997,"3,573",50% bullish,of 2 ratings,N/A
CSCD,$14.97,1440879634051,"29,328",100% bullish,of 2 ratings,$17
CWST,$6.25,1440879634098,"94,168",50% bullish,of 2 ratings,$7.25
CASI,$1.45,1440879634216,"16,210",100% bullish,of 1 rating,$3.50
CASY,$106.08,1440879634244,"164,558",50% bullish,of 2 ratings,$99.50
CASS,$48.74,1440879634274,"12,195",100% bearish,of 1 rating,N/A
CATB,$12.3,1440879634378,"12,584",100% bearish,of 1 rating,$28
CPRX,$3.64,1440879634407,"252,829",71% bullish,of 7 ratings,$7
CATY,$29.47,1440879634433,"526,220",100% bearish,of 1 rating,$33.50
CATYW,NULL,1440879634508,0,100% bearish,of 1 rating,N/A
CVCO,$71.58,1440879634567,"22,860",100% bearish,of 1 rating,N/A
CAVM,$68.35,1440879634639,"259,220",67% bearish,of 3 ratings,$72
CNLMR,NULL,1440879634771,0,Not yet rated,NULL,N/A
CNLM,$9.92,1440879634802,"5,100",Not yet rated,NULL,N/A
CBFV,$20.23,1440879634840,"1,904",Not yet rated,NULL,$25
CNLMU,NULL,1440879634871,0,100% bullish,of 1 rating,N/A
CBOE,$63.82,1440879634899,"270,550",Not yet rated,NULL,$60
CNLMW,NULL,1440879634923,0,Not yet rated,NULL,N/A
CDK,$49.69,1440879634980,"401,908",67% bearish,of 3 ratings,$50
CDW,$39.95,1440879635234,"682,521",75% bullish,of 4 ratings,$44
CELG,$123.72,1440879635264,"3,113,278",92% bullish,of 13 ratings,$155.50
CECE,$9.72,1440879635291,"43,721",50% bullish,of 2 ratings,$16
CLDN,$1.11,1440879635320,"380,623",71% bullish,of 7 ratings,$3
CELGZ,$1.84,1440879635348,130,80% bullish,of 5 ratings,N/A
CPXX,$2.09,1440879635373,"73,775",100% bullish,of 2 ratings,$7
CLDX,$15.36,1440879635424,"795,869",89% bullish,of 9 ratings,$36
CLLS,$33.23,1440879635642,"43,557",75% bullish,of 4 ratings,$51.50
CLSN,$2.06,1440879635675,"73,145",80% bullish,of 10 ratings,$7.50
CBMG,$23.56,1440879635704,"38,037",50% bullish,of 2 ratings,N/A
CLRBW,NULL,1440879635725,0,Not yet rated,NULL,N/A
CLRB,$3.07,1440879635758,"3,191",100% bearish,of 1 rating,N/A
CLTX,$2.42,1440879635787,"133,553",100% bullish,of 2 ratings,N/A
CEMP,$35.8,1440879635853,"347,148",71% bullish,of 7 ratings,$52
CYAD,NULL,1440879635917,0,100% bullish,of 1 rating,$87.50
CETX,$2.36,1440879635990,"4,400",Not yet rated,NULL,$5.60
CSFL,$13.59,1440879636021,"87,153",Not yet rated,NULL,$15
CFBK,$1.37,1440879636122,"2,096",Not yet rated,NULL,N/A
CETV,$2.14,1440879636154,"134,612",67% bullish,of 3 ratings,$2.80
CENT,$12.18,1440879636184,"51,466",Not yet rated,NULL,$10
CENTA,$12.55,1440879636258,"406,884",Not yet rated,NULL,N/A
CVCY,$11.26,1440879636317,"19,319",Not yet rated,NULL,$12
CENX,$5.51,1440879636453,"2,154,129",67% bullish,of 6 ratings,$9
CNBKA,$41.6,1440879636478,"1,243",50% bullish,of 2 ratings,N/A
CNTY,$5.65,1440879636513,"30,032",80% bullish,of 5 ratings,$7.75
CPHD,$50.36,1440879636554,"387,374",67% bearish,of 3 ratings,$66.50
CERE,$1.14,1440879636612,"230,627",88% bullish,of 8 ratings,N/A
CRNT,$1.43,1440879636637,"82,256",50% bullish,of 2 ratings,$2
CERN,$63.13,1440879636662,"1,747,634",67% bullish,of 3 ratings,$79
CERU,$3.78,1440879637687,"42,073",75% bullish,of 4 ratings,$15
CERS,$4.85,1440879637740,"305,160",75% bullish,of 4 ratings,$7
CEVA,$19.13,1440879637868,"98,749",100% bearish,of 1 rating,$25
KOOL,$0.67,1440879637897,"40,840",100% bullish,of 5 ratings,$7
CYOU,$20.64,1440879637999,"99,352",50% bullish,of 6 ratings,$24
HOTRW,NULL,1440879638028,0,Not yet rated,NULL,N/A
HOTR,$1.42,1440879638055,"119,259",100% bullish,of 2 ratings,$5
CTHR,$1.3,1440879638089,"7,326",50% bullish,of 2 ratings,$2.50
CHTR,$180.1921,1440879638134,"506,492",100% bearish,of 2 ratings,$196
CHFN,$12.38,1440879638189,"17,917",Not yet rated,NULL,$14
CHKP,$78.7204,1440879638215,"690,963",50% bullish,of 4 ratings,$92
GTLS,$24.36,1440879638250,"352,866",50% bullish,of 4 ratings,$40
CHEKW,NULL,1440879638347,0,Not yet rated,NULL,N/A
CHEK,$2.1,1440879638376,"3,047",Not yet rated,NULL,$7.75
CHFC,$31.4,1440879638424,"83,177",100% bearish,of 1 rating,$36
CEMI,$4.25,1440879638553,"18,500",50% bullish,of 2 ratings,$7.50
CCXI,$6.5,1440879638684,"58,200",67% bullish,of 3 ratings,$14
CMRX,$50.48,1440879638756,"233,277",50% bullish,of 2 ratings,$57
CHMG,$26.15,1440879638781,520,Not yet rated,NULL,$30
CHEV,$14.42,1440879638806,"2,230",Not yet rated,NULL,N/A
PLCE,$59.63,1440879638832,"171,366",100% bearish,of 1 rating,$69
CHKE,$25.46,1440879638862,"11,637",100% bearish,of 1 rating,$32.50
CBNK,$16.25,1440879638965,"7,266",100% bearish,of 1 rating,N/A
CHMA,$25.42,1440879638993,"56,946",Not yet rated,NULL,$40
CAAS,$6.55,1440879639099,"22,438",93% bullish,of 14 ratings,$11.50
CBAK,$2.02,1440879639171,"47,677",67% bullish,of 9 ratings,N/A
CADC,NULL,1440879639200,0,78% bullish,of 9 ratings,N/A
CALI,$0.89,1440879639226,"13,298",67% bullish,of 3 ratings,N/A
CBPO,$99.9369,1440879639255,"135,210",75% bullish,of 8 ratings,$140.50
CCCL,$0.783,1440879639329,"8,319",100% bullish,of 6 ratings,N/A
CCCR,$0.79,1440879639426,"1,440",67% bearish,of 3 ratings,N/A
JRJC,$3.64,1440879639499,"75,212",82% bullish,of 11 ratings,N/A
CHLN,$1.99,1440879639634,"5,524",67% bullish,of 3 ratings,N/A
CHOP,$1.16,1440879639657,"3,443",50% bullish,of 2 ratings,N/A
HGSH,$1.81,1440879639684,"5,114",67% bullish,of 3 ratings,N/A
HTHT,$25.57,1440879639735,"81,705",50% bullish,of 2 ratings,$28.40
CNIT,$1.37,1440879639822,"110,498",67% bullish,of 6 ratings,N/A
CHNR,$1.57,1440879639855,"4,716",100% bearish,of 1 rating,N/A
CREG,$0.7,1440879639886,"37,457",100% bullish,of 3 ratings,N/A
CJJD,$1.87,1440879639954,"12,291",100% bullish,of 1 rating,N/A
CPGI,NULL,1440879639986,0,Not yet rated,NULL,N/A
CSUN,$1.48,1440879640088,"12,166",80% bullish,of 5 ratings,N/A
CNTF,$0.804,1440879640115,"91,538",Not yet rated,NULL,N/A
CNYD,$3.35,1440879640159,"14,299",67% bullish,of 3 ratings,N/A
CXDC,$5.72,1440879640185,"37,730",67% bearish,of 3 ratings,N/A
CNET,$0.898,1440879640318,"40,200",50% bullish,of 2 ratings,N/A
CCIH,$7.31,1440879640387,"195,215",67% bullish,of 6 ratings,$12.65
CHSCM,$26.12,1440879640464,"14,760",Not yet rated,NULL,N/A
IMOS,$18.56,1440879640496,"157,340",60% bullish,of 5 ratings,$21.50
CHSCL,$27.01,1440879640528,"14,960",Not yet rated,NULL,N/A
CHSCO,$28.31,1440879640592,"2,888",Not yet rated,NULL,N/A
CHSCN,$27.27,1440879640617,"2,175",Not yet rated,NULL,N/A
CHSCP,$30.51,1440879640650,"4,500",Not yet rated,NULL,N/A
CHDN,$133.5,1440879640753,"100,896",Not yet rated,NULL,$165
CHUY,$31.57,1440879640791,"143,174",50% bullish,of 2 ratings,$34
CIFC,$7.04,1440879640883,"4,824",100% bearish,of 1 rating,N/A
CDTX,$14.67,1440879640909,"15,045",Not yet rated,NULL,$22
CMCT,$15.3899,1440879640972,200,100% bearish,of 1 rating,N/A
CMPR,$73.46,1440879641044,"272,387",50% bullish,of 2 ratings,$72.50
CINF,$52.79,1440879641108,"561,411",50% bullish,of 4 ratings,$50.50
CIDM,$0.5736,1440879641167,"95,380",50% bullish,of 2 ratings,$2.10
CPHR,$5.33,1440879641239,"49,892",100% bearish,of 1 rating,$17
CTAS,$85.3785,1440879641271,"330,304",100% bearish,of 1 rating,$91
CSCO,$26.02,1440879641296,"21,265,874",84% bullish,of 209 ratings,$32
CRUS,$30.21,1440879641324,"732,197",75% bullish,of 12 ratings,$44.50
CTRN,$26.73,1440879641371,"81,046",100% bearish,of 1 rating,$31.50
CZWI,$8.97,1440879641507,974,Not yet rated,NULL,N/A
CIZN,$19.33,1440879641595,"2,439",Not yet rated,NULL,N/A
CZFC,NULL,1440879641626,0,Not yet rated,NULL,N/A
CZNC,$19.84,1440879641693,"9,181",Not yet rated,NULL,N/A
CHCO,$47.25,1440879641720,"42,647",Not yet rated,NULL,$46
CTXS,$68.69,1440879641791,"1,229,256",86% bullish,of 7 ratings,$80
CIVB,$10.07,1440879641928,"6,435",Not yet rated,NULL,$11
CDTI,$1.61,1440879641988,"54,168",75% bullish,of 4 ratings,$3.20
CLNE,$5.18,1440879642019,"972,530",80% bullish,of 15 ratings,$9
CIVBP,$33.21,1440879642051,353,Not yet rated,NULL,N/A
CLNT,$1.5,1440879642077,"17,654",75% bullish,of 8 ratings,N/A
CLFD,$17.21,1440879642121,"38,655",67% bullish,of 3 ratings,$18
CLIR,$4.67,1440879642153,"79,948",100% bullish,of 3 ratings,N/A
CLRO,$11.51,1440879642221,"4,079",50% bullish,of 2 ratings,$14.25
CBLI,$3.8,1440879642325,"30,681",60% bullish,of 5 ratings,N/A
CSBK,$13.62,1440879642390,"66,040",Not yet rated,NULL,N/A
CLVS,$80.54,1440879642415,"406,345",60% bullish,of 5 ratings,$101.50
CMFN,$11.17,1440879642460,"26,820",100% bearish,of 1 rating,$15.50
CME,$94.62,1440879642595,"1,009,749",67% bullish,of 3 ratings,$102
CISG,$7.81,1440879642655,"67,936",100% bullish,of 5 ratings,$10
CCNE,$16.98,1440879642682,"9,188",50% bullish,of 2 ratings,$21.50
CNV,$4.43,1440879642722,"28,444",50% bullish,of 2 ratings,$7.15
COBZ,$12.84,1440879642751,"40,728",100% bullish,of 1 rating,$14
CDRB,$13.97,1440879642812,"24,525",67% bullish,of 3 ratings,N/A
CWAY,$11.11,1440879642839,"4,726",Not yet rated,NULL,N/A
COKE,$157.56,1440879642867,"23,920",79% bullish,of 19 ratings,N/A
CDXS,$3.8,1440879643056,"19,698",64% bullish,of 11 ratings,$6
CVLY,$20.32,1440879643087,722,Not yet rated,NULL,N/A
JVA,$4.63,1440879643113,"11,572",83% bullish,of 6 ratings,$7
CGNT,$1.53,1440879643158,"56,889",100% bullish,of 2 ratings,$2
CCOI,$27.46,1440879643190,"445,468",50% bullish,of 4 ratings,$35
CGNX,$35.49,1440879643291,"359,217",50% bullish,of 2 ratings,$47
CTSH,$63.72,1440879643417,"2,758,536",90% bullish,of 10 ratings,$75
CHRS,$28.98,1440879643477,"79,672",67% bearish,of 3 ratings,$37
CLRX,$0.54,1440879643506,"44,213",50% bullish,of 2 ratings,N/A
COHR,$57.83,1440879643537,"78,704",50% bullish,of 2 ratings,$72
COHU,$9.65,1440879643576,"127,716",100% bearish,of 1 rating,$14.25
CLCT,$18.27,1440879643636,"26,386",100% bearish,of 1 rating,N/A
COLL,$15.34,1440879643664,"40,817",100% bearish,of 1 rating,$26
CIGI,$43.29,1440879643767,"40,937",100% bearish,of 1 rating,$52
CBAN,$8.75,1440879643798,"1,516",Not yet rated,NULL,N/A
CLCD,$6.63,1440879643863,"68,876",100% bearish,of 1 rating,$20.50
COLM,$60.64,1440879643967,"88,479",100% bearish,of 1 rating,$71
CBMX,$1.1,1440879644068,"19,525",83% bullish,of 6 ratings,$3.15
COLB,$30.05,1440879644096,"150,126",Not yet rated,NULL,$36
CMCO,$18.73,1440879644131,"73,520",60% bullish,of 5 ratings,$28
CMCSK,$57.62,1440879644161,"1,941,868",Not yet rated,NULL,$84
CMCSA,$56.77,1440879644228,"7,743,132",66% bullish,of 35 ratings,$69.50
CBSH,$44.5989,1440879644255,"229,533",50% bullish,of 2 ratings,$46
CBSHP,$25.42,1440879644283,"26,034",100% bearish,of 1 rating,N/A
CUBN,NULL,1440879644482,0,Not yet rated,NULL,N/A
COMM,$31.9,1440879644510,"725,355",67% bearish,of 3 ratings,$35
CVGI,$4.96,1440879644537,"43,835",50% bullish,of 2 ratings,$6
CSAL,$20.6041,1440879644587,"433,349",75% bullish,of 4 ratings,$30
JCS,$8.61,1440879644670,"7,525",67% bullish,of 3 ratings,N/A
CYHHZ,$0.01,1440879644716,"76,000",100% bullish,of 1 rating,N/A
ESXB,$5.06,1440879644740,"3,468",Not yet rated,NULL,N/A
CTBI,$34.87,1440879644801,"53,139",Not yet rated,NULL,$36
CWBC,$6.7,1440879644903,"1,519",Not yet rated,NULL,N/A
COB,$10.44,1440879644931,"13,253",100% bullish,of 1 rating,$11.75
CVLT,$35.7,1440879644961,"499,857",75% bullish,of 4 ratings,$44.50
CIZ,$33.45,1440879645098,"1,507",100% bearish,of 1 rating,N/A
CSA,NULL,1440879645128,0,Not yet rated,NULL,N/A
CID,NULL,1440879645152,0,Not yet rated,NULL,N/A
CIL,NULL,1440879645208,0,Not yet rated,NULL,N/A
CDC,$34.78,1440879645233,"3,743",Not yet rated,NULL,N/A
CSF,$36.75,1440879645367,"4,489",100% bearish,of 1 rating,N/A
CFO,$35.63,1440879645433,"150,250",100% bearish,of 1 rating,N/A
CFA,$35.7,1440879645499,900,100% bearish,of 1 rating,N/A
CDL,NULL,1440879645564,0,Not yet rated,NULL,N/A
CSB,$32.92,1440879645590,200,Not yet rated,NULL,N/A
CPSI,$45.63,1440879645613,"70,148",100% bearish,of 1 rating,$45.50
SCOR,$53.74,1440879645763,"303,382",100% bearish,of 1 rating,$66
CTG,$6.51,1440879645793,"63,423",100% bearish,of 1 rating,$8.50
CGEN,$5.2,1440879645816,"49,804",50% bullish,of 2 ratings,$11
CMTL,$25.29,1440879645955,"132,707",100% bearish,of 2 ratings,$37
CHCI,$0.65,1440879645976,"20,669",50% bullish,of 2 ratings,N/A
CNSI,$18.77,1440879646022,"63,344",100% bearish,of 2 ratings,$29
CNAT,$4.05,1440879646049,"58,100",83% bullish,of 6 ratings,$13
CNCE,$15.95,1440879646109,"103,480",75% bullish,of 4 ratings,$22
CXRX,$75.05,1440879646138,"5,908",100% bearish,of 1 rating,$90
CDOR,$1.35,1440879646247,"4,361",100% bullish,of 1 rating,N/A
CDORO,$18.95,1440879646271,"1,200",100% bearish,of 1 rating,N/A
CCUR,$5.46,1440879646339,"80,309",75% bullish,of 4 ratings,N/A
CNMD,$53.23,1440879646472,"80,020",Not yet rated,NULL,$59
CNOB,$19.01,1440879646604,"42,656",100% bullish,of 1 rating,$23.50
CDORP,$7,1440879646635,400,100% bearish,of 1 rating,N/A
CTWS,$34.5,1440879646662,"20,376",100% bearish,of 1 rating,$44
CFMS,$19.77,1440879646689,"86,468",Not yet rated,NULL,$27
CNXR,$6.93,1440879646712,"72,869",100% bearish,of 1 rating,$12
CNFR,$10.18,1440879646747,"11,241",Not yet rated,NULL,N/A
CONN,$29.44,1440879646852,"528,417",67% bullish,of 3 ratings,$48.50
CNSL,$19.76,1440879646878,"196,877",100% bearish,of 1 rating,$23
CPSS,$5.6,1440879647030,"22,982",100% bullish,of 1 rating,$10
CTCT,$25.04,1440879647086,"195,271",67% bullish,of 3 ratings,$37
CWCO,$10.94,1440879647116,"91,573",67% bullish,of 3 ratings,$14.50
CFRX,$5.08,1440879647168,"7,722",Not yet rated,NULL,$14
CFRXW,$1.95,1440879647214,"2,650",100% bearish,of 1 rating,N/A
CTRV,$3.68,1440879647274,"4,034",Not yet rated,NULL,$6.40
CFRXZ,$0.599,1440879647348,600,Not yet rated,NULL,N/A
CPRT,$34.99,1440879647432,"286,933",67% bearish,of 3 ratings,$40
CTRL,$8.97,1440879647480,"133,195",50% bullish,of 2 ratings,$11
CRBP,$1.92,1440879647507,"146,083",100% bullish,of 2 ratings,$6.25
CORT,$5.18,1440879647533,"216,538",67% bullish,of 3 ratings,$12
BVA,$3.75,1440879647570,627,50% bullish,of 2 ratings,N/A
CORE,$59.67,1440879647669,"118,215",100% bearish,of 1 rating,$72
CORI,$10.45,1440879647876,"37,147",100% bearish,of 1 rating,$18
CSOD,$36.17,1440879648151,"273,201",50% bullish,of 2 ratings,$42
CRVL,$30.91,1440879648202,"28,940",100% bearish,of 1 rating,N/A
COSI,$1.17,1440879648249,"158,610",100% bullish,of 1 rating,N/A
CSGP,$181.38,1440879648278,"68,173",50% bullish,of 2 ratings,$235
CPAH,$0.4301,1440879648352,"2,700",50% bullish,of 2 ratings,N/A
CVTI,$23.51,1440879648438,"93,135",67% bearish,of 3 ratings,$39
ICBK,$18.11,1440879648468,228,Not yet rated,NULL,$21
COST,$140.29,1440879648498,"1,445,606",79% bullish,of 24 ratings,$154.50
COVS,$2.7,1440879648571,"62,906",67% bullish,of 3 ratings,N/A
COWNL,$26.65,1440879648602,"2,100",Not yet rated,NULL,N/A
COWN,$5.23,1440879648634,"635,563",75% bullish,of 4 ratings,$7
CBRL,$145.82,1440879648662,"142,127",50% bullish,of 2 ratings,$155
CRAI,$22.05,1440879648698,"27,938",100% bearish,of 1 rating,$36
CPSH,$2.18,1440879648799,"1,167",Not yet rated,NULL,N/A
BREW,$7.97,1440879648833,"39,101",67% bullish,of 6 ratings,$15
CRAY,$20.41,1440879648905,"251,324",83% bullish,of 6 ratings,$38.50
CACC,$197.5495,1440879649137,"34,208",50% bullish,of 2 ratings,$158.50
CREE,$26.99,1440879649163,"801,140",65% bullish,of 17 ratings,$29.50
CRTO,$43.1,1440879649218,"295,607",67% bullish,of 6 ratings,$64
GLDI,$11.01,1440879649255,"3,640",100% bearish,of 1 rating,N/A
CRESY,$10.35,1440879649276,"27,734",100% bearish,of 1 rating,$19
SLVO,$10.04,1440879649297,"2,848",100% bearish,of 1 rating,N/A
CROX,$14.52,1440879649332,"662,990",63% bullish,of 8 ratings,$16.50
CCRN,$14.14,1440879649359,"142,037",100% bearish,of 1 rating,$14.25
CRWS,$8.07,1440879649491,"4,508",Not yet rated,NULL,$10
CRDS,$1,1440879649564,"42,738",75% bullish,of 4 ratings,$4.50
CRWN,$4.47,1440879649594,"38,249",75% bullish,of 4 ratings,N/A
CYRXW,$0.83,1440879649615,200,Not yet rated,NULL,N/A
CYRX,$2.885,1440879649644,"11,794",Not yet rated,NULL,$9
CSGS,$31.14,1440879649775,"222,878",Not yet rated,NULL,$40
CSPI,$5.71,1440879649915,516,67% bullish,of 3 ratings,N/A
CTCM,$1.83,1440879649947,"114,360",80% bearish,of 5 ratings,$3.90
CCLP,$15.38,1440879649972,"30,912",67% bearish,of 3 ratings,$20
CTIC,$1.6,1440879650003,"646,597",84% bullish,of 76 ratings,$5.75
CTRP,$71.1413,1440879650047,"1,216,212",75% bullish,of 8 ratings,$93
CTIB,$3.63,1440879650073,"3,890",100% bearish,of 1 rating,N/A
CUNB,$21.18,1440879650135,"14,251",Not yet rated,NULL,$24.50
CUI,$5.32,1440879650265,"29,604",50% bullish,of 2 ratings,$10
CRIS,$2.59,1440879650316,"166,862",100% bullish,of 8 ratings,$6
CMLS,$1.42,1440879650342,"374,324",50% bullish,of 4 ratings,$6
CUTR,$14.46,1440879650407,"32,831",67% bearish,of 3 ratings,$18
CVBF,$16,1440879650434,"493,743",Not yet rated,NULL,$18
CPIX,$6.04,1440879650598,"5,828",Not yet rated,NULL,N/A
CVV,$10.97,1440879650623,"7,294",100% bullish,of 5 ratings,N/A
CYAN,$7.6,1440879650650,"2,172",100% bearish,of 1 rating,N/A
CYBR,$52.4,1440879650671,"680,705",75% bullish,of 8 ratings,$66
CYBE,$6.76,1440879650864,"22,725",100% bearish,of 1 rating,N/A
CYCC,$0.55,1440879650912,"63,851",73% bullish,of 11 ratings,N/A
CBAY,$2.63,1440879651006,"56,866",100% bullish,of 1 rating,$4
CYBX,$67,1440879651044,"196,566",50% bullish,of 4 ratings,$71.50
CYNA,$16.17,1440879651065,"27,144",50% bullish,of 2 ratings,$31.50
CYNO,$31.41,1440879651086,"137,063",67% bearish,of 3 ratings,$45.50
CYCCP,NULL,1440879651107,0,100% bearish,of 1 rating,N/A
CY,$10.09,1440879651147,"2,674,911",80% bullish,of 10 ratings,$15.50
CYTX,$0.315,1440879651368,"2,360,173",83% bullish,of 12 ratings,$5.50
CONE,$32.3,1440879651402,"247,421",67% bearish,of 3 ratings,$35.50
CTSO,$6.89,1440879651429,"27,244",Not yet rated,NULL,$15.625
CYTK,$7,1440879651450,"180,145",71% bullish,of 14 ratings,$13.50
CYTR,$2.39,1440879651499,"318,266",67% bullish,of 6 ratings,$10
CYRN,$1.7,1440879651524,"29,421",67% bullish,of 3 ratings,$4
ZIV,$40.01,1440879651714,"153,112",Not yet rated,NULL,N/A
TVIZ,$19.51,1440879651742,"3,315",100% bearish,of 1 rating,N/A
DJCO,$191.42,1440879651776,502,Not yet rated,NULL,N/A
TVIX,$13.35,1440879651802,"14,107,659",81% bullish,of 16 ratings,N/A
DARA,$0.86,1440879651879,"24,822",83% bullish,of 6 ratings,$1.50
XIV,$27,1440879651930,"18,307,444",75% bearish,of 4 ratings,N/A
DAEG,$0.35,1440879651956,"11,063",100% bearish,of 1 rating,N/A
DAKT,$8.64,1440879652014,"421,544",50% bullish,of 2 ratings,$12
DAIO,$2.49,1440879652118,"4,973",Not yet rated,NULL,N/A
DTLK,$5.85,1440879652155,"72,201",100% bearish,of 1 rating,$9
DWCH,$5.26,1440879652256,"21,471",75% bullish,of 4 ratings,$8.25
DTEA,$13.15,1440879652339,"48,592",100% bearish,of 2 ratings,$24
PLAY,$34.43,1440879652410,"121,342",100% bullish,of 5 ratings,$42
DRAM,$1.28,1440879652440,"16,449",78% bullish,of 9 ratings,N/A
DBVT,$41.26,1440879652461,"32,497",100% bearish,of 1 rating,$53
DWSN,$4.54,1440879652495,"13,558",67% bullish,of 3 ratings,N/A
TRAK,$62.85,1440879652591,"645,671",50% bullish,of 2 ratings,$62.50
DHRM,$1.48,1440879652673,"7,227",Not yet rated,NULL,N/A
DFRG,$14.59,1440879652701,"99,897",100% bearish,of 1 rating,$20
TACOW,$4.05,1440879652745,"18,932",100% bullish,of 1 rating,N/A
TACO,$13.1236,1440879652773,"97,042",75% bullish,of 4 ratings,$20
DCTH,$0.4003,1440879652839,"122,121",78% bullish,of 9 ratings,N/A
DGAS,$20.12,1440879652943,"3,626",67% bearish,of 3 ratings,N/A
DELT,$2.52,1440879653004,"6,000",Not yet rated,NULL,N/A
DELTW,NULL,1440879653070,0,Not yet rated,NULL,N/A
DENN,$11.48,1440879653104,"411,859",100% bullish,of 3 ratings,$15
XRAY,$53.26,1440879653172,"455,198",100% bullish,of 1 rating,$58
DSCI,$5.93,1440879653238,"30,721",50% bullish,of 2 ratings,$16
DERM,$27.24,1440879653266,"101,807",100% bearish,of 1 rating,$33.50
DEST,$11.13,1440879653301,"20,183",50% bullish,of 2 ratings,N/A
DEPO,$28.38,1440879653327,"492,842",60% bullish,of 5 ratings,$29
DSWL,$1.71,1440879653460,"4,300",100% bullish,of 1 rating,N/A
DXLG,$5.62,1440879653504,"88,393",100% bearish,of 1 rating,$8
DXM,$0.26,1440879653561,"140,456",50% bullish,of 2 ratings,N/A
DHXM,$6.82,1440879653694,"1,035",Not yet rated,NULL,N/A
DXCM,$94.3009,1440879653727,"601,324",57% bullish,of 7 ratings,$98
DMND,$29.77,1440879653824,"137,181",75% bullish,of 12 ratings,$32
DHIL,$194.72,1440879653884,"3,494",Not yet rated,NULL,N/A
FANG,$66.56,1440879653909,"945,281",50% bullish,of 2 ratings,$86.50
DCIX,$1.74,1440879653970,"50,106",50% bullish,of 4 ratings,$3.50
DGII,$10.06,1440879654041,"88,413",100% bearish,of 1 rating,$10
DMRC,$37.81,1440879654070,"119,126",100% bearish,of 1 rating,$44
DRNA,$11.13,1440879654100,"76,464",67% bearish,of 3 ratings,$25
DRAD,$3.7,1440879654180,"14,268",100% bullish,of 1 rating,$5.25
DGLY,$8.6,1440879654284,"110,448",50% bullish,of 6 ratings,$20
DCOM,$17.01,1440879654309,"121,317",100% bearish,of 2 ratings,$16.50
APPS,$2.43,1440879654340,"110,613",100% bearish,of 1 rating,$10.25
DIOD,$19.93,1440879654390,"100,117",75% bearish,of 4 ratings,$24
DPRX,$13.52,1440879654445,"8,669",100% bullish,of 2 ratings,$27.75
DISCA,$27.1127,1440879654535,"1,476,936",67% bullish,of 3 ratings,$34
DISCK,$25.71,1440879654665,"1,450,570",100% bearish,of 1 rating,$32
DISH,$59.62,1440879654740,"664,919",69% bullish,of 13 ratings,$73
DISCB,NULL,1440879654768,0,100% bearish,of 1 rating,$35
BAGR,$2.77,1440879654797,"10,502",100% bearish,of 1 rating,$6
DVCR,$10.8,1440879654825,"5,362",100% bullish,of 1 rating,N/A
DSCO,$0.42,1440879654846,"233,070",83% bullish,of 6 ratings,$2.75
DLHC,$2.45,1440879654900,"2,228",100% bearish,of 1 rating,N/A
DNBF,$25.76,1440879655036,408,Not yet rated,NULL,$27.50
DLTR,$76.7377,1440879655111,"1,695,005",82% bullish,of 11 ratings,$88
DGICA,$14.27,1440879655139,"10,088",100% bearish,of 1 rating,$17
DMLP,$14.39,1440879655168,"9,844",100% bearish,of 1 rating,N/A
DORM,$50.42,1440879655273,"213,968",100% bearish,of 1 rating,$56
DGICB,NULL,1440879655309,0,100% bearish,of 1 rating,N/A
DRWIW,$0.04,1440879655444,318,Not yet rated,NULL,N/A
DRWI,$0.21,1440879655472,"608,108",60% bullish,of 5 ratings,$.45
HILL,$9.665,1440879655504,"1,225,949",60% bearish,of 5 ratings,$9.75
DRYS,$0.44,1440879655529,"3,465,209",77% bullish,of 31 ratings,$.60
DWA,$20.29,1440879655566,"780,239",63% bullish,of 8 ratings,$26
CADTR,NULL,1440879655665,0,Not yet rated,NULL,N/A
DSPG,$8.55,1440879655690,"86,341",100% bearish,of 1 rating,$13.50
CADT,NULL,1440879655727,0,Not yet rated,NULL,N/A
DSKX,$3.25,1440879655856,"269,494",100% bullish,of 1 rating,N/A
CADTU,NULL,1440879655883,0,Not yet rated,NULL,N/A
CADTW,NULL,1440879655912,0,Not yet rated,NULL,N/A
DTSI,$27.07,1440879656015,"64,293",100% bearish,of 2 ratings,$39.50
DRRX,$2.1,1440879656083,"174,261",50% bullish,of 6 ratings,$3
DNKN,$51.69,1440879656116,"615,001",67% bullish,of 15 ratings,$56.50
DXPE,$28.01,1440879656145,"198,401",50% bullish,of 2 ratings,N/A
DYAX,$23.69,1440879656216,"450,638",89% bullish,of 9 ratings,$30
BOOM,$10.64,1440879656275,"121,109",67% bullish,of 3 ratings,$12
DYSL,$1.44,1440879656304,"9,241",100% bullish,of 2 ratings,N/A
DYNT,$3,1440879656346,"2,521",75% bullish,of 4 ratings,N/A
DVAX,$29.76,1440879656407,"286,822",70% bullish,of 10 ratings,$40
ETFC,$26.53,1440879656477,"1,656,489",57% bullish,of 14 ratings,$32.50
EBMT,$11.54,1440879656551,"1,076",Not yet rated,NULL,$13.50
EGBN,$41.91,1440879656582,"45,548",Not yet rated,NULL,$48
EGLE,$6.51,1440879656607,"44,799",60% bullish,of 5 ratings,N/A
EROC,$1.54,1440879656683,"321,569",50% bullish,of 2 ratings,$3
EGRX,$83.67,1440879656815,"183,576",67% bullish,of 3 ratings,$97
ELNK,$8.45,1440879656848,"507,260",60% bullish,of 5 ratings,$9.50
EACQU,NULL,1440879656899,0,Not yet rated,NULL,N/A
EWBC,$40.36,1440879656925,"524,091",100% bearish,of 1 rating,$50
EVBS,$6.6,1440879656954,"16,168",Not yet rated,NULL,$7
EML,$16.47,1440879656975,"7,046",Not yet rated,NULL,N/A
EBAY,$27.25,1440879657103,"6,618,106",81% bullish,of 117 ratings,$34
ELON,$0.5649,1440879657239,"28,406",50% bullish,of 2 ratings,N/A
ECHO,$23.01,1440879657270,"541,539",67% bearish,of 3 ratings,$35.50
EBIX,$28.21,1440879657300,"195,546",69% bullish,of 13 ratings,$40
ECTE,$1.46,1440879657339,"3,701",75% bullish,of 4 ratings,N/A
SATS,$44.59,1440879657369,"56,536",50% bullish,of 2 ratings,$60
EEI,$11.15,1440879657397,"3,106",67% bearish,of 3 ratings,N/A
ECACU,$10.1,1440879657532,"3,602",Not yet rated,NULL,N/A
EDAP,$3.6,1440879657641,"25,350",60% bullish,of 5 ratings,$4.50
ESES,$3.22,1440879657667,"2,164",100% bearish,of 1 rating,$7
EFUT,$4.63,1440879657709,700,Not yet rated,NULL,N/A
EDGW,$7.01,1440879657797,"10,591",100% bearish,of 1 rating,N/A
EGAN,$3.64,1440879657824,"7,806",50% bullish,of 2 ratings,$6.25
EDUC,$5.55,1440879657849,"21,651",100% bearish,of 1 rating,N/A
EHTH,$14.1,1440879657878,"168,301",50% bullish,of 4 ratings,$16.50
EGLT,$10.66,1440879657905,"20,932",50% bullish,of 2 ratings,$21
LOCO,$13.72,1440879658035,"1,206,901",77% bullish,of 13 ratings,$20
ESLT,$76.65,1440879658122,"2,915",67% bullish,of 3 ratings,N/A
ERI,$9.7,1440879658220,"144,246",100% bearish,of 1 rating,$10
EMITF,$1.18,1440879658267,"3,474",75% bullish,of 4 ratings,N/A
ELRC,$10.71,1440879658300,"16,406",100% bearish,of 1 rating,N/A
EA,$67.91,1440879658482,"2,056,941",77% bullish,of 35 ratings,$80
ESIO,$4.43,1440879658626,"140,353",50% bullish,of 2 ratings,$10
EFII,$44.09,1440879658659,"127,147",80% bullish,of 5 ratings,$55
ELEC,NULL,1440879658793,0,Not yet rated,NULL,N/A
ELECU,NULL,1440879658835,0,Not yet rated,NULL,N/A
ELSE,$3.9999,1440879658865,500,60% bullish,of 5 ratings,N/A
ELECW,NULL,1440879658920,0,Not yet rated,NULL,N/A
ESBK,$19.66,1440879658961,423,Not yet rated,NULL,N/A
CAPX,$22.93,1440879658991,"13,900",Not yet rated,NULL,N/A
EBIO,$3.55,1440879659016,"154,084",100% bearish,of 2 ratings,$8.35
RDEN,$10.95,1440879659051,"74,308",100% bearish,of 4 ratings,$15
LONG,$17.04,1440879659195,"9,996",67% bullish,of 3 ratings,$15.75
EMCI,$23.2,1440879659228,"15,362",Not yet rated,NULL,N/A
ELTK,$1.34,1440879659249,"144,213",67% bearish,of 3 ratings,N/A
EMCF,$23.06,1440879659278,100,100% bearish,of 1 rating,N/A
EMKR,$7.06,1440879659323,"65,081",75% bullish,of 4 ratings,$8.50
EMMS,$1.12,1440879659504,"136,017",83% bullish,of 6 ratings,N/A
EMMSP,$3,1440879659574,200,100% bearish,of 1 rating,N/A
NYNY,$4.37,1440879659633,"30,167",50% bullish,of 2 ratings,N/A
ECPG,$40.13,1440879659731,"153,412",100% bullish,of 2 ratings,$52
ENTA,$41.18,1440879659763,"122,390",50% bullish,of 2 ratings,$42
ERS,$2.83,1440879659788,"6,582",Not yet rated,NULL,N/A
WIRE,$31.67,1440879659862,"90,127",100% bearish,of 1 rating,$37
ELGX,$13.04,1440879659920,"310,868",75% bullish,of 4 ratings,$17
ECYT,$5.28,1440879659945,"159,581",83% bullish,of 6 ratings,$12
EIGI,$15.55,1440879660020,"197,582",67% bearish,of 3 ratings,$22.50
WATT,$6.99,1440879660181,"124,032",50% bullish,of 2 ratings,$13
EFOI,$22,1440879660235,"907,367",50% bullish,of 2 ratings,$20.50
ENDP,$78.7,1440879660309,"843,248",50% bullish,of 6 ratings,$104
ERII,$2.69,1440879660334,"49,581",80% bullish,of 5 ratings,$2.50
EXXI,$1.83,1440879660366,"2,134,615",86% bullish,of 7 ratings,$3.50
ENG,$1,1440879660407,"10,728",100% bullish,of 3 ratings,N/A
ENOC,$9.35,1440879660432,"300,726",75% bullish,of 4 ratings,$18
ENPH,$4.58,1440879660572,"408,795",75% bullish,of 4 ratings,$11
ESGR,$146.02,1440879660598,"29,141",100% bearish,of 1 rating,$185
ENFC,$17.63,1440879660628,"14,896",Not yet rated,NULL,N/A
ENTL,$22.19,1440879660731,"11,224",Not yet rated,NULL,$28
ENTG,$13.7,1440879660790,"498,237",100% bearish,of 1 rating,$18
ETRM,$0.27,1440879660815,"540,107",69% bearish,of 35 ratings,$1.625
EBTC,$21.14,1440879660841,"4,216",Not yet rated,NULL,N/A
EGT,$2.14,1440879660977,"13,092",100% bullish,of 1 rating,N/A
EFSC,$23.84,1440879661003,"31,437",Not yet rated,NULL,$27
ENVI,$1.85,1440879661142,"22,541",67% bullish,of 3 ratings,N/A
ENZN,$1.05,1440879661163,"191,259",100% bullish,of 9 ratings,N/A
ENZY,$9.69,1440879661194,"20,091",67% bullish,of 3 ratings,$9.50
EPIQ,$12.94,1440879661246,"95,473",100% bearish,of 1 rating,$18
EPRS,$5.3,1440879661274,"65,326",82% bullish,of 11 ratings,$15
EPZM,$20.1,1440879661323,"274,818",60% bullish,of 5 ratings,$34
PLUS,$76.75,1440879661405,"44,219",50% bullish,of 2 ratings,$88
EAC,$3.37,1440879661651,"4,106",100% bearish,of 1 rating,$8
EQIX,$268.78,1440879661689,"317,195",75% bullish,of 4 ratings,$312.50
ERIE,$82.6965,1440879661891,"23,830",Not yet rated,NULL,$73
ERIC,$9.95,1440879661920,"1,517,001",67% bullish,of 9 ratings,$12.20
ESCA,$18,1440879662017,"15,345",100% bearish,of 1 rating,$22
EQFN,NULL,1440879662118,0,100% bearish,of 1 rating,N/A
ESCR,$0.12,1440879662147,"313,269",50% bullish,of 2 ratings,N/A
ESCRP,$1.15,1440879662185,"3,261",100% bearish,of 1 rating,N/A
ESMC,$1.31,1440879662220,"1,148",Not yet rated,NULL,N/A
ESSA,$12.81,1440879662352,"2,219",100% bearish,of 1 rating,N/A
ESPR,$52.27,1440879662390,"597,174",70% bearish,of 10 ratings,$123
ETSY,$14.82,1440879662482,"411,302",80% bullish,of 5 ratings,$16
ESSX,$0.4461,1440879662514,"121,833",50% bullish,of 2 ratings,N/A
EPIX,NULL,1440879662534,0,Not yet rated,NULL,N/A
CLWT,NULL,1440879662564,0,100% bullish,of 1 rating,N/A
ESND,$34.46,1440879662585,"110,118",100% bearish,of 2 ratings,$40
EEFT,$65.62,1440879662720,"156,788",100% bearish,of 1 rating,$67.50
EVEP,$8.27,1440879662849,"378,682",50% bullish,of 2 ratings,$15
EVLV,$2.68,1440879662911,"224,794",60% bullish,of 5 ratings,$5.125
EVOK,$3.75,1440879662948,"45,220",100% bearish,of 1 rating,$13.375
EVK,$3.75,1440879662976,267,75% bearish,of 4 ratings,N/A
ESEA,$5.37,1440879663001,"3,809",100% bullish,of 1 rating,$15
EXA,$11.19,1440879663259,"12,872",100% bearish,of 1 rating,$13
EVOL,$5.98,1440879663289,"4,531",75% bullish,of 4 ratings,$10
EXFO,$2.74,1440879663326,"3,109",67% bearish,of 3 ratings,$3.95
EXEL,$6.06,1440879663348,"3,042,838",81% bullish,of 16 ratings,$6
EXAS,$22.34,1440879663379,"466,825",78% bullish,of 9 ratings,$31
EXLS,$36.47,1440879663408,"100,676",50% bullish,of 2 ratings,$41
EXAC,$18.64,1440879663435,"19,525",100% bearish,of 1 rating,$22.50
EXPO,$42.71,1440879663624,"77,752",100% bearish,of 1 rating,$45.50
EXPD,$49.66,1440879663650,"1,275,347",80% bullish,of 5 ratings,$52
EXPE,$116.5217,1440879663678,"591,733",64% bullish,of 11 ratings,$130
EXLP,$20.8232,1440879663786,"166,876",100% bearish,of 1 rating,$25
ESRX,$84.46,1440879663838,"2,106,762",67% bearish,of 6 ratings,$101
EYEG,$3.63,1440879663967,"8,530",Not yet rated,NULL,N/A
EXTR,$2.85,1440879663994,"441,776",80% bullish,of 5 ratings,$3
EYEGW,NULL,1440879664017,0,Not yet rated,NULL,N/A
EZCH,$22.5819,1440879664051,"100,750",75% bullish,of 8 ratings,$19.50
FFIV,$122.97,1440879664081,"535,549",63% bullish,of 8 ratings,$132
EZPW,$5.83,1440879664102,"233,828",50% bullish,of 4 ratings,$7.50
FB,$90.997,1440879664153,"21,405,623",73% bullish,of 1070 ratings,$111
FCS,$13.71,1440879664235,"593,435",67% bearish,of 3 ratings,$17
FRP,$16.22,1440879664315,"95,097",100% bearish,of 1 rating,$18
FWM,$2.25,1440879664367,"117,046",100% bearish,of 2 ratings,$3.20
FALC,$1.76,1440879664460,"108,050",63% bearish,of 8 ratings,N/A
DAVE,$15.36,1440879664618,"17,244",100% bearish,of 1 rating,$15.50
FMNB,$8.27,1440879664650,"9,733",Not yet rated,NULL,N/A
FFKT,$25.89,1440879664671,"7,909",Not yet rated,NULL,$29
FARM,$22.94,1440879664707,"20,353",100% bearish,of 1 rating,$35
FARO,$38.01,1440879664731,"102,628",50% bullish,of 2 ratings,$48
FAST,$38.69,1440879664760,"1,512,410",80% bullish,of 5 ratings,$45.50
FATE,$7.21,1440879664817,"24,853",50% bullish,of 2 ratings,$11
FBRC,$22.28,1440879664966,"11,421",100% bearish,of 1 rating,$29
FDML,$8.72,1440879665036,"236,899",50% bullish,of 4 ratings,$14
FNHC,$21.79,1440879665096,"82,959",100% bearish,of 1 rating,$35
FEIC,$75.72,1440879665147,"219,243",50% bullish,of 2 ratings,$95.50
FBSS,$15.29,1440879665173,200,Not yet rated,NULL,N/A
FHCO,$1.37,1440879665251,"24,116",50% bullish,of 4 ratings,N/A
FENX,$9.97,1440879665334,"142,317",100% bullish,of 1 rating,$14.25
FCSC,$5.74,1440879665395,"84,641",100% bearish,of 1 rating,$8.125
ONEQ,$189.9,1440879665531,"11,934",100% bullish,of 1 rating,N/A
LION,$19.23,1440879665560,"74,002",100% bullish,of 1 rating,$20
FGEN,$25,1440879665581,"155,438",100% bearish,of 1 rating,$39
FRGI,$52.21,1440879665615,"105,363",50% bullish,of 2 ratings,$70
FDUS,$14.64,1440879665636,"23,047",50% bullish,of 2 ratings,$18
FSAM,$8.19,1440879665719,"11,024",100% bearish,of 1 rating,$10.25
FSC,$6.45,1440879665806,"607,315",60% bullish,of 5 ratings,$8
FSFR,$8.89,1440879665852,"67,547",100% bearish,of 1 rating,$11.50
FSCFL,$24.65,1440879665884,"6,848",Not yet rated,NULL,N/A
FITB,$19.97,1440879665935,"3,708,357",54% bullish,of 13 ratings,$22
FNGN,$33.23,1440879665983,"176,570",67% bullish,of 3 ratings,$47
FITBI,$27.525,1440879666010,"34,706",Not yet rated,NULL,N/A
FNTC,NULL,1440879666207,0,Not yet rated,NULL,N/A
FNTCU,NULL,1440879666235,0,Not yet rated,NULL,N/A
FNJN,$1.9,1440879666257,"33,173",100% bearish,of 1 rating,$5
FNSR,$15.77,1440879666292,"515,888",71% bullish,of 7 ratings,$24.50
FISI,$24.52,1440879666313,"15,149",100% bullish,of 2 ratings,$24.50
FEYE,$39.23,1440879666402,"2,069,894",87% bullish,of 15 ratings,$55.50
FNTCW,NULL,1440879666485,0,Not yet rated,NULL,N/A
FNLC,$18.73,1440879666528,"10,936",100% bullish,of 1 rating,N/A
FRBA,$6.08,1440879666621,"1,488",Not yet rated,NULL,$8
FBNC,$16.95,1440879666646,"17,226",100% bullish,of 1 rating,$20
FBIZ,$44.1,1440879666672,"28,261",100% bearish,of 2 ratings,$52
BUSE,$6.36,1440879666693,"86,619",Not yet rated,NULL,$6.875
FCVA,$4.61,1440879666824,351,Not yet rated,NULL,N/A
FCAP,$26.77,1440879666858,402,Not yet rated,NULL,N/A
FCFS,$39.83,1440879667004,"154,214",100% bearish,of 3 ratings,$48
FCNCA,$238.6,1440879667035,"15,051",Not yet rated,NULL,N/A
FCCO,$12,1440879667055,"2,065",Not yet rated,NULL,$13.25
FCBC,$17.49,1440879667089,"17,432",Not yet rated,NULL,$18
FCLF,$9.05,1440879667110,"1,666",Not yet rated,NULL,N/A
FCFP,$6.94,1440879667183,"3,000",Not yet rated,NULL,N/A
FBNK,$17.21,1440879667240,"22,827",100% bearish,of 1 rating,$17.50
FFBC,$18.28,1440879667409,"149,353",67% bearish,of 3 ratings,$20.25
FDEF,$37.44,1440879667433,"34,556",Not yet rated,NULL,$38
FFNM,$6.19,1440879667462,"1,344",Not yet rated,NULL,N/A
FFIN,$30.67,1440879667488,"141,387",50% bullish,of 2 ratings,$31.75
FFBCW,NULL,1440879667508,0,100% bearish,of 1 rating,N/A
THFF,$32.94,1440879667654,"24,402",Not yet rated,NULL,$35
FFNW,$12.06,1440879667681,"10,423",Not yet rated,NULL,$14
FIBK,$26.22,1440879667831,"81,866",Not yet rated,NULL,$32
FFWM,$21.37,1440879667861,"22,466",Not yet rated,NULL,$24
FMBI,$17.43,1440879667892,"263,235",Not yet rated,NULL,$20
FMBH,NULL,1440879667913,0,Not yet rated,NULL,N/A
FRME,$25.92,1440879667945,"130,285",Not yet rated,NULL,$26.50
INBK,$30.15,1440879667970,"10,430",50% bullish,of 2 ratings,$37
FNBC,$34.63,1440879668000,"63,076",Not yet rated,NULL,$40
FNFG,$9.1568,1440879668166,"1,157,000",80% bullish,of 5 ratings,$9
FSFG,$30.07,1440879668247,71,Not yet rated,NULL,N/A
FNWB,$11.85,1440879668310,"10,217",Not yet rated,NULL,N/A
FSGI,$2.47,1440879668349,"12,130",Not yet rated,NULL,N/A
FSLR,$47.8,1440879668375,"1,195,799",72% bullish,of 39 ratings,$65
FSBK,$7.82,1440879668436,"5,412",100% bullish,of 1 rating,N/A
FCAN,$24.6,1440879668503,"6,052",Not yet rated,NULL,N/A
FBZ,$10.144,1440879668529,600,Not yet rated,NULL,N/A
BICK,$19.69,1440879668554,"1,428",100% bullish,of 1 rating,N/A
FCA,$20.44,1440879668694,"2,300",Not yet rated,NULL,N/A
FV,$23.71,1440879668751,"1,935,175",100% bearish,of 1 rating,N/A
IFV,$17.88,1440879668782,"555,778",100% bearish,of 1 rating,N/A
FTCS,$36.63,1440879668825,"18,232",100% bearish,of 1 rating,N/A
FEMB,NULL,1440879668854,0,Not yet rated,NULL,N/A
FTSM,$59.85,1440879668880,"7,169",100% bearish,of 1 rating,N/A
FEUZ,$31.5,1440879669013,"1,405",Not yet rated,NULL,N/A
TDIV,$24.9,1440879669085,"74,537",100% bearish,of 1 rating,N/A
FTGC,$22.39,1440879669217,"76,491",Not yet rated,NULL,N/A
FTHI,$19.5399,1440879669242,640,Not yet rated,NULL,N/A
MDIV,$19.23,1440879669282,"128,525",Not yet rated,NULL,N/A
HYLS,$49.53,1440879669374,"35,104",100% bearish,of 1 rating,N/A
FGM,$35.58,1440879669400,"2,324",Not yet rated,NULL,N/A
FPXI,$27.29,1440879669424,500,Not yet rated,NULL,N/A
FHK,$33.3,1440879669455,"2,363",Not yet rated,NULL,N/A
YDIV,$16.5742,1440879669488,"3,515",Not yet rated,NULL,N/A
SKYY,$29.18,1440879669587,"46,046",100% bullish,of 1 rating,N/A
CU,$13.21,1440879669626,"7,015",100% bearish,of 1 rating,N/A
FJP,$47.81,1440879669716,"59,841",Not yet rated,NULL,N/A
PLTM,$6.38,1440879669742,"6,702",100% bearish,of 1 rating,N/A
FTLB,$19.3188,1440879669763,"3,260",100% bearish,of 1 rating,N/A
LMBS,$49.77,1440879669800,"5,298",Not yet rated,NULL,N/A
FMB,$51.23,1440879669896,415,Not yet rated,NULL,N/A
QABA,$37.18,1440879670026,"8,586",100% bearish,of 1 rating,N/A
FONE,$35.29,1440879670085,950,Not yet rated,NULL,N/A
GRID,$33.09,1440879670127,705,100% bearish,of 1 rating,N/A
QCLN,$15.18,1440879670155,"16,517",Not yet rated,NULL,N/A
CIBR,$18.04,1440879670182,"51,388",Not yet rated,NULL,N/A
CARZ,$35.05,1440879670226,"1,904",100% bearish,of 1 rating,N/A
QQEW,$42.1,1440879670310,"52,287",Not yet rated,NULL,N/A
RDVY,$21.17,1440879670406,"2,849",Not yet rated,NULL,N/A
QTEC,$40.33,1440879670484,"26,311",Not yet rated,NULL,N/A
AIRR,$16.4,1440879670516,"2,252",100% bearish,of 1 rating,N/A
QQXT,$40.74,1440879670569,"18,704",Not yet rated,NULL,N/A
QINC,$20.2999,1440879670612,663,Not yet rated,NULL,N/A
FKO,NULL,1440879670644,0,Not yet rated,NULL,N/A
FDIV,$46.09,1440879670702,302,100% bearish,of 1 rating,N/A
FSZ,$39.19,1440879670801,"3,866",Not yet rated,NULL,N/A
FTW,$31.91,1440879670830,230,Not yet rated,NULL,N/A
FTSL,$48.74,1440879670858,"110,156",100% bearish,of 1 rating,N/A
TUSA,$25.08,1440879670886,300,Not yet rated,NULL,N/A
FKU,$41.82,1440879670960,"5,183",Not yet rated,NULL,N/A
SVVC,$9.43,1440879671066,"11,779",50% bullish,of 2 ratings,$26
FUNC,$8.12,1440879671091,"2,091",Not yet rated,NULL,N/A
FMER,$17.81,1440879671237,"731,124",50% bullish,of 2 ratings,$20
FSV,$31.41,1440879671265,"12,183",Not yet rated,NULL,$33.60
FISV,$86.78,1440879671321,"802,788",100% bearish,of 3 ratings,$90
FIVE,$38.5,1440879671352,"860,602",75% bearish,of 4 ratings,$44
FPRX,$19.37,1440879671465,"177,840",50% bullish,of 2 ratings,$35
FLKS,$12.41,1440879671494,"26,992",50% bullish,of 2 ratings,$27
FIVN,$4.03,1440879671523,"81,303",100% bullish,of 1 rating,$8.50
FLML,$21.9746,1440879671557,"90,829",50% bullish,of 2 ratings,$30
FLXN,$25.29,1440879671587,"49,036",100% bearish,of 1 rating,$40
FLXS,$32.15,1440879671658,"13,502",100% bearish,of 2 ratings,N/A
SKOR,$50.3,1440879671684,"2,349",Not yet rated,NULL,N/A
FLEX,$10.6,1440879671827,"1,115,185",63% bullish,of 8 ratings,$12
MBSD,$25.02,1440879671861,"14,451",Not yet rated,NULL,N/A
FLDM,$11.7,1440879671960,"260,257",67% bearish,of 3 ratings,$15
FLIR,$28.57,1440879671985,"1,032,100",100% bearish,of 1 rating,$38.50
FFIC,$19.73,1440879672042,"77,431",Not yet rated,NULL,$21
FOGO,$19.23,1440879672077,"34,672",50% bullish,of 2 ratings,$25.50
FONR,$9.7,1440879672175,"6,716",100% bullish,of 1 rating,N/A
FOMX,$10.18,1440879672212,"82,757",50% bullish,of 2 ratings,$23.50
FORM,$6.53,1440879672307,"253,899",67% bullish,of 3 ratings,$10.50
FORTY,$30.33,1440879672335,"1,000",100% bearish,of 1 rating,N/A
FES,$0.9409,1440879672356,"94,182",50% bullish,of 2 ratings,$1
FTNT,$42.96,1440879672392,"603,333",80% bullish,of 10 ratings,$52
FORR,$31.88,1440879672413,"18,396",Not yet rated,NULL,N/A
FBIO,$2.88,1440879672544,"79,815",83% bullish,of 6 ratings,N/A
FORD,$1.66,1440879672575,"1,753,015",67% bullish,of 3 ratings,N/A
FWRD,$45.16,1440879672604,"186,984",100% bearish,of 1 rating,$50
FOSL,$61.6,1440879672750,"709,887",60% bearish,of 5 ratings,$80
FWP,$27.02,1440879672790,"15,503",100% bearish,of 1 rating,$45
FXCB,$17.02,1440879672980,"34,723",Not yet rated,NULL,$19
FOXF,$15.18,1440879673021,"24,155",100% bearish,of 1 rating,$19
FELE,$29.23,1440879673116,"216,658",50% bullish,of 4 ratings,$33
FRED,$13.06,1440879673147,"248,657",50% bullish,of 2 ratings,$16
FMI,$23.8,1440879673179,"312,031",100% bearish,of 2 ratings,$27.50
FREE,$0.378,1440879673200,"370,595",92% bullish,of 12 ratings,N/A
FRAN,$11.17,1440879673234,"366,392",50% bullish,of 4 ratings,$15
FRPT,$13.06,1440879673278,"298,368",67% bearish,of 3 ratings,$23.50
FEIM,$11,1440879673336,"3,049",100% bearish,of 1 rating,N/A
RAIL,$20.73,1440879673410,"70,803",100% bearish,of 1 rating,$24.50
FTR,$5.08,1440879673439,"11,162,934",78% bullish,of 27 ratings,$6.25
FRPH,$31.17,1440879673602,"5,010",100% bearish,of 1 rating,N/A
FSBW,$23.2,1440879673628,991,Not yet rated,NULL,N/A
FTRPR,$100.8,1440879673660,"53,474",100% bearish,of 1 rating,N/A
FTD,$29.27,1440879673760,"102,153",100% bearish,of 1 rating,$40
FSYS,$6.63,1440879673789,"30,772",67% bullish,of 3 ratings,$10
FTEK,$2.04,1440879673892,"51,368",75% bullish,of 4 ratings,N/A
FULL,$3.1,1440879674022,"30,227",67% bearish,of 3 ratings,$4.25
FCEL,$0.8,1440879674056,"1,501,071",88% bullish,of 41 ratings,$2.65
FLL,$1.51,1440879674077,"10,264",75% bullish,of 4 ratings,$3.50
FULT,$12.08,1440879674109,"624,848",100% bearish,of 1 rating,$13
FULLL,$24.9101,1440879674141,200,Not yet rated,NULL,N/A
FFHL,$1.05,1440879674162,"18,397",50% bullish,of 4 ratings,N/A
FSNN,$2.18,1440879674193,"1,562",67% bullish,of 3 ratings,$6
FXEN,$0.87,1440879674373,"69,159",75% bullish,of 4 ratings,$1.10
FXENP,$15.76,1440879674408,"1,000",100% bearish,of 1 rating,N/A
GK,$67.55,1440879674433,"59,942",Not yet rated,NULL,$78
WILC,$4.97,1440879674503,"6,120",100% bullish,of 2 ratings,N/A
GAIA,$5.9,1440879674635,"7,898",50% bullish,of 2 ratings,$8.50
GALT,$1.96,1440879674682,"30,257",80% bullish,of 5 ratings,N/A
GALTU,NULL,1440879674714,0,100% bearish,of 1 rating,N/A
GALE,$1.5,1440879674771,"789,696",89% bullish,of 47 ratings,$4
GALTW,NULL,1440879674791,0,100% bullish,of 1 rating,N/A
GLMD,$8.81,1440879674824,"11,506",67% bullish,of 3 ratings,$20.50
GLPG,$60.49,1440879674854,"13,297",100% bullish,of 1 rating,$75
GPIC,$9.64,1440879674886,710,100% bearish,of 1 rating,N/A
GLPI,$31.5863,1440879674985,"324,483",100% bearish,of 1 rating,$37.50
GRMN,$37.99,1440879675014,"966,815",50% bullish,of 6 ratings,$46.50
GGAC,$9.89,1440879675110,"10,419",100% bearish,of 1 rating,N/A
GGACR,$0.3,1440879675211,"49,683",100% bullish,of 1 rating,N/A
GGACW,$0.14,1440879675347,"11,300",Not yet rated,NULL,N/A
GARS,$14.21,1440879675430,"22,022",Not yet rated,NULL,$16
GENC,$9.16,1440879675461,"11,573",100% bearish,of 1 rating,N/A
GFNSL,$25.6,1440879675482,700,Not yet rated,NULL,N/A
GNCMA,$16.99,1440879675516,"119,943",100% bearish,of 1 rating,$12
GGACU,$10.27,1440879675537,"22,044",Not yet rated,NULL,N/A
GFN,$3.95,1440879675568,"17,699",100% bearish,of 2 ratings,$8
GENE,$2.29,1440879675617,"182,762",100% bullish,of 12 ratings,N/A
GFNCP,$93.89,1440879675754,350,Not yet rated,NULL,N/A
GNMK,$10.02,1440879675783,"195,594",67% bullish,of 6 ratings,$14
GHDX,$27.75,1440879675812,"193,234",50% bullish,of 2 ratings,$30
GNTX,$15.53,1440879675858,"1,032,543",Not yet rated,NULL,$20
GNCA,$12.21,1440879675910,"103,358",100% bearish,of 1 rating,$20
THRM,$46.44,1440879676015,"366,550",75% bearish,of 4 ratings,$55.50
GNVC,$2.51,1440879676151,"10,917",90% bullish,of 10 ratings,$8.50
GTWN,NULL,1440879676179,0,Not yet rated,NULL,N/A
GEOS,$16.71,1440879676200,"121,126",100% bearish,of 3 ratings,$21
GEVO,$2.33,1440879676257,"332,274",75% bullish,of 12 ratings,$5
GABC,$29,1440879676278,"15,081",Not yet rated,NULL,$31
GERN,$3.23,1440879676312,"1,137,894",88% bullish,of 16 ratings,$5.25
GIGM,$0.5201,1440879676406,"76,762",100% bullish,of 2 ratings,N/A
ROCK,$16.51,1440879676459,"136,353",80% bullish,of 5 ratings,$24
GIII,$68.14,1440879676561,"175,109",67% bullish,of 3 ratings,$75
GILT,$4.3001,1440879676611,"1,700",50% bullish,of 2 ratings,N/A
GILD,$107.7,1440879676637,"5,969,671",91% bullish,of 87 ratings,$129
GIGA,$1.42,1440879676689,"2,675",100% bearish,of 1 rating,N/A
GBCI,$25.66,1440879676764,"245,507",50% bullish,of 2 ratings,$31
GLAD,$8.8,1440879676898,"171,130",50% bullish,of 2 ratings,$8.75
GOOD,$14.64,1440879676925,"72,029",Not yet rated,NULL,$19
GOODN,$25.407,1440879676957,400,Not yet rated,NULL,N/A
GLADO,$25.59,1440879676980,"1,700",Not yet rated,NULL,N/A
GOODO,$25,1440879677001,30,Not yet rated,NULL,N/A
GOODP,NULL,1440879677039,0,Not yet rated,NULL,N/A
GAINN,$25.01,1440879677137,"56,593",Not yet rated,NULL,N/A
GAIN,$7.47,1440879677197,"107,125",100% bullish,of 2 ratings,$8.25
GAINO,$25.1728,1440879677227,490,Not yet rated,NULL,N/A
GAINP,$25.9,1440879677329,620,Not yet rated,NULL,N/A
LAND,$9.16,1440879677356,"48,601",50% bullish,of 2 ratings,$13.75
GDEF,$10.53,1440879677551,600,Not yet rated,NULL,N/A
GLBZ,NULL,1440879677579,0,Not yet rated,NULL,N/A
GBLI,$26.99,1440879677610,"11,669",Not yet rated,NULL,N/A
ENT,$11.77,1440879677637,"71,245",100% bearish,of 1 rating,$18
GBT,$44,1440879677658,"73,758",100% bearish,of 1 rating,N/A
GPACU,NULL,1440879677706,0,Not yet rated,NULL,N/A
GSOL,$8.0275,1440879677794,"18,239",100% bearish,of 1 rating,N/A
QQQC,$19.67,1440879677831,"3,061",100% bearish,of 1 rating,N/A
SOCL,$17.82,1440879677900,"24,218",100% bullish,of 2 ratings,N/A
ACTX,NULL,1440879677925,0,100% bullish,of 1 rating,N/A
ALTY,$14.44,1440879677962,600,Not yet rated,NULL,N/A
SRET,$13.25,1440879678054,"1,014",Not yet rated,NULL,N/A
YLCO,$11.95,1440879678079,"1,396",Not yet rated,NULL,N/A
GAI,$5.9,1440879678336,"1,400",50% bullish,of 2 ratings,N/A
GLBS,NULL,1440879678391,0,67% bullish,of 3 ratings,N/A
GSM,$13.47,1440879678419,"403,698",50% bullish,of 2 ratings,$22
GLRI,$1.01,1440879678440,"23,180",100% bearish,of 1 rating,$4.25
GLYC,$7.05,1440879678473,"16,674",50% bullish,of 2 ratings,$14
GBIM,$2.29,1440879678494,"19,199",50% bullish,of 2 ratings,N/A
GLUU,$4.53,1440879678515,"786,373",92% bullish,of 26 ratings,$9
GMLP,$18.86,1440879678695,"223,814",50% bullish,of 4 ratings,$32.50
GOGO,$15.67,1440879678769,"431,299",80% bullish,of 5 ratings,$25
GOGL,$3.14,1440879678799,"220,227",75% bullish,of 4 ratings,$5
GLNG,$38.2739,1440879678821,"963,948",83% bullish,of 6 ratings,$58
GBDC,$16.66,1440879678852,"111,261",Not yet rated,NULL,$17.75
GLDC,$4,1440879678876,"5,513",50% bullish,of 2 ratings,N/A
GDEN,$8.96,1440879678906,"13,852",50% bullish,of 2 ratings,N/A
GOOG,$632.69,1440879679150,"1,043,468",89% bullish,of 70 ratings,$825
GTIM,$7.03,1440879679181,"31,867",Not yet rated,NULL,$11.50
GMAN,$3.73,1440879679211,"210,604",60% bullish,of 5 ratings,$8.50
GPRO,$48.18,1440879679244,"3,256,396",78% bullish,of 58 ratings,$72
GOOGL,$659.9999,1440879679281,"1,027,271",88% bullish,of 1082 ratings,$749
GPIAU,NULL,1440879679307,0,Not yet rated,NULL,N/A
GPIA,$9.84,1440879679338,190,Not yet rated,NULL,N/A
LOPE,$37.48,1440879679436,"89,001",100% bearish,of 2 ratings,$50
GPIAW,NULL,1440879679507,0,Not yet rated,NULL,N/A
GBSNU,NULL,1440879679564,0,NULL,NULL,NULL
GBSN,$0.38,1440879679590,"4,057,047",50% bullish,of 2 ratings,$8.25
GRVY,$3.16,1440879679610,125,50% bullish,of 2 ratings,N/A
GLDD,$5.42,1440879680815,"86,319",100% bearish,of 4 ratings,$7.75
GSBC,$39.87,1440879680995,"19,620",100% bullish,of 1 rating,$44
GRBK,$11.95,1440879681070,"113,049",77% bullish,of 13 ratings,N/A
GNBC,$11.86,1440879681130,"12,906",100% bearish,of 1 rating,$16.50
GPRE,$20.55,1440879681200,"1,091,427",67% bullish,of 6 ratings,$28.50
GPP,$13.7,1440879681265,"33,561",Not yet rated,NULL,$20.50
GCBC,NULL,1440879681293,0,100% bullish,of 1 rating,N/A
GLRE,$24.99,1440879681314,"161,684",50% bullish,of 2 ratings,$41
GRFS,$30.5748,1440879681349,"206,103",50% bullish,of 2 ratings,$35
GRIF,$32.61,1440879681370,308,100% bearish,of 1 rating,N/A
GRPN,$4.6,1440879681497,"5,953,989",61% bullish,of 71 ratings,$6.75
GGAL,$19.4858,1440879681525,"118,461",80% bullish,of 5 ratings,$40
GSIT,$4.62,1440879681601,"8,389",100% bearish,of 1 rating,N/A
OMAB,$40.81,1440879681629,"12,578",100% bullish,of 1 rating,$44
GSIG,$12.99,1440879681657,"26,470",100% bearish,of 2 ratings,N/A
GTXI,$0.874,1440879681792,"20,930",100% bullish,of 5 ratings,$.75
GSVC,$8.72,1440879681850,"82,010",50% bullish,of 2 ratings,$14.50
GFED,$14.67,1440879681955,779,Not yet rated,NULL,$17
GUID,$7.28,1440879681986,"42,026",100% bearish,of 3 ratings,$10
GBNK,$15.79,1440879682015,"18,291",100% bearish,of 1 rating,$18
GULTU,$0.3001,1440879682082,"1,330,535",100% bearish,of 1 rating,N/A
GIFI,$12.46,1440879682114,"46,325",100% bearish,of 1 rating,$16
GURE,$1.67,1440879682171,"85,776",88% bullish,of 8 ratings,N/A
GWGH,$7.74,1440879682306,"1,171",100% bearish,of 1 rating,$15.05
GPOR,$35.04,1440879682337,"1,494,164",75% bullish,of 4 ratings,$55
HEES,$18.69,1440879682365,"314,064",67% bearish,of 3 ratings,$31
GYRO,$2.84,1440879682391,"6,150",100% bearish,of 1 rating,N/A
GWPH,$109.33,1440879682421,"112,738",78% bullish,of 9 ratings,$148.50
HLG,$9.5,1440879682524,"2,247",100% bearish,of 1 rating,N/A
HNRG,$7.69,1440879682554,"67,708",100% bearish,of 1 rating,$10
HALL,$11.41,1440879682657,"17,778",Not yet rated,NULL,N/A
HALO,$18.41,1440879682722,"771,518",67% bullish,of 3 ratings,$22.50
HBK,$13.67,1440879682799,713,50% bullish,of 2 ratings,N/A
HMPR,$1.87,1440879682853,"27,659",100% bullish,of 1 rating,N/A
HBHC,$27.4,1440879682879,"558,474",50% bullish,of 2 ratings,$30
HBHCL,$24.39,1440879682914,"26,203",Not yet rated,NULL,N/A
HNH,$25.45,1440879683013,"17,110",100% bullish,of 1 rating,N/A
HNSN,$0.56,1440879683038,"56,801",88% bullish,of 8 ratings,$.40
HAFC,$23.98,1440879683065,"109,880",100% bullish,of 2 ratings,$28.50
HDNG,$10.04,1440879683215,"11,625",50% bullish,of 4 ratings,N/A
HLIT,$5.79,1440879683243,"246,263",100% bearish,of 1 rating,$6.50
HRMN,NULL,1440879683271,0,Not yet rated,NULL,N/A
HRMNW,NULL,1440879683377,0,Not yet rated,NULL,N/A
HRMNU,NULL,1440879683407,0,Not yet rated,NULL,N/A
HQCL,$12.9,1440879683428,"30,828",67% bullish,of 3 ratings,$14
TINY,$2.48,1440879683508,"19,385",50% bullish,of 2 ratings,$5.26
HART,$1.04,1440879683636,"103,690",100% bearish,of 1 rating,N/A
HBIO,$4.28,1440879683706,"35,954",100% bearish,of 1 rating,$10
HCAP,$12.15,1440879683742,"4,513",50% bullish,of 2 ratings,$15
HCAPL,$25.7399,1440879683763,400,Not yet rated,NULL,N/A
HA,$22.91,1440879683839,"540,918",67% bullish,of 9 ratings,$27
HCOM,$21.82,1440879683875,"31,985",100% bearish,of 1 rating,$28
HAS,$75.51,1440879683905,"715,928",63% bullish,of 8 ratings,$84.50
HWKN,$37.33,1440879683926,"28,446",Not yet rated,NULL,N/A
HWBK,$13.24,1440879683982,100,100% bearish,of 1 rating,N/A
HDS,$33.233,1440879684176,"1,196,925",100% bearish,of 2 ratings,$39.50
HIIQ,$5.17,1440879684202,"32,371",50% bullish,of 2 ratings,$7
HAYN,$38.31,1440879684223,"42,900",100% bearish,of 1 rating,$59
HCSG,$33.32,1440879684379,"191,852",50% bullish,of 4 ratings,$35
HSTM,$25.36,1440879684423,"85,370",50% bullish,of 2 ratings,$33.75
HQY,$29.51,1440879684453,"115,451",67% bullish,of 3 ratings,$32
HWAY,$11.95,1440879684518,"278,697",100% bearish,of 1 rating,$15
HTWR,$86.25,1440879684551,"147,034",50% bullish,of 2 ratings,$103
HTLD,$20.55,1440879684578,"341,001",Not yet rated,NULL,$22.50
HSII,$19.62,1440879684608,"52,553",100% bullish,of 3 ratings,$25
HTLF,$35.88,1440879684637,"18,551",100% bullish,of 1 rating,$39.50
HTBX,$5.16,1440879684738,"3,070",50% bullish,of 2 ratings,$15.50
HELE,$85.56,1440879684765,"103,241",67% bearish,of 3 ratings,$100
HMNY,$2.19,1440879684902,300,100% bearish,of 1 rating,N/A
HNNA,$24.865,1440879684929,"10,548",Not yet rated,NULL,N/A
HMTV,$13.72,1440879684950,"12,932",100% bearish,of 1 rating,$16
HCACU,$9.98,1440879685082,"100,000",Not yet rated,NULL,N/A
HERO,NULL,1440879685106,0,NULL,NULL,NULL
HSIC,$139.4,1440879685134,"342,416",83% bullish,of 6 ratings,$146
HEOP,$7.66,1440879685237,"15,820",Not yet rated,NULL,$8.50
HTBK,$10.63,1440879685267,"33,812",Not yet rated,NULL,$12
HFWA,$17.59,1440879685289,"71,544",100% bullish,of 1 rating,$20
HCCI,$11.25,1440879685367,"42,055",100% bearish,of 1 rating,$16.50
MLHR,$26.99,1440879685445,"310,038",50% bullish,of 2 ratings,$33.50
HRTX,$35.46,1440879685475,"219,447",67% bullish,of 6 ratings,$41
HSKA,$33.74,1440879685496,"20,659",100% bearish,of 1 rating,$38
HFFC,$15.77,1440879685628,"5,478",Not yet rated,NULL,N/A
HIBB,$38.87,1440879685658,"223,423",100% bearish,of 1 rating,$46.50
HIMX,$6.906,1440879685769,"915,996",86% bullish,of 21 ratings,$8.50
HIHO,$3.81,1440879685800,"6,096",Not yet rated,NULL,N/A
HPJ,$2.21,1440879685828,"29,621",75% bullish,of 4 ratings,$12.43
HIFS,$115.91,1440879685855,"1,151",Not yet rated,NULL,N/A
HSGX,$6.05,1440879685898,"3,574",100% bearish,of 1 rating,$17
HMSY,$10.47,1440879685989,"809,768",67% bullish,of 3 ratings,$19.35
HMNF,$11.32,1440879686016,"2,016",Not yet rated,NULL,N/A
HOLX,$39.76,1440879686152,"1,449,945",67% bullish,of 3 ratings,$42
HOLI,$17.78,1440879686173,"94,603",50% bullish,of 4 ratings,$27
HBCP,$24.71,1440879686213,"2,436",Not yet rated,NULL,$29
HOMB,$37.97,1440879686252,"222,036",Not yet rated,NULL,$42
HFBL,$21.62,1440879686278,536,Not yet rated,NULL,N/A
HMIN,$26.7,1440879686408,"59,584",100% bearish,of 2 ratings,$35
AWAY,$29.19,1440879686454,"431,994",67% bullish,of 3 ratings,$36
HTBI,$18.18,1440879686544,"26,626",67% bullish,of 3 ratings,$18.625
HMST,$21.84,1440879686591,"74,855",100% bullish,of 2 ratings,$27
HKTV,$4.76,1440879686612,200,100% bearish,of 1 rating,N/A
HOFT,$23.78,1440879686695,"18,879",100% bearish,of 1 rating,N/A
CETC,$0.76,1440879686741,"165,443",86% bullish,of 7 ratings,N/A
ZINC,$7.85,1440879686960,"597,280",100% bearish,of 1 rating,$17
HFBC,$11.22,1440879686993,"3,150",Not yet rated,NULL,N/A
HBNC,$23.57,1440879687015,"12,027",100% bullish,of 1 rating,$27
HZNP,$30.48,1440879687047,"1,069,487",85% bullish,of 20 ratings,$40
HRZN,$10.33,1440879687068,"33,944",50% bullish,of 2 ratings,$14.25
HMHC,$22.7,1440879687101,"467,940",Not yet rated,NULL,$27
HDP,$24.18,1440879687211,"194,225",67% bearish,of 3 ratings,$30.50
HWCC,$7.5,1440879687296,"82,097",100% bearish,of 1 rating,$9
HOVNP,$4.54,1440879687332,"1,000",100% bearish,of 1 rating,N/A
HBMD,$14.24,1440879687353,809,100% bearish,of 1 rating,N/A
HTGM,$5.69,1440879687437,"4,024",100% bearish,of 1 rating,$19.50
HSNI,$62.38,1440879687483,"170,632",Not yet rated,NULL,$80
HUBG,$37.06,1440879687525,"387,683",100% bearish,of 1 rating,$43
HCBK,$9.36,1440879687550,"1,263,712",83% bullish,of 6 ratings,$8.61
HSON,$2.55,1440879687708,"22,082",100% bearish,of 1 rating,$5
HBANP,NULL,1440879687952,0,100% bearish,of 1 rating,N/A
HURN,$73.36,1440879687985,"75,680",50% bullish,of 2 ratings,$80
HTCH,$1.56,1440879688014,"94,983",100% bearish,of 1 rating,$3.50
HURC,$30.35,1440879688039,"11,794",100% bearish,of 1 rating,N/A
HBAN,$10.91,1440879688064,"5,203,375",76% bullish,of 17 ratings,$12.29
HDSN,$3.11,1440879688093,"27,087",100% bullish,of 1 rating,$6.25
HBP,$3.11,1440879688114,"3,775",100% bullish,of 1 rating,N/A
HDRAR,NULL,1440879688295,0,Not yet rated,NULL,N/A
HDRA,NULL,1440879688329,0,Not yet rated,NULL,N/A
HDRAU,NULL,1440879688350,0,Not yet rated,NULL,N/A
HDRAW,NULL,1440879688371,0,Not yet rated,NULL,N/A
HYGS,$9.55,1440879688441,"29,871",50% bullish,of 2 ratings,$13
IDSY,$3.91,1440879688471,"6,108",100% bearish,of 1 rating,$7
IACI,$71.44,1440879688543,"445,254",75% bullish,of 4 ratings,$90
IKGH,$1.8,1440879688569,"10,231",75% bullish,of 4 ratings,N/A
IBKC,$60.36,1440879688701,"111,938",100% bullish,of 1 rating,$70
ICAD,$3.9,1440879688727,"83,344",100% bullish,of 2 ratings,$7.25
IEP,$74.24,1440879688902,"59,662",75% bullish,of 4 ratings,$99
ICUI,$113.92,1440879688929,"46,176",Not yet rated,NULL,$122
ICFI,$34.04,1440879688969,"48,356",50% bullish,of 2 ratings,$48.50
ICLR,$77.9507,1440879688996,"266,641",100% bearish,of 3 ratings,$85
IDXX,$73.21,1440879689057,"346,348",100% bearish,of 1 rating,$77
IDRA,$2.94,1440879689083,"601,938",89% bullish,of 9 ratings,$6.50
ICON,$13.52,1440879689104,"466,663",50% bullish,of 2 ratings,$18.50
INVE,$4.4,1440879689150,"78,490",75% bullish,of 4 ratings,$4
IROQ,$16.7,1440879689347,300,100% bullish,of 1 rating,N/A
DSKY,$10.9914,1440879689406,"128,718",67% bullish,of 6 ratings,$11.50
IRG,$4.78,1440879689569,"23,310",100% bearish,of 1 rating,$4.25
IIVI,$16.89,1440879689595,"155,141",100% bearish,of 1 rating,$22
IPWR,$7.28,1440879689627,"4,444",100% bullish,of 1 rating,$15
RXDX,$13.82,1440879689658,"155,513",100% bullish,of 1 rating,$20
IKAN,$2.72,1440879689757,"4,738",83% bullish,of 6 ratings,$5
IKNX,NULL,1440879689789,0,100% bearish,of 1 rating,N/A
KANG,$15.8182,1440879689810,"226,303",50% bullish,of 2 ratings,$22.55
ILMN,$201.49,1440879689842,"782,267",80% bullish,of 5 ratings,$245
IMMR,$11.81,1440879689892,"72,756",80% bullish,of 5 ratings,$15.50
IMDZ,$16.61,1440879689980,"27,500",100% bearish,of 1 rating,$33
ISNS,$4,1440879690018,"15,572",50% bullish,of 2 ratings,N/A
ICCC,$7.21,1440879690082,"13,479",100% bullish,of 1 rating,N/A
IMNP,$1.36,1440879690109,"30,681",50% bullish,of 2 ratings,$6
IMGN,$14.28,1440879690134,"955,380",75% bullish,of 4 ratings,$17.50
IMMU,$2.16,1440879690310,"704,998",86% bullish,of 7 ratings,$2
IMMY,$7.69,1440879690362,"4,471",100% bearish,of 1 rating,$11
IPXL,$42.4,1440879690387,"457,825",67% bullish,of 3 ratings,$46.50
INCR,$42.01,1440879690440,"221,716",50% bullish,of 2 ratings,$53
INCY,$120.44,1440879690468,"1,092,792",50% bullish,of 6 ratings,$125.50
SAAS,$7.64,1440879690489,"242,260",50% bullish,of 2 ratings,$15
IBTX,$41.49,1440879690616,"14,876",100% bullish,of 2 ratings,$47.25
IBCP,$14.16,1440879690641,"93,148",100% bullish,of 1 rating,$14.50
IDSA,$3.6,1440879690701,"2,730",Not yet rated,NULL,N/A
INDB,$44.5,1440879690774,"202,363",Not yet rated,NULL,$44
INFN,$22.29,1440879690799,"1,022,680",71% bullish,of 7 ratings,$28
IPCC,$77.31,1440879691726,"22,807",Not yet rated,NULL,$77.50
INFI,$9.28,1440879691778,"337,361",50% bullish,of 4 ratings,$18
III,$3.89,1440879691831,"95,856",57% bullish,of 7 ratings,$6
INOD,$2.38,1440879691908,"4,694",100% bearish,of 1 rating,N/A
IFON,$1.21,1440879691929,"24,493",75% bullish,of 4 ratings,N/A
INNL,$12.78,1440879691958,"1,348",100% bearish,of 1 rating,$16.50
IMKTA,$50.28,1440879691983,"51,886",100% bearish,of 1 rating,N/A
INWK,$7.09,1440879692007,"56,331",50% bullish,of 2 ratings,$10
ISSC,$2.78,1440879692153,"4,200",67% bearish,of 3 ratings,N/A
IPHS,$48.24,1440879692186,"75,518",100% bearish,of 1 rating,$60
IOSP,$48.17,1440879692218,"185,737",100% bearish,of 1 rating,N/A
INO,$7.75,1440879692251,"1,636,416",89% bullish,of 18 ratings,$20
INGN,$49.78,1440879692278,"219,266",100% bearish,of 1 rating,$50.50
INOV,$21.73,1440879692311,"735,420",100% bearish,of 1 rating,$33
ITEK,$12.15,1440879692359,"249,011",100% bearish,of 3 ratings,$20
NSIT,$25.8,1440879692443,"111,626",50% bullish,of 2 ratings,N/A
ISIG,$2.71,1440879692675,"10,879",100% bearish,of 1 rating,N/A
IART,$60.79,1440879692804,"177,967",100% bearish,of 2 ratings,$71.50
INSY,$33.83,1440879692839,"270,702",75% bullish,of 4 ratings,$48
IIIN,$17.07,1440879692860,"16,380",100% bearish,of 2 ratings,N/A
PODD,$29.71,1440879692881,"209,947",67% bearish,of 3 ratings,$35
INSM,$25.69,1440879692902,"271,347",71% bullish,of 7 ratings,$31.50
NTEC,$5.75,1440879692948,"8,105",100% bearish,of 1 rating,N/A
IESC,$7.02,1440879692969,"2,580",100% bearish,of 1 rating,N/A
ISSI,$21.94,1440879693042,"133,663",67% bullish,of 3 ratings,$19.75
IDTI,$19.09,1440879693172,"1,457,438",60% bullish,of 5 ratings,$25
IQNT,$18.59,1440879693204,"151,264",86% bullish,of 7 ratings,$20
IPCI,$2.31,1440879693225,"76,615",67% bullish,of 6 ratings,$8
INTC,$28.41,1440879693246,"25,692,266",82% bullish,of 238 ratings,$36
IPAR,$25.63,1440879693306,"79,920",67% bullish,of 3 ratings,$38
ICLD,$1.85,1440879693534,"103,348",75% bullish,of 4 ratings,N/A
ININ,$36.15,1440879693577,"85,150",67% bearish,of 3 ratings,$57
ICPT,$189.4643,1440879693608,"96,157",70% bullish,of 10 ratings,$359.50
ICLDW,NULL,1440879693664,0,100% bearish,of 1 rating,N/A
IDCC,$48,1440879693694,"175,555",80% bullish,of 5 ratings,$63
IMI,$2.13,1440879693715,"10,493",67% bullish,of 3 ratings,$2.22
IBKR,$40.2881,1440879693743,"605,394",100% bullish,of 1 rating,N/A
TILE,$23.94,1440879693772,"431,058",100% bearish,of 3 ratings,$27
ISCA,$31.97,1440879694024,"101,605",100% bearish,of 1 rating,N/A
PTNT,$2.91,1440879694061,"2,723",Not yet rated,NULL,N/A
IIJI,$10,1440879694091,40,50% bullish,of 2 ratings,$11.50
IGLD,$6.97,1440879694112,400,50% bullish,of 2 ratings,N/A
INPH,$0.32,1440879694146,"162,928",50% bullish,of 2 ratings,N/A
IBOC,$25.15,1440879694169,"154,160",100% bearish,of 1 rating,N/A
INAP,$8.05,1440879694199,"239,819",75% bullish,of 4 ratings,$11
IVAC,$4.86,1440879694440,"23,655",100% bearish,of 1 rating,$6.625
XENT,$25.35,1440879694469,"141,556",50% bullish,of 2 ratings,$36.50
IILG,$19.97,1440879694497,"103,268",100% bearish,of 1 rating,$29
INTX,$2.03,1440879694518,"97,223",67% bullish,of 3 ratings,N/A
INTL,$25.81,1440879694540,"62,769",67% bearish,of 3 ratings,N/A
ISIL,$10.61,1440879694580,"483,071",50% bullish,of 6 ratings,$15
ITCI,$26.96,1440879694669,"275,633",75% bearish,of 4 ratings,$40
INTLL,$26.09,1440879694819,850,Not yet rated,NULL,N/A
INTU,$86.21,1440879694849,"1,895,063",86% bullish,of 7 ratings,$107.50
ISRG,$514.24,1440879694874,"95,903",67% bullish,of 3 ratings,$600
IIN,$6.39,1440879694901,"2,100",100% bearish,of 1 rating,$12
INVT,$0.303,1440879694957,"213,959",67% bullish,of 3 ratings,N/A
SNAK,$8.68,1440879695088,"102,749",50% bullish,of 2 ratings,$14
ISTR,$15.6,1440879695117,841,100% bearish,of 1 rating,$18.50
ISBC,$11.75,1440879695148,"972,204",100% bullish,of 1 rating,$13.25
NVIV,$9.66,1440879695219,"133,271",50% bullish,of 4 ratings,$24.50
ITIC,$71.15,1440879695247,"1,300",100% bearish,of 2 ratings,N/A
IVTY,$14.61,1440879695299,"17,056",Not yet rated,NULL,$18
IPAS,$1.09,1440879695382,"49,183",67% bullish,of 3 ratings,N/A
DFVL,NULL,1440879695429,0,Not yet rated,NULL,N/A
DTUL,NULL,1440879695454,0,Not yet rated,NULL,N/A
IPCM,$79.44,1440879695587,"119,808",50% bullish,of 2 ratings,$80.125
IPGP,$85.88,1440879695626,"250,042",100% bearish,of 2 ratings,$109.50
IRMD,$25.04,1440879695795,"11,245",67% bearish,of 3 ratings,$25
IRDMB,$279.5,1440879695826,320,67% bearish,of 3 ratings,N/A
IRDM,$7.18,1440879695859,"400,499",60% bullish,of 5 ratings,$11.50
IRIX,$6.89,1440879695882,"7,546",100% bearish,of 1 rating,N/A
IRCP,NULL,1440879695906,0,100% bullish,of 2 ratings,N/A
IRBT,$29.29,1440879695941,"166,490",67% bullish,of 6 ratings,$37
IRWD,$11.27,1440879695971,"1,082,384",100% bearish,of 1 rating,$13
FCHI,NULL,1440879696071,0,NULL,NULL,NULL
COMT,$33.62,1440879696096,"23,140",100% bearish,of 1 rating,N/A
IFAS,NULL,1440879696147,0,NULL,NULL,NULL
IFEU,$37.74,1440879696274,"4,879",Not yet rated,NULL,N/A
GNMA,$50.32,1440879696305,"3,187",Not yet rated,NULL,N/A
AXJS,NULL,1440879696522,0,NULL,NULL,NULL
IFNA,NULL,1440879696565,0,NULL,NULL,NULL
ACWX,$41.04,1440879696590,"692,879",100% bearish,of 1 rating,N/A
EMDI,NULL,1440879696624,0,NULL,NULL,NULL
IFGL,$28.61,1440879696653,"191,698",Not yet rated,NULL,N/A
AAXJ,$53.8559,1440879696722,"3,183,887",Not yet rated,NULL,N/A
ACWI,$56.3,1440879696752,"1,578,362",Not yet rated,NULL,N/A
AAIT,NULL,1440879696781,0,NULL,NULL,NULL
EEMA,$50.47,1440879696856,"37,087",Not yet rated,NULL,N/A
EMEY,NULL,1440879696882,0,NULL,NULL,NULL
EEME,NULL,1440879696939,0,NULL,NULL,NULL
EGRW,NULL,1440879697008,0,NULL,NULL,NULL
EEML,$27.61,1440879697075,"9,700",Not yet rated,NULL,N/A
EVAL,NULL,1440879697103,0,NULL,NULL,NULL
EUFN,$21.85,1440879697209,"73,493",100% bearish,of 1 rating,N/A
IEUS,$45.4,1440879697260,"5,456",100% bearish,of 1 rating,N/A
QAT,$21.6,1440879697314,600,Not yet rated,NULL,N/A
IBB,$353.28,1440879697343,"853,689",63% bullish,of 8 ratings,N/A
UAE,$18.63,1440879697392,"11,900",Not yet rated,NULL,N/A
SOXX,$83.25,1440879697416,"380,264",50% bullish,of 2 ratings,N/A
EMIF,$28.87,1440879697445,"8,923",Not yet rated,NULL,N/A
WOOD,$48.3,1440879697582,"23,260",50% bullish,of 2 ratings,N/A
INDY,$27.63,1440879697608,"140,732",50% bullish,of 2 ratings,N/A
ICLN,$9.6,1440879697633,"14,518",50% bullish,of 2 ratings,N/A
IGOV,$90.85,1440879697764,"16,643",100% bearish,of 1 rating,N/A
ISHG,$79.35,1440879697789,"9,098",100% bearish,of 1 rating,N/A
ISIS,$51.5999,1440879697857,"782,005",53% bullish,of 15 ratings,$67
ISRL,$131.04,1440879697958,465,100% bearish,of 1 rating,N/A
ITRN,$24.11,1440879698009,"1,416",50% bullish,of 2 ratings,N/A
ITRI,$30.03,1440879698047,"194,687",100% bearish,of 1 rating,$37
ITUS,$4.03,1440879698105,"7,850",Not yet rated,NULL,N/A
XXIA,$15.17,1440879698149,"472,050",71% bullish,of 7 ratings,$14.625
IXYS,$11.14,1440879698203,"103,762",50% bullish,of 4 ratings,N/A
JJSF,$114.72,1440879698332,"29,311",100% bearish,of 1 rating,N/A
MAYS,$55.95,1440879698364,100,Not yet rated,NULL,N/A
JBHT,$73.51,1440879698394,"554,190",50% bullish,of 4 ratings,$89.50
JCOM,$69.71,1440879698466,"185,842",100% bullish,of 2 ratings,$77
ISLE,$17.63,1440879698497,"140,146",50% bullish,of 4 ratings,$16
JASO,$7.9,1440879698527,"747,475",82% bullish,of 17 ratings,$10
JKHY,$68.7938,1440879698634,"214,469",50% bullish,of 2 ratings,$72
JXSB,NULL,1440879698772,0,Not yet rated,NULL,N/A
JACK,$81.77,1440879698794,"189,732",83% bullish,of 6 ratings,$105
JAGX,$3.44,1440879698837,"8,574",Not yet rated,NULL,N/A
JAXB,$13.31,1440879698878,90,100% bullish,of 1 rating,N/A
JMBA,$13.95,1440879698941,"91,223",75% bullish,of 4 ratings,$18
JRVR,$26.79,1440879698966,"37,791",Not yet rated,NULL,$32
ERW,NULL,1440879699008,0,Not yet rated,NULL,N/A
JASN,$4.93,1440879699191,"23,503",50% bullish,of 2 ratings,$9.50
JASNW,NULL,1440879699282,0,50% bullish,of 2 ratings,N/A
JD,$26.77,1440879699307,"4,905,314",75% bullish,of 16 ratings,$36
JTPY,$2.95,1440879699363,100,100% bearish,of 1 rating,N/A
JAZZ,$171.501,1440879699392,"167,566",80% bullish,of 15 ratings,$206.50
JBLU,$22.25,1440879699499,"2,629,199",94% bullish,of 18 ratings,$27
DATE,$5.92,1440879699634,"93,636",75% bullish,of 4 ratings,$9
JST,$3.98,1440879699663,"7,252",75% bullish,of 4 ratings,N/A
JCTCF,NULL,1440879699692,0,100% bullish,of 1 rating,N/A
JIVE,$4.51,1440879699718,"258,687",75% bullish,of 4 ratings,$5
WYIGU,$10.2,1440879699742,6,Not yet rated,NULL,N/A
JAKK,$9.42,1440879699877,"492,606",60% bearish,of 5 ratings,$11
JOEZ,$0.17,1440879699906,"97,593",92% bullish,of 12 ratings,N/A
JBSS,$54.48,1440879699927,"71,680",67% bearish,of 3 ratings,N/A
JNP,$10.93,1440879700062,"25,559",100% bullish,of 3 ratings,$15
JOUT,$23.41,1440879700088,"5,196",100% bearish,of 1 rating,$34
JUNO,$38.06,1440879700221,"681,045",73% bullish,of 11 ratings,$71.50
KBIO,$2.01,1440879700277,"19,373",50% bullish,of 4 ratings,N/A
KALU,$83.24,1440879700312,"129,573",67% bearish,of 3 ratings,$91
KTWO,$21.65,1440879700338,"84,969",100% bearish,of 1 rating,$28.50
KNDI,$6.72,1440879700409,"254,671",86% bullish,of 22 ratings,N/A
KMDA,$3.48,1440879700437,"19,288",50% bullish,of 2 ratings,$8
KCLI,$46.85,1440879700496,"26,651",Not yet rated,NULL,N/A
