Symbol,Price,Date,Volume,Rating,RatingVoteCount,OneYearEstimate
TFSCU,NULL,1440004202572,0,Not yet rated,NULL,N/A
FCCY,NULL,1440004202654,0,100% bullish,of 1 rating,$13
VNET,$20.67,1440004202679,"143,089",60% bullish,of 5 ratings,$29.50
TFSC,NULL,1440004202705,0,100% bearish,of 1 rating,N/A
FLWS,$9.82,1440004202733,"57,372",100% bullish,of 5 ratings,$15
TFSCW,NULL,1440004202758,0,100% bearish,of 1 rating,N/A
TFSCR,NULL,1440004202863,0,Not yet rated,NULL,N/A
FCTY,$7.93,1440004202918,"3,600",100% bullish,of 1 rating,$8.50
SRCE,$30.83,1440004202970,"9,699",100% bullish,of 3 ratings,$33
PIH,$7.43,1440004203051,100,100% bearish,of 1 rating,N/A
USLV,$14.5601,1440004203103,"228,497",86% bullish,of 7 ratings,N/A
TWOU,$35.4,1440004203134,"115,960",50% bullish,of 2 ratings,$39
DGLD,$82.64,1440004203155,"9,595",100% bullish,of 1 rating,N/A
UGLD,$9.1542,1440004203189,"68,333",100% bearish,of 1 rating,N/A
JOBS,$27.4,1440004203409,"38,248",50% bullish,of 4 ratings,$36
DSLV,$61.1907,1440004203488,"18,062",100% bearish,of 1 rating,N/A
SIXD,$2.38,1440004203582,"60,147",Not yet rated,NULL,N/A
CAFD,$15.01,1440004203686,"82,242",Not yet rated,NULL,$25
SHLM,$35.19,1440004203744,"65,201",100% bearish,of 1 rating,$50
EGHT,$8.54,1440004203830,"75,471",82% bullish,of 17 ratings,$11
AVHI,$14.192,1440004203855,"10,841",100% bearish,of 1 rating,$19
AAON,$22.76,1440004203898,"31,606",100% bearish,of 1 rating,$24
ABY,$20.7792,1440004204019,"103,686",100% bearish,of 2 ratings,$46
ABEOW,$1.73,1440004204054,"3,589",100% bullish,of 1 rating,N/A
ABEO,$5.38,1440004204152,"139,144",67% bullish,of 3 ratings,$15.50
ABGB,$4.2201,1440004204181,"76,444",67% bullish,of 3 ratings,$5.50
ABMD,$104.375,1440004204313,"201,326",75% bullish,of 4 ratings,$86
AXAS,$1.61,1440004204369,"356,385",78% bullish,of 9 ratings,$3.50
ACTG,$8.675,1440004204417,"99,371",67% bullish,of 3 ratings,$18.50
ABAX,$47.55,1440004204743,"55,927",100% bearish,of 1 rating,$60
AXDX,$18.615,1440004204773,"61,794",100% bearish,of 1 rating,N/A
XLRN,$30.99,1440004204878,"63,350",50% bullish,of 2 ratings,$57
ACAD,$38.31,1440004204906,"188,376",85% bullish,of 20 ratings,$48
ACST,$0.3601,1440004204936,"3,200",100% bullish,of 2 ratings,N/A
ARAY,$5.93,1440004204963,"840,844",100% bearish,of 1 rating,$10.50
ANCX,$19.0802,1440004205038,"10,420",Not yet rated,NULL,$19
VXDN,$14.42,1440004205117,238,Not yet rated,NULL,N/A
ACRX,$4.23,1440004205146,"138,453",67% bearish,of 6 ratings,$5.50
ACET,$25.26,1440004205332,"60,286",75% bullish,of 4 ratings,$30
ACHN,$8.441,1440004205358,"647,495",90% bullish,of 21 ratings,$16
AKAO,$6.97,1440004205383,"21,345",75% bullish,of 4 ratings,$15
VXUP,$17.37,1440004205409,"9,950",Not yet rated,NULL,N/A
ACHC,$78.54,1440004205557,"297,996",50% bullish,of 2 ratings,$92
ACNB,$20.12,1440004205587,63,Not yet rated,NULL,N/A
ACIW,$22.68,1440004205688,"63,674",50% bullish,of 2 ratings,$24
ACOR,$30.82,1440004205725,"62,538",67% bearish,of 3 ratings,$38.50
ACPW,$1.87,1440004205781,"14,564",100% bullish,of 4 ratings,$3.50
ATVI,$28.8857,1440004205815,"1,046,291",68% bullish,of 84 ratings,$31.50
ACTS,$1.4,1440004205845,"17,604",100% bearish,of 1 rating,N/A
ACTA,$13.65,1440004205915,"41,588",67% bearish,of 3 ratings,$25
ACXM,$20.74,1440004205942,"132,237",67% bullish,of 3 ratings,N/A
ACUR,$0.6498,1440004205983,"37,102",100% bullish,of 5 ratings,$1
ADMP,$3.6699,1440004206278,"12,065",50% bullish,of 2 ratings,$10
ADAP,$15.25,1440004206316,"21,217",67% bullish,of 3 ratings,$22
ADUS,$30.39,1440004206347,"17,182",100% bearish,of 1 rating,$31
ADMS,$20.2501,1440004206374,"23,391",100% bearish,of 2 ratings,$36
ADEP,$7.2999,1440004206507,"8,353",50% bullish,of 2 ratings,$10.75
AEY,$2.35,1440004206538,"10,999",100% bearish,of 2 ratings,N/A
ADMA,$9.5,1440004206560,"1,200",Not yet rated,NULL,$19
ADTN,$15.9,1440004206721,"146,952",67% bullish,of 3 ratings,$17.125
AMD,$1.76,1440004206848,"2,494,759",83% bullish,of 102 ratings,$2
ADXS,$15.2028,1440004206874,"264,675",64% bullish,of 14 ratings,$27
ADRO,$20.82,1440004206902,"69,095",80% bullish,of 5 ratings,$45.50
ADBE,$85.665,1440004206956,"406,161",65% bullish,of 17 ratings,$90
AEIS,$25.69,1440004207088,"30,563",50% bullish,of 2 ratings,$32.50
YPRO,$23.05,1440004207166,"19,217",100% bearish,of 1 rating,N/A
ADXSW,$10.56,1440004207198,"18,271",100% bullish,of 1 rating,N/A
MULT,NULL,1440004207228,0,100% bearish,of 1 rating,N/A
AEGN,$18.795,1440004207298,"62,614",100% bearish,of 1 rating,$21
AEGR,$17.93,1440004207331,"93,999",50% bullish,of 6 ratings,$26
AVAV,$25.36,1440004207575,"38,556",50% bullish,of 4 ratings,$31
AERI,$16.3,1440004207626,"139,911",75% bullish,of 4 ratings,$31.50
AEZS,$0.1086,1440004207662,"7,260,772",90% bullish,of 21 ratings,$1.50
AEHR,$2.2,1440004207755,812,50% bullish,of 2 ratings,N/A
AEMD,$6.94,1440004207781,"17,685",Not yet rated,NULL,$27.50
AEPI,$57.565,1440004207807,"2,640",100% bearish,of 1 rating,N/A
AMTX,$3.3,1440004207833,"4,500",50% bullish,of 2 ratings,$26.11
AFFX,$9.75,1440004208007,"54,338",80% bullish,of 5 ratings,$12
AGEN,$7.44,1440004208034,"190,558",85% bullish,of 13 ratings,$14
AFMD,$11.18,1440004208164,"159,477",50% bullish,of 4 ratings,$15
AGYS,$9.45,1440004208193,"2,122",100% bearish,of 1 rating,N/A
AGIO,$94.215,1440004208215,"115,368",88% bullish,of 8 ratings,$114
AGRX,$8.57,1440004208236,"8,599",100% bearish,of 1 rating,$18
AGFS,$9.95,1440004208428,"131,578",100% bearish,of 1 rating,N/A
AGFSW,$2,1440004208458,"4,835",100% bearish,of 2 ratings,N/A
AIMT,$23.3451,1440004208566,"28,774",Not yet rated,NULL,N/A
AIRM,$38.91,1440004208597,"63,057",80% bearish,of 5 ratings,$53
AIRT,$22.99,1440004208667,100,100% bullish,of 1 rating,N/A
ATSG,$9.52,1440004208693,"40,824",67% bullish,of 3 ratings,$13
AMCN,$5.07,1440004208825,"151,373",83% bullish,of 6 ratings,N/A
AKBA,$6.61,1440004208931,"83,403",100% bearish,of 1 rating,$18
AIXG,$6.11,1440004208981,"7,313",67% bearish,of 3 ratings,$6
AKER,$2.7,1440004209016,"43,919",Not yet rated,NULL,N/A
AKRX,$43.5901,1440004209062,"147,127",78% bullish,of 9 ratings,$56
AKAM,$73.06,1440004209115,"203,425",63% bullish,of 8 ratings,$77
ALRM,$17.3401,1440004209142,"18,694",100% bearish,of 1 rating,$22
ALSK,$2.15,1440004209276,"59,236",78% bullish,of 18 ratings,$2
ABDC,$12.865,1440004209362,"4,554",Not yet rated,NULL,$15
ADHD,$8.82,1440004209520,"132,637",50% bullish,of 4 ratings,$18
ALXN,$183.7,1440004209726,"308,413",88% bullish,of 8 ratings,$223
ALDX,$7.8,1440004209793,"7,296",100% bearish,of 1 rating,$14.50
ALXA,$1.161,1440004209854,"3,940",83% bullish,of 6 ratings,$2.125
AMRI,$20.335,1440004209889,"32,720",75% bearish,of 4 ratings,$24
ALKS,$65.88,1440004209919,"177,765",67% bullish,of 3 ratings,$75
ALCO,$42.23,1440004209947,"4,180",50% bullish,of 2 ratings,N/A
ALGN,$59.75,1440004209983,"202,677",100% bearish,of 2 ratings,$73
ALDR,$37.02,1440004210009,"95,801",67% bearish,of 3 ratings,$62
ALIM,$3.581,1440004210314,"30,547",80% bullish,of 5 ratings,$10
ALLB,$23.74,1440004210341,"1,782",Not yet rated,NULL,N/A
AFOP,$18.7247,1440004210374,"33,733",75% bullish,of 8 ratings,$21
ALGT,$228.1,1440004210415,"66,914",100% bearish,of 1 rating,$235
AHGP,$35.59,1440004210471,"21,001",67% bullish,of 3 ratings,N/A
AIQ,$14.72,1440004210497,"2,454",67% bullish,of 3 ratings,N/A
ARLP,$24.5501,1440004210549,"42,306",67% bearish,of 3 ratings,$32
MDRX,$14,1440004210840,"520,960",60% bullish,of 5 ratings,$16
AHPI,$1.45,1440004210869,200,50% bullish,of 2 ratings,N/A
ALQA,$4.6117,1440004211027,"15,586",75% bullish,of 4 ratings,$8.50
AMOT,$16.59,1440004211057,"35,709",100% bearish,of 1 rating,N/A
AOSL,$7.26,1440004211084,"44,973",67% bullish,of 3 ratings,$9
AFAM,$48.58,1440004211111,"16,452",50% bullish,of 2 ratings,$44
ALNY,$109.39,1440004211139,"131,842",67% bullish,of 3 ratings,$148.50
ALLT,$5.06,1440004211191,"41,347",75% bullish,of 4 ratings,$6.25
ATEC,$0.6002,1440004211475,"15,500",100% bullish,of 1 rating,$2
ALTR,$48.98,1440004211502,"532,286",80% bearish,of 5 ratings,$54
SMCP,$23.83,1440004211528,250,Not yet rated,NULL,N/A
ASPS,$29.8575,1440004211559,"29,897",67% bullish,of 3 ratings,$46.50
AIMC,$26.04,1440004211631,"17,381",100% bearish,of 1 rating,$28.50
AMAG,$64.02,1440004211702,"147,949",100% bullish,of 2 ratings,$77.50
AMZN,$533.185,1440004211859,"449,468",81% bullish,of 263 ratings,$646
AMRK,$10.55,1440004211997,"1,200",50% bullish,of 2 ratings,$14
AMBCW,NULL,1440004212028,0,100% bearish,of 1 rating,N/A
AMBA,$104.0501,1440004212060,"765,737",83% bullish,of 12 ratings,$102.50
AYA,$22.4473,1440004212095,"19,786",100% bearish,of 1 rating,$40
AMRN,$2.1611,1440004212128,"316,637",85% bullish,of 39 ratings,$8
AMCX,$72.99,1440004212157,"233,677",67% bullish,of 3 ratings,$85.50
AMBC,$16.21,1440004212222,"82,966",100% bearish,of 1 rating,$16.50
EPAX,$2.66,1440004212482,"35,452",100% bearish,of 1 rating,N/A
AMDA,$0.492,1440004212627,"587,036",90% bullish,of 10 ratings,$1
AMED,$44.15,1440004212661,"66,950",100% bearish,of 1 rating,$42
DOX,$60.11,1440004212690,"90,849",100% bullish,of 2 ratings,$60
ATAX,$5.32,1440004212759,"41,808",100% bullish,of 1 rating,$6.50
ASBI,NULL,1440004212790,0,Not yet rated,NULL,N/A
UHAL,$380.33,1440004212817,"8,233",100% bullish,of 2 ratings,$393.50
AMOV,$18.55,1440004212842,210,100% bearish,of 1 rating,N/A
AAL,$43.45,1440004212891,"2,707,831",93% bullish,of 87 ratings,$57
AGNC,$19.82,1440004213087,"730,315",71% bullish,of 28 ratings,$22
MTGE,$15.93,1440004213215,"87,710",75% bullish,of 4 ratings,$19.50
AGNCB,$24.113,1440004213243,"4,919",Not yet rated,NULL,N/A
AGNCP,$25.3301,1440004213265,"2,200",Not yet rated,NULL,N/A
ACSF,$12.7309,1440004213433,"7,452",100% bearish,of 1 rating,$15
MTGEP,$24.51,1440004213503,300,Not yet rated,NULL,N/A
ANCI,NULL,1440004213540,0,100% bearish,of 1 rating,N/A
AMNB,$23.1101,1440004213637,"1,543",Not yet rated,NULL,$25.50
AETI,$3.77,1440004213666,68,67% bearish,of 3 ratings,N/A
ACAS,$14.145,1440004213694,"467,922",60% bullish,of 5 ratings,$16.75
AMIC,$10.01,1440004213725,200,Not yet rated,NULL,N/A
ANAT,$103.59,1440004213796,"5,917",100% bullish,of 1 rating,N/A
ARII,$39.98,1440004213929,"80,311",67% bearish,of 3 ratings,$45
APEI,$21.97,1440004213958,"27,164",100% bearish,of 1 rating,$25.50
AMRB,$10.03,1440004213981,400,Not yet rated,NULL,$11
ASEI,$39.385,1440004214202,"13,451",100% bearish,of 1 rating,$52.50
AMSWA,$9.45,1440004214233,"22,679",100% bearish,of 2 ratings,$10.75
AMWD,$65.59,1440004214299,"43,908",50% bullish,of 2 ratings,$58
ABCB,$28.36,1440004214329,"14,912",Not yet rated,NULL,$31
AMSC,$3.9,1440004214367,"21,943",50% bullish,of 4 ratings,N/A
AMSF,$50.6403,1440004214394,"20,723",Not yet rated,NULL,$57.50
CRMT,$44.09,1440004214464,"6,583",100% bearish,of 1 rating,$49
ASRVP,NULL,1440004214594,0,Not yet rated,NULL,N/A
ASRV,$3.27,1440004214621,"5,344",100% bullish,of 2 ratings,N/A
ATLO,$24.05,1440004214648,"1,048",Not yet rated,NULL,N/A
AMGN,$165.64,1440004214786,"778,287",89% bullish,of 19 ratings,$185
AMKR,$4.32,1440004214816,"387,082",100% bearish,of 2 ratings,$5
FOLD,$16.25,1440004214837,"186,731",56% bullish,of 9 ratings,$21
AMSG,$83.2,1440004215108,"127,131",100% bearish,of 1 rating,$85.50
AMSGP,$158.101,1440004215149,100,Not yet rated,NULL,N/A
AMPH,$14.19,1440004215177,"58,632",50% bullish,of 2 ratings,$20
ASYS,$5.6,1440004215211,"19,200",67% bullish,of 3 ratings,$12
AMRS,$1.634,1440004215232,"27,728",70% bullish,of 10 ratings,N/A
AFSI,$64.39,1440004215262,"135,801",60% bullish,of 5 ratings,$72
ANAC,$131.5175,1440004215322,"207,000",80% bullish,of 5 ratings,$180.50
ANAD,$0.35,1440004215397,"168,413",100% bullish,of 2 ratings,$.50
ADI,$58.507,1440004215602,"3,664,270",67% bullish,of 3 ratings,$68
ANCB,$22.36,1440004215628,301,Not yet rated,NULL,$23
ALOG,$82.82,1440004215669,"8,701",100% bearish,of 2 ratings,$100.50
ABCW,$40.37,1440004215759,"1,939",67% bullish,of 3 ratings,N/A
AMCF,$0.259,1440004215804,410,100% bullish,of 7 ratings,N/A
ANGI,$4.4,1440004215950,"240,921",64% bullish,of 11 ratings,$5.50
ANIP,$54.935,1440004215984,"37,980",89% bullish,of 19 ratings,$66
ANIK,$35.74,1440004216085,"44,543",60% bullish,of 5 ratings,$51.25
ANSS,$96.2,1440004216159,"95,134",100% bearish,of 1 rating,$100
ANGO,$14.9,1440004216216,"12,191",67% bullish,of 3 ratings,$19
ATRS,$1.855,1440004216241,"164,312",92% bullish,of 12 ratings,$4.50
ANTH,$8.8401,1440004216273,"295,159",80% bullish,of 10 ratings,$13
ABAC,$0.801,1440004216302,"32,264",100% bearish,of 1 rating,N/A
ATNY,$2.35,1440004216406,"2,554",50% bullish,of 2 ratings,$3.75
APOG,$54.045,1440004216622,"52,893",100% bullish,of 1 rating,$62
APIC,$7.205,1440004216681,"58,280",100% bearish,of 1 rating,$19
AINV,$6.64,1440004216750,"524,683",50% bullish,of 4 ratings,$8
APPF,$18.1,1440004216850,"46,906",50% bullish,of 2 ratings,$22
ARCI,$1.2501,1440004216876,360,Not yet rated,NULL,N/A
APOL,$11.41,1440004216902,"320,053",87% bearish,of 68 ratings,$14
APDN,$3.26,1440004216932,"28,865",Not yet rated,NULL,$9
AAPL,$115.06,1440004217035,"13,577,213",86% bullish,of 2334 ratings,$150
AMAT,$16.39,1440004217119,"4,001,377",82% bullish,of 11 ratings,$23
AGTC,$15.63,1440004217185,"27,751",50% bullish,of 2 ratings,$33
AAOI,$21.85,1440004217220,"120,443",50% bullish,of 4 ratings,$26
AMCC,$5.59,1440004217322,"172,503",80% bullish,of 5 ratings,$8
APDNW,NULL,1440004217343,0,Not yet rated,NULL,N/A
AREX,$2.4499,1440004217426,"160,595",100% bearish,of 1 rating,$3
APRI,$1.225,1440004217486,"110,353",83% bullish,of 6 ratings,$4.86
APTO,$5.1387,1440004217570,226,Not yet rated,NULL,$17
AQXP,$18.44,1440004217713,"301,722",50% bullish,of 2 ratings,$2
AQMS,$5.22,1440004217743,"7,610",Not yet rated,NULL,N/A
AUMA,NULL,1440004217871,0,Not yet rated,NULL,N/A
AUMAU,NULL,1440004217900,0,Not yet rated,NULL,N/A
ARDM,$7.4,1440004218002,930,100% bullish,of 1 rating,$26
AUMAW,NULL,1440004218054,0,Not yet rated,NULL,N/A
ABUS,$7.73,1440004218087,"202,246",86% bullish,of 14 ratings,$23
ABIO,$0.9098,1440004218114,"66,411",50% bullish,of 2 ratings,$3.75
PETX,$17.23,1440004218136,"57,800",100% bearish,of 2 ratings,$26
ARCW,$3.63,1440004218171,"1,686",100% bearish,of 2 ratings,$10.50
RKDA,$5.85,1440004218266,"8,752",100% bearish,of 2 ratings,$10
ACGL,$73.45,1440004218438,"60,858",50% bullish,of 2 ratings,$72
ARDX,$18.35,1440004218543,"49,229",50% bullish,of 2 ratings,$24.50
ARCB,$31.51,1440004218613,"56,067",50% bullish,of 2 ratings,$39.50
ACAT,$28.73,1440004218673,"88,149",100% bearish,of 3 ratings,$33
ARGS,$4.8,1440004218812,"8,053",50% bullish,of 2 ratings,$19.50
ARCC,$15.925,1440004218839,"356,503",67% bearish,of 3 ratings,$17.875
ARNA,$3.03,1440004218870,"1,555,476",90% bullish,of 77 ratings,$5.50
ARKR,$25.1,1440004218917,110,50% bullish,of 2 ratings,N/A
AGIIL,$25.3201,1440004218973,"3,792",Not yet rated,NULL,N/A
AGII,$59.11,1440004219001,"59,799",Not yet rated,NULL,$59.50
ARIA,$7.16,1440004219191,"744,148",87% bullish,of 46 ratings,$9
ARMH,$42.06,1440004219240,"287,910",54% bearish,of 13 ratings,$61
ARIS,$3.3,1440004219274,"4,700",Not yet rated,NULL,$4.50
ARTX,$1.57,1440004219372,"115,511",88% bullish,of 16 ratings,$4.50
ARWA,NULL,1440004219398,0,Not yet rated,NULL,N/A
ARWAR,NULL,1440004219423,0,Not yet rated,NULL,N/A
ARWAU,$10.13,1440004219632,"1,800",100% bullish,of 1 rating,N/A
ARWAW,NULL,1440004219707,0,Not yet rated,NULL,N/A
ARQL,$1.69,1440004219738,"32,119",75% bullish,of 4 ratings,$5
ARRY,$5.62,1440004219772,"296,755",100% bullish,of 7 ratings,$10
ARRS,$27.7,1440004219838,"753,820",50% bullish,of 2 ratings,$38
ARWR,$5.59,1440004219874,"407,512",75% bullish,of 4 ratings,$10.50
DWAT,NULL,1440004220006,0,100% bearish,of 1 rating,N/A
ARTNA,$22.405,1440004220035,755,100% bearish,of 1 rating,$29
AROW,$27.38,1440004220139,"6,371",Not yet rated,NULL,N/A
ARTW,NULL,1440004220209,0,75% bearish,of 4 ratings,N/A
ASBB,$23.45,1440004220270,"1,200",Not yet rated,NULL,N/A
ASND,$17.96,1440004220397,"19,968",100% bullish,of 1 rating,$30
ASTI,$0.1449,1440004220497,"850,747",83% bullish,of 6 ratings,$3
ASNA,$11.78,1440004220525,"1,118,586",50% bullish,of 2 ratings,$18
APWC,$1.99,1440004220555,500,100% bearish,of 1 rating,N/A
ASCMA,$28.29,1440004220580,"34,409",100% bearish,of 1 rating,$45
ASMI,$37.94,1440004220715,300,50% bullish,of 2 ratings,N/A
ASML,$90.9,1440004220763,"379,142",67% bullish,of 3 ratings,$127
ASMB,$13.32,1440004220847,"38,104",67% bullish,of 3 ratings,N/A
AZPN,$39.25,1440004220875,"418,824",50% bullish,of 2 ratings,$42
ASTE,$37.06,1440004221008,"27,858",100% bearish,of 1 rating,$48
ASFI,$9.04,1440004221036,"2,839",100% bullish,of 1 rating,N/A
ALOT,$14.02,1440004221063,452,100% bearish,of 1 rating,N/A
ATRO,$55.505,1440004221101,"57,247",100% bearish,of 2 ratings,$80
ASUR,$5.9095,1440004221339,"10,250",Not yet rated,NULL,$8
ATAI,$2.92,1440004221371,"15,694",100% bearish,of 1 rating,N/A
ASTC,$2.35,1440004221405,"10,508",100% bullish,of 5 ratings,N/A
ATRA,$48.2,1440004221473,"32,407",50% bullish,of 2 ratings,$68
ATHN,$138.835,1440004221506,"46,917",67% bearish,of 3 ratings,$153
AAPC,NULL,1440004221577,0,Not yet rated,NULL,N/A
AFCB,NULL,1440004221602,0,Not yet rated,NULL,N/A
ATHX,$1.202,1440004221632,"47,262",89% bullish,of 9 ratings,$5
AAME,$3.52,1440004221899,"2,995",Not yet rated,NULL,N/A
ATNI,$74.29,1440004221997,"17,458",100% bearish,of 1 rating,$69.50
ATLC,$3.95,1440004222024,"1,016",67% bullish,of 3 ratings,N/A
ACFC,$6.34,1440004222050,"23,838",Not yet rated,NULL,$6.50
AAWW,$44.24,1440004222180,"154,013",50% bullish,of 2 ratings,$65
ATML,$7.6214,1440004222210,"1,921,211",78% bullish,of 9 ratings,$9.50
AFH,$17.1,1440004222250,"15,052",Not yet rated,NULL,$21.50
ATOS,$0.91,1440004222279,"6,923",100% bullish,of 7 ratings,$7
ATRM,NULL,1440004222467,0,50% bullish,of 2 ratings,N/A
ATRC,$27.32,1440004222495,"31,122",100% bullish,of 1 rating,$30
ATRI,$395.88,1440004222517,257,Not yet rated,NULL,N/A
LIFE,$15.28,1440004222685,"36,745",86% bullish,of 7 ratings,$43
ATTU,$15.05,1440004222729,"19,382",100% bearish,of 1 rating,$20.50
AUBN,$27.19,1440004222791,100,Not yet rated,NULL,N/A
AUDC,$3.295,1440004222817,"50,715",80% bullish,of 5 ratings,$5
AUPH,$3.3801,1440004222859,"14,168",100% bearish,of 1 rating,$8
EARS,$4.98,1440004222949,"9,204",100% bearish,of 2 ratings,$12
ABTL,$18.89,1440004222977,"16,418",100% bullish,of 4 ratings,$20.25
ADAT,$0.114,1440004223054,"1,466",100% bullish,of 2 ratings,N/A
ADSK,$54.08,1440004223133,"235,683",83% bullish,of 6 ratings,$69.50
AAVL,$10.77,1440004223238,"246,914",100% bearish,of 1 rating,$20
AVGO,$120.7,1440004223275,"627,906",88% bullish,of 8 ratings,$160
ADP,$84.365,1440004223371,"507,638",100% bearish,of 1 rating,$88
AVNU,$12.73,1440004223397,"2,350",Not yet rated,NULL,$14
AVEO,$1.5201,1440004223419,"1,410,856",75% bullish,of 8 ratings,$3
AVNW,$1.13,1440004223558,"9,106",50% bullish,of 2 ratings,$2.20
AVID,$8.37,1440004223594,"108,135",100% bearish,of 1 rating,$20
CAR,$46.32,1440004223688,"566,500",80% bullish,of 5 ratings,$60
AVGR,$15.3,1440004223718,"1,229",100% bearish,of 1 rating,$20
ACLS,$3.24,1440004223822,"203,689",67% bullish,of 6 ratings,$4.75
AWRE,$3.24,1440004223849,"2,202",67% bullish,of 3 ratings,N/A
AXPWW,NULL,1440004223882,0,Not yet rated,NULL,N/A
AXPW,$1.26,1440004223909,"71,301",83% bullish,of 6 ratings,N/A
AXGN,$3.9101,1440004223979,"20,614",Not yet rated,NULL,$5
BCOM,$19.52,1440004224186,8,100% bearish,of 1 rating,N/A
RILY,NULL,1440004224254,0,Not yet rated,NULL,N/A
BIDU,$162.04,1440004224282,"1,878,140",81% bullish,of 88 ratings,$215
AXTI,$2.165,1440004224317,"8,418",50% bullish,of 2 ratings,$2.75
BOSC,$2.26,1440004224357,"1,710",50% bullish,of 2 ratings,N/A
BEAV,$51.09,1440004224449,"195,712",67% bearish,of 3 ratings,$59
BCPC,$59.88,1440004224506,"22,304",100% bearish,of 1 rating,$75
BWINA,$23.22,1440004224632,500,Not yet rated,NULL,N/A
BWINB,$23.1,1440004224663,"2,200",Not yet rated,NULL,N/A
BLDP,$1.33,1440004224769,"70,115",91% bullish,of 22 ratings,$2.50
BANFP,$27.2,1440004224797,100,Not yet rated,NULL,N/A
BANF,$62.76,1440004224830,"3,441",Not yet rated,NULL,$68
BMRC,$48.68,1440004224986,"1,062",Not yet rated,NULL,$52
BKMU,$7.28,1440004225092,"84,758",Not yet rated,NULL,$8
BOCH,$5.78,1440004225117,"1,000",Not yet rated,NULL,$6.50
BKSC,NULL,1440004225161,0,Not yet rated,NULL,N/A
BOTJ,$11.2,1440004225187,147,Not yet rated,NULL,N/A
BFIN,$12.1,1440004225216,"2,568",Not yet rated,NULL,$13
OZRK,$43.05,1440004225322,"114,112",67% bullish,of 3 ratings,$49.50
BWFG,NULL,1440004225582,0,100% bearish,of 1 rating,N/A
BANR,$47.25,1440004225615,"10,175",100% bullish,of 3 ratings,$50
TAPR,$31.0801,1440004225653,"1,605",100% bearish,of 1 rating,N/A
BZUN,$7.42,1440004225713,"505,801",50% bullish,of 2 ratings,$13.85
BHAC,NULL,1440004225842,0,Not yet rated,NULL,N/A
BHACR,NULL,1440004225869,0,Not yet rated,NULL,N/A
BHACW,NULL,1440004226003,0,Not yet rated,NULL,N/A
BHACU,NULL,1440004226039,0,Not yet rated,NULL,N/A
BBSI,$35.68,1440004226077,"51,900",67% bearish,of 3 ratings,$62.50
BSET,$31.15,1440004226129,"31,100",100% bearish,of 1 rating,$35
BYBK,$5.05,1440004226238,10,100% bearish,of 1 rating,N/A
BYLK,$12.94,1440004226301,"1,046",Not yet rated,NULL,$14
BV,$5.24,1440004226338,"93,226",67% bullish,of 6 ratings,$9
BCBP,$11.7,1440004226379,"3,450",Not yet rated,NULL,N/A
BDCV,$4.96,1440004226437,3,100% bearish,of 1 rating,$10.19
BBCN,$15.6,1440004226513,"44,447",100% bearish,of 1 rating,$16
BSF,$9.1,1440004226569,"1,867",Not yet rated,NULL,N/A
BECN,$36,1440004226602,"57,412",50% bullish,of 2 ratings,$40
BBGI,$4.6,1440004226749,916,100% bearish,of 1 rating,N/A
BEBE,$1.81,1440004226880,"40,753",75% bullish,of 4 ratings,$3.075
BBBY,$63.33,1440004226909,"231,761",71% bullish,of 7 ratings,$75
BELFA,NULL,1440004226936,0,100% bearish,of 1 rating,N/A
BELFB,$19.8,1440004227015,"15,742",100% bearish,of 1 rating,N/A
BLPH,$5.9,1440004227072,"53,959",100% bearish,of 1 rating,$12.50
BLCM,$19.05,1440004227123,"79,926",50% bullish,of 4 ratings,$40
BNCL,$13.035,1440004227153,"66,342",100% bullish,of 3 ratings,$12.50
BNFT,$38.69,1440004227280,"44,862",67% bullish,of 3 ratings,$46
BNTC,$8.06,1440004227412,"52,706",100% bullish,of 1 rating,N/A
BGCP,$9.49,1440004227497,"276,268",88% bullish,of 8 ratings,$14
BGMD,$0.8305,1440004227525,"108,054",100% bullish,of 10 ratings,N/A
BGFV,$11.1995,1440004227606,"32,738",57% bullish,of 7 ratings,$12
ORPN,$5.58,1440004227656,"22,003",100% bullish,of 1 rating,$28.50
BIND,$4.55,1440004227681,"26,661",67% bullish,of 3 ratings,$13.50
BASI,NULL,1440004227736,0,Not yet rated,NULL,N/A
BCDA,NULL,1440004227869,0,Not yet rated,NULL,N/A
BCRX,$11.79,1440004227903,"142,666",63% bullish,of 8 ratings,$18
BIOD,$0.6931,1440004227924,"63,310",80% bullish,of 5 ratings,$4
BIOC,$2.1496,1440004227960,"1,006,288",83% bullish,of 6 ratings,$3.70
BDSI,$6.477,1440004228000,"315,366",88% bullish,of 8 ratings,$17
BIIB,$315.12,1440004228061,"462,946",88% bullish,of 16 ratings,$400
BLFS,$2.19,1440004228191,"34,859",100% bearish,of 1 rating,$4.75
BIOL,$1.54,1440004228219,"17,842",Not yet rated,NULL,N/A
BLRX,$1.52,1440004228348,"42,986",100% bullish,of 12 ratings,$5
BMRN,$135.55,1440004228384,"141,995",80% bullish,of 5 ratings,$160
BVXV,$4.05,1440004228529,"1,300",Not yet rated,NULL,N/A
BPTH,$1.12,1440004228608,"52,067",100% bullish,of 2 ratings,$5
BRLI,$34.37,1440004228639,"111,214",83% bullish,of 6 ratings,N/A
BIOS,$1.67,1440004228681,"492,342",71% bullish,of 7 ratings,$4
BBC,$32.025,1440004228709,"11,670",Not yet rated,NULL,N/A
BVXVW,NULL,1440004228738,0,100% bearish,of 1 rating,N/A
BBP,$34,1440004228765,"25,706",Not yet rated,NULL,N/A
BSPM,$0.6907,1440004228902,"11,116",50% bullish,of 2 ratings,N/A
BSTC,$51.37,1440004229033,"92,024",100% bearish,of 1 rating,$76
BOTA,$2.2901,1440004229059,"21,408",88% bullish,of 8 ratings,N/A
BEAT,$12.62,1440004229125,"78,453",67% bearish,of 3 ratings,$15
TECH,$105.28,1440004229190,"41,060",100% bullish,of 1 rating,$117
BITI,$19.18,1440004229282,"10,008",100% bullish,of 1 rating,$28
BJRI,$46.95,1440004229362,"51,466",50% bullish,of 2 ratings,$55
BDMS,NULL,1440004229442,0,100% bearish,of 1 rating,N/A
BBOX,$15.45,1440004229472,"15,930",100% bearish,of 1 rating,N/A
BBRY,$7.51,1440004229502,"2,457,963",61% bullish,of 330 ratings,$9
BDE,$7.57,1440004229603,"39,781",50% bullish,of 2 ratings,$9
BLKB,$61.12,1440004229633,"48,569",100% bearish,of 2 ratings,$66
ADRA,$28.5,1440004229663,100,Not yet rated,NULL,N/A
HAWK,$44.12,1440004229691,"65,560",90% bullish,of 10 ratings,$49
ADRD,$23.165,1440004229763,600,100% bearish,of 1 rating,N/A
BKCC,$9.31,1440004229899,"113,280",100% bullish,of 2 ratings,$10
ADRE,$30.7,1440004229987,"2,937",Not yet rated,NULL,N/A
ADRU,$22.7224,1440004230086,"1,273",100% bearish,of 1 rating,N/A
BUFF,$27.78,1440004230113,"225,183",83% bullish,of 12 ratings,$31.50
BCOR,$13.56,1440004230140,"40,502",57% bullish,of 7 ratings,$15
BLMN,$21.49,1440004230189,"244,112",83% bullish,of 6 ratings,$27.50
BLBD,$12.7,1440004230290,"3,635",Not yet rated,NULL,N/A
BBLU,$0.8505,1440004230315,"21,707",100% bullish,of 2 ratings,$4.43
BHBK,$14.38,1440004230349,"9,677",100% bullish,of 1 rating,$14.50
NILE,$34.73,1440004230457,"38,755",50% bullish,of 2 ratings,$34
BLUE,$126.8775,1440004230685,"199,376",86% bullish,of 7 ratings,$217.50
BPMC,$27.04,1440004230821,"18,919",50% bullish,of 2 ratings,$47.50
BKEPP,$7.88,1440004230850,"5,300",100% bearish,of 1 rating,N/A
BKEP,$6.95,1440004230918,"8,551",100% bearish,of 1 rating,$8.50
BNCN,$22.045,1440004230947,"7,406",Not yet rated,NULL,$23
BOBE,$46.02,1440004230969,"21,200",75% bullish,of 4 ratings,$57
WIFI,$8.69,1440004231028,"136,275",50% bullish,of 2 ratings,$13.50
BOFI,$131.25,1440004231235,"56,822",100% bullish,of 6 ratings,$144
BOJA,$21.89,1440004231266,"143,832",100% bullish,of 1 rating,$30
BOKF,$65.34,1440004231308,"40,127",100% bearish,of 1 rating,$71
BAMM,$3.2001,1440004231337,"3,113",60% bullish,of 5 ratings,N/A
BNSO,$1.43,1440004231367,"35,869",100% bearish,of 1 rating,N/A
BPFH,$12.53,1440004231403,"71,765",100% bearish,of 1 rating,$14
BONA,$12.16,1440004231429,"64,931",75% bullish,of 4 ratings,$8.50
BPFHP,$25.3,1440004231574,"1,400",100% bearish,of 1 rating,N/A
BPFHW,$5.6,1440004231717,"1,310",100% bearish,of 1 rating,N/A
EPAY,$26.26,1440004231791,"24,536",100% bearish,of 2 ratings,$30
BCLI,$3.19,1440004231861,"69,456",80% bullish,of 5 ratings,$12
BBRG,$13.12,1440004231922,"16,314",67% bullish,of 3 ratings,$14.50
BBEP,$2.3501,1440004231953,"1,293,954",69% bullish,of 13 ratings,$5.625
BBEPP,$13.51,1440004232029,"16,280",100% bearish,of 1 rating,N/A
BRID,$8.8,1440004232057,200,100% bearish,of 1 rating,N/A
BDBD,$8.64,1440004232125,"166,432",60% bullish,of 5 ratings,$10
BLIN,$1.3301,1440004232187,"8,000",50% bullish,of 2 ratings,$2.20
BDGE,$27.86,1440004232222,"7,873",Not yet rated,NULL,$31.75
BCOV,$5.39,1440004232252,"19,799",67% bullish,of 3 ratings,$10.20
BSFT,$33.12,1440004232322,"18,348",57% bullish,of 7 ratings,$40.50
BRCM,$50.81,1440004232397,"789,386",75% bullish,of 12 ratings,$56
BVSN,$6,1440004232422,"14,602",60% bearish,of 5 ratings,N/A
BYFC,NULL,1440004232557,0,50% bullish,of 2 ratings,N/A
BWEN,$3.505,1440004232690,"35,687",100% bullish,of 3 ratings,$8
BRCD,$10.005,1440004232765,"1,241,648",92% bullish,of 13 ratings,$12.50
BRKR,$19.885,1440004232792,"131,907",100% bearish,of 2 ratings,$22
BRKS,$10.57,1440004232831,"77,459",67% bullish,of 3 ratings,$15.25
BRKL,$10.95,1440004232859,"236,888",100% bearish,of 1 rating,$10.75
BLMT,$21.15,1440004232886,"1,202",Not yet rated,NULL,N/A
BSQR,$6.95,1440004233017,"26,796",67% bullish,of 3 ratings,N/A
BMTC,$29.84,1440004233043,"5,713",Not yet rated,NULL,$34
BWLD,$198.56,1440004233115,"158,796",82% bullish,of 11 ratings,$205
BLDR,$15.175,1440004233217,"633,888",50% bullish,of 2 ratings,$22
BUR,$1.98,1440004233242,"1,200",100% bearish,of 1 rating,$8
CHRW,$70.62,1440004233270,"505,378",Not yet rated,NULL,$72
CFFI,$35.5101,1440004233297,810,100% bearish,of 1 rating,N/A
CA,$29.49,1440004233471,"553,341",50% bullish,of 4 ratings,$33
CCMP,$44.52,1440004233654,"13,718",50% bullish,of 2 ratings,$59
CZR,$6.93,1440004233683,"349,649",60% bearish,of 5 ratings,$10.50
CDZI,$7.46,1440004233704,"49,400",100% bearish,of 1 rating,N/A
CDNS,$21.685,1440004233741,"543,449",75% bullish,of 4 ratings,$22.50
PRSS,$4.58,1440004233769,"4,400",80% bullish,of 5 ratings,$4.50
CACQ,$7.1,1440004233836,"13,681",100% bearish,of 1 rating,$12.25
CSTE,$43.02,1440004233872,"1,545,489",100% bearish,of 1 rating,$65
CLBS,$1.35,1440004233901,"84,857",79% bullish,of 14 ratings,$4
CLMS,$11.85,1440004234139,"30,399",Not yet rated,NULL,$10.50
CHI,$11.09,1440004234165,"118,326",100% bearish,of 1 rating,N/A
CHY,$11.9,1440004234187,"112,411",Not yet rated,NULL,N/A
CHW,$7.97,1440004234325,"79,810",100% bearish,of 1 rating,N/A
CFGE,NULL,1440004234420,0,Not yet rated,NULL,N/A
CCD,$21.17,1440004234451,"59,133",Not yet rated,NULL,N/A
CGO,$12.6,1440004234549,"14,616",100% bearish,of 1 rating,N/A
CAMP,$16.19,1440004234651,"107,470",86% bullish,of 7 ratings,$25
CSQ,$10.4338,1440004234688,"130,102",Not yet rated,NULL,N/A
CALA,$5.35,1440004234725,"127,925",100% bullish,of 3 ratings,$19.50
CALD,$16.03,1440004234819,"21,290",100% bearish,of 1 rating,$20.50
CVGW,$54.86,1440004234952,"50,716",50% bullish,of 2 ratings,$58.50
CFNB,$13.38,1440004234979,2,100% bearish,of 1 rating,N/A
CALM,$50.2045,1440004235000,"237,468",80% bullish,of 5 ratings,$65
CLMT,$26.045,1440004235032,"121,324",75% bullish,of 8 ratings,$31
ABCD,$4.7433,1440004235188,"24,555",83% bullish,of 6 ratings,N/A
CAMB,NULL,1440004235217,0,Not yet rated,NULL,N/A
CAMBU,NULL,1440004235289,0,100% bearish,of 1 rating,N/A
CAMBW,NULL,1440004235381,0,Not yet rated,NULL,N/A
CSIQ,$19.9501,1440004235426,"7,318,410",86% bullish,of 28 ratings,$45
CAC,$40,1440004235512,"4,800",Not yet rated,NULL,N/A
CAMT,$2.92,1440004235570,"6,960",73% bullish,of 11 ratings,$4
CGIX,$10.45,1440004235603,"26,533",67% bullish,of 3 ratings,$14.375
CBNJ,$10.89,1440004235644,"4,922",100% bullish,of 1 rating,N/A
CPHC,NULL,1440004235977,0,100% bearish,of 1 rating,N/A
CPLA,$49.16,1440004236013,"38,506",50% bullish,of 2 ratings,$65
CPLP,$7.0392,1440004236121,"97,027",71% bullish,of 7 ratings,$11
CCBG,$15.012,1440004236408,"2,005",Not yet rated,NULL,$17.25
CPTA,$14.8099,1440004236439,"15,258",Not yet rated,NULL,$18.50
CSWC,$48.42,1440004236471,"3,125",Not yet rated,NULL,N/A
CAPNW,NULL,1440004236569,0,Not yet rated,NULL,N/A
CFFN,$12.23,1440004236600,"82,956",Not yet rated,NULL,$12.75
CAPN,$2.4,1440004236625,"102,619",100% bullish,of 1 rating,$10.85
CBF,$30.58,1440004236652,"11,776",Not yet rated,NULL,$32
CAPR,$4.0501,1440004236782,"13,204",Not yet rated,NULL,$12
CARA,$21.6,1440004236843,"43,974",50% bullish,of 4 ratings,$27.50
CARB,$11.67,1440004237015,"30,702",75% bullish,of 4 ratings,$12
CPST,$0.3867,1440004237056,"209,635",95% bullish,of 22 ratings,$1
CBYL,$6.47,1440004237088,"22,831",100% bearish,of 1 rating,$20
CRDC,$0.3802,1440004237114,"29,301",100% bullish,of 1 rating,$1.25
CRME,$9.59,1440004237190,"13,263",89% bullish,of 9 ratings,$11.25
CFNL,$23.38,1440004237320,"18,524",Not yet rated,NULL,$24
CATM,$35.05,1440004237413,"98,761",100% bearish,of 1 rating,$44
CSII,$24,1440004237443,"69,873",100% bearish,of 2 ratings,$42.125
CDNA,$6.36,1440004237479,100,100% bearish,of 1 rating,$9
CECO,$3.585,1440004237511,"215,844",67% bearish,of 3 ratings,$6
CTRE,$11.77,1440004237575,"67,825",50% bullish,of 2 ratings,N/A
CKEC,$23.16,1440004237607,"32,562",50% bullish,of 2 ratings,$35.915
CLBH,$12.76,1440004237635,"2,130",Not yet rated,NULL,$16.50
CART,$5.4501,1440004237901,900,100% bearish,of 1 rating,N/A
CARO,$15.5,1440004237931,"1,400",100% bearish,of 1 rating,$19
CRZO,$33.68,1440004237960,"244,353",67% bearish,of 3 ratings,$57
CRTN,NULL,1440004238033,0,100% bearish,of 1 rating,N/A
CASM,$1.15,1440004238113,"45,987",100% bullish,of 1 rating,$3.50
TAST,$12.94,1440004238138,"47,963",Not yet rated,NULL,$14.25
CACB,$5.55,1440004238197,"11,886",Not yet rated,NULL,$5.50
CARV,$6.15,1440004238280,"1,241",50% bullish,of 2 ratings,N/A
CWST,$6.44,1440004238380,"18,165",50% bullish,of 2 ratings,$7
CSCD,$14.27,1440004238409,"100,334",100% bullish,of 2 ratings,$17
CASI,$1.49,1440004238435,"2,675",100% bullish,of 1 rating,$3.50
CASS,$50.43,1440004238470,"8,798",100% bearish,of 1 rating,N/A
CASY,$106.97,1440004238571,"82,099",50% bullish,of 2 ratings,$99.50
CATB,$11.85,1440004238599,"28,918",100% bearish,of 1 rating,$28
CPRX,$3.94,1440004238729,"364,281",71% bullish,of 7 ratings,$7
CATY,$31.74,1440004238832,"70,022",100% bearish,of 1 rating,$33.50
CATYW,NULL,1440004238906,0,100% bearish,of 1 rating,N/A
CAVM,$71.63,1440004238959,"74,398",67% bearish,of 3 ratings,$72
CVCO,$73.94,1440004239062,"2,290",100% bearish,of 1 rating,N/A
CBFV,$20.04,1440004239216,100,Not yet rated,NULL,N/A
CNLM,NULL,1440004239308,0,Not yet rated,NULL,N/A
CNLMU,NULL,1440004239342,0,100% bullish,of 1 rating,N/A
CNLMR,NULL,1440004239371,0,Not yet rated,NULL,N/A
CNLMW,NULL,1440004239441,0,Not yet rated,NULL,N/A
CDK,$49.33,1440004239507,"155,044",67% bearish,of 3 ratings,$50
CBOE,$63.8303,1440004239538,"114,367",Not yet rated,NULL,$60
CDW,$39.395,1440004239582,"132,261",75% bullish,of 4 ratings,$44
CECE,$10.09,1440004239644,"45,073",50% bullish,of 2 ratings,$16
CPXX,$2.13,1440004239807,"42,555",100% bullish,of 2 ratings,$7
CELG,$128.23,1440004239963,"902,553",92% bullish,of 13 ratings,$155.50
CLDX,$15.13,1440004240026,"787,116",89% bullish,of 9 ratings,$36
CLRBW,NULL,1440004240065,0,Not yet rated,NULL,N/A
CLRB,$3.11,1440004240094,100,100% bearish,of 1 rating,N/A
CELGZ,$1.82,1440004240124,"16,200",80% bullish,of 5 ratings,N/A
CLDN,$1.06,1440004240153,"32,112",71% bullish,of 7 ratings,$3
CLLS,$32.03,1440004240226,"16,476",75% bullish,of 4 ratings,$51.50
CBMG,$23.04,1440004240284,"38,644",50% bullish,of 2 ratings,N/A
CLSN,$2.1,1440004240384,"81,791",80% bullish,of 10 ratings,$7.50
CYAD,$56.126,1440004240549,"3,288",100% bullish,of 1 rating,$87.50
CLTX,$1.87,1440004240576,"2,757,785",100% bullish,of 2 ratings,N/A
CEMP,$39.0999,1440004240600,"622,907",71% bullish,of 7 ratings,$48.50
CETX,$2.56,1440004240629,"2,400",Not yet rated,NULL,$5.60
CETV,$2.11,1440004240778,"48,272",67% bullish,of 3 ratings,$2.80
CFBK,NULL,1440004240804,0,Not yet rated,NULL,N/A
CSFL,$14.31,1440004240837,"21,880",Not yet rated,NULL,$15
CENX,$5.075,1440004240935,"676,873",67% bullish,of 6 ratings,$9
CENT,$12.18,1440004240965,"26,291",Not yet rated,NULL,$10
CENTA,$12.83,1440004240992,"58,652",Not yet rated,NULL,N/A
CVCY,NULL,1440004241125,0,Not yet rated,NULL,$12
CNBKA,$41.2,1440004241153,118,100% bullish,of 1 rating,N/A
CNTY,$6.39,1440004241181,"8,124",80% bullish,of 5 ratings,$7.75
CPHD,$50.26,1440004241208,"68,064",50% bullish,of 2 ratings,$66.50
CRNT,$1.5,1440004241402,"142,382",50% bullish,of 2 ratings,$2
CERE,$1.37,1440004241475,"464,606",88% bullish,of 8 ratings,N/A
CERN,$65.425,1440004241534,"709,226",67% bullish,of 3 ratings,$79
CERU,$3.403,1440004241667,"3,664",75% bullish,of 4 ratings,$15
CERS,$5.01,1440004241719,"213,192",75% bullish,of 4 ratings,$7
KOOL,$0.7199,1440004241744,"4,860",100% bullish,of 5 ratings,$7
CYOU,$19.83,1440004241799,"180,141",50% bullish,of 6 ratings,$24
CEVA,$19.17,1440004241829,"15,198",100% bearish,of 1 rating,$25
HOTR,$1.438,1440004241894,"275,022",100% bullish,of 2 ratings,$5
HOTRW,$0.33,1440004241924,700,Not yet rated,NULL,N/A
CTHR,$1.245,1440004241959,"8,479",50% bullish,of 2 ratings,$2.50
GTLS,$23.77,1440004242089,"69,806",50% bullish,of 4 ratings,$40
CHTR,$187.7,1440004242159,"389,947",100% bearish,of 2 ratings,$196
CHFN,$12.54,1440004242185,"2,273",Not yet rated,NULL,$14
CHKP,$81.505,1440004242218,"123,960",50% bullish,of 4 ratings,$92
CHEK,$2.99,1440004242315,"3,309",Not yet rated,NULL,$7.75
CHEKW,NULL,1440004242460,0,Not yet rated,NULL,N/A
CEMI,$4.4,1440004242592,"24,332",50% bullish,of 2 ratings,$7.50
CCXI,$6.88,1440004242618,"15,554",67% bullish,of 3 ratings,$14
CHMG,$26.5,1440004242657,100,Not yet rated,NULL,$30
CHFC,$32.88,1440004242678,"10,286",100% bearish,of 1 rating,$36
CHEV,$14.82,1440004242752,"1,150",Not yet rated,NULL,N/A
CHKE,$26.86,1440004242781,"6,617",100% bearish,of 1 rating,$32.50
CHMA,$25.69,1440004242812,"96,081",Not yet rated,NULL,$40
CBNK,$16.57,1440004243036,100,100% bearish,of 1 rating,N/A
CADC,NULL,1440004243077,0,78% bullish,of 9 ratings,N/A
PLCE,$61.65,1440004243172,"91,933",100% bearish,of 1 rating,$71
CMRX,$51.09,1440004243200,"53,327",50% bullish,of 2 ratings,$57
CALI,$1.008,1440004243222,"10,724",67% bullish,of 3 ratings,N/A
CAAS,$6.6296,1440004243254,"15,891",93% bullish,of 14 ratings,$11.50
CBPO,$110.79,1440004243398,"102,904",75% bullish,of 8 ratings,$140.50
CBAK,$2.2299,1440004243533,"35,064",67% bullish,of 9 ratings,N/A
CHOP,$1.3,1440004243569,"2,104",50% bullish,of 2 ratings,N/A
JRJC,$4.39,1440004243640,"56,087",82% bullish,of 11 ratings,N/A
CCCL,$0.9699,1440004243668,"9,938",100% bullish,of 6 ratings,N/A
HGSH,$1.95,1440004243696,700,67% bullish,of 3 ratings,N/A
CCCR,$0.68,1440004243729,"6,066",67% bearish,of 3 ratings,N/A
CHLN,$2.16,1440004243829,"58,826",67% bullish,of 3 ratings,N/A
CNIT,$1.72,1440004243995,"119,659",67% bullish,of 6 ratings,N/A
CJJD,$2.0201,1440004244046,"10,500",100% bullish,of 1 rating,N/A
CHNR,NULL,1440004244074,0,100% bearish,of 1 rating,N/A
HTHT,$26.86,1440004244151,"64,940",50% bullish,of 2 ratings,$28
CREG,$0.8179,1440004244238,"13,050",100% bullish,of 3 ratings,N/A
CPGI,NULL,1440004244285,0,Not yet rated,NULL,N/A
CSUN,$1.47,1440004244343,"12,585",80% bullish,of 5 ratings,N/A
CXDC,$6.23,1440004244424,"12,162",67% bullish,of 3 ratings,N/A
CNTF,$0.979,1440004244454,"70,150",Not yet rated,NULL,N/A
CCIH,$9.7,1440004244500,"18,597",67% bullish,of 6 ratings,$12.65
IMOS,$15.47,1440004244555,"52,290",60% bullish,of 5 ratings,$21.50
CNET,$0.8999,1440004244641,"94,458",50% bullish,of 2 ratings,N/A
CHSCL,$27.02,1440004244686,"11,759",Not yet rated,NULL,N/A
CNYD,$3.41,1440004244712,100,67% bullish,of 3 ratings,N/A
CHSCM,$26.24,1440004244842,"17,835",Not yet rated,NULL,N/A
CHSCN,$27.3,1440004244878,"4,306",Not yet rated,NULL,N/A
CHSCO,$28.41,1440004245099,"1,619",Not yet rated,NULL,N/A
CHSCP,$30.75,1440004245132,811,Not yet rated,NULL,N/A
CHDN,$136.53,1440004245228,"11,142",Not yet rated,NULL,$165
CDTX,$14.31,1440004245261,"22,503",Not yet rated,NULL,$22
CMCT,NULL,1440004245368,0,100% bearish,of 1 rating,N/A
CHUY,$32.43,1440004245390,"24,742",50% bullish,of 2 ratings,$34
CMPR,$70.3,1440004245426,"116,525",50% bullish,of 2 ratings,$72.50
CIFC,$7.21,1440004245475,30,Not yet rated,NULL,N/A
CINF,$56.36,1440004245523,"102,456",50% bullish,of 4 ratings,$50.50
CIDM,$0.68,1440004245552,"73,175",50% bullish,of 2 ratings,$2.10
CTAS,$87.55,1440004245688,"97,625",100% bearish,of 1 rating,$91
CPHR,$6.727,1440004245718,"4,898",100% bearish,of 1 rating,$16
CSCO,$27.843,1440004245745,"7,787,712",84% bullish,of 208 ratings,$32
CRUS,$29.04,1440004245819,"381,811",75% bullish,of 12 ratings,$44.50
CTRN,$26.2,1440004246070,"100,378",100% bearish,of 1 rating,$29.50
CZFC,$12.7501,1440004246097,500,Not yet rated,NULL,N/A
CIZN,$20.32,1440004246163,"3,130",Not yet rated,NULL,N/A
CZNC,$20,1440004246195,"3,624",Not yet rated,NULL,N/A
CZWI,$9.1,1440004246267,335,Not yet rated,NULL,N/A
CTXS,$77.7,1440004246295,"202,467",86% bullish,of 7 ratings,$80
CHCO,$47.67,1440004246327,"6,198",Not yet rated,NULL,$46
CIVB,$10.32,1440004246484,"4,981",Not yet rated,NULL,$11
CIVBP,NULL,1440004246529,0,Not yet rated,NULL,N/A
CDTI,$1.73,1440004246637,"54,021",75% bullish,of 4 ratings,$3.20
CLNT,$1.999,1440004246676,"1,700",75% bullish,of 8 ratings,N/A
CLNE,$4.29,1440004246702,"701,191",80% bullish,of 15 ratings,$9
CLFD,$17.81,1440004246767,"61,543",67% bullish,of 3 ratings,$18
CLRO,$11.86,1440004246793,"4,700",50% bullish,of 2 ratings,$14.25
CLIR,$5.35,1440004246961,"36,644",100% bullish,of 3 ratings,N/A
CLVS,$76.07,1440004247167,"151,171",60% bullish,of 5 ratings,$101.50
CSBK,$13.88,1440004247197,"8,750",Not yet rated,NULL,N/A
CME,$97.3,1440004247224,"456,496",67% bullish,of 3 ratings,$102
CMFN,$11.3585,1440004247246,"12,619",100% bearish,of 1 rating,$15.50
CCNE,$17.35,1440004247282,"3,953",50% bullish,of 2 ratings,$21.50
CBLI,$3.79,1440004247304,"8,996",60% bullish,of 5 ratings,N/A
CNV,$4.69,1440004247376,"9,304",50% bullish,of 2 ratings,$7.15
CISG,$8.5,1440004247475,"103,726",100% bullish,of 5 ratings,$10
CWAY,NULL,1440004247566,0,Not yet rated,NULL,N/A
COKE,$161.63,1440004247629,"13,119",79% bullish,of 19 ratings,N/A
CDRB,$12.34,1440004247660,"1,781",67% bullish,of 3 ratings,N/A
CDXS,$4.04,1440004247762,"11,950",64% bullish,of 11 ratings,$6
COBZ,$12.995,1440004247790,"5,107",100% bullish,of 1 rating,$14
CCOI,$28.72,1440004247990,"107,716",50% bullish,of 4 ratings,$35
CVLY,$20.55,1440004248015,"3,638",Not yet rated,NULL,N/A
CGNT,$1.63,1440004248046,"38,751",100% bullish,of 2 ratings,$2
JVA,$4.71,1440004248148,"16,488",83% bullish,of 6 ratings,$7
CGNX,$36.91,1440004248209,"158,718",50% bullish,of 2 ratings,$47
CTSH,$67.11,1440004248240,"583,882",90% bullish,of 10 ratings,$74.50
COHR,$57.38,1440004248266,"40,638",50% bullish,of 2 ratings,$72
CHRS,$30.69,1440004248444,"41,704",67% bearish,of 3 ratings,$37
CLRX,$0.4966,1440004248470,"99,091",50% bullish,of 2 ratings,N/A
COHU,$9.67,1440004248492,"111,263",100% bearish,of 1 rating,$14.25
CLCT,$19.25,1440004248662,"6,441",100% bearish,of 1 rating,N/A
COLL,$14.86,1440004248827,"29,614",100% bearish,of 1 rating,$26
CLCD,$7.64,1440004248863,"9,710",100% bearish,of 1 rating,$20.50
CIGI,$46.25,1440004248897,"6,422",100% bearish,of 1 rating,$52
CBAN,$9.14,1440004248925,100,Not yet rated,NULL,N/A
CMCO,$20.63,1440004248954,"11,900",60% bullish,of 5 ratings,$28
COLM,$65.94,1440004248985,"65,753",100% bearish,of 1 rating,$71
COLB,$33.32,1440004249014,"37,762",Not yet rated,NULL,$36
CBMX,$1.2499,1440004249087,"1,735",83% bullish,of 6 ratings,$3.15
CMCSK,$60.3707,1440004249353,"1,349,201",Not yet rated,NULL,$84
CMCSA,$59.9399,1440004249386,"5,495,777",66% bullish,of 35 ratings,$69.50
CBSH,$47.3,1440004249408,"71,463",50% bullish,of 2 ratings,$46
CUBN,$13.75,1440004249458,"11,151",Not yet rated,NULL,N/A
CBSHP,$25.15,1440004249488,"9,328",100% bearish,of 1 rating,N/A
CVGI,$4.55,1440004249589,"35,601",50% bullish,of 2 ratings,$6
CSAL,$22.22,1440004249657,"170,916",75% bullish,of 4 ratings,$30
COMM,$31.42,1440004249684,"344,059",67% bearish,of 3 ratings,$35
CYHHZ,$0.0115,1440004249815,"2,246",100% bullish,of 1 rating,N/A
ESXB,$5.1,1440004249843,"13,740",Not yet rated,NULL,N/A
CTBI,$35.27,1440004249886,"11,328",Not yet rated,NULL,$36
JCS,$9.495,1440004249979,"4,738",67% bullish,of 3 ratings,N/A
COB,$10.56,1440004250007,"3,701",100% bullish,of 1 rating,$11.75
CWBC,$6.75,1440004250028,"3,868",Not yet rated,NULL,N/A
CVLT,$37.28,1440004250060,"89,844",75% bullish,of 4 ratings,$44.50
CIZ,NULL,1440004250237,0,100% bearish,of 1 rating,N/A
CIL,NULL,1440004250370,0,Not yet rated,NULL,N/A
CSA,NULL,1440004250473,0,Not yet rated,NULL,N/A
CDC,$36.38,1440004250500,"13,453",Not yet rated,NULL,N/A
CSF,$38.2,1440004250527,650,100% bearish,of 1 rating,N/A
CID,NULL,1440004250553,0,Not yet rated,NULL,N/A
CFO,$37.36,1440004250575,"8,767",100% bearish,of 1 rating,N/A
CFA,NULL,1440004250801,0,100% bearish,of 1 rating,N/A
CGEN,$5.62,1440004250906,"40,317",50% bullish,of 2 ratings,$11
CPSI,$46.33,1440004250947,"32,752",100% bearish,of 1 rating,$45.50
CTG,$6.77,1440004250972,"7,112",100% bearish,of 1 rating,$8.50
CDL,NULL,1440004251002,0,Not yet rated,NULL,N/A
CMTL,$27.42,1440004251036,"8,441",100% bearish,of 2 ratings,$37
SCOR,$63.615,1440004251067,"57,459",100% bearish,of 1 rating,$66
CSB,NULL,1440004251099,0,Not yet rated,NULL,N/A
CHCI,$0.5861,1440004251196,"7,815",50% bullish,of 2 ratings,N/A
CNSI,$19.43,1440004251530,"40,944",100% bearish,of 2 ratings,$29
CNAT,$4.4001,1440004251588,"35,820",83% bullish,of 6 ratings,$13
CDORO,$18.34,1440004251662,6,100% bearish,of 1 rating,N/A
CDORP,$7.0489,1440004251689,100,100% bearish,of 1 rating,N/A
CDOR,$1.4,1440004251711,"3,607",100% bullish,of 1 rating,N/A
CNCE,$16.24,1440004251745,"79,917",75% bullish,of 4 ratings,$22
CCUR,$5.16,1440004251772,"4,651",75% bullish,of 4 ratings,N/A
CXRX,$77.81,1440004251843,"1,102",Not yet rated,NULL,$90
CFMS,$22.76,1440004252022,"101,952",Not yet rated,NULL,$27
CTWS,$34.92,1440004252083,"5,319",100% bearish,of 1 rating,$44
CNFR,$10.2037,1440004252128,"6,775",Not yet rated,NULL,N/A
CNMD,$56.53,1440004252157,"21,175",Not yet rated,NULL,$59
CONN,$33.09,1440004252339,"57,876",67% bullish,of 3 ratings,$48.50
CNOB,$20.31,1440004252365,"13,363",100% bullish,of 1 rating,$23.50
CNXR,$6.56,1440004252398,"11,778",100% bearish,of 1 rating,$12
CNSL,$20.299,1440004252502,"30,101",100% bearish,of 1 rating,$23
CWCO,$11.7099,1440004252587,"22,879",67% bullish,of 3 ratings,$14.50
CPSS,$5.72,1440004252642,"15,608",100% bullish,of 1 rating,$10
CTCT,$24.41,1440004252667,"83,579",67% bullish,of 3 ratings,$37
CFRXZ,$0.7,1440004252869,"16,402",Not yet rated,NULL,N/A
CFRXW,$2.185,1440004252905,"1,018",100% bearish,of 1 rating,N/A
CFRX,$5.33,1440004252935,"38,746",Not yet rated,NULL,$14
CTRV,$4.31,1440004252964,"2,647",Not yet rated,NULL,$6.40
CTRL,$8.1,1440004252991,"45,880",50% bullish,of 2 ratings,$11
CPRT,$36.09,1440004253026,"54,327",67% bearish,of 3 ratings,$40
CRBP,$2.83,1440004253144,"18,918,704",100% bullish,of 2 ratings,$6.25
CORT,$5.15,1440004253200,"137,951",67% bullish,of 3 ratings,$12
CSOD,$37.87,1440004253379,"77,407",50% bullish,of 2 ratings,$42
BVA,NULL,1440004253404,0,50% bullish,of 2 ratings,N/A
CORI,$11.405,1440004253451,"9,678",100% bearish,of 1 rating,$18
COSI,$1.14,1440004253544,"62,471",100% bullish,of 1 rating,N/A
COST,$144.08,1440004253577,"389,446",83% bullish,of 24 ratings,$154.50
CRVL,$32.98,1440004253643,"2,136",100% bearish,of 1 rating,N/A
CORE,$63.48,1440004253672,"31,720",100% bearish,of 1 rating,$72
CSGP,$191.09,1440004253707,"28,767",50% bullish,of 2 ratings,$235
CPAH,$0.4899,1440004253735,"1,925",50% bullish,of 2 ratings,N/A
ICBK,$18.43,1440004253809,1,Not yet rated,NULL,$21
CVTI,$25.14,1440004253977,"46,438",67% bearish,of 3 ratings,$39
COWN,$5.42,1440004254007,"237,964",75% bullish,of 4 ratings,$7
COVS,$2.77,1440004254111,"22,187",67% bullish,of 3 ratings,N/A
COWNL,$26.75,1440004254137,"3,128",Not yet rated,NULL,N/A
CPSH,$2.4001,1440004254265,"3,000",Not yet rated,NULL,N/A
BREW,$8.05,1440004254318,"12,366",67% bullish,of 6 ratings,$15
CBRL,$150.11,1440004254360,"47,998",50% bullish,of 2 ratings,$155
CRAI,$22.6,1440004254424,"16,536",Not yet rated,NULL,$36
CRAY,$22.36,1440004254457,"38,540",83% bullish,of 6 ratings,$38.50
GLDI,$11.026,1440004254488,"46,380",100% bearish,of 1 rating,N/A
CREE,$26.86,1440004254554,"432,964",65% bullish,of 17 ratings,$28.50
CACC,$197.2,1440004254590,"41,077",50% bullish,of 2 ratings,$158.50
SLVO,$10.3513,1440004254651,"1,296",100% bearish,of 1 rating,N/A
CRESY,$11.23,1440004254786,"2,798",100% bearish,of 1 rating,$19
CRTO,$47.222,1440004254815,"104,532",67% bullish,of 6 ratings,$64
CROX,$14.8,1440004254891,"247,077",63% bullish,of 8 ratings,$16.50
CRDS,$1.194,1440004255033,"211,360",50% bullish,of 4 ratings,$4.50
CCRN,$15.22,1440004255059,"137,872",100% bearish,of 1 rating,$14.25
CRWS,$8.1001,1440004255084,450,Not yet rated,NULL,$10
CRWN,$4.805,1440004255232,"30,750",75% bullish,of 4 ratings,N/A
CYRXW,$0.9199,1440004255265,"4,550",Not yet rated,NULL,N/A
CYRX,$3.09,1440004255337,"25,280",Not yet rated,NULL,$9
CSGS,$31.7891,1440004255370,"22,344",Not yet rated,NULL,$40
CCLP,$14.5418,1440004255407,"73,930",67% bearish,of 3 ratings,$21
CTCM,$1.74,1440004255478,"84,066",80% bearish,of 5 ratings,$3.90
CSPI,$6.23,1440004255507,"1,204",67% bullish,of 3 ratings,N/A
CTIC,$1.74,1440004255536,"382,775",84% bullish,of 76 ratings,$5.75
CTIB,$3.54,1440004255669,"1,200",100% bearish,of 1 rating,N/A
CTRP,$68,1440004255697,"672,692",75% bullish,of 8 ratings,$92
CUI,$5.28,1440004255913,"11,752",50% bullish,of 2 ratings,$10
CUNB,$22.34,1440004255939,"2,068",Not yet rated,NULL,$24.50
CUTR,$14.83,1440004256071,"6,406",67% bearish,of 3 ratings,$18
CRIS,$2.68,1440004256136,"65,892",100% bullish,of 8 ratings,$6
CVV,$12.098,1440004256171,"8,930",100% bullish,of 5 ratings,N/A
CPIX,$5.975,1440004256192,"3,491",Not yet rated,NULL,N/A
CMLS,$1.27,1440004256264,"144,186",50% bullish,of 4 ratings,$6
CVBF,$17.41,1440004256328,"78,362",Not yet rated,NULL,$18
CYAN,$7.6393,1440004256364,"1,835",100% bearish,of 1 rating,N/A
CYBR,$59.8866,1440004256427,"746,961",86% bullish,of 7 ratings,$66
CYBX,$59.93,1440004256619,"70,738",50% bullish,of 4 ratings,$70
CYCC,$0.6002,1440004256645,"64,386",73% bullish,of 11 ratings,N/A
CYBE,$5.85,1440004256674,"7,093",100% bearish,of 1 rating,N/A
CYCCP,NULL,1440004256699,0,100% bearish,of 1 rating,N/A
CYNA,$15.28,1440004256881,"8,764",100% bullish,of 1 rating,$33
CY,$9.78,1440004256914,"2,312,215",80% bullish,of 10 ratings,$15.50
CBAY,$2.732,1440004256952,"29,108",100% bullish,of 1 rating,$4
CYNO,$34,1440004257011,"37,508",67% bearish,of 3 ratings,$45.50
CYRN,$1.7499,1440004257044,"69,250",67% bullish,of 3 ratings,$4
CYTK,$6.49,1440004257097,"63,659",71% bullish,of 14 ratings,$13.50
CONE,$34.29,1440004257188,"337,577",67% bearish,of 3 ratings,$35
CYTX,$0.3968,1440004257255,"282,900",83% bullish,of 12 ratings,$5.50
CYTR,$2.29,1440004257287,"167,361",67% bullish,of 6 ratings,$10
CTSO,$7.4,1440004257385,"22,149",Not yet rated,NULL,$15.625
DAEG,$0.35,1440004257581,"3,000",100% bearish,of 1 rating,N/A
TVIX,$5.92,1440004257608,"3,338,885",81% bullish,of 16 ratings,N/A
XIV,$46.695,1440004257735,"6,770,331",75% bearish,of 4 ratings,N/A
ZIV,$49.33,1440004257822,"16,632",Not yet rated,NULL,N/A
DJCO,$210.79,1440004257855,101,Not yet rated,NULL,N/A
DARA,$0.895,1440004257877,"103,243",83% bullish,of 6 ratings,$1.50
TVIZ,NULL,1440004257913,0,100% bearish,of 1 rating,N/A
DAIO,$2.69,1440004257962,486,Not yet rated,NULL,N/A
DAKT,$11.65,1440004258010,"40,107",50% bullish,of 2 ratings,$14
DRAM,$1.43,1440004258190,"8,169",78% bullish,of 9 ratings,N/A
DWCH,$5.55,1440004258215,"60,001",75% bullish,of 4 ratings,$8.25
DTLK,$5.75,1440004258241,"57,638",100% bearish,of 1 rating,$9
DTEA,$12.4411,1440004258419,"20,492",100% bearish,of 2 ratings,$24
PLAY,$35.03,1440004258453,"139,394",100% bullish,of 5 ratings,$42
DWSN,$4.87,1440004258582,"73,736",67% bullish,of 3 ratings,$6
TACO,$13.38,1440004258622,"189,173",100% bullish,of 3 ratings,$20
TRAK,$62.41,1440004258648,"288,327",50% bullish,of 2 ratings,$62.50
DBVT,$42.61,1440004258675,"29,761",100% bearish,of 1 rating,$53
DHRM,$1.83,1440004258713,500,Not yet rated,NULL,N/A
DFRG,$15.1001,1440004258745,"41,798",100% bearish,of 1 rating,$20
DCTH,$0.4871,1440004258809,"145,199",78% bullish,of 9 ratings,N/A
TACOW,$4.3,1440004258844,"47,041",100% bullish,of 1 rating,N/A
DGAS,$20.21,1440004259077,104,67% bearish,of 3 ratings,N/A
DELTW,NULL,1440004259105,0,Not yet rated,NULL,N/A
DELT,$2.4452,1440004259132,100,Not yet rated,NULL,N/A
XRAY,$56.57,1440004259270,"73,976",100% bullish,of 1 rating,$58
DENN,$12.38,1440004259329,"98,862",100% bullish,of 3 ratings,$15
DERM,$24.42,1440004259356,"134,790",100% bearish,of 1 rating,$33
DEPO,$31.69,1440004259402,"110,367",80% bullish,of 5 ratings,$32
DEST,$11.98,1440004259429,"22,973",50% bullish,of 2 ratings,N/A
DSWL,NULL,1440004259559,0,100% bullish,of 1 rating,N/A
DXM,$0.3174,1440004259634,"56,873",50% bullish,of 2 ratings,N/A
DXLG,$4.88,1440004259702,"12,372",100% bearish,of 1 rating,$8
DXCM,$95.63,1440004259739,"233,685",57% bullish,of 7 ratings,$98
DHXM,$7.0796,1440004259770,"1,900",Not yet rated,NULL,N/A
DSCI,$6.53,1440004259796,"14,263",50% bullish,of 2 ratings,$16
DMND,$31.295,1440004259881,"28,374",75% bullish,of 12 ratings,$32
DHIL,$192.45,1440004260034,331,Not yet rated,NULL,N/A
DCIX,$1.845,1440004260144,"5,028",50% bullish,of 4 ratings,$3.50
FANG,$70.7,1440004260230,"281,315",50% bullish,of 2 ratings,$86
DGLY,$7.39,1440004260289,"25,766",50% bullish,of 6 ratings,$20
DMRC,$36.64,1440004260320,"26,528",100% bearish,of 1 rating,$44
DGII,$10.04,1440004260357,"16,320",100% bearish,of 1 rating,$10
DRNA,$10.46,1440004260424,"52,594",67% bearish,of 3 ratings,$25
DRAD,$4.0701,1440004260458,"5,736",100% bullish,of 1 rating,$5.25
APPS,$2.36,1440004260590,"56,944",100% bearish,of 1 rating,$10.25
DIOD,$19.73,1440004260617,"52,529",75% bearish,of 4 ratings,$24
DCOM,$17.23,1440004260639,"10,909",100% bearish,of 2 ratings,$16.50
DPRX,$13.26,1440004260786,"1,600",100% bullish,of 2 ratings,$27.75
DISCB,NULL,1440004260893,0,100% bearish,of 1 rating,$35
DISCA,$28.7936,1440004260920,"492,181",67% bullish,of 3 ratings,$34
DISCK,$27.55,1440004260998,"717,289",100% bearish,of 1 rating,$40
DSCO,$0.4699,1440004261058,"45,940",83% bullish,of 6 ratings,$2.75
DISH,$65.97,1440004261085,"187,387",69% bullish,of 13 ratings,$73
DVCR,NULL,1440004261225,0,100% bullish,of 1 rating,N/A
DLTR,$79.88,1440004261357,"528,258",82% bullish,of 11 ratings,$88
DNBF,$27.132,1440004261386,"14,490",Not yet rated,NULL,$27.50
BAGR,$3.04,1440004261408,"10,302",100% bearish,of 1 rating,$6
DGICA,$14.53,1440004261440,"2,192",100% bearish,of 1 rating,$17
DGICB,$17.92,1440004261467,2,100% bearish,of 1 rating,N/A
DLHC,$2.65,1440004261603,"4,491",100% bearish,of 1 rating,N/A
DMLP,$14,1440004261625,"26,621",100% bearish,of 1 rating,N/A
HILL,$9.685,1440004261707,"20,227,568",60% bearish,of 5 ratings,$8
DORM,$51.07,1440004261839,"31,189",100% bearish,of 1 rating,$56
DRWI,$0.28,1440004261865,"74,219",60% bullish,of 5 ratings,$.45
DRWIW,$0.0472,1440004261945,"10,900",Not yet rated,NULL,N/A
DWA,$19.17,1440004262075,"135,178",63% bullish,of 8 ratings,$26
DSPG,$8.73,1440004262136,"14,615",100% bearish,of 1 rating,$13.50
DRYS,$0.3474,1440004262167,"1,532,574",77% bullish,of 31 ratings,$.60
CADT,$10.02,1440004262234,4,Not yet rated,NULL,N/A
DSKX,$3.26,1440004262263,"86,137",100% bullish,of 1 rating,N/A
DTSI,$27.32,1440004262317,"13,971",100% bearish,of 2 ratings,$39.50
CADTU,NULL,1440004262524,0,Not yet rated,NULL,N/A
DNKN,$50.28,1440004262657,"999,073",67% bullish,of 15 ratings,$56.50
CADTW,NULL,1440004262685,0,Not yet rated,NULL,N/A
DXPE,$28.955,1440004262838,"24,966",50% bullish,of 2 ratings,N/A
DRRX,$2.06,1440004262872,"92,727",50% bullish,of 6 ratings,$3
CADTR,NULL,1440004262892,0,Not yet rated,NULL,N/A
DYAX,$23,1440004262972,"145,672",89% bullish,of 9 ratings,$30
BOOM,$10.16,1440004263049,"25,735",67% bullish,of 3 ratings,$12
DYSL,$1.4,1440004263101,"6,400",100% bullish,of 2 ratings,N/A
DVAX,$29.25,1440004263200,"106,026",70% bullish,of 10 ratings,$40
EBMT,$11.53,1440004263290,9,Not yet rated,NULL,$13.50
DYNT,$3.02,1440004263346,"3,000",75% bullish,of 4 ratings,N/A
EGBN,$44.74,1440004263372,"10,127",Not yet rated,NULL,$48
ETFC,$27.66,1440004263419,"571,759",57% bullish,of 14 ratings,$33
EGRX,$68.38,1440004263446,"79,671",67% bullish,of 3 ratings,$97
EGLE,$7.05,1440004263468,"3,296",60% bullish,of 5 ratings,N/A
EROC,$1.215,1440004263659,"494,324",50% bullish,of 2 ratings,$3
ELNK,$9,1440004263684,"238,279",80% bullish,of 5 ratings,$9.50
EWBC,$44.71,1440004263711,"311,683",100% bearish,of 1 rating,$50
EACQU,$10.09,1440004263843,"2,200",Not yet rated,NULL,N/A
EML,$17,1440004263913,"1,510",Not yet rated,NULL,N/A
EVBS,$6.4201,1440004263975,"3,500",Not yet rated,NULL,$7
EBIX,$30.29,1440004264050,"99,301",69% bullish,of 13 ratings,$40
EBAY,$27.455,1440004264079,"2,913,790",81% bullish,of 117 ratings,$48
ELON,$0.5563,1440004264110,"10,130",50% bullish,of 2 ratings,N/A
ECHO,$25.71,1440004264136,"66,277",67% bearish,of 3 ratings,$35.50
ECTE,$1.48,1440004264164,"5,043",75% bullish,of 4 ratings,N/A
SATS,$46.11,1440004264328,"29,557",50% bullish,of 2 ratings,$60
EEI,$11.3,1440004264356,"1,200",67% bearish,of 3 ratings,N/A
ESES,$3.37,1440004264499,"2,546",100% bearish,of 1 rating,$7
EDAP,$3.5699,1440004264539,"2,560",60% bullish,of 5 ratings,$4.50
ECACU,NULL,1440004264641,0,Not yet rated,NULL,N/A
EDUC,$4.68,1440004264737,200,100% bearish,of 1 rating,N/A
EDGW,$7.02,1440004264767,702,100% bearish,of 1 rating,N/A
EFUT,$4.3,1440004264798,"3,700",Not yet rated,NULL,N/A
EGAN,$3.55,1440004264832,"108,536",50% bullish,of 2 ratings,$6.25
LOCO,$13.42,1440004264903,"1,068,453",69% bullish,of 13 ratings,$20
EGLT,$12.28,1440004264937,"39,896",50% bullish,of 2 ratings,$21
EHTH,$14.54,1440004264983,"22,887",50% bullish,of 4 ratings,$16.50
EMITF,$1.3276,1440004265035,"17,306",75% bullish,of 4 ratings,N/A
ERI,$9.65,1440004265207,"21,006",100% bearish,of 1 rating,$10
ESLT,$81.4559,1440004265234,"4,372",100% bullish,of 2 ratings,N/A
ELRC,$10.2999,1440004265294,"7,298",100% bearish,of 1 rating,N/A
ESIO,$4.52,1440004265401,"13,380",50% bullish,of 2 ratings,$10
EA,$71.76,1440004265426,"730,919",77% bullish,of 35 ratings,$80
ELEC,NULL,1440004265562,0,Not yet rated,NULL,N/A
EFII,$45,1440004265593,"49,163",80% bullish,of 5 ratings,$55
ELECW,NULL,1440004265654,0,Not yet rated,NULL,N/A
ELECU,$10.08,1440004265698,"1,100",Not yet rated,NULL,N/A
ELSE,$4.1406,1440004265787,"3,265",60% bullish,of 5 ratings,N/A
EBIO,$3.97,1440004265829,"340,647",100% bearish,of 2 ratings,$8.35
RDEN,$10.69,1440004265862,"47,396",100% bearish,of 4 ratings,$15
CAPX,NULL,1440004265883,0,Not yet rated,NULL,N/A
ESBK,NULL,1440004265961,0,Not yet rated,NULL,N/A
LONG,$17.1,1440004266142,"11,934",67% bullish,of 3 ratings,$15.75
ELTK,$1.1089,1440004266234,"13,420",67% bearish,of 3 ratings,N/A
EMCI,$23.745,1440004266272,"9,886",Not yet rated,NULL,N/A
EMKR,$7.2,1440004266364,"33,205",75% bullish,of 4 ratings,$8.50
EMCF,$23.9499,1440004266391,600,100% bearish,of 1 rating,N/A
EMMS,$1.23,1440004266462,"6,900",67% bullish,of 6 ratings,N/A
EMMSP,NULL,1440004266563,0,100% bearish,of 1 rating,N/A
ERS,NULL,1440004266651,0,Not yet rated,NULL,N/A
NYNY,$4.13,1440004266687,"21,242",50% bullish,of 2 ratings,N/A
ECPG,$39.98,1440004266786,"47,384",100% bullish,of 2 ratings,$52
ECYT,$5.23,1440004266817,"49,286",83% bullish,of 6 ratings,$12
ENTA,$40.14,1440004266867,"31,722",50% bullish,of 2 ratings,$42
WIRE,$33.56,1440004266897,"36,255",100% bearish,of 1 rating,$37
ENDP,$84.13,1440004266919,"249,696",50% bullish,of 6 ratings,$104
ELGX,$12.95,1440004267060,"104,873",75% bullish,of 4 ratings,$17
EIGI,$15.74,1440004267151,"270,510",67% bearish,of 3 ratings,$20
ERII,$2.9,1440004267254,"40,567",80% bullish,of 5 ratings,$2.50
WATT,$6.95,1440004267321,"42,536",50% bullish,of 2 ratings,$13
EXXI,$1.62,1440004267470,"422,369",86% bullish,of 7 ratings,$3.50
ENPH,$4.92,1440004267526,"175,070",75% bullish,of 4 ratings,$11
ENOC,$8.42,1440004267557,"62,604",75% bullish,of 4 ratings,$18
ENFC,$18.28,1440004267607,"1,995",Not yet rated,NULL,N/A
EFOI,$16.42,1440004267656,"413,451",50% bullish,of 2 ratings,$17
ESGR,$153.3028,1440004267690,"5,315",100% bearish,of 1 rating,$185
ENG,$1.04,1440004267718,"4,475",100% bullish,of 3 ratings,N/A
ENTL,$22.42,1440004267793,"6,196",Not yet rated,NULL,$28
ETRM,$0.25,1440004267945,"411,396",69% bearish,of 35 ratings,$1.625
ENTG,$14.36,1440004267991,"124,191",100% bearish,of 1 rating,$18
EBTC,$20.64,1440004268083,38,Not yet rated,NULL,N/A
EFSC,$24.9,1440004268137,"8,323",Not yet rated,NULL,$27
EGT,$2.2,1440004268186,505,100% bullish,of 1 rating,N/A
ENVI,$1.8,1440004268267,"1,200",67% bullish,of 3 ratings,N/A
ENZY,$9.03,1440004268323,"15,722",67% bullish,of 3 ratings,$9.50
ENZN,$1.062,1440004268351,"267,390",100% bullish,of 9 ratings,N/A
EPIQ,$14.15,1440004268430,"19,114",100% bearish,of 1 rating,$18
EPRS,$5.03,1440004268484,"65,820",82% bullish,of 11 ratings,$15
EPZM,$17.04,1440004268510,"93,471",60% bullish,of 5 ratings,$34
EQIX,$285.86,1440004268692,"103,493",67% bullish,of 3 ratings,$312.50
EQFN,NULL,1440004268757,0,Not yet rated,NULL,N/A
PLUS,$76.14,1440004268782,"15,365",50% bullish,of 2 ratings,$88
ERIC,$10.1,1440004268835,"824,892",63% bullish,of 8 ratings,$13.30
EAC,$3.7,1440004268861,"5,851",100% bearish,of 1 rating,$8
ESCA,$18.2,1440004269038,"4,325",100% bearish,of 1 rating,$22
ERIE,$87.47,1440004269068,"2,962",Not yet rated,NULL,$73
ESCR,$0.2,1440004269095,"24,358",50% bullish,of 2 ratings,N/A
ESCRP,$1.67,1440004269173,"2,000",100% bearish,of 1 rating,N/A
ESMC,$1.35,1440004269231,200,Not yet rated,NULL,N/A
ESSA,$12.9601,1440004269263,"6,856",100% bearish,of 1 rating,N/A
EPIX,NULL,1440004269284,0,Not yet rated,NULL,N/A
ESPR,$56.83,1440004269318,"1,421,158",67% bearish,of 9 ratings,$130
ESND,$35.95,1440004269570,"30,812",100% bearish,of 1 rating,$40
ESSX,$0.4999,1440004269626,"49,513",50% bullish,of 2 ratings,N/A
ETSY,$15.07,1440004269653,"312,164",80% bullish,of 5 ratings,$16
CLWT,$2.5,1440004269782,718,100% bearish,of 1 rating,N/A
EVEP,$8.1801,1440004269823,"191,995",50% bullish,of 2 ratings,$15
ESEA,$6.219,1440004269869,250,100% bullish,of 1 rating,$15
EVK,$4.057,1440004269919,560,75% bearish,of 4 ratings,N/A
EEFT,$68.43,1440004269946,"31,092",100% bearish,of 1 rating,$67.50
EVOL,$6.2481,1440004270088,"10,668",75% bullish,of 4 ratings,$10
EVLV,$2.25,1440004270122,"43,786",60% bullish,of 5 ratings,$6.50
EVOK,$4.4701,1440004270144,"198,154",100% bearish,of 1 rating,$13.75
EXAS,$22.55,1440004270184,"350,964",78% bullish,of 9 ratings,$31
EXA,$10.7,1440004270274,"18,677",100% bearish,of 1 rating,$13
EXEL,$5.715,1440004270302,"1,266,576",81% bullish,of 16 ratings,$6
EXAC,$18.6999,1440004270329,"10,802",100% bearish,of 1 rating,$22.50
EXFO,$2.89,1440004270461,"1,469",67% bearish,of 3 ratings,$3.95
EXLS,$37.165,1440004270711,"44,776",100% bullish,of 1 rating,$41
ESRX,$89.45,1440004270738,"1,012,128",67% bearish,of 6 ratings,$101
EXPE,$122.67,1440004270770,"155,647",64% bullish,of 11 ratings,$130
EXTR,$2.95,1440004270792,"248,755",80% bullish,of 5 ratings,$3
EXPO,$43.5,1440004270826,"11,837",100% bearish,of 1 rating,$45.50
EXLP,$20.33,1440004270872,"23,466",100% bearish,of 1 rating,$27
EXPD,$49.71,1440004270924,"377,288",80% bullish,of 5 ratings,$50.50
EYEG,$4.06,1440004271017,"30,288",Not yet rated,NULL,N/A
EZCH,$21.87,1440004271150,"50,683",75% bullish,of 8 ratings,$19.50
EZPW,$6.08,1440004271192,"181,931",50% bullish,of 4 ratings,$7.50
EYEGW,$1.2,1440004271245,33,Not yet rated,NULL,N/A
FFIV,$133.22,1440004271283,"141,351",71% bullish,of 7 ratings,$132
FB,$94.936,1440004271416,"6,651,409",73% bullish,of 1065 ratings,$111
FRP,$17.63,1440004271443,"7,922",100% bearish,of 1 rating,$18
FCS,$13.87,1440004271472,"219,917",67% bearish,of 3 ratings,$17
FWM,$2.22,1440004271632,"90,106",100% bearish,of 2 ratings,$3.20
DAVE,$14.35,1440004271684,"19,748",100% bearish,of 1 rating,$15.50
FALC,$1.67,1440004271727,"15,212",63% bearish,of 8 ratings,N/A
FARM,$22.36,1440004271787,"5,256",100% bearish,of 1 rating,$35
FFKT,$26.97,1440004271827,"3,099",Not yet rated,NULL,$29
FMNB,$8.04,1440004271855,"13,121",Not yet rated,NULL,N/A
FAST,$40.17,1440004271989,"296,905",80% bullish,of 5 ratings,$46
FARO,$40.21,1440004272018,"16,788",50% bullish,of 2 ratings,$48
FATE,$7.01,1440004272064,"43,344",50% bullish,of 2 ratings,$11
FBSS,$15.45,1440004272194,300,Not yet rated,NULL,N/A
FDML,$9.42,1440004272254,"96,579",50% bullish,of 4 ratings,$14
FBRC,$23.09,1440004272279,"5,927",100% bearish,of 1 rating,$29
FNHC,$23.25,1440004272329,"45,051",100% bearish,of 1 rating,$35
FENX,$9.75,1440004272471,"21,261",100% bullish,of 1 rating,$14.25
FHCO,$1.41,1440004272505,"22,891",50% bullish,of 4 ratings,N/A
FEIC,$81.07,1440004272533,"101,009",50% bullish,of 2 ratings,$95.50
FCSC,$6.05,1440004272602,"132,087",100% bearish,of 1 rating,$8.125
ONEQ,$196.9,1440004272663,"3,534",100% bullish,of 1 rating,N/A
LION,$20.05,1440004272795,"12,053",100% bullish,of 1 rating,$20
FGEN,$24.98,1440004272821,"96,193",100% bearish,of 1 rating,$39
FDUS,$14.88,1440004272852,"16,125",100% bullish,of 1 rating,$18
FRGI,$54.37,1440004272953,"42,456",50% bullish,of 2 ratings,$70
FSC,$6.47,1440004272983,"241,347",75% bullish,of 4 ratings,$8
FSCFL,$25.26,1440004273083,"5,476",Not yet rated,NULL,N/A
FSAM,$8.7,1440004273124,"2,158",100% bearish,of 1 rating,$11
FSFR,$9.07,1440004273213,"38,807",100% bearish,of 1 rating,$11.50
FITBI,$27.71,1440004273275,"4,924",Not yet rated,NULL,N/A
FITB,$21.08,1440004273311,"1,207,881",54% bullish,of 13 ratings,$22
FNGN,$35.87,1440004273345,"70,259",67% bullish,of 3 ratings,$47
FISI,$25,1440004273408,"12,017",100% bullish,of 2 ratings,$24.50
FNTC,NULL,1440004273742,0,Not yet rated,NULL,N/A
FNJN,$1.65,1440004273772,"49,287",100% bearish,of 1 rating,$5
FNSR,$16.91,1440004273794,"224,186",71% bullish,of 7 ratings,$24.50
FNTCW,NULL,1440004273872,0,Not yet rated,NULL,N/A
FNTCU,NULL,1440004273928,0,Not yet rated,NULL,N/A
FRBA,$6.013,1440004273998,"2,000",Not yet rated,NULL,$8
FEYE,$43.53,1440004274102,"1,255,470",87% bullish,of 15 ratings,$55.50
FNLC,$18.59,1440004274128,"4,344",100% bullish,of 1 rating,N/A
FBNC,$17.21,1440004274177,"17,232",100% bullish,of 1 rating,$20
BUSE,$6.42,1440004274205,"24,935",Not yet rated,NULL,$6.875
FCVA,NULL,1440004274262,0,Not yet rated,NULL,N/A
FBIZ,$44.13,1440004274366,"4,024",100% bearish,of 2 ratings,$52
FCAP,$26.85,1440004274399,"5,061",Not yet rated,NULL,N/A
FCNCA,$248.52,1440004274430,678,Not yet rated,NULL,N/A
FCFS,$38.3,1440004274534,"26,465",100% bearish,of 2 ratings,$48
FCLF,$9.2037,1440004274640,302,Not yet rated,NULL,N/A
FCFP,$6.9069,1440004274813,"1,000",Not yet rated,NULL,N/A
FCBC,$18.1,1440004274883,"2,873",Not yet rated,NULL,$18
FFNM,NULL,1440004275011,0,Not yet rated,NULL,N/A
FBNK,$16.19,1440004275045,"5,153",100% bearish,of 1 rating,$17.50
FDEF,$37.71,1440004275067,"11,326",Not yet rated,NULL,$38
FCCO,$12,1440004275089,"11,507",Not yet rated,NULL,$13.25
FFBC,$19.45,1440004275138,"44,449",67% bearish,of 3 ratings,$20.25
FFBCW,NULL,1440004275222,0,100% bearish,of 1 rating,N/A
FFIN,$32.33,1440004275248,"32,914",50% bullish,of 2 ratings,$31.75
THFF,$33.81,1440004275288,"8,765",Not yet rated,NULL,$35
FFWM,$21.29,1440004275421,"8,818",Not yet rated,NULL,$24
FFNW,$12.52,1440004275448,"11,392",Not yet rated,NULL,$14
FIBK,$27.99,1440004275491,"14,878",Not yet rated,NULL,$32
INBK,$34.25,1440004275516,"4,275",50% bullish,of 2 ratings,$37
FRME,$26.1,1440004275734,"76,378",Not yet rated,NULL,$26.50
FMBH,$21.75,1440004275761,"2,679",Not yet rated,NULL,N/A
FMBI,$18.58,1440004275815,"66,230",Not yet rated,NULL,$20
FNWB,$12.2,1440004275901,"1,200",Not yet rated,NULL,N/A
FSFG,NULL,1440004275930,0,Not yet rated,NULL,N/A
FNFG,$9.7,1440004275960,"347,031",80% bullish,of 5 ratings,$9
FNBC,$35.65,1440004276001,"14,985",Not yet rated,NULL,$41.50
FSGI,$2.5,1440004276058,"1,102",Not yet rated,NULL,N/A
FSLR,$49.101,1440004276264,"965,712",74% bullish,of 39 ratings,$65
BICK,$20.23,1440004276293,266,100% bullish,of 1 rating,N/A
FBZ,NULL,1440004276336,0,Not yet rated,NULL,N/A
FSBK,$7.77,1440004276362,100,100% bullish,of 1 rating,N/A
FCAN,$25.01,1440004276428,"1,000",Not yet rated,NULL,N/A
FTCS,$38.3725,1440004276492,"7,300",Not yet rated,NULL,N/A
FCA,$21.5201,1440004276620,250,Not yet rated,NULL,N/A
FV,$24.5799,1440004276680,"663,558",Not yet rated,NULL,N/A
FEUZ,$32.05,1440004276781,"1,658",Not yet rated,NULL,N/A
IFV,$18.443,1440004276811,"227,988",100% bearish,of 1 rating,N/A
FEMB,NULL,1440004276836,0,Not yet rated,NULL,N/A
FTSM,$59.9499,1440004276862,"2,736",100% bearish,of 1 rating,N/A
TDIV,$25.61,1440004276888,"43,653",100% bearish,of 1 rating,N/A
MDIV,$19.754,1440004277028,"94,251",Not yet rated,NULL,N/A
FGM,$36.5799,1440004277077,"14,414",Not yet rated,NULL,N/A
FTGC,$22.52,1440004277210,"22,827",Not yet rated,NULL,N/A
HYLS,$49.8067,1440004277237,"28,999",100% bearish,of 1 rating,N/A
FTHI,NULL,1440004277259,0,Not yet rated,NULL,N/A
FHK,$34.5101,1440004277393,"18,697",Not yet rated,NULL,N/A
FPXI,NULL,1440004277438,0,Not yet rated,NULL,N/A
YDIV,$16.91,1440004277525,"3,386",Not yet rated,NULL,N/A
SKYY,$30.3208,1440004277593,"17,667",100% bullish,of 1 rating,N/A
CU,$12.8199,1440004277623,"3,890",100% bearish,of 1 rating,N/A
PLTM,$6.39,1440004277653,"1,732",100% bearish,of 1 rating,N/A
FJP,$49.534,1440004277756,"13,701",Not yet rated,NULL,N/A
LMBS,$50.4663,1440004277820,200,Not yet rated,NULL,N/A
FTLB,NULL,1440004277846,0,100% bearish,of 1 rating,N/A
QABA,$39.34,1440004277892,"1,477",100% bearish,of 1 rating,N/A
FMB,$51.1995,1440004278024,"4,033",Not yet rated,NULL,N/A
FONE,$35.8301,1440004278109,630,Not yet rated,NULL,N/A
CIBR,$19.41,1440004278166,"29,575",Not yet rated,NULL,N/A
QCLN,$15.69,1440004278250,"12,538",Not yet rated,NULL,N/A
CARZ,$36.361,1440004278300,606,100% bearish,of 1 rating,N/A
GRID,$34.42,1440004278343,201,100% bearish,of 1 rating,N/A
QQEW,$43.7891,1440004278445,"42,648",Not yet rated,NULL,N/A
RDVY,$22.32,1440004278475,200,Not yet rated,NULL,N/A
QQXT,$42.588,1440004278578,"2,604",Not yet rated,NULL,N/A
QTEC,$41.7799,1440004278621,"10,982",Not yet rated,NULL,N/A
AIRR,$16.8,1440004278710,"2,100",100% bearish,of 1 rating,N/A
QINC,NULL,1440004278746,0,Not yet rated,NULL,N/A
FTSL,$48.92,1440004278767,"15,497",100% bearish,of 1 rating,N/A
FDIV,$46.02,1440004278842,"2,902",100% bearish,of 1 rating,N/A
FKO,$22.96,1440004278872,75,Not yet rated,NULL,N/A
FSZ,$40.307,1440004279021,"10,874",Not yet rated,NULL,N/A
FKU,$43.3701,1440004279181,"15,554",Not yet rated,NULL,N/A
FTW,NULL,1440004279216,0,Not yet rated,NULL,N/A
TUSA,$26.05,1440004279252,"4,086",Not yet rated,NULL,N/A
FUNC,$8.37,1440004279282,"1,779",Not yet rated,NULL,N/A
FMER,$18.65,1440004279350,"280,384",50% bullish,of 2 ratings,$20
SVVC,$10.7891,1440004279385,"3,606",100% bullish,of 1 rating,$26
FISV,$89.58,1440004279435,"179,322",100% bearish,of 3 ratings,$90
FSV,$31.4,1440004279461,"11,821",Not yet rated,NULL,$33.60
FIVE,$36.82,1440004279598,"123,813",75% bearish,of 4 ratings,$44
FPRX,$18.43,1440004279646,"141,798",50% bullish,of 2 ratings,$35
FIVN,$4.2,1440004279821,"137,809",100% bullish,of 1 rating,$8.50
FLML,$21.83,1440004279883,"35,281",50% bullish,of 2 ratings,$30
FLKS,$14.23,1440004279908,"18,149",50% bullish,of 2 ratings,$27
FLXN,$24.26,1440004279957,"28,603",100% bearish,of 1 rating,$39.50
SKOR,$50.01,1440004279982,"1,500",Not yet rated,NULL,N/A
FLXS,$34.3,1440004280187,"40,817",100% bearish,of 2 ratings,N/A
FLIR,$30.125,1440004280246,"172,592",100% bearish,of 1 rating,$38.50
FLEX,$10.94,1440004280272,"578,118",63% bullish,of 8 ratings,$12
FOGO,$18.72,1440004280317,"108,150",50% bullish,of 2 ratings,$25.50
MBSD,$24.89,1440004280378,"9,130",Not yet rated,NULL,N/A
FFIC,$20.86,1440004280399,"11,182",Not yet rated,NULL,$21
FLDM,$12.86,1440004280421,"116,463",67% bearish,of 3 ratings,$21.50
FOMX,$10.5,1440004280458,"65,713",50% bullish,of 2 ratings,$23.50
FONR,$9.5,1440004280643,"2,563",100% bullish,of 1 rating,N/A
FES,$0.93,1440004280786,"2,201",50% bullish,of 2 ratings,$1
FORM,$6.3502,1440004280813,"54,841",67% bullish,of 3 ratings,$10.50
FORTY,$34.63,1440004280834,"1,016",Not yet rated,NULL,N/A
FWRD,$48.52,1440004280969,"146,208",100% bearish,of 1 rating,$50
FORR,$32.44,1440004281028,"33,471",Not yet rated,NULL,N/A
FTNT,$47.48,1440004281104,"257,914",80% bullish,of 10 ratings,$52
FBIO,$2.97,1440004281170,"49,546",83% bullish,of 6 ratings,N/A
FWP,$26.26,1440004281203,"10,545",100% bearish,of 1 rating,$45
FOSL,$62.27,1440004281225,"250,946",50% bullish,of 4 ratings,$70
FORD,$1.052,1440004281266,"120,528",50% bullish,of 2 ratings,N/A
FMI,$20.02,1440004281296,"84,933",100% bearish,of 2 ratings,$27.50
FXCB,$17.21,1440004281369,"2,203",Not yet rated,NULL,$19
FOXF,$15.575,1440004281430,"10,174",100% bearish,of 1 rating,$19
FRAN,$10.48,1440004281531,"260,141",50% bullish,of 4 ratings,$15
FELE,$29.54,1440004281709,"167,698",50% bullish,of 4 ratings,$33
FRED,$14.51,1440004281841,"58,004",50% bullish,of 2 ratings,$16.50
FRPT,$13.99,1440004281890,"161,116",67% bearish,of 3 ratings,$23.50
FEIM,$10.849,1440004281921,551,100% bearish,of 1 rating,N/A
RAIL,$21.4,1440004281948,"21,185",100% bearish,of 1 rating,$24.50
FREE,$0.5001,1440004281970,"297,455",92% bullish,of 12 ratings,N/A
FTR,$5.345,1440004281991,"4,852,844",78% bullish,of 27 ratings,$6.25
FRPH,$31.34,1440004282125,100,100% bearish,of 1 rating,N/A
FTD,$30.68,1440004282261,"16,945",100% bearish,of 1 rating,$40
FTEK,$2.1302,1440004282323,"17,865",75% bullish,of 4 ratings,N/A
FSYS,$6.55,1440004282354,"18,628",67% bullish,of 3 ratings,$10
FTRPR,$104.46,1440004282375,"70,600",100% bearish,of 1 rating,N/A
FSBW,NULL,1440004282409,0,Not yet rated,NULL,N/A
FCEL,$0.8254,1440004282460,"373,814",88% bullish,of 40 ratings,$2.65
FULL,$3.2,1440004282565,"8,052",67% bearish,of 3 ratings,$4.25
FULLL,$25.5,1440004282742,400,Not yet rated,NULL,N/A
FSNN,$2.5501,1440004282788,"1,600",67% bullish,of 3 ratings,$6
FULT,$13.05,1440004282823,"174,767",100% bearish,of 1 rating,$13
FLL,$1.56,1440004282849,"12,092",75% bullish,of 4 ratings,$2.825
FXEN,$1.015,1440004282875,"16,165",75% bullish,of 4 ratings,$1.10
FFHL,NULL,1440004282919,0,50% bullish,of 4 ratings,N/A
FXENP,$16.4,1440004283020,300,100% bearish,of 1 rating,N/A
GK,$71.46,1440004283127,"10,629",Not yet rated,NULL,$78
WILC,$5.1181,1440004283160,100,100% bullish,of 2 ratings,N/A
GAIA,$5.98,1440004283294,"7,701",50% bullish,of 2 ratings,$8.50
GLPG,$63.62,1440004283324,"5,119",100% bullish,of 1 rating,$75
GALT,$2.0947,1440004283428,"82,843",80% bullish,of 5 ratings,N/A
GALTU,NULL,1440004283529,0,100% bearish,of 1 rating,N/A
GALTW,NULL,1440004283659,0,100% bullish,of 1 rating,N/A
GLMD,$8.7668,1440004283698,"9,300",67% bullish,of 3 ratings,$20.50
GPIC,$11.39,1440004283740,210,100% bearish,of 1 rating,N/A
GLPI,$33.29,1440004283765,"118,472",100% bearish,of 1 rating,$37.50
GGACR,NULL,1440004283960,0,100% bullish,of 1 rating,N/A
GRMN,$39.69,1440004284010,"213,228",50% bullish,of 6 ratings,$48
GALE,$1.41,1440004284066,"354,413",89% bullish,of 47 ratings,$4
GGAC,NULL,1440004284141,0,100% bearish,of 1 rating,N/A
GGACU,NULL,1440004284177,0,Not yet rated,NULL,N/A
GGACW,NULL,1440004284205,0,Not yet rated,NULL,N/A
GARS,$14.7611,1440004284277,"9,850",Not yet rated,NULL,$16
GENC,$9.4315,1440004284302,297,100% bearish,of 1 rating,N/A
GNCMA,$17.6,1440004284507,"23,330",100% bearish,of 1 rating,$12
GFN,$3.835,1440004284653,"11,498",100% bearish,of 2 ratings,$8
GFNCP,NULL,1440004284714,0,Not yet rated,NULL,N/A
GFNSL,$26.1,1440004284804,"1,135",Not yet rated,NULL,N/A
GNMK,$9.41,1440004284845,"62,393",67% bullish,of 6 ratings,$14
GENE,$2.6595,1440004284874,"30,852",100% bullish,of 12 ratings,N/A
GNCA,$12.14,1440004284976,"71,504",100% bearish,of 1 rating,$20
GNTX,$15.9,1440004285002,"702,634",Not yet rated,NULL,$20
GHDX,$26.16,1440004285070,"49,858",50% bullish,of 2 ratings,$30
THRM,$46.94,1440004285137,"51,826",75% bearish,of 4 ratings,$55.50
GTWN,$18.27,1440004285198,400,Not yet rated,NULL,N/A
GNVC,$2.3201,1440004285224,"3,880",90% bullish,of 10 ratings,$8.50
GABC,$29.48,1440004285298,"2,135",Not yet rated,NULL,$31.50
GEOS,$15.55,1440004285327,"47,216",100% bearish,of 3 ratings,$25.50
GEVO,$2.49,1440004285477,"1,430,543",75% bullish,of 12 ratings,N/A
GERN,$3.23,1440004285533,"500,266",88% bullish,of 16 ratings,$5.25
ROCK,$18.5,1440004285669,"29,874",80% bullish,of 5 ratings,$24
GIGM,$0.6401,1440004285699,"13,508",100% bullish,of 2 ratings,N/A
GIII,$68.91,1440004285777,"50,348",67% bullish,of 3 ratings,$75
GIGA,$1.45,1440004285810,"16,998",100% bearish,of 1 rating,N/A
GILT,$4.525,1440004285862,"12,076",50% bullish,of 2 ratings,N/A
GILD,$115.97,1440004285910,"2,097,565",91% bullish,of 86 ratings,$129
GBCI,$27.72,1440004285938,"23,011",50% bullish,of 2 ratings,$31
GOOD,$15.65,1440004286070,"15,951",Not yet rated,NULL,$19
GLAD,$8.235,1440004286107,"21,255",50% bullish,of 2 ratings,$8.75
GLADO,$25.4,1440004286128,750,Not yet rated,NULL,N/A
GOODO,$25.175,1440004286210,200,Not yet rated,NULL,N/A
GAIN,$7.8,1440004286368,"88,752",100% bullish,of 2 ratings,$8.25
GOODN,$25.629,1440004286400,"1,000",Not yet rated,NULL,N/A
GOODP,$25.0199,1440004286545,"2,629",Not yet rated,NULL,N/A
GAINO,$25.3001,1440004286605,400,Not yet rated,NULL,N/A
GAINN,$25.116,1440004286677,"21,300",Not yet rated,NULL,N/A
GAINP,$26.1,1440004286753,"1,275",Not yet rated,NULL,N/A
LAND,$9.31,1440004286779,"9,509",50% bullish,of 2 ratings,$13.75
GDEF,NULL,1440004286806,0,Not yet rated,NULL,N/A
GLBZ,NULL,1440004286861,0,Not yet rated,NULL,N/A
GBT,$42.75,1440004286966,"93,958",100% bearish,of 1 rating,N/A
ENT,$12.6,1440004286995,"46,631",100% bearish,of 1 rating,$18
GBLI,$26.93,1440004287023,"4,275",Not yet rated,NULL,N/A
GPACU,NULL,1440004287156,0,Not yet rated,NULL,N/A
GSOL,$8.53,1440004287287,900,100% bearish,of 1 rating,N/A
ACTX,$14.0447,1440004287312,190,100% bullish,of 1 rating,N/A
QQQC,$20.9134,1440004287473,"1,088",100% bearish,of 1 rating,N/A
ALTY,NULL,1440004287506,0,Not yet rated,NULL,N/A
SRET,$13.8484,1440004287555,265,Not yet rated,NULL,N/A
SOCL,$18.2601,1440004287580,"9,660",100% bullish,of 2 ratings,N/A
YLCO,NULL,1440004287612,0,Not yet rated,NULL,N/A
GBIM,$2.1214,1440004287710,"9,750",50% bullish,of 2 ratings,N/A
GSM,$13.53,1440004287796,"87,343",50% bullish,of 2 ratings,$24.50
GLRI,$1.22,1440004287853,"2,600",100% bearish,of 1 rating,$6
GAI,$5.42,1440004287903,"2,137",50% bullish,of 2 ratings,N/A
GLUU,$4.6501,1440004287998,"561,834",92% bullish,of 26 ratings,$9
GLBS,$1.15,1440004288029,100,67% bullish,of 3 ratings,N/A
GOGO,$16.14,1440004288130,"156,750",80% bullish,of 5 ratings,$25
GLYC,$7.26,1440004288165,"1,600",50% bullish,of 2 ratings,$14
GLNG,$37.72,1440004288263,"238,508",83% bullish,of 6 ratings,$58
GMLP,$19.715,1440004288346,"126,895",50% bullish,of 4 ratings,$32.50
GLDC,$4.149,1440004288490,400,50% bullish,of 2 ratings,N/A
GDEN,$8.785,1440004288523,"9,977",50% bullish,of 2 ratings,N/A
GTIM,$6.955,1440004288550,"9,718",Not yet rated,NULL,$11.50
GOGL,$3.4,1440004288625,"149,881",75% bullish,of 4 ratings,$5
GOOG,$660.39,1440004288683,"352,530",89% bullish,of 65 ratings,$795
GBDC,$16.5301,1440004288778,"32,261",Not yet rated,NULL,$17.75
GOOGL,$693.765,1440004288805,"466,173",88% bullish,of 1078 ratings,$747
GPRO,$55.0519,1440004288885,"2,388,554",79% bullish,of 58 ratings,$72
GMAN,$4.63,1440004288953,"11,154",60% bullish,of 5 ratings,$8
GPIAU,NULL,1440004289083,0,Not yet rated,NULL,N/A
GPIA,NULL,1440004289116,0,Not yet rated,NULL,N/A
LOPE,$38.05,1440004289145,"115,440",100% bearish,of 2 ratings,$50
GPIAW,NULL,1440004289218,0,Not yet rated,NULL,N/A
GBSN,$2.23,1440004289306,"46,425",100% bearish,of 1 rating,$8.25
GBSNU,$16.8,1440004289348,"1,640",Not yet rated,NULL,N/A
GRVY,$3.673,1440004289373,975,50% bullish,of 2 ratings,N/A
GLDD,$5.79,1440004289584,"103,117",100% bearish,of 4 ratings,$7.75
GSBC,$41.54,1440004289612,"6,252",100% bullish,of 1 rating,$44
GNBC,$12.94,1440004289641,"1,149",100% bearish,of 1 rating,$17
GRBK,$14.16,1440004289805,"58,354",77% bullish,of 13 ratings,N/A
GPRE,$21.12,1440004289838,"128,397",67% bullish,of 6 ratings,$28.50
GPP,$14.8,1440004289868,"1,660",Not yet rated,NULL,$20.50
GCBC,NULL,1440004289937,0,100% bullish,of 1 rating,N/A
GLRE,$26.57,1440004289963,"37,154",100% bullish,of 1 rating,$41
GRFS,$31.81,1440004290014,"77,278",50% bullish,of 2 ratings,$35
OMAB,$41.45,1440004290171,"4,444",100% bullish,of 1 rating,$44
GRPN,$4.21,1440004290200,"2,744,708",61% bullish,of 71 ratings,$6.75
GRIF,NULL,1440004290229,0,100% bearish,of 1 rating,N/A
GGAL,$19.88,1440004290258,"103,077",80% bullish,of 5 ratings,$40
GSIG,$13.43,1440004290364,"4,314",100% bearish,of 2 ratings,N/A
GSIT,$4.9,1440004290421,"45,602",100% bearish,of 1 rating,N/A
GSVC,$9.55,1440004290464,"6,619",50% bullish,of 2 ratings,$14.50
GTXI,$0.949,1440004290678,"34,741",100% bullish,of 5 ratings,$.75
GBNK,$16.07,1440004290755,"4,525",100% bearish,of 1 rating,$18
GFED,NULL,1440004290783,0,Not yet rated,NULL,$17
GULTU,$0.3102,1440004290805,"996,881",100% bearish,of 1 rating,N/A
GUID,$8.635,1440004290851,"20,502",100% bearish,of 3 ratings,$10
GPOR,$33.64,1440004290952,"645,073",75% bullish,of 4 ratings,$55
GIFI,$12.89,1440004290975,"37,574",100% bearish,of 1 rating,$16
GURE,$1.805,1440004291002,"48,578",88% bullish,of 8 ratings,N/A
GWPH,$112.85,1440004291149,"47,097",78% bullish,of 9 ratings,$148.50
GWGH,NULL,1440004291182,0,100% bearish,of 1 rating,$15.05
GYRO,$3,1440004291285,"1,044",100% bearish,of 1 rating,N/A
HEES,$16.95,1440004291311,"107,717",67% bearish,of 3 ratings,$31
HLG,$9.4966,1440004291370,"3,103",100% bearish,of 1 rating,N/A
HNRG,$7.42,1440004291526,"20,551",100% bearish,of 1 rating,$10
HALO,$18.435,1440004291556,"532,082",67% bullish,of 3 ratings,$22.50
HALL,$11.78,1440004291594,"8,186",Not yet rated,NULL,N/A
HBHC,$28.49,1440004291729,"125,460",50% bullish,of 2 ratings,$30
HBK,$13.7,1440004291754,100,50% bullish,of 2 ratings,N/A
HMPR,$1.9214,1440004291797,"6,985",100% bullish,of 1 rating,N/A
HBHCL,$24.57,1440004291893,"11,597",Not yet rated,NULL,N/A
HNH,$28.6,1440004291959,"8,975",100% bullish,of 1 rating,N/A
HAFC,$25.59,1440004292033,"49,087",100% bullish,of 2 ratings,$28.50
HNSN,$0.515,1440004292062,"25,820",88% bullish,of 8 ratings,$.40
HLIT,$5.875,1440004292138,"72,919",100% bearish,of 1 rating,$6.50
HQCL,$10.35,1440004292282,"4,345",67% bullish,of 3 ratings,N/A
HDNG,$10.75,1440004292353,"3,500",50% bullish,of 4 ratings,N/A
HRMNW,NULL,1440004292454,0,Not yet rated,NULL,N/A
TINY,$2.49,1440004292489,"10,500",50% bullish,of 2 ratings,$5.26
HRMNU,NULL,1440004292517,0,Not yet rated,NULL,N/A
HRMN,NULL,1440004292546,0,Not yet rated,NULL,N/A
HART,$0.6104,1440004292653,"77,603",100% bearish,of 1 rating,N/A
HBIO,$4.5,1440004292683,"7,083",Not yet rated,NULL,$10
HCAP,$12.2179,1440004292854,"3,225",50% bullish,of 2 ratings,$15
HCAPL,NULL,1440004292951,0,Not yet rated,NULL,N/A
HA,$25.56,1440004292981,"130,938",67% bullish,of 9 ratings,$27
HAS,$79.3101,1440004293056,"211,167",63% bullish,of 8 ratings,$84.50
HCOM,$22.76,1440004293078,"1,854",100% bearish,of 1 rating,$28
HWKN,$36.045,1440004293159,"5,401",Not yet rated,NULL,N/A
HWBK,NULL,1440004293219,0,100% bearish,of 1 rating,N/A
HAYN,$39.16,1440004293381,"11,049",100% bearish,of 1 rating,$59
HDS,$34.5,1440004293408,"221,479",100% bearish,of 2 ratings,$39.50
HCSG,$34.49,1440004293616,"104,850",50% bullish,of 4 ratings,$35
HIIQ,$4.6345,1440004293646,"16,071",50% bullish,of 2 ratings,$7
HSTM,$25.2501,1440004293668,"33,109",50% bullish,of 2 ratings,$33.75
HWAY,$12.46,1440004293691,"112,552",100% bearish,of 1 rating,$15
HQY,$32.69,1440004293720,"68,183",67% bullish,of 3 ratings,$31
HTWR,$88.29,1440004293892,"43,336",50% bullish,of 2 ratings,$103
HTLD,$21.05,1440004293987,"69,480",Not yet rated,NULL,$22.50
HTBX,$5.65,1440004294023,"9,165",50% bullish,of 2 ratings,$15.50
HSII,$20.2,1440004294055,"14,596",100% bullish,of 3 ratings,$25
HTLF,$37.41,1440004294155,"6,768",100% bullish,of 1 rating,$39.50
HELE,$91.91,1440004294181,"55,034",67% bearish,of 3 ratings,$100
HMNY,$2.31,1440004294206,100,100% bearish,of 1 rating,N/A
HSIC,$146.65,1440004294418,"115,837",83% bullish,of 6 ratings,$146
HNNA,$23.25,1440004294448,450,Not yet rated,NULL,N/A
HCACU,$9.9801,1440004294475,"2,100",Not yet rated,NULL,N/A
HERO,$0.0713,1440004294657,"902,297",81% bullish,of 16 ratings,$.75
HMTV,$13.07,1440004294707,"10,098",100% bearish,of 1 rating,$16
HTBK,$10.94,1440004294734,"2,725",Not yet rated,NULL,$12
HFWA,$18.3999,1440004294756,"7,702",100% bullish,of 1 rating,$20
HCCI,$12.32,1440004294903,"1,486",100% bearish,of 1 rating,$16.50
HEOP,$7.93,1440004294944,"2,344",Not yet rated,NULL,$8.50
MLHR,$29.27,1440004295039,"47,968",50% bullish,of 2 ratings,$33.50
HRTX,$32.28,1440004295065,"89,954",67% bullish,of 6 ratings,$41
HSKA,$34.28,1440004295194,"14,844",100% bearish,of 1 rating,$38
HIBB,$40.14,1440004295223,"99,967",100% bearish,of 1 rating,$48.50
HFFC,NULL,1440004295292,0,Not yet rated,NULL,N/A
HIHO,$4.2201,1440004295438,"12,541",Not yet rated,NULL,N/A
HIMX,$6.63,1440004295499,"831,148",85% bullish,of 20 ratings,$8.50
HSGX,$6.53,1440004295528,"2,349",100% bearish,of 1 rating,$17
HPJ,$2.72,1440004295597,"9,827",75% bullish,of 4 ratings,$12.43
HIFS,$116,1440004295664,"2,529",Not yet rated,NULL,N/A
HOLI,$17.75,1440004295737,"103,831",50% bullish,of 4 ratings,$27
HMNF,$11.4,1440004295870,4,Not yet rated,NULL,N/A
HOLX,$42.0025,1440004295901,"445,068",67% bullish,of 3 ratings,$42
HMSY,$9.51,1440004295927,"261,003",67% bullish,of 3 ratings,$19.35
HBCP,$24.33,1440004296000,"3,220",Not yet rated,NULL,$29
HOMB,$40.66,1440004296058,"29,537",Not yet rated,NULL,$41
HFBL,NULL,1440004296091,0,Not yet rated,NULL,N/A
AWAY,$31.1,1440004296197,"456,162",67% bullish,of 3 ratings,$36
HMIN,$29.3,1440004296303,"44,545",100% bearish,of 2 ratings,$35
HTBI,$18.68,1440004296432,"5,607",67% bullish,of 3 ratings,$18.625
HKTV,$5.15,1440004296458,"18,000",100% bearish,of 1 rating,N/A
HMST,$21.78,1440004296531,"24,364",100% bullish,of 2 ratings,$27
CETC,$0.824,1440004296698,"30,274",86% bullish,of 7 ratings,N/A
HFBC,$11.65,1440004296734,"1,502",Not yet rated,NULL,N/A
HOFT,$24.63,1440004296830,"7,730",100% bearish,of 1 rating,N/A
HZNP,$31.37,1440004296859,"361,666",85% bullish,of 20 ratings,$40
ZINC,$7.6589,1440004296890,"387,498",100% bearish,of 1 rating,$17
HBNC,$25.08,1440004296919,"4,868",100% bullish,of 1 rating,$27
HRZN,$10.905,1440004296992,"14,507",100% bearish,of 1 rating,$14.25
HDP,$26.3,1440004297120,"87,758",67% bearish,of 3 ratings,$30.50
HWCC,$7.33,1440004297174,"9,605",100% bearish,of 1 rating,$9
HOVNP,$5.4501,1440004297274,"7,750",100% bearish,of 1 rating,N/A
HMHC,$22.55,1440004297494,"130,088",Not yet rated,NULL,$27
HBMD,$14.1475,1440004297527,186,100% bearish,of 1 rating,N/A
HSNI,$63.14,1440004297579,"44,662",Not yet rated,NULL,$80
HUBG,$41,1440004297605,"34,150",100% bearish,of 1 rating,$43
HTGM,$5.6825,1440004297635,"5,300",100% bearish,of 1 rating,$19.50
HSON,$3.032,1440004297662,"8,162",100% bearish,of 1 rating,$5
HCBK,$10.285,1440004297684,"304,425",83% bullish,of 6 ratings,$8.61
HDSN,$2.96,1440004297827,"21,086",100% bullish,of 1 rating,$6.25
HBAN,$11.73,1440004297957,"2,377,487",76% bullish,of 17 ratings,$12.50
HTCH,$1.67,1440004298057,"17,417",100% bearish,of 1 rating,$3.50
HURN,$75.34,1440004298088,"11,677",50% bullish,of 2 ratings,$80
HBANP,$1345,1440004298149,28,100% bearish,of 1 rating,N/A
HBP,$3.25,1440004298188,"1,080",100% bullish,of 1 rating,N/A
HURC,$30.415,1440004298234,"5,177",100% bearish,of 1 rating,N/A
HDRAU,$10.2,1440004298370,100,Not yet rated,NULL,N/A
HDRA,NULL,1440004298390,0,Not yet rated,NULL,N/A
HDRAR,NULL,1440004298422,0,Not yet rated,NULL,N/A
HDRAW,NULL,1440004298473,0,Not yet rated,NULL,N/A
HYGS,$7.54,1440004298615,"13,516",50% bullish,of 2 ratings,$13
IDSY,$3.925,1440004298679,"11,186",100% bearish,of 1 rating,$7
IBKC,$63.12,1440004298859,"55,619",100% bullish,of 1 rating,$70
IACI,$73.66,1440004298991,"175,340",75% bullish,of 4 ratings,$90
IKGH,$1.85,1440004299035,"59,952",75% bullish,of 4 ratings,N/A
ICLR,$80.4,1440004299065,"250,780",100% bearish,of 3 ratings,$85
IEP,$72.323,1440004299094,"35,689",75% bullish,of 4 ratings,$99
ICAD,$3.5,1440004299124,"25,789",50% bullish,of 2 ratings,$7.25
ICFI,$36.22,1440004299169,"18,410",50% bullish,of 2 ratings,$48.50
ICON,$13.0094,1440004299225,"228,917",50% bullish,of 2 ratings,$18.50
ICUI,$121.75,1440004299308,"20,622",Not yet rated,NULL,$122
DSKY,$12.125,1440004299547,"29,242",67% bullish,of 6 ratings,$11.50
INVE,$4.54,1440004299574,"99,604",75% bullish,of 4 ratings,$4
IDRA,$2.54,1440004299600,"613,371",89% bullish,of 9 ratings,$6.50
IPWR,$7.83,1440004299649,740,100% bullish,of 1 rating,$15
IRG,$4.42,1440004299818,"2,200",100% bearish,of 1 rating,$4.50
IDXX,$78.41,1440004299861,"131,559",100% bearish,of 1 rating,$77
IROQ,NULL,1440004299949,0,100% bullish,of 1 rating,N/A
IIVI,$17.79,1440004299976,"36,987",100% bearish,of 1 rating,$22
ILMN,$206.8,1440004300046,"188,654",80% bullish,of 5 ratings,$240
KANG,$16.21,1440004300075,"84,796",50% bullish,of 2 ratings,$22.55
IKAN,$2.72,1440004300105,"7,770",83% bullish,of 6 ratings,$5
IKNX,$11.45,1440004300137,"1,994",100% bearish,of 1 rating,N/A
RXDX,$12.99,1440004300242,"47,241",100% bullish,of 1 rating,$20
ISNS,$4.108,1440004300372,"3,700",50% bullish,of 2 ratings,N/A
ICCC,$8.61,1440004300503,"28,280",100% bullish,of 1 rating,N/A
IMMR,$12.2,1440004300550,"43,725",80% bullish,of 5 ratings,$15.50
IMNP,$1.46,1440004300698,"115,825",50% bullish,of 2 ratings,$6
IMGN,$13.1901,1440004300725,"272,719",75% bullish,of 4 ratings,$17.50
INCR,$43.96,1440004300758,"118,515",50% bullish,of 2 ratings,$53
IMDZ,$16.39,1440004300802,"43,431",100% bearish,of 1 rating,$33
IPXL,$46.855,1440004300861,"239,616",67% bullish,of 3 ratings,$46.50
IMMY,$7.7,1440004300896,803,100% bearish,of 1 rating,$11
IMMU,$1.86,1440004300961,"251,873",86% bullish,of 7 ratings,$2
SAAS,$7.87,1440004300996,"139,631",50% bullish,of 2 ratings,$15
INCY,$112.31,1440004301094,"332,584",50% bullish,of 6 ratings,$125.50
INDB,$48.03,1440004301169,"27,269",Not yet rated,NULL,$44
IBCP,$14.62,1440004301228,"14,335",100% bullish,of 1 rating,$14.50
IBTX,$43.79,1440004301420,"6,651",100% bullish,of 2 ratings,$47.25
INFN,$24.67,1440004301447,"396,360",71% bullish,of 7 ratings,$28
INFI,$9.26,1440004301582,"157,301",50% bullish,of 4 ratings,$18
IDSA,$3.69,1440004301615,302,Not yet rated,NULL,N/A
IPCC,$80.73,1440004301645,"6,042",Not yet rated,NULL,$77.50
IFON,$1.28,1440004301715,"65,382",75% bullish,of 4 ratings,N/A
III,$4.25,1440004301743,"23,881",57% bullish,of 7 ratings,$6
IMKTA,$54.32,1440004301784,"35,968",100% bearish,of 1 rating,N/A
INWK,$7.61,1440004301883,"23,545",50% bullish,of 2 ratings,$10
INOD,$2.545,1440004301946,"26,100",100% bearish,of 1 rating,N/A
IOSP,$46.6,1440004302049,"29,004",100% bearish,of 1 rating,N/A
INNL,$12.58,1440004302077,"3,044",100% bearish,of 1 rating,$16.50
IPHS,$48.77,1440004302103,"25,653",100% bearish,of 1 rating,$60
ISSC,$3.02,1440004302276,500,67% bearish,of 3 ratings,N/A
INGN,$50.37,1440004302323,"32,019",100% bearish,of 1 rating,$50.50
ITEK,$15.55,1440004302351,"297,777",67% bearish,of 3 ratings,$20
INOV,$21.38,1440004302480,"46,466",100% bearish,of 1 rating,$33
INO,$7.27,1440004302507,"286,068",89% bullish,of 18 ratings,$20
NSIT,$26.285,1440004302570,"27,758",50% bullish,of 2 ratings,N/A
INSM,$27.42,1440004302639,"43,046",71% bullish,of 7 ratings,$32
IIIN,$17.8,1440004302709,"6,842",100% bearish,of 2 ratings,N/A
ISIG,$2.537,1440004302741,"5,350",100% bearish,of 1 rating,N/A
PODD,$30.34,1440004302847,"86,337",50% bullish,of 2 ratings,$35
INSY,$34.04,1440004302876,"233,508",75% bullish,of 4 ratings,$48
NTEC,$5.89,1440004302905,"10,880",Not yet rated,NULL,N/A
IART,$61.71,1440004302975,"48,509",100% bearish,of 1 rating,$71.50
IDTI,$18.2667,1440004303141,"775,870",60% bullish,of 5 ratings,$25
IESC,$7.2,1440004303190,"2,754",100% bearish,of 1 rating,N/A
INTC,$28.42,1440004303246,"9,860,527",82% bullish,of 238 ratings,$36
IQNT,$20.1,1440004303277,"239,608",86% bullish,of 7 ratings,$20
ISSI,$22.28,1440004303306,"186,647",67% bullish,of 3 ratings,$19.75
IPCI,$2.15,1440004303380,"21,271",67% bullish,of 6 ratings,$7.75
IBKR,$41.85,1440004303449,"75,480",100% bullish,of 1 rating,N/A
IPAR,$28.625,1440004303517,"19,834",67% bullish,of 3 ratings,$38
ININ,$39.875,1440004303622,"33,985",67% bearish,of 3 ratings,$57
ICPT,$207.17,1440004303661,"70,044",70% bullish,of 10 ratings,$363
ICLDW,NULL,1440004303810,0,100% bearish,of 1 rating,N/A
IMI,$2.04,1440004303910,"1,330",67% bullish,of 3 ratings,$2.22
ICLD,$1.8989,1440004303955,"136,865",75% bullish,of 4 ratings,N/A
IDCC,$49.6,1440004303986,"54,228",80% bullish,of 5 ratings,$63
INAP,$8.71,1440004304043,"57,318",75% bullish,of 4 ratings,$11
TILE,$25.72,1440004304073,"106,817",67% bearish,of 3 ratings,$27
IBOC,$27.32,1440004304144,"20,104",100% bearish,of 1 rating,N/A
ISCA,$33.15,1440004304175,"17,343",100% bearish,of 1 rating,N/A
IIJI,NULL,1440004304218,0,50% bullish,of 2 ratings,$11.50
IGLD,$7.5101,1440004304304,"1,605",50% bullish,of 2 ratings,N/A
PTNT,$3,1440004304397,"7,600",Not yet rated,NULL,N/A
INTX,$2.48,1440004304647,"21,217",67% bullish,of 3 ratings,N/A
XENT,$29.61,1440004304682,"60,973",50% bullish,of 2 ratings,$36.50
INPH,$0.33,1440004304713,200,50% bullish,of 2 ratings,N/A
INTL,$27.55,1440004304784,"22,629",67% bearish,of 3 ratings,N/A
ISIL,$10.72,1440004304806,"400,356",50% bullish,of 6 ratings,$15
INTLL,$25.94,1440004304840,133,Not yet rated,NULL,N/A
IILG,$21.215,1440004304893,"23,852",100% bearish,of 1 rating,$30.50
IVAC,$4.84,1440004304939,"6,800",Not yet rated,NULL,$6.625
IIN,NULL,1440004305043,0,100% bearish,of 1 rating,$12
INTU,$106,1440004305079,"430,757",100% bullish,of 7 ratings,$107.50
ISRG,$526.345,1440004305119,"69,623",67% bullish,of 3 ratings,$600
ITCI,$29.9,1440004305185,"154,673",75% bearish,of 4 ratings,$40
INVT,$0.285,1440004305217,"7,679",67% bullish,of 3 ratings,N/A
SNAK,$8.82,1440004305316,"34,786",50% bullish,of 2 ratings,$14
ISTR,$15.75,1440004305410,989,100% bearish,of 1 rating,$18.50
NVIV,$10.8428,1440004305570,"154,321",50% bullish,of 4 ratings,$24.50
ISBC,$12.27,1440004305614,"367,776",100% bullish,of 1 rating,$13.25
ITIC,NULL,1440004305644,0,100% bearish,of 2 ratings,N/A
IVTY,$11.79,1440004305703,"9,472",Not yet rated,NULL,$18
DFVL,NULL,1440004305745,0,Not yet rated,NULL,N/A
IPAS,$1.07,1440004305795,"40,304",67% bullish,of 3 ratings,N/A
IPCM,$79.32,1440004305891,"248,068",50% bullish,of 2 ratings,$80.125
IRMD,$26.4173,1440004305996,"6,961",67% bearish,of 3 ratings,$25
IRIX,$7.11,1440004306026,"4,200",100% bearish,of 1 rating,N/A
DTUL,NULL,1440004306047,0,Not yet rated,NULL,N/A
IPGP,$92.14,1440004306079,"132,709",100% bearish,of 2 ratings,$109.50
IRDM,$6.8,1440004306214,"178,584",60% bullish,of 5 ratings,$11.50
IRDMB,$267.2325,1440004306262,220,67% bearish,of 3 ratings,N/A
IRBT,$30.88,1440004306430,"65,790",67% bullish,of 6 ratings,$37
IRWD,$11.45,1440004306562,"217,596",100% bearish,of 1 rating,$13
IRCP,NULL,1440004306593,0,100% bullish,of 2 ratings,N/A
GNMA,$50.098,1440004306614,"2,695",Not yet rated,NULL,N/A
COMT,$32.8469,1440004306647,"5,434",100% bearish,of 1 rating,N/A
FCHI,$48.6487,1440004306694,"1,114",Not yet rated,NULL,N/A
IFAS,NULL,1440004306778,0,Not yet rated,NULL,N/A
IFEU,$39.9501,1440004306805,"38,244",Not yet rated,NULL,N/A
IFGL,$29.875,1440004306857,"19,101",Not yet rated,NULL,N/A
IFNA,NULL,1440004306993,0,Not yet rated,NULL,N/A
ACWX,$42.36,1440004307022,"149,242",100% bearish,of 1 rating,N/A
ACWI,$58.4,1440004307084,"237,650",Not yet rated,NULL,N/A
AXJS,NULL,1440004307151,0,Not yet rated,NULL,N/A
AAXJ,$54.85,1440004307185,"458,337",Not yet rated,NULL,N/A
EEMA,$51.7167,1440004307389,"11,962",Not yet rated,NULL,N/A
AAIT,$30.49,1440004307415,100,100% bullish,of 1 rating,N/A
EEME,NULL,1440004307445,0,100% bearish,of 1 rating,N/A
EMDI,$46.055,1440004307548,200,Not yet rated,NULL,N/A
EEML,$28.1267,1440004307577,"1,300",Not yet rated,NULL,N/A
EMEY,$25.31,1440004307605,300,Not yet rated,NULL,N/A
EGRW,$48.5,1440004307633,100,Not yet rated,NULL,N/A
EVAL,$37.18,1440004307766,447,Not yet rated,NULL,N/A
EUFN,$22.86,1440004307801,"58,388",100% bearish,of 1 rating,N/A
IEUS,$46.87,1440004307861,"4,222",100% bearish,of 1 rating,N/A
QAT,NULL,1440004307968,0,Not yet rated,NULL,N/A
UAE,$18.5508,1440004308068,"5,965",Not yet rated,NULL,N/A
IBB,$364.63,1440004308094,"403,423",63% bullish,of 8 ratings,N/A
SOXX,$83.87,1440004308140,"126,577",50% bullish,of 2 ratings,N/A
INDY,$29.66,1440004308276,"106,572",100% bullish,of 1 rating,N/A
ICLN,$10.04,1440004308308,"80,053",50% bullish,of 2 ratings,N/A
WOOD,$50.7875,1440004308329,"3,546",50% bullish,of 2 ratings,N/A
EMIF,$29.24,1440004308359,"10,025",Not yet rated,NULL,N/A
ISHG,$78.6854,1440004308385,"1,562",100% bearish,of 1 rating,N/A
IGOV,$90.16,1440004308520,"8,444",100% bearish,of 1 rating,N/A
ISIS,$50.36,1440004308658,"362,607",53% bullish,of 15 ratings,$67
ISLE,$18.63,1440004308685,"85,493",50% bullish,of 4 ratings,$16
ISRL,$138,1440004308736,34,100% bearish,of 1 rating,N/A
ITRI,$32.99,1440004308839,"92,984",Not yet rated,NULL,$37
ITRN,$25.3924,1440004308985,386,50% bullish,of 2 ratings,N/A
XXIA,$15.68,1440004309034,"94,058",71% bullish,of 7 ratings,$14.625
JBHT,$79.28,1440004309167,"269,523",50% bullish,of 4 ratings,$89.50
ITUS,NULL,1440004309196,0,Not yet rated,NULL,N/A
IXYS,$10.62,1440004309225,"77,995",50% bullish,of 4 ratings,N/A
JJSF,$118.32,1440004309254,"13,808",100% bearish,of 1 rating,N/A
MAYS,NULL,1440004309280,0,Not yet rated,NULL,N/A
JKHY,$71.12,1440004309388,"37,105",50% bullish,of 2 ratings,$72
JCOM,$72.8666,1440004309438,"25,469",100% bullish,of 2 ratings,$77
JASO,$7.99,1440004309464,"435,157",82% bullish,of 17 ratings,$10
JACK,$85.85,1440004309598,"158,437",83% bullish,of 6 ratings,$105
JXSB,NULL,1440004309757,0,Not yet rated,NULL,N/A
JAXB,NULL,1440004309865,0,100% bullish,of 1 rating,N/A
JAKK,$9.29,1440004309894,"149,742",60% bearish,of 5 ratings,$10.50
JRVR,$26.728,1440004309969,"7,582",Not yet rated,NULL,$32
JAGX,NULL,1440004310029,0,Not yet rated,NULL,N/A
JMBA,$13.45,1440004310056,"31,015",75% bullish,of 4 ratings,$18
ERW,NULL,1440004310086,0,Not yet rated,NULL,N/A
JASNW,$0.21,1440004310189,"2,000",50% bullish,of 2 ratings,N/A
JASN,$5.14,1440004310230,"5,100",50% bullish,of 2 ratings,$9.50
JBLU,$24.07,1440004310260,"1,545,038",94% bullish,of 16 ratings,$27
JD,$26.5662,1440004310359,"2,929,712",75% bullish,of 16 ratings,$36
JAZZ,$186.212,1440004310386,"98,592",80% bullish,of 15 ratings,$206.50
JCTCF,NULL,1440004310444,0,100% bullish,of 1 rating,N/A
DATE,$6.55,1440004310589,"17,954",75% bullish,of 4 ratings,$9
JTPY,$2.98,1440004310653,400,100% bearish,of 1 rating,N/A
JST,$4.2501,1440004310787,"10,441",75% bullish,of 4 ratings,N/A
JIVE,$4.08,1440004310819,"117,541",75% bullish,of 4 ratings,$5
WYIGU,$10.0434,1440004310846,"1,000",Not yet rated,NULL,N/A
JBSS,$48.48,1440004310916,"6,682",67% bearish,of 3 ratings,N/A
JOEZ,$0.176,1440004310946,"42,442",92% bullish,of 12 ratings,N/A
JUNO,$40.73,1440004311042,"710,378",73% bullish,of 11 ratings,$71.50
JNP,$9.95,1440004311081,"9,257",100% bullish,of 3 ratings,$15
JOUT,$26.8,1440004311150,"3,175",100% bearish,of 1 rating,$34
KTWO,$21.58,1440004311219,"27,786",100% bearish,of 1 rating,$28.50
KALU,$84.19,1440004311247,"42,799",67% bearish,of 3 ratings,$91
KBIO,$1.97,1440004311278,"9,902",50% bullish,of 4 ratings,N/A
KNDI,$8.0501,1440004311379,"711,714",86% bullish,of 22 ratings,N/A
KMDA,NULL,1440004311481,0,50% bullish,of 2 ratings,$8
KCLI,$47.81,1440004311623,"2,964",Not yet rated,NULL,N/A
KBSF,$3.7799,1440004311649,800,100% bullish,of 1 rating,N/A
KCAP,$4.79,1440004311675,"34,088",75% bullish,of 4 ratings,$6
KPTI,$13.21,1440004311729,"178,611",67% bearish,of 3 ratings,$41
KELYA,$14.935,1440004311830,"33,966",67% bullish,of 6 ratings,$20
KRNY,$11.75,1440004311859,"110,762",100% bearish,of 1 rating,$12
KELYB,NULL,1440004311889,0,50% bullish,of 2 ratings,N/A
KFFB,$8.6801,1440004311995,"8,411",100% bearish,of 1 rating,N/A
KERX,$6.08,1440004312076,"336,286",82% bullish,of 11 ratings,$12
KMPH,$21.26,1440004312106,"20,943",100% bearish,of 2 ratings,$22
