Symbol,Price,Date,Volume,Rating,RatingVoteCount,OneYearEstimate
FLWS,$9.2625,1440526203179,"99,779",100% bullish,of 5 ratings,$15
DSLV,$69.0201,1440526203265,"11,607",100% bearish,of 1 rating,N/A
TFSCW,$0.2,1440526203306,"3,500",100% bearish,of 1 rating,N/A
TFSCU,$10.14,1440526203337,907,Not yet rated,NULL,N/A
FCCY,$11.538,1440526203367,"1,069",100% bullish,of 1 rating,$13
FCTY,$7.7,1440526203434,"7,690",100% bullish,of 1 rating,$8.50
PIH,$7.13,1440526203473,"1,207",100% bearish,of 1 rating,N/A
TFSC,NULL,1440526203535,0,100% bearish,of 1 rating,N/A
UGLD,$9.373,1440526203580,"197,771",100% bearish,of 1 rating,N/A
SRCE,$28.75,1440526203755,"11,468",100% bullish,of 3 ratings,$33
JOBS,$27.72,1440526203825,"94,590",50% bullish,of 4 ratings,$36
USLV,$12.7786,1440526203854,"246,801",86% bullish,of 7 ratings,N/A
TWOU,$34.186,1440526203956,"120,374",50% bullish,of 2 ratings,$39
VNET,$18.02,1440526204013,"276,930",60% bullish,of 5 ratings,$29.50
TFSCR,NULL,1440526204084,0,Not yet rated,NULL,N/A
DGLD,$80.6016,1440526204292,"21,969",100% bullish,of 1 rating,N/A
SIXD,$2.955,1440526204320,"1,293,661",Not yet rated,NULL,N/A
CAFD,$14.61,1440526204472,"1,266,564",Not yet rated,NULL,$25
AVHI,$13.85,1440526204497,"21,565",100% bearish,of 1 rating,$19
AAON,$20.39,1440526204675,"34,636",100% bearish,of 1 rating,$24
EGHT,$7.761,1440526204707,"322,073",82% bullish,of 17 ratings,$11
ABAX,$46.78,1440526204731,"73,202",100% bearish,of 1 rating,$60
ABY,$20.105,1440526204774,"590,174",100% bearish,of 2 ratings,$46
SHLM,$33.13,1440526204801,"51,655",100% bearish,of 1 rating,$50
ABGB,$4.95,1440526204866,"123,864",67% bullish,of 3 ratings,$5.50
ABEO,$4.55,1440526205023,"64,775",50% bullish,of 4 ratings,$15.50
ABEOW,$1.85,1440526205077,"13,888",100% bullish,of 1 rating,N/A
AXAS,$1.53,1440526205261,"494,103",78% bullish,of 9 ratings,$3.50
ACHC,$71.26,1440526205350,"403,546",50% bullish,of 2 ratings,$92
ACTG,$8.86,1440526205387,"139,027",67% bullish,of 3 ratings,$18.50
ACST,$0.3634,1440526205412,"29,249",100% bullish,of 2 ratings,N/A
ABMD,$95.51,1440526205480,"309,078",75% bullish,of 4 ratings,$100.50
ACAD,$35.12,1440526205506,"460,393",80% bullish,of 20 ratings,$48
AXDX,$18.89,1440526205635,"91,897",100% bearish,of 1 rating,N/A
ANCX,$19.42,1440526205662,"34,948",Not yet rated,NULL,$19
XLRN,$27.94,1440526205690,"63,464",50% bullish,of 2 ratings,$57
ARAY,$6.58,1440526205826,"474,846",100% bearish,of 1 rating,$10.50
VXDN,$1.91,1440526205884,"213,734",100% bearish,of 1 rating,N/A
ACET,$22.74,1440526205915,"36,820",75% bullish,of 4 ratings,$30
VXUP,$1.58,1440526206018,"286,445",100% bearish,of 1 rating,N/A
ACRX,$4.15,1440526206185,"209,740",67% bearish,of 6 ratings,$5.50
AKAO,$6.39,1440526206214,"32,473",75% bullish,of 4 ratings,$15
ACIW,$20.95,1440526206274,"200,518",50% bullish,of 2 ratings,$24
ACOR,$32.48,1440526206379,"1,804,255",67% bearish,of 3 ratings,$38.50
ACNB,$20.05,1440526206451,720,Not yet rated,NULL,N/A
ATVI,$26.74,1440526206511,"2,301,734",68% bullish,of 84 ratings,$31.50
ACHN,$7.54,1440526206578,"888,719",90% bullish,of 21 ratings,$16
ACUR,$0.501,1440526206654,"151,297",100% bullish,of 5 ratings,$1
ACPW,$1.82,1440526206682,"39,921",100% bullish,of 4 ratings,$3.50
ACTA,$13.44,1440526206810,"76,887",67% bearish,of 3 ratings,$25
ADMS,$19.78,1440526206838,"41,554",100% bearish,of 2 ratings,$36
ACXM,$19.97,1440526206895,"198,886",67% bullish,of 3 ratings,N/A
ADMP,$3.57,1440526206971,"34,575",50% bullish,of 2 ratings,$10
ACTS,$1.59,1440526207046,"68,468",100% bearish,of 1 rating,N/A
ADAP,$11.5,1440526207099,"82,308",67% bullish,of 3 ratings,$22
ADEP,$6.72,1440526207308,"15,787",50% bullish,of 2 ratings,$10.75
AEY,$2.36,1440526207439,"16,511",100% bearish,of 2 ratings,N/A
ADRO,$18.78,1440526207465,"202,598",80% bullish,of 5 ratings,$45.50
ADMA,$9.1,1440526207486,"16,185",Not yet rated,NULL,$19
ADBE,$76.04,1440526207525,"2,152,757",65% bullish,of 17 ratings,$90
ADTN,$15.07,1440526207554,"124,457",67% bullish,of 3 ratings,$17.125
ADUS,$28.55,1440526207620,"24,916",100% bearish,of 1 rating,$31
AEIS,$23.87,1440526207648,"67,644",50% bullish,of 2 ratings,$32.50
AMD,$1.72,1440526207709,"4,638,318",83% bullish,of 103 ratings,$2
ADXSW,$9.2,1440526207867,"2,100",100% bullish,of 1 rating,N/A
ADXS,$13.44,1440526207896,"496,383",64% bullish,of 14 ratings,$27
MULT,NULL,1440526207995,0,100% bearish,of 1 rating,N/A
YPRO,$22.93,1440526208085,"3,718",100% bearish,of 1 rating,N/A
AEGN,$18.04,1440526208191,"76,260",100% bearish,of 2 ratings,$21
AMTX,$2.65,1440526208237,"17,827",50% bullish,of 2 ratings,$26.11
AEHR,$2.251,1440526208323,"7,766",50% bullish,of 2 ratings,N/A
AEGR,$17.53,1440526208349,"136,903",50% bullish,of 6 ratings,$26
AEPI,$53.3,1440526208376,"4,665",100% bearish,of 1 rating,N/A
AERI,$15.77,1440526208403,"156,231",75% bullish,of 4 ratings,$31.50
AVAV,$23.32,1440526208584,"57,517",50% bullish,of 4 ratings,$31
AEMD,$7.1611,1440526208611,"8,180",Not yet rated,NULL,$27.50
AGEN,$6.77,1440526208821,"435,994",85% bullish,of 13 ratings,$14
AFFX,$9.05,1440526208926,"136,083",80% bullish,of 5 ratings,$12
AFMD,$9.79,1440526208951,"96,362",50% bullish,of 4 ratings,$15
AEZS,$0.09,1440526208979,"6,090,185",90% bullish,of 21 ratings,$1.50
AGRX,$8.11,1440526209006,"5,750",100% bearish,of 1 rating,$17.50
AGYS,$9.42,1440526209027,"11,960",100% bearish,of 1 rating,N/A
AGFS,$9.88,1440526209162,"126,438",100% bearish,of 1 rating,N/A
AGIO,$85.08,1440526209187,"175,297",88% bullish,of 8 ratings,$114
AIRM,$35.66,1440526209397,"101,792",80% bearish,of 5 ratings,$53
AGFSW,$1.85,1440526209457,"5,743",100% bearish,of 2 ratings,N/A
ATSG,$8.629,1440526209529,"83,782",67% bullish,of 3 ratings,$13
AIRT,$21.27,1440526209555,800,100% bullish,of 1 rating,N/A
AIMT,$20.55,1440526209606,"60,625",Not yet rated,NULL,N/A
AMCN,$4.42,1440526209693,"480,442",83% bullish,of 6 ratings,N/A
AIXG,$5.72,1440526209799,"23,442",67% bearish,of 3 ratings,$5.25
AKAM,$67.27,1440526209872,"1,149,968",63% bullish,of 8 ratings,$77
AKBA,$6.26,1440526210009,"136,768",100% bearish,of 1 rating,$18
ALRM,$16.375,1440526210069,"134,179",100% bearish,of 1 rating,$22
AKRX,$39.641,1440526210096,"317,798",78% bullish,of 9 ratings,$56
AKER,$2.53,1440526210140,"6,825",Not yet rated,NULL,N/A
ABDC,$11.8072,1440526210237,"31,211",Not yet rated,NULL,$15
ADHD,$8.2,1440526210427,"104,227",50% bullish,of 4 ratings,$18
AMRI,$19.41,1440526210453,"148,876",75% bearish,of 4 ratings,$24
ALDR,$38.03,1440526210528,"264,056",67% bearish,of 3 ratings,$62
ALDX,$6.915,1440526210604,"16,958",100% bearish,of 1 rating,$14.50
ALSK,$1.985,1440526210632,"62,158",78% bullish,of 18 ratings,$2
ALXN,$170.14,1440526210653,"712,094",88% bullish,of 8 ratings,$223
ALXA,$1.0901,1440526210794,"8,881",83% bullish,of 6 ratings,$2.125
ALIM,$3.16,1440526210827,"36,191",80% bullish,of 5 ratings,$10
ALCO,$40.85,1440526210933,"5,962",50% bullish,of 2 ratings,N/A
ALGN,$55.15,1440526210958,"259,833",100% bearish,of 2 ratings,$73
ALKS,$59.58,1440526211106,"270,335",67% bullish,of 3 ratings,$75
ALGT,$216.86,1440526211133,"53,927",100% bearish,of 2 ratings,$235
ALLB,$22.87,1440526211158,400,Not yet rated,NULL,N/A
AIQ,$13.62,1440526211365,"5,127",67% bullish,of 3 ratings,N/A
AHGP,$35.585,1440526211442,"26,200",67% bullish,of 3 ratings,N/A
AFOP,$17.96,1440526211492,"150,209",75% bullish,of 8 ratings,$21
AMOT,$17.78,1440526211576,"51,673",100% bearish,of 1 rating,N/A
AHPI,$1.4454,1440526211658,415,50% bullish,of 2 ratings,N/A
ARLP,$24.4,1440526211708,"63,114",67% bearish,of 3 ratings,$32
MDRX,$13.255,1440526211797,"813,614",60% bullish,of 5 ratings,$16
ALLT,$4.95,1440526211824,"60,714",75% bullish,of 4 ratings,$6.25
ALQA,$4.243,1440526211852,"30,544",75% bullish,of 4 ratings,$8.50
ALNY,$98.01,1440526212059,"234,422",67% bullish,of 3 ratings,$148.50
AFAM,$44.09,1440526212164,"10,363",50% bullish,of 2 ratings,$44
SMCP,$22.69,1440526212191,"1,609",Not yet rated,NULL,N/A
AOSL,$7.17,1440526212216,"50,693",67% bullish,of 3 ratings,$9
ATEC,$0.5799,1440526212440,"72,135",100% bullish,of 1 rating,$2
ALTR,$47.09,1440526212516,"1,207,292",80% bearish,of 5 ratings,$54
ASPS,$25.68,1440526212652,"102,657",67% bullish,of 3 ratings,$46.50
AIMC,$24.33,1440526212716,"37,914",100% bearish,of 2 ratings,$28.50
AYA,$20.47,1440526212751,"33,393",100% bearish,of 1 rating,$40
AMAG,$60.49,1440526212782,"205,718",100% bullish,of 2 ratings,$77.50
AMRN,$2.005,1440526212876,"2,612,837",85% bullish,of 39 ratings,$8
AMRK,$10.5,1440526213094,"2,103",50% bullish,of 2 ratings,$14
AMBC,$15.38,1440526213182,"96,309",100% bearish,of 1 rating,$16.50
AMBCW,$7.47,1440526213208,"4,376",100% bearish,of 1 rating,N/A
AMZN,$478.99,1440526213235,"1,693,275",81% bullish,of 263 ratings,$646
AMBA,$89.1499,1440526213260,"1,395,609",83% bullish,of 12 ratings,$102.50
EPAX,$2.66,1440526213399,"32,125",100% bearish,of 1 rating,N/A
AMCX,$69.47,1440526213566,"597,002",67% bullish,of 3 ratings,$87.50
DOX,$56.14,1440526213632,"282,568",50% bullish,of 2 ratings,$60
AMDA,$0.4473,1440526213667,"827,683",90% bullish,of 10 ratings,$1
ASBI,$22.26,1440526213731,100,Not yet rated,NULL,N/A
UHAL,$363.015,1440526213760,"11,673",100% bullish,of 2 ratings,$393.50
AMED,$38.16,1440526213788,"116,251",100% bearish,of 1 rating,$42
AMOV,$17.52,1440526213818,"9,955",100% bearish,of 1 rating,N/A
ATAX,$5.13,1440526213845,"231,836",100% bullish,of 1 rating,$6.50
AAL,$38.16,1440526214072,"5,066,031",93% bullish,of 88 ratings,$57
AGNCB,$24.28,1440526214238,"4,393",Not yet rated,NULL,N/A
AGNCP,$25.2099,1440526214263,"12,424",Not yet rated,NULL,N/A
MTGEP,$24.4015,1440526214419,"6,300",Not yet rated,NULL,N/A
AGNC,$19.37,1440526214448,"1,384,743",71% bullish,of 28 ratings,$22
MTGE,$15.33,1440526214550,"199,695",75% bullish,of 4 ratings,$19.50
ACAS,$13.4,1440526214579,"314,658",60% bullish,of 5 ratings,$16.75
ACSF,$12.05,1440526214646,"39,470",100% bearish,of 1 rating,$15
ANCI,$1.43,1440526214720,400,100% bearish,of 1 rating,N/A
AMIC,NULL,1440526214777,0,Not yet rated,NULL,N/A
AETI,NULL,1440526214851,0,67% bearish,of 3 ratings,N/A
AMNB,$22.68,1440526214910,"5,255",Not yet rated,NULL,$25.50
ANAT,$97.39,1440526214983,"32,981",100% bullish,of 1 rating,N/A
ARII,$37.92,1440526215042,"132,337",67% bearish,of 3 ratings,$45
AMRB,$10.0389,1440526215235,"2,200",Not yet rated,NULL,$11
APEI,$20.88,1440526215378,"23,243",100% bearish,of 1 rating,$25.50
AMSC,$4.04,1440526215423,"159,087",50% bullish,of 4 ratings,N/A
ABCB,$26.35,1440526215558,"43,367",Not yet rated,NULL,$31
ASRV,$3.29,1440526215585,301,100% bullish,of 2 ratings,N/A
ASEI,$36.87,1440526215612,"24,000",100% bearish,of 1 rating,$52.50
AMSWA,$8.59,1440526215637,"14,756",100% bearish,of 2 ratings,$10.75
AMWD,$65.08,1440526215659,"101,905",50% bullish,of 2 ratings,$70
ATLO,$22.22,1440526216002,"4,693",Not yet rated,NULL,N/A
FOLD,$13.99,1440526216032,"874,407",56% bullish,of 9 ratings,$21
AMSF,$47.45,1440526216107,"27,038",Not yet rated,NULL,$57.50
ASRVP,$28.17,1440526216137,394,Not yet rated,NULL,N/A
CRMT,$37.22,1440526216165,"35,590",100% bearish,of 1 rating,$39
AMGN,$150.955,1440526216241,"2,200,030",89% bullish,of 19 ratings,$185
AMKR,$4.635,1440526216471,"1,321,871",100% bearish,of 2 ratings,$5
AMPH,$13.16,1440526216632,"82,529",50% bullish,of 2 ratings,$20
AMSGP,NULL,1440526216658,0,Not yet rated,NULL,N/A
ANAC,$129.03,1440526216679,"388,510",80% bullish,of 5 ratings,$180.50
AMSG,$79.4942,1440526216711,"183,111",100% bearish,of 1 rating,$85.50
AFSI,$58.74,1440526216742,"155,628",60% bullish,of 5 ratings,$72
ASYS,$5.07,1440526216810,"13,012",67% bullish,of 3 ratings,$12
ANAD,$0.3221,1440526216879,"166,365",100% bullish,of 2 ratings,$.50
AMRS,$1.58,1440526216955,"31,986",70% bullish,of 10 ratings,N/A
ADI,$51.91,1440526217342,"1,116,909",67% bullish,of 3 ratings,$69
ALOG,$78.63,1440526217375,"33,900",100% bearish,of 2 ratings,$100.50
ANCB,NULL,1440526217432,0,Not yet rated,NULL,$23
AMCF,$0.22,1440526217474,"6,000",100% bullish,of 7 ratings,N/A
ANGO,$14.42,1440526217508,"19,138",67% bullish,of 3 ratings,$19
ANIK,$33.391,1440526217533,"26,495",60% bullish,of 5 ratings,$51.25
ABCW,$39.225,1440526217572,"4,804",67% bullish,of 3 ratings,N/A
ATRS,$1.69,1440526217709,"386,537",92% bullish,of 12 ratings,$4.50
ANSS,$87.32,1440526217766,"287,964",100% bearish,of 1 rating,$100
ANIP,$49.43,1440526217844,"40,600",89% bullish,of 19 ratings,$66
ANTH,$7.2,1440526217870,"343,020",80% bullish,of 10 ratings,$13
ATNY,$2.32,1440526217933,"2,808",50% bullish,of 2 ratings,$3.75
ANGI,$4.77,1440526217958,"320,326",64% bullish,of 11 ratings,$5.50
APIC,$6.17,1440526218116,"156,779",100% bearish,of 1 rating,$19
ABAC,$0.6999,1440526218147,"28,393",100% bearish,of 1 rating,N/A
APOG,$50.84,1440526218319,"134,449",100% bullish,of 1 rating,$67
APPF,$15.842,1440526218498,"10,400",50% bullish,of 2 ratings,$22
APOL,$10.6,1440526218524,"469,468",87% bearish,of 68 ratings,$14
AMAT,$15.2053,1440526218673,"8,089,117",82% bullish,of 11 ratings,$23
AGTC,$15.38,1440526218702,"71,886",50% bullish,of 2 ratings,$33
APDN,$3.155,1440526218728,"46,098",Not yet rated,NULL,$9
ARCI,$1.11,1440526218778,"1,000",Not yet rated,NULL,N/A
AINV,$6.39,1440526218804,"581,680",50% bullish,of 4 ratings,$8
AMCC,$5.35,1440526218935,"344,502",80% bullish,of 5 ratings,$8
AAPL,$107.8001,1440526218992,"41,713,120",86% bullish,of 2345 ratings,$150
APDNW,$1.02,1440526219017,"13,896",Not yet rated,NULL,N/A
AAOI,$19.39,1440526219042,"146,688",50% bullish,of 4 ratings,$26
APRI,$1.26,1440526219195,"139,738",83% bullish,of 6 ratings,$4.86
AREX,$1.827,1440526219220,"546,004",100% bearish,of 1 rating,$3
APTO,$4.55,1440526219424,"1,120",Not yet rated,NULL,$17
AQMS,$4.79,1440526219449,"33,260",Not yet rated,NULL,N/A
AQXP,$18.7808,1440526219482,"1,266,691",50% bullish,of 2 ratings,$2
AUMA,NULL,1440526219615,0,Not yet rated,NULL,N/A
AUMAU,NULL,1440526219641,0,Not yet rated,NULL,N/A
AUMAW,NULL,1440526219809,0,Not yet rated,NULL,N/A
PETX,$17.425,1440526219915,"204,092",100% bearish,of 2 ratings,$26
ARCW,$3.22,1440526219947,"8,996",100% bearish,of 2 ratings,$10.50
ABUS,$6.77,1440526219990,"224,498",86% bullish,of 14 ratings,$23
ARDM,$6.97,1440526220053,527,100% bullish,of 1 rating,$26
ABIO,$0.8687,1440526220264,"51,486",50% bullish,of 2 ratings,$3.75
RKDA,$5.88,1440526220316,"18,573",100% bearish,of 2 ratings,$10
ARCB,$27.67,1440526220347,"120,913",67% bearish,of 3 ratings,$39.50
ACGL,$68,1440526220450,"109,784",50% bullish,of 2 ratings,$72
ACAT,$25.41,1440526220482,"48,240",100% bearish,of 3 ratings,$33
ARNA,$2.74,1440526220585,"1,084,834",90% bullish,of 77 ratings,$5.50
ARCC,$15.0599,1440526220636,"1,338,311",67% bearish,of 3 ratings,$17.875
ARDX,$17.63,1440526220662,"30,745",50% bullish,of 2 ratings,$24.50
ARIS,$3.32,1440526220881,"21,131",Not yet rated,NULL,$4.50
AGII,$55.12,1440526220906,"62,073",Not yet rated,NULL,$59.50
ARIA,$6.57,1440526220952,"1,314,019",87% bullish,of 46 ratings,$9
ARGS,$6.1273,1440526221043,"31,089",50% bullish,of 2 ratings,$19.50
AGIIL,$25.1901,1440526221150,"7,875",Not yet rated,NULL,N/A
ARKR,$24.995,1440526221177,"1,497",50% bullish,of 2 ratings,N/A
ARMH,$41.21,1440526221331,"1,036,671",54% bearish,of 13 ratings,$61
ARWAU,NULL,1440526221466,0,100% bullish,of 1 rating,N/A
ARTX,$1.4,1440526221498,"111,174",88% bullish,of 16 ratings,$4.50
ARWAR,$0.27,1440526221519,"1,000",Not yet rated,NULL,N/A
ARWA,NULL,1440526221547,0,Not yet rated,NULL,N/A
ARWAW,NULL,1440526221600,0,Not yet rated,NULL,N/A
AROW,$27.05,1440526222021,"4,916",Not yet rated,NULL,N/A
ARWR,$5.29,1440526222079,"411,508",75% bullish,of 4 ratings,$10.50
ARQL,$1.64,1440526222109,"70,169",75% bullish,of 4 ratings,$5
ARRY,$5.52,1440526222134,"733,253",100% bullish,of 7 ratings,$10
DWAT,$9.74,1440526222164,"4,254",100% bearish,of 1 rating,N/A
ARTNA,$21.91,1440526222267,"8,365",100% bearish,of 1 rating,$29
ARRS,$25.48,1440526222291,"646,674",50% bullish,of 2 ratings,$38
ASBB,NULL,1440526222577,0,Not yet rated,NULL,N/A
ASNA,$10.98,1440526222608,"1,124,412",50% bullish,of 2 ratings,$18
ASTI,$0.1121,1440526222686,"1,301,366",83% bullish,of 6 ratings,$3
ARTW,$4.33,1440526222711,200,75% bearish,of 4 ratings,N/A
ASMI,NULL,1440526222734,0,NULL,NULL,NULL
ASND,$19.2,1440526222760,"34,367",100% bullish,of 1 rating,$30
ASCMA,$26.56,1440526222900,"54,092",100% bearish,of 1 rating,$45
APWC,$1.9,1440526222967,100,100% bearish,of 1 rating,N/A
ASMB,$12.91,1440526223036,"27,535",67% bullish,of 3 ratings,N/A
AZPN,$36.85,1440526223067,"374,240",50% bullish,of 2 ratings,$42
ASML,$87.95,1440526223168,"483,213",50% bullish,of 4 ratings,$127
ASTE,$35.65,1440526223230,"34,391",100% bearish,of 1 rating,$48
ALOT,NULL,1440526223299,0,100% bearish,of 1 rating,N/A
ASFI,$8.88,1440526223324,"5,410",100% bullish,of 1 rating,N/A
ATRO,$50.77,1440526223504,"80,732",100% bearish,of 2 ratings,$80
ASTC,$2.1087,1440526223629,"25,410",100% bullish,of 5 ratings,N/A
ASUR,$5.48,1440526223686,"2,089",50% bullish,of 2 ratings,$8
ATHN,$130.5,1440526223728,"113,303",67% bearish,of 3 ratings,$153
ATRA,$39.44,1440526223790,"117,036",50% bullish,of 2 ratings,$68
ATHX,$1.127,1440526223861,"128,380",89% bullish,of 9 ratings,$5
ATAI,$2.42,1440526223891,"8,052",100% bearish,of 1 rating,N/A
AFCB,$27.6,1440526223923,700,Not yet rated,NULL,N/A
AAPC,$10.2,1440526224025,583,Not yet rated,NULL,N/A
ACFC,$5.85,1440526224046,"28,144",Not yet rated,NULL,$6.50
AAME,$3.53,1440526224079,100,Not yet rated,NULL,N/A
ATNI,$70.28,1440526224278,"30,583",100% bearish,of 1 rating,$69.50
AAWW,$40.13,1440526224303,"126,800",50% bullish,of 2 ratings,$65
ATLC,$3.7,1440526224490,"8,731",67% bullish,of 3 ratings,N/A
ATML,$7.52,1440526224515,"5,446,215",78% bullish,of 9 ratings,$9.50
ATOS,$0.8199,1440526224542,"91,509",100% bullish,of 7 ratings,$7
AFH,$16.4,1440526224570,"17,126",Not yet rated,NULL,$21.50
ATRC,$24.94,1440526224670,"75,288",100% bullish,of 1 rating,$30
ATRI,$375,1440526224775,783,Not yet rated,NULL,N/A
ATRM,NULL,1440526224955,0,50% bullish,of 2 ratings,N/A
LIFE,$13.51,1440526225146,"16,387",86% bullish,of 7 ratings,$43
AUBN,$26.43,1440526225174,100,Not yet rated,NULL,N/A
AUDC,$3.09,1440526225206,"24,958",80% bullish,of 5 ratings,$5
EARS,$4.48,1440526225314,"5,143",100% bearish,of 2 ratings,$11.50
AUPH,$3,1440526225352,"22,058",100% bearish,of 1 rating,$8
ATTU,$13.004,1440526225424,"48,125",100% bearish,of 1 rating,$20.50
ABTL,$17.08,1440526225747,"159,325",100% bullish,of 4 ratings,$20.25
AAVL,$10.25,1440526225903,"164,842",100% bearish,of 1 rating,$20
AVEO,$1.29,1440526225932,"355,444",75% bullish,of 8 ratings,$3
ADSK,$49.41,1440526225963,"1,111,192",67% bullish,of 6 ratings,$69.50
ADAT,$0.3601,1440526225992,"2,398,717",100% bullish,of 2 ratings,N/A
AVNU,$12.16,1440526226032,581,Not yet rated,NULL,$14
ADP,$75.4,1440526226064,"1,036,596",100% bearish,of 1 rating,$88
AVGO,$110.25,1440526226092,"1,635,145",88% bullish,of 8 ratings,$165
AVGR,$14.39,1440526226122,"12,700",100% bearish,of 1 rating,$20
AWRE,$3.1,1440526226416,"37,403",67% bullish,of 3 ratings,N/A
ACLS,$3.07,1440526226445,"232,466",67% bullish,of 6 ratings,$4.75
CAR,$41.125,1440526226472,"1,123,765",80% bullish,of 5 ratings,$60
AVID,$8.11,1440526226492,"233,858",100% bearish,of 1 rating,$20
AXPW,$1.14,1440526226528,"23,223",83% bullish,of 6 ratings,N/A
AVNW,$1.12,1440526226549,"91,059",50% bullish,of 2 ratings,$2.20
AXPWW,$1.1027,1440526226753,100,Not yet rated,NULL,N/A
AXGN,$3.81,1440526226854,"13,278",Not yet rated,NULL,$5
RILY,$9.97,1440526226883,200,Not yet rated,NULL,N/A
AXTI,$2.15,1440526226985,"58,203",50% bullish,of 2 ratings,$2.75
BOSC,$2.29,1440526227014,"7,616",50% bullish,of 2 ratings,N/A
BCOM,NULL,1440526227039,0,100% bearish,of 1 rating,N/A
BEAV,$47.14,1440526227115,"562,366",67% bearish,of 3 ratings,$59
BIDU,$142.48,1440526227189,"2,853,653",81% bullish,of 88 ratings,$210
BLDP,$1.18,1440526227260,"283,750",91% bullish,of 22 ratings,$2.50
BCPC,$56.32,1440526227290,"102,843",100% bearish,of 1 rating,$75
BWINA,NULL,1440526227346,0,Not yet rated,NULL,N/A
BANF,$59.07,1440526227428,"6,625",Not yet rated,NULL,$68
BWINB,$22.75,1440526227457,"7,493",Not yet rated,NULL,N/A
BKMU,$6.86,1440526227643,"19,009",Not yet rated,NULL,$8
BANFP,NULL,1440526227705,0,Not yet rated,NULL,N/A
BOCH,$5.73,1440526227808,"8,937",Not yet rated,NULL,$6.50
BKSC,$15.3,1440526227938,"4,688",Not yet rated,NULL,N/A
OZRK,$40.25,1440526228003,"278,597",67% bullish,of 3 ratings,$49.50
BFIN,$11.85,1440526228030,"16,180",Not yet rated,NULL,$13
BOTJ,$10.9001,1440526228051,"1,500",Not yet rated,NULL,N/A
BMRC,$47.97,1440526228086,"1,800",Not yet rated,NULL,$52
BWFG,$17.9525,1440526228183,"1,453",100% bearish,of 1 rating,N/A
BANR,$43.03,1440526228324,"30,179",100% bullish,of 3 ratings,$50
BZUN,$4.6,1440526228355,"445,657",50% bullish,of 2 ratings,$12.60
BHACR,NULL,1440526228461,0,Not yet rated,NULL,N/A
BHAC,$9.78,1440526228491,"1,000",Not yet rated,NULL,N/A
TAPR,$31.2,1440526228518,"1,200",100% bearish,of 1 rating,N/A
BHACU,NULL,1440526228565,0,Not yet rated,NULL,N/A
BHACW,NULL,1440526228591,0,Not yet rated,NULL,N/A
BBSI,$33.93,1440526228845,"17,900",67% bearish,of 3 ratings,$62.50
BSET,$28.4,1440526228904,"22,566",100% bearish,of 1 rating,$35
BV,$5.1,1440526228933,"213,219",67% bullish,of 6 ratings,$9
BYLK,$12.715,1440526228972,"2,400",Not yet rated,NULL,$14
BYBK,$4.93,1440526229039,600,100% bearish,of 1 rating,N/A
BDCV,$4.867,1440526229065,"6,381",100% bearish,of 1 rating,$10.19
BBCN,$14.18,1440526229110,"93,510",100% bearish,of 1 rating,$16
BCBP,$11.6,1440526229269,"1,588",Not yet rated,NULL,N/A
BECN,$34.5,1440526229342,"237,410",50% bullish,of 2 ratings,$40
BBGI,$4.24,1440526229406,"2,361",100% bearish,of 1 rating,N/A
BELFB,$17.56,1440526229613,"7,000",100% bearish,of 1 rating,N/A
BELFA,$15.3,1440526229672,839,100% bearish,of 1 rating,N/A
BEBE,$1.71,1440526229744,"84,588",75% bullish,of 4 ratings,$3.075
BSF,$8.29,1440526229773,"9,433",Not yet rated,NULL,N/A
BNCL,$12.26,1440526229876,"185,794",100% bullish,of 3 ratings,$12.50
BLPH,$5.02,1440526229934,"23,696",100% bearish,of 1 rating,$12.50
BBBY,$60.885,1440526229978,"1,198,363",71% bullish,of 7 ratings,$75
BNFT,$34.95,1440526230066,"62,660",67% bullish,of 3 ratings,$46
BLCM,$16.83,1440526230108,"145,440",50% bullish,of 4 ratings,$40
BNTC,$8.015,1440526230144,"22,998",100% bullish,of 1 rating,N/A
BGCP,$8.64,1440526230242,"470,534",88% bullish,of 8 ratings,$14
BGMD,$0.7701,1440526230332,"95,917",100% bullish,of 10 ratings,N/A
BGFV,$10.48,1440526230388,"24,731",57% bullish,of 7 ratings,$12
BIND,$4.3,1440526230426,"18,423",75% bullish,of 4 ratings,$13.50
BASI,$1.4764,1440526230531,"1,592",Not yet rated,NULL,N/A
BCDA,NULL,1440526230559,0,Not yet rated,NULL,N/A
ORPN,$5.37,1440526230662,"6,463",100% bullish,of 1 rating,$28.50
BIOC,$1.915,1440526230726,"252,836",83% bullish,of 6 ratings,$3.85
BIOD,$0.67,1440526230790,"46,371",80% bullish,of 5 ratings,$4
BCRX,$11.13,1440526230819,"412,068",63% bullish,of 8 ratings,$18
BIIB,$290.97,1440526230891,"1,187,190",88% bullish,of 16 ratings,$400
BDSI,$6.45,1440526230956,"496,043",88% bullish,of 8 ratings,$17
BIOL,$1.3799,1440526230984,"23,624",Not yet rated,NULL,N/A
BLFS,$2.0101,1440526231136,"31,394",100% bearish,of 1 rating,$4.75
BMRN,$124.8,1440526231273,"497,325",80% bullish,of 5 ratings,$160
BLRX,$1.27,1440526231374,"141,159",100% bullish,of 12 ratings,$5
BVXV,$3.5901,1440526231404,"1,550",Not yet rated,NULL,N/A
BVXVW,NULL,1440526231434,0,100% bearish,of 1 rating,N/A
BRLI,NULL,1440526231457,0,NULL,NULL,NULL
BPTH,$1.07,1440526231539,"31,650",100% bullish,of 2 ratings,$5
BIOS,$2.235,1440526231673,"810,243",71% bullish,of 7 ratings,$4
BBC,$29.8701,1440526231704,"14,211",Not yet rated,NULL,N/A
BSTC,$47.15,1440526231801,"22,170",100% bearish,of 1 rating,$76
BOTA,$2.161,1440526231833,"30,966",88% bullish,of 8 ratings,N/A
BSPM,$0.65,1440526231901,"36,747",50% bullish,of 2 ratings,N/A
TECH,$94.81,1440526231929,"88,054",100% bullish,of 1 rating,$117
BBP,$31.405,1440526231958,"25,915",Not yet rated,NULL,N/A
BEAT,$14.34,1440526232059,"359,484",67% bearish,of 3 ratings,$15
BITI,$17.3,1440526232224,"25,333",100% bullish,of 1 rating,$28
BDMS,$13.13,1440526232305,200,100% bearish,of 1 rating,N/A
BBRY,$6.781,1440526232443,"2,651,895",61% bullish,of 330 ratings,$9
BJRI,$43.96,1440526232474,"118,148",50% bullish,of 2 ratings,$55
BDE,$7.14,1440526232495,"42,160",50% bullish,of 2 ratings,$9
BBOX,$14.63,1440526232531,"26,965",100% bearish,of 1 rating,N/A
HAWK,$40.23,1440526232584,"202,764",91% bullish,of 11 ratings,$49
BLKB,$57.74,1440526232626,"75,795",100% bearish,of 2 ratings,$66
ADRA,$26.205,1440526232802,"1,201",100% bearish,of 1 rating,N/A
BKCC,$9.03,1440526232832,"210,538",100% bullish,of 2 ratings,$10
ADRD,$21.6956,1440526232858,"4,831",100% bearish,of 1 rating,N/A
ADRE,$28.91,1440526232997,"9,296",100% bearish,of 1 rating,N/A
BLMN,$19.365,1440526233066,"715,190",83% bullish,of 6 ratings,$27.50
ADRU,$21.6301,1440526233150,"1,676",100% bearish,of 1 rating,N/A
BCOR,$13.27,1440526233280,"60,022",57% bullish,of 7 ratings,$15
BLBD,$11.84,1440526233331,"5,957",Not yet rated,NULL,N/A
BUFF,$26.585,1440526233367,"155,889",83% bullish,of 12 ratings,$31.50
BBLU,$0.78,1440526233388,"64,203",100% bullish,of 2 ratings,$4.43
BHBK,$14,1440526233460,"48,466",100% bullish,of 1 rating,$14.50
NILE,$32.92,1440526233486,"57,858",50% bullish,of 2 ratings,$34
BKEPP,$7.45,1440526233553,"3,565",100% bearish,of 1 rating,N/A
BKEP,$6.24,1440526233646,"74,328",100% bearish,of 1 rating,$8.50
BPMC,$27.28,1440526233798,"44,425",50% bullish,of 2 ratings,$47.50
BLUE,$125.16,1440526233828,"273,204",71% bullish,of 7 ratings,$217.50
BNCN,$20.34,1440526233848,"64,128",Not yet rated,NULL,$23
BOBE,$42.98,1440526233988,"69,759",75% bullish,of 4 ratings,$57
BOFI,$122.44,1440526234013,"96,554",100% bullish,of 6 ratings,$144
WIFI,$7.44,1440526234146,"159,695",50% bullish,of 2 ratings,$13.50
BOJA,$20.7106,1440526234199,"134,004",100% bullish,of 1 rating,$30
BNSO,$1.317,1440526234272,"1,900",100% bearish,of 1 rating,N/A
BOKF,$59.28,1440526234297,"153,619",100% bearish,of 1 rating,$70.50
BONA,$11.615,1440526234374,"208,127",75% bullish,of 4 ratings,$8.50
BAMM,$3.157,1440526234429,"8,473",60% bullish,of 5 ratings,N/A
BPFHP,$25.64,1440526234472,608,100% bearish,of 1 rating,N/A
EPAY,$24.96,1440526234608,"43,243",100% bearish,of 2 ratings,$30
BPFH,$11.54,1440526234634,"135,999",100% bearish,of 1 rating,$14
BDBD,$8.13,1440526234673,"416,409",60% bullish,of 5 ratings,$10
BPFHW,NULL,1440526234714,0,100% bearish,of 1 rating,N/A
BCLI,$2.8699,1440526234850,"43,886",80% bullish,of 5 ratings,$12
BBRG,$12.13,1440526234950,"67,148",67% bullish,of 3 ratings,$14.50
BBEP,$2.44,1440526234977,"1,106,956",69% bullish,of 13 ratings,$5.625
BBEPP,$12.5799,1440526235240,"52,367",100% bearish,of 1 rating,N/A
BLIN,$1.3,1440526235284,800,50% bullish,of 2 ratings,$2.20
BRID,NULL,1440526235312,0,100% bearish,of 1 rating,N/A
BDGE,$26.635,1440526235367,"3,455",Not yet rated,NULL,$31.75
BCOV,$5.16,1440526235467,"33,038",67% bullish,of 3 ratings,$10.20
BVSN,$5.9699,1440526235527,905,60% bearish,of 5 ratings,N/A
BRCM,$48.39,1440526235659,"1,578,713",75% bullish,of 12 ratings,$56
BSFT,$29.73,1440526235719,"77,660",57% bullish,of 7 ratings,$40.50
BYFC,$1.49,1440526235744,"3,026",50% bullish,of 2 ratings,N/A
BRCD,$10.295,1440526235766,"2,101,548",92% bullish,of 13 ratings,$11.50
BWEN,$3.16,1440526235801,"36,280",100% bullish,of 3 ratings,$8
BRKL,$10.44,1440526236175,"99,466",100% bearish,of 1 rating,$10.75
BMTC,$28.44,1440526236376,"12,468",Not yet rated,NULL,$34
BRKR,$18.45,1440526236402,"139,771",100% bearish,of 2 ratings,$22
BSQR,$5.94,1440526236457,"57,908",67% bullish,of 3 ratings,N/A
BLMT,$20.83,1440526236510,"7,601",Not yet rated,NULL,N/A
BRKS,$10.11,1440526236539,"32,137",67% bullish,of 3 ratings,$15.25
BUR,$1.81,1440526236593,406,100% bearish,of 1 rating,$8
BLDR,$14.09,1440526236641,"382,567",50% bullish,of 2 ratings,$22
BWLD,$189.32,1440526236668,"140,641",82% bullish,of 11 ratings,$205
CHRW,$65.45,1440526236828,"668,242",Not yet rated,NULL,$72
CA,$26.25,1440526236910,"1,147,791",50% bullish,of 4 ratings,$33
CFFI,$34.83,1440526236989,"5,869",100% bearish,of 1 rating,N/A
CDZI,$7.53,1440526237074,"14,114",100% bearish,of 1 rating,N/A
CDNS,$19.15,1440526237101,"728,578",75% bullish,of 4 ratings,$22.50
CCMP,$42.39,1440526237181,"57,299",50% bullish,of 2 ratings,$59
CACQ,$7.13,1440526237236,"33,067",100% bearish,of 1 rating,$12.25
CSTE,$42.335,1440526237422,"271,221",100% bearish,of 1 rating,$65
CLBS,$1.295,1440526237455,"59,776",79% bullish,of 14 ratings,$4
PRSS,$4.34,1440526237489,"11,592",80% bullish,of 5 ratings,$4.50
CZR,$8.8,1440526237516,"767,368",60% bearish,of 5 ratings,$10.50
CHI,$10.485,1440526237590,"229,785",100% bearish,of 1 rating,N/A
CLMS,$10.27,1440526237620,"48,658",Not yet rated,NULL,$10.50
CHY,$11.114,1440526237648,"165,033",Not yet rated,NULL,N/A
CFGE,$10.345,1440526237843,253,Not yet rated,NULL,N/A
CHW,$7.31,1440526237941,"176,438",100% bearish,of 1 rating,N/A
CSQ,$9.5601,1440526237969,"307,815",Not yet rated,NULL,N/A
CGO,$11.68,1440526237994,"57,806",100% bearish,of 1 rating,N/A
CCD,$19.03,1440526238047,"78,339",Not yet rated,NULL,N/A
CAMP,$15.62,1440526238205,"120,413",88% bullish,of 8 ratings,$25
CVGW,$55.48,1440526238248,"72,820",50% bullish,of 2 ratings,$58.50
CALA,$4.6233,1440526238340,"181,325",100% bullish,of 3 ratings,$19.50
CFNB,NULL,1440526238373,0,100% bearish,of 1 rating,N/A
CLMT,$25.13,1440526238399,"201,754",75% bullish,of 8 ratings,$31
CALM,$47.805,1440526238471,"364,571",80% bullish,of 5 ratings,$65
ABCD,$4.86,1440526238528,"31,772",83% bullish,of 6 ratings,N/A
CALD,$14.93,1440526238575,"127,632",100% bearish,of 1 rating,$20.50
CAMB,$10.05,1440526238706,400,Not yet rated,NULL,N/A
CAMBU,NULL,1440526238732,0,100% bearish,of 1 rating,N/A
CAMBW,NULL,1440526238862,0,Not yet rated,NULL,N/A
CAC,$39.89,1440526238993,"3,119",Not yet rated,NULL,N/A
CSIQ,$18.19,1440526239027,"2,437,196",86% bullish,of 28 ratings,$45
CGIX,$9.22,1440526239066,"8,508",67% bullish,of 3 ratings,$14.375
CPHC,$10.24,1440526239118,400,100% bearish,of 1 rating,N/A
CBNJ,$10.78,1440526239143,"6,192",100% bullish,of 1 rating,N/A
CAMT,$2.68,1440526239171,"25,090",73% bullish,of 11 ratings,$4
CPLA,$47,1440526239196,"65,936",67% bearish,of 3 ratings,$65
CBF,$28.85,1440526239398,"45,057",Not yet rated,NULL,$32
CCBG,$14.6,1440526239425,"1,917",Not yet rated,NULL,$17.25
CPLP,$6.6299,1440526239446,"236,113",71% bullish,of 7 ratings,$11
CSWC,$44.71,1440526239586,"2,794",Not yet rated,NULL,N/A
CPTA,$13.48,1440526239691,"48,860",100% bearish,of 1 rating,$18.50
CFFN,$11.81,1440526239723,"333,060",Not yet rated,NULL,$12.75
CAPR,$4.074,1440526239828,"11,654",Not yet rated,NULL,$12
CPST,$0.3603,1440526239855,"373,839",95% bullish,of 22 ratings,$1.25
CAPN,$1.79,1440526239883,"83,752",100% bullish,of 1 rating,$10.85
CAPNW,NULL,1440526239904,0,Not yet rated,NULL,N/A
CARB,$11.01,1440526240082,"136,586",75% bullish,of 4 ratings,$12
CBYL,$5.24,1440526240116,"15,368",100% bearish,of 1 rating,$20
CARA,$19.33,1440526240145,"197,411",50% bullish,of 4 ratings,$25
CFNL,$21.54,1440526240218,"26,458",Not yet rated,NULL,$24
CRDC,$0.36,1440526240392,"121,133",100% bullish,of 1 rating,$1.25
CRME,$8.74,1440526240422,"15,880",89% bullish,of 9 ratings,$11.25
CSII,$23.24,1440526240525,"79,989",100% bearish,of 2 ratings,$42.125
CATM,$33.64,1440526240554,"89,163",100% bearish,of 1 rating,$44
CKEC,$22.0266,1440526240661,"107,746",50% bullish,of 2 ratings,$35.915
CTRE,$11.63,1440526240893,"296,313",50% bullish,of 2 ratings,N/A
CLBH,$12.5196,1440526240929,839,Not yet rated,NULL,$16.50
CART,$5.3,1440526240958,830,100% bearish,of 1 rating,N/A
CECO,$3.365,1440526241023,"249,384",67% bearish,of 3 ratings,$6
CARO,$15.25,1440526241049,"3,411",100% bearish,of 1 rating,$19
CDNA,$6.36,1440526241070,"6,095",100% bearish,of 1 rating,$9
CRZO,$28.54,1440526241202,"598,389",67% bearish,of 3 ratings,$57
CRTN,$2.52,1440526241346,"3,102",100% bearish,of 1 rating,N/A
TAST,$11.93,1440526241371,"156,170",Not yet rated,NULL,$14.25
CARV,$6.7,1440526241419,"24,083",50% bullish,of 2 ratings,N/A
CACB,$5.29,1440526241500,"18,042",Not yet rated,NULL,$5.50
CSCD,$14.89,1440526241551,"34,486",100% bullish,of 2 ratings,$17
CASM,$1.13,1440526241598,"6,182",100% bullish,of 1 rating,$3.50
CWST,$5.98,1440526241732,"40,636",50% bullish,of 2 ratings,$7.25
CASY,$103.08,1440526241758,"83,025",50% bullish,of 2 ratings,$99.50
CASS,$46.07,1440526241813,"19,711",100% bearish,of 1 rating,N/A
CASI,$1.4648,1440526241844,"7,107",100% bullish,of 1 rating,$3.50
CATB,$11.26,1440526241944,"3,882",100% bearish,of 1 rating,$28
CATY,$28.35,1440526242029,"321,411",100% bearish,of 1 rating,$33.50
CPRX,$3.3601,1440526242072,"440,541",71% bullish,of 7 ratings,$7
CATYW,$8.26,1440526242119,"1,500",100% bearish,of 1 rating,N/A
CVCO,$71.25,1440526242157,"14,621",100% bearish,of 1 rating,N/A
CAVM,$64.195,1440526242248,"252,531",67% bearish,of 3 ratings,$72
CBFV,$20.88,1440526242452,"2,990",Not yet rated,NULL,N/A
CNLM,NULL,1440526242580,0,Not yet rated,NULL,N/A
CNLMW,NULL,1440526242617,0,Not yet rated,NULL,N/A
CNLMU,$10.37,1440526242645,298,100% bullish,of 1 rating,N/A
CNLMR,NULL,1440526242673,0,Not yet rated,NULL,N/A
CBOE,$61.185,1440526242776,"143,863",Not yet rated,NULL,$60
CDK,$45.79,1440526242828,"253,780",67% bearish,of 3 ratings,$50
CECE,$9.12,1440526242908,"39,644",50% bullish,of 2 ratings,$16
CDW,$38.35,1440526242978,"413,543",75% bullish,of 4 ratings,$44
CPXX,$2.04,1440526243005,"134,585",100% bullish,of 2 ratings,$7
CELG,$115.974,1440526243138,"2,873,365",92% bullish,of 13 ratings,$155.50
CELGZ,$1.55,1440526243166,"29,266",80% bullish,of 5 ratings,N/A
CLDN,$1.02,1440526243188,"81,049",71% bullish,of 7 ratings,$3
CLDX,$14.44,1440526243241,"1,878,859",89% bullish,of 9 ratings,$36
CLRB,$3.11,1440526243419,"1,800",100% bearish,of 1 rating,N/A
CLRBW,NULL,1440526243484,0,Not yet rated,NULL,N/A
CLLS,$29.28,1440526243534,"38,665",75% bullish,of 4 ratings,$51.50
CBMG,$22.14,1440526243564,"27,146",50% bullish,of 2 ratings,N/A
CLSN,$1.93,1440526243663,"67,273",80% bullish,of 10 ratings,$7.50
CYAD,$51.44,1440526243690,"1,341",100% bullish,of 1 rating,$87.50
CEMP,$34.34,1440526243747,"270,970",71% bullish,of 7 ratings,$52
CLTX,$2.816,1440526243943,"411,445",100% bullish,of 2 ratings,N/A
CETV,$2.01,1440526244023,"24,338",67% bullish,of 3 ratings,$2.80
CETX,$2.39,1440526244054,"7,323",Not yet rated,NULL,$5.60
CSFL,$13.725,1440526244082,"45,811",Not yet rated,NULL,$15
CFBK,NULL,1440526244110,0,Not yet rated,NULL,N/A
CENT,$11.58,1440526244155,"26,784",Not yet rated,NULL,$10
CENTA,$12.27,1440526244212,"177,465",Not yet rated,NULL,N/A
CVCY,$11.25,1440526244381,6,Not yet rated,NULL,$12
CENX,$4.775,1440526244408,"799,122",67% bullish,of 6 ratings,$9
CPHD,$47.34,1440526244552,"277,789",50% bullish,of 2 ratings,$66.50
CNTY,$6.0396,1440526244577,"11,011",80% bullish,of 5 ratings,$7.75
CRNT,$1.365,1440526244605,"243,072",50% bullish,of 2 ratings,$2
CNBKA,NULL,1440526244626,0,50% bullish,of 2 ratings,N/A
CERU,$3.32,1440526244876,"45,055",75% bullish,of 4 ratings,$15
CERE,$1.0411,1440526244908,"165,439",88% bullish,of 8 ratings,N/A
CERS,$4.74,1440526245011,"376,596",75% bullish,of 4 ratings,$7
CERN,$61.56,1440526245040,"748,009",67% bullish,of 3 ratings,$79
CEVA,$17.59,1440526245072,"41,840",100% bearish,of 1 rating,$25
KOOL,$0.6683,1440526245093,"5,954",100% bullish,of 5 ratings,$7
CYOU,$20.05,1440526245121,"63,955",50% bullish,of 6 ratings,$24
HOTR,$1.44,1440526245175,"202,128",100% bullish,of 2 ratings,$5
HOTRW,NULL,1440526245452,0,Not yet rated,NULL,N/A
CHFN,$12.23,1440526245484,"10,237",Not yet rated,NULL,$14
GTLS,$21.79,1440526245509,"96,369",50% bullish,of 4 ratings,$40
CTHR,$1.2101,1440526245535,"1,424",50% bullish,of 2 ratings,$2.50
CHTR,$174.81,1440526245566,"473,317",100% bearish,of 2 ratings,$196
CHEK,$2.66,1440526245592,"6,270",Not yet rated,NULL,$7.75
CHKP,$77.66,1440526245667,"744,672",50% bullish,of 4 ratings,$92
CHFC,$30.59,1440526245854,"60,592",100% bearish,of 1 rating,$36
CHEKW,NULL,1440526245887,0,Not yet rated,NULL,N/A
CCXI,$6.65,1440526245916,"23,247",67% bullish,of 3 ratings,$14
CHMG,$26.275,1440526245994,"2,700",Not yet rated,NULL,$30
CEMI,$3.8967,1440526246022,"5,050",50% bullish,of 2 ratings,$7.50
CHKE,$25.67,1440526246099,"9,467",100% bearish,of 1 rating,$32.50
PLCE,$58.29,1440526246476,"415,556",100% bearish,of 1 rating,$71
CHMA,$23.49,1440526246517,"64,622",Not yet rated,NULL,$40
CBNK,$16.49,1440526246549,500,100% bearish,of 1 rating,N/A
CHEV,$14.49,1440526246574,"1,100",Not yet rated,NULL,N/A
CADC,$3.1562,1440526246771,200,78% bullish,of 9 ratings,N/A
CMRX,$46.78,1440526246840,"125,045",50% bullish,of 2 ratings,$57
CBAK,$1.7099,1440526246938,"50,308",67% bullish,of 9 ratings,N/A
CALI,$0.959,1440526246964,"5,550",67% bullish,of 3 ratings,N/A
CBPO,$96.53,1440526246991,"133,400",75% bullish,of 8 ratings,$140.50
CCCR,$0.83,1440526247018,"12,500",67% bearish,of 3 ratings,N/A
CHOP,$1.22,1440526247325,"2,800",50% bullish,of 2 ratings,N/A
CAAS,$5.86,1440526247352,"24,973",93% bullish,of 14 ratings,$11.50
CCCL,$0.784,1440526247382,"5,845",100% bullish,of 6 ratings,N/A
JRJC,$3.1,1440526247419,"140,462",82% bullish,of 11 ratings,N/A
HGSH,$1.68,1440526247449,"14,905",67% bullish,of 3 ratings,N/A
CHLN,$2.1101,1440526247481,"25,690",67% bullish,of 3 ratings,N/A
CNIT,$1.36,1440526247649,"73,055",67% bullish,of 6 ratings,N/A
CJJD,$1.74,1440526247802,"82,071",100% bullish,of 1 rating,N/A
HTHT,$24.23,1440526247830,"34,043",50% bullish,of 2 ratings,$28.40
CREG,$0.68,1440526247855,"31,253",100% bullish,of 3 ratings,N/A
CHNR,$1.74,1440526247884,"4,104",100% bearish,of 1 rating,N/A
CPGI,$6.8649,1440526247990,206,Not yet rated,NULL,N/A
CSUN,$1.45,1440526248016,"16,103",80% bullish,of 5 ratings,N/A
CNTF,$0.8399,1440526248091,"41,234",Not yet rated,NULL,N/A
CCIH,$6.35,1440526248334,"161,462",67% bullish,of 6 ratings,$12.65
CXDC,$5.98,1440526248365,"15,361",67% bullish,of 3 ratings,N/A
CNYD,$3.09,1440526248391,"9,800",67% bullish,of 3 ratings,N/A
CNET,$0.8229,1440526248469,"15,653",50% bullish,of 2 ratings,N/A
IMOS,$16.44,1440526248522,"134,210",60% bullish,of 5 ratings,$21.50
CHSCL,$26.88,1440526248547,"10,766",Not yet rated,NULL,N/A
CHSCN,$26.31,1440526248773,"11,422",Not yet rated,NULL,N/A
CHSCO,$27.9999,1440526248800,"6,600",Not yet rated,NULL,N/A
CHDN,$132.96,1440526248866,"17,338",Not yet rated,NULL,$165
CHSCP,$30.39,1440526248934,"2,698",Not yet rated,NULL,N/A
CHSCM,$25.63,1440526248962,"18,975",Not yet rated,NULL,N/A
CHUY,$30.81,1440526248988,"112,096",50% bullish,of 2 ratings,$34
CDTX,$14.15,1440526249118,"6,904",Not yet rated,NULL,$22
CIFC,$7.1,1440526249184,200,100% bearish,of 1 rating,N/A
CMCT,$15.33,1440526249209,714,100% bearish,of 1 rating,N/A
CMPR,$67.92,1440526249375,"184,303",50% bullish,of 2 ratings,$72.50
CTAS,$83.05,1440526249408,"184,026",100% bearish,of 1 rating,$91
CINF,$51.98,1440526249439,"362,361",50% bullish,of 4 ratings,$50.50
CIDM,$0.59,1440526249542,"80,256",50% bullish,of 2 ratings,$2.10
CPHR,$5.75,1440526249596,"3,020",100% bearish,of 1 rating,$17
CSCO,$25.2,1440526249682,"11,364,806",84% bullish,of 208 ratings,$32
CRUS,$27.315,1440526249747,"462,634",75% bullish,of 12 ratings,$44.50
CZNC,$19.6,1440526249814,"23,594",Not yet rated,NULL,N/A
CTRN,$27.21,1440526249878,"68,808",100% bearish,of 1 rating,$31.50
CZWI,$8.89,1440526249943,301,Not yet rated,NULL,N/A
CIZN,$19.54,1440526250038,"1,060",Not yet rated,NULL,N/A
CZFC,NULL,1440526250073,0,Not yet rated,NULL,N/A
CTXS,$67.8101,1440526250112,"834,868",86% bullish,of 7 ratings,$80
CHCO,$46.19,1440526250214,"26,221",Not yet rated,NULL,$46
CIVBP,NULL,1440526250290,0,Not yet rated,NULL,N/A
CIVB,$10.04,1440526250346,"2,295",Not yet rated,NULL,$11
CDTI,$1.555,1440526250373,"85,168",75% bullish,of 4 ratings,$3.20
CLNT,$1.3501,1440526250505,"43,571",75% bullish,of 8 ratings,N/A
CLNE,$4.21,1440526250537,"604,712",80% bullish,of 15 ratings,$9
CLRO,$11.4,1440526250634,"4,651",50% bullish,of 2 ratings,$14.25
CLFD,$16.89,1440526250664,"17,575",67% bullish,of 3 ratings,$18
CSBK,$13.64,1440526250767,"58,399",Not yet rated,NULL,N/A
CBLI,$3.705,1440526250798,"19,828",60% bullish,of 5 ratings,N/A
CLVS,$69.661,1440526250897,"421,483",60% bullish,of 5 ratings,$101.50
CLIR,$4.7314,1440526250946,"8,600",100% bullish,of 3 ratings,N/A
CMFN,$11.34,1440526250972,"8,350",100% bearish,of 1 rating,$15.50
CME,$91.03,1440526251103,"740,108",67% bullish,of 3 ratings,$102
CISG,$7.34,1440526251129,"122,116",100% bullish,of 5 ratings,$10
CCNE,$16.48,1440526251156,"2,800",50% bullish,of 2 ratings,$21.50
COBZ,$12.65,1440526251306,"74,252",100% bullish,of 1 rating,$14
COKE,$160.975,1440526251334,"9,099",79% bullish,of 19 ratings,N/A
CNV,$4.45,1440526251366,"14,742",50% bullish,of 2 ratings,$7.15
CWAY,$11.21,1440526251463,700,Not yet rated,NULL,N/A
CDXS,$3.57,1440526251492,"25,402",64% bullish,of 11 ratings,$6
CDRB,$10.24,1440526251627,"8,755",67% bullish,of 3 ratings,N/A
CCOI,$27.63,1440526251682,"130,038",50% bullish,of 4 ratings,$35
CVLY,$20.35,1440526251813,"3,402",Not yet rated,NULL,N/A
JVA,$4.46,1440526251848,"10,182",83% bullish,of 6 ratings,$7
CTSH,$61.08,1440526251874,"1,879,310",90% bullish,of 10 ratings,$75
CGNT,$1.5801,1440526251895,"33,670",100% bullish,of 2 ratings,$2
CGNX,$34.08,1440526251940,"695,467",50% bullish,of 2 ratings,$47
COHR,$55.62,1440526252100,"63,254",50% bullish,of 2 ratings,$72
CLCT,$18.42,1440526252327,"9,177",100% bearish,of 1 rating,N/A
CHRS,$28,1440526253002,"112,178",67% bearish,of 3 ratings,$37
COLL,$14.5,1440526253029,"31,950",100% bearish,of 1 rating,$26
COHU,$9.46,1440526253073,"40,330",100% bearish,of 1 rating,$14.25
CLRX,$0.545,1440526253101,"40,123",50% bullish,of 2 ratings,N/A
CIGI,$42.39,1440526253160,"7,514",100% bearish,of 1 rating,$52
COLB,$29.3,1440526253251,"71,895",Not yet rated,NULL,$36
CBAN,$8.89,1440526253312,"1,000",Not yet rated,NULL,N/A
COLM,$59.75,1440526253338,"40,760",100% bearish,of 1 rating,$71
CLCD,$6.6,1440526253411,"61,970",100% bearish,of 1 rating,$20.50
CBMX,$1.1772,1440526253439,"29,518",83% bullish,of 6 ratings,$3.15
CMCO,$18.18,1440526253515,"15,677",60% bullish,of 5 ratings,$28
CMCSK,$55.52,1440526253574,"1,472,499",Not yet rated,NULL,$84
CMCSA,$55.095,1440526253756,"4,969,655",66% bullish,of 35 ratings,$69.50
CBSH,$43.46,1440526253786,"194,899",50% bullish,of 2 ratings,$46
CBSHP,$25.2129,1440526253813,"1,285",100% bearish,of 1 rating,N/A
CUBN,NULL,1440526253897,0,Not yet rated,NULL,N/A
CVGI,$4.55,1440526254039,"47,078",50% bullish,of 2 ratings,$6
CSAL,$19.86,1440526254091,"212,054",75% bullish,of 4 ratings,$30
COMM,$28.469,1440526254120,"335,924",67% bearish,of 3 ratings,$35
JCS,$8.5,1440526254176,"6,626",67% bullish,of 3 ratings,N/A
ESXB,$5.06,1440526254223,"69,300",Not yet rated,NULL,N/A
CTBI,$34.39,1440526254277,"17,072",Not yet rated,NULL,$36
CYHHZ,$0.01,1440526254352,"302,433",100% bullish,of 1 rating,N/A
CWBC,NULL,1440526254383,0,Not yet rated,NULL,N/A
CVLT,$35,1440526254478,"188,459",75% bullish,of 4 ratings,$44.50
COB,$10.26,1440526254514,"2,932",100% bullish,of 1 rating,$11.75
CIZ,$33.05,1440526254543,"3,061",100% bearish,of 1 rating,N/A
CFO,$34.6521,1440526254925,"28,372",100% bearish,of 1 rating,N/A
CDC,$33.85,1440526254955,"43,774",Not yet rated,NULL,N/A
CIL,$33.3,1440526254984,200,Not yet rated,NULL,N/A
CFA,$34.7801,1440526255015,589,100% bearish,of 1 rating,N/A
CID,$33.19,1440526255046,200,Not yet rated,NULL,N/A
CSF,$35.86,1440526255090,"2,548",100% bearish,of 1 rating,N/A
CSA,$32.64,1440526255120,400,Not yet rated,NULL,N/A
CSB,$32.1799,1440526255147,400,Not yet rated,NULL,N/A
CDL,NULL,1440526255398,0,Not yet rated,NULL,N/A
CGEN,$4.94,1440526255445,"124,749",50% bullish,of 2 ratings,$11
CTG,$6.42,1440526255494,"14,341",100% bearish,of 1 rating,$8.50
SCOR,$54.47,1440526255524,"220,922",100% bearish,of 1 rating,$66
CPSI,$44.88,1440526255549,"49,774",100% bearish,of 1 rating,$45.50
CHCI,$0.6542,1440526255682,"5,658",50% bullish,of 2 ratings,N/A
CMTL,$26.08,1440526255765,"14,604",100% bearish,of 2 ratings,$37
CNCE,$15.395,1440526255866,"101,447",75% bullish,of 4 ratings,$22
CNAT,$3.6132,1440526255939,"37,544",83% bullish,of 6 ratings,$13
CCUR,$5.18,1440526256001,"9,756",75% bullish,of 4 ratings,N/A
CNSI,$18.5,1440526256028,"68,296",100% bearish,of 2 ratings,$29
CXRX,$69.3,1440526256066,400,100% bearish,of 1 rating,$90
CDORP,$6.3,1440526256159,"2,008",100% bearish,of 1 rating,N/A
CDOR,$1.3,1440526256189,"1,650",100% bullish,of 1 rating,N/A
CDORO,$16.6,1440526256346,150,100% bearish,of 1 rating,N/A
CFMS,$20.0299,1440526256507,"118,232",Not yet rated,NULL,$27
CNMD,$52.83,1440526256531,"47,622",Not yet rated,NULL,$59
CNFR,$10.35,1440526256568,"17,100",Not yet rated,NULL,N/A
CTWS,$34.3754,1440526256597,"11,015",100% bearish,of 1 rating,$44
CONN,$30.68,1440526256701,"126,765",67% bullish,of 3 ratings,$48.50
CNOB,$19.05,1440526256833,"42,737",100% bullish,of 1 rating,$23.50
CNXR,$6.54,1440526256859,"25,324",100% bearish,of 1 rating,$12
CNSL,$18.94,1440526256935,"100,276",100% bearish,of 1 rating,$23
CPSS,$5.48,1440526256994,"56,538",100% bullish,of 1 rating,$10
CFRX,$5.1148,1440526257030,"6,139",Not yet rated,NULL,$14
CTCT,$23.85,1440526257052,"184,402",67% bullish,of 3 ratings,$37
CWCO,$10.16,1440526257073,"34,300",67% bullish,of 3 ratings,$14.50
CFRXW,$1.9,1440526257270,"6,066",100% bearish,of 1 rating,N/A
CFRXZ,$0.46,1440526257330,550,Not yet rated,NULL,N/A
CTRL,$7.895,1440526257367,"53,217",50% bullish,of 2 ratings,$11
CTRV,$3.85,1440526257396,"6,899",Not yet rated,NULL,$6.40
CPRT,$33.979,1440526257581,"136,660",67% bearish,of 3 ratings,$40
CORT,$4.55,1440526257672,"132,227",67% bullish,of 3 ratings,$12
CRBP,$1.8758,1440526257694,"251,690",100% bullish,of 2 ratings,$6.25
BVA,$3.51,1440526257776,100,50% bullish,of 2 ratings,N/A
CORI,$10.295,1440526257821,"37,832",100% bearish,of 1 rating,$18
CORE,$60.5,1440526257852,"34,352",100% bearish,of 1 rating,$72
CRVL,$31.3,1440526257873,"26,387",100% bearish,of 1 rating,N/A
CSOD,$34.655,1440526257905,"272,905",50% bullish,of 2 ratings,$42
COST,$136.1699,1440526258182,"1,673,401",79% bullish,of 24 ratings,$154.50
COSI,$1.04,1440526258222,"140,205",100% bullish,of 1 rating,N/A
CPAH,$0.4501,1440526258248,"1,500",50% bullish,of 2 ratings,N/A
CSGP,$173.24,1440526258274,"62,397",50% bullish,of 2 ratings,$235
ICBK,$17.99,1440526258604,400,Not yet rated,NULL,$21
COVS,$2.61,1440526258635,"41,901",67% bullish,of 3 ratings,N/A
CVTI,$21.985,1440526258656,"90,112",67% bearish,of 3 ratings,$39
CPSH,$2.0501,1440526258710,"5,800",Not yet rated,NULL,N/A
COWN,$5.09,1440526258743,"363,559",75% bullish,of 4 ratings,$7
CRAI,$21.66,1440526258849,"11,453",100% bearish,of 1 rating,$36
BREW,$7.24,1440526258877,"60,278",67% bullish,of 6 ratings,$15
COWNL,$27.0999,1440526258905,"1,930",Not yet rated,NULL,N/A
CRAY,$19.97,1440526259036,"99,899",83% bullish,of 6 ratings,$38.50
GLDI,$11.05,1440526259061,"14,747",100% bearish,of 1 rating,N/A
CBRL,$139.88,1440526259086,"242,911",50% bullish,of 2 ratings,$155
CACC,$190.99,1440526259322,"47,028",50% bullish,of 2 ratings,$158.50
CREE,$26.2,1440526259375,"720,516",65% bullish,of 17 ratings,$29.50
SLVO,$10.045,1440526259402,"8,182",100% bearish,of 1 rating,N/A
CROX,$13.62,1440526259533,"216,487",63% bullish,of 8 ratings,$16.50
CRTO,$43.07,1440526259561,"192,164",67% bullish,of 6 ratings,$64
CRDS,$1.03,1440526259583,"36,197",50% bullish,of 4 ratings,$4.50
CCRN,$13.68,1440526259604,"113,055",100% bearish,of 1 rating,$14.25
CRESY,$9.6901,1440526259625,"28,083",100% bearish,of 1 rating,$19
CRWS,$7.89,1440526259756,"15,240",Not yet rated,NULL,$10
CRWN,$4.47,1440526259828,"32,157",75% bullish,of 4 ratings,N/A
CYRX,$2.84,1440526260010,"14,742",Not yet rated,NULL,$9
CYRXW,$0.9001,1440526260039,500,Not yet rated,NULL,N/A
CCLP,$13.265,1440526260076,"87,414",67% bearish,of 3 ratings,$20
CSPI,$5.87,1440526260109,317,67% bullish,of 3 ratings,N/A
CSGS,$30.32,1440526260136,"65,957",Not yet rated,NULL,$40
CTRP,$64.63,1440526260333,"1,625,084",75% bullish,of 8 ratings,$92
CTIC,$1.63,1440526260360,"446,969",84% bullish,of 76 ratings,$5.75
CTIB,$3.55,1440526260390,400,100% bearish,of 1 rating,N/A
CTCM,$1.7,1440526260487,"153,569",80% bearish,of 5 ratings,$3.90
CUI,$5.0799,1440526260560,"68,200",50% bullish,of 2 ratings,$10
CPIX,$5.88,1440526260590,"3,933",Not yet rated,NULL,N/A
CRIS,$2.435,1440526260625,"183,089",100% bullish,of 8 ratings,$6
CUNB,$21.07,1440526260651,"5,969",Not yet rated,NULL,$24.50
CMLS,$1.3,1440526260786,"282,921",50% bullish,of 4 ratings,$6
CVBF,$15.69,1440526260991,"200,112",Not yet rated,NULL,$18
CUTR,$14.21,1440526261020,"25,435",67% bearish,of 3 ratings,$18
CYAN,$6.92,1440526261041,200,100% bearish,of 1 rating,N/A
CVV,$10.8601,1440526261062,"5,893",100% bullish,of 5 ratings,N/A
CYBR,$49.0101,1440526261192,"970,554",86% bullish,of 7 ratings,$66
CYBX,$65.04,1440526261217,"110,909",50% bullish,of 4 ratings,$71.50
CYCC,$0.56,1440526261286,"26,823",73% bullish,of 11 ratings,N/A
CYNA,$16.25,1440526261382,"11,851",100% bullish,of 1 rating,$31.50
CBAY,$2.69,1440526261487,"36,844",100% bullish,of 1 rating,$4
CYBE,$5.82,1440526261521,"4,556",100% bearish,of 1 rating,N/A
CYCCP,NULL,1440526261542,0,100% bearish,of 1 rating,N/A
CY,$9.045,1440526261616,"2,943,524",80% bullish,of 10 ratings,$15.50
CYNO,$31.7,1440526261675,"74,813",67% bearish,of 3 ratings,$45.50
CYTK,$6.68,1440526261807,"89,383",71% bullish,of 14 ratings,$13.50
CYRN,$1.71,1440526261833,"52,276",67% bullish,of 3 ratings,$4
CONE,$31.565,1440526261854,"207,818",67% bearish,of 3 ratings,$35
CYTX,$0.3552,1440526262064,"522,776",83% bullish,of 12 ratings,$5.50
CYTR,$2.109,1440526262096,"516,839",67% bullish,of 6 ratings,$10
CTSO,$6.5299,1440526262145,"31,990",Not yet rated,NULL,$15.625
DAEG,$0.3101,1440526262202,"5,841",100% bearish,of 1 rating,N/A
TVIZ,$17.55,1440526262239,"10,340",100% bearish,of 1 rating,N/A
TVIX,$11.52,1440526262284,"12,916,293",81% bullish,of 16 ratings,N/A
ZIV,$41.79,1440526262384,"71,592",Not yet rated,NULL,N/A
XIV,$29.03,1440526262467,"19,369,717",75% bearish,of 4 ratings,N/A
DARA,$0.8417,1440526262635,"49,927",83% bullish,of 6 ratings,$1.50
DAKT,$9.2,1440526262664,"455,355",50% bullish,of 2 ratings,$14
DJCO,NULL,1440526262685,0,Not yet rated,NULL,N/A
DAIO,$2.6064,1440526262723,"8,624",Not yet rated,NULL,N/A
DRAM,$1.17,1440526262814,"37,004",78% bullish,of 9 ratings,N/A
DTLK,$5.37,1440526262840,"31,481",100% bearish,of 1 rating,$9
DWCH,$4.84,1440526262983,"7,332",75% bullish,of 4 ratings,$8.25
PLAY,$32.9,1440526263016,"107,183",100% bullish,of 5 ratings,$42
DWSN,$4.31,1440526263115,"8,750",67% bullish,of 3 ratings,$6
DTEA,$13.08,1440526263141,"54,326",100% bearish,of 2 ratings,$24
DBVT,$37.86,1440526263273,"52,072",100% bearish,of 1 rating,$53
TRAK,$62.78,1440526263305,"411,680",50% bullish,of 2 ratings,$62.50
DHRM,$1.48,1440526263374,"29,873",Not yet rated,NULL,N/A
TACO,$12.82,1440526263404,"137,183",75% bullish,of 4 ratings,$20
TACOW,$3.9,1440526263452,"1,825",100% bullish,of 1 rating,N/A
DFRG,$14.28,1440526263477,"119,260",100% bearish,of 1 rating,$20
DGAS,$20.23,1440526263538,"22,686",67% bearish,of 3 ratings,N/A
DCTH,$0.4383,1440526263688,"57,930",78% bullish,of 9 ratings,N/A
DELTW,NULL,1440526263749,0,Not yet rated,NULL,N/A
DELT,$2.59,1440526263787,750,Not yet rated,NULL,N/A
XRAY,$52.08,1440526263883,"200,101",100% bullish,of 1 rating,$58
DENN,$11.34,1440526263915,"115,242",100% bullish,of 3 ratings,$15
DERM,$24.75,1440526264234,"61,030",100% bearish,of 1 rating,$33.50
DSCI,$6.06,1440526264269,"17,474",50% bullish,of 2 ratings,$16
DEPO,$28.34,1440526264301,"435,091",60% bullish,of 5 ratings,$29
DEST,$11.36,1440526264334,"35,689",50% bullish,of 2 ratings,N/A
DHXM,NULL,1440526264373,0,Not yet rated,NULL,N/A
DSWL,$1.75,1440526264402,"1,000",100% bullish,of 1 rating,N/A
DXLG,$4.39,1440526264430,"44,050",100% bearish,of 1 rating,$8
DXM,$0.29,1440526264455,"92,024",50% bullish,of 2 ratings,N/A
DMND,$28.92,1440526264771,"66,217",75% bullish,of 12 ratings,$32
FANG,$62.15,1440526264804,"416,172",50% bullish,of 2 ratings,$86.50
DRNA,$10.37,1440526264901,"32,905",67% bearish,of 3 ratings,$25
DGII,$9.56,1440526264932,"11,887",100% bearish,of 1 rating,$10
DHIL,$189.3379,1440526264981,500,Not yet rated,NULL,N/A
DXCM,$90.593,1440526265009,"527,427",57% bullish,of 7 ratings,$98
DCIX,$1.6401,1440526265031,"23,958",50% bullish,of 4 ratings,$3.50
APPS,$2.28,1440526265218,"36,076",100% bearish,of 1 rating,$10.25
DRAD,$3.65,1440526265326,"13,267",100% bullish,of 1 rating,$5.25
DGLY,$6.8399,1440526265365,"112,782",50% bullish,of 6 ratings,$20
DCOM,$16.405,1440526265391,"35,356",100% bearish,of 2 ratings,$16.50
DPRX,$12.735,1440526265464,"12,644",100% bullish,of 2 ratings,$27.75
DIOD,$19.22,1440526265493,"93,065",75% bearish,of 4 ratings,$24
DMRC,$34.5,1440526265518,"48,688",100% bearish,of 1 rating,$44
DISCB,$26,1440526265672,200,100% bearish,of 1 rating,$35
DISCA,$26.131,1440526265699,"2,508,225",67% bullish,of 3 ratings,$34
DVCR,$10.5,1440526265962,"6,600",100% bullish,of 1 rating,N/A
DSCO,$0.4,1440526265993,"154,995",83% bullish,of 6 ratings,$2.75
DISH,$59.38,1440526266020,"395,789",69% bullish,of 13 ratings,$73
DISCK,$24.61,1440526266041,"1,018,268",100% bearish,of 1 rating,$32
BAGR,$2.76,1440526266070,"26,404",100% bearish,of 1 rating,$6
DNBF,$26.3,1440526266095,"2,745",Not yet rated,NULL,$27.50
DGICA,$14.085,1440526266288,"4,771",100% bearish,of 1 rating,$17
DLHC,$2.3593,1440526266344,"2,130",100% bearish,of 1 rating,N/A
DGICB,NULL,1440526266376,0,100% bearish,of 1 rating,N/A
DLTR,$75.03,1440526266423,"736,237",82% bullish,of 11 ratings,$88
DORM,$50.03,1440526266506,"97,563",100% bearish,of 1 rating,$56
HILL,$9.66,1440526266533,"1,038,247",60% bearish,of 5 ratings,$9.75
DMLP,$13.66,1440526266559,"17,583",100% bearish,of 1 rating,N/A
DRWI,$0.23,1440526266599,"213,961",60% bullish,of 5 ratings,$.45
DWA,$19.423,1440526266797,"478,943",63% bullish,of 8 ratings,$26
DRWIW,$0.0474,1440526266845,117,Not yet rated,NULL,N/A
DRYS,$0.3574,1440526267001,"2,873,306",77% bullish,of 31 ratings,$.60
CADT,NULL,1440526267025,0,Not yet rated,NULL,N/A
DSKX,$2.93,1440526267059,"160,406",100% bullish,of 1 rating,N/A
DSPG,$8.2799,1440526267102,"65,268",100% bearish,of 1 rating,$13.50
CADTR,NULL,1440526267155,0,Not yet rated,NULL,N/A
CADTW,NULL,1440526267329,0,Not yet rated,NULL,N/A
CADTU,NULL,1440526267353,0,Not yet rated,NULL,N/A
DTSI,$25.77,1440526267423,"88,558",100% bearish,of 2 ratings,$39.50
DNKN,$50.65,1440526267451,"581,613",67% bullish,of 15 ratings,$56.50
DRRX,$1.95,1440526267553,"73,859",50% bullish,of 6 ratings,$3
DXPE,$27.8,1440526267603,"73,300",50% bullish,of 2 ratings,N/A
DYAX,$22.28,1440526267630,"314,969",89% bullish,of 9 ratings,$30
BOOM,$9.42,1440526267684,"30,805",67% bullish,of 3 ratings,$12
DYNT,$2.9035,1440526267865,"5,209",75% bullish,of 4 ratings,N/A
DYSL,$1.46,1440526267950,"19,400",100% bullish,of 2 ratings,N/A
DVAX,$26.34,1440526267975,"185,565",70% bullish,of 10 ratings,$40
ETFC,$25.2,1440526268004,"1,502,059",57% bullish,of 14 ratings,$33
EBMT,$11.34,1440526268107,"10,614",Not yet rated,NULL,$13.50
EGLE,$6.03,1440526268135,"6,511",60% bullish,of 5 ratings,N/A
EGRX,$71.86,1440526268167,"212,910",67% bullish,of 3 ratings,$97
EGBN,$41.32,1440526268269,"80,334",Not yet rated,NULL,$48
ELNK,$8.18,1440526268404,"300,627",60% bullish,of 5 ratings,$9.50
EROC,$1.2,1440526268439,"231,570",50% bullish,of 2 ratings,$3
EWBC,$38.42,1440526268465,"868,470",100% bearish,of 1 rating,$50
EACQU,$10.2,1440526268537,400,Not yet rated,NULL,N/A
EML,$16.2301,1440526268566,"6,936",Not yet rated,NULL,N/A
EVBS,$6.4501,1440526268673,"6,603",Not yet rated,NULL,$7
EBAY,$25.67,1440526268778,"6,563,016",81% bullish,of 117 ratings,$48
EBIX,$26.31,1440526268835,"159,626",69% bullish,of 13 ratings,$40
ECTE,$1.45,1440526268971,"14,954",75% bullish,of 4 ratings,N/A
ECHO,$23.71,1440526268999,"210,001",67% bearish,of 3 ratings,$35.50
ELON,$0.54,1440526269023,"76,298",50% bullish,of 2 ratings,N/A
EEI,$11.0001,1440526269158,"7,708",67% bearish,of 3 ratings,N/A
SATS,$42.197,1440526269198,"68,115",50% bullish,of 2 ratings,$60
ESES,$3.2,1440526269331,"27,811",100% bearish,of 1 rating,$7
ECACU,NULL,1440526269356,0,Not yet rated,NULL,N/A
EDAP,$3.35,1440526269394,"48,402",60% bullish,of 5 ratings,$4.50
EDGW,$6.79,1440526269622,"2,704",100% bearish,of 1 rating,N/A
EDUC,$4.988,1440526269727,"7,748",100% bearish,of 1 rating,N/A
EFUT,NULL,1440526269752,0,Not yet rated,NULL,N/A
EGAN,$3.3,1440526269779,"28,800",50% bullish,of 2 ratings,$6.25
LOCO,$12.55,1440526269935,"893,754",69% bullish,of 13 ratings,$20
EMITF,$1.25,1440526269962,"12,918",75% bullish,of 4 ratings,N/A
EGLT,$11.01,1440526269983,"44,889",50% bullish,of 2 ratings,$21
EHTH,$13.47,1440526270038,"36,724",50% bullish,of 4 ratings,$16.50
ERI,$9.26,1440526270168,"24,455",100% bearish,of 1 rating,$10
ESLT,$77.7,1440526270195,"8,068",67% bullish,of 3 ratings,N/A
ELRC,$10.3,1440526270271,"20,144",100% bearish,of 1 rating,N/A
ESIO,$4.409,1440526270378,"38,306",50% bullish,of 2 ratings,$10
EA,$64.865,1440526270434,"2,081,680",77% bullish,of 35 ratings,$80
EFII,$43.5656,1440526270459,"144,031",80% bullish,of 5 ratings,$55
ELSE,$3.8801,1440526270637,200,60% bullish,of 5 ratings,N/A
ELEC,NULL,1440526270716,0,Not yet rated,NULL,N/A
EBIO,$3.3799,1440526270744,"76,749",100% bearish,of 2 ratings,$8.35
ELECW,NULL,1440526270770,0,Not yet rated,NULL,N/A
ELECU,NULL,1440526270797,0,Not yet rated,NULL,N/A
CAPX,$22.15,1440526270932,200,Not yet rated,NULL,N/A
RDEN,$10.11,1440526270961,"27,110",100% bearish,of 4 ratings,$15
ESBK,$19.515,1440526271091,600,Not yet rated,NULL,N/A
ELTK,$1.08,1440526271188,"1,230",67% bearish,of 3 ratings,N/A
LONG,$16.18,1440526271216,"151,359",67% bullish,of 3 ratings,$15.75
EMCI,$22.165,1440526271345,"4,721",Not yet rated,NULL,N/A
EMCF,NULL,1440526271396,0,100% bearish,of 1 rating,N/A
EMKR,$6.8957,1440526271432,"50,399",75% bullish,of 4 ratings,$8.50
EMMSP,NULL,1440526271612,0,100% bearish,of 1 rating,N/A
EMMS,$1.12,1440526271641,"26,194",67% bullish,of 6 ratings,N/A
NYNY,$4.05,1440526271711,"22,778",50% bullish,of 2 ratings,N/A
ENTA,$40.685,1440526271774,"64,877",50% bullish,of 2 ratings,$42
ECPG,$38.56,1440526271840,"78,986",100% bullish,of 2 ratings,$52
ERS,$2.8101,1440526271872,"3,758",Not yet rated,NULL,N/A
ENDP,$75.57,1440526271967,"983,086",50% bullish,of 6 ratings,$104
WIRE,$31.13,1440526271992,"67,831",100% bearish,of 1 rating,$37
ECYT,$4.9038,1440526272323,"136,369",83% bullish,of 6 ratings,$12
ELGX,$12.5,1440526272413,"347,046",75% bullish,of 4 ratings,$17
EFOI,$16.9672,1440526272498,"428,331",50% bullish,of 2 ratings,$20.50
ERII,$2.9,1440526272532,"36,613",80% bullish,of 5 ratings,$2.50
EIGI,$15.26,1440526272651,"391,448",67% bearish,of 3 ratings,$22.50
WATT,$6.005,1440526272680,"119,441",50% bullish,of 2 ratings,$13
EXXI,$1.34,1440526272702,"702,778",86% bullish,of 7 ratings,$3.50
ENOC,$8.24,1440526272786,"139,969",75% bullish,of 4 ratings,$18
ENFC,$17.99,1440526272956,"3,800",Not yet rated,NULL,N/A
ENPH,$4.465,1440526272995,"447,145",75% bullish,of 4 ratings,$11
ESGR,$147.26,1440526273016,"14,208",100% bearish,of 1 rating,$185
ENG,$0.98,1440526273050,"46,578",100% bullish,of 3 ratings,N/A
ENTL,$21,1440526273104,"9,074",Not yet rated,NULL,$28
ENTG,$13.29,1440526273144,"204,679",100% bearish,of 1 rating,$18
ETRM,$0.2771,1440526273243,"2,169,981",69% bearish,of 35 ratings,$1.625
EFSC,$23.82,1440526273507,"25,862",Not yet rated,NULL,$27
EBTC,$20.91,1440526273536,600,Not yet rated,NULL,N/A
EGT,$1.82,1440526273575,"4,343",100% bullish,of 1 rating,N/A
ENZN,$0.9639,1440526273639,"437,928",100% bullish,of 9 ratings,N/A
ENZY,$9.15,1440526273710,"8,670",67% bullish,of 3 ratings,$9.50
ENVI,$1.82,1440526273737,"7,429",67% bullish,of 3 ratings,N/A
EPIQ,$12.9,1440526273758,"22,847",100% bearish,of 1 rating,$18
EPZM,$17.735,1440526273926,"187,677",60% bullish,of 5 ratings,$34
EPRS,$4.99,1440526273955,"29,038",82% bullish,of 11 ratings,$15
EQIX,$259.33,1440526274025,"277,734",75% bullish,of 4 ratings,$312.50
PLUS,$74.43,1440526274084,"51,818",50% bullish,of 2 ratings,$88
ERIC,$9.55,1440526274157,"1,196,329",63% bullish,of 8 ratings,$12.20
ERIE,$81.5,1440526274187,"31,146",Not yet rated,NULL,$73
EQFN,NULL,1440526274214,0,100% bearish,of 1 rating,N/A
EAC,$3.27,1440526274288,"16,407",100% bearish,of 1 rating,$8
ESCR,$0.1799,1440526274587,"36,657",50% bullish,of 2 ratings,N/A
ESCA,$17.04,1440526274619,"3,984",100% bearish,of 1 rating,$22
ESPR,$52.48,1440526274652,"350,581",70% bearish,of 10 ratings,$123
ESCRP,$1.22,1440526274729,400,100% bearish,of 1 rating,N/A
EPIX,NULL,1440526274762,0,Not yet rated,NULL,N/A
ESSA,$12.65,1440526274783,"2,450",100% bearish,of 1 rating,N/A
ESMC,NULL,1440526274814,0,Not yet rated,NULL,N/A
ESND,$33.66,1440526274862,"42,234",100% bearish,of 2 ratings,$40
CLWT,$2.5,1440526275146,306,100% bearish,of 1 rating,N/A
ETSY,$13.03,1440526275173,"308,338",80% bullish,of 5 ratings,$16
EEFT,$63.475,1440526275210,"90,807",100% bearish,of 1 rating,$67.50
ESSX,$0.425,1440526275239,"48,081",50% bullish,of 2 ratings,N/A
ESEA,$5.5501,1440526275342,"1,500",100% bullish,of 1 rating,$15
EVEP,$7.12,1440526275479,"183,532",50% bullish,of 2 ratings,$15
EVK,NULL,1440526275609,0,75% bearish,of 4 ratings,N/A
EVOK,$3.79,1440526275667,"34,136",100% bearish,of 1 rating,$13.375
EVLV,$2.04,1440526275700,"115,112",60% bullish,of 5 ratings,$6.50
EXAC,$17.97,1440526275740,"25,704",100% bearish,of 1 rating,$22.50
EVOL,$5.94,1440526275767,"12,837",75% bullish,of 4 ratings,$10
EXAS,$20.3501,1440526275788,"579,162",78% bullish,of 9 ratings,$31
EXA,$10.74,1440526275822,"3,900",100% bearish,of 1 rating,$13
EXEL,$5.285,1440526276098,"2,498,046",81% bullish,of 16 ratings,$6
EXFO,$2.56,1440526276131,"14,952",67% bearish,of 3 ratings,$3.95
EXPD,$47.73,1440526276173,"716,719",80% bullish,of 5 ratings,$51.50
EXLS,$35.36,1440526276231,"63,702",50% bullish,of 2 ratings,$41
EXPE,$111.885,1440526276261,"516,422",64% bullish,of 11 ratings,$130
EXPO,$41.16,1440526276310,"20,455",100% bearish,of 1 rating,$45.50
ESRX,$83.13,1440526276362,"1,851,526",67% bearish,of 6 ratings,$101
EXLP,$18.33,1440526276499,"111,064",100% bearish,of 1 rating,$25
EXTR,$2.73,1440526276530,"233,513",80% bullish,of 5 ratings,$3
EYEG,$3.96,1440526276562,"21,900",Not yet rated,NULL,N/A
EZCH,$21.3,1440526276588,"29,869",75% bullish,of 8 ratings,$19.50
EYEGW,NULL,1440526276629,0,Not yet rated,NULL,N/A
EZPW,$5.845,1440526276656,"167,040",50% bullish,of 4 ratings,$7.50
FB,$85.14,1440526276733,"22,097,619",73% bullish,of 1066 ratings,$111
FFIV,$119.74,1440526276800,"330,078",63% bullish,of 8 ratings,$132
FCS,$12.88,1440526277109,"269,424",67% bearish,of 3 ratings,$17
FWM,$2.435,1440526277338,"205,719",100% bearish,of 2 ratings,$3.20
DAVE,$13.975,1440526277401,"7,507",100% bearish,of 1 rating,$15.50
FARM,$21.83,1440526277428,"17,335",100% bearish,of 1 rating,$35
FALC,$1.51,1440526277456,"29,979",63% bearish,of 8 ratings,N/A
FFKT,$25.79,1440526277477,"5,529",Not yet rated,NULL,$29
FRP,$15.605,1440526277498,"28,751",100% bearish,of 1 rating,$18
FMNB,$8,1440526277533,"5,100",Not yet rated,NULL,N/A
FARO,$37.5,1440526277671,"52,754",50% bullish,of 2 ratings,$48
FAST,$37.39,1440526277718,"1,938,687",80% bullish,of 5 ratings,$45.50
FBSS,$15.92,1440526277849,"1,615",Not yet rated,NULL,N/A
FATE,$6.1562,1440526277910,"21,797",50% bullish,of 2 ratings,$11
FDML,$8.58,1440526277940,"110,686",50% bullish,of 4 ratings,$14
FBRC,$21.53,1440526277969,"10,338",100% bearish,of 1 rating,$29
FNHC,$21.7,1440526278074,"27,136",100% bearish,of 1 rating,$35
FEIC,$73.72,1440526278210,"116,282",50% bullish,of 2 ratings,$95.50
FGEN,$22.85,1440526278340,"136,273",100% bearish,of 1 rating,$39
FHCO,$1.3502,1440526278370,"37,493",50% bullish,of 4 ratings,N/A
FCSC,$5.52,1440526278398,"129,743",100% bearish,of 1 rating,$8.125
LION,$18.33,1440526278442,"51,499",100% bullish,of 1 rating,$20
FENX,$9.5,1440526278469,"43,067",100% bullish,of 1 rating,$14.25
FDUS,$13.563,1440526278649,"27,242",50% bullish,of 2 ratings,$18
FRGI,$51.35,1440526278703,"65,928",50% bullish,of 2 ratings,$70
ONEQ,$182.23,1440526278733,"36,507",100% bullish,of 1 rating,N/A
FSAM,$8.56,1440526278829,"4,716",100% bearish,of 1 rating,$11
FSC,$6.22,1440526278858,"621,463",75% bullish,of 4 ratings,$8
FSCFL,$24.7999,1440526278965,"2,821",Not yet rated,NULL,N/A
FITB,$18.76,1440526279218,"3,189,747",54% bullish,of 13 ratings,$22
FITBI,$27.45,1440526279256,"17,770",Not yet rated,NULL,N/A
FSFR,$8.915,1440526279281,"109,312",100% bearish,of 1 rating,$11.50
FNSR,$15,1440526279308,"337,721",71% bullish,of 7 ratings,$24.50
FISI,$24.4,1440526279338,"27,785",100% bullish,of 2 ratings,$24.50
FNGN,$31.96,1440526279359,"130,545",67% bullish,of 3 ratings,$47
FNJN,$1.595,1440526279448,"23,133",100% bearish,of 1 rating,$5
FNTCW,$0.3111,1440526279653,514,Not yet rated,NULL,N/A
FNTC,NULL,1440526279723,0,Not yet rated,NULL,N/A
FBNC,$16.6,1440526279755,"13,687",100% bullish,of 1 rating,$20
FNLC,$18,1440526279782,"6,738",100% bullish,of 1 rating,N/A
FEYE,$37.4899,1440526279807,"2,411,256",87% bullish,of 15 ratings,$55.50
FRBA,$6.016,1440526279831,"1,102",Not yet rated,NULL,$8
FNTCU,$10.42,1440526279860,186,Not yet rated,NULL,N/A
BUSE,$6.29,1440526280094,"257,089",Not yet rated,NULL,$6.875
FBIZ,$43.5,1440526280126,"2,695",100% bearish,of 2 ratings,$52
FCVA,NULL,1440526280298,0,Not yet rated,NULL,N/A
FCAP,$26.5,1440526280327,937,Not yet rated,NULL,N/A
FCFS,$38.1099,1440526280357,"78,143",100% bearish,of 3 ratings,$48
FCNCA,$229.98,1440526280383,"2,444",Not yet rated,NULL,N/A
FCLF,$9.08,1440526280466,100,Not yet rated,NULL,N/A
FCCO,$11.73,1440526280512,100,Not yet rated,NULL,$13.25
FCFP,$6.82,1440526280709,"2,300",Not yet rated,NULL,N/A
FCBC,$17.18,1440526280741,"4,655",Not yet rated,NULL,$18
FBNK,$16.69,1440526280773,"5,601",100% bearish,of 1 rating,$17.50
FDEF,$36.97,1440526280803,"15,884",Not yet rated,NULL,$38
FFNM,$6.3699,1440526280832,500,Not yet rated,NULL,N/A
FFBC,$17.9999,1440526280870,"59,681",67% bearish,of 3 ratings,$20.25
FFBCW,$6.3,1440526280936,100,100% bearish,of 1 rating,N/A
FFIN,$29.8,1440526281005,"123,201",50% bullish,of 2 ratings,$31.75
FFNW,$11.9,1440526281215,"23,099",Not yet rated,NULL,$14
THFF,$32.98,1440526281349,"4,711",Not yet rated,NULL,$35
FRME,$25.1,1440526281396,"35,832",Not yet rated,NULL,$26.50
FFWM,$20.9,1440526281425,"1,000",Not yet rated,NULL,$24
INBK,$29.99,1440526281447,"9,960",50% bullish,of 2 ratings,$37
FIBK,$26.04,1440526281468,"53,249",Not yet rated,NULL,$32
FMBI,$17.08,1440526281601,"156,883",Not yet rated,NULL,$20
FMBH,NULL,1440526281628,0,Not yet rated,NULL,N/A
FNWB,$11.8599,1440526281656,"4,671",Not yet rated,NULL,N/A
FSGI,$2.46,1440526281815,"2,686",Not yet rated,NULL,N/A
FSLR,$45.89,1440526281888,"1,163,908",74% bullish,of 39 ratings,$65
FNBC,$33.3,1440526281916,"27,157",Not yet rated,NULL,$41.50
FSFG,$30.41,1440526281938,"1,800",Not yet rated,NULL,N/A
FNFG,$8.76,1440526281967,"1,223,457",80% bullish,of 5 ratings,$9
FSBK,$7.45,1440526281995,"3,444",100% bullish,of 1 rating,N/A
BICK,$18.9801,1440526282253,520,100% bullish,of 1 rating,N/A
FBZ,$10.06,1440526282338,240,Not yet rated,NULL,N/A
FCA,$19.35,1440526282385,"1,525",Not yet rated,NULL,N/A
FCAN,$23.54,1440526282417,"21,111",Not yet rated,NULL,N/A
IFV,$17.5465,1440526282445,"683,483",100% bearish,of 1 rating,N/A
FV,$22.6806,1440526282518,"1,803,890",100% bearish,of 1 rating,N/A
FTCS,$35.65,1440526282542,"25,114",100% bearish,of 1 rating,N/A
FEMB,NULL,1440526282676,0,Not yet rated,NULL,N/A
FTSM,$59.9,1440526282881,"10,454",100% bearish,of 1 rating,N/A
TDIV,$23.8001,1440526282914,"170,123",100% bearish,of 1 rating,N/A
FTGC,$21.7502,1440526282943,"178,814",Not yet rated,NULL,N/A
FEUZ,$30.92,1440526282963,208,Not yet rated,NULL,N/A
FGM,$35.36,1440526283016,"15,824",Not yet rated,NULL,N/A
MDIV,$18.84,1440526283045,"124,460",Not yet rated,NULL,N/A
FTHI,$19.1644,1440526283147,"2,698",Not yet rated,NULL,N/A
YDIV,$16.46,1440526283540,"6,193",Not yet rated,NULL,N/A
FPXI,$26.89,1440526283567,"1,000",Not yet rated,NULL,N/A
FHK,$32.42,1440526283588,"43,158",Not yet rated,NULL,N/A
SKYY,$27.9343,1440526283609,"69,453",100% bullish,of 1 rating,N/A
HYLS,$48.9576,1440526283739,"18,318",100% bearish,of 1 rating,N/A
CU,$12.5299,1440526283764,"9,050",100% bearish,of 1 rating,N/A
PLTM,$6.3399,1440526283825,"4,324",100% bearish,of 1 rating,N/A
FMB,$51.25,1440526283974,"4,349",Not yet rated,NULL,N/A
FTLB,$19.05,1440526284004,300,100% bearish,of 1 rating,N/A
LMBS,$50.0699,1440526284025,"2,918",Not yet rated,NULL,N/A
FJP,$45.08,1440526284050,"8,860",Not yet rated,NULL,N/A
QABA,$36.4116,1440526284086,"18,823",100% bearish,of 1 rating,N/A
CIBR,$17.75,1440526284221,"73,212",Not yet rated,NULL,N/A
FONE,$34.2499,1440526284295,150,Not yet rated,NULL,N/A
QCLN,$14.37,1440526284379,"20,313",Not yet rated,NULL,N/A
GRID,NULL,1440526284510,0,100% bearish,of 1 rating,N/A
QQEW,$40.323,1440526284750,"249,707",Not yet rated,NULL,N/A
QQXT,$39.17,1440526284798,"29,404",Not yet rated,NULL,N/A
CARZ,$33.5701,1440526284845,"35,612",100% bearish,of 1 rating,N/A
QTEC,$38.361,1440526284875,"30,912",Not yet rated,NULL,N/A
FTSL,$48.712,1440526284983,"85,193",100% bearish,of 1 rating,N/A
AIRR,$15.72,1440526285013,"5,063",100% bearish,of 1 rating,N/A
RDVY,$20.5401,1440526285040,"5,957",Not yet rated,NULL,N/A
QINC,$19.96,1440526285090,904,Not yet rated,NULL,N/A
FKO,$22,1440526285174,"1,130",Not yet rated,NULL,N/A
FSZ,$38.94,1440526285231,"40,952",Not yet rated,NULL,N/A
FDIV,$47.25,1440526285256,"3,060",100% bearish,of 1 rating,N/A
FTW,$29.95,1440526285399,"1,800",Not yet rated,NULL,N/A
FMER,$17.321,1440526285601,"853,607",50% bullish,of 2 ratings,$20
SVVC,$9.41,1440526285635,"11,555",50% bullish,of 2 ratings,$26
FUNC,$8.1999,1440526285656,"1,100",Not yet rated,NULL,N/A
FISV,$82.24,1440526285689,"544,999",100% bearish,of 3 ratings,$90
TUSA,NULL,1440526285709,0,Not yet rated,NULL,N/A
FKU,$41.34,1440526285746,"21,306",Not yet rated,NULL,N/A
FIVE,$36.005,1440526285842,"277,717",75% bearish,of 4 ratings,$44
FSV,$31.455,1440526285867,"9,256",Not yet rated,NULL,$33.60
FPRX,$18.965,1440526286085,"148,847",50% bullish,of 2 ratings,$35
FLML,$21.68,1440526286131,"77,194",50% bullish,of 2 ratings,$30
FLKS,$12.86,1440526286161,"24,051",50% bullish,of 2 ratings,$27
FIVN,$4.13,1440526286192,"60,583",100% bullish,of 1 rating,$8.50
FLXN,$23.47,1440526286283,"29,061",100% bearish,of 1 rating,$40
SKOR,NULL,1440526286314,0,Not yet rated,NULL,N/A
MBSD,$24.96,1440526286418,800,Not yet rated,NULL,N/A
FLXS,$31.39,1440526286544,"14,398",100% bearish,of 2 ratings,N/A
FLIR,$27.71,1440526286643,"428,787",100% bearish,of 1 rating,$38.50
FOMX,$9.67,1440526286676,"62,206",50% bullish,of 2 ratings,$23.50
FLEX,$10.155,1440526286703,"1,513,870",63% bullish,of 8 ratings,$12
FLDM,$11.95,1440526286729,"149,119",67% bearish,of 3 ratings,$21.50
FFIC,$19.67,1440526286773,"34,798",Not yet rated,NULL,$21
FOGO,$17.9,1440526287118,"98,448",50% bullish,of 2 ratings,$25.50
FORM,$6.04,1440526287160,"129,717",67% bullish,of 3 ratings,$10.50
FONR,$9.1,1440526287186,"10,666",100% bullish,of 1 rating,N/A
FES,$0.92,1440526287215,"9,979",50% bullish,of 2 ratings,$1
FORR,$31.89,1440526287241,"10,573",Not yet rated,NULL,N/A
FORTY,$31.46,1440526287319,150,100% bearish,of 1 rating,N/A
FTNT,$41.57,1440526287451,"696,605",80% bullish,of 10 ratings,$52
FBIO,$2.59,1440526287505,"130,758",83% bullish,of 6 ratings,N/A
FWRD,$45.06,1440526287690,"96,863",100% bearish,of 1 rating,$50
FORD,$1.77,1440526287727,"5,135,856",50% bullish,of 2 ratings,N/A
FXCB,$17.08,1440526287753,"6,177",Not yet rated,NULL,$19
FWP,$25.83,1440526287822,"33,934",100% bearish,of 1 rating,$45
FOSL,$58.51,1440526287849,"528,968",50% bullish,of 4 ratings,$80
FOXF,$15.37,1440526287906,"46,725",100% bearish,of 1 rating,$19
FMI,$20.64,1440526288073,"94,197",100% bearish,of 2 ratings,$27.50
FRAN,$10.4,1440526288102,"198,399",50% bullish,of 4 ratings,$15
FRED,$13.08,1440526288204,"47,296",50% bullish,of 2 ratings,$16.50
FELE,$28.2,1440526288268,"57,384",50% bullish,of 4 ratings,$33
FREE,$0.3617,1440526288400,"368,668",92% bullish,of 12 ratings,N/A
FEIM,$10.81,1440526288480,"1,007",100% bearish,of 1 rating,N/A
FRPT,$12.97,1440526288515,"230,053",67% bearish,of 3 ratings,$23.50
RAIL,$19.24,1440526288544,"62,497",100% bearish,of 1 rating,$24.50
FTR,$4.97,1440526288583,"7,671,961",78% bullish,of 27 ratings,$6.25
FRPH,$30.2,1440526288614,"1,535",100% bearish,of 1 rating,N/A
FTRPR,$99.55,1440526288640,"120,162",100% bearish,of 1 rating,N/A
FSBW,$22.72,1440526288832,860,Not yet rated,NULL,N/A
FTD,$29.1,1440526288904,"38,003",100% bearish,of 1 rating,$40
FCEL,$0.7401,1440526289047,"1,173,295",88% bullish,of 40 ratings,$2.65
FSYS,$6.07,1440526289103,"17,118",67% bullish,of 3 ratings,$10
FTEK,$2.06,1440526289153,"29,947",75% bullish,of 4 ratings,N/A
FULL,$3.08,1440526289202,"30,039",67% bearish,of 3 ratings,$4.25
FULLL,$25,1440526289232,"4,500",Not yet rated,NULL,N/A
FULT,$11.865,1440526289281,"392,313",100% bearish,of 1 rating,$13
FSNN,$2.37,1440526289334,"6,500",67% bullish,of 3 ratings,$6
FLL,$1.48,1440526289382,"2,479",75% bullish,of 4 ratings,$3.50
FXENP,$16.2,1440526289515,800,100% bearish,of 1 rating,N/A
FFHL,NULL,1440526289545,0,50% bullish,of 4 ratings,N/A
FXEN,$0.79,1440526289578,"50,270",75% bullish,of 4 ratings,$1.10
GK,$67.71,1440526289677,"38,806",Not yet rated,NULL,$78
WILC,NULL,1440526289703,0,100% bullish,of 2 ratings,N/A
GAIA,$5.95,1440526289761,"12,284",50% bullish,of 2 ratings,$8.50
GLPG,$64.02,1440526289897,"13,787",100% bullish,of 1 rating,$75
GALT,$1.865,1440526290023,"54,164",80% bullish,of 5 ratings,N/A
GALE,$1.62,1440526290056,"1,071,226",89% bullish,of 47 ratings,$4
GALTW,NULL,1440526290128,0,100% bullish,of 1 rating,N/A
GALTU,NULL,1440526290160,0,100% bearish,of 1 rating,N/A
GLMD,$7.98,1440526290181,"12,240",67% bullish,of 3 ratings,$20.50
GLPI,$31.36,1440526290214,"214,266",100% bearish,of 1 rating,$37.50
GRMN,$37.6,1440526290260,"588,979",50% bullish,of 6 ratings,$48
GGAC,$9.82,1440526290317,"2,200",100% bearish,of 1 rating,N/A
GPIC,$9.81,1440526290525,"1,700",100% bearish,of 1 rating,N/A
GGACR,NULL,1440526290591,0,100% bullish,of 1 rating,N/A
GGACU,NULL,1440526290654,0,Not yet rated,NULL,N/A
GGACW,$0.1068,1440526290691,"2,100",Not yet rated,NULL,N/A
GENC,$9.3189,1440526290848,"1,700",100% bearish,of 1 rating,N/A
GARS,$14.16,1440526290910,"22,213",Not yet rated,NULL,$16
GFN,$3.61,1440526290936,"51,525",100% bearish,of 2 ratings,$8
GNCMA,$16.27,1440526290966,"74,163",100% bearish,of 1 rating,$12
GENE,$2.12,1440526291066,"65,742",100% bullish,of 12 ratings,N/A
GFNCP,$89.01,1440526291092,204,Not yet rated,NULL,N/A
GNMK,$9.25,1440526291150,"88,236",67% bullish,of 6 ratings,$14
GFNSL,$26.1899,1440526291223,"2,350",Not yet rated,NULL,N/A
GNCA,$12.39,1440526291252,"61,845",100% bearish,of 1 rating,$20
GHDX,$24.81,1440526291326,"57,284",50% bullish,of 2 ratings,$30
GNTX,$15.06,1440526291485,"970,298",Not yet rated,NULL,$20
THRM,$43.0601,1440526291580,"89,457",75% bearish,of 4 ratings,$55.50
GNVC,$2.27,1440526291609,"34,479",90% bullish,of 10 ratings,$8.50
GEOS,$14.49,1440526291711,"74,401",100% bearish,of 3 ratings,$21
GTWN,$18.51,1440526291737,"1,635",Not yet rated,NULL,N/A
GEVO,$2.402,1440526291764,"709,320",75% bullish,of 12 ratings,$5
GABC,$29.1,1440526291796,"11,073",Not yet rated,NULL,$31.50
GERN,$3.09,1440526291926,"843,909",88% bullish,of 16 ratings,$5.25
ROCK,$16.4,1440526291955,"49,217",80% bullish,of 5 ratings,$24
GIGA,$1.5211,1440526292011,"206,274",100% bearish,of 1 rating,N/A
GIGM,$0.571,1440526292059,"63,201",100% bullish,of 2 ratings,N/A
GILT,$4.2701,1440526292191,"14,613",50% bullish,of 2 ratings,N/A
GIII,$64.595,1440526292218,"93,034",67% bullish,of 3 ratings,$75
GILD,$105.82,1440526292249,"6,640,694",91% bullish,of 87 ratings,$129
GBCI,$24.795,1440526292381,"126,676",50% bullish,of 2 ratings,$31
GLAD,$8.105,1440526292410,"73,771",50% bullish,of 2 ratings,$8.75
GLADO,$25.35,1440526292480,"1,551",Not yet rated,NULL,N/A
GOOD,$14.37,1440526292506,"84,693",Not yet rated,NULL,$19
GOODO,$25.2601,1440526292732,500,Not yet rated,NULL,N/A
GOODN,$25.3001,1440526292760,900,Not yet rated,NULL,N/A
GAINN,$25.2601,1440526292781,"68,497",Not yet rated,NULL,N/A
GAIN,$7.37,1440526292823,"144,125",100% bullish,of 2 ratings,$8.25
GOODP,$25.1161,1440526292845,200,Not yet rated,NULL,N/A
GAINP,$26.1099,1440526292910,"3,164",Not yet rated,NULL,N/A
GAINO,$25.22,1440526292937,"2,103",Not yet rated,NULL,N/A
LAND,$9.28,1440526292979,"18,690",50% bullish,of 2 ratings,$13.75
GLBZ,NULL,1440526293163,0,Not yet rated,NULL,N/A
GBT,$44.825,1440526293192,"59,874",100% bearish,of 1 rating,N/A
ENT,$11,1440526293301,"188,483",100% bearish,of 1 rating,$18
GDEF,NULL,1440526293361,0,Not yet rated,NULL,N/A
GBLI,$26.47,1440526293388,"7,220",Not yet rated,NULL,N/A
GSOL,$8.22,1440526293469,"21,549",100% bearish,of 1 rating,N/A
GPACU,NULL,1440526293496,0,Not yet rated,NULL,N/A
ACTX,$12.75,1440526293521,2,100% bullish,of 1 rating,N/A
SOCL,$16.8601,1440526293700,"57,256",100% bullish,of 2 ratings,N/A
SRET,$13.2399,1440526293791,"1,783",Not yet rated,NULL,N/A
YLCO,$11.4316,1440526293830,510,Not yet rated,NULL,N/A
ALTY,NULL,1440526293856,0,Not yet rated,NULL,N/A
QQQC,$18.71,1440526293888,"4,325",100% bearish,of 1 rating,N/A
GBIM,$2.1301,1440526294019,"4,484",50% bullish,of 2 ratings,N/A
GSM,$12.33,1440526294123,"109,098",50% bullish,of 2 ratings,$23
GLBS,$1.08,1440526294255,54,67% bullish,of 3 ratings,N/A
GAI,$5.81,1440526294285,"3,445",50% bullish,of 2 ratings,N/A
GLRI,$1.05,1440526294321,"6,334",100% bearish,of 1 rating,$4.25
GLUU,$4.25,1440526294390,"812,028",92% bullish,of 26 ratings,$9
GLYC,$7,1440526294495,"15,669",50% bullish,of 2 ratings,$14
GLNG,$34.11,1440526294555,"330,305",83% bullish,of 6 ratings,$58
GOGO,$15.011,1440526294585,"720,079",80% bullish,of 5 ratings,$25
GLDC,$4.0999,1440526294687,"1,000",50% bullish,of 2 ratings,N/A
GMLP,$17.88,1440526294712,"177,914",50% bullish,of 4 ratings,$32.50
GDEN,$8.95,1440526294739,"4,118",50% bullish,of 2 ratings,N/A
GOGL,$2.64,1440526294888,"167,937",75% bullish,of 4 ratings,$5
GOOG,$605.1,1440526294921,"1,029,507",89% bullish,of 70 ratings,$825
GBDC,$16.545,1440526294948,"100,044",Not yet rated,NULL,$17.75
GTIM,$6.66,1440526295163,"43,245",Not yet rated,NULL,$11.50
GOOGL,$635.34,1440526295264,"984,364",88% bullish,of 1080 ratings,$749
GPRO,$48.375,1440526295430,"4,139,635",78% bullish,of 58 ratings,$72
GPIAW,NULL,1440526295587,0,Not yet rated,NULL,N/A
GRVY,$3.2899,1440526295618,"1,100",50% bullish,of 2 ratings,N/A
GMAN,$4.32,1440526295639,"26,662",60% bullish,of 5 ratings,$8.50
GPIA,NULL,1440526295659,0,Not yet rated,NULL,N/A
GPIAU,$9.94,1440526295693,"1,400",Not yet rated,NULL,N/A
GLDD,$5.15,1440526295853,"109,400",100% bearish,of 4 ratings,$7.75
LOPE,$36.1,1440526295896,"79,186",100% bearish,of 2 ratings,$50
GBSNU,NULL,1440526295930,0,NULL,NULL,NULL
GBSN,$0.6798,1440526295992,"2,907,183",100% bearish,of 1 rating,$8.25
GRBK,$12.2,1440526296013,"108,956",77% bullish,of 13 ratings,N/A
GSBC,$38.85,1440526296049,"18,594",100% bullish,of 1 rating,$44
GNBC,$11.215,1440526296092,"31,141",100% bearish,of 1 rating,$17
GPP,$13.67,1440526296185,"35,075",Not yet rated,NULL,$20.50
GPRE,$18.24,1440526296332,"289,116",67% bullish,of 6 ratings,$28.50
GCBC,NULL,1440526296486,0,100% bullish,of 1 rating,N/A
GLRE,$24.25,1440526296558,"68,075",50% bullish,of 2 ratings,$41
GRPN,$4.1,1440526296589,"2,560,028",61% bullish,of 71 ratings,$6.75
GGAL,$18.21,1440526296616,"125,734",80% bullish,of 5 ratings,$40
OMAB,$39.22,1440526296646,"16,818",100% bullish,of 1 rating,$44
GRIF,NULL,1440526296687,0,100% bearish,of 1 rating,N/A
GRFS,$30.85,1440526296747,"94,178",50% bullish,of 2 ratings,$35
GSVC,$8.68,1440526296894,"27,270",50% bullish,of 2 ratings,$14.50
GSIT,$4.76,1440526296971,"46,667",100% bearish,of 1 rating,N/A
GTXI,$0.84,1440526297026,"52,419",100% bullish,of 5 ratings,$.75
GSIG,$12.59,1440526297052,"23,405",100% bearish,of 2 ratings,N/A
GFED,$14.61,1440526297082,700,Not yet rated,NULL,$17
GBNK,$15.27,1440526297125,"15,026",100% bearish,of 1 rating,$18
GUID,$6.882,1440526297219,"48,303",100% bearish,of 3 ratings,$10
GIFI,$11.34,1440526297474,"25,660",100% bearish,of 1 rating,$16
GULTU,$0.2801,1440526297500,"31,320",100% bearish,of 1 rating,N/A
GURE,$1.63,1440526297577,"63,666",88% bullish,of 8 ratings,N/A
GPOR,$33.31,1440526297632,"592,919",75% bullish,of 4 ratings,$55
HLG,$7.34,1440526297720,"1,700",100% bearish,of 1 rating,N/A
GWGH,$7.28,1440526297762,100,100% bearish,of 1 rating,$15.05
GYRO,$2.82,1440526297790,"18,550",100% bearish,of 1 rating,N/A
HEES,$16.43,1440526297823,"129,386",67% bearish,of 3 ratings,$31
HNRG,$7.38,1440526297917,"47,155",100% bearish,of 1 rating,$10
GWPH,$102,1440526297947,"71,005",78% bullish,of 9 ratings,$148.50
HALL,$11.28,1440526297984,"10,665",Not yet rated,NULL,N/A
HBK,$13.51,1440526298115,300,50% bullish,of 2 ratings,N/A
HMPR,$1.8459,1440526298177,"12,906",100% bullish,of 1 rating,N/A
HALO,$17.39,1440526298203,"628,954",67% bullish,of 3 ratings,$22.50
HBHC,$25.81,1440526298250,"330,685",50% bullish,of 2 ratings,$30
HBHCL,$24.27,1440526298334,"15,908",Not yet rated,NULL,N/A
HNH,$25.865,1440526298518,"4,251",100% bullish,of 1 rating,N/A
HNSN,$0.5149,1440526298585,"31,413",88% bullish,of 8 ratings,$.40
HAFC,$23.705,1440526298611,"78,930",100% bullish,of 2 ratings,$28.50
HDNG,$9.61,1440526298639,"4,649",50% bullish,of 4 ratings,N/A
HLIT,$5.565,1440526298770,"263,025",100% bearish,of 1 rating,$6.50
HRMNU,NULL,1440526298798,0,Not yet rated,NULL,N/A
HQCL,$12.06,1440526298867,"88,337",67% bullish,of 3 ratings,$14
HRMNW,NULL,1440526298932,0,Not yet rated,NULL,N/A
HRMN,NULL,1440526298956,0,Not yet rated,NULL,N/A
TINY,$2.48,1440526298998,"43,141",50% bullish,of 2 ratings,$5.26
HART,$0.8694,1440526299157,"79,423",100% bearish,of 1 rating,N/A
HBIO,$4.38,1440526299185,"25,286",Not yet rated,NULL,$10
HA,$22.33,1440526299677,"312,276",67% bullish,of 9 ratings,$27
HCAPL,$25.4456,1440526299727,"1,600",Not yet rated,NULL,N/A
HAS,$72.6,1440526299754,"1,124,725",63% bullish,of 8 ratings,$84.50
HCOM,$22.1,1440526299776,"5,848",100% bearish,of 1 rating,$28
HWKN,$36.28,1440526299814,"5,104",Not yet rated,NULL,N/A
HCAP,$12.272,1440526299841,"1,653",50% bullish,of 2 ratings,$15
HWBK,$13.14,1440526299907,500,100% bearish,of 1 rating,N/A
HAYN,$35.8,1440526299935,"14,834",100% bearish,of 1 rating,$59
HDS,$31.58,1440526300224,"1,070,682",100% bearish,of 2 ratings,$39.50
HCSG,$32.965,1440526300249,"89,280",50% bullish,of 4 ratings,$35
HQY,$28.79,1440526300274,"49,806",67% bullish,of 3 ratings,$31
HIIQ,$4.35,1440526300299,"34,236",50% bullish,of 2 ratings,$7
HSTM,$24.54,1440526300324,"37,178",50% bullish,of 2 ratings,$33.75
HWAY,$11.87,1440526300470,"140,908",100% bearish,of 1 rating,$15
HTLF,$35.53,1440526300507,"7,753",100% bullish,of 1 rating,$39.50
HTLD,$20.02,1440526300640,"170,949",Not yet rated,NULL,$22.50
HTBX,$5.16,1440526300697,"7,486",50% bullish,of 2 ratings,$15.50
HELE,$84.71,1440526300726,"79,944",67% bearish,of 3 ratings,$100
HMNY,$2.21,1440526300748,553,100% bearish,of 1 rating,N/A
HSII,$20.02,1440526300777,"59,416",100% bullish,of 3 ratings,$25
HTWR,$81.99,1440526300805,"146,924",50% bullish,of 2 ratings,$103
HMTV,$13.14,1440526300971,"27,562",100% bearish,of 1 rating,$16
HNNA,$24.5,1440526301077,"4,966",Not yet rated,NULL,N/A
HCACU,$9.95,1440526301142,6,Not yet rated,NULL,N/A
HSIC,$134.715,1440526301275,"177,898",83% bullish,of 6 ratings,$146
HERO,NULL,1440526301335,0,NULL,NULL,NULL
HTBK,$10.56,1440526301407,"13,169",Not yet rated,NULL,$12
MLHR,$27.07,1440526301437,"142,119",50% bullish,of 2 ratings,$33.50
HCCI,$10.785,1440526301476,"1,882",100% bearish,of 1 rating,$16.50
HFWA,$17.3,1440526301506,"40,956",100% bullish,of 1 rating,$20
HEOP,$7.52,1440526301576,"10,617",Not yet rated,NULL,$8.50
HRTX,$33.77,1440526301710,"220,426",67% bullish,of 6 ratings,$41
HSKA,$32.09,1440526301771,"31,462",100% bearish,of 1 rating,$38
HFFC,$15.9001,1440526301800,"3,089",Not yet rated,NULL,N/A
HPJ,$2.1999,1440526301901,"16,523",75% bullish,of 4 ratings,$12.43
HIBB,$37.6,1440526301937,"129,031",100% bearish,of 1 rating,$48.50
HIHO,$3.82,1440526302100,"5,104",Not yet rated,NULL,N/A
HIFS,$114.46,1440526302187,"1,580",Not yet rated,NULL,N/A
HMNF,$11.14,1440526302262,"12,608",Not yet rated,NULL,N/A
HSGX,$5.6801,1440526302293,"3,200",100% bearish,of 1 rating,$17
HIMX,$6.355,1440526302392,"460,922",86% bullish,of 21 ratings,$8.50
HMSY,$9.9,1440526302531,"1,740,764",67% bullish,of 3 ratings,$19.35
HOMB,$37.13,1440526302564,"59,333",Not yet rated,NULL,$41
HOLI,$17.4,1440526302628,"218,248",50% bullish,of 4 ratings,$27
HBCP,$24.83,1440526302663,200,Not yet rated,NULL,$29
HOLX,$38.64,1440526302700,"995,320",67% bullish,of 3 ratings,$42
HFBL,$22,1440526302727,400,Not yet rated,NULL,N/A
AWAY,$27.73,1440526302859,"541,537",67% bullish,of 3 ratings,$36
HMIN,$27.14,1440526302934,"125,774",100% bearish,of 2 ratings,$35
HMST,$21.49,1440526303090,"92,196",100% bullish,of 2 ratings,$27
HTBI,$18,1440526303184,"16,737",67% bullish,of 3 ratings,$18.625
CETC,$0.6997,1440526303256,"24,215",86% bullish,of 7 ratings,N/A
HKTV,$4.41,1440526303282,"73,599",100% bearish,of 1 rating,N/A
HFBC,$10.88,1440526303311,"3,913",Not yet rated,NULL,N/A
HOFT,$23.47,1440526303343,"46,102",100% bearish,of 1 rating,N/A
HBNC,$23.11,1440526303413,"7,373",100% bullish,of 1 rating,$27
HZNP,$28.74,1440526303444,"1,301,042",85% bullish,of 20 ratings,$40
HRZN,$9.8601,1440526303542,"156,206",100% bearish,of 1 rating,$14.25
HDP,$23.57,1440526303638,"153,867",67% bearish,of 3 ratings,$30.50
HMHC,$22.71,1440526303792,"330,775",Not yet rated,NULL,$27
HWCC,$7.3,1440526303817,"32,078",100% bearish,of 1 rating,$9
HOVNP,NULL,1440526303848,0,100% bearish,of 1 rating,N/A
ZINC,$6.86,1440526303874,"286,088",100% bearish,of 1 rating,$17
HBMD,$14.5,1440526304005,200,100% bearish,of 1 rating,N/A
HTGM,$5.8,1440526304085,"5,700",100% bearish,of 1 rating,$19.50
HSNI,$60.33,1440526304188,"180,669",Not yet rated,NULL,$80
HSON,$2.6,1440526304275,"19,280",100% bearish,of 1 rating,$5
HUBG,$37.33,1440526304324,"41,853",100% bearish,of 1 rating,$43
HCBK,$9.16,1440526304357,"1,187,506",83% bullish,of 6 ratings,$8.61
HBAN,$10.5,1440526304459,"3,918,575",76% bullish,of 17 ratings,$12.29
HBANP,$1358,1440526304487,86,100% bearish,of 1 rating,N/A
HDSN,$3.005,1440526304513,"13,232",100% bullish,of 1 rating,$6.25
HURC,$28.6,1440526304688,"9,123",100% bearish,of 1 rating,N/A
HURN,$72.92,1440526304792,"97,463",50% bullish,of 2 ratings,$80
HTCH,$1.41,1440526304884,"94,811",100% bearish,of 1 rating,$3.50
HDRA,$9.65,1440526304916,"3,600",Not yet rated,NULL,N/A
HBP,$3.12,1440526304937,"14,862",100% bullish,of 1 rating,N/A
HDRAR,NULL,1440526305018,0,Not yet rated,NULL,N/A
HDRAU,NULL,1440526305072,0,Not yet rated,NULL,N/A
HDRAW,NULL,1440526305102,0,Not yet rated,NULL,N/A
HYGS,$7.54,1440526305212,"17,596",50% bullish,of 2 ratings,$13
IDSY,$3.85,1440526305365,"4,246",100% bearish,of 1 rating,$7
IBKC,$58.08,1440526305456,"82,641",100% bullish,of 1 rating,$70
IACI,$69.255,1440526305487,"404,502",75% bullish,of 4 ratings,$90
IKGH,$1.59,1440526305560,"26,136",75% bullish,of 4 ratings,N/A
ICAD,$3.41,1440526305584,"48,062",50% bullish,of 2 ratings,$7.25
IEP,$69.8579,1440526305727,"105,970",75% bullish,of 4 ratings,$99
ICON,$12.58,1440526305862,"404,854",50% bullish,of 2 ratings,$18.50
ICLR,$77.4797,1440526305894,"235,345",100% bearish,of 3 ratings,$85
INVE,$4.373,1440526305924,"37,527",75% bullish,of 4 ratings,$4
ICUI,$111.6,1440526305995,"45,656",Not yet rated,NULL,$122
IPWR,$7.06,1440526306026,"12,043",100% bullish,of 1 rating,$15
IDRA,$2.7,1440526306123,"609,711",89% bullish,of 9 ratings,$6.50
IDXX,$70.66,1440526306170,"283,104",100% bearish,of 1 rating,$77
ICFI,$34.01,1440526306200,"19,469",50% bullish,of 2 ratings,$48.50
DSKY,$10.97,1440526306300,"355,805",67% bullish,of 6 ratings,$11.50
IROQ,$16.72,1440526306568,"2,370",100% bullish,of 1 rating,N/A
IRG,$4.54,1440526306717,"5,904",100% bearish,of 1 rating,$4.50
IIVI,$17.02,1440526306743,"43,184",100% bearish,of 1 rating,$22
RXDX,$12.66,1440526306808,"88,181",100% bullish,of 1 rating,$20
IKNX,$12.0352,1440526306877,250,100% bearish,of 1 rating,N/A
IKAN,$2.7201,1440526306904,"114,414",83% bullish,of 6 ratings,$5
KANG,$14.47,1440526306936,"431,012",50% bullish,of 2 ratings,$22.55
IMMR,$11.48,1440526307070,"81,553",80% bullish,of 5 ratings,$15.50
ILMN,$194.595,1440526307140,"442,782",80% bullish,of 5 ratings,$240
IMDZ,$14.29,1440526307204,"27,518",100% bearish,of 1 rating,$33
ISNS,$3.96,1440526307234,"28,545",50% bullish,of 2 ratings,N/A
ICCC,$7.67,1440526307262,"3,870",100% bullish,of 1 rating,N/A
IMNP,$1.23,1440526307334,"90,262",50% bullish,of 2 ratings,$6
IMGN,$13.44,1440526307442,"464,682",75% bullish,of 4 ratings,$17.50
IMMU,$1.895,1440526307488,"324,857",86% bullish,of 7 ratings,$2
IPXL,$41.75,1440526307515,"244,890",67% bullish,of 3 ratings,$46.50
IMMY,$7.4,1440526307791,"2,718",100% bearish,of 1 rating,$11
IBCP,$13.92,1440526307821,"37,947",100% bullish,of 1 rating,$14.50
SAAS,$7.05,1440526307855,"246,907",50% bullish,of 2 ratings,$15
IBTX,$39.29,1440526307883,"55,768",100% bullish,of 2 ratings,$47.25
INCY,$103.22,1440526307949,"427,638",50% bullish,of 6 ratings,$125.50
INCR,$41.97,1440526307974,"346,645",50% bullish,of 2 ratings,$53
INDB,$43.92,1440526307997,"48,035",Not yet rated,NULL,$44
IDSA,$3.45,1440526308054,"1,700",Not yet rated,NULL,N/A
INFI,$8.77,1440526308224,"198,826",50% bullish,of 4 ratings,$18
INFN,$20.75,1440526308272,"847,730",71% bullish,of 7 ratings,$28
IPCC,$78.63,1440526308403,"9,177",Not yet rated,NULL,$77.50
III,$4.04,1440526308428,"60,068",57% bullish,of 7 ratings,$6
IFON,$1.235,1440526308453,"40,429",75% bullish,of 4 ratings,N/A
IMKTA,$50.33,1440526308619,"50,533",100% bearish,of 1 rating,N/A
INOD,$2.34,1440526308688,"13,089",100% bearish,of 1 rating,N/A
INNL,$13.3101,1440526308716,"2,300",100% bearish,of 1 rating,$16.50
IOSP,$46.93,1440526308737,"96,057",100% bearish,of 1 rating,N/A
INWK,$6.94,1440526308777,"46,149",50% bullish,of 2 ratings,$10
ISSC,$2.71,1440526308866,"3,400",67% bearish,of 3 ratings,N/A
IPHS,$46.11,1440526308895,"47,430",100% bearish,of 1 rating,$60
INGN,$46.765,1440526308920,"89,811",100% bearish,of 1 rating,$50.50
ITEK,$12.275,1440526309091,"390,890",100% bearish,of 3 ratings,$20
INOV,$21,1440526309138,"279,858",100% bearish,of 1 rating,$33
INO,$6.74,1440526309193,"631,380",89% bullish,of 18 ratings,$20
NSIT,$24.875,1440526309339,"46,662",50% bullish,of 2 ratings,N/A
IIIN,$16.8699,1440526309377,"12,779",100% bearish,of 2 ratings,N/A
ISIG,$2.59,1440526309401,"2,152",100% bearish,of 1 rating,N/A
INSM,$23.625,1440526309440,"240,434",71% bullish,of 7 ratings,$31.50
IART,$59.8,1440526309545,"95,001",100% bearish,of 1 rating,$71.50
INSY,$32.9,1440526309570,"472,315",75% bullish,of 4 ratings,$48
PODD,$28.48,1440526309595,"227,364",67% bearish,of 3 ratings,$35
NTEC,$5.89,1440526309815,"2,303",100% bearish,of 1 rating,N/A
IESC,$7.39,1440526309846,"1,900",100% bearish,of 1 rating,N/A
ISSI,$22.18,1440526309903,"47,288",67% bullish,of 3 ratings,$19.75
IDTI,$17.25,1440526309945,"756,459",60% bullish,of 5 ratings,$25
INTC,$26.3801,1440526309984,"16,387,767",82% bullish,of 238 ratings,$36
IQNT,$18.03,1440526310034,"107,287",86% bullish,of 7 ratings,$20
IPAR,$25.505,1440526310231,"33,532",67% bullish,of 3 ratings,$38
IPCI,$2.11,1440526310265,"34,161",67% bullish,of 6 ratings,$8
ICLD,$1.765,1440526310337,"84,756",75% bullish,of 4 ratings,N/A
ICPT,$181.28,1440526310368,"135,256",70% bullish,of 10 ratings,$359.50
IBKR,$37.55,1440526310397,"466,286",100% bullish,of 1 rating,N/A
ICLDW,NULL,1440526310477,0,100% bearish,of 1 rating,N/A
ININ,$35.58,1440526310507,"26,186",67% bearish,of 3 ratings,$57
IDCC,$48.04,1440526310554,"223,394",80% bullish,of 5 ratings,$63
TILE,$23.85,1440526310685,"294,766",67% bearish,of 3 ratings,$27
IMI,$2.01,1440526310839,"12,088",67% bullish,of 3 ratings,$2.22
IBOC,$24.75,1440526310934,"76,152",100% bearish,of 1 rating,N/A
INAP,$7.77,1440526310985,"100,121",75% bullish,of 4 ratings,$11
IGLD,$6.5611,1440526311067,"7,515",50% bullish,of 2 ratings,N/A
ISCA,$30.96,1440526311096,"43,334",100% bearish,of 1 rating,N/A
IIJI,$8.82,1440526311160,"1,300",50% bullish,of 2 ratings,$11.50
PTNT,NULL,1440526311192,0,Not yet rated,NULL,N/A
XENT,$25.98,1440526311295,"172,891",50% bullish,of 2 ratings,$36.50
INPH,$0.3,1440526311357,"8,357",50% bullish,of 2 ratings,N/A
IILG,$19.43,1440526311450,"39,293",100% bearish,of 1 rating,$29
ISIL,$10.0199,1440526311503,"237,247",50% bullish,of 6 ratings,$15
INTX,$2.16,1440526311531,"4,537",67% bullish,of 3 ratings,N/A
IVAC,$4.69,1440526311583,"11,600",100% bearish,of 1 rating,$6.625
INTL,$25.9,1440526311665,"68,836",67% bearish,of 3 ratings,N/A
INTLL,$25.5101,1440526311715,"2,400",Not yet rated,NULL,N/A
IIN,$6.06,1440526311931,624,100% bearish,of 1 rating,$12
INTU,$82.92,1440526311960,"1,121,270",86% bullish,of 7 ratings,$107.50
ITCI,$26.06,1440526312005,"349,145",75% bearish,of 4 ratings,$40
SNAK,$8.15,1440526312063,"81,046",50% bullish,of 2 ratings,$14
INVT,$0.2736,1440526312096,"21,995",67% bullish,of 3 ratings,N/A
ISRG,$504.45,1440526312195,"123,975",67% bullish,of 3 ratings,$600
ISBC,$11.5099,1440526312224,"1,097,986",100% bullish,of 1 rating,$13.25
ISTR,$15.814,1440526312327,"1,312",100% bearish,of 1 rating,$18.50
NVIV,$9.94,1440526312354,"173,226",50% bullish,of 4 ratings,$24.50
ITIC,$71.5,1440526312374,100,100% bearish,of 2 ratings,N/A
IVTY,$12.29,1440526312504,"2,829",Not yet rated,NULL,$18
IPAS,$1.04,1440526312531,"12,500",67% bullish,of 3 ratings,N/A
DTUL,NULL,1440526312551,0,Not yet rated,NULL,N/A
DFVL,NULL,1440526312771,0,Not yet rated,NULL,N/A
IRMD,$24.55,1440526312905,"14,568",67% bearish,of 3 ratings,$25
IPCM,$79.15,1440526312998,"396,461",50% bullish,of 2 ratings,$80.125
IRBT,$28.46,1440526313024,"112,302",67% bullish,of 6 ratings,$37
IPGP,$82.47,1440526313089,"125,703",100% bearish,of 2 ratings,$109.50
IRDM,$6.75,1440526313155,"339,958",60% bullish,of 5 ratings,$11.50
IRDMB,$274.21,1440526313181,"1,134",67% bearish,of 3 ratings,N/A
IRIX,$6.795,1440526313311,"3,500",100% bearish,of 1 rating,N/A
GNMA,$50.1985,1440526313382,"1,923",Not yet rated,NULL,N/A
COMT,$31.5,1440526313412,"10,932",100% bearish,of 1 rating,N/A
IRCP,$26,1440526313441,300,100% bullish,of 2 ratings,N/A
IRWD,$10.97,1440526313513,"629,842",100% bearish,of 1 rating,$13
FCHI,NULL,1440526313564,0,NULL,NULL,NULL
IFAS,NULL,1440526313586,0,NULL,NULL,NULL
IFEU,$38.26,1440526313757,"10,774",Not yet rated,NULL,N/A
IFGL,$28.31,1440526313857,"60,696",Not yet rated,NULL,N/A
IFNA,NULL,1440526313958,0,NULL,NULL,NULL
AXJS,NULL,1440526314002,0,NULL,NULL,NULL
AAXJ,$51.88,1440526314032,"1,013,868",Not yet rated,NULL,N/A
ACWX,$40.04,1440526314060,"427,474",100% bearish,of 1 rating,N/A
ACWI,$54.57,1440526314137,"2,482,095",Not yet rated,NULL,N/A
AAIT,NULL,1440526314159,0,NULL,NULL,NULL
EEME,NULL,1440526314288,0,NULL,NULL,NULL
EGRW,NULL,1440526314318,0,NULL,NULL,NULL
EMEY,NULL,1440526314345,0,NULL,NULL,NULL
EMDI,NULL,1440526314423,0,NULL,NULL,NULL
EVAL,NULL,1440526314451,0,NULL,NULL,NULL
EEMA,$48.675,1440526314476,"11,287",Not yet rated,NULL,N/A
EEML,$26.92,1440526314501,"2,205",Not yet rated,NULL,N/A
EUFN,$21.71,1440526314656,"63,376",100% bearish,of 1 rating,N/A
IEUS,$45.27,1440526315003,"2,062",100% bearish,of 1 rating,N/A
QAT,NULL,1440526315028,0,Not yet rated,NULL,N/A
UAE,$17.3,1440526315159,"20,998",Not yet rated,NULL,N/A
SOXX,$77.81,1440526315190,"246,129",50% bullish,of 2 ratings,N/A
EMIF,$27.7378,1440526315212,"2,163",Not yet rated,NULL,N/A
IBB,$334.93,1440526315245,"899,301",63% bullish,of 8 ratings,N/A
ICLN,$9.272,1440526315312,"18,706",50% bullish,of 2 ratings,N/A
WOOD,$47.13,1440526315343,"124,107",50% bullish,of 2 ratings,N/A
ISHG,$80.61,1440526315449,"8,425",100% bearish,of 1 rating,N/A
ISIS,$47.08,1440526315556,"865,722",53% bullish,of 15 ratings,$67
IGOV,$92.07,1440526315591,"26,098",100% bearish,of 1 rating,N/A
INDY,$27.16,1440526315620,"212,226",50% bullish,of 2 ratings,N/A
ISRL,$125,1440526315723,200,100% bearish,of 1 rating,N/A
ISLE,$16.51,1440526315747,"167,958",50% bullish,of 4 ratings,$16
ITRI,$30.34,1440526315904,"75,955",Not yet rated,NULL,$37
ITRN,$24.0735,1440526315988,"1,389",50% bullish,of 2 ratings,N/A
XXIA,$14.88,1440526316015,"143,721",71% bullish,of 7 ratings,$14.625
ITUS,$3.98,1440526316071,"2,601",Not yet rated,NULL,N/A
IXYS,$10.41,1440526316144,"74,081",50% bullish,of 4 ratings,N/A
JJSF,$111,1440526316169,"17,100",100% bearish,of 1 rating,N/A
MAYS,NULL,1440526316298,0,Not yet rated,NULL,N/A
JBHT,$73.85,1440526316437,"490,077",50% bullish,of 4 ratings,$89.50
JASO,$7.3685,1440526316465,"691,447",82% bullish,of 17 ratings,$10
JKHY,$66.76,1440526316495,"127,351",50% bullish,of 2 ratings,$72
JCOM,$66.99,1440526316520,"103,023",100% bullish,of 2 ratings,$77
JACK,$79.92,1440526316593,"229,426",83% bullish,of 6 ratings,$105
JAXB,$13.33,1440526316694,100,100% bullish,of 1 rating,N/A
JXSB,$24.19,1440526316743,436,Not yet rated,NULL,N/A
JAGX,$2.8601,1440526316875,"1,056",Not yet rated,NULL,N/A
JAKK,$9.3399,1440526316971,"152,488",60% bearish,of 5 ratings,$11
ERW,NULL,1440526317015,0,Not yet rated,NULL,N/A
JMBA,$13.06,1440526317043,"38,680",75% bullish,of 4 ratings,$18
JRVR,$26.425,1440526317108,"19,408",Not yet rated,NULL,$32
JASNW,NULL,1440526317199,0,50% bullish,of 2 ratings,N/A
JAZZ,$163.605,1440526317331,"155,082",80% bullish,of 15 ratings,$206.50
JASN,$4.75,1440526317402,"11,400",50% bullish,of 2 ratings,$9.50
JBLU,$21.685,1440526317563,"4,033,259",94% bullish,of 18 ratings,$27
JTPY,$2.96,1440526317693,456,100% bearish,of 1 rating,N/A
DATE,$5.71,1440526317718,"274,189",75% bullish,of 4 ratings,$9
JCTCF,NULL,1440526317739,0,100% bullish,of 1 rating,N/A
JD,$25.35,1440526317776,"5,152,332",75% bullish,of 16 ratings,$36
JIVE,$4.18,1440526317797,"185,594",75% bullish,of 4 ratings,$5
JST,$3.8801,1440526317872,"11,549",75% bullish,of 4 ratings,N/A
JOEZ,$0.17,1440526317942,"163,635",92% bullish,of 12 ratings,N/A
WYIGU,$10,1440526318002,"2,500",Not yet rated,NULL,N/A
JNP,$9.62,1440526318159,"8,070",100% bullish,of 3 ratings,$15
JUNO,$36.27,1440526318217,"628,918",73% bullish,of 11 ratings,$71.50
JOUT,$22.28,1440526318242,"13,843",100% bearish,of 1 rating,$34
JBSS,$50.96,1440526318303,"18,043",67% bearish,of 3 ratings,N/A
KALU,$79.51,1440526318436,"54,761",67% bearish,of 3 ratings,$91
KBIO,$1.821,1440526318457,"7,377",50% bullish,of 4 ratings,N/A
KTWO,$21.54,1440526318495,"74,360",100% bearish,of 1 rating,$28.50
KMDA,$3.31,1440526318542,"4,800",50% bullish,of 2 ratings,$8
KNDI,$6.14,1440526318642,"274,292",86% bullish,of 22 ratings,N/A
