Symbol,Price,Date,Volume,Rating,RatingVoteCount,OneYearEstimate
TFSCW,NULL,1440169802527,0,100% bearish,of 1 rating,N/A
FCCY,NULL,1440169802581,0,100% bullish,of 1 rating,$13
FLWS,$9.43,1440169802629,"57,817",100% bullish,of 5 ratings,$15
TFSC,NULL,1440169802653,0,100% bearish,of 1 rating,N/A
FCTY,NULL,1440169802681,0,100% bullish,of 1 rating,$8.50
TFSCU,NULL,1440169802835,0,Not yet rated,NULL,N/A
TFSCR,NULL,1440169803001,0,Not yet rated,NULL,N/A
SRCE,$29.73,1440169803078,"23,741",100% bullish,of 3 ratings,$33
VNET,$19.6511,1440169803111,"126,614",60% bullish,of 5 ratings,$29.50
DGLD,$77.2834,1440169803140,"6,344",100% bullish,of 1 rating,N/A
TWOU,$33.99,1440169803171,"182,755",50% bullish,of 2 ratings,$39
PIH,$7.1161,1440169803203,"10,600",100% bearish,of 1 rating,N/A
DSLV,$61,1440169803232,"2,548",100% bearish,of 1 rating,N/A
UGLD,$9.805,1440169803622,"144,233",100% bearish,of 1 rating,N/A
SIXD,$1.48,1440169803651,"169,351",Not yet rated,NULL,N/A
USLV,$14.68,1440169803683,"110,320",86% bullish,of 7 ratings,N/A
CAFD,$15.24,1440169803717,"160,157",Not yet rated,NULL,$25
JOBS,$25.82,1440169803751,"66,728",50% bullish,of 4 ratings,$36
EGHT,$8.12,1440169803817,"150,594",82% bullish,of 17 ratings,$11
SHLM,$34.2,1440169803844,"33,208",100% bearish,of 1 rating,$50
AVHI,$13.97,1440169803870,"21,723",100% bearish,of 1 rating,$19
ABY,$19.78,1440169804036,"308,549",100% bearish,of 2 ratings,$46
ABGB,$4.07,1440169804067,"10,057",67% bullish,of 3 ratings,$5.50
AXAS,$1.5925,1440169804296,"229,685",78% bullish,of 9 ratings,$3.50
ABEOW,$1.6901,1440169804321,947,100% bullish,of 1 rating,N/A
AAON,$21.67,1440169804354,"69,311",100% bearish,of 1 rating,$24
ABAX,$46.9911,1440169804454,"44,869",100% bearish,of 1 rating,$60
ABEO,$4.725,1440169804611,"80,800",67% bullish,of 3 ratings,$15.50
ABMD,$95.24,1440169804650,"391,753",75% bullish,of 4 ratings,$100.50
AXDX,$17.99,1440169804743,"57,676",100% bearish,of 1 rating,N/A
ACTG,$8.72,1440169804770,"97,471",67% bullish,of 3 ratings,$18.50
ACHC,$73.88,1440169804792,"265,837",50% bullish,of 2 ratings,$92
ACST,$0.3589,1440169804923,"24,202",100% bullish,of 2 ratings,N/A
XLRN,$27.63,1440169805007,"55,621",50% bullish,of 2 ratings,$57
ANCX,$18.74,1440169805043,"15,561",Not yet rated,NULL,$19
ARAY,$6.365,1440169805142,"1,508,466",100% bearish,of 1 rating,$10.50
VXDN,$12.23,1440169805172,"6,750",Not yet rated,NULL,N/A
VXUP,$19.7499,1440169805207,"20,134",Not yet rated,NULL,N/A
ACAD,$34.97,1440169805231,"439,320",80% bullish,of 20 ratings,$48
ACRX,$3.95,1440169805308,"200,898",67% bearish,of 6 ratings,$5.50
ACET,$23.955,1440169805462,"64,021",75% bullish,of 4 ratings,$30
AKAO,$6.9325,1440169805595,"30,839",75% bullish,of 4 ratings,$15
ACHN,$7.691,1440169805666,"677,553",90% bullish,of 21 ratings,$16
ACTS,$1.35,1440169805741,"12,375",100% bearish,of 1 rating,N/A
ACPW,$1.8632,1440169805773,"29,394",100% bullish,of 4 ratings,$3.50
ATVI,$27.3,1440169805840,"1,707,725",68% bullish,of 84 ratings,$31.50
ACNB,$20.17,1440169805869,500,Not yet rated,NULL,N/A
ACOR,$29.6,1440169805902,"178,379",67% bearish,of 3 ratings,$38.50
ACIW,$22.23,1440169805939,"237,755",50% bullish,of 2 ratings,$24
ACUR,$0.6152,1440169806085,"12,564",100% bullish,of 5 ratings,$1
ACTA,$13.52,1440169806181,"63,382",67% bearish,of 3 ratings,$25
ADAP,$13.53,1440169806211,"30,782",67% bullish,of 3 ratings,$22
ACXM,$20.28,1440169806244,"128,194",67% bullish,of 3 ratings,N/A
ADMP,$3.4,1440169806277,"9,011",50% bullish,of 2 ratings,$10
ADMS,$19.16,1440169806353,"26,311",100% bearish,of 2 ratings,$36
ADUS,$29.85,1440169806568,"11,940",100% bearish,of 1 rating,$31
AEY,$2.31,1440169806631,"10,702",100% bearish,of 2 ratings,N/A
ADMA,$9.2,1440169806701,434,Not yet rated,NULL,$19
ADEP,$6.74,1440169806732,"15,786",50% bullish,of 2 ratings,$10.75
ADBE,$80.09,1440169806754,"1,249,816",65% bullish,of 17 ratings,$90
ADTN,$15.46,1440169806788,"106,486",67% bullish,of 3 ratings,$17.125
ADRO,$18.1599,1440169806835,"107,770",80% bullish,of 5 ratings,$45.50
AMD,$1.7,1440169807036,"2,305,708",83% bullish,of 103 ratings,$2
ADXS,$14.04,1440169807120,"361,417",64% bullish,of 14 ratings,$27
AEIS,$25.11,1440169807146,"76,553",50% bullish,of 2 ratings,$32.50
ADXSW,$9.92,1440169807176,"1,500",100% bullish,of 1 rating,N/A
MULT,NULL,1440169807206,0,100% bearish,of 1 rating,N/A
YPRO,$23.29,1440169807302,100,100% bearish,of 1 rating,N/A
AEGR,$18.0808,1440169807385,"112,224",50% bullish,of 6 ratings,$26
AEHR,NULL,1440169807641,0,50% bullish,of 2 ratings,N/A
AMTX,$3.311,1440169807674,232,50% bullish,of 2 ratings,$26.11
AEGN,$18.05,1440169807696,"66,386",100% bearish,of 1 rating,$21
AEPI,$56.479,1440169807718,"8,703",100% bearish,of 1 rating,N/A
AEZS,$0.1034,1440169807771,"1,533,692",90% bullish,of 21 ratings,$1.50
AEMD,$6.47,1440169807851,"51,464",Not yet rated,NULL,$27.50
AERI,$15.36,1440169807879,"146,110",75% bullish,of 4 ratings,$31.50
AVAV,$24.172,1440169807910,"58,922",50% bullish,of 4 ratings,$31
AFMD,$9.52,1440169808199,"89,530",50% bullish,of 4 ratings,$15
AFFX,$9.43,1440169808298,"183,674",80% bullish,of 5 ratings,$12
AGEN,$6.83,1440169808339,"451,057",85% bullish,of 13 ratings,$14
AGRX,$8.25,1440169808365,"19,968",100% bearish,of 1 rating,$17.50
AGIO,$85.195,1440169808394,"129,590",88% bullish,of 8 ratings,$114
AGYS,$9.56,1440169808416,"10,374",100% bearish,of 1 rating,N/A
AGFS,$9.75,1440169808547,"16,729",100% bearish,of 1 rating,N/A
AGFSW,$1.74,1440169808702,"11,097",100% bearish,of 2 ratings,N/A
AMCN,$4.7797,1440169808775,"134,440",83% bullish,of 6 ratings,N/A
ATSG,$9.04,1440169808845,"76,878",67% bullish,of 3 ratings,$13
AIXG,$6.02,1440169808879,"26,682",67% bearish,of 3 ratings,$5.25
AIRT,$22.46,1440169808979,50,100% bullish,of 1 rating,N/A
AIRM,$36.7901,1440169809018,"83,012",80% bearish,of 5 ratings,$53
AIMT,$21.32,1440169809047,"69,271",Not yet rated,NULL,N/A
AKAM,$69.02,1440169809112,"501,511",63% bullish,of 8 ratings,$77
AKBA,$6.37,1440169809139,"79,250",100% bearish,of 1 rating,$18
ALRM,$16.5709,1440169809446,"61,411",100% bearish,of 1 rating,$22
AKER,$2.5,1440169809486,"81,194",Not yet rated,NULL,N/A
AMRI,$19.72,1440169809514,"65,165",75% bearish,of 4 ratings,$24
ALSK,$2.14,1440169809540,"26,427",78% bullish,of 18 ratings,$2
AKRX,$39.81,1440169809709,"265,450",78% bullish,of 9 ratings,$56
ABDC,$12.7,1440169809739,"8,206",Not yet rated,NULL,$15
ADHD,$8.19,1440169809845,"79,096",50% bullish,of 4 ratings,$18
ALXA,$1.14,1440169809903,"1,600",83% bullish,of 6 ratings,$2.125
ALXN,$178.055,1440169809933,"458,800",88% bullish,of 8 ratings,$223
ALDR,$36.23,1440169809955,"138,188",67% bearish,of 3 ratings,$62
ALDX,$7.45,1440169809992,502,100% bearish,of 1 rating,$14.50
ALGN,$57.73,1440169810125,"73,403",100% bearish,of 2 ratings,$73
ALCO,$42,1440169810257,"14,611",50% bullish,of 2 ratings,N/A
ALIM,$3.11,1440169810388,"71,064",80% bullish,of 5 ratings,$10
ALKS,$61,1440169810420,"150,293",67% bullish,of 3 ratings,$75
ALGT,$215.065,1440169810442,"46,039",100% bearish,of 1 rating,$235
AFOP,$17.485,1440169810525,"62,522",75% bullish,of 8 ratings,$21
ALLB,$23.27,1440169810574,104,Not yet rated,NULL,N/A
AHGP,$36.553,1440169810718,"5,048",67% bullish,of 3 ratings,N/A
AHPI,NULL,1440169810744,0,50% bullish,of 2 ratings,N/A
AIQ,$14.76,1440169810778,"7,306",67% bullish,of 3 ratings,N/A
ARLP,$24.66,1440169810806,"21,068",67% bearish,of 3 ratings,$32
ALLT,$5.03,1440169810875,"11,949",75% bullish,of 4 ratings,$6.25
AMOT,$16.649,1440169810938,"39,072",100% bearish,of 1 rating,N/A
ALQA,$4.4,1440169810971,"12,235",75% bullish,of 4 ratings,$8.50
MDRX,$13.56,1440169811072,"201,117",60% bullish,of 5 ratings,$16
AOSL,$7.26,1440169811361,"34,506",67% bullish,of 3 ratings,$9
AFAM,$46.009,1440169811431,"30,294",50% bullish,of 2 ratings,$44
ATEC,$0.58,1440169811507,"12,484",100% bullish,of 1 rating,$2
ALNY,$99.97,1440169811539,"152,748",67% bullish,of 3 ratings,$148.50
SMCP,NULL,1440169811585,0,Not yet rated,NULL,N/A
ALTR,$48.44,1440169811614,"562,268",80% bearish,of 5 ratings,$54
ASPS,$29.0283,1440169811644,"58,205",67% bullish,of 3 ratings,$46.50
AIMC,$25.3,1440169811749,"38,749",100% bearish,of 1 rating,$28.50
AMRK,$10.5,1440169811825,"1,220",50% bullish,of 2 ratings,$14
AMAG,$60.525,1440169811928,"135,098",100% bullish,of 2 ratings,$77.50
AYA,$21.1033,1440169812028,"10,554",100% bearish,of 1 rating,$40
AMBC,$15.71,1440169812061,"80,494",100% bearish,of 1 rating,$16.50
AMRN,$2.01,1440169812090,"342,339",85% bullish,of 39 ratings,$8
AMZN,$507.8,1440169812158,"1,371,422",81% bullish,of 263 ratings,$646
AMBCW,$7.255,1440169812184,176,100% bearish,of 1 rating,N/A
AMBA,$86.3101,1440169812374,"2,343,916",83% bullish,of 12 ratings,$102.50
DOX,$58.3499,1440169812509,"28,197",50% bullish,of 2 ratings,$60
AMCX,$68.01,1440169812534,"175,406",67% bullish,of 3 ratings,$85.50
EPAX,$2.695,1440169812564,"66,247",100% bearish,of 1 rating,N/A
AMED,$40.2,1440169812596,"84,461",100% bearish,of 1 rating,$42
AMDA,$0.4581,1440169812698,"525,650",90% bullish,of 10 ratings,$1
UHAL,$367.5689,1440169812758,"2,475",100% bullish,of 2 ratings,$393.50
ASBI,$22.57,1440169812887,100,Not yet rated,NULL,N/A
AAL,$40.41,1440169812943,"3,052,950",93% bullish,of 87 ratings,$57
ATAX,$5.27,1440169812976,"58,282",100% bullish,of 1 rating,$6.50
AMOV,$17.79,1440169813005,"1,310",100% bearish,of 1 rating,N/A
AGNC,$19.82,1440169813072,"1,177,537",75% bullish,of 28 ratings,$22
AGNCB,$24.3,1440169813145,"10,700",Not yet rated,NULL,N/A
AGNCP,$25.3622,1440169813175,552,Not yet rated,NULL,N/A
MTGE,$15.7,1440169813370,"143,128",75% bullish,of 4 ratings,$19.50
ACSF,$12.38,1440169813396,"8,419",100% bearish,of 1 rating,$15
MTGEP,NULL,1440169813426,0,Not yet rated,NULL,N/A
ANCI,$1.4199,1440169813526,"5,468",100% bearish,of 1 rating,N/A
ACAS,$13.93,1440169813578,"218,962",60% bullish,of 5 ratings,$16.75
AMIC,NULL,1440169813658,0,Not yet rated,NULL,N/A
AETI,NULL,1440169813727,0,67% bearish,of 3 ratings,N/A
AMNB,$22.9445,1440169813755,"7,340",Not yet rated,NULL,$25.50
ANAT,$101.605,1440169813882,"3,024",100% bullish,of 1 rating,N/A
ARII,$38.115,1440169813977,"55,841",67% bearish,of 3 ratings,$45
APEI,$21.72,1440169814009,"37,415",100% bearish,of 1 rating,$25.50
ASEI,$38.96,1440169814115,"7,975",100% bearish,of 1 rating,$52.50
AMSWA,$9.07,1440169814157,"31,609",100% bearish,of 2 ratings,$10.75
AMRB,$10.004,1440169814183,203,Not yet rated,NULL,$11
AMSC,$3.5864,1440169814354,"8,464",50% bullish,of 4 ratings,N/A
AMWD,$65.72,1440169814424,"85,421",50% bullish,of 2 ratings,$58
CRMT,$37.85,1440169814551,"46,422",100% bearish,of 1 rating,$49
ABCB,$27.48,1440169814587,"51,442",Not yet rated,NULL,$31
AMSF,$49.63,1440169814616,"32,565",Not yet rated,NULL,$57.50
ASRV,$3.23,1440169814647,202,100% bullish,of 2 ratings,N/A
AMGN,$159.15,1440169814817,"1,325,062",89% bullish,of 19 ratings,$185
ATLO,$23.32,1440169815027,"12,138",Not yet rated,NULL,N/A
AMKR,$4.3238,1440169815100,"515,963",100% bearish,of 2 ratings,$5
ASRVP,NULL,1440169815128,0,Not yet rated,NULL,N/A
AMPH,$13.62,1440169815150,"68,784",50% bullish,of 2 ratings,$20
FOLD,$13.8705,1440169815280,"897,191",56% bullish,of 9 ratings,$21
AMSG,$81.2,1440169815311,"98,079",100% bearish,of 1 rating,$85.50
ASYS,$5.213,1440169815348,"15,353",67% bullish,of 3 ratings,$12
AMSGP,NULL,1440169815414,0,Not yet rated,NULL,N/A
AFSI,$59.66,1440169815485,"233,865",60% bullish,of 5 ratings,$72
ANAC,$127.16,1440169815514,"219,121",80% bullish,of 5 ratings,$180.50
AMRS,$1.62,1440169815675,"37,849",70% bullish,of 10 ratings,N/A
ANAD,$0.3607,1440169815737,"40,881",100% bullish,of 2 ratings,$.50
ALOG,$83,1440169815804,"27,511",100% bearish,of 2 ratings,$100.50
ADI,$54.45,1440169815866,"1,220,818",67% bullish,of 3 ratings,$69
ANCB,NULL,1440169815898,0,Not yet rated,NULL,$23
AMCF,$0.27,1440169816038,"6,114",100% bullish,of 7 ratings,N/A
ABCW,$39.9,1440169816169,"5,134",67% bullish,of 3 ratings,N/A
ATRS,$1.77,1440169816301,"323,678",92% bullish,of 12 ratings,$4.50
ANIP,$48.665,1440169816332,"86,493",89% bullish,of 19 ratings,$66
ANIK,$34.55,1440169816405,"37,091",60% bullish,of 5 ratings,$51.25
ANSS,$92.55,1440169816441,"103,359",100% bearish,of 1 rating,$100
ANGI,$4.5001,1440169816473,"189,786",64% bullish,of 11 ratings,$5.50
ANTH,$6.74,1440169816542,"688,478",80% bullish,of 10 ratings,$13
ANGO,$14.681,1440169816570,"42,909",67% bullish,of 3 ratings,$19
ABAC,$0.72,1440169816802,"11,632",100% bearish,of 1 rating,N/A
ATNY,$2.37,1440169816840,753,50% bullish,of 2 ratings,$3.75
APOG,$51.53,1440169816984,"78,827",100% bullish,of 1 rating,$67
APOL,$11.09,1440169817113,"251,241",87% bearish,of 68 ratings,$14
APIC,$6.62,1440169817138,"47,511",100% bearish,of 1 rating,$19
AINV,$6.4901,1440169817313,"355,827",50% bullish,of 4 ratings,$8
APPF,$16.96,1440169817378,"22,335",50% bullish,of 2 ratings,$22
AAPL,$108.11,1440169817460,"26,281,814",86% bullish,of 2336 ratings,$150
ARCI,$1.22,1440169817510,4,Not yet rated,NULL,N/A
APDN,$3.2275,1440169817567,"10,931",Not yet rated,NULL,$9
AMAT,$15.76,1440169817698,"3,740,823",82% bullish,of 11 ratings,$23
AGTC,$15.0452,1440169817789,"26,522",50% bullish,of 2 ratings,$33
APDNW,$1.25,1440169817894,"1,500",Not yet rated,NULL,N/A
AMCC,$5.135,1440169817941,"414,250",80% bullish,of 5 ratings,$8
AAOI,$19.83,1440169818075,"118,849",50% bullish,of 4 ratings,$26
APRI,$1.3,1440169818107,"80,018",83% bullish,of 6 ratings,$4.86
AREX,$2.14,1440169818136,"188,782",100% bearish,of 1 rating,$3
APTO,$4.87,1440169818327,163,Not yet rated,NULL,$17
AUMA,NULL,1440169818355,0,Not yet rated,NULL,N/A
AQMS,$4.87,1440169818389,"2,280",Not yet rated,NULL,N/A
AQXP,$18.125,1440169818411,"265,516",50% bullish,of 2 ratings,$2
AUMAU,$10,1440169818494,100,Not yet rated,NULL,N/A
ARDM,$7.0156,1440169818625,"3,408",100% bullish,of 1 rating,$26
AUMAW,NULL,1440169818758,0,Not yet rated,NULL,N/A
PETX,$16.4601,1440169818784,"124,429",100% bearish,of 2 ratings,$26
ARCW,$3.3475,1440169818950,"8,142",100% bearish,of 2 ratings,$10.50
ABUS,$6.893,1440169818982,"198,611",86% bullish,of 14 ratings,$23
ABIO,$0.89,1440169819082,"31,230",50% bullish,of 2 ratings,$3.75
RKDA,$5.11,1440169819240,"8,799",100% bearish,of 2 ratings,$10
ARCB,$30.01,1440169819290,"73,569",50% bullish,of 2 ratings,$39.50
ARDX,$17.024,1440169819368,"50,161",50% bullish,of 2 ratings,$24.50
ACGL,$71.07,1440169819400,"39,730",50% bullish,of 2 ratings,$72
ACAT,$26.565,1440169819460,"143,477",100% bearish,of 3 ratings,$33
ARCC,$15.5351,1440169819521,"489,033",67% bearish,of 3 ratings,$17.875
ARNA,$2.845,1440169819682,"1,296,233",90% bullish,of 77 ratings,$5.50
AGIIL,$25.46,1440169819711,"1,414",Not yet rated,NULL,N/A
AGII,$57.695,1440169819843,"45,432",Not yet rated,NULL,$59.50
ARGS,$5.6999,1440169819929,"20,573",50% bullish,of 2 ratings,$19.50
ARIS,$3.385,1440169820001,"2,000",Not yet rated,NULL,$4.50
ARIA,$6.61,1440169820187,"1,142,692",87% bullish,of 46 ratings,$9
ARWA,NULL,1440169820344,0,Not yet rated,NULL,N/A
ARKR,$25.47,1440169820406,3,50% bullish,of 2 ratings,N/A
ARMH,$40.74,1440169820476,"412,603",54% bearish,of 13 ratings,$61
ARTX,$1.48,1440169820507,"35,702",88% bullish,of 16 ratings,$4.50
ARWAR,NULL,1440169820528,0,Not yet rated,NULL,N/A
ARWAU,NULL,1440169820557,0,100% bullish,of 1 rating,N/A
ARWAW,NULL,1440169820709,0,Not yet rated,NULL,N/A
ARQL,$1.595,1440169820871,"128,381",75% bullish,of 4 ratings,$5
ARRY,$5.21,1440169820897,"466,478",100% bullish,of 7 ratings,$10
DWAT,$10.22,1440169821062,9,100% bearish,of 1 rating,N/A
AROW,$26.852,1440169821195,"14,250",Not yet rated,NULL,N/A
ARRS,$26.57,1440169821222,"210,246",50% bullish,of 2 ratings,$38
ARTW,$4.43,1440169821470,"2,404",75% bearish,of 4 ratings,N/A
ASBB,$24.65,1440169821516,200,Not yet rated,NULL,N/A
ARWR,$5.47,1440169821603,"392,980",75% bullish,of 4 ratings,$10.50
ASND,$17.72,1440169821630,"7,473",100% bullish,of 1 rating,$30
ASNA,$11.46,1440169821660,"832,115",50% bullish,of 2 ratings,$18
ARTNA,$22.6999,1440169821686,"13,647",100% bearish,of 1 rating,$29
ASCMA,$28.11,1440169821842,"34,314",100% bearish,of 1 rating,$45
APWC,$1.94,1440169821875,300,100% bearish,of 1 rating,N/A
ASMI,NULL,1440169821974,0,NULL,NULL,NULL
ASTI,$0.12,1440169822072,"598,650",83% bullish,of 6 ratings,$3
ASML,$87.78,1440169822098,"313,696",67% bullish,of 3 ratings,$127
AZPN,$38.32,1440169822249,"285,985",50% bullish,of 2 ratings,$42
ASMB,$12.0999,1440169822275,"35,565",67% bullish,of 3 ratings,N/A
ASTE,$36.565,1440169822430,"36,436",100% bearish,of 1 rating,$48
ASFI,$8.96,1440169822463,"1,596",100% bullish,of 1 rating,N/A
ALOT,$12.2,1440169822494,433,100% bearish,of 1 rating,N/A
ATRO,$52.22,1440169822564,"36,091",100% bearish,of 2 ratings,$80
ASUR,$5.4699,1440169822641,"6,005",100% bearish,of 1 rating,$8
ASTC,$2.175,1440169822773,"12,954",100% bullish,of 5 ratings,N/A
ATHN,$133.73,1440169822866,"28,511",67% bearish,of 3 ratings,$153
ATRA,$41.58,1440169822921,"62,942",50% bullish,of 2 ratings,$68
ATAI,$2.81,1440169822949,"7,800",100% bearish,of 1 rating,N/A
ATHX,$1.16,1440169822976,"105,200",89% bullish,of 9 ratings,$5
AAPC,$10.21,1440169823106,197,Not yet rated,NULL,N/A
AFCB,$28.01,1440169823132,168,Not yet rated,NULL,N/A
AAME,$3.53,1440169823402,100,Not yet rated,NULL,N/A
ATLC,NULL,1440169823433,0,67% bullish,of 3 ratings,N/A
AAWW,$41.58,1440169823463,"109,278",50% bullish,of 2 ratings,$65
ACFC,$5.734,1440169823486,"69,607",Not yet rated,NULL,$6.50
ATNI,$73.32,1440169823520,"24,199",100% bearish,of 1 rating,$69.50
AFH,$16.7801,1440169823616,"15,197",Not yet rated,NULL,$21.50
ATML,$7.06,1440169823711,"720,874",78% bullish,of 9 ratings,$9.50
ATRC,$25.77,1440169823930,"51,493",100% bullish,of 1 rating,$30
ATOS,$0.83,1440169823961,"97,819",100% bullish,of 7 ratings,$7
ATRM,$2.89,1440169824000,200,50% bullish,of 2 ratings,N/A
ATRI,$390.86,1440169824065,"2,078",Not yet rated,NULL,N/A
ATTU,$13.56,1440169824095,"21,779",100% bearish,of 1 rating,$20.50
LIFE,$14.24,1440169824198,"13,861",86% bullish,of 7 ratings,$43
AUPH,$3.27,1440169824306,"6,161",100% bearish,of 1 rating,$8
AUBN,$27.0001,1440169824408,502,Not yet rated,NULL,N/A
ADAT,$0.123,1440169824438,"4,190",100% bullish,of 2 ratings,N/A
EARS,$4.8,1440169824466,"3,352",100% bearish,of 2 ratings,$11.50
AUDC,$3.175,1440169824493,"23,532",80% bullish,of 5 ratings,$5
ADSK,$52.41,1440169824681,"598,488",83% bullish,of 6 ratings,$69.50
ADP,$80.9,1440169824709,"627,791",100% bearish,of 1 rating,$88
ABTL,$17.76,1440169824731,"28,990",100% bullish,of 4 ratings,$20.25
AVGO,$112.06,1440169824993,"1,228,581",88% bullish,of 8 ratings,$160
AVNU,NULL,1440169825071,0,Not yet rated,NULL,$14
AVEO,$1.3286,1440169825102,"649,600",75% bullish,of 8 ratings,$3
AAVL,$10.5,1440169825167,"89,207",100% bearish,of 1 rating,$20
AVGR,$14.4,1440169825199,"3,969",100% bearish,of 1 rating,$20
AVNW,$1.1567,1440169825229,"28,237",50% bullish,of 2 ratings,$2.20
AVID,$7.67,1440169825255,"132,172",100% bearish,of 1 rating,$20
CAR,$41.67,1440169825281,"365,114",80% bullish,of 5 ratings,$60
ACLS,$3.31,1440169825433,"252,317",67% bullish,of 6 ratings,$4.75
AWRE,$3.2,1440169825459,"1,048",67% bullish,of 3 ratings,N/A
AXPWW,NULL,1440169825599,0,Not yet rated,NULL,N/A
AXGN,$3.96,1440169825734,"6,094",Not yet rated,NULL,$5
AXPW,$1.131,1440169825762,"16,537",83% bullish,of 6 ratings,N/A
AXTI,$2.19,1440169825784,"4,200",50% bullish,of 2 ratings,$2.75
BCOM,NULL,1440169825834,0,100% bearish,of 1 rating,N/A
BEAV,$48.65,1440169826019,"183,026",67% bearish,of 3 ratings,$59
BCPC,$57.61,1440169826046,"49,583",100% bearish,of 1 rating,$75
BOSC,$2.18,1440169826223,240,50% bullish,of 2 ratings,N/A
BWINA,NULL,1440169826249,0,Not yet rated,NULL,N/A
RILY,$10,1440169826325,200,Not yet rated,NULL,N/A
BIDU,$156.14,1440169826426,"1,563,202",81% bullish,of 88 ratings,$210
BWINB,$23.003,1440169826467,"16,994",Not yet rated,NULL,N/A
BLDP,$1.2321,1440169826493,"214,802",91% bullish,of 22 ratings,$2.50
BANF,$60.58,1440169826520,"10,734",Not yet rated,NULL,$68
BKMU,$7.16,1440169826755,"66,625",Not yet rated,NULL,$8
BANFP,NULL,1440169826859,0,Not yet rated,NULL,N/A
BMRC,$48.85,1440169826886,"10,154",Not yet rated,NULL,$52
BOCH,$5.81,1440169826966,"14,107",Not yet rated,NULL,$6.50
BOTJ,$11.45,1440169827019,100,Not yet rated,NULL,N/A
BKSC,$15.58,1440169827049,137,Not yet rated,NULL,N/A
OZRK,$40.61,1440169827149,"179,617",67% bullish,of 3 ratings,$49.50
BFIN,$12,1440169827220,"13,972",Not yet rated,NULL,$13
BWFG,$18.08,1440169827325,205,100% bearish,of 1 rating,N/A
TAPR,$29.73,1440169827534,"4,250",100% bearish,of 1 rating,N/A
BANR,$45.17,1440169827594,"32,861",100% bullish,of 3 ratings,$50
BZUN,$5.61,1440169827667,"143,128",50% bullish,of 2 ratings,$12.60
BHACR,NULL,1440169827748,0,Not yet rated,NULL,N/A
BHACU,NULL,1440169827781,0,Not yet rated,NULL,N/A
BHAC,NULL,1440169827807,0,Not yet rated,NULL,N/A
BSET,$29.001,1440169827855,"11,213",100% bearish,of 1 rating,$35
BHACW,NULL,1440169827884,0,Not yet rated,NULL,N/A
BYBK,$5.09,1440169827988,878,100% bearish,of 1 rating,N/A
BBSI,$34.265,1440169828133,"29,140",67% bearish,of 3 ratings,$62.50
BBCN,$14.81,1440169828161,"125,195",100% bearish,of 1 rating,$16
BCBP,$11.56,1440169828310,"2,123",Not yet rated,NULL,N/A
BYLK,$12.95,1440169828335,300,Not yet rated,NULL,$14
BV,$5.14,1440169828368,"108,714",67% bullish,of 6 ratings,$9
BDCV,$5.01,1440169828478,"2,503",100% bearish,of 1 rating,$10.19
BEBE,$1.785,1440169828725,"33,795",75% bullish,of 4 ratings,$3.075
BELFA,NULL,1440169828861,0,100% bearish,of 1 rating,N/A
BSF,$8.65,1440169828910,"9,109",Not yet rated,NULL,N/A
BBGI,NULL,1440169828939,0,100% bearish,of 1 rating,N/A
BECN,$35.68,1440169828961,"114,978",50% bullish,of 2 ratings,$40
BLPH,$5.1,1440169828983,"11,607",100% bearish,of 1 rating,$12.50
BBBY,$62.065,1440169829152,"579,830",71% bullish,of 7 ratings,$75
BELFB,$18.45,1440169829184,"14,552",100% bearish,of 1 rating,N/A
BLCM,$15.942,1440169829283,"193,589",50% bullish,of 4 ratings,$40
BNTC,$7.8817,1440169829342,"19,370",100% bullish,of 1 rating,N/A
BNFT,$36.49,1440169829367,"30,502",67% bullish,of 3 ratings,$46
BNCL,$12.7,1440169829424,"146,212",100% bullish,of 3 ratings,$12.50
BGCP,$8.9549,1440169829594,"530,631",88% bullish,of 8 ratings,$14
BGMD,$0.886,1440169829624,"65,151",100% bullish,of 10 ratings,N/A
BGFV,$10.94,1440169829787,"56,822",57% bullish,of 7 ratings,$12
BIND,$4.5111,1440169829814,"24,516",67% bullish,of 3 ratings,$13.50
BASI,$1.3,1440169829870,146,Not yet rated,NULL,N/A
BCDA,NULL,1440169829946,0,Not yet rated,NULL,N/A
BCRX,$11.54,1440169830051,"212,457",63% bullish,of 8 ratings,$18
ORPN,$5.14,1440169830078,"3,697",100% bullish,of 1 rating,$28.50
BIOC,$2.08,1440169830107,"217,166",83% bullish,of 6 ratings,$3.85
BDSI,$6.4,1440169830211,"386,506",88% bullish,of 8 ratings,$17
BIIB,$303.82,1440169830251,"521,222",88% bullish,of 16 ratings,$400
BIOD,$0.6798,1440169830280,"27,026",80% bullish,of 5 ratings,$4
BIOL,$1.52,1440169830411,"1,752",Not yet rated,NULL,N/A
BLRX,$1.415,1440169830495,"94,144",100% bullish,of 12 ratings,$5
BMRN,$126,1440169830567,"255,300",80% bullish,of 5 ratings,$160
BLFS,$2.05,1440169830592,"4,763",100% bearish,of 1 rating,$4.75
BVXV,$3.85,1440169830637,"4,692",Not yet rated,NULL,N/A
BVXVW,NULL,1440169830770,0,100% bearish,of 1 rating,N/A
BRLI,NULL,1440169830906,0,NULL,NULL,NULL
BPTH,$1.14,1440169830938,"9,730",100% bullish,of 2 ratings,$5
BSPM,$0.69,1440169831045,"1,100",50% bullish,of 2 ratings,N/A
BIOS,$1.77,1440169831075,"383,902",71% bullish,of 7 ratings,$4
BSTC,$48.74,1440169831101,"25,685",100% bearish,of 1 rating,$76
TECH,$102.79,1440169831400,"12,733",100% bullish,of 1 rating,$117
BEAT,$13.285,1440169831466,"89,383",67% bearish,of 3 ratings,$15
BBC,$29.87,1440169831598,"45,446",Not yet rated,NULL,N/A
BBP,$31.7136,1440169831826,"44,370",Not yet rated,NULL,N/A
BITI,$18,1440169831897,"23,594",100% bullish,of 1 rating,$28
BOTA,$2.25,1440169831956,"8,869",88% bullish,of 8 ratings,N/A
BDMS,NULL,1440169831982,0,100% bearish,of 1 rating,N/A
BJRI,$44.92,1440169832039,"55,226",50% bullish,of 2 ratings,$55
BBOX,$15.36,1440169832067,"19,085",100% bearish,of 1 rating,N/A
BLKB,$58.23,1440169832196,"77,848",100% bearish,of 2 ratings,$66
BDE,$7.36,1440169832233,"85,343",50% bullish,of 2 ratings,$9
BBRY,$7.145,1440169832366,"1,305,655",61% bullish,of 330 ratings,$9
BKCC,$9.14,1440169832413,"93,524",100% bullish,of 2 ratings,$10
HAWK,$42.23,1440169832512,"146,561",90% bullish,of 10 ratings,$49
ADRA,NULL,1440169832539,0,Not yet rated,NULL,N/A
ADRD,$22.382,1440169832617,"1,526",100% bearish,of 1 rating,N/A
ADRE,$29.94,1440169832671,"36,582",Not yet rated,NULL,N/A
ADRU,NULL,1440169832749,0,100% bearish,of 1 rating,N/A
BLMN,$20.04,1440169832776,"513,826",83% bullish,of 6 ratings,$27.50
BBLU,$0.8861,1440169833102,"42,973",100% bullish,of 2 ratings,$4.43
BLBD,$11.79,1440169833134,"3,104",Not yet rated,NULL,N/A
BCOR,$13.36,1440169833168,"78,283",57% bullish,of 7 ratings,$15
BHBK,$14.16,1440169833189,"44,625",100% bullish,of 1 rating,$14.50
NILE,$34.25,1440169833234,"21,853",50% bullish,of 2 ratings,$34
BUFF,$26.91,1440169833273,"141,712",83% bullish,of 12 ratings,$31.50
BKEP,$6.7,1440169833325,"7,254",100% bearish,of 1 rating,$8.50
BNCN,$21.34,1440169833624,"38,566",Not yet rated,NULL,$23
BPMC,$25.32,1440169833661,"21,250",50% bullish,of 2 ratings,$47.50
BOFI,$124.3,1440169833696,"133,330",100% bullish,of 6 ratings,$144
BKEPP,$7.865,1440169833725,100,100% bearish,of 1 rating,N/A
BLUE,$120.97,1440169833791,"136,868",71% bullish,of 7 ratings,$217.50
BOBE,$44.2,1440169833820,"53,835",75% bullish,of 4 ratings,$57
WIFI,$8.0901,1440169833877,"147,682",50% bullish,of 2 ratings,$13.50
BOKF,$61.76,1440169833910,"25,381",100% bearish,of 1 rating,$70.50
BOJA,$20.26,1440169834009,"43,110",100% bullish,of 1 rating,$30
BONA,$11.85,1440169834209,"46,219",75% bullish,of 4 ratings,$8.50
BNSO,$1.5099,1440169834276,"2,200",100% bearish,of 1 rating,N/A
BPFH,$12.08,1440169834345,"105,426",100% bearish,of 1 rating,$14
BAMM,$3.21,1440169834373,"3,739",60% bullish,of 5 ratings,N/A
BPFHW,$5.5,1440169834403,558,100% bearish,of 1 rating,N/A
BPFHP,NULL,1440169834503,0,100% bearish,of 1 rating,N/A
EPAY,$25.78,1440169834589,"59,433",100% bearish,of 2 ratings,$30
BCLI,$2.965,1440169834693,"26,632",80% bullish,of 5 ratings,$12
BBRG,$12.459,1440169834838,"30,899",67% bullish,of 3 ratings,$14.50
BBEP,$2.2343,1440169834866,"626,101",69% bullish,of 13 ratings,$5.625
BDBD,$8.39,1440169834900,"245,409",60% bullish,of 5 ratings,$10
BRID,$8.01,1440169834996,120,100% bearish,of 1 rating,N/A
BBEPP,$13.48,1440169835030,"45,754",100% bearish,of 1 rating,N/A
BDGE,$26.98,1440169835160,"11,134",Not yet rated,NULL,$31.75
BCOV,$5.2046,1440169835232,"58,267",67% bullish,of 3 ratings,$10.20
BLIN,NULL,1440169835257,0,50% bullish,of 2 ratings,$2.20
BRCM,$48.8,1440169835332,"1,625,446",75% bullish,of 12 ratings,$56
BSFT,$30.83,1440169835402,"58,780",57% bullish,of 7 ratings,$40.50
BVSN,$5.7,1440169835433,"9,825",60% bearish,of 5 ratings,N/A
BRKL,$10.6505,1440169835651,"121,566",100% bearish,of 1 rating,$10.75
BWEN,$3.302,1440169835690,"7,539",100% bullish,of 3 ratings,$8
BYFC,NULL,1440169835773,0,50% bullish,of 2 ratings,N/A
BRCD,$10.87,1440169835901,"5,026,441",92% bullish,of 13 ratings,$12.50
BRKS,$10.3125,1440169835930,"101,167",67% bullish,of 3 ratings,$15.25
BRKR,$19.13,1440169835956,"39,049",100% bearish,of 2 ratings,$22
BLMT,$20.81,1440169836003,"10,968",Not yet rated,NULL,N/A
BMTC,$29.14,1440169836132,"28,143",Not yet rated,NULL,$34
BWLD,$191.1907,1440169836158,"79,067",82% bullish,of 11 ratings,$205
CFFI,$36,1440169836344,"1,900",100% bearish,of 1 rating,N/A
BSQR,$6.07,1440169836382,"45,587",67% bullish,of 3 ratings,N/A
BLDR,$14.91,1440169836446,"303,588",50% bullish,of 2 ratings,$22
BUR,$1.94,1440169836476,"1,200",100% bearish,of 1 rating,$8
CHRW,$67.9,1440169836528,"219,609",Not yet rated,NULL,$72
CCMP,$44.15,1440169836581,"42,704",50% bullish,of 2 ratings,$59
CDNS,$20.08,1440169836783,"264,707",75% bullish,of 4 ratings,$22.50
CA,$27.965,1440169836809,"633,776",50% bullish,of 4 ratings,$33
CZR,$7.58,1440169836947,"315,130",60% bearish,of 5 ratings,$10.50
CSTE,$42.747,1440169836979,"107,222",100% bearish,of 1 rating,$65
CACQ,$7.13,1440169837008,"69,288",100% bearish,of 1 rating,$12.25
PRSS,$4.4111,1440169837037,633,80% bullish,of 5 ratings,$4.50
CDZI,$7.28,1440169837067,"3,024",100% bearish,of 1 rating,N/A
CLBS,$1.35,1440169837174,"80,037",79% bullish,of 14 ratings,$4
CLMS,$11.43,1440169837428,"29,443",Not yet rated,NULL,$10.50
CHI,$10.83,1440169837490,"55,994",100% bearish,of 1 rating,N/A
CCD,$20.35,1440169837517,"51,375",Not yet rated,NULL,N/A
CHY,$11.7138,1440169837584,"77,632",Not yet rated,NULL,N/A
CGO,$12.1514,1440169837647,"12,602",100% bearish,of 1 rating,N/A
CHW,$7.668,1440169837786,"88,377",100% bearish,of 1 rating,N/A
CFGE,NULL,1440169837879,0,Not yet rated,NULL,N/A
CAMP,$15.82,1440169837910,"118,668",88% bullish,of 8 ratings,$25
CSQ,$9.9705,1440169837944,"182,501",Not yet rated,NULL,N/A
CVGW,$54.28,1440169837974,"38,061",50% bullish,of 2 ratings,$58.50
CFNB,$13.53,1440169838045,5,100% bearish,of 1 rating,N/A
CALA,$4.7836,1440169838082,"137,971",100% bullish,of 3 ratings,$19.50
CALD,$15.7,1440169838181,"124,249",100% bearish,of 1 rating,$20.50
CALM,$48.715,1440169838325,"154,152",80% bullish,of 5 ratings,$65
CLMT,$25.2545,1440169838391,"154,416",75% bullish,of 8 ratings,$31
ABCD,$4.73,1440169838462,"24,349",83% bullish,of 6 ratings,N/A
CAMB,NULL,1440169838644,0,Not yet rated,NULL,N/A
CAMBU,NULL,1440169838670,0,100% bearish,of 1 rating,N/A
CAC,$39.965,1440169838696,"10,370",Not yet rated,NULL,N/A
CSIQ,$18.015,1440169838896,"1,491,463",86% bullish,of 28 ratings,$45
CPHC,$10.486,1440169838926,500,100% bearish,of 1 rating,N/A
CAMBW,NULL,1440169838995,0,Not yet rated,NULL,N/A
CBNJ,$10.604,1440169839070,"14,560",100% bullish,of 1 rating,N/A
CAMT,$2.8,1440169839125,"7,700",73% bullish,of 11 ratings,$4
CPLA,$48.78,1440169839156,"23,340",50% bullish,of 2 ratings,$65
CBF,$29.96,1440169839201,"59,037",Not yet rated,NULL,$32
CGIX,$8.85,1440169839260,"21,540",67% bullish,of 3 ratings,$14.375
CCBG,$15.13,1440169839337,"16,195",Not yet rated,NULL,$17.25
CAPN,$1.9099,1440169839663,"160,812",100% bullish,of 1 rating,$10.85
CSWC,$47.98,1440169839689,"6,616",Not yet rated,NULL,N/A
CAPNW,$0.5038,1440169839846,115,Not yet rated,NULL,N/A
CPLP,$6.8701,1440169839875,"91,351",71% bullish,of 7 ratings,$11
CARB,$11.38,1440169839907,"37,172",75% bullish,of 4 ratings,$12
CPTA,$14.5,1440169839935,"14,187",Not yet rated,NULL,$18.50
CARA,$20.2789,1440169839976,"95,573",50% bullish,of 4 ratings,$25
CFFN,$11.92,1440169840010,"296,200",Not yet rated,NULL,$12.75
CPST,$0.3818,1440169840069,"124,941",95% bullish,of 22 ratings,$1.25
CAPR,$3.87,1440169840107,"1,017",Not yet rated,NULL,$12
CRDC,$0.3857,1440169840329,"3,050",100% bullish,of 1 rating,$1.25
CRME,$9.25,1440169840355,900,89% bullish,of 9 ratings,$11.25
CSII,$23.605,1440169840396,"69,504",100% bearish,of 2 ratings,$42.125
CATM,$34.77,1440169840602,"118,643",100% bearish,of 1 rating,$44
CBYL,$6.4599,1440169840707,"8,180",100% bearish,of 1 rating,$20
CFNL,$22.353,1440169840780,"63,294",Not yet rated,NULL,$24
CECO,$3.515,1440169840852,"131,333",67% bearish,of 3 ratings,$6
CKEC,$21,1440169840884,"147,708",50% bullish,of 2 ratings,$35.915
CTRE,$12.015,1440169840913,"63,668",50% bullish,of 2 ratings,N/A
CDNA,$6.4101,1440169840940,"4,000",100% bearish,of 1 rating,$9
CLBH,$12.76,1440169840982,200,Not yet rated,NULL,$16.50
CART,NULL,1440169841177,0,100% bearish,of 1 rating,N/A
CRZO,$31.595,1440169841243,"278,025",67% bearish,of 3 ratings,$57
CRTN,NULL,1440169841320,0,100% bearish,of 1 rating,N/A
TAST,$11.83,1440169841428,"94,834",Not yet rated,NULL,$14.25
CARV,NULL,1440169841458,0,50% bullish,of 2 ratings,N/A
CARO,$15.36,1440169841491,400,100% bearish,of 1 rating,$19
CASM,$1.1,1440169841517,210,100% bullish,of 1 rating,$3.50
CACB,$5.43,1440169841813,"46,861",Not yet rated,NULL,$5.50
CASY,$104.62,1440169841841,"101,211",50% bullish,of 2 ratings,$99.50
CSCD,$14.24,1440169841871,"31,457",100% bullish,of 2 ratings,$17
CASI,$1.45,1440169841898,"1,144",100% bullish,of 1 rating,$3.50
CASS,$48.05,1440169841978,"20,928",100% bearish,of 1 rating,N/A
CPRX,$3.527,1440169842028,"481,944",71% bullish,of 7 ratings,$7
CWST,$6.04,1440169842061,"118,509",50% bullish,of 2 ratings,$7
CATY,$30.14,1440169842255,"187,562",100% bearish,of 1 rating,$33.50
CATB,$11.36,1440169842281,"19,186",100% bearish,of 1 rating,$28
CVCO,$71.82,1440169842434,"13,235",100% bearish,of 1 rating,N/A
CATYW,$10.54,1440169842487,100,100% bearish,of 1 rating,N/A
CAVM,$65.91,1440169842513,"149,826",67% bearish,of 3 ratings,$72
CNLM,$9.97,1440169842672,"1,292",Not yet rated,NULL,N/A
CBFV,$20.56,1440169842758,"3,764",Not yet rated,NULL,N/A
CNLMW,NULL,1440169842847,0,Not yet rated,NULL,N/A
CNLMR,NULL,1440169842946,0,Not yet rated,NULL,N/A
CDW,$38.65,1440169842980,"203,507",75% bullish,of 4 ratings,$44
CNLMU,NULL,1440169843045,0,100% bullish,of 1 rating,N/A
CBOE,$62.17,1440169843073,"101,965",Not yet rated,NULL,$60
CDK,$48.09,1440169843100,"127,860",67% bearish,of 3 ratings,$50
CECE,$9.54,1440169843335,"36,614",50% bullish,of 2 ratings,$16
CPXX,$2.14,1440169843409,"40,483",100% bullish,of 2 ratings,$7
CELGZ,$1.8,1440169843466,500,80% bullish,of 5 ratings,N/A
CLDX,$13.671,1440169843514,"824,618",89% bullish,of 9 ratings,$36
CLDN,$1.047,1440169843543,"78,023",71% bullish,of 7 ratings,$3
CELG,$122.03,1440169843647,"1,750,925",92% bullish,of 13 ratings,$155.50
CLRBW,$0.94,1440169843800,200,Not yet rated,NULL,N/A
CLLS,$30.39,1440169843862,"65,835",75% bullish,of 4 ratings,$51.50
CLRB,$3.0011,1440169843931,"1,107",100% bearish,of 1 rating,N/A
CLSN,$1.9363,1440169843960,"54,008",80% bullish,of 10 ratings,$7.50
CLTX,$2.8201,1440169843983,"1,142,302",100% bullish,of 2 ratings,N/A
CBMG,$22.78,1440169844017,"26,607",50% bullish,of 2 ratings,N/A
CEMP,$33.86,1440169844230,"229,596",71% bullish,of 7 ratings,$52
CYAD,NULL,1440169844256,0,100% bullish,of 1 rating,$87.50
CSFL,$13.93,1440169844475,"74,995",Not yet rated,NULL,$15
CETX,$2.51,1440169844501,"9,000",Not yet rated,NULL,$5.60
CFBK,NULL,1440169844545,0,Not yet rated,NULL,N/A
CENTA,$12.915,1440169844648,"70,897",Not yet rated,NULL,N/A
CETV,$2.02,1440169844726,"111,959",67% bullish,of 3 ratings,$2.80
CVCY,$10.96,1440169844752,5,Not yet rated,NULL,$12
CNBKA,$40.4,1440169844898,"3,819",100% bullish,of 1 rating,N/A
CNTY,$6.085,1440169844926,"2,292",80% bullish,of 5 ratings,$7.75
CERE,$1.17,1440169845104,"164,469",88% bullish,of 8 ratings,N/A
CENT,$12.2301,1440169845140,"10,847",Not yet rated,NULL,$10
CERN,$62.2,1440169845194,"506,880",67% bullish,of 3 ratings,$79
CPHD,$47.21,1440169845221,"205,184",50% bullish,of 2 ratings,$66.50
CENX,$5.13,1440169845243,"506,956",67% bullish,of 6 ratings,$9
CRNT,$1.36,1440169845277,"76,153",50% bullish,of 2 ratings,$2
CERU,$3.32,1440169845448,"12,764",75% bullish,of 4 ratings,$15
CERS,$4.67,1440169845474,"288,466",75% bullish,of 4 ratings,$7
KOOL,$0.71,1440169845626,"1,800",100% bullish,of 5 ratings,$7
CYOU,$20.21,1440169845761,"174,506",50% bullish,of 6 ratings,$24
HOTR,$1.29,1440169845841,"40,686",100% bullish,of 2 ratings,$5
GTLS,$22.63,1440169845894,"124,735",50% bullish,of 4 ratings,$40
CEVA,$18.22,1440169845923,"19,102",100% bearish,of 1 rating,$25
CHTR,$178.455,1440169845954,"243,067",100% bearish,of 2 ratings,$196
CTHR,$1.1724,1440169845976,"43,840",50% bullish,of 2 ratings,$2.50
HOTRW,NULL,1440169846007,0,Not yet rated,NULL,N/A
CHKP,$78.44,1440169846229,"249,734",50% bullish,of 4 ratings,$92
CHEKW,NULL,1440169846360,0,Not yet rated,NULL,N/A
CEMI,$4.3,1440169846412,"1,914",50% bullish,of 2 ratings,$7.50
CHFC,$31.73,1440169846438,"47,350",100% bearish,of 1 rating,$36
CHFN,$12.48,1440169846464,"21,870",Not yet rated,NULL,$14
CHEK,NULL,1440169846662,0,Not yet rated,NULL,$7.75
CHMG,$26.6,1440169846738,700,Not yet rated,NULL,$30
CHKE,$25.56,1440169846796,"15,357",100% bearish,of 1 rating,$32.50
CHEV,$14.35,1440169846828,"4,600",Not yet rated,NULL,N/A
CCXI,$6.665,1440169846856,"49,812",67% bullish,of 3 ratings,$14
CHMA,$24.505,1440169846933,"58,540",Not yet rated,NULL,$40
CBNK,$16.51,1440169846993,215,100% bearish,of 1 rating,N/A
PLCE,$59.67,1440169847018,"118,661",100% bearish,of 1 rating,$71
CMRX,$44.04,1440169847211,"168,046",50% bullish,of 2 ratings,$57
CADC,NULL,1440169847241,0,78% bullish,of 9 ratings,N/A
CALI,$0.934,1440169847348,776,67% bullish,of 3 ratings,N/A
CAAS,$6.5,1440169847494,"18,780",93% bullish,of 14 ratings,$11.50
CBAK,$1.8001,1440169847581,"19,315",67% bullish,of 9 ratings,N/A
CCCR,$0.751,1440169847607,300,67% bearish,of 3 ratings,N/A
HGSH,$1.8999,1440169847679,"11,000",67% bullish,of 3 ratings,N/A
CBPO,$99.91,1440169847756,"106,105",75% bullish,of 8 ratings,$140.50
CHOP,$1.19,1440169847785,"7,601",50% bullish,of 2 ratings,N/A
CCCL,NULL,1440169847814,0,100% bullish,of 6 ratings,N/A
JRJC,$3.949,1440169847998,"117,763",82% bullish,of 11 ratings,N/A
CNIT,$1.54,1440169848025,"10,780",67% bullish,of 6 ratings,N/A
CHLN,$2.0001,1440169848056,"4,578",67% bullish,of 3 ratings,N/A
CJJD,$1.9062,1440169848083,"25,076",100% bullish,of 1 rating,N/A
HTHT,$25.36,1440169848165,"38,805",50% bullish,of 2 ratings,$28
CHNR,$2.04,1440169848301,200,100% bearish,of 1 rating,N/A
CREG,$0.7311,1440169848527,"23,247",100% bullish,of 3 ratings,N/A
CSUN,$1.44,1440169848571,"4,833",80% bullish,of 5 ratings,N/A
CXDC,$6.21,1440169848597,"15,025",67% bullish,of 3 ratings,N/A
CNTF,$0.89,1440169848630,"35,002",Not yet rated,NULL,N/A
CCIH,$6.51,1440169848728,"235,567",67% bullish,of 6 ratings,$12.65
CNYD,NULL,1440169848757,0,67% bullish,of 3 ratings,N/A
CPGI,$6.85,1440169848786,200,Not yet rated,NULL,N/A
CNET,$0.8479,1440169848926,"17,838",50% bullish,of 2 ratings,N/A
CHSCL,$27.18,1440169848998,"8,230",Not yet rated,NULL,N/A
IMOS,$15.91,1440169849026,"36,547",60% bullish,of 5 ratings,$21.50
CHSCM,$26,1440169849173,"11,008",Not yet rated,NULL,N/A
CHSCN,$27.19,1440169849230,"1,362",Not yet rated,NULL,N/A
CHSCO,$28.38,1440169849256,"5,922",Not yet rated,NULL,N/A
CHSCP,$30.3399,1440169849338,854,Not yet rated,NULL,N/A
CHDN,$132.075,1440169849405,"28,514",Not yet rated,NULL,$165
CHUY,$31.82,1440169849484,"63,583",50% bullish,of 2 ratings,$34
CMCT,$15.7855,1440169849576,267,100% bearish,of 1 rating,N/A
CDTX,$14.14,1440169849681,"5,653",Not yet rated,NULL,$22
CIFC,$6.9,1440169849723,"7,398",Not yet rated,NULL,N/A
CINF,$54.6,1440169849812,"172,485",50% bullish,of 4 ratings,$50.50
CMPR,$67.82,1440169849842,"157,733",50% bullish,of 2 ratings,$72.50
CIDM,$0.65,1440169849863,"6,534",50% bullish,of 2 ratings,$2.10
CTAS,$85.995,1440169849990,"141,375",100% bearish,of 1 rating,$91
CPHR,$6.2,1440169850018,600,100% bearish,of 1 rating,$16
CSCO,$26.9701,1440169850090,"10,183,241",84% bullish,of 208 ratings,$32
CTRN,$27.93,1440169850234,"37,442",100% bearish,of 1 rating,$31.50
CRUS,$27.57,1440169850264,"300,394",75% bullish,of 12 ratings,$44.50
CZNC,$19.663,1440169850366,"8,387",Not yet rated,NULL,N/A
CZWI,NULL,1440169850407,0,Not yet rated,NULL,N/A
CZFC,NULL,1440169850536,0,Not yet rated,NULL,N/A
CTXS,$75.05,1440169850569,"364,942",86% bullish,of 7 ratings,$80
CHCO,$47.2335,1440169850667,"24,155",Not yet rated,NULL,$46
CIVB,$10.323,1440169850730,885,Not yet rated,NULL,$11
CIZN,NULL,1440169850756,0,Not yet rated,NULL,N/A
CDTI,$1.5432,1440169850814,"27,527",75% bullish,of 4 ratings,$3.20
CIVBP,NULL,1440169850873,0,Not yet rated,NULL,N/A
CLNE,$4.145,1440169850946,"379,365",80% bullish,of 15 ratings,$9
CLNT,$1.78,1440169850981,"5,125",75% bullish,of 8 ratings,N/A
CLRO,$11.83,1440169851085,"1,758",50% bullish,of 2 ratings,$14.25
CLFD,$16.67,1440169851111,"21,386",67% bullish,of 3 ratings,$18
CLIR,$5.08,1440169851255,900,100% bullish,of 3 ratings,N/A
CBLI,$3.93,1440169851302,"23,990",60% bullish,of 5 ratings,N/A
CSBK,$13.66,1440169851387,"19,760",Not yet rated,NULL,N/A
CLVS,$70.105,1440169851433,"119,524",60% bullish,of 5 ratings,$101.50
CME,$93.54,1440169851459,"398,923",67% bullish,of 3 ratings,$102
CMFN,$11.69,1440169851519,"4,924",100% bearish,of 1 rating,$15.50
CCNE,$17.19,1440169851547,"17,958",50% bullish,of 2 ratings,$21.50
CISG,$7.95,1440169851735,"30,754",100% bullish,of 5 ratings,$10
COBZ,$12.9,1440169851867,"25,963",100% bullish,of 1 rating,$14
CWAY,$11.32,1440169851894,204,Not yet rated,NULL,N/A
CNV,$4.6,1440169851916,"4,100",50% bullish,of 2 ratings,$7.15
CDXS,$3.93,1440169852142,"3,639",64% bullish,of 11 ratings,$6
CDRB,$12,1440169852215,"4,106",67% bullish,of 3 ratings,N/A
COKE,$155.45,1440169852245,"13,022",79% bullish,of 19 ratings,N/A
CGNT,$1.632,1440169852345,"13,110",100% bullish,of 2 ratings,$2
JVA,$4.6201,1440169852437,"7,050",83% bullish,of 6 ratings,$7
CVLY,NULL,1440169852469,0,Not yet rated,NULL,N/A
CCOI,$28.33,1440169852497,"112,253",50% bullish,of 4 ratings,$35
CGNX,$36.005,1440169852519,"187,031",50% bullish,of 2 ratings,$47
CTSH,$64.8475,1440169852554,"927,444",90% bullish,of 10 ratings,$75
CLRX,$0.4841,1440169852813,"27,068",50% bullish,of 2 ratings,N/A
CHRS,$29.39,1440169852873,"70,364",67% bearish,of 3 ratings,$37
COHU,$9.53,1440169852945,"33,262",100% bearish,of 1 rating,$14.25
COHR,$57.1,1440169852972,"48,558",50% bullish,of 2 ratings,$72
COLL,$14.8,1440169852994,"19,248",100% bearish,of 1 rating,$26
CIGI,$44.72,1440169853128,"2,208",100% bearish,of 1 rating,$52
CLCT,$18.2215,1440169853160,"20,312",100% bearish,of 1 rating,N/A
CLCD,$7.12,1440169853259,"5,491",100% bearish,of 1 rating,$20.50
COLB,$31.1,1440169853391,"105,391",Not yet rated,NULL,$36
COLM,$62.68,1440169853419,"78,209",100% bearish,of 1 rating,$71
CMCO,$19.2375,1440169853451,"25,339",60% bullish,of 5 ratings,$28
CBMX,$1.1201,1440169853480,"8,247",83% bullish,of 6 ratings,$3.15
CBAN,$8.75,1440169853552,300,Not yet rated,NULL,N/A
CMCSA,$57.77,1440169853646,"4,038,382",66% bullish,of 35 ratings,$69.50
CMCSK,$58.325,1440169853677,"801,719",Not yet rated,NULL,$84
CBSH,$45.31,1440169853778,"75,523",50% bullish,of 2 ratings,$46
CBSHP,$25.1901,1440169853873,916,100% bearish,of 1 rating,N/A
CVGI,$4.643,1440169853927,"44,688",50% bullish,of 2 ratings,$6
CUBN,$13.8,1440169854025,"1,185",Not yet rated,NULL,N/A
CSAL,$21.0972,1440169854230,"186,984",75% bullish,of 4 ratings,$30
CYHHZ,$0.0123,1440169854261,"3,200",100% bullish,of 1 rating,N/A
JCS,NULL,1440169854299,0,67% bullish,of 3 ratings,N/A
ESXB,$5.0856,1440169854329,"10,683",Not yet rated,NULL,N/A
COMM,$29.94,1440169854357,"180,280",67% bearish,of 3 ratings,$35
CWBC,$6.75,1440169854406,810,Not yet rated,NULL,N/A
CTBI,$34.826,1440169854433,"22,799",Not yet rated,NULL,$36
CVLT,$36.25,1440169854508,"128,515",75% bullish,of 4 ratings,$44.50
COB,$10.59,1440169854675,"17,242",100% bullish,of 1 rating,$11.75
CIL,NULL,1440169854737,0,Not yet rated,NULL,N/A
CIZ,$33.8685,1440169854806,"1,729",100% bearish,of 1 rating,N/A
CID,NULL,1440169854949,0,Not yet rated,NULL,N/A
CSA,NULL,1440169854979,0,Not yet rated,NULL,N/A
CFO,$36.0455,1440169855084,"9,703",100% bearish,of 1 rating,N/A
CDC,$35.57,1440169855110,"8,391",Not yet rated,NULL,N/A
CSF,$36.8766,1440169855262,"2,094",100% bearish,of 1 rating,N/A
CGEN,$5.09,1440169855292,"29,800",50% bullish,of 2 ratings,$11
CFA,NULL,1440169855326,0,100% bearish,of 1 rating,N/A
CSB,NULL,1440169855422,0,Not yet rated,NULL,N/A
CDL,NULL,1440169855450,0,Not yet rated,NULL,N/A
CTG,$6.71,1440169855480,"7,622",100% bearish,of 1 rating,$8.50
CPSI,$45.39,1440169855521,"24,177",100% bearish,of 1 rating,$45.50
SCOR,$57.79,1440169855611,"121,032",100% bearish,of 1 rating,$66
CHCI,$0.654,1440169855778,"11,500",50% bullish,of 2 ratings,N/A
CNCE,$14.935,1440169855946,"88,497",75% bullish,of 4 ratings,$22
CMTL,$26.47,1440169855974,"26,318",100% bearish,of 2 ratings,$37
CNSI,$18.78,1440169856005,"90,045",100% bearish,of 2 ratings,$29
CDOR,$1.41,1440169856108,3,100% bullish,of 1 rating,N/A
CXRX,$73,1440169856162,"2,794",Not yet rated,NULL,$90
CCUR,$5.1311,1440169856188,"3,515",75% bullish,of 4 ratings,N/A
CDORP,NULL,1440169856332,0,100% bearish,of 1 rating,N/A
CNAT,$3.96,1440169856391,"67,132",83% bullish,of 6 ratings,$13
CFMS,$20.58,1440169856425,"67,746",Not yet rated,NULL,$27
CDORO,NULL,1440169856528,0,100% bearish,of 1 rating,N/A
CNMD,$54.91,1440169856629,"38,240",Not yet rated,NULL,$59
CNFR,$10.4505,1440169856655,"2,016",Not yet rated,NULL,N/A
CTWS,$34.56,1440169856682,"17,969",100% bearish,of 1 rating,$44
CNXR,$6.25,1440169857015,"10,359",100% bearish,of 1 rating,$12
CWCO,$10.7,1440169857082,"66,327",67% bullish,of 3 ratings,$14.50
CONN,$30.77,1440169857153,"125,012",67% bullish,of 3 ratings,$48.50
CTCT,$23.89,1440169857180,"90,006",67% bullish,of 3 ratings,$37
CNSL,$19.94,1440169857229,"105,269",100% bearish,of 1 rating,$23
CFRX,$4.935,1440169857268,"9,565",Not yet rated,NULL,$14
CPSS,$5.49,1440169857290,"20,275",100% bullish,of 1 rating,$10
CNOB,$19.7,1440169857374,"39,690",100% bullish,of 1 rating,$23.50
CFRXW,NULL,1440169857588,0,100% bearish,of 1 rating,N/A
CFRXZ,NULL,1440169857682,0,Not yet rated,NULL,N/A
CTRV,$3.65,1440169857730,"9,883",Not yet rated,NULL,$6.40
CPRT,$34.95,1440169857773,"55,061",67% bearish,of 3 ratings,$40
CTRL,$7.81,1440169857799,"41,466",50% bullish,of 2 ratings,$11
CRBP,$2.0499,1440169858025,"496,135",100% bullish,of 2 ratings,$6.25
BVA,NULL,1440169858071,0,50% bullish,of 2 ratings,N/A
CORT,$4.55,1440169858119,"200,529",67% bullish,of 3 ratings,$12
CORI,$10.64,1440169858166,"18,800",100% bearish,of 1 rating,$18
CRVL,$32,1440169858193,"13,198",100% bearish,of 1 rating,N/A
COSI,$1.12,1440169858248,"29,410",100% bullish,of 1 rating,N/A
CORE,$61.44,1440169858304,"29,754",100% bearish,of 1 rating,$72
CSOD,$36.8,1440169858334,"145,710",50% bullish,of 2 ratings,$42
CSGP,$184.775,1440169858503,"10,247",50% bullish,of 2 ratings,$235
COST,$142.27,1440169858555,"774,410",83% bullish,of 24 ratings,$154.50
CPAH,$0.4625,1440169858635,300,50% bullish,of 2 ratings,N/A
COVS,$2.55,1440169858930,"50,626",67% bullish,of 3 ratings,N/A
COWNL,$28,1440169858987,200,Not yet rated,NULL,N/A
COWN,$5.115,1440169859020,"248,465",75% bullish,of 4 ratings,$7
CBRL,$144.51,1440169859050,"144,483",50% bullish,of 2 ratings,$155
CPSH,NULL,1440169859077,0,Not yet rated,NULL,N/A
CVTI,$22.7,1440169859129,"32,216",67% bearish,of 3 ratings,$39
ICBK,NULL,1440169859210,0,Not yet rated,NULL,$21
CRAI,$22.29,1440169859269,"15,910",Not yet rated,NULL,$36
BREW,$7.33,1440169859453,"24,269",67% bullish,of 6 ratings,$15
CRAY,$20.73,1440169859691,"81,187",83% bullish,of 6 ratings,$38.50
GLDI,$11.07,1440169859768,"28,570",100% bearish,of 1 rating,N/A
CACC,$192.37,1440169859798,"18,904",50% bullish,of 2 ratings,$158.50
CREE,$25,1440169859906,"280,098",65% bullish,of 17 ratings,$29.50
SLVO,$10.371,1440169859965,"1,000",100% bearish,of 1 rating,N/A
CRTO,$44.75,1440169860042,"214,033",67% bullish,of 6 ratings,$64
CCRN,$14.15,1440169860096,"71,264",100% bearish,of 1 rating,$14.25
CRESY,$10.553,1440169860192,"2,811",100% bearish,of 1 rating,$19
CRDS,$1,1440169860223,"4,840",50% bullish,of 4 ratings,$4.50
CRWS,$8,1440169860252,15,Not yet rated,NULL,$10
CROX,$13.815,1440169860274,"241,290",63% bullish,of 8 ratings,$16.50
CRWN,$4.45,1440169860410,"78,459",75% bullish,of 4 ratings,N/A
CYRXW,NULL,1440169860567,0,Not yet rated,NULL,N/A
CSGS,$31.2,1440169860593,"63,848",Not yet rated,NULL,$40
CYRX,$3.13,1440169860621,"1,200",Not yet rated,NULL,$9
CCLP,$14,1440169860757,"33,822",67% bearish,of 3 ratings,$21
CTIC,$1.67,1440169860915,"1,134,889",84% bullish,of 76 ratings,$5.75
CSPI,$6.18,1440169861044,100,67% bullish,of 3 ratings,N/A
CUNB,$22,1440169861070,"25,438",Not yet rated,NULL,$24.50
CTCM,$1.705,1440169861102,"58,614",80% bearish,of 5 ratings,$3.90
CTRP,$64.28,1440169861129,"667,823",75% bullish,of 8 ratings,$92
CUI,$5.068,1440169861367,"12,691",50% bullish,of 2 ratings,$10
CTIB,NULL,1440169861429,0,100% bearish,of 1 rating,N/A
CRIS,$2.48,1440169861464,"213,265",100% bullish,of 8 ratings,$6
CMLS,$1.26,1440169861494,"396,681",50% bullish,of 4 ratings,$6
CPIX,$5.8,1440169861525,"2,515",Not yet rated,NULL,N/A
CUTR,$14.13,1440169861598,"21,296",67% bearish,of 3 ratings,$18
CVBF,$16.55,1440169861658,"208,599",Not yet rated,NULL,$18
CVV,$11.65,1440169861919,"10,830",100% bullish,of 5 ratings,N/A
CYBR,$51.502,1440169861956,"966,189",86% bullish,of 7 ratings,$66
CYBX,$66.38,1440169861985,"246,114",50% bullish,of 4 ratings,$70
CYBE,$5.95,1440169862064,"2,150",100% bearish,of 1 rating,N/A
CYAN,$7.0143,1440169862127,340,100% bearish,of 1 rating,N/A
CYCCP,NULL,1440169862276,0,100% bearish,of 1 rating,N/A
CYNA,$15.65,1440169862305,"8,828",100% bullish,of 1 rating,$31.50
CYCC,$0.5969,1440169862334,"31,933",73% bullish,of 11 ratings,N/A
CYNO,$32.02,1440169862475,"69,789",67% bearish,of 3 ratings,$45.50
CBAY,$2.6196,1440169862503,"24,193",100% bullish,of 1 rating,$4
CYRN,$1.61,1440169862636,"19,833",67% bullish,of 3 ratings,$4
CY,$9.335,1440169862658,"933,182",80% bullish,of 10 ratings,$15.50
CYTK,$6.48,1440169862739,"78,990",71% bullish,of 14 ratings,$13.50
CONE,$32.905,1440169862793,"181,275",67% bearish,of 3 ratings,$35
CYTX,$0.3704,1440169862869,"353,176",83% bullish,of 12 ratings,$5.50
CTSO,$7.0401,1440169862937,"31,108",Not yet rated,NULL,$15.625
TVIZ,$14.3227,1440169863082,"1,660",100% bearish,of 1 rating,N/A
DAEG,$0.3698,1440169863112,"2,000",100% bearish,of 1 rating,N/A
CYTR,$2.12,1440169863188,"368,432",67% bullish,of 6 ratings,$10
ZIV,$46.93,1440169863217,"49,910",Not yet rated,NULL,N/A
TVIX,$8.325,1440169863255,"6,773,483",81% bullish,of 16 ratings,N/A
XIV,$38.38,1440169863280,"8,163,114",75% bearish,of 4 ratings,N/A
DAKT,$11.51,1440169863541,"73,741",50% bullish,of 2 ratings,$14
DJCO,$198.1,1440169863577,"1,380",Not yet rated,NULL,N/A
DARA,$0.8521,1440169863645,"33,101",83% bullish,of 6 ratings,$1.50
DAIO,$2.56,1440169863710,"1,200",Not yet rated,NULL,N/A
DTLK,$5.5,1440169863736,"39,305",100% bearish,of 1 rating,$9
DWCH,$4.9,1440169863938,"13,447",75% bullish,of 4 ratings,$8.25
DRAM,NULL,1440169864088,0,78% bullish,of 9 ratings,N/A
DTEA,$13.475,1440169864124,"41,593",100% bearish,of 2 ratings,$24
PLAY,$34.21,1440169864155,"96,539",100% bullish,of 5 ratings,$42
DBVT,$39.76,1440169864224,"50,366",100% bearish,of 1 rating,$53
TRAK,$62.94,1440169864256,"465,393",50% bullish,of 2 ratings,$62.50
DWSN,$4.05,1440169864283,"8,524",67% bullish,of 3 ratings,$6
DHRM,NULL,1440169864429,0,Not yet rated,NULL,N/A
DFRG,$14.31,1440169864537,"59,729",100% bearish,of 1 rating,$20
DCTH,$0.4761,1440169864777,"43,151",78% bullish,of 9 ratings,N/A
DGAS,$20.23,1440169864804,913,67% bearish,of 3 ratings,N/A
TACO,$13,1440169864830,"84,950",100% bullish,of 3 ratings,$20
DELT,NULL,1440169864856,0,Not yet rated,NULL,N/A
TACOW,$4.15,1440169864884,500,100% bullish,of 1 rating,N/A
DENN,$11.8101,1440169865044,"180,068",100% bullish,of 3 ratings,$15
DELTW,NULL,1440169865088,0,Not yet rated,NULL,N/A
DSCI,$6.43,1440169865181,"31,270",50% bullish,of 2 ratings,$16
XRAY,$54.225,1440169865214,"158,503",100% bullish,of 1 rating,$58
DERM,$24.043,1440169865285,"122,987",100% bearish,of 1 rating,$33.50
DXLG,$4.555,1440169865473,"34,874",100% bearish,of 1 rating,$8
DEST,$11.61,1440169865501,"7,356",50% bullish,of 2 ratings,N/A
DEPO,$28.85,1440169865528,"315,131",60% bullish,of 5 ratings,$29
DXCM,$89.11,1440169865736,"336,429",57% bullish,of 7 ratings,$98
DSWL,$1.75,1440169865793,"4,107",100% bullish,of 1 rating,N/A
DHXM,NULL,1440169865838,0,Not yet rated,NULL,N/A
DXM,$0.3096,1440169865892,"7,200",50% bullish,of 2 ratings,N/A
DMND,$29.881,1440169865921,"70,722",75% bullish,of 12 ratings,$32
DHIL,$186.2,1440169865988,"5,481",Not yet rated,NULL,N/A
FANG,$67.1,1440169866122,"201,814",50% bullish,of 2 ratings,$86
DRNA,$9.8739,1440169866163,"35,855",67% bearish,of 3 ratings,$25
DCIX,$1.73,1440169866266,"3,341",50% bullish,of 4 ratings,$3.50
DMRC,$35.04,1440169866410,"21,975",100% bearish,of 1 rating,$44
DGII,$9.965,1440169866472,"42,403",100% bearish,of 1 rating,$10
DRAD,$3.86,1440169866552,"4,899",100% bullish,of 1 rating,$5.25
DGLY,$6.83,1440169866679,"83,514",50% bullish,of 6 ratings,$20
APPS,$2.35,1440169866789,"82,786",100% bearish,of 1 rating,$10.25
DCOM,$16.78,1440169866826,"45,825",100% bearish,of 2 ratings,$16.50
DIOD,$19.35,1440169866890,"77,196",75% bearish,of 4 ratings,$24
DPRX,$12.165,1440169867036,102,100% bullish,of 2 ratings,$27.75
DISCA,$26.86,1440169867183,"755,796",67% bullish,of 3 ratings,$34
DSCO,$0.435,1440169867289,"29,756",83% bullish,of 6 ratings,$2.75
DISCB,NULL,1440169867339,0,100% bearish,of 1 rating,$35
DISH,$61.7,1440169867544,"540,092",69% bullish,of 13 ratings,$73
DVCR,$10.17,1440169867581,"5,783",100% bullish,of 1 rating,N/A
DISCK,$25.68,1440169867613,"579,789",100% bearish,of 1 rating,$32
BAGR,$3.085,1440169867635,"8,995",100% bearish,of 1 rating,$6
DLHC,$2.26,1440169867668,"4,916",100% bearish,of 1 rating,N/A
DNBF,$27.45,1440169867767,"6,927",Not yet rated,NULL,$27.50
DLTR,$78.06,1440169867901,"685,757",82% bullish,of 11 ratings,$88
DGICB,NULL,1440169867977,0,100% bearish,of 1 rating,N/A
DGICA,$14.32,1440169868109,"10,710",100% bearish,of 1 rating,$17
DMLP,$13.9511,1440169868137,"12,618",100% bearish,of 1 rating,N/A
HILL,$9.68,1440169868170,"560,495",60% bearish,of 5 ratings,$9.75
DORM,$50.17,1440169868318,"79,879",100% bearish,of 1 rating,$56
DRWI,$0.2622,1440169868359,"85,744",60% bullish,of 5 ratings,$.45
DWA,$18.54,1440169868385,"243,217",63% bullish,of 8 ratings,$26
DRYS,$0.3452,1440169868413,"521,988",77% bullish,of 31 ratings,$.60
DRWIW,$0.062,1440169868459,110,Not yet rated,NULL,N/A
DSKX,$3.5199,1440169868547,"51,887",100% bullish,of 1 rating,N/A
DSPG,$8.64,1440169868681,"38,344",100% bearish,of 1 rating,$13.50
CADTU,NULL,1440169868761,0,Not yet rated,NULL,N/A
DTSI,$26.1,1440169868894,"34,242",100% bearish,of 2 ratings,$39.50
CADTR,NULL,1440169868978,0,Not yet rated,NULL,N/A
CADT,$10.02,1440169869026,103,Not yet rated,NULL,N/A
DRRX,$2.014,1440169869110,"194,322",50% bullish,of 6 ratings,$3
CADTW,NULL,1440169869158,0,Not yet rated,NULL,N/A
DNKN,$49.97,1440169869185,"300,329",67% bullish,of 15 ratings,$56.50
DYAX,$22,1440169869244,"302,793",89% bullish,of 9 ratings,$30
DXPE,$28.385,1440169869318,"33,353",50% bullish,of 2 ratings,N/A
DYSL,$1.5108,1440169869387,"57,473",100% bullish,of 2 ratings,N/A
ETFC,$25.92,1440169869558,"913,524",57% bullish,of 14 ratings,$33
EBMT,$11.5,1440169869662,"15,804",Not yet rated,NULL,$13.50
DYNT,$2.86,1440169869863,100,75% bullish,of 4 ratings,N/A
EGLE,$6.16,1440169869897,"24,250",60% bullish,of 5 ratings,N/A
EGBN,$42.77,1440169869932,"43,216",Not yet rated,NULL,$48
DVAX,$26.82,1440169869958,"127,908",70% bullish,of 10 ratings,$40
EGRX,$62.48,1440169869994,"132,823",67% bullish,of 3 ratings,$97
BOOM,$10.1101,1440169870022,"12,199",67% bullish,of 3 ratings,$12
EROC,$1.1,1440169870093,"152,620",50% bullish,of 2 ratings,$3
EWBC,$41.73,1440169870119,"285,809",100% bearish,of 1 rating,$50
EML,$16.65,1440169870335,"2,818",Not yet rated,NULL,N/A
EACQU,NULL,1440169870366,0,Not yet rated,NULL,N/A
EVBS,$6.5,1440169870432,384,Not yet rated,NULL,$7
EBIX,$28.63,1440169870574,"115,278",69% bullish,of 13 ratings,$40
ELNK,$8.55,1440169870619,"331,970",60% bullish,of 5 ratings,$9.50
EBAY,$26.225,1440169870804,"3,723,831",81% bullish,of 117 ratings,$48
ELON,$0.545,1440169870832,"24,375",50% bullish,of 2 ratings,N/A
ECTE,$1.4601,1440169870909,"14,086",75% bullish,of 4 ratings,N/A
SATS,$43.7,1440169871056,"30,462",50% bullish,of 2 ratings,$60
ECHO,$24.77,1440169871089,"119,769",67% bearish,of 3 ratings,$35.50
EEI,$11.2,1440169871156,"1,419",67% bearish,of 3 ratings,N/A
ECACU,$10.05,1440169871187,"1,219",Not yet rated,NULL,N/A
EDAP,$3.2076,1440169871288,"57,237",60% bullish,of 5 ratings,$4.50
EDGW,$7.1,1440169871386,709,100% bearish,of 1 rating,N/A
EDUC,$4.55,1440169871420,"5,555",100% bearish,of 1 rating,N/A
ESES,$3.39,1440169871491,214,100% bearish,of 1 rating,$7
EFUT,NULL,1440169871520,0,Not yet rated,NULL,N/A
EGAN,$3.52,1440169871563,566,50% bullish,of 2 ratings,$6.25
EGLT,$11.23,1440169871699,"3,895",50% bullish,of 2 ratings,$21
EHTH,$14.08,1440169871858,"64,103",50% bullish,of 4 ratings,$16.50
EMITF,$1.3,1440169871991,"1,700",75% bullish,of 4 ratings,N/A
ESLT,$81.556,1440169872019,812,100% bullish,of 2 ratings,N/A
LOCO,$12.2,1440169872050,"331,240",69% bullish,of 13 ratings,$20
ELRC,$10.28,1440169872085,"37,559",100% bearish,of 1 rating,N/A
ERI,$9.44,1440169872153,"59,597",100% bearish,of 1 rating,$10
ESIO,$4.475,1440169872183,"15,896",50% bullish,of 2 ratings,$10
EA,$65.5,1440169872212,"1,345,480",77% bullish,of 35 ratings,$80
EFII,$43.975,1440169872398,"90,655",80% bullish,of 5 ratings,$55
ELSE,NULL,1440169872459,0,60% bullish,of 5 ratings,N/A
ELEC,NULL,1440169872590,0,Not yet rated,NULL,N/A
ELECW,NULL,1440169872616,0,Not yet rated,NULL,N/A
ELECU,NULL,1440169872650,0,Not yet rated,NULL,N/A
RDEN,$10.2605,1440169872747,"48,209",100% bearish,of 4 ratings,$15
CAPX,NULL,1440169872773,0,Not yet rated,NULL,N/A
EBIO,$3.7049,1440169872800,"558,041",100% bearish,of 2 ratings,$8.35
ELTK,$1.13,1440169872938,"1,600",67% bearish,of 3 ratings,N/A
LONG,$17.1099,1440169872972,"5,200",67% bullish,of 3 ratings,$15.75
ESBK,$19.8,1440169873013,526,Not yet rated,NULL,N/A
EMCF,NULL,1440169873178,0,100% bearish,of 1 rating,N/A
EMCI,$23.28,1440169873308,"7,676",Not yet rated,NULL,N/A
EMMS,$1.2401,1440169873334,"1,300",67% bullish,of 6 ratings,N/A
EMMSP,NULL,1440169873361,0,100% bearish,of 1 rating,N/A
EMKR,$6.98,1440169873391,"27,780",75% bullish,of 4 ratings,$8.50
NYNY,$3.98,1440169873494,"20,222",50% bullish,of 2 ratings,N/A
ERS,NULL,1440169873561,0,Not yet rated,NULL,N/A
ENTA,$38.665,1440169873668,"47,604",50% bullish,of 2 ratings,$42
ENDP,$78.23,1440169873829,"415,412",50% bullish,of 6 ratings,$104
EIGI,$15.12,1440169873927,"235,235",67% bearish,of 3 ratings,$22.50
WIRE,$32.75,1440169873957,"44,714",100% bearish,of 1 rating,$37
ELGX,$12.95,1440169873988,"263,241",75% bullish,of 4 ratings,$17
ECPG,$38.52,1440169874013,"51,662",100% bullish,of 2 ratings,$52
ECYT,$5.11,1440169874059,"102,566",83% bullish,of 6 ratings,$12
WATT,$6.8899,1440169874192,"21,266",50% bullish,of 2 ratings,$13
EFOI,$16.79,1440169874265,"95,468",50% bullish,of 2 ratings,$20.50
EXXI,$1.43,1440169874401,"649,385",86% bullish,of 7 ratings,$3.50
ENG,$1.0001,1440169874543,804,100% bullish,of 3 ratings,N/A
ERII,$2.89,1440169874636,"16,458",80% bullish,of 5 ratings,$2.50
ENOC,$7.88,1440169874671,"79,514",75% bullish,of 4 ratings,$18
ENFC,NULL,1440169874701,0,Not yet rated,NULL,N/A
ESGR,$152.04,1440169874801,"9,588",100% bearish,of 1 rating,$185
ENPH,$4.495,1440169874870,"154,832",75% bullish,of 4 ratings,$11
ENTG,$13.76,1440169874898,"214,740",100% bearish,of 1 rating,$18
ENTL,$21.35,1440169874930,"6,892",Not yet rated,NULL,$28
EFSC,$24.42,1440169875083,"30,678",Not yet rated,NULL,$27
EBTC,$20.65,1440169875128,"4,815",Not yet rated,NULL,N/A
EGT,NULL,1440169875188,0,100% bullish,of 1 rating,N/A
ETRM,$0.2352,1440169875278,"222,146",69% bearish,of 35 ratings,$1.625
ENZN,$1.01,1440169875362,"356,848",100% bullish,of 9 ratings,N/A
ENVI,$1.7988,1440169875506,"4,804",67% bullish,of 3 ratings,N/A
ENZY,$8.99,1440169875535,"6,077",67% bullish,of 3 ratings,$9.50
EPIQ,$13.81,1440169875578,"49,496",100% bearish,of 1 rating,$18
EPRS,$4.618,1440169875673,"24,333",82% bullish,of 11 ratings,$15
EPZM,$15.58,1440169875722,"99,785",60% bullish,of 5 ratings,$34
PLUS,$77.425,1440169875803,"54,227",50% bullish,of 2 ratings,$88
EQIX,$276.57,1440169875862,"148,512",67% bullish,of 3 ratings,$312.50
EQFN,NULL,1440169875897,0,Not yet rated,NULL,N/A
ERIC,$9.9301,1440169875993,"487,949",63% bullish,of 8 ratings,$12.20
EAC,$3.662,1440169876020,671,100% bearish,of 1 rating,$8
ESCR,$0.185,1440169876159,"25,843",50% bullish,of 2 ratings,N/A
ERIE,$85.4024,1440169876312,"3,925",Not yet rated,NULL,$73
ESCA,$18.28,1440169876374,"10,977",100% bearish,of 1 rating,$22
ESCRP,$1.65,1440169876399,900,100% bearish,of 1 rating,N/A
ESPR,$53.09,1440169876425,"482,758",67% bearish,of 9 ratings,$123
ESSA,$12.82,1440169876566,"1,989",100% bearish,of 1 rating,N/A
ESND,$35.17,1440169876634,"30,650",50% bullish,of 2 ratings,$40
EPIX,NULL,1440169876665,0,Not yet rated,NULL,N/A
ESMC,NULL,1440169876716,0,Not yet rated,NULL,N/A
ESSX,$0.4804,1440169876857,"5,090",50% bullish,of 2 ratings,N/A
ETSY,$13.36,1440169876894,"310,473",80% bullish,of 5 ratings,$16
EEFT,$65.43,1440169876922,"93,882",100% bearish,of 1 rating,$67.50
CLWT,NULL,1440169876992,0,100% bearish,of 1 rating,N/A
ESEA,$6,1440169877081,406,100% bullish,of 1 rating,$15
EVEP,$7.25,1440169877255,"120,681",50% bullish,of 2 ratings,$15
EVK,$3.6718,1440169877291,201,75% bearish,of 4 ratings,N/A
EVLV,$2.16,1440169877323,"25,903",60% bullish,of 5 ratings,$6.50
EXA,$10.68,1440169877425,700,100% bearish,of 1 rating,$13
EVOL,$6.003,1440169877574,"2,212",75% bullish,of 4 ratings,$10
EXAC,$18.99,1440169877596,"17,509",100% bearish,of 1 rating,$22.50
EVOK,$4.2501,1440169877625,"37,309",100% bearish,of 1 rating,$13.375
EXAS,$19.95,1440169877678,"564,805",78% bullish,of 9 ratings,$31
EXEL,$4.96,1440169877810,"2,024,986",81% bullish,of 16 ratings,$6
EXFO,$2.9,1440169877880,"1,100",67% bearish,of 3 ratings,$3.95
EXLS,$36.585,1440169877905,"30,695",100% bullish,of 1 rating,$41
EXPE,$116.45,1440169878089,"277,098",64% bullish,of 11 ratings,$130
EXPO,$42.64,1440169878128,"42,053",100% bearish,of 1 rating,$45.50
EXPD,$48.7,1440169878338,"344,153",80% bullish,of 5 ratings,$51.50
ESRX,$86.6,1440169878391,"1,169,404",67% bearish,of 6 ratings,$101
EYEGW,$1.34,1440169878593,600,Not yet rated,NULL,N/A
EXLP,$18.8,1440169878620,"26,712",100% bearish,of 1 rating,$27
EZCH,$21.585,1440169878648,"28,651",75% bullish,of 8 ratings,$19.50
EYEG,$4.1501,1440169878698,"6,105",Not yet rated,NULL,N/A
FFIV,$124.46,1440169878857,"177,964",63% bullish,of 8 ratings,$132
EXTR,$2.9,1440169878888,"298,765",80% bullish,of 5 ratings,$3
FB,$86.92,1440169878918,"16,003,627",73% bullish,of 1065 ratings,$111
EZPW,$6.01,1440169879051,"63,697",50% bullish,of 4 ratings,$7.50
FRP,$17,1440169879107,"22,245",100% bearish,of 1 rating,$18
FCS,$13.24,1440169879160,"360,692",67% bearish,of 3 ratings,$17
FALC,$1.6537,1440169879297,663,63% bearish,of 8 ratings,N/A
FWM,$2.194,1440169879323,"67,488",100% bearish,of 2 ratings,$3.20
FARM,$22.3,1440169879458,"6,930",100% bearish,of 1 rating,$35
DAVE,$13.9213,1440169879538,"8,839",100% bearish,of 1 rating,$15.50
FMNB,$8.03,1440169879563,100,Not yet rated,NULL,N/A
FARO,$38.11,1440169879730,"36,798",50% bullish,of 2 ratings,$48
FFKT,$26.63,1440169879763,"6,070",Not yet rated,NULL,$29
FATE,$5.77,1440169879793,"23,161",50% bullish,of 2 ratings,$11
FDML,$8.99,1440169879935,"82,656",50% bullish,of 4 ratings,$14
FBSS,NULL,1440169879963,0,Not yet rated,NULL,N/A
FBRC,$22.38,1440169879995,"1,000",100% bearish,of 1 rating,$29
FNHC,$22.02,1440169880097,"32,966",100% bearish,of 1 rating,$35
FAST,$39.45,1440169880131,"979,249",80% bullish,of 5 ratings,$46
FEIC,$78.3,1440169880233,"138,235",50% bullish,of 2 ratings,$95.50
FHCO,$1.4199,1440169880293,"11,204",50% bullish,of 4 ratings,N/A
FENX,$9.62,1440169880512,"21,018",100% bullish,of 1 rating,$14.25
FCSC,$5.51,1440169880562,"88,513",100% bearish,of 1 rating,$8.125
FGEN,$22.53,1440169880649,"193,478",100% bearish,of 1 rating,$39
ONEQ,$188.0001,1440169880725,"18,756",100% bullish,of 1 rating,N/A
FDUS,$14.5643,1440169880752,"21,804",100% bullish,of 1 rating,$18
FRGI,$52.5575,1440169880774,"48,677",50% bullish,of 2 ratings,$70
LION,$19.06,1440169880825,"54,558",100% bullish,of 1 rating,$20
FITB,$20.035,1440169881039,"2,040,746",54% bullish,of 13 ratings,$22
FSAM,$8.75,1440169881068,"3,912",100% bearish,of 1 rating,$11
FSFR,$8.8,1440169881205,"26,653",100% bearish,of 1 rating,$11.50
FSC,$6.42,1440169881454,"271,592",75% bullish,of 4 ratings,$8
FITBI,$27.75,1440169881551,525,Not yet rated,NULL,N/A
FSCFL,$24.74,1440169881621,"2,564",Not yet rated,NULL,N/A
FNGN,$32.93,1440169881686,"155,144",67% bullish,of 3 ratings,$47
FNSR,$15.54,1440169881756,"426,489",71% bullish,of 7 ratings,$24.50
FNJN,$1.6421,1440169881819,"4,281",100% bearish,of 1 rating,$5
FNTC,NULL,1440169881845,0,Not yet rated,NULL,N/A
FISI,$24.73,1440169881974,"26,965",100% bullish,of 2 ratings,$24.50
FEYE,$37.1601,1440169882144,"2,634,503",87% bullish,of 15 ratings,$55.50
FNTCW,NULL,1440169882175,0,Not yet rated,NULL,N/A
FBNC,$16.88,1440169882237,"26,660",100% bullish,of 1 rating,$20
FNLC,$18.25,1440169882271,"6,992",100% bullish,of 1 rating,N/A
FNTCU,NULL,1440169882363,0,Not yet rated,NULL,N/A
FRBA,$6.06,1440169882463,181,Not yet rated,NULL,$8
BUSE,$6.29,1440169882514,"110,159",Not yet rated,NULL,$6.875
FBIZ,$44,1440169882803,"8,381",100% bearish,of 2 ratings,$52
FCAP,NULL,1440169882830,0,Not yet rated,NULL,N/A
FCVA,NULL,1440169882854,0,Not yet rated,NULL,N/A
FCFS,$37.95,1440169882908,"31,426",100% bearish,of 2 ratings,$48
FCCO,NULL,1440169883213,0,Not yet rated,NULL,$13.25
FCLF,NULL,1440169883239,0,Not yet rated,NULL,N/A
FCNCA,$240.52,1440169883293,"11,754",Not yet rated,NULL,N/A
FCBC,$17.63,1440169883437,"23,544",Not yet rated,NULL,$18
FCFP,$6.9,1440169883613,"1,000",Not yet rated,NULL,N/A
FDEF,$37.86,1440169883796,"19,959",Not yet rated,NULL,$38
FBNK,$16.65,1440169884026,"32,239",100% bearish,of 1 rating,$17.50
FFBCW,NULL,1440169884051,0,100% bearish,of 1 rating,N/A
FFNW,$12.33,1440169884229,"5,000",Not yet rated,NULL,$14
THFF,$33.01,1440169884257,"16,168",Not yet rated,NULL,$35
FFBC,$18.72,1440169884409,"82,143",67% bearish,of 3 ratings,$20.25
FFNM,$6.2001,1440169884443,"2,872",Not yet rated,NULL,N/A
INBK,$31.66,1440169884493,"7,568",50% bullish,of 2 ratings,$37
FFIN,$30.81,1440169884542,"135,886",50% bullish,of 2 ratings,$31.75
FFWM,$21.31,1440169884572,"6,308",Not yet rated,NULL,$24
FIBK,$26.98,1440169884708,"34,896",Not yet rated,NULL,$32
FRME,$25.095,1440169884785,"78,782",Not yet rated,NULL,$26.50
FMBH,NULL,1440169884891,0,Not yet rated,NULL,N/A
FMBI,$17.72,1440169885022,"134,732",Not yet rated,NULL,$20
FSFG,NULL,1440169885347,0,Not yet rated,NULL,N/A
FSGI,$2.49,1440169885379,200,Not yet rated,NULL,N/A
FNBC,$34.07,1440169885514,"37,004",Not yet rated,NULL,$41.50
FSLR,$46.6,1440169885551,"539,933",74% bullish,of 39 ratings,$65
FNFG,$9.185,1440169885587,"470,015",80% bullish,of 5 ratings,$9
FNWB,$12.09,1440169885647,"2,210",Not yet rated,NULL,N/A
FSBK,$7.73,1440169885814,200,100% bullish,of 1 rating,N/A
FBZ,NULL,1440169885945,0,Not yet rated,NULL,N/A
BICK,$19.6,1440169886222,"1,198",100% bullish,of 1 rating,N/A
FTCS,$37.24,1440169886366,"8,895",Not yet rated,NULL,N/A
FV,$23.3438,1440169886392,"1,141,460",Not yet rated,NULL,N/A
FCA,$20.2754,1440169886419,"2,187",Not yet rated,NULL,N/A
FCAN,$24.47,1440169886556,22,Not yet rated,NULL,N/A
IFV,$17.88,1440169886761,"901,115",100% bearish,of 1 rating,N/A
FEMB,NULL,1440169886809,0,Not yet rated,NULL,N/A
FEUZ,$31.25,1440169886968,"1,790",Not yet rated,NULL,N/A
FTSM,$59.905,1440169887005,"4,363",100% bearish,of 1 rating,N/A
TDIV,$24.8743,1440169887033,"198,650",100% bearish,of 1 rating,N/A
FGM,$35.3692,1440169887062,"13,774",Not yet rated,NULL,N/A
MDIV,$19.3343,1440169887274,"129,621",Not yet rated,NULL,N/A
FTGC,$22.1794,1440169887316,"101,285",Not yet rated,NULL,N/A
FTHI,$19.76,1440169887373,"5,399",Not yet rated,NULL,N/A
HYLS,$49.4348,1440169887420,"17,917",100% bearish,of 1 rating,N/A
FHK,$33.33,1440169887553,"33,024",Not yet rated,NULL,N/A
FPXI,NULL,1440169887797,0,Not yet rated,NULL,N/A
FMB,NULL,1440169888021,0,Not yet rated,NULL,N/A
CU,$12.77,1440169888073,"5,855",100% bearish,of 1 rating,N/A
SKYY,$29.0927,1440169888105,"34,676",100% bullish,of 1 rating,N/A
FTLB,$19.58,1440169888131,843,100% bearish,of 1 rating,N/A
FJP,$47.266,1440169888296,"17,105",Not yet rated,NULL,N/A
QABA,$37.75,1440169888349,"26,758",100% bearish,of 1 rating,N/A
YDIV,$16.66,1440169888375,"1,892",Not yet rated,NULL,N/A
PLTM,NULL,1440169888442,0,100% bearish,of 1 rating,N/A
LMBS,$50.41,1440169888550,900,Not yet rated,NULL,N/A
CIBR,$18.12,1440169888586,"59,783",Not yet rated,NULL,N/A
FONE,$34.89,1440169888718,600,Not yet rated,NULL,N/A
QCLN,$14.6701,1440169888743,"5,346",Not yet rated,NULL,N/A
CARZ,$35.1,1440169888910,"1,646",100% bearish,of 1 rating,N/A
RDVY,$21.63,1440169888969,"58,418",Not yet rated,NULL,N/A
QTEC,$39.85,1440169889102,"123,983",Not yet rated,NULL,N/A
GRID,$33.62,1440169889132,24,100% bearish,of 1 rating,N/A
QQXT,$40.8134,1440169889164,"7,254",Not yet rated,NULL,N/A
QINC,$20.94,1440169889190,"1,500",Not yet rated,NULL,N/A
QQEW,$41.8001,1440169889269,"39,913",Not yet rated,NULL,N/A
AIRR,$16.23,1440169889294,"1,555",100% bearish,of 1 rating,N/A
FKO,$22.07,1440169889820,"2,500",Not yet rated,NULL,N/A
FDIV,$47.53,1440169889850,"4,648",100% bearish,of 1 rating,N/A
FSZ,$39.3691,1440169889917,"10,408",Not yet rated,NULL,N/A
FTSL,$48.8299,1440169889947,"13,281",100% bearish,of 1 rating,N/A
FKU,$42.1292,1440169890124,"14,498",Not yet rated,NULL,N/A
FTW,NULL,1440169890167,0,Not yet rated,NULL,N/A
TUSA,NULL,1440169890251,0,Not yet rated,NULL,N/A
FUNC,$8.23,1440169890278,200,Not yet rated,NULL,N/A
FMER,$17.54,1440169890522,"483,084",50% bullish,of 2 ratings,$20
FISV,$86.83,1440169890549,"295,985",100% bearish,of 3 ratings,$90
SVVC,$10.4485,1440169890581,"20,558",100% bullish,of 1 rating,$26
FIVE,$35.27,1440169890610,"152,527",75% bearish,of 4 ratings,$44
FSV,$32.25,1440169890632,"7,500",Not yet rated,NULL,$33.60
FPRX,$17.85,1440169890678,"124,259",50% bullish,of 2 ratings,$35
FIVN,$4.04,1440169890764,"81,778",100% bullish,of 1 rating,$8.50
FLML,$20.88,1440169891051,"55,186",50% bullish,of 2 ratings,$30
SKOR,$50.348,1440169891076,500,Not yet rated,NULL,N/A
FLXN,$23.695,1440169891104,"39,690",100% bearish,of 1 rating,$40
FLKS,$13.31,1440169891137,"29,035",50% bullish,of 2 ratings,$27
MBSD,NULL,1440169891237,0,Not yet rated,NULL,N/A
FLXS,$31.15,1440169891263,"13,617",100% bearish,of 2 ratings,N/A
FLIR,$29.24,1440169891406,"172,569",100% bearish,of 1 rating,$38.50
FLEX,$10.48,1440169891489,"490,383",63% bullish,of 8 ratings,$12
FOMX,$9.621,1440169891557,"47,539",50% bullish,of 2 ratings,$23.50
FLDM,$12.36,1440169891694,"219,802",67% bearish,of 3 ratings,$21.50
FFIC,$20.15,1440169891721,"22,043",Not yet rated,NULL,$21
FONR,$9.615,1440169891885,"7,601",100% bullish,of 1 rating,N/A
FOGO,$18.7,1440169891945,"11,410",50% bullish,of 2 ratings,$25.50
FES,NULL,1440169891972,0,50% bullish,of 2 ratings,$1
FORM,$6.01,1440169892121,"105,754",67% bullish,of 3 ratings,$10.50
FORR,$32.24,1440169892185,"20,318",Not yet rated,NULL,N/A
FORTY,$32.07,1440169892212,488,Not yet rated,NULL,N/A
FBIO,$2.5801,1440169892241,"52,234",83% bullish,of 6 ratings,N/A
FTNT,$43.295,1440169892629,"519,731",80% bullish,of 10 ratings,$52
FWRD,$46.78,1440169892657,"93,974",100% bearish,of 1 rating,$50
FOSL,$59.66,1440169892889,"160,502",50% bullish,of 4 ratings,$80
FORD,$1.01,1440169892943,"19,234",50% bullish,of 2 ratings,N/A
FMI,$21.15,1440169892973,"153,286",100% bearish,of 2 ratings,$27.50
FXCB,$17.28,1440169893006,"11,312",Not yet rated,NULL,$19
FWP,$24.82,1440169893109,"4,690",100% bearish,of 1 rating,$45
FOXF,$15.27,1440169893134,"34,073",100% bearish,of 1 rating,$19
FRAN,$10.22,1440169893339,"112,386",50% bullish,of 4 ratings,$15
FRED,$14.491,1440169893372,"86,237",50% bullish,of 2 ratings,$16.50
FELE,$29.0075,1440169893402,"101,761",50% bullish,of 4 ratings,$33
FREE,$0.4399,1440169893469,"652,699",92% bullish,of 12 ratings,N/A
RAIL,$20.3099,1440169893553,"32,977",100% bearish,of 1 rating,$24.50
FTR,$5.195,1440169893627,"4,943,395",78% bullish,of 27 ratings,$6.25
FRPT,$12.97,1440169893709,"104,785",67% bearish,of 3 ratings,$23.50
FEIM,$11.46,1440169893734,200,100% bearish,of 1 rating,N/A
FRPH,$30.52,1440169893877,"8,406",100% bearish,of 1 rating,N/A
FTRPR,$102.68,1440169894019,"17,532",100% bearish,of 1 rating,N/A
FSBW,$23.2556,1440169894119,"1,300",Not yet rated,NULL,N/A
FSYS,$6.35,1440169894154,"10,887",67% bullish,of 3 ratings,$10
FTEK,$2.18,1440169894193,"12,494",75% bullish,of 4 ratings,N/A
FTD,$29.78,1440169894223,"37,955",100% bearish,of 1 rating,$40
FCEL,$0.7311,1440169894257,"733,650",88% bullish,of 40 ratings,$2.65
FULL,$3.1801,1440169894355,"9,439",67% bearish,of 3 ratings,$4.25
FLL,$1.4899,1440169894381,"7,300",75% bullish,of 4 ratings,$2.825
FULT,$12.385,1440169894616,"446,569",100% bearish,of 1 rating,$13
FSNN,$2.5,1440169894785,100,67% bullish,of 3 ratings,$6
FFHL,NULL,1440169894822,0,50% bullish,of 4 ratings,N/A
FULLL,$25.4,1440169894852,800,Not yet rated,NULL,N/A
FXEN,$0.93,1440169894951,"27,085",75% bullish,of 4 ratings,$1.10
FXENP,$16.3,1440169894979,100,100% bearish,of 1 rating,N/A
GK,$69.4,1440169895021,"28,712",Not yet rated,NULL,$78
WILC,$5.13,1440169895049,375,100% bullish,of 2 ratings,N/A
GLPG,$61.88,1440169895301,"11,693",100% bullish,of 1 rating,$75
GALTU,NULL,1440169895335,0,100% bearish,of 1 rating,N/A
GALT,$1.9,1440169895404,"23,156",80% bullish,of 5 ratings,N/A
GALTW,NULL,1440169895439,0,100% bullish,of 1 rating,N/A
GAIA,$5.93,1440169895538,"12,388",50% bullish,of 2 ratings,$8.50
GLMD,$8.5,1440169895566,"3,582",67% bullish,of 3 ratings,$20.50
GALE,$1.3001,1440169895591,"756,043",89% bullish,of 47 ratings,$4
GLPI,$32.22,1440169895884,"137,428",100% bearish,of 1 rating,$37.50
GPIC,NULL,1440169895967,0,100% bearish,of 1 rating,N/A
GGACR,NULL,1440169896015,0,100% bullish,of 1 rating,N/A
GRMN,$38.6325,1440169896047,"378,993",50% bullish,of 6 ratings,$48
GGAC,NULL,1440169896110,0,100% bearish,of 1 rating,N/A
GGACU,NULL,1440169896193,0,Not yet rated,NULL,N/A
GENC,$9.44,1440169896254,800,100% bearish,of 1 rating,N/A
GARS,$14.84,1440169896350,"9,303",Not yet rated,NULL,$16
GGACW,$0.12,1440169896423,274,Not yet rated,NULL,N/A
GNCMA,$16.6489,1440169896457,"60,735",100% bearish,of 1 rating,$12
GFNCP,NULL,1440169896555,0,Not yet rated,NULL,N/A
GFN,$3.71,1440169896591,"17,449",100% bearish,of 2 ratings,$8
GFNSL,$25.3001,1440169896621,200,Not yet rated,NULL,N/A
GENE,$2.28,1440169896692,"78,376",100% bullish,of 12 ratings,N/A
GNMK,$9.0101,1440169896718,"101,725",67% bullish,of 6 ratings,$14
GNCA,$12.21,1440169896957,"72,864",100% bearish,of 1 rating,$20
GHDX,$24.51,1440169897063,"35,271",50% bullish,of 2 ratings,$30
THRM,$43.875,1440169897091,"94,940",75% bearish,of 4 ratings,$55.50
GNTX,$15.19,1440169897117,"376,076",Not yet rated,NULL,$20
GNVC,$2.41,1440169897158,"2,920",90% bullish,of 10 ratings,$8.50
GEOS,$14.8984,1440169897310,"27,739",100% bearish,of 3 ratings,$25.50
GTWN,NULL,1440169897511,0,Not yet rated,NULL,N/A
ROCK,$17.5,1440169897545,"75,110",80% bullish,of 5 ratings,$24
GERN,$3.01,1440169897643,"883,559",88% bullish,of 16 ratings,$5.25
GEVO,$2.27,1440169897672,"122,431",75% bullish,of 12 ratings,$5
GIII,$64.31,1440169897704,"94,967",67% bullish,of 3 ratings,$75
GIGM,$0.6204,1440169897726,"11,900",100% bullish,of 2 ratings,N/A
GABC,$29.5,1440169897759,"17,725",Not yet rated,NULL,$31.50
GIGA,$1.49,1440169898019,"2,713",100% bearish,of 1 rating,N/A
GILT,$4.46,1440169898589,"1,410",50% bullish,of 2 ratings,N/A
GILD,$109.0225,1440169898615,"4,201,182",91% bullish,of 86 ratings,$129
GLAD,$8.56,1440169898761,"75,696",50% bullish,of 2 ratings,$8.75
GOOD,$15.35,1440169898901,"48,248",Not yet rated,NULL,$19
GBCI,$26.18,1440169898966,"119,144",50% bullish,of 2 ratings,$31
GOODO,$25.1001,1440169899037,601,Not yet rated,NULL,N/A
GLADO,$25.49,1440169899181,"1,500",Not yet rated,NULL,N/A
GAINO,$25.3,1440169899211,700,Not yet rated,NULL,N/A
GOODN,$25.64,1440169899265,286,Not yet rated,NULL,N/A
GAINN,NULL,1440169899313,0,Not yet rated,NULL,N/A
GAIN,$7.605,1440169899487,"78,975",100% bullish,of 2 ratings,$8.25
GOODP,NULL,1440169899593,0,Not yet rated,NULL,N/A
GAINP,$26.0375,1440169899659,850,Not yet rated,NULL,N/A
LAND,$9.515,1440169899691,"3,400",50% bullish,of 2 ratings,$13.75
GLBZ,NULL,1440169899712,0,Not yet rated,NULL,N/A
GBT,$44.66,1440169899791,"129,158",100% bearish,of 1 rating,N/A
ENT,$11.485,1440169900109,"85,511",100% bearish,of 1 rating,$18
GPACU,NULL,1440169900134,0,Not yet rated,NULL,N/A
GDEF,NULL,1440169900167,0,Not yet rated,NULL,N/A
GBLI,$26.25,1440169900194,"6,074",Not yet rated,NULL,N/A
SRET,$13.794,1440169900272,"1,774",Not yet rated,NULL,N/A
ACTX,$13.53,1440169900357,400,100% bullish,of 1 rating,N/A
SOCL,$17.3425,1440169900418,"52,395",100% bullish,of 2 ratings,N/A
GSOL,$8.33,1440169900562,"2,436",100% bearish,of 1 rating,N/A
ALTY,NULL,1440169900592,0,Not yet rated,NULL,N/A
GAI,$5.37,1440169900624,"1,260",50% bullish,of 2 ratings,N/A
QQQC,$19.6055,1440169900650,"3,350",100% bearish,of 1 rating,N/A
GSM,$13.01,1440169900729,"123,395",50% bullish,of 2 ratings,$24.50
GLBS,$1.16,1440169900868,100,67% bullish,of 3 ratings,N/A
YLCO,$11.8536,1440169900898,134,Not yet rated,NULL,N/A
GBIM,$2.231,1440169900969,"10,385",50% bullish,of 2 ratings,N/A
GLRI,$1.26,1440169901137,"39,805",100% bearish,of 1 rating,$6
GLYC,$7.1598,1440169901275,"3,450",50% bullish,of 2 ratings,$14
GLUU,$4.33,1440169901297,"1,095,600",92% bullish,of 26 ratings,$9
GOGO,$15.47,1440169901379,"195,844",80% bullish,of 5 ratings,$25
GOGL,$3.01,1440169901433,"200,706",75% bullish,of 4 ratings,$5
GMLP,$19.45,1440169901568,"39,192",50% bullish,of 4 ratings,$32.50
GLDC,NULL,1440169901598,0,50% bullish,of 2 ratings,N/A
GDEN,$8.9099,1440169901653,"4,365",50% bullish,of 2 ratings,N/A
GOOG,$629.53,1440169901859,"756,309",89% bullish,of 66 ratings,$825
GTIM,$6.088,1440169901895,"35,907",Not yet rated,NULL,$11.50
GBDC,$16.51,1440169901962,"35,938",Not yet rated,NULL,$17.75
GLNG,$35.82,1440169901988,"172,577",83% bullish,of 6 ratings,$58
GOOGL,$662.53,1440169902014,"734,777",88% bullish,of 1079 ratings,$749
GPRO,$48.92,1440169902159,"2,375,677",78% bullish,of 58 ratings,$72
GPIAW,NULL,1440169902396,0,Not yet rated,NULL,N/A
GPIA,NULL,1440169902469,0,Not yet rated,NULL,N/A
GBSN,$1.4996,1440169902504,"238,332",100% bearish,of 1 rating,$8.25
GPIAU,NULL,1440169902558,0,Not yet rated,NULL,N/A
GMAN,$4.46,1440169902587,"31,434",60% bullish,of 5 ratings,$8
LOPE,$36.545,1440169902610,"107,029",100% bearish,of 2 ratings,$50
GRVY,$3.6,1440169902642,700,50% bullish,of 2 ratings,N/A
GBSNU,$16.6,1440169902791,"5,801",Not yet rated,NULL,N/A
GNBC,$12.18,1440169903045,"8,512",100% bearish,of 1 rating,$17
GSBC,$40.42,1440169903071,"16,532",100% bullish,of 1 rating,$44
GLDD,$5.405,1440169903102,"123,375",100% bearish,of 4 ratings,$7.75
GPP,$14.75,1440169903206,"17,042",Not yet rated,NULL,$20.50
GRBK,$13.14,1440169903273,"76,841",77% bullish,of 13 ratings,N/A
GPRE,$19.04,1440169903306,"277,940",67% bullish,of 6 ratings,$28.50
GCBC,NULL,1440169903411,0,100% bullish,of 1 rating,N/A
GLRE,$24.87,1440169903441,"82,217",50% bullish,of 2 ratings,$41
GRPN,$4.085,1440169903467,"2,216,567",61% bullish,of 71 ratings,$6.75
GRIF,$31.092,1440169903495,130,100% bearish,of 1 rating,N/A
OMAB,$40.15,1440169903706,"8,658",100% bullish,of 1 rating,$44
GRFS,$30.98,1440169903740,"77,218",50% bullish,of 2 ratings,$35
GGAL,$17.97,1440169903768,"90,658",80% bullish,of 5 ratings,$40
GSIG,$13.02,1440169903849,"27,105",100% bearish,of 2 ratings,N/A
GSIT,$4.9011,1440169903911,"7,284",100% bearish,of 1 rating,N/A
GSVC,$8.83,1440169904232,"64,487",50% bullish,of 2 ratings,$14.50
GBNK,$15.81,1440169904258,"19,684",100% bearish,of 1 rating,$18
GTXI,$0.905,1440169904315,"5,920",100% bullish,of 5 ratings,$.75
GULTU,$0.3,1440169904387,"31,494",100% bearish,of 1 rating,N/A
GFED,NULL,1440169904414,0,Not yet rated,NULL,$17
GIFI,$12.09,1440169904579,"6,878",100% bearish,of 1 rating,$16
GUID,$7.12,1440169904640,"98,399",100% bearish,of 3 ratings,$10
GWPH,$103.8,1440169904675,"87,209",78% bullish,of 9 ratings,$148.50
GWGH,NULL,1440169904803,0,100% bearish,of 1 rating,$15.05
GURE,$1.7201,1440169904830,"15,447",88% bullish,of 8 ratings,N/A
GPOR,$33.27,1440169904907,"139,094",75% bullish,of 4 ratings,$55
HEES,$16.3,1440169905039,"106,546",67% bearish,of 3 ratings,$31
GYRO,$2.87,1440169905187,"25,804",100% bearish,of 1 rating,N/A
HLG,$9.69,1440169905349,"2,800",100% bearish,of 1 rating,N/A
HMPR,$1.89,1440169905419,"48,841",100% bullish,of 1 rating,N/A
HALO,$16.87,1440169905451,"499,383",67% bullish,of 3 ratings,$22.50
HALL,$11.51,1440169905556,"18,602",Not yet rated,NULL,N/A
HNRG,$7.295,1440169905614,"39,839",100% bearish,of 1 rating,$10
HBK,NULL,1440169905686,0,50% bullish,of 2 ratings,N/A
HBHCL,$24.521,1440169906082,"6,553",Not yet rated,NULL,N/A
HBHC,$27.08,1440169906167,"187,991",50% bullish,of 2 ratings,$30
HNH,$28.48,1440169906239,"9,137",100% bullish,of 1 rating,N/A
HAFC,$24.39,1440169906272,"26,422",100% bullish,of 2 ratings,$28.50
HNSN,$0.5097,1440169906305,"4,876",88% bullish,of 8 ratings,$.40
HDNG,$9.99,1440169906371,"1,330",50% bullish,of 4 ratings,N/A
HQCL,$8.99,1440169906401,"6,803",67% bullish,of 3 ratings,N/A
HLIT,$5.53,1440169906875,"132,057",100% bearish,of 1 rating,$6.50
HART,$0.6502,1440169907472,"7,834",100% bearish,of 1 rating,N/A
HRMNW,NULL,1440169907497,0,Not yet rated,NULL,N/A
HRMNU,NULL,1440169907523,0,Not yet rated,NULL,N/A
TINY,$2.51,1440169907667,"7,735",50% bullish,of 2 ratings,$5.26
HRMN,NULL,1440169907726,0,Not yet rated,NULL,N/A
HBIO,$4.36,1440169907810,"53,630",Not yet rated,NULL,$10
HAS,$75.81,1440169907952,"278,460",63% bullish,of 8 ratings,$84.50
HA,$23.7155,1440169907980,"259,849",67% bullish,of 9 ratings,$27
HCOM,$22.64,1440169908039,"18,098",100% bearish,of 1 rating,$28
HWBK,NULL,1440169908121,0,100% bearish,of 1 rating,N/A
HCAP,$12.21,1440169908294,"12,999",50% bullish,of 2 ratings,$15
HCAPL,NULL,1440169908441,0,Not yet rated,NULL,N/A
HAYN,$37.9,1440169908468,"17,990",100% bearish,of 1 rating,$59
HDS,$33.23,1440169908518,"470,487",100% bearish,of 2 ratings,$39.50
HWKN,$36.67,1440169908545,"13,424",Not yet rated,NULL,N/A
HIIQ,$4.6,1440169908602,"19,658",50% bullish,of 2 ratings,$7
HQY,$29.2,1440169908630,"147,953",67% bullish,of 3 ratings,$31
HCSG,$33.54,1440169908676,"152,773",50% bullish,of 4 ratings,$35
HSTM,$24.72,1440169908923,"51,272",50% bullish,of 2 ratings,$33.75
HWAY,$12.31,1440169908974,"80,422",100% bearish,of 1 rating,$15
HTLD,$19.8,1440169909023,"104,955",Not yet rated,NULL,$22.50
HTLF,$35.91,1440169909164,"27,165",100% bullish,of 1 rating,$39.50
HTWR,$81.88,1440169909190,"91,606",50% bullish,of 2 ratings,$103
HTBX,$5.3,1440169909227,"15,616",50% bullish,of 2 ratings,$15.50
HSII,$20,1440169909371,"33,640",100% bullish,of 3 ratings,$25
HMTV,$12.71,1440169909432,"7,376",100% bearish,of 1 rating,$16
HELE,$87.95,1440169909567,"60,970",67% bearish,of 3 ratings,$100
HMNY,$2.2701,1440169909599,"1,928",100% bearish,of 1 rating,N/A
HERO,$0.0696,1440169909626,"218,758",81% bullish,of 16 ratings,$.75
HNNA,$24.3896,1440169909655,"6,051",Not yet rated,NULL,N/A
HSIC,$139.86,1440169909698,"115,668",83% bullish,of 6 ratings,$146
HCACU,$10.0043,1440169909794,"2,000",Not yet rated,NULL,N/A
HFWA,$17.7,1440169909897,"39,683",100% bullish,of 1 rating,$20
HTBK,$10.7604,1440169909958,"50,674",Not yet rated,NULL,$12
HEOP,$7.79,1440169910187,"16,224",Not yet rated,NULL,$8.50
HCCI,$11.83,1440169910213,"13,630",100% bearish,of 1 rating,$16.50
HFFC,$16.2,1440169910392,832,Not yet rated,NULL,N/A
MLHR,$28.23,1440169910420,"108,882",50% bullish,of 2 ratings,$33.50
HPJ,$2.2228,1440169910445,"69,439",75% bullish,of 4 ratings,$12.43
HRTX,$33,1440169910478,"171,126",67% bullish,of 6 ratings,$41
HIHO,$3.95,1440169910502,"6,222",Not yet rated,NULL,N/A
HIMX,$6.29,1440169910532,"307,858",86% bullish,of 21 ratings,$8.50
HIFS,$118.59,1440169910663,"1,569",Not yet rated,NULL,N/A
HSKA,$32.855,1440169910755,"17,440",100% bearish,of 1 rating,$38
HSGX,$5.99,1440169910862,"20,000",100% bearish,of 1 rating,$17
HIBB,$38.5211,1440169910893,"462,507",100% bearish,of 1 rating,$48.50
HMNF,$11.1,1440169910919,"2,410",Not yet rated,NULL,N/A
HMSY,$8.85,1440169910991,"392,121",67% bullish,of 3 ratings,$19.35
HOLX,$40.115,1440169911134,"266,498",67% bullish,of 3 ratings,$42
HOLI,$17.12,1440169911206,"64,809",50% bullish,of 4 ratings,$27
HOMB,$38.5,1440169911303,"144,986",Not yet rated,NULL,$41
AWAY,$29.45,1440169911331,"136,474",67% bullish,of 3 ratings,$36
HFBL,NULL,1440169911362,0,Not yet rated,NULL,N/A
HBCP,$24.5,1440169911383,"22,702",Not yet rated,NULL,$29
HMIN,$29.21,1440169911518,"22,104",100% bearish,of 2 ratings,$35
HTBI,$18.4,1440169911544,"26,476",67% bullish,of 3 ratings,$18.625
HKTV,$4.8,1440169911676,811,100% bearish,of 1 rating,N/A
HMST,$21.12,1440169911702,"40,921",100% bullish,of 2 ratings,$27
HOFT,$24.5,1440169911835,"28,541",100% bearish,of 1 rating,N/A
CETC,$0.8147,1440169911887,"19,307",86% bullish,of 7 ratings,N/A
HFBC,$11.62,1440169911913,"1,920",Not yet rated,NULL,N/A
HBNC,$24.31,1440169911964,"19,189",100% bullish,of 1 rating,$27
ZINC,$7.15,1440169912106,"216,817",100% bearish,of 1 rating,$17
HOVNP,NULL,1440169912263,0,100% bearish,of 1 rating,N/A
HDP,$24.985,1440169912293,"60,789",67% bearish,of 3 ratings,$30.50
HZNP,$28.76,1440169912330,"957,819",85% bullish,of 20 ratings,$40
HRZN,$10.7,1440169912425,"15,813",100% bearish,of 1 rating,$14.25
HWCC,$7.16,1440169912453,"20,719",100% bearish,of 1 rating,$9
HMHC,$22.13,1440169912475,"264,817",Not yet rated,NULL,$27
HBMD,$13.46,1440169912505,300,100% bearish,of 1 rating,N/A
HSNI,$61.315,1440169912707,"100,544",Not yet rated,NULL,$80
HCBK,$9.74,1440169912897,"767,640",83% bullish,of 6 ratings,$8.61
HTGM,$5.81,1440169912926,"3,502",100% bearish,of 1 rating,$19.50
HUBG,$39.17,1440169913030,"70,539",100% bearish,of 1 rating,$43
HSON,$2.8011,1440169913101,"2,649",100% bearish,of 1 rating,$5
HDSN,$2.82,1440169913276,"13,908",100% bullish,of 1 rating,$6.25
HBP,NULL,1440169913304,0,100% bullish,of 1 rating,N/A
HTCH,$1.61,1440169913337,"11,324",100% bearish,of 1 rating,$3.50
HBAN,$11.1,1440169913368,"2,339,656",76% bullish,of 17 ratings,$12.29
HBANP,$1335,1440169913442,10,100% bearish,of 1 rating,N/A
HURC,$29.95,1440169913463,"7,269",100% bearish,of 1 rating,N/A
HURN,$73.69,1440169913500,"44,890",50% bullish,of 2 ratings,$80
HDRA,NULL,1440169913592,0,Not yet rated,NULL,N/A
HDRAU,NULL,1440169913725,0,Not yet rated,NULL,N/A
HDRAW,NULL,1440169913753,0,Not yet rated,NULL,N/A
HDRAR,NULL,1440169913779,0,Not yet rated,NULL,N/A
HYGS,$7.54,1440169913966,"8,284",50% bullish,of 2 ratings,$13
IKGH,NULL,1440169914095,0,75% bullish,of 4 ratings,N/A
IDSY,$3.86,1440169914126,"1,786",100% bearish,of 1 rating,$7
IEP,$66.6997,1440169914176,"52,201",75% bullish,of 4 ratings,$99
ICAD,$3.507,1440169914204,"3,600",50% bullish,of 2 ratings,$7.25
IACI,$71.25,1440169914236,"220,251",75% bullish,of 4 ratings,$90
ICFI,$35.87,1440169914337,"39,670",50% bullish,of 2 ratings,$48.50
IBKC,$60.73,1440169914369,"79,850",100% bullish,of 1 rating,$70
ICON,$12.19,1440169914399,"167,808",50% bullish,of 2 ratings,$18.50
ICLR,$77.16,1440169914528,"77,091",100% bearish,of 3 ratings,$85
IPWR,NULL,1440169914620,0,100% bullish,of 1 rating,$15
ICUI,$116.24,1440169914684,"36,748",Not yet rated,NULL,$122
INVE,$4.2401,1440169914769,"60,670",75% bullish,of 4 ratings,$4
IDXX,$74.7487,1440169914901,"114,500",100% bearish,of 1 rating,$77
DSKY,$12.1509,1440169914939,"59,916",67% bullish,of 6 ratings,$11.50
IDRA,$2.41,1440169914981,"489,135",89% bullish,of 9 ratings,$6.50
IROQ,$16.5,1440169915081,100,100% bullish,of 1 rating,N/A
IIVI,$17.3929,1440169915110,"83,139",100% bearish,of 1 rating,$22
KANG,$14.88,1440169915242,"46,587",50% bullish,of 2 ratings,$22.55
RXDX,$11.9994,1440169915271,"51,874",100% bullish,of 1 rating,$20
IRG,$4.665,1440169915301,"1,006",100% bearish,of 1 rating,$4.50
ILMN,$198.55,1440169915340,"293,802",80% bullish,of 5 ratings,$240
IKAN,$2.72,1440169915489,"13,759",83% bullish,of 6 ratings,$5
ISNS,$3.86,1440169915517,"26,636",50% bullish,of 2 ratings,N/A
IKNX,NULL,1440169915546,0,100% bearish,of 1 rating,N/A
ICCC,$8.152,1440169915778,"1,880",100% bullish,of 1 rating,N/A
IMDZ,$15.1,1440169915809,"27,731",100% bearish,of 1 rating,$33
IMMR,$10.83,1440169915831,"91,188",80% bullish,of 5 ratings,$15.50
IMGN,$12.9299,1440169915911,"444,130",75% bullish,of 4 ratings,$17.50
IMNP,$1.4,1440169916050,"30,875",50% bullish,of 2 ratings,$6
IMMY,$7.25,1440169916081,103,100% bearish,of 1 rating,$11
INCR,$42.4801,1440169916103,"82,902",50% bullish,of 2 ratings,$53
IPXL,$42.865,1440169916136,"232,051",67% bullish,of 3 ratings,$46.50
IMMU,$1.87,1440169916162,"383,043",86% bullish,of 7 ratings,$2
SAAS,$7.4,1440169916360,"140,522",50% bullish,of 2 ratings,$15
INCY,$104.38,1440169916463,"197,240",50% bullish,of 6 ratings,$125.50
IBCP,$14.04,1440169916489,"23,524",100% bullish,of 1 rating,$14.50
INDB,$46.39,1440169916620,"28,724",Not yet rated,NULL,$44
IBTX,$43.47,1440169916674,"21,912",100% bullish,of 2 ratings,$47.25
IDSA,$3.53,1440169916751,200,Not yet rated,NULL,N/A
INFI,$9.055,1440169916780,"210,119",50% bullish,of 4 ratings,$18
IPCC,$79.88,1440169916884,"11,781",Not yet rated,NULL,$77.50
IFON,$1.18,1440169916930,"30,843",75% bullish,of 4 ratings,N/A
INFN,$20.97,1440169916959,"917,631",71% bullish,of 7 ratings,$28
III,$4.205,1440169916989,"9,486",57% bullish,of 7 ratings,$6
INWK,$7.21,1440169917143,"60,276",50% bullish,of 2 ratings,$10
IMKTA,$53.66,1440169917170,"36,785",100% bearish,of 1 rating,N/A
INNL,NULL,1440169917197,0,100% bearish,of 1 rating,$16.50
INOD,$2.5,1440169917351,500,100% bearish,of 1 rating,N/A
IPHS,$47.54,1440169917398,"36,703",100% bearish,of 1 rating,$60
ITEK,$13.92,1440169917616,"188,405",100% bearish,of 3 ratings,$20
IOSP,$48.87,1440169917649,"248,936",100% bearish,of 1 rating,N/A
INO,$6.83,1440169917679,"436,302",89% bullish,of 18 ratings,$20
INGN,$48.255,1440169917709,"44,525",100% bearish,of 1 rating,$50.50
ISSC,$2.8501,1440169917782,"5,007",67% bearish,of 3 ratings,N/A
INOV,$20.89,1440169917840,"127,313",100% bearish,of 1 rating,$33
INSM,$24.261,1440169917937,"150,278",71% bullish,of 7 ratings,$31.50
ISIG,$2.57,1440169918035,202,100% bearish,of 1 rating,N/A
NSIT,$25.68,1440169918062,"69,086",50% bullish,of 2 ratings,N/A
IIIN,$17.6,1440169918095,"17,194",100% bearish,of 2 ratings,N/A
PODD,$28.73,1440169918194,"116,838",50% bullish,of 2 ratings,$35
INSY,$31.57,1440169918263,"213,552",75% bullish,of 4 ratings,$48
NTEC,$5.74,1440169918298,"3,000",Not yet rated,NULL,N/A
IESC,NULL,1440169918444,0,100% bearish,of 1 rating,N/A
IDTI,$17.44,1440169918473,"696,499",60% bullish,of 5 ratings,$25
IART,$60.25,1440169918502,"50,958",100% bearish,of 1 rating,$71.50
ISSI,$22.32,1440169918546,"83,515",67% bullish,of 3 ratings,$19.75
INTC,$27.236,1440169918634,"11,351,873",82% bullish,of 238 ratings,$36
IQNT,$19.18,1440169918678,"77,913",86% bullish,of 7 ratings,$20
IPCI,$2.14,1440169918782,"5,300",67% bullish,of 6 ratings,$7.75
ININ,$38.3,1440169918886,"31,474",67% bearish,of 3 ratings,$57
IPAR,$27,1440169918912,"19,187",67% bullish,of 3 ratings,$38
IBKR,$38.86,1440169919148,"171,273",100% bullish,of 1 rating,N/A
ICLD,$1.85,1440169919199,"217,106",75% bullish,of 4 ratings,N/A
ICPT,$190.3016,1440169919228,"143,588",70% bullish,of 10 ratings,$359.50
IDCC,$47.56,1440169919282,"95,781",80% bullish,of 5 ratings,$63
ICLDW,NULL,1440169919303,0,100% bearish,of 1 rating,N/A
TILE,$24.43,1440169919437,"162,390",67% bearish,of 3 ratings,$27
IBOC,$25.83,1440169919513,"92,398",100% bearish,of 1 rating,N/A
IMI,$1.95,1440169919715,39,67% bullish,of 3 ratings,$2.22
INAP,$8.31,1440169919786,"81,741",75% bullish,of 4 ratings,$11
ISCA,$31.73,1440169919855,"24,704",100% bearish,of 1 rating,N/A
IIJI,NULL,1440169919917,0,50% bullish,of 2 ratings,$11.50
PTNT,$2.98,1440169919945,150,Not yet rated,NULL,N/A
IGLD,$7.14,1440169919967,"1,100",50% bullish,of 2 ratings,N/A
INPH,$0.3,1440169920191,800,50% bullish,of 2 ratings,N/A
XENT,$27.17,1440169920286,"52,122",50% bullish,of 2 ratings,$36.50
ISIL,$10.235,1440169920349,"313,287",50% bullish,of 6 ratings,$15
IVAC,$4.93,1440169920376,700,Not yet rated,NULL,$6.625
INTX,$2.56,1440169920398,"12,066",67% bullish,of 3 ratings,N/A
INTL,$26.67,1440169920429,"36,380",67% bearish,of 3 ratings,N/A
IILG,$20.15,1440169920571,"95,616",100% bearish,of 1 rating,$30.50
INTLL,NULL,1440169920610,0,Not yet rated,NULL,N/A
ITCI,$28.21,1440169920702,"159,410",75% bearish,of 4 ratings,$40
INVT,$0.2889,1440169920972,"6,807",67% bullish,of 3 ratings,N/A
ISRG,$503.336,1440169921024,"54,478",67% bullish,of 3 ratings,$600
INTU,$89.95,1440169921074,"2,431,745",100% bullish,of 7 ratings,$110.50
IIN,$6.4,1440169921117,"1,700",100% bearish,of 1 rating,$12
SNAK,$8.435,1440169921153,"74,134",50% bullish,of 2 ratings,$14
ISBC,$11.87,1440169921220,"957,429",100% bullish,of 1 rating,$13.25
NVIV,$10.07,1440169921370,"129,735",50% bullish,of 4 ratings,$24.50
ISTR,$15.51,1440169921398,442,100% bearish,of 1 rating,$18.50
DFVL,NULL,1440169921526,0,Not yet rated,NULL,N/A
IVTY,$13.085,1440169921568,"2,105",Not yet rated,NULL,$18
ITIC,NULL,1440169921594,0,100% bearish,of 2 ratings,N/A
DTUL,NULL,1440169921626,0,Not yet rated,NULL,N/A
IPAS,$1.04,1440169921803,"18,670",67% bullish,of 3 ratings,N/A
IPGP,$85.74,1440169921834,"28,912",100% bearish,of 2 ratings,$109.50
IPCM,$79.25,1440169921861,"317,959",50% bullish,of 2 ratings,$80.125
IRMD,$24.85,1440169921936,"4,815",67% bearish,of 3 ratings,$25
IRIX,$7.15,1440169922166,"4,695",100% bearish,of 1 rating,N/A
IRWD,$10.855,1440169922259,"378,020",100% bearish,of 1 rating,$13
IRBT,$29.46,1440169922289,"79,206",67% bullish,of 6 ratings,$37
IRDM,$6.605,1440169922311,"186,700",60% bullish,of 5 ratings,$11.50
IRDMB,$266.05,1440169922343,200,67% bearish,of 3 ratings,N/A
COMT,$32.302,1440169922473,"4,006",100% bearish,of 1 rating,N/A
GNMA,$50.25,1440169922503,400,Not yet rated,NULL,N/A
IRCP,$32.13,1440169922531,101,100% bullish,of 2 ratings,N/A
FCHI,$47.8,1440169922662,850,Not yet rated,NULL,N/A
IFEU,$39.31,1440169922742,"3,681",Not yet rated,NULL,N/A
IFAS,$28.58,1440169922773,"3,292",Not yet rated,NULL,N/A
IFGL,$29.2,1440169922847,"27,890",Not yet rated,NULL,N/A
IFNA,$56.26,1440169923104,1,Not yet rated,NULL,N/A
AAXJ,$52.95,1440169923133,"525,224",Not yet rated,NULL,N/A
ACWX,$40.92,1440169923235,"45,683",100% bearish,of 1 rating,N/A
ACWI,$56.32,1440169923283,"165,421",Not yet rated,NULL,N/A
EEMA,$49.87,1440169923327,"344,971",Not yet rated,NULL,N/A
AAIT,NULL,1440169923353,0,100% bullish,of 1 rating,N/A
EMDI,NULL,1440169923416,0,Not yet rated,NULL,N/A
AXJS,NULL,1440169923496,0,Not yet rated,NULL,N/A
EEME,NULL,1440169923552,0,100% bearish,of 1 rating,N/A
EMEY,NULL,1440169923733,0,Not yet rated,NULL,N/A
EEML,NULL,1440169923821,0,Not yet rated,NULL,N/A
EUFN,$22.169,1440169923926,"49,235",100% bearish,of 1 rating,N/A
UAE,$17.68,1440169924121,330,Not yet rated,NULL,N/A
IBB,$342.6,1440169924148,"941,839",63% bullish,of 8 ratings,N/A
IEUS,$45.96,1440169924227,"3,653",100% bearish,of 1 rating,N/A
EGRW,$48.49,1440169924363,100,Not yet rated,NULL,N/A
ICLN,$9.5,1440169924388,"14,143",50% bullish,of 2 ratings,N/A
SOXX,$79.84,1440169924420,"189,198",50% bullish,of 2 ratings,N/A
EVAL,$36.38,1440169924446,100,Not yet rated,NULL,N/A
QAT,$20.42,1440169924529,"22,945",Not yet rated,NULL,N/A
WOOD,$49.6,1440169924579,"3,575",50% bullish,of 2 ratings,N/A
EMIF,$28.8805,1440169924611,"2,492",Not yet rated,NULL,N/A
INDY,$28.2501,1440169924710,"343,106",50% bullish,of 2 ratings,N/A
IGOV,$91.995,1440169925043,"9,633",100% bearish,of 1 rating,N/A
ISHG,$79.9,1440169925068,206,100% bearish,of 1 rating,N/A
ISIS,$45.205,1440169925209,"431,480",53% bullish,of 15 ratings,$67
ISLE,$16.83,1440169925236,"139,438",50% bullish,of 4 ratings,$16
ITRI,$32.14,1440169925262,"120,811",Not yet rated,NULL,$37
XXIA,$15.41,1440169925404,"124,039",71% bullish,of 7 ratings,$14.625
ISRL,$129.9,1440169925463,545,100% bearish,of 1 rating,N/A
ITRN,$24.644,1440169925533,"3,037",50% bullish,of 2 ratings,N/A
JJSF,$114,1440169925566,"36,468",100% bearish,of 1 rating,N/A
ITUS,$4.1225,1440169925611,"5,070",Not yet rated,NULL,N/A
IXYS,$10.73,1440169925664,"101,753",50% bullish,of 4 ratings,N/A
JBHT,$76.16,1440169925694,"301,508",50% bullish,of 4 ratings,$89.50
MAYS,NULL,1440169925751,0,Not yet rated,NULL,N/A
JASO,$7.2299,1440169925883,"577,770",82% bullish,of 17 ratings,$10
JACK,$82.09,1440169926239,"193,694",83% bullish,of 6 ratings,$105
JXSB,$24.04,1440169926270,210,Not yet rated,NULL,N/A
JKHY,$69.1626,1440169926319,"45,554",50% bullish,of 2 ratings,$72
JAXB,$13,1440169926348,500,100% bullish,of 1 rating,N/A
JAGX,$2.46,1440169926382,"6,780",Not yet rated,NULL,N/A
JCOM,$70.065,1440169926482,"99,163",100% bullish,of 2 ratings,$77
JRVR,$26.14,1440169926507,"8,350",Not yet rated,NULL,$32
JASN,$4.89,1440169926761,"8,338",50% bullish,of 2 ratings,$9.50
JAKK,$9.25,1440169926790,"108,809",60% bearish,of 5 ratings,$11
JASNW,$0.25,1440169926933,"8,500",50% bullish,of 2 ratings,N/A
JAZZ,$172.12,1440169926999,"103,324",80% bullish,of 15 ratings,$206.50
JD,$25.195,1440169927028,"4,819,055",75% bullish,of 16 ratings,$36
ERW,NULL,1440169927062,0,Not yet rated,NULL,N/A
JBLU,$22.17,1440169927088,"1,960,194",94% bullish,of 16 ratings,$27
JMBA,$13.01,1440169927161,"29,754",75% bullish,of 4 ratings,$18
JIVE,$4.0501,1440169927459,"87,182",75% bullish,of 4 ratings,$5
JST,$4.11,1440169927509,"5,700",75% bullish,of 4 ratings,N/A
JTPY,$2.67,1440169927535,"3,825",100% bearish,of 1 rating,N/A
DATE,$6.34,1440169927563,"83,055",75% bullish,of 4 ratings,$9
WYIGU,$10.0227,1440169927697,100,Not yet rated,NULL,N/A
JOEZ,$0.18,1440169927722,"6,860",92% bullish,of 12 ratings,N/A
JCTCF,NULL,1440169927750,0,100% bullish,of 1 rating,N/A
JNP,$9.8965,1440169927923,592,100% bullish,of 3 ratings,$15
JBSS,$46.14,1440169927957,"51,278",67% bearish,of 3 ratings,N/A
JUNO,$37.23,1440169927988,"486,152",73% bullish,of 11 ratings,$71.50
JOUT,$24,1440169928088,"12,186",100% bearish,of 1 rating,$34
KMDA,$3.55,1440169928170,"7,680",50% bullish,of 2 ratings,$8
KTWO,$21.78,1440169928198,"69,059",100% bearish,of 1 rating,$28.50
KALU,$82.3,1440169928227,"40,291",67% bearish,of 3 ratings,$91
KNDI,$6.804,1440169928510,"274,646",86% bullish,of 22 ratings,N/A
KBIO,$1.7804,1440169928543,"8,535",50% bullish,of 4 ratings,N/A
KCAP,$4.72,1440169928674,"22,343",75% bullish,of 4 ratings,$6
KBSF,NULL,1440169928702,0,100% bullish,of 1 rating,N/A
KCLI,$46.4177,1440169928733,"10,113",Not yet rated,NULL,N/A
KELYA,$14.49,1440169928761,"53,742",67% bullish,of 6 ratings,$20
KPTI,$12.61,1440169928836,"101,520",67% bearish,of 3 ratings,$39
KRNY,$11.47,1440169928893,"195,688",100% bearish,of 1 rating,$12
KMPH,$18.74,1440169929038,"12,019",100% bearish,of 2 ratings,$22
KERX,$5.5,1440169929167,"525,544",82% bullish,of 11 ratings,$12
KFFB,NULL,1440169929206,0,100% bearish,of 1 rating,N/A
KELYB,NULL,1440169929228,0,50% bullish,of 2 ratings,N/A
GMCR,$50.52,1440169929260,"523,682",71% bullish,of 42 ratings,$64
KEQU,NULL,1440169929313,0,100% bullish,of 1 rating,N/A
KTEC,$12,1440169929395,"1,300",Not yet rated,NULL,N/A
KTCC,$10.36,1440169929591,"8,200",100% bearish,of 1 rating,$16
